4064 6218
255 193 363 250 709

254 309 459 378 quanto
481 301 697 374 gravius
726 315 843 369 eos,
874 298 965 372 qui
1009 297 1188 354 omnia
1216 295 1554 370 perturbant,
1579 291 1838 366 judicium

255 401 454 458 tnanet,
499 401 646 448 tanto
681 406 894 464 quoque
931 390 1103 462 majus
1145 390 1466 459 uberiusque
1510 387 1662 443 vobis
1703 402 1840 454 prac-

254 489 420 542 mium
449 485 866 556 chpectandum
894 494 998 551 est,
1027 484 1114 554 qui
1145 483 1210 537 ad
1233 497 1316 546 ea,
1345 497 1463 552 qua:
1488 481 1556 534 ab
1578 480 1695 534 aliis
1725 493 1842 533 scc-

257 577 425 633 lcrate
461 591 524 630 ac
553 576 759 631 nefarie
810 574 1043 629 admissa
1084 583 1229 637 sunt,
1263 570 1598 642 corrigenda,
1639 578 1843 624 tantum

256 667 527 737 patientiae
570 667 837 736 studiique
864 664 1200 719 adhibuistis.
1231 663 1406 733 Atque
1435 663 1634 716 utinam
1663 675 1844 716 coram

253 775 468 831 quoque
500 761 770 814 vobiscum
799 757 1051 828 congredi
1081 770 1382 826 possemus.
1411 753 1561 823 Quod
1593 753 1843 824 quoniam

255 851 412 904 nobis
445 849 614 904 exsilii
647 848 937 902 necessitas
961 847 1177 912 ademit,
1212 846 1426 900 tandem
1454 843 1740 914 aliquando
1765 853 1847 898 at-

255 956 361 1010 que
387 955 530 1010 aegre
553 939 950 994 ornatissimum
980 953 1043 991 ac
1079 937 1538 1008 religiosiSsimnm
1567 935 1844 990 dominum

255 1049 435 1088 meum
459 1032 829 1103 presbyterum
861 1031 924 1085 ad
957 1046 1054 1085 vos
1100 1030 1527 1100 proficiscentem
1556 1029 1718 1094 nacti,
1747 1029 1846 1082 bas

257 1123 440 1179 literas
489 1123 750 1188 misimus,
797 1123 988 1192 quibus
1031 1123 1267 1176 debitum
1321 1121 1470 1174 vobis
1515 1120 1848 1174 salutationis

256 1231 456 1272 munus
485 1215 783 1284 pendimus,
817 1230 880 1269 ac
907 1223 1016 1269 tum
1047 1230 1142 1284 pro
1171 1214 1521 1284 praesentibus
1548 1213 1739 1267 vestris
1771 1212 1852 1266 of-

259 1307 416 1372 ficiis,
448 1317 556 1360 tum
589 1321 687 1376 pro
715 1322 805 1372 eo,
857 1323 964 1376 quo
1016 1307 1271 1376 llagratis,
1321 1305 1720 1361 sarciendorum
1772 1307 1852 1360 in-

257 1398 661 1453 commodorum
689 1398 827 1463 zelo,
864 1397 1062 1467 gratias
1101 1398 1327 1468 agimus.
1369 1396 1500 1450 Nam
1540 1397 1640 1451 etsi
1683 1397 1850 1451 nihilo

256 1489 484 1562 meliore
523 1495 664 1543 statu
689 1503 775 1542 res
804 1498 886 1543 est
915 1507 927 1543 :
957 1497 1132 1543 tamen
1163 1488 1286 1559 ipsi,
1330 1487 1471 1556 quod
1499 1486 1735 1542 muneris
1762 1500 1853 1541 ve-

257 1582 358 1636 stri
387 1589 520 1645 erat,
553 1580 892 1647 praestitistis.
935 1581 1115 1650 quue
1156 1579 1373 1634 nomine
1399 1579 1555 1648 plena
1586 1594 1793 1633 merces
1820 1594 1850 1633 a

256 1671 489 1742 benigno
513 1671 622 1726 Deo
641 1672 791 1725 vobis
816 1672 1100 1726 constituta
1125 1679 1225 1737 est,
1252 1680 1306 1723 ut
1326 1673 1414 1741 qui
1437 1671 1502 1724 ad
1535 1671 1851 1726 medicinam

255 1763 510 1817 admissis
544 1762 842 1817 sceleribus
881 1761 1204 1818 alferendam
1234 1771 1378 1817 tanto
1406 1762 1585 1817 studio
1610 1761 1851 1818 fervore-

255 1869 364 1924 que
393 1853 606 1908 assidue
632 1855 710 1908 usi
741 1855 883 1908 sitis.

253 1983 576 2041 CLXVIII.
627 1983 814 2040 Probo:
862 1996 1109 2040 matrome
1169 1986 1346 2042 Roma:
1387 1986 1606 2058 degenti.
1657 1986 1854 2057 (Anno

976 2080 1100 2135 406.
1122 2080 1140 2152 )

332 2190 447 2246 Etsi
494 2192 653 2262 longo
698 2192 904 2247 itineris
951 2195 1126 2264 spatio
1155 2193 1251 2248 abs
1290 2203 1344 2250 te
1378 2193 1678 2264 disiunctus
1707 2209 1850 2264 sum,

267 2293 458 2339 tamen
493 2285 758 2340 sinceram
799 2301 861 2340 ac
900 2285 1194 2342 ferventem
1231 2295 1376 2340 tuam
1413 2288 1712 2352 caritatem,
1747 2303 1853 2342 non

257 2390 426 2429 secus
467 2389 532 2429 ac
572 2375 616 2428 si
647 2390 827 2429 coram
860 2390 1054 2442 essem,
1102 2386 1298 2447 tuaque
1334 2377 1511 2430 omnia
1554 2391 1852 2442 cernerem,

253 2475 414 2522 certo
441 2476 693 2538 expertus
732 2482 871 2524 sum.
925 2467 991 2522 iis
1035 2467 1305 2533 nimirum,
1333 2467 1421 2538 qui
1463 2468 1617 2522 istinc
1662 2468 1726 2520 ad
1759 2482 1858 2529 nos

255 2558 507 2623 veniunt,
537 2573 596 2611 ea
625 2557 691 2612 de
721 2569 772 2612 te
801 2557 1161 2624 efferentibus,
1192 2575 1310 2630 quae
1338 2559 1524 2614 audire
1550 2559 1852 2625 cupiebam.

256 2647 449 2717 anue
500 2648 568 2703 de
607 2664 766 2703 causa
819 2650 1012 2704 multas
1049 2661 1206 2720 atque
1247 2653 1489 2721 ingentes
1538 2650 1630 2706 tibi
1661 2651 1858 2721 gratias

257 2739 462 2806 habeo,
493 2752 652 2810 atque
682 2741 749 2796 ob
782 2742 939 2796 istum
973 2751 1120 2796 tuum
1153 2742 1386 2798 animum
1413 2744 1632 2814 glorior,
1669 2760 1860 2816 tneque

256 2832 433 2888 effero
477 2833 773 2903 :virosquc
821 2835 953 2888 mihi
997 2835 1304 2889 carissimos
1335 2877 1348 2899 ,
1398 2836 1857 2905 religiosissimum

260 2924 640 2995 presbyterum
691 2924 974 2992 Joannem,
1025 2935 1080 2980 et
1128 2927 1525 2980 ornatissimum
1571 2926 1857 2982 diaconum

259 3004 492 3072 Paulum
527 3018 618 3072 tibi
655 3020 992 3084 commendo,
1034 3027 1192 3087 atque
1239 3019 1305 3072 ad
1353 3030 1469 3073 tuas
1500 3033 1688 3073 manus
1714 3019 1862 3074 velut

257 3107 331 3162 ad
367 3121 576 3176 portum
610 3109 931 3164 transmitte.
963 3109 1073 3163 Abs
1117 3117 1169 3164 te
1215 3109 1388 3180 igitur,
1422 3110 1734 3179 cumprimis
1765 3125 1859 3164 ve-

259 3197 505 3252 neranda
529 3206 582 3252 et
612 3198 939 3252 nobilissima
964 3198 1174 3252 domina
1198 3215 1336 3264 mea,
1361 3208 1504 3268 pcto,
1530 3209 1585 3253 ut
1604 3201 1863 3270 quemad-

260 3289 488 3343 modum
518 3289 895 3343 humanitatem
945 3299 1085 3343 tuam
1117 3289 1291 3355 decet,
1339 3289 1483 3358 ipsos
1519 3291 1718 3344 videas.
1747 3291 1864 3346 Scis

262 3379 414 3435 enim
441 3390 690 3449 quantam
730 3379 950 3449 hujusce
983 3380 1247 3434 comitatis
1285 3379 1588 3434 mercedem
1631 3379 1860 3434 relatura

261 3471 369 3524 sis.
395 3472 472 3523 Ac
491 3485 648 3540 quam
671 3471 964 3538 smpissime
992 3471 1188 3535 licebit,
1208 3469 1272 3523 de
1297 3479 1382 3523 tua
1406 3470 1726 3538 valetudine,
1745 3486 1864 3541 qua:

261 3561 559 3616 admodum
588 3561 742 3615 nobis
763 3577 904 3616 cura:
934 3570 1036 3627 est,
1067 3560 1149 3616 fac
1179 3577 1262 3616 mc
1293 3562 1597 3616 certiorem.

265 3695 522 3752 CLXIX.
565 3696 793 3750 Iuliam:
833 3705 878 3750 ct
918 3696 1000 3759 iis,
1045 3711 1158 3765 qua:
1199 3709 1314 3748 cum
1353 3695 1466 3766 ipsa
1505 3705 1640 3750 sunt.
1667 3696 1684 3767 (
1709 3697 1864 3751 Anno

989 3786 1148 3855 406.)

342 3898 463 3965 Quo
488 3899 732 3968 graviore
757 3913 910 3967 ptena
971 3899 1210 3953 muletati
1257 3910 1398 3963 sunt,
1427 3900 1514 3969 qui
1552 3909 1632 3953 tot
1660 3900 1862 3954 scelera

266 3998 672 4060 perpetrarunt,
701 4005 766 4045 eo
791 4006 1001 4060 queque
1031 3991 1202 4052 vobis,
1234 3991 1322 4059 qui
1349 4000 1425 4044 tot
1450 3991 1651 4045 scelera
1679 3990 1861 4046 delere

264 4081 572 4145 studuistis,
609 4090 922 4150 tantumque
967 4081 1164 4136 laboris
1198 4092 1251 4136 et
1293 4098 1543 4136 aerumna:
1573 4082 1860 4153 suscipitis,

264 4175 503 4244 amplior
527 4190 732 4229 merces
755 4173 926 4228 futura
957 4183 1059 4228 est.
1089 4174 1268 4243 Neque
1293 4175 1432 4229 enim
1465 4174 1617 4229 nobis
1638 4175 1862 4230 obseura

268 4263 376 4318 fuit
401 4279 466 4318 ea
508 4263 875 4326 beneficentia,
905 4264 1062 4333 idque
1091 4265 1346 4330 studium,
1371 4265 1509 4333 quod
1540 4273 1593 4319 et
1623 4265 1673 4318 in
1704 4280 1864 4335 nego-

270 4355 373 4419 tio,
397 4354 466 4408 de
495 4368 600 4422 quo
627 4354 817 4423 agitur,
847 4364 899 4408 et
930 4353 981 4407 in
1004 4354 1336 4422 excipiendis
1366 4355 1698 4424 benigneque
1717 4371 1866 4410 com-

270 4444 576 4514 pleCIendis
604 4444 689 4510 iis,
718 4459 851 4513 quos
901 4445 1036 4498 istuc
1082 4445 1344 4509 misimus,
1388 4447 1728 4515 praestitistis.
1756 4447 1866 4501 Eo-

264 4552 384 4606 que
415 4535 629 4590 nomine
657 4536 852 4604 gratias
881 4536 1033 4590 vobis
1076 4535 1353 4603 habemus,
1388 4552 1590 4605 vosque
1619 4553 1866 4608 rogamus

267 4638 335 4681 nt
366 4629 420 4681 in
447 4625 637 4681 eodem
661 4627 836 4680 studio
867 4637 921 4681 et
958 4627 1230 4683 alacritate
1262 4631 1615 4698 permaneatis
1645 4671 1660 4694 ,
1690 4646 1752 4685 ac
1779 4631 1869 4684 fir-

265 4718 420 4774 mius
445 4719 604 4772 etiam
641 4719 802 4772 animi
844 4718 1012 4773 robur
1040 4727 1095 4774 et
1139 4718 1498 4774 fortitudinem
1548 4721 1866 4778 adhibentis.

265 4813 467 4883 Neque
497 4814 639 4867 enim
671 4829 765 4868 vos
805 4813 956 4886 fugit,
985 4823 1184 4884 quanta
1214 4813 1432 4884 hujusce
1461 4815 1701 4884 prmclari
1745 4815 1868 4871 facti

265 4907 596 4975 magnitudo
641 4907 731 4971 sit,
772 4916 1131 4976 quantamque
1183 4907 1484 4961 mercedem
1543 4917 1869 4977 perceptttrte

264 5000 419 5058 sitis,
449 5007 624 5052 tantos
651 5009 845 5060 motus,
877 5014 939 5052 ac
970 5009 1074 5052 tam
1104 5013 1275 5052 smvos
1304 4997 1512 5062 uctus,
1539 5010 1794 5069 quantum
1818 5001 1871 5054 in

261 5090 435 5142 Vobis
461 5098 566 5153 est,
607 5099 1026 5158 compescentcs,
1064 5105 1306 5159 eamque,
1339 5106 1495 5159 quam
1527 5106 1620 5159 par
1647 5101 1748 5158 est,
1784 5106 1872 5146 ac-

262 5181 453 5250 er-ptis
479 5181 830 5236 incommodis
857 5180 1172 5236 medicinam
1193 5180 1494 5236 afferentes.

659 5311 869 5370 CLXX.
907 5313 1117 5370 Italiae.
1150 5315 1327 5386 (Anno
1356 5313 1505 5386 406.)

359 5447 418 5500 In
455 5447 692 5502 externis
737 5449 997 5518 negoliis,
1039 5459 1098 5504 ut
1138 5457 1346 5516 natura,
1377 5447 1448 5505 ita
1471 5449 1629 5505 ctiam
1665 5448 1874 5507 actione

266 5548 451 5607 atque
489 5539 947 5596 administratione
977 5542 1210 5597 distincti
1258 5552 1380 5598 sunt
1414 5543 1464 5598 hi
1509 5557 1686 5608 sexus,
1720 5543 1877 5597 nimi-

276 5642 423 5681 tum
441 5631 518 5682 vir
555 5639 608 5684 et
643 5633 850 5688 mulier.
904 5631 992 5688 Sic
1039 5634 1180 5688 enim
1229 5635 1466 5693 moribus
1507 5644 1873 5708 comparatum

1706 178 2084 238 EPISTOLIE.

3441 185 3546 243 710

1951 303 2054 360 est,
2087 300 2144 348 ut
2192 293 2384 350 mulier
2411 294 2555 350 domi
2595 311 2654 352 se
2693 305 2890 361 teneat,
2921 297 3001 352 vir
3033 308 3211 355 autem
3243 301 3448 372 publica
3482 315 3540 363 et

1953 382 2184 439 forensia
2212 386 2418 455 negotia
2441 386 2714 454 suscipiat.
2745 389 2812 440 At
2841 387 2890 440 in
2914 387 3105 444 divinis
3131 392 3538 461 certaminibus,

1953 476 2121 546 iisque
2152 478 2439 540 laboribus,
2469 479 2555 553 qui
2587 477 2842 534 Ecclesia:
2885 495 3043 535 causa
3085 482 3398 547 subeuntur,
3439 483 3542 540 hoc

1952 568 2126 621 locum
2155 584 2258 621 non
2289 568 2446 623 habet
2488 584 2712 622 :vernm
2755 570 2865 624 eri
2917 579 3107 640 potest,
3242 572 3436 628 femina
3489 575 3543 630 in

1956 658 2226 726 prmclaris
2263 659 2345 712 his
2372 660 2751 714 certaminibus
2792 661 3164 731 laboribusque
3201 665 3549 734 capessendis

1953 750 2123 802 virum
2151 765 2362 818 quoque
2410 751 2718 804 fortitudine
2749 762 2982 821 superet.
3026 754 3174 818 Quod
3202 757 3360 810 etiam
3409 757 3550 810 indi-

1955 857 2084 896 cans
2111 843 2302 897 Paulus
2334 843 2385 896 in
2411 859 2472 896 ea
2501 845 2743 912 cpistola,
2777 861 2936 916 quant
2967 847 3030 901 ad
3063 851 3282 917 patriam
3313 862 3544 906 vestram

1955 936 2190 1005 scripsit,
2214 936 2519 1005 complures
2547 937 2770 991 feminas
2808 940 3150 1008 amplissimis
3195 943 3436 998 laudibus
3462 944 3544 997 ef-

1957 1027 2078 1094 fert,
2115 1027 2255 1096 ipsas
2283 1028 2531 1083 nimirum
2560 1029 2700 1085 haud
2731 1046 2918 1100 parum
2960 1033 3010 1085 in
3048 1048 3112 1086 eo
3138 1035 3437 1089 elaborasse
3461 1051 3546 1090 as-

1956 1133 2163 1182 serens,
2195 1130 2251 1172 ut
2300 1120 2440 1172 viros
2470 1121 2629 1174 etiatn
2662 1123 2991 1192 corrigereut
3019 1136 3177 1193 atque
3213 1125 3278 1177 ad
3311 1125 3544 1180 officium

1956 1219 2269 1264 revocarent
2299 1210 2472 1280 (Rom.
2508 1212 2622 1282 ult).
2650 1212 2914 1279 Quorsum
2955 1224 3130 1268 autem
3175 1216 3288 1269 haec
3310 1231 3547 1272 Comme-

1957 1301 2146 1354 moro?
2175 1300 2376 1368 Nempe
2407 1317 2474 1356 ne
2502 1303 2734 1356 alienum
2780 1304 2931 1357 vobis
2961 1305 3275 1360 existimetis
3311 1307 3545 1361 studium

1956 1390 2108 1456 illud,
2141 1408 2203 1445 ac
2233 1392 2441 1446 labores
2470 1409 2562 1447 eos
2590 1394 2868 1464 attingere,
2901 1411 3019 1464 qua)
3058 1396 3122 1449 ad
3153 1397 3543 1470 ecclesiasuca-

1956 1499 2073 1537 rum
2099 1500 2277 1538 rerum
2309 1486 2732 1540 emendationem
2757 1487 3061 1542 conducunt
3090 1507 3102 1542 :
3126 1505 3306 1542 verum
3335 1499 3389 1544 et
3408 1491 3543 1560 quod

1958 1576 2184 1646 primym
2214 1585 2315 1640 est,
2349 1592 2445 1646 per
2474 1593 2566 1631 vos
2596 1578 2759 1646 ipsos,
2787 1585 2839 1632 et
2869 1593 2962 1646 per
2981 1579 3112 1633 alios
3137 1595 3362 1649 quorum
3385 1597 3548 1650 opera

1958 1665 2031 1717 uti
2065 1665 2242 1719 licebit
2271 1666 2335 1719 ad
2378 1667 2666 1720 sedandam
2707 1682 3041 1722 communem
3081 1678 3448 1740 tempestatem
3474 1687 3538 1728 ac

1958 1758 2430 1825 perturbationem,
2480 1759 2531 1812 in
2575 1773 2731 1826 quam
2772 1757 3004 1813 Orientis
3045 1761 3294 1816 Ecclesia:
3346 1762 3549 1818 incide-

1958 1858 2099 1912 runt,
2127 1864 2242 1903 eam
2267 1865 2423 1918 quam
2451 1852 2701 1904 convenit
2724 1866 2906 1906 curam
2944 1865 3007 1906 ac
3039 1851 3365 1923 diligentiam
3393 1853 3547 1908 adbi-

1958 1940 2143 1994 bcatis.
2172 1939 2302 1994 Nam
2325 1957 2430 2010 quo
2458 1943 2693 1996 atrocior
2727 1953 3013 2013 tempestas
3042 1954 3096 1998 et
3123 1945 3391 2014 graviores
3419 1957 3539 2012 pro-

1959 2033 2109 2086 cellae
2137 2033 2475 2096 exstiterunt,
2515 2049 2579 2086 eo
2609 2051 2818 2104 qttoque
2847 2035 3017 2104 major
3047 2051 3251 2091 merces
3280 2037 3430 2090 vobis
3449 2045 3536 2085 re-

1961 2121 2181 2187 feretur,
2213 2124 2279 2188 si,
2311 2134 2367 2178 ut
2413 2124 2676 2179 turbatam
2715 2141 2898 2194 pacem
2939 2125 3203 2180 redueatis
3225 2167 3240 2191 ,
3283 2125 3410 2180 nihil
3441 2142 3546 2180 non

1959 2228 2117 2282 agere
2147 2229 2208 2268 ac
2240 2217 2442 2284 perpeti
2467 2216 2516 2268 in
2561 2215 2796 2269 animum
2840 2215 3120 2280 inducatis,
3150 2216 3432 2286 onmiaquc
3463 2233 3548 2282 ea,

1959 2321 2078 2374 quae
2123 2307 2428 2374 perturbata
2475 2315 2616 2371 sunt,
2672 2307 2723 2360 in
2761 2307 3074 2376 congruenti
3115 2316 3255 2362 statu
3285 2307 3552 2364 collocare

1961 2395 2239 2449 stndcatis.

2131 2485 2375 2542 CLXXI.
2411 2487 2629 2542 Montio.
2663 2487 2681 2560 (
2705 2489 2784 2543 Ab
2810 2501 2952 2544 anno
2981 2490 3086 2546 405
3114 2490 3181 2546 ad
3209 2490 3334 2546 407.
3359 2491 3380 2564 )

2033 2619 2146 2674 Etsi
2180 2621 2359 2690 procul
2397 2637 2426 2675 a
2467 2629 2519 2675 te
2546 2635 2768 2690 corpore
2814 2631 3052 2675 semotus
3091 2637 3208 2675 sum
3233 2662 3248 2685 ,
3294 2631 3349 2674 at
3386 2621 3550 2676 animi

1964 2719 2138 2764 tamen
2171 2711 2362 2766 affectu
2392 2726 2576 2782 prope,
2609 2702 2893 2781 tecum'que
2919 2711 3156 2781 quotidie
3187 2727 3387 2775 versor,
3415 2727 3478 2767 ac
3499 2722 3554 2766 to

1960 2803 2274 2872 amplector,
2296 2803 2545 2857 nimirum
2561 2803 2840 2858 ardentem
2860 2814 3008 2857 tuum
3025 2819 3151 2875 erga
3182 2819 3266 2858 me
3285 2820 3548 2871 amorem,

1963 2896 2409 2966 hospitalitatem,
2449 2897 2754 2951 comitatem
2784 2936 2800 2960 ,
2846 2897 3113 2967 ingentem
3155 2897 3548 2953 observantiam

1962 2997 2120 3058 atque
2146 2987 2399 3053 studium,
2431 2987 2572 3058 quod
2604 2987 2732 3042 mihi
2763 3003 2974 3058 semper
2999 2988 3314 3056 prastitisti,
3340 3005 3552 3047 mecum

1963 3090 2236 3150 reputans,
2275 3080 2454 3150 tuique
2485 3079 2796 3135 memoriam
2825 3095 2919 3150 pro
2948 3079 3153 3136 deliciis
3184 3080 3406 3149 habens,
3436 3083 3552 3136 sin

1963 3187 2248 3241 ceramque
2277 3172 2700 3227 benevolentiam
2729 3187 2790 3226 ac
2819 3173 2927 3226 doli
2959 3182 3235 3243 eXpertem
3263 3174 3401 3242 apud
3431 3190 3552 3228 om-

1964 3277 2060 3318 nes
2086 3263 2401 3331 prmdicans.
2429 3263 2610 3333 anue
2637 3263 2704 3318 de
2730 3278 2890 3319 causa
2919 3265 3189 3319 literarum
3221 3275 3426 3320 tuarum
3455 3267 3552 3322 de-

1965 3359 2160 3413 siderio
2187 3367 2407 3413 teneor:
2432 3344 2587 3428 teque
2613 3371 2761 3426 rogo,
2792 3366 2850 3411 ut
2874 3373 3030 3427 quam
3057 3359 3350 3427 saepissime
3375 3359 3439 3414 ad
3468 3376 3556 3416 me

1965 3451 2190 3514 scribas,
2223 3464 2412 3518 meque
2443 3448 2509 3502 de
2550 3458 2636 3502 tua
2671 3447 2976 3503 valetudine
3016 3451 3300 3503 certiorem
3346 3450 3506 3504 facias
3536 3468 3553 3505 :

1967 3556 2072 3610 quo
2103 3542 2369 3612 ingentem
2401 3541 2524 3595 hinc
2549 3540 2966 3595 consolationem
2999 3542 3226 3611 capiam,
3248 3543 3315 3598 de
3347 3545 3552 3598 valetu-

1968 3631 2106 3686 dinis
2134 3640 2237 3686 tua:
2267 3631 2514 3685 firmitate
2535 3672 2549 3697 ,
2583 3646 2700 3701 qtne
2729 3631 2856 3685 mihi
2884 3646 3106 3686 summa:
3133 3648 3274 3686 cura:
3301 3641 3383 3685 est
3405 3674 3419 3697 ,
3449 3634 3553 3687 ali-

1968 3724 2094 3794 quid
2136 3723 2399 3778 ediscens.
2433 3722 2607 3790 Quare
2649 3738 2717 3777 ne
2744 3737 2829 3776 me
2853 3764 2866 3785 ,
2899 3737 3079 3791 qntcso
3100 3764 3114 3786 ,
3149 3721 3247 3776 bac
3281 3724 3553 3792 voluptate

1969 3833 2151 3872 carere
2192 3817 2336 3871 sinas
2368 3833 2382 3869 :
2414 3830 2596 3870 verum
2645 3803 2854 3884 quoties
2902 3815 3124 3869 facultas
3168 3813 3399 3885 dabitur,
3441 3821 3558 3875 haee

1968 3908 2164 3976 scribe,
2195 3907 2421 3977 ltetoque
2449 3905 2634 3960 nuntio
2657 3921 2754 3960 nos
2776 3904 3035 3959 exbilara.

2165 4065 2442 4122 CLXXII.
2475 4065 2736 4121 IIelladio.
2766 4065 3014 4138 (Cucuso
3041 4081 3184 4124 anno
3208 4069 3360 4142 104.)

2043 4204 2244 4272 Exigua
2272 4201 2401 4258 mihi
2431 4212 2603 4256 tecum
2632 4200 2891 4257 hactenus
2921 4201 3249 4256 consuetudo
3277 4201 3412 4268 fuit,
3444 4216 3559 4255 ma-

1969 4311 2131 4367 gnum
2154 4303 2332 4349 tamen
2349 4292 2539 4347 sinceri
2565 4290 2638 4346 tui
2659 4299 2818 4361 atque
2838 4290 3078 4345 ardentis
3102 4305 3224 4360 erga
3249 4307 3333 4348 me
3357 4299 3558 4350 amoris

1971 4386 2396 4457 experimentum
2436 4381 2574 4452 cepi.
2605 4381 2814 4436 Etenim
2859 4395 3136 4451 generosa:
3173 4381 3368 4438 anima:
3408 4383 3559 4442 brevi

1973 4489 2214 4550 tempore
2252 4492 2347 4534 eos
2373 4478 2511 4548 ,-qui
2551 4475 2619 4531 ad
2655 4491 2715 4532 se
2751 4474 2982 4538 adeunt,
3011 4473 3110 4530 sibi
3140 4474 3465 4532 devinciunt.
3503 4479 3557 4534 Id

1975 4571 2090 4642 ipse
2119 4585 2329 4640 quoque
2357 4567 2527 4623 fecisti
2555 4608 2569 4632 ,
2601 4575 2660 4620 ut
2685 4567 2775 4637 qui
2806 4566 2953 4620 brevi
2981 4576 3217 4636 tempore
3243 4576 3348 4622 tam
3377 4584 3555 4624 aerem

1975 4664 2046 4718 tui
2081 4677 2316 4717 amorem
2359 4660 2489 4715 mihi
2518 4659 2779 4714 attuleris.
2813 4657 2894 4714 0b
2923 4673 3146 4729 eamque
3172 4675 3384 4714 causam
3414 4661 3479 4713 ad
3511 4671 3561 4714 te

1974 4755 2186 4820 scribo,
2230 4768 2513 4823 rerumque
2560 4766 2798 4806 mearum
2841 4761 3036 4829 statum
3074 4766 3318 4820 expono,
3367 4767 3562 4820 nempe

1974 4848 2116 4920 quod
2146 4849 2197 4902 in
2229 4861 2418 4916 magna
2444 4846 2622 4915 quiete
2659 4853 2817 4914 atque
2855 4845 2964 4897 otio
2989 4843 3175 4914 degam
3200 4885 3215 4908 ,
3249 4859 3439 4914 meque
3473 4845 3560 4900 hic

1976 4955 2161 4995 omnes
2190 4939 2471 5008 diligenter
2500 4950 2562 4990 ac
2591 4935 2829 4989 studiose
2857 4935 3036 4988 colant
3055 4976 3070 5000 ,
3102 4950 3398 5004 magnaque
3439 4951 3561 4990 cum

1977 5033 2343 5090 benevolentia
2374 5029 2726 5099 conSpiciant.
2756 5025 2823 5082 Ut
2850 5027 3006 5097 igitur
3034 5027 3192 5081 rebus
3221 5043 3430 5098 quoque
3461 5030 3565 5084 tuis

1976 5125 2202 5196 cognitis
2230 5124 2351 5178 laeto
2378 5123 2558 5175 animo
2582 5119 2705 5184 sim,
2731 5117 2968 5171 scribere
2993 5115 3059 5171 ad
3086 5131 3170 5170 me
3194 5133 3350 5186 quam
3379 5121 3572 5188 sapis--

1977 5221 2110 5275 sime
2135 5259 2148 5282 ,
2185 5231 2247 5271 ac
2270 5215 2337 5271 de
2365 5223 2451 5267 tua
2480 5210 2779 5266 valetudine
2823 5209 3104 5264 certiorem
3151 5223 3236 5262 me
3278 5209 3452 5264 facere
3495 5227 3565 5264 ne

1977 5310 2234 5382 graveris.
2267 5302 2577 5374 llujusmodi
2608 5302 2750 5356 enim
2792 5300 2957 5354 literis
2984 5299 3078 5355 abs
3107 5308 3157 5354 te
3183 5300 3449 5370 acceptis,
3481 5301 3567 5356 in-

1979 5403 2119 5476 genti
2152 5401 2273 5456 hinc
2296 5395 2660 5453 consolatione
2685 5392 2907 5447 afficior.

2191 5507 2503 5569 CLXXIII.
2535 5506 2764 5562 Evetltio.
2790 5502 3006 5575 (Cucusi
3033 5517 3173 5558 anno
3199 5502 3349 5576 401.)

2055 5629 2164 5684 Etsi
2195 5639 2416 5696 Corpore
2445 5624 2540 5678 abs
2567 5633 2617 5678 te
2657 5627 2898 5676 remotus
2938 5633 3090 5684 sum,
3133 5616 3354 5674 caritate
3382 5620 3566 5669 tamen
