4064 6218
560 257 654 315 7H
1280 253 1336 308 S.
1375 249 1652 308 JOANNIS
1688 248 2160 306 CIIRYSOS'I'OMI
2200 250 2515 311 ARCHIEP.
2558 256 3093 319 CONSTANTINOP.

555 389 676 427 eum
717 373 896 428 animo
937 379 1030 428 tuo
1069 370 1344 426 devinctus
1385 382 1525 422 sum.
1556 366 1869 436 Hujusmodi
1896 364 2142 422 videlicet

552 463 802 518 amicitia:
859 463 1078 532 pignora
1127 459 1280 514 nobis
1305 459 1534 528 injecisti
1559 499 1574 525 ,
1617 457 1742 512 dum
1785 466 1984 512 tantam
2015 473 2139 528 erga

559 569 644 608 me
672 553 1063 607 observantiam
1091 565 1151 604 ac
1178 547 1600 605 benevolentiam
1621 548 1740 602 istic
1755 562 1864 618 pra:
1886 558 1936 601 te
1956 548 2138 602 tulisti.

556 644 680 699 Ideo
717 657 1104 713 quemcumque
1143 642 1195 695 in
1235 640 1408 695 locum
1436 639 1752 694 accesserim
1777 680 1795 704 ,
1825 639 2024 709 gratias
2049 638 2142 694 tibi

551 754 711 808 agere
741 737 960 791 minime
990 735 1300 789 intermitto.
1333 732 1410 787 Ac
1436 742 1489 787 te
1513 747 1662 801 rogo,
1689 740 1747 784 ut
1771 731 1838 785 ad
1867 745 1951 785 me
1977 745 2138 800 quam

550 827 846 896 sepissime
891 827 1004 895 ipse
1031 839 1242 896 quoque
1283 823 1504 886 scribas,
1536 837 1600 877 ac
1629 822 1696 876 de
1722 832 1808 876 tua
1839 822 2142 876 valetudine

550 933 636 972 me
685 916 846 970 facias
875 917 1176 971 certiorem.
1210 916 1321 984 Ego
1365 915 1505 968 enim
1533 955 1548 977 .
1578 914 1660 968 via
1688 915 1831 967 omni
1860 913 2142 982 tranquille

3755 273 3858 334 τιξ

2251 370 2417 424 otium
2449 387 2545 443 pro
2573 373 2775 430 deliciis
2819 376 3056 444 habens,
3091 389 3250 452 atque
3290 384 3563 455 ingentem
3607 399 3857 456 omnium

2249 460 2641 519 observantiam
2688 476 2744 520 et
2788 468 3216 528 benevolentiam
3259 476 3530 534 obtinens.
3580 482 3650 540 lit
3693 488 3855 559 igitur

2251 552 2553 609 valetudine
2575 571 2786 626 quoque
2809 569 2896 613 tua
2919 562 3130 630 cognita
3161 563 3396 621 lattitiam
3427 552 3751 643 concipiam,
3773 582 3848 635 da

2248 659 2487 715 operam,
2518 655 2576 700 ut
2602 648 2850 716 crebras,
2873 651 2980 705 imo
3005 655 3248 710 assiduas
3273 657 3485 728 literas,
3514 681 3635 734 quae
3659 667 3728 722 de
3759 680 3850 728 tua

2249 738 2512 809 totiusque
2531 740 2723 796 domus
2745 750 2848 796 tua:
2875 745 3179 802 valetudine
3210 752 3475 820 nuntient,
3503 756 3571 810 ad
3599 774 3700 814 nos
3723 764 3852 816 mit-

2243 838 2350 884 tas.
2392 831 2528 887 llinc
2565 833 2707 888 enim
2757 835 3141 905 amplissimam
3190 843 3610 902 consolationem
3665 855 3850 920 perci-

2247 937 2472 992 ptemus.

549 1024 615 1065 ac
645 1020 760 1066 tuto
806 1010 1030 1066 decursa
1056 1050 1070 1075 ,
1114 1007 1306 1064 Cucusi
1345 1007 1481 1076 dego
1504 1047 1518 1070 ,
1570 1006 1667 1059 loci
1713 1008 1942 1075 quietem
1981 1016 2140 1073 atque

1410 1223 1953 1307 EJUSDEM
2010 1223 3007 1312 EPISTOLJE‘LXVIII
3838 1173 3856 1175 Ψ

1944 1415 2025 1459 AD
2067 1415 2392 1460 DIVEBSOS.

552 1555 783 1612 Primum
813 1555 865 1608 in
895 1553 1055 1607 lucem
1076 1551 1224 1605 edita:
1250 1564 1384 1602 anno
1408 1547 1544 1602 lﬁl5
1561 1587 1576 1614 ,
1605 1561 1666 1599 ea:
1693 1541 2122 1666 codiseelzsmgal‘.

1883 1633 1906 1667 δ

2232 1543 2591 1685 ἷίίὲἔιεῗιὲἷὲἒαιιὶ
2611 1542 2802 1601 Societ.
2831 1547 2978 1619 Iesu,
3003 1552 3287 1614 Fnomoas
3316 1560 3535 1634 Ducam,
3563 1567 3849 1629 Seduni:

1883 1633 1941 1667 su
1971 1633 2223 1680 meowgo,
2251 1633 2537 1680 Interpretc.

2015 1773 2384 1829 eam

545 1917 846 1978 CLXXIV.
877 1914 1144 1988 Episwpis
1163 1957 1178 1978 ,
1214 1913 1546 1984 presbyteris,
1589 1918 1635 1964 et
1673 1907 1900 1962 diaconi:
1925 1905 2134 1961 Chalce-

614 2013 744 2066 done
761 2010 988 2064 inclusis.
1012 2005 1272 2077 (Scripta,
1301 2013 1356 2059 ut
1371 2012 1609 2075 putatur,
1637 2015 1756 2056 cum
1787 2000 2050 2055 Cucusum
2078 1996 2133 2052 in

614 2101 856 2157 exsilium
889 2107 1154 2169 pergeret,
1185 2112 1325 2151 anno
1355 2095 1506 2163 404.)

614 2191 762 2247 Beati
790 2207 883 2245 vos
912 2199 966 2245 et
992 2189 1063 2244 ob
1090 2187 1318 2250 vincula,
1349 2193 1404 2240 et
1427 2185 1497 2240 ob
1525 2183 1759 2237 animum
1785 2195 1891 2252 quo
1920 2177 2130 2234 vincula

542 2289 817 2356 toleratis,
847 2297 902 2342 et
941 2287 992 2340 in
1038 2285 1120 2340 his
1146 2283 1452 2353 apostolica:
1495 2278 1814 2334 fortitudinis
1858 2276 2130 2346 specimen

542 2377 809 2432 exhibetis
839 2396 853 2430 :
883 2374 1306 2446 quandoquidem
1339 2371 1411 2426 illi
1440 2371 1598 2424 etiam
1631 2369 1756 2424 dum
1789 2367 2128 2436 ﬁagellaren-

544 2481 660 2535 tur,
690 2475 1044 2532 vexarentur,
1075 2481 1137 2518 ac
1161 2464 1520 2526 vincirentur,
1551 2459 1664 2512 hare
1692 2459 1854 2512 multa
1880 2472 2000 2510 cum
2031 2470 2129 2509 vo-

541 2561 742 2629 luptate
789 2557 1124 2621 tolerabant;
1167 2568 1340 2623 neque
1383 2567 1510 2607 vero
1556 2561 1758 2604 tantum
1802 2548 1966 2602 multa
2006 2561 2127 2600 cum

541 2652 810 2720 voluptate
839 2649 1174 2710 tolerabant,
1224 2645 1317 2701 sed
1361 2645 1522 2700 etiam
1563 2643 1686 2697 dum
1725 2640 1928 2696 catenis
1967 2639 2127 2693 vincti

539 2749 740 2805 essent,
769 2755 868 2794 suo
895 2753 1114 2792 munere
1146 2735 1516 2804 fungebantur,
1547 2741 1602 2787 et
1631 2733 1696 2785 de
1727 2740 1838 2784 toto
1866 2739 2125 2784 terrarum

536 2833 666 2887 orbe
691 2829 902 2886 solliciti
925 2838 1096 2885 erant.
1125 2825 1384 2894 Quocirca
1412 2832 1640 2878 vestram
1667 2823 1826 2876 etiam
1851 2820 2125 2875 caritatem

536 2941 653 2991 oro,
687 2931 744 2977 ut
774 2937 841 2977 ne
870 2922 1066 2976 idcirco
1092 2920 1271 2972 animo
1298 2915 1591 2972 concidatis
1611 2956 1626 2979 ,
1658 2913 1752 2969 sed
1780 2921 1978 2984 quanto
2007 2927 2124 2966 ma-

535 3015 705 3084 jorem
737 3012 888 3065 vobis
933 3010 1143 3066 sentitis
1185 3007 1350 3077 inﬁigi
1387 3005 1624 3060 dolorem
1653 3019 1717 3058 ex
1749 3003 1812 3058 iis
1837 3018 1956 3073 quae
1987 3002 2124 3072 pati-

537 3101 688 3167 mini,
724 3111 869 3156 tanto
909 3101 1067 3153 etiam
1107 3099 1362 3165 majorem
1394 3095 1555 3148 animi
1584 3095 1908 3149 alacritatem
1939 3102 2124 3147 osten-

533 3194 664 3258 dite,
681 3207 882 3262 vosque
903 3189 1124 3260 singulis
1143 3187 1332 3242 diebus
1349 3185 1709 3240 Ecclesiarum
1730 3199 1911 3238 curam
1931 3184 2121 3254 gerite,

534 3301 653 3354 qua:
683 3284 733 3336 in
767 3291 879 3336 toto
905 3289 1029 3335 sunt
1054 3279 1184 3333 orbe
1215 3287 1499 3342 terrarum,
1531 3285 1586 3328 ut
1614 3274 1938 3330 conveniens
1967 3274 2123 3328 malis

537 3373 826 3428 remedium
859 3371 1194 3435 adhibeatur,
1242 3382 1414 3437 neque
1454 3365 1654 3420 idcirco
1696 3364 1992 3419 reddatnini
2032 3379 2120 3420 se-

534 3467 747 3537 gniores
771 3506 786 3532 ,
816 3464 958 3535 quod
997 3476 1221 3518 numero
1265 3475 1460 3531 paucos
1501 3473 1597 3514 vos
1633 3473 1753 3514 esse
1795 3458 2038 3524 videatis,
2070 3467 2123 3513 et

533 3555 675 3627 quod
723 3555 1072 3624 undequaque
1114 3552 1398 3608 vexemini.
1445 3550 1561 3606 Non
1602 3550 1745 3604 enim
1787 3549 2004 3604 dubium
2039 3559 2122 3604 est

533 3650 660 3721 quin
687 3690 702 3714 ,
729 3663 848 3703 cum
890 3664 952 3702 ex
999 3647 1082 3701 his
1108 3663 1226 3717 quae
1255 3644 1494 3714 patimini
1525 3641 1780 3714 majorem
1807 3645 1955 3700 vobis
1981 3643 2119 3715 apud

535 3742 700 3796 Deum
726 3740 970 3794 ﬁduciam
995 3737 1310 3803 coneilietis,
1336 3735 1564 3804 majores
1595 3733 1716 3789 inde
1741 3750 1950 3804 quoque
1979 3735 2120 3790 vires

532 3833 775 3902 adepturi
802 3832 937 3886 sitis.
969 3831 1098 3884 Date
1128 3829 1284 3899 igitur
1305 3843 1542 3898 operam,
1565 3836 1622 3882 ut
1645 3843 1767 3881 cum
1788 3843 1907 3882 sese
1929 3827 2119 3882 offeret

532 3927 743 3982 occasio
766 3966 781 3991 ,
824 3925 1056 3978 studium
1095 3934 1148 3978 et
1193 3923 1516 3977 alacritatem
1551 3923 1844 3976 exhibeatis
1869 3963 1884 3988 ,
1915 3937 1977 3976 ac
2007 3931 2117 3976 tum

534 4035 630 4089 per
657 4033 753 4073 vos
783 4019 954 4086 ipsos,
989 4025 1098 4070 tum
1131 4031 1223 4086 per
1249 4016 1382 4070 alios
1425 4029 1786 4085 quoscumque
1809 4055 1822 4078 ,
1857 4029 1952 4084 per
1983 4029 2118 4082 quos

533 4112 742 4166 licuerit
768 4153 780 4176 ,
809 4126 871 4165 ea
902 4111 1079 4164 facere
1109 4125 1170 4164 ac
1198 4109 1375 4164 dicere
1401 4108 1608 4164 studete
1633 4150 1648 4174 ,
1679 4124 1797 4177 qua:
1832 4107 2116 4175 procellam

530 4213 779 4275 poterunt
826 4213 1064 4258 exortam
1102 4201 1309 4256 sedare.
1343 4200 1432 4255 Sic
1474 4201 1614 4254 enim
1661 4201 1891 4253 maxime
1930 4198 2116 4268 proﬁci

532 4299 744 4367 poterit.
769 4297 812 4350 si
841 4311 934 4349 vos
952 4294 1181 4349 studium
1204 4293 1584 4347 adhibueritis:
1607 4293 1748 4362 quod
1775 4293 1820 4346 si
1843 4291 1970 4345 nihil
1995 4307 2118 4361 pro-

529 4390 613 4445 ﬁci
643 4390 903 4460 potuerit,
935 4402 1030 4443 vos
1059 4387 1407 4441 nihilominus
1436 4385 1505 4440 ob
1536 4385 1673 4440 hanc
1721 4386 1882 4440 animi
1922 4386 2113 4440 alacri-

531 4490 691 4537 tatem
725 4481 1022 4539 mercedem
1050 4496 1080 4537 a
1109 4481 1338 4550 benigno
1371 4479 1477 4534 Deo
1506 4479 1794 4549 recipietis.

575 4571 842 4627 CLXXV.
871 4574 1115 4643 Agapeto.
1146 4569 1375 4644 (Cucuso
1400 4583 1539 4624 anno
1564 4569 1690 4636 404,
1719 4578 1776 4624 ιιι
1803 4570 2061 4640 putatur.)

597 4664 792 4720 Multos
816 4665 977 4720 subiit
1002 4673 1056 4720 et
1080 4665 1361 4719 continuos
1386 4663 1610 4719 sudores
1638 4663 2116 4721 reverendissimus

525 4773 588 4814 ac
618 4758 1043 4830 religiosissimus
1069 4757 1347 4828 presbyter
1374 4755 1625 4811 dominus
1653 4771 1805 4811 meus
1836 4755 2073 4826 Elpidius
2095 4798 2112 4824 ,

526 4851 653 4904 dum
686 4850 842 4918 hujus
873 4849 1069 4904 montis
1096 4848 1316 4913 incolas,
1347 4847 1448 4902 hoc
1472 4857 1554 4902 est
1583 4846 1796 4914 Amani,
1821 4846 1998 4902 studet
2027 4863 2108 4912 ea,

527 4955 628 5009 qua
651 4940 976 5006 detinentur,
1001 4940 1270 5011 impietate
1297 4938 1542 4992 liberare.
1573 4936 1796 5008 Jamque
1820 4937 1952 4992 adeo
1978 4937 2112 4992 libe-

531 5031 670 5086 ravit
693 5073 708 5096 ,
739 5041 793 5086 et
816 5032 1155 5087 abduxit‘eos
1181 5032 1247 5086 ab
1272 5046 1452 5086 errore
1471 5072 1484 5094 ,
1514 5030 1808 5086 construxit
1837 5031 2106 5097 ecclesias,

529 5131 582 5177 et
613 5124 932 5177 monasteria
957 5123 1322 5189 exaediﬁcavit,
1352 5133 1512 5192 atque
1541 5123 1656 5177 haec
1685 5123 1752 5174 ab
1777 5123 1895 5178 aliis
1924 5124 2112 5177 nubili-

533 5223 612 5267 tas
640 5221 728 5266 tua
774 5215 967 5284 poterit
1004 5215 1319 5285 intelligere.
1357 5214 1581 5282 Quando
1621 5215 1778 5283 igitur
1817 5216 1931 5284 pios
1971 5217 2112 5271 viros

533 5315 690 5373 atque
726 5319 1018 5374 generosos
1058 5321 1087 5359 a
1117 5314 1167 5358 te
1194 5307 1304 5360 seio
1329 5306 1674 5360 vehementer
1701 5307 1933 5361 adamari
1960 5349 1973 5369 .
2008 5323 2110 5362 non

532 5393 854 5448 mediocrem
884 5411 913 5450 a
945 5405 995 5450 te
1036 5396 1256 5465 gratiam
1303 5397 1553 5450 initurum
1602 5412 1687 5451 me
1729 5398 1848 5451 novi
1874 5439 1887 5462 ,
1917 5399 1958 5452 si
1990 5414 2108 5452 eum

531 5485 622 5539 tibi
650 5494 830 5540 notum
863 5485 1049 5540 faciam
1075 5526 1093 5554 ,
1119 5487 1271 5555 cujus
1302 5496 1407 5541 tam
1438 5487 1692 5556 prmclara
1729 5498 1940 5543 exstant
1986 5489 2114 5544 faei-

533 5591 662 5632 nora
693 5577 882 5643 simul,
913 5587 970 5632 ut
999 5593 1332 5648 quacumque
1352 5577 1472 5632 data
1495 5585 1774 5634 occasione
1801 5589 1852 5634 te
1881 5581 2112 5636 salutare

531 5671 791 5727 mittendo
817 5712 830 5738 ,
859 5669 1182 5741 adjiciendas
1213 5668 1310 5725 has
1335 5669 1518 5724 censui
1549 5669 1767 5738 literas,
1800 5679 1855 5727 ut
1886 5681 1940 5730 et
1963 5671 2111 5728 debi-

2246 1901 2351 1948 tam
2379 1897 2468 1952 tibi
2498 1900 2864 1960 salutationem
2888 1909 3199 1981 penderem,
3231 1925 3285 1970 et
3309 1917 3479 1973 virum
3507 1931 3613 1977 tuae
3640 1927 3842 1985 nobili-

2240 1988 2334 2041 tati
2384 1994 2836 2052 commendarem.
2888 1999 3246 2068 Quamobrem
3298 2008 3390 2062 illo
3435 2012 3653 2071 intuens
3706 2034 3836 2076 eum

2237 2090 2474 2148 aspectu,
2502 2100 2610 2154 quo
2636 2095 2687 2142 te
2713 2087 2883 2155 decet,
2914 2091 3127 2150 domine
3156 2097 3227 2150 mi
3253 2098 3745 2164 observandissime
3773 2127 3840 2167 ac

2237 2183 2576 2242 summopore
2603 2175 2914 2235 admirande
2938 2223 2954 2248 ,
2998 2184 3069 2237 illi
3102 2186 3260 2241 rebus
3301 2189 3429 2259 ipsis
3467 2198 3697 2253 ostende
3726 2217 3837 2258 non

2239 2268 2640 2360 temereneque
2666 2267 2858 2325 frustra
2887 2283 3070 2330 nostra
3111 2277 3259 2332 illum
3287 2281 3386 2335 hac
3414 2287 3682 2343 munitum
3712 2295 3835 2360 epi-

2235 2357 2370 2410 stola
2401 2357 2466 2410 ad
2497 2370 2547 2413 te
2573 2362 2783 2417 venisse
2807 2405 2822 2430 ,
2855 2366 2950 2420 sed
2991 2367 3177 2424 harum
3218 2373 3521 2433 interventu
3552 2357 3837 2441 literarum

2235 2448 2454 2502 multam
2497 2451 2665 2518 ipsum
2705 2457 2844 2524 apud
2886 2467 2936 2513 te
2980 2461 3402 2522 benevolentiam
3447 2481 3500 2526 et
3548 2477 3833 2534 caritatem

2233 2548 2506 2607 expertum
2525 2557 2662 2598 esse.
2685 2544 2774 2600 Sic
2794 2548 2935 2602 enim
2958 2551 3067 2619 ﬁet,
3088 2563 3144 2608 ut
3160 2565 3212 2608 et
3233 2572 3331 2611 nos
3348 2561 3571 2616 multam
3594 2568 3832 2625 solertia

2235 2634 2338 2681 tua:
2366 2629 2380 2660 ⁸
2413 2633 2638 2698 gratiam
2668 2637 2924 2692 habemus
2948 2682 2963 2706 ,
3006 2644 3145 2712 quod
3187 2654 3333 2702 tanto
3368 2649 3488 2705 licet
3517 2669 3548 2708 a
3579 2665 3632 2710 te
3657 2658 3835 2716 dissiti

2233 2719 2472 2777 locorum
2503 2725 2803 2795 intervallo,
2837 2747 2934 2800 per
2957 2735 3238 2803 epistolam
3274 2748 3375 2795 tum
3404 2745 3616 2800 caritati
3649 2754 3833 2805 conci.

2231 2811 2362 2869 liare
2402 2831 2464 2870 ac
2509 2821 2874 2890 conglutinare
2919 2829 3184 2897 possimus
3225 2847 3318 2888 eos
3343 2876 3358 2898 ,
3399 2838 3486 2905 qui
3536 2843 3698 2908 potiri
3741 2845 3830 2902 illa

2233 2909 2551 2978 percupiunt
2577 2930 2591 2966 :
2621 2928 2690 2967 ex
2720 2917 2911 2985 quibus
2935 2936 3073 2976 unus
3103 2921 3190 2978 hic
3225 2936 3304 2980 cst
3332 2941 3543 2982 summo
3570 2943 3680 2987 tute
3707 2952 3831 2991 sua-

2229 2999 2407 3068 vitatis
2427 3017 2609 3060 amore
2631 3005 3017 3068 inflammatus:
3038 3029 3195 3084 quam
3218 3019 3286 3073 ob
3307 3035 3522 3076 causam
3542 3035 3830 3084 etsummo

2227 3092 2404 3147 studio
2433 3093 2528 3149 has
2556 3112 2584 3150 a
2617 3115 2702 3154 me
2726 3099 2907 3157 literas
2935 3107 3237 3172 postulavit.

2407 3185 2706 3244 CLXXVI.
2735 3192 3013 3265 Hesychia.
3045 3199 3279 3270 (Cucuso
3304 3219 3446 3261 anno
3473 3208 3632 3279 404.)

2296 3276 2405 3335 Nos
2429 3290 2482 3336 et
2510 3293 2824 3352 praesentem
2854 3288 3042 3346 intueri
3075 3301 3124 3348 te
3149 3295 3410 3365 cupimus,
3437 3276 3826 3363 etdulcissimo

2223 3367 2714 3462 jucundissimoque
2741 3389 2830 3432 tuo
2856 3396 3144 3452 Congressu
3177 3386 3297 3443 frui.
3327 3389 3430 3444 Sed
3454 3397 3714 3462 quauiam
3742 3411 3825 3456 est

2227 3459 2329 3514 hoc
2357 3461 2573 3520 difﬁcile
2596 3506 2610 3528 ,
2643 3482 2763 3522 cum
2799 3483 3016 3540 propter
3042 3475 3244 3532 itineris
3269 3459 3677 3554 dilﬁcultatem,
3712 3500 3822 3547 tum

2225 3562 2442 3621 propter
2473 3557 2701 3627 negotia,
2733 3577 2795 3615 ac
2821 3566 3062 3634 corporis
3090 3569 3500 3628 imbecillitatem
3528 3593 3541 3628 :
3572 3583 3820 3638 consalu

2226 3644 2445 3710 tionem,
2473 3664 2590 3717 qua:
2617 3653 2904 3722 percipitur
2927 3673 2994 3710 ex
3023 3658 3189 3714 literis
3211 3702 3225 3726 ,
3262 3665 3588 3734 requirimus
3609 3713 3626 3736 ,
3658 3689 3818 3742 quam

2223 3749 2396 3833 neque
2421 3741 2662 3808 corporis
2686 3745 2968 3814 aegritudo,
3002 3763 3172 3818 neque
3197 3756 3461 3822 asperitas
3483 3741 3700 3816 itineris
3721 3782 3823 3833 po-

2225 3836 2327 3882 test
2357 3830 2765 3902 interrumpere.
2815 3837 2928 3893 lloc
2975 3841 3133 3910 igitur
3171 3861 3269 3899 nos
3313 3847 3467 3903 altice
3514 3830 3818 3924 beneﬁcio,

2221 3924 2362 4021 quod
2391 3936 2446 3980 et
2471 3927 2586 3981 leve
2623 3938 2740 3992 est,
2776 3939 2830 3986 et
2874 3934 3090 3990 minimc
3131 3939 3449 4008 molestum,
3480 3947 3821 4021 multamque

2223 4013 2378 4068 nobis
2422 4017 2747 4087 voluptatem
2787 4021 2939 4078 aﬁ‘ert
2961 4066 2975 4086 ,
3009 4036 3062 4079 et
3098 4039 3425 4086 contraetam
3452 4051 3517 4088 ex
3551 4013 3820 4108 corporea

2220 4103 2572 4173 disjunctione
2598 4113 2900 4167 maestitiam
2925 4131 3027 4171 non
3057 4120 3393 4178 mediocriter
3417 4103 3819 4197 mitigatdlhm

2221 4195 2326 4251 hoc
2363 4200 2553 4254 solatio
2594 4203 2638 4257 si
2680 4203 2935 4272 fruamur,
2965 4219 3019 4264 et
3048 4227 3144 4266 nos
3171 4230 3335 4284 prope
3372 4232 3491 4274 esse
3518 4195 3818 4280 arbitrabi-

2221 4303 2362 4356 mur,
2387 4300 2441 4345 et
2470 4304 2724 4363 perpetuo
2749 4313 2867 4353 cum
2903 4305 3198 4359 reverentia
3229 4316 3316 4361 tua
3341 4315 3566 4366 versari.
3601 4316 3820 4376 Sufﬁcit

2220 4381 2361 4436 enim
2390 4384 2474 4438 vel
2501 4386 2614 4440 sola
2641 4391 2835 4445 caritas
2863 4394 2928 4446 ad
2958 4394 3059 4450 hoc
3079 4401 3436 4468 praestandum
3468 4421 3481 4457 :
3516 4407 3611 4462 sed
3644 4413 3812 4466 multa

2219 4481 2394 4571 tamen
2425 4482 2731 4537 accessione
2769 4489 3123 4544 cumulabitur
3157 4493 3268 4562 ipsa
3310 4495 3472 4552 animi
3512 4502 3801 4571 cogitatio.

2217 4566 2262 4620 si
2294 4566 2567 4624 literarum
2596 4573 2832 4645 subsidio
2856 4578 3090 4646 juvetur.

2218 4657 2408 4754 Χ
2422 4659 2871 4721 V11.Artemidor0
2898 4670 3130 4734 (Cucuso
3150 4689 3306 4739 anno,
3327 4687 3381 4731 ut
3402 4687 3642 4748 putatur,
3657 4683 3815 4754 ιοι.)

2288 4751 2474 4824 Magna
2508 4762 2558 4810 te
2584 4759 2982 4829 complexurum
3021 4763 3192 4832 ipsum
3236 4768 3604 4827 benevolentia
3630 4751 3815 4830 domi-

2219 4861 2320 4901 ntts
2347 4863 2497 4903 tneus
2525 4851 2815 4908 Antiochus
2843 4856 3130 4912 arbitratus
3155 4867 3258 4925 est,
3290 4863 3332 4916 si
3361 4877 3480 4917 cum
3507 4865 3683 4922 literis
3711 4884 3814 4922 no-

2219 4939 2343 4993 stris
2371 4948 2475 4994 tuae
2505 4944 2750 4998 suavitati
2776 4961 2835 5000 se
2863 4948 3096 5002 sisteret.
3127 4950 3202 5004 Da
3237 4953 3392 5021 igitur
3412 4970 3636 5022 operam
3661 5001 3676 5022 ,
3708 4960 3816 5013 do—

2219 5032 2361 5086 minc
2405 5033 2476 5086 nti
2521 5035 2804 5104 plurimttm
2834 5043 3136 5098 venerande
3163 5084 3178 5107 ,
3221 5054 3276 5098 ut
3306 5062 3374 5101 ne
3413 5049 3672 5116 Opinione
3716 5069 3814 5109 sua

2217 5124 2524 5192 frustretur,
2555 5135 2608 5183 et
2633 5144 2752 5183 cum
2781 5147 2843 5185 ea
2873 5147 2972 5200 qua
3003 5149 3096 5202 par
3121 5146 3202 5190 est
3233 5138 3376 5192 illum
3404 5144 3686 5209 exceperis
3719 5144 3814 5198 be-

2219 5218 2518 5272 nevolentia
2546 5261 2560 5288 ,
2602 5221 2646 5276 si
2677 5223 2802 5292 quid
2833 5239 3040 5294 azquutu
3068 5242 3130 5282 ac
3157 5230 3348 5284 rationi
3378 5246 3812 5290 consentaneum

2217 5318 2362 5380 petat
2385 5353 2399 5378 ,
2431 5324 2732 5383 promptum
2759 5359 2773 5382 ,
2802 5335 2983 5387 quaaso
3007 5363 3020 5390 ,
3049 5336 3112 5376 ac
3142 5333 3380 5390 paratum
3412 5327 3487 5380 illi
3522 5338 3576 5382 te
3605 5329 3810 5396 prmbe,

2218 5404 2400 5475 illique
2426 5407 2587 5462 rebus
2607 5410 2735 5480 ipsis
2756 5413 2976 5467 ostende
2996 5431 3099 5468 non
3128 5415 3320 5472 fruStra
3339 5434 3436 5473 nec
3456 5430 3658 5476 temere
3676 5434 3807 5473 cum

2218 5498 2385 5555 literis
2412 5502 2608 5558 nostris
2652 5506 2822 5573 ipsum
2867 5505 2935 5559 ad
2976 5516 3027 5561 te
3057 5509 3264 5565 venisse
3295 5528 3306 5564 :
3339 5510 3434 5567 sed
3463 5510 3529 5567 ad
3547 5512 3800 5569 obtinen-

2281 5683 2298 5714 ι
2331 5689 2507 5732 omnes
2529 5687 2657 5742 Mss,
2680 5680 2910 5735 nobilitati
2943 5689 3058 5734 tuae.
