4064 6218
309 281 403 338 7H

296 398 433 455 ἀλλά
463 398 529 469 τῇ
561 396 751 470 ἀγάπῃ
796 394 1156 467 συνδεδέμεθά
1198 412 1293 450 σου
1335 397 1401 470 τῇ
1432 396 1599 470 ψυχῇ.
1634 397 1872 454 Τοιαῦτα

296 488 531 560 ἐνέχυρα
554 488 738 557 φιλίας
758 488 890 558 ἡμῖν
910 487 1195 553 ἐναπέθου,
1218 487 1417 561 πολλὴν
1445 488 1575 561 περὶ
1605 491 1754 561 ἡμᾶς
1773 491 1872 561 τὴν

294 579 593 653 θεραπείαν
613 578 708 633 καὶ
725 578 824 649 τὴν
848 577 1087 632 διάθεσιν
1112 578 1520 650 ἐπιδειξάμενος
1548 579 1754 634 αὐτόθι.
1775 581 1875 634 Διά

292 670 450 725 τοῦτο
478 671 723 742 ὅπουπερ
758 669 824 724 ἂν
848 668 1192 739 ἀφικώμεθα,
1226 671 1285 723 οὐ
1318 672 1606 742 παυόμεθα
1645 672 1874 743 χάριτας

291 761 686 833 ὁμολογοῦντες
707 762 774 830 τῇ
802 760 1049 832 εὐγενείᾳ
1074 762 1142 832 τῇ
1174 763 1263 832 σῇ.
1289 761 1400 815 Καί
1430 780 1490 816 σε
1525 762 1876 835 παρακαλοῦ-

299 872 397 926 μεν
427 852 667 923 συνεχῶς
698 851 827 923 ἡμῖν
856 851 952 906 καὶ
973 853 1136 906 αὐτὸν
1159 854 1515 921 ἐπιστέλλειν,
1540 855 1635 909 καὶ
1657 856 1724 909 τά
1747 855 1876 927 περὶ

293 947 393 1015 τῆς
424 943 613 1012 ύγείας
642 943 744 1012 τῆς
777 943 879 1013 σῆς
911 943 1380 1012 εὐαγγελίζεσθαι.
1421 946 1612 1017 Ἡμεῖς
1638 945 1748 1017 γάρ
1775 945 1875 1016 τὴν

293 1035 413 1090 ὁδὸν
441 1034 662 1088 ἅπασαν
691 1034 1064 1106 ἀπραγμόνως
1127 1037 1223 1089 καὶ⁸
1262 1037 1401 1107 μετὰ
1439 1036 1740 1105 ἀσφαλείας
1793 1039 1875 1090 δι-

292 1123 590 1189 ἀνύσαντες
612 1125 672 1179 ἐν
700 1126 766 1197 τῇ
798 1124 1095 1197 Κουκουσῷ
1112 1125 1480 1198 διατρίϐομεν,
1499 1126 1874 1198 ἐντρυφῶντες

1735 285 2119 345 εριετοιιε.

3444 289 3553 347 7ξῖ

1978 403 2044 471 τῇ
2095 400 2292 472 ἡσυχίᾳ
2343 401 2436 454 τοῦ
2482 403 2705 475 χωρίου,
2749 403 2843 457 καὶ
2888 404 2952 473 τῇ
2994 402 3415 478 ἀπραγμοσύνῃ,
3454 407 3552 459 καὶ

1979 492 2181 563 πολλῆς
2209 492 2571 557 ἀπολαύοντες
2614 494 2912 566 θεραπείας
2952 511 3012 546 τε
3052 494 3145 547 καὶ
3187 493 3417 559 εὐνοίας.
3454 494 3554 551 Ἴν⁹

1979 577 2074 636 οὖν
2106 583 2201 636 καὶ
2234 583 2481 654 περὶτῆς
2510 580 2726 654 ῥώσεως
2759 584 2859 653 τῆς
2872 582 3158 652 ’ὑμετέρας
3191 582 3557 648 μανθάνοντες

1981 671 2424 744 εὐφραινώμεθα,
2480 672 2660 727 πυκνά
2722 674 2816 727 καὶ
2877 674 3071 744 συνεχῆ
3132 673 3373 743 πέμπειν
3423 675 3557 746 ἡμῖν

1980 768 2047 820 τὰ
2074 766 2379 838 γράμματα
2408 767 2730 831 σπούδασον,
2771 766 3233 837 εὐαγγελιζόμενα
3255 768 3403 838 ἡμᾶς
3426 770 3558 839 περὶ

1975 858 2076 927 τῆς
2130 858 2316 926 ὑγείας
2368 858 2470 928 τῆς
2536 857 2639 928 σῆς
2694 857 2790 911 καλ⁸
2847 856 2941 910 τοῦ
2999 858 3151 911 οίκου
3202 874 3295 911 σου
3329 858 3554 922 παντός.

1977 946 2134 1000 Οὕτω
2196 947 2306 1020 γὰρ
2366 948 2629 1019 μεγίστην
2687 946 2940 1001 ἐντεῦθεν
2989 948 3424 1019 καρπωσόμεθα.
3456 947 3557 1021 τὴν

1976 1038 2343 1111 παράκλησιν.
2882 1032 2887 1037 κ

980 1446 1136 1521 [699]
1190 1456 1419 1543 ΤΟΥ
1463 1455 1840 1543 ΑΥΤΟΥ
1893 1453 2186 1543 ΠΡΟΣ
2228 1454 2847 1543 ΔΙΑΦΟΡΟΥΣ

1671 1640 2012 1696 Ἐπιστολαί
2040 1641 2077 1705 ξ
2079 1647 2151 1709 η’.

291 1964 465 2020 ΡΟΔ’.
512 1960 642 2028 Τοῖς
680 1960 751 2013 ἐν
791 1959 1133 2026 Χαλκηδόνι
1192 1958 1711 2027 ἐγκεκ.ῑεισμένοις
1746 1959 1875 2013 ἐπι-

436 2034 713 2097 σκόποις,
745 2030 1171 2099 πρεσϐυτέροις
1195 2046 1260 2083 τε
1292 2031 1391 2084 καί
1422 2029 1745 2096 διακόνοις.

367 2124 646 2195 Μακάριοι
673 2123 769 2176 καὶ
788 2121 897 2175 τῶν
922 2121 1138 2193 δεσμῶν
1170 2123 1350 2193 ὑμεῖς,
1377 2121 1472 2176 καὶ
1502 2121 1604 2193 τῆς
1631 2121 1876 2193 γνώμης,

301 2214 419 2287 μεθ’
449 2210 514 2288 ἧς
552 2213 747 2283 φέρετε
806 2212 875 2265 τά
909 2211 1105 2282 δεσμά,
1146 2211 1506 2282 ἀποπολικὴν
1538 2210 1790 2283 ἀνδρείαν
1820 2214 1879 2265 ἐν

299 2307 508 2368 τούτοις
545 2302 998 2374 ἐπιδεικνύμενοι’
1038 2301 1160 2354 ἐπεὶ
1196 2302 1433 2355 κάκεῖνοι
1462 2300 1555 2355 καὶ
1583 2302 1879 2373 μαστιγού-

303 2414 474 2469 μενοι.
534 2395 628 2450 καὶ
686 2395 1054 2466 ἐλαυνόμενοι,
1118 2394 1213 2446 καὶ
1275 2392 1669 2463 δεσμούμενοι,
1739 2394 1878 2463 μετᾶ

301 2488 503 2557 πολλῆς
532 2486 706 2540 ταῦτα
735 2484 928 2556 ἔφερον
971 2484 1070 2554 τῆς
1098 2482 1307 2554 ἡδονῆς·
1342 2482 1403 2535 οὐ
1454 2483 1614 2553 μόνον
1644 2482 1703 2535 δέ
1740 2484 1878 2553 μετά

300 2577 501 2647 πολλῆς
519 2576 709 2648 ἔφερον
736 2575 834 2644 τῆς
864 2572 1075 2644 ἡδονῆς,
1097 2569 1233 2623 ἀλλά
1256 2570 1350 2623 καὶ
1364 2569 1433 2623 τά
1460 2570 1639 2624 αὐτῶν
1661 2572 1877 2625 ἐποίουν

299 2672 358 2724 ἐν
385 2672 510 2731 ταῖς
540 2666 791 2721 ἀλύσεσιν
819 2662 1094 2728 δντες,καὶ
1108 2661 1207 2733 τὴν
1225 2661 1550 2732 οἰκουμένην
1570 2662 1879 2734 μεριμνῶν-

299 2780 388 2826 τες
427 2762 665 2816 ἅπασαν.
697 2757 789 2811 Διὸ
815 2757 879 2828 δὴ
910 2755 1208 2827 παρακαλῶ
1235 2753 1334 2826 τὴν
1364 2754 1639 2826 ὑμετέραν
1656 2756 1877 2826 ἀγάπην

305 2852 471 2924 μηδὲν
500 2849 750 2905 ἐντεῦθεν
772 2850 1083 2912 ἀναπεσεῖν,
1110 2845 1227 2900 ἀλλ’
1255 2847 1367 2916 ὅσῳ
1410 2846 1612 2900 πλείων
1638 2848 1767 2918 ὑμῖν
1788 2859 1814 2889 α
1842 2849 1876 2919 ἡ

300 2944 458 3014 ὀδύνη
483 2941 690 3011 γίνεται
716 2939 774 3007 ἐξ
797 2932 871 2994 ὧν
900 2938 1161 3009 πάσχετε,
1188 2937 1411 2991 πλείονα
1433 2938 1529 2991 καὶ
1548 2938 1649 3010 τὴν
1679 2939 1878 3012 προθυ-

304 3036 433 3108 μίαν
462 3031 850 3098 ἐπιδείξασθαι,
868 3032 962 3085 καὶ
978 3030 1098 3085 καθ’
1118 3030 1356 3100 ἑκάστην
1372 3030 1584 3101 ἡμέραν
1606 3031 1877 3103 μεριμνᾷν

301 3126 442 3196 ὑπὲρ
464 3123 573 3177 τῶν
598 3121 739 3177 κατά
756 3122 855 3195 τὴν
879 3120 1205 3192 οίκουμένην
1248 3119 1606 3192 Ἐκκλησιῶν,
1632 3120 1781 3183 ὅπως
1810 3120 1877 3174 ἂν

303 3217 511 3286 γένοιτό
537 3233 618 3278 τις
642 3214 927 3285 διόρθωσις
969 3214 1004 3285 ἡ
1054 3213 1444 3284 προσήκουσα,
1497 3211 1631 3283 μηδὲ
1665 3213 1746 3274 είς
1779 3212 1879 3281 τὴν

301 3306 590 3377 ὀλιγότητα
638 3304 790 3375 ὑμῶν
824 3303 1131 3369 ἀπιδόντες,
1166 3304 1261 3357 καὶ
1305 3301 1385 3374 τῷ
1430 3302 1881 3374 περιελαύνεσθαι

302 3398 657 3470 πανταχόθεν,
676 3396 1001 3467 ύπτιώτεροι
1015 3394 1265 3465 γένησθε.
1290 3395 1368 3448 Δι’
1385 3388 1460 3449 ὧν
1479 3394 1586 3465 γάρ
1617 3394 1879 3464 πάσχετε,

305 3491 526 3563 μείζονα
581 3489 681 3559 τὴν
734 3487 886 3559 παρά
936 3486 1171 3563 τῷΧΘεῷ
1214 3487 1527 3559 παρρησίαν
1575 3486 1878 3557 κτώμενοι,

304 3582 525 3635 πλείονα
552 3580 771 3651 εὔδηλον
792 3581 874 3633 ὄτι
896 3579 989 3632 καὶ
1005 3577 1102 3649 τὴν
1125 3576 1358 3649 δύναμιν
1386 3577 1558 3643 ἕξετε.
1586 3576 1879 3649 Χρὴσασθε

302 3674 482 3726 τοίνυν
513 3672 594 3735 εἰς
630 3670 822 3742 καιρὸν
855 3672 921 3740 τῇ
960 3667 1259 3739 προθυμίᾳ,
1292 3670 1388 3721 καὶ
1415 3667 1482 3720 δι’
1523 3665 1752 3732 ἑαυτῶν,
1786 3666 1881 3720 καὶ

300 3761 371 3817 δι’
394 3764 615 3834 ἐτέρων,
645 3754 720 3815 ὧν
751 3759 816 3814 ἂν
836 3753 947 3813 οἷόν
968 3775 1028 3812 τε
1058 3754 1114 3832 ᾖ,
1136 3757 1308 3812 ταῦτα
1334 3757 1431 3813 καὶ
1451 3757 1655 3828 πρᾶξαι
1682 3756 1778 3811 καὶ¹
1806 3758 1882 3809 εί-

301 3857 427 3908 πεῖν
456 3852 831 3914 σπουδάσατε,
868 3851 957 3904 ἴνα
991 3849 1053 3903 τὸ
1096 3849 1323 3921 κατέχον
1370 3850 1660 3904 κλυδώνιον
1705 3865 1878 3904 κατα-

305 3945 512 4000 στεῖλαι
539 3941 854 4014 δυνὴσεσθε.
909 3941 1161 3996 Μάλιστα
1203 3942 1305 4012 μὲν
1347 3940 1457 4013 γὰρ
1495 3940 1650 3994 ἔσται
1689 3957 1743 3994 τι
1786 3942 1881 3995 καὶ

305 4038 469 4090 πλέον
501 4033 904 4098 σπουδαζόντων
936 4032 1117 4104 ὑμῶν·
1169 4035 1218 4086 εί
1255 4035 1299 4086 δ’
1335 4034 1444 4104 ἀρα
1480 4032 1646 4103 μηδὲν
1672 4032 1881 4101 γένοιτο

303 4128 490 4187 πλέον,
507 4126 608 4194 τῆς
630 4124 937 4196 προθυμίας
961 4126 1055 4177 καὶ
1082 4124 1179 4193 τῆς
1201 4123 1423 4195 γνώμης
1446 4123 1596 4187 ἕξετε
1613 4123 1765 4193 παρά
1786 4122 1879 4176 τοῦ

304 4220 690 4295 φιλανθρώπου
712 4215 847 4269 Θεοῦ
884 4216 974 4268 τὸν
1005 4215 1215 4286 μισθόν.

813 4308 991 4360 POE'.
1037 4307 1095 4360 Ἀ
1104 4304 1359 4376 γαπητῷ.

375 4401 611 4464 Πολλοὺς
646 4399 738 4453 καὶ
780 4401 1022 4469 συνεχεῖς
1069 4398 1297 4469 ἱδρῶτας
1346 4398 1573 4468 ἵδρωσεν
1620 4400 1649 4451 ὁ
1691 4397 1881 4470 κύριός

309 4508 412 4564 μου
444 4492 472 4544 ὀ
492 4488 886 4550 εὐλαϐέστατος
903 4486 998 4540 καὶ
1012 4484 1340 4557 τιμιώτατος
1366 4484 1736 4558 πρεσὸύτερος
1764 4486 1880 4540 Ἐλ-

307 4580 401 4634 πίδ
421 4597 502 4644 ος,
544 4579 672 4642 τοὺς
716 4578 779 4630 τὸ
832 4576 954 4649 ὅρος
1008 4575 1313 4640 οἰκοῦντας,
1346 4576 1406 4630 τὸ
1448 4577 1678 4647 ’Λμανὺν
1712 4577 1878 4646 λέγω,

305 4671 624 4735 σπουδάζων
654 4667 959 4734 ἀπαλλάξαι
1001 4667 1100 4737 τῆς
1135 4665 1475 4738 κατεχούσης
1512 4666 1711 4730 αὐτοὺς
1755 4668 1880 4720 ἀσε-

302 4765 475 4829 ϐείας.
496 4763 606 4817 Καὶ
630 4760 930 4832 ἀπήλλαξε,
962 4759 1057 4814 καὶ
1089 4757 1389 4829 μετέθηκεν
1421 4759 1620 4822 αὐτοὺς
1645 4758 1759 4812 ἀπὸ
1781 4758 1882 4827 τῆς

304 4856 535 4925 πλάνης,
579 4854 674 4907 καὶ⁵
707 4851 1001 4921 ἐκκλησίας
1044 4848 1381 4919 ᾠκοδόμησε,
1414 4850 1508 4902 καὶ
1543 4850 1883 4921 μοναστήρια

304 4949 694 5015 συνεστήσατο·
727 4944 820 4997 καὶ
864 4942 1039 5008 ἔξεστι
1072 4939 1244 4993 ταῦτα
1279 4942 1347 5009 τῇ
1384 4940 1633 5009 εὐγενείᾳ
1668 4955 1765 4994 σου
1790 4940 1883 4991 καὶ

304 5039 437 5111 παρ’
470 5037 555 5091 ὲτέ
566 5054 674 5105 ρων
710 5033 1023 5105 μανθάνειν.
1064 5030 1220 5084 Ἐπεὶ
1248 5024 1475 5083 οὖνοϊδα
1493 5031 1575 5083 ὅτι
1602 5028 1710 5082 τῶν
1726 5029 1884 5082 εὐλαο

304 5131 417 5183 ϐῶν
443 5127 654 5199 ἀνδρῶν
679 5126 775 5180 καὶ
795 5126 1057 5193 γενναίων
1082 5121 1285 5192 σφόδρα
1314 5120 1544 5189 γέγονας
1571 5121 1807 5192 ἐραστὴς
1829 5121 1881 5185 b’

304 5222 462 5284 εἰδὼς
493 5222 576 5273 ὅτι
604 5237 685 5272 σοι
718 5217 1010 5289 χαριοῦμαι
1033 5214 1311 5286 γνώριμον
1343 5212 1514 5267 ποιῶν
1540 5212 1630 5266 τὸν
1649 5212 1884 5267 τοσαῦτα

304 5312 747 5383 κατωρθωκότα,
790 5308 929 5379 ὁμοῦ
966 5307 1060 5360 καὶ
1096 5308 1411 5378 προσειπεῖν
1455 5321 1512 5357 σε
1542 5304 1611 5358 δι’
1647 5305 1882 5373 ἑκάστης

308 5405 636 5478 προφάσεως
653 5402 1028 5472 ἐπειγόμενος,
1049 5396 1409 5468 προστέθεικα
1430 5398 1602 5450 ταῦτα
1624 5396 1691 5449 τά
1710 5396 1889 5466 γράμ-

309 5512 478 5566 ματα,
518 5493 619 5563 τήν
651 5509 709 5545 τε
740 5488 1097 5561 ὀφειλομένην
1137 5487 1441 5559 πρόσρησιν
1465 5487 1770 5552 ἀποδιδοὺς,
1792 5486 1888 5540 καὶ

369 5587 396 5615 ⁸⁸
423 5584 625 5646 Aliquot
642 5597 755 5632 mss.
778 5584 930 5646 ὑμῶν.

368 5646 401 5687 δ
421 5646 503 5695 Sic
523 5636 636 5694 inse.
651 5636 838 5693 omncs'.
858 5642 985 5691 Edit.
1001 5654 1119 5689 vero
1142 5639 1341 5703 σφοδρὸς
1356 5638 1429 5687 ἀεὶ
1453 5639 1645 5701 γὴονας
1666 5636 1884 5701 ἐραστής.

308 5706 440 5759 Infra
458 5719 631 5758 omnes
652 5720 768 5755 mss.
789 5706 1097 5769 προστέθεικα
1114 5701 1247 5750 ταυτὶ
1270 5701 1346 5748 τά.

1988 1959 2081 2013 τὸν
2106 1957 2274 2030 ἄνδρα
2300 1956 2874 2029 παρακατατιθέμενός
2903 1974 2999 2011 σου
3028 1961 3094 2030 τῇ
3121 1958 3389 2033 εὐγενείᾳ.
3406 1959 3556 2015 Ἰδὼν

1980 2051 2161 2104 τοίνυν
2186 2050 2348 2104 αὐτὸν
2364 2050 2439 2114 ῶς
2469 2067 2549 2104 σοι
2567 2050 2776 2121 πρέπον
2803 2051 2940 2114 ἐστὶ,
2971 2050 3208 2106 δέσποτά
3235 2070 3334 2123 μου
3361 2051 3555 2125 τιμιώ-

1978 2158 2108 2194 τατε
2139 2141 2233 2195 καὶ
2260 2138 2699 2210 θαυμασιώτατε,
2729 2138 2899 2203 δεῖξον
2926 2138 3079 2209 αὐτῷ
3100 2140 3187 2195 διὰ
3214 2140 3324 2194 τῶν
3348 2141 3549 2213 ἔργων,

1981 2230 2130 2303 [700]
2159 2230 2235 2295 ώς
2256 2230 2316 2284 οὐ
2347 2232 2523 2301 μάτην
2555 2230 2675 2283 οὐδὲ
2703 2230 2825 2299 είκῆ
2841 2229 3046 2299 ταύτην
3067 2226 3230 2301 ἦλθεν
3258 2231 3398 2302 ἔχων
3424 2234 3558 2303 παρ’

1979 2321 2137 2392 ἡμῶν
2164 2322 2264 2392 τὴν
2291 2320 2597 2391 ἐπιστολὴν,
2618 2320 2732 2373 ἀλλ’
2759 2319 2944 2389 ἴσχυσε
2970 2320 3128 2373 ταυτὶ
3151 2321 3220 2375 τά
3252 2322 3559 2393 γράμματα

1981 2412 2178 2483 πολλῆς
2209 2411 2373 2465 αὐτὸν
2397 2413 2617 2481 ποιῆσαι
2646 2409 2954 2463 ἀπολαῦσαι
2978 2410 3191 2475 εὐνοίας
3219 2429 3276 2464 τε
3300 2414 3395 2466 καὶ
3420 2412 3557 2481 ἀγά-

1978 2523 2108 2576 πης.
2132 2504 2287 2558 Οῦτω
2302 2505 2412 2573 γὰρ
2439 2505 2531 2557 καὶ
2558 2506 2721 2574 ἡμεῖς
2743 2504 2903 2573 χάριν
2923 2504 3126 2573 πολλὴν
3150 2503 3558 2577 ὁμολογήσομεν

1978 2599 2043 2668 τῇ
2080 2595 2331 2667 ἀγχινοίᾳ
2356 2605 2378 2635 α
2411 2597 2476 2665 τῇ
2518 2597 2606 2665 σῇ,
2631 2595 2713 2647 ὅτι
2741 2594 2834 2646 καὶ
2874 2595 2939 2647 ἐκ
2968 2592 3222 2647 τοσούτου
3257 2594 3555 2665 καθήμενοι

1977 2689 2364 2757 διαστήματος.
2396 2686 2506 2740 ἀπὸ
2531 2687 2630 2756 τῆς
2658 2685 2950 2754 ἐπιστολῆς
2967 2685 3244 2756 δυνάμεθα
3263 2686 3558 2741 συνάπτειν

1982 2798 2073 2833 σου
2106 2783 2172 2851 τῇ
2195 2781 2382 2850 ἀγάπῃ
2410 2777 2652 2847 γνησίως
2670 2778 2796 2841 τοὺς
2811 2775 3212 2846 ἐπιθυμοῦντας
3227 2778 3399 2847 αὐτῆς
3421 2779 3556 2831 ἀπο-

1977 2867 2181 2920 λαύειν·
2210 2862 2284 2919 ὧν
2309 2861 2390 2928 εἷς
2412 2860 2569 2929 οὗτός
2602 2866 2753 2928 ἐστι,
2801 2862 3032 2932 σφοδρὸς
3078 2866 3314 2938 ἐραστὴς
3344 2864 3420 2919 ὥν
3460 2883 3553 2919 σου

1976 2958 2076 3028 τῆς
2110 2956 2470 3028 κοσμιότητος
2491 2970 2505 2985 ο
2535 2955 2617 3009 διὸ
2642 2954 2740 3008 καὶ
2773 2954 2912 3025 μετά
2948 2955 3150 3025 πολλῆς
3181 2955 3281 3027 τῆς
3318 2956 3556 3028 σπουδῆς

1976 3048 2178 3120 ταύτην
2215 3048 2346 3117 παρ’
2365 3044 2525 3118 ἡμῶν
2559 3044 2732 3116 ᾔτησε
2761 3043 2859 3116 τὴν
2886 3044 3195 3118 ἐπιστολήν.

2498 3137 2691 3203 ΡΟΤ.
2734 3135 3022 3203 Ἦσυχίφ.

2057 3231 2247 3301 Ἡμεῖς
2285 3225 2661 3299 ἐπιθυμοῦμεν
2696 3227 2793 3281 καὶ
2830 3228 3078 3299 παρόντα
3116 3244 3177 3281 σε
3221 3226 3555 3295 θεάσασθαι,

1978 3324 2190 3393 καὶτῆς
2221 3321 2567 3390 γλυκυτάτης
2592 3320 2688 3373 καὶ
2709 3319 2936 3390 ἡδίστης
2968 3337 3063 3373 σου
3092 3319 3397 3375 ἀπολαῦσαι
3428 3337 3557 3373 συν-

1978 3415 2185 3476 ουσίας.
2214 3412 2355 3465 Ἀλλ’
2383 3412 2570 3482 ἐπειδὴ
2607 3410 2766 3464 τοῦτο
2797 3411 3058 3483 ἐργῶδες,
3092 3413 3188 3466 καὶ
3218 3412 3306 3467 διά
3332 3414 3432 3485 τὴν
3457 3415 3558 3485 τῆς

1977 3505 2100 3560 ὁδοῦ
2123 3503 2407 3557 δυσκολίαν
2433 3503 2529 3556 καὶ
2549 3502 2636 3556 διὰ
2659 3502 2757 3573 τὴν
2776 3503 2888 3557 τῶν
2917 3506 3261 3575 πραγμάτων
3278 3505 3554 3576 ἀσχολίαν,

1978 3596 2072 3650 καὶ
2102 3596 2201 3665 τὴν
2226 3592 2321 3646 τοῦ
2354 3591 2606 3663 σώματος
2636 3592 2943 3659 ἀσθένειαν,
2972 3594 3073 3665 τὴν
3106 3595 3216 3648 ἀπὸ
3242 3595 3352 3648 τῶν
3369 3612 3555 3666 γραμ-

1982 3687 2167 3759 μάτων
2206 3685 2477 3757 ζητοῦμεν
2505 3683 2874 3756 παράκλησιν,
2908 3686 2976 3756 ἣν
3016 3684 3139 3738 οὐτε
3174 3685 3423 3756 σώματος
3458 3687 3557 3757 ἀρ-

1980 3776 2187 3849 ρωστία
2213 3815 2227 3838 ,
2276 3775 2397 3829 οὐδὲ
2452 3774 2573 3829 ὀδοῦ
2612 3774 2888 3846 τραχύτης
2939 3774 3272 3828 διακωλῦσαι
3308 3774 3552 3831 δύναται.

1979 3868 2129 3921 Δίδου
2157 3868 2221 3936 δὴ
2254 3866 2354 3936 τὴν
2383 3866 2542 3935 χάριν
2563 3866 2694 3935 ἡμῖν
2723 3863 2933 3932 κούφην
2960 3881 3017 3916 τε
3039 3859 3205 3917 οὖσαν
3227 3863 3321 3917 καὶ
3342 3865 3550 3918 ἀνεπα-

1979 3960 2103 4031 χθῆ,
2140 3959 2235 4011 καὶ
2265 3955 2468 4026 πολλὴν
2501 3953 2834 4025 κομίζουσαν
2860 3956 2992 4022 ἡμῖν
3023 3952 3120 4024 τὴν
3138 3952 3353 4025 ἡδονὴν,
3371 3954 3547 4008 καὶού

1980 4049 2177 4122 μικρὸν
2191 4047 2291 4116 τῆς
2309 4045 2568 4115 ἀθυμίας,
2595 4044 2695 4114 τῆς
2717 4046 2781 4097 ὲκ
2800 4044 2895 4097 τοῦ
2916 4044 3230 4115 σωματικοῦ
3248 4046 3554 4118 χωρισμοῦ,

1981 4135 2447 4208 ύποτεμνομένην.
2480 4135 2577 4186 Ἂν
2615 4133 2726 4203 γάρ
2764 4133 2973 4202 ταύτης
3005 4135 3403 4207 ἀπολαύσωμεν
3453 4137 3557 4207 τῆς

1981 4228 2398 4301 παρακλήσεως,
2432 4225 2527 4279 καὶ
2554 4224 2783 4296 πλησίον
2810 4226 3133 4297 ἡγησόμεθα
3152 4223 3314 4294 εἶναι,
3347 4231 3442 4283 καὶ
3467 4230 3556 4283 ἀεὶ

1984 4322 2124 4395 μετά
2150 4320 2248 4389 τῆς
2276 4316 2586 4387 τιμιότητός
2611 4334 2726 4370 σου.
2771 4318 2959 4388 Ἀρκεῖ
2990 4318 3091 4387 μὲν
3120 4320 3228 4391 γὰρ
3250 4321 3394 4390 καὶὴ
3417 4321 3558 4389 ἀγά.

1982 4432 2058 4486 πη
2087 4411 2246 4466 τοῦτο
2278 4411 2521 4480 ποιῆσαι·
2559 4409 2778 4463 πλείονα
2811 4410 2869 4464 δέ
2900 4410 3092 4482 αύτὴή
3128 4412 3398 4480 φαντασία
3417 4413 3557 4483 λαμ-

1981 4505 2133 4559 6ἀνει
2157 4501 2494 4573 προσθήκην,
2514 4501 2643 4555 ὅταν
2678 4502 2773 4555 καὶ
2801 4499 2899 4573 τὴν
2925 4501 3034 4555 ἀπὸ
3066 4501 3177 4556 τῶν
3212 4503 3557 4574 γραμμάτων

1980 4595 2079 4668 ἔχῃ
2107 4592 2445 4665 συμμαχίαν.

2442 4709 2619 4762 ΡΟΖ’.
2667 4705 3083 4776 Ἀρτεμιδώρῳ.

2052 4822 2263 4892 Πολλῆς
2304 4822 2554 4892 ἐνόμισεν
2595 4819 2996 4873 ἀπολαύσεσθαι
3035 4818 3245 4881 εὐνοίας
3287 4818 3317 4871 ό
3367 4816 3559 4891 κύριός

1985 4935 2086 4989 μου
2126 4916 2415 4985 Ἀντίοχος,
2442 4915 2489 4966 εί
2523 4913 2664 4983 μετά
2690 4914 3030 4982 γραμμάτων
3055 4911 3339 4982 ἡμετέρων
3359 4913 3555 4984 φανείη

1980 5011 2047 5079 τῇ
2082 5006 2350 5078 ἐμμελείᾳ
2382 5008 2449 5076 τῇ
2494 5008 2583 5075 σῇ.
2619 5004 2801 5068 Δεῖξον
2833 5003 3039 5065 τοίνυν,
3075 5000 3312 5057 δέσποτά
3349 5021 3452 5075 μου
3485 5022 3561 5057 τι·

1987 5098 2243 5173 μιώτατε,
2292 5097 2367 5159 ὡς
2387 5096 2446 5148 οὐ
2478 5094 2757 5165 τηνάλλως
2789 5092 2964 5146 ταῦτα
2996 5093 3234 5163 ἐνόμ.σε,
3275 5094 3369 5147 καὶ
3399 5093 3559 5161 δεξά-

1987 5208 2144 5263 μενος
2176 5188 2339 5244 αὐτὸν
2364 5186 2502 5257 μετά
2524 5186 2624 5256 τῆς
2649 5204 2731 5239 σοι
2760 5184 3143 5257 προσηκούσης
3167 5184 3398 5249 εὐνοίας,
3420 5187 3485 5240 ἀν
3504 5204 3559 5239 τι

1983 5284 2189 5337 δίκαιον
2246 5282 2464 5354 νομίζῃ,
2513 5280 2605 5335 καλ⁵
2656 5278 2811 5346 λόγον
2867 5278 3011 5348 ἕχον,
3066 5278 3283 5347 ἕτοιμον
3334 5279 3560 5334 σεαυτὸν

1984 5376 2131 5447 αὐτῷ
2178 5376 2478 5446 παρασχεῖν
2533 5370 2947 5443 παρακλὴθητι,
3000 5369 3095 5423 καὶ
3135 5367 3306 5433 δεῖξον
3334 5369 3420 5423 διά
3452 5370 3560 5421 τῶν

1985 5467 2162 5539 ἔργων
2193 5466 2341 5540 αὐτῷ
2374 5468 2449 5530 ώς
2477 5465 2537 5518 οὐ
2567 5464 2742 5534 μάτην
2772 5462 2891 5516 οὐδὲ
2919 5460 3044 5531 είκῆ
3073 5460 3276 5533 ταύτην
3306 5454 3440 5531 ἦλθε
3474 5460 3563 5530 φέ-

1990 5575 2097 5629 ρων
2129 5558 2257 5629 παρ’
2280 5556 2437 5627 ἡμῶν
2466 5555 2565 5626 τὴν
2595 5554 2904 5622 ἐπιστολὴν,
2939 5551 3077 5605 ἀλλά
3102 5549 3294 5620 γέγονέ
3322 5567 3373 5605 τι
3401 5548 3562 5603 πλέον

2052 5693 2075 5723 ⁸
2100 5689 2283 5742 Omnes
2302 5705 2416 5740 mss.
2450 5690 2804 5753 ὁμολογήσομεν
2825 5692 2882 5751 τῇ
2908 5686 3132 5750 εὐγενείσ.
