4064 6218
457 239 565 301 ⁸115

459 349 610 420 αὐτῷ
634 349 727 414 είς.
756 352 968 418 εὐνοίας
1013 356 1107 409 καὶ⁵
1139 358 1455 428 συμμαχίας
1490 358 1703 423 δικαίας
1734 360 1889 428 λόγον
1922 362 2031 416 ἀπὸ

459 439 569 493 τῶν
597 444 939 512 γραμμάτων
968 446 1077 500 τῶν
1111 447 1416 518 ἡμετέρων.
1451 449 1609 502 Οῦτω
1639 452 1749 523 γάρ
1786 453 2029 507 ἀπολαύ-

462 548 615 584 σεται
641 532 740 604 μέν
777 535 876 605 τῆς
898 535 1216 606 εὐεργεσίας
1240 532 1415 603 οὗτος,
1454 540 1818 613 καρπώσομαι
1838 544 1896 597 δὲ
1920 544 2031 614 ἐγὼ

459 623 623 696 τιμὴν
647 625 712 678 δι’
741 618 816 679 ὧν
841 626 935 679 καὶ
964 620 1120 690 οὗτος
1152 629 1250 699 τῆς
1281 630 1600 703 εὐεργεσίας
1632 631 1941 704 ἀπήλαυσε.

988 742 1169 794 POH'.
1202 742 1491 810 Εὐθαλίςι.

527 825 740 910 Σφόδρα
764 827 992 900 γνησίας
1011 831 1106 884 καὶ
1135 831 1344 904 θερμῆς
1373 834 1592 906 ἀγάπης
1616 836 2030 910 ἀνακέχρωσταί

459 931 553 967 σου
573 915 642 968 τά
668 898 990 990 γράμματα,
1027 898 1353 995 εἰλικρινοῦς
1382 898 1475 980 καὶ
1500 898 1691 983 ἀδόλου
1714 898 2026 992 διαθέσεως.

455 1006 556 1059 Διά
594 1008 765 1063 ταῦτά
791 1028 872 1065 σοι
899 1013 1099 1079 πολλάς
1131 1016 1359 1090 χάριτας
1381 1019 1776 1091 ὁμολογοῦμεν,
1808 1023 1903 1076 καὶ
1948 1024 2030 1076 ὅτι

456 1097 709 1167 γράφεις,
744 1102 838 1155 καὶ⁵
876 1104 960 1157 ὅτι
995 1106 1093 1177 τῆς
1131 1108 1361 1178 γνησίας
1407 1128 1501 1163 σου
1535 1111 1717 1180 φιλίας
1763 1114 1862 1185 τῆς
1902 1116 2031 1186 περὶ

456 1191 604 1261 ἡμᾶς
634 1195 891 1265 μέγιστον
919 1198 1118 1270 δεῖγμα
1150 1202 1424 1274 ἐκφέρεις.
1470 1205 1528 1258 ὐ
1557 1204 1692 1268 Θεός
1721 1223 1803 1259 σοι
1825 1205 1915 1259 τὸν
1943 1224 2030 1277 μι-

458 1283 585 1338 σθὸν
612 1286 722 1359 δῴη
749 1291 848 1361 τῆς
871 1291 1127 1364 τοιαύτης
1149 1295 1439 1361 διαθέσεως
1461 1300 1553 1352 καὶ
1576 1301 1830 1365 ἐνταῦθα,
1854 1304 1948 1357 καὶ
1972 1305 2029 1356 ἐν

454 1374 533 1447 τῷ
566 1379 811 1450 μέλλοντι
840 1385 1019 1452 αίῶνι,
1050 1388 1144 1442 καὶ
1165 1389 1418 1460 τειχίσειέ
1446 1408 1526 1457 σε,
1561 1394 1655 1447 καὶ
1678 1398 2025 1468 φρουρήσειε,

455 1468 552 1561 καὶ
594 1471 653 1525 ἐν
700 1473 848 1546 πάσῃ
895 1480 1289 1549 καταστήσειεν
1317 1483 1605 1556 ἀσφαλείᾳ,
1643 1486 1738 1539 καί¹
1768 1488 2025 1561 εὐθυμία.

455 1554 628 1613 Οἶσθα
664 1563 772 1633 γὰρ
808 1564 966 1637 αὐτὴ,
996 1568 1164 1635 κυρία
1200 1587 1304 1640 μου
1329 1554 1656 1646 τιμιωτάτη,
1682 1575 1833 1650 [701]
1863 1554 1939 1643 ὡς
1965 1554 2027 1634 οὐ

461 1650 663 1721 μικρὰν
695 1655 828 1723 ἡμῖν
857 1656 1196 1730 εὐφροσύνην
1225 1662 1401 1735 φέρει,
1421 1665 1513 1717 καὶ
1540 1666 1713 1721 ταῦτα
1739 1669 1797 1721 ἐν
1826 1656 2031 1744 ἐρημίᾳ

456 1741 807 1813 καθημένοις,
838 1746 899 1800 τδ
934 1752 1174 1822 συνεχῶς
1210 1755 1431 1811 ἀκούειν
1466 1759 1608 1813 κατὰ
1636 1759 1760 1814 νοῦν
1784 1773 1810 1802 ι
1848 1741 1930 1816 σοι
1962 1741 2030 1818 τά

455 1829 758 1925 πράγματα
786 1837 1075 1925 φέρεσθαι.
1107 1842 1291 1896 Ταῦτα
1321 1845 1384 1917 δὴ
1411 1845 1570 1918 δήλου
1605 1851 1845 1922 συνεχῶς
1874 1855 2028 1925 ἡμῖν,

455 1921 550 2012 καὶ
589 1920 663 1992 μὴ
695 1923 976 1998 διαλείπῃς
1010 1930 1138 2002 περὶ
1174 1932 1276 2002 τῆς
1306 1935 1519 2004 ὑγιείας
1539 1938 1639 2009 τῆς
1802 1920 2033 2012 εὐαγγε-

454 2008 732 2107 λιςομένη,
774 2015 858 2070 ἴνα
888 2021 983 2074 καὶ
1031 2023 1090 2075 ὲν
1121 2024 1328 2098 ἐρημία
1363 2008 1662 2102 καθήμενοι
1702 2008 2032 2107 πολλὴν-ἐν-

453 2102 644 2157 τεῦθεν
679 2112 1103 2185 καρπωσώμεθα
1134 2117 1233 2189 τὴν
1265 2122 1636 2195 παράκλησιν.

989 2256 1170 2310 POO‘.
1217 2256 1476 2329 Ἀδολίᾳ.

527 2356 601 2412 Τὸ
624 2360 724 2430 μὲν
746 2367 1148 2433 παραγενέσθαι
1169 2368 1299 2435 ἴσως
1314 2374 1552 2445 ἐργῶδες
1578 2376 1668 2432 διὰ
1687 2380 1786 2451 τὴν
1811 2381 1903 2436 τοῦ
1929 2381 2033 2436 σώ-

460 2467 629 2520 ματος
656 2453 968 2507 ἀσθένειαψ
1001 2458 1152 2511 οὐδὲν
1184 2461 1292 2533 γάρ
1320 2463 1507 2535 ἕτερον
1534 2467 1785 2539 κώλυμα,
1818 2473 1887 2527 τά
1923 2475 2033 2547 γάρ

457 2540 567 2593 τῶν
591 2542 802 2612 λῃστῶν
833 2546 1012 2601 πάντα
1041 2550 1316 2607 πέπαυται
1339 2570 1354 2584 ⁸
1402 2557 1463 2610 τὸ
1500 2558 1559 2612 δὲ
1599 2561 1833 2633 γράφειν
1887 2540 2035 2622 ποῖον

457 2628 570 2701 ἔχει
603 2633 760 2687 πόνον
783 2652 797 2701 ;
827 2638 902 2689 Οὐ
934 2638 1042 2711 γὰρ
1066 2641 1129 2713 δὴ
1154 2643 1251 2696 καὶ
1276 2646 1512 2702 ἐνταῦθα
1540 2628 1622 2715 είς
1639 2628 1830 2707 ⁷ἐκεῖνο
1863 2672 2035 2710 κατα-

457 2726 653 2816 φ-υγεῖν
684 2725 848 2797 ἔχεις,
882 2730 1068 2785 Ταῦτα
1114 2733 1172 2787 δὲ
1201 2735 1380 2805 λέγω,
1414 2740 1496 2794 ὅτι
1527 2741 1713 2814 ἕκτην,
1746 2744 1821 2810 ὼς
1858 2746 2035 2816 ἔγωγε

456 2810 633 2884 οἶμαι,
692 2819 896 2891 ταύτην
936 2822 1387 2899 διαπεμψάμενος
1434 2832 1533 2903 τὴν
1578 2810 1911 2908 ἐπιστολὴν,⁷
1941 2810 2036 2893 δύο

462 2905 632 2973 μόνας
661 2907 931 2984 ἐδεξάμην
959 2916 1112 2988 παρά
1146 2917 1248 2988 τῆς
1282 2919 1562 2989 εὐγενείας
1590 2923 1693 2995 τῆς
1727 2905 1844 2998 σῆς.
1888 2929 2036 3002 Πλὴν

460 2996 596 3051 ἀλλά
619 2999 684 3053 ἀν
708 3018 764 3053 τε
801 3004 1048 3077 γράφῃς,
1080 3007 1145 3061 ἀν
1174 3026 1235 3062 τε
1279 3013 1459 3082 σιγᾷς,
1511 3016 1673 3085 ἡμεῖς
1705 2996 1792 3072 τάν
1825 2996 2036 3076 ἑαυτῶν

463 3088 742 3153 ποιοῦντες
762 3093 822 3145 οὐ
850 3093 1300 3170 διαλιμπάνομεν.
1332 3104 1405 3155 Οὐ
1428 3103 1536 3176 γὰρ
1563 3106 1904 3181 δυνησόμεθα
1924 3115 2038 3168 ἐπι-

460 3178 721 3238 λαθέσθαι
780 3205 872 3241 σου
918 3190 1018 3260 τῆς
1050 3192 1283 3262 ἀρχαίας
1316 3198 1530 3268 ἐκείνης
1564 3202 1658 3254 καὶ
1685 3178 1915 3275 γνησίας
1946 3225 2036 3276 φι-

460 3272 583 3340 λίας
618 3277 668 3342 ιι,
704 3278 818 3333 ἀλλ’
852 3281 1121 3337 ἀνθοῦσαν
1155 3287 1324 3359 αὐτὴν
1349 3289 1612 3360 διηνεκῶς
1644 3272 2033 3369 διατηροῦμεν,

463 3366 747 3461 κάξήνίκα
767 3370 833 3461 ἂν
856 3371 972 3444 ἐξῇ,
994 3375 1300 3448 γράφομεν.
1325 3379 1547 3453 Ἐπειδὴ
1571 3383 1627 3436 δὲ
1656 3366 1861 3458 σφόδρα
1884 3366 2039 3461 μερι-

465 3456 688 3549 μνῶμεν
722 3460 789 3515 τὰ
824 3461 913 3525 σά,
950 3465 1155 3537 σφόδρα
1195 3469 1571 3543 ἐπιθυμοῦμεν
1609 3476 1703 3529 καὶ
1730 3456 2036 3549 γράμμα-τα

463 3547 616 3619 παρὰ
646 3549 739 3603 σοῦ
772 3550 1043 3621 δέχεσθαι,
1072 3558 1322 3630 περὶτῆς
1344 3563 1555 3631 ὑγιείας
1586 3569 1719 3639 ήμῖν
1748 3547 2037 3641 εὐαγγελι-

462 3639 665 3710 ζόμενα
697 3645 799 3739 τῆς
830 3647 948 3715 σῆς.
985 3650 1076 3719 Μὴ
1110 3650 1174 3723 δὴ
1200 3653 1401 3727 ταύτης
1434 3659 1582 3729 ήμᾶς
1608 3639 1907 3735 ἀποστέρει
1939 3668 2039 3739 τῆς

465 3738 837 3808 παραμυθίας
868 3740 984 3795 ἀλλ’
1017 3743 1188 3796 εἰδυῖα
1216 3746 1340 3799 ὅσον
1369 3750 1591 3822 χαρίζῃ,
1644 3752 1747 3807 κᾶν
1782 3738 2038 3814 ἐπίπονόν

462 3823 597 3900 σοι
620 3828 679 3881 τὸ
709 3830 960 3900 γράφειν,
988 3832 1056 3886 δι’
1076 3836 1227 3906 ἡμᾶς
1246 3838 1375 3901 τοὺς
1393 3840 1597 3912 σφόδρα
1624 3860 1683 3897 σε
1705 3845 2038 3915 ἀγαπῶντας

460 3919 556 3975 καὶ
582 3919 770 3974 τοῦτον
800 3924 1098 3995 καταδέχου
1133 3927 1224 3981 τὸν
1250 3928 1413 3984 πόνον
1435 3948 1450 3963 ο
1485 3934 1580 3987 καὶ
1609 3933 1766 4006 δήλου
1797 3939 1866 3993 τά
1907 3943 2037 4014 περὶ

460 4012 560 4093 τῇς
594 4010 815 4084 ῥώσεως
848 4017 978 4088 ήμῖν
1009 4018 1109 4089 τῆς
1159 4021 1279 4090 σῆς,
1321 4023 1527 4095 σφόδρα
1556 4026 1885 4101 ἐπιθυμοῦσι
1913 4010 2034 4089 καθ’

464 4106 702 4179 ἑκάστην
733 4110 944 4182 ἡμέραν
974 4113 1103 4184 περὶ
1140 4115 1345 4187 ταύτης
1380 4120 1693 4188 μανθάνειν.

799 4247 932 4303 PII'.
979 4247 1241 4315 Ὕπατίφ
1262 4254 1663 4325 πρεσϐυτέρῳ.

530 4374 603 4430 Οὐ
632 4378 912 4450 παύσομαι
967 4386 1287 4457 μακαρίζων
1335 4406 1428 4443 σου
1470 4392 1570 4465 τὴν
1617 4396 1905 4468 τιμιότητα
1936 4399 2038 4469 τῆς

461 4466 758 4559 ὐπομονῆς,
789 4471 889 4541 τῆς
916 4472 1193 4545 ἀνδρείας,
1238 4478 1338 4550 τῆς
1364 4482 1661 4554 καρτερίας
1685 4486 1783 4555 τῆς
1810 4466 2032 4559 πολλῆς,

458 4557 524 4628 ἢν
555 4559 835 4626 ἐπεδείξω,
873 4562 967 4616 καὶ
998 4564 1368 4622 ἐπιδείκνυσαι
1419 4571 1477 4624 ἐν
1524 4574 1638 4636 τοῖς
1683 4557 2030 4648 πειρασμοίς.

456 4646 566 4701 Καὶ
588 4649 747 4703 τοῦτο
768 4652 864 4704 καὶ
881 4652 972 4706 διά
992 4654 1093 4725 τῆς
1113 4657 1385 4728 προτέρας
1404 4670 1426 4697 ο
1454 4662 1743 4735 ἐπιστολῆς
1767 4646 2032 4740 ἐδήλωσα,

456 4738 537 4794 ὅτι
574 4741 797 4809 διπλοῦς
832 4744 925 4798 καὶ
956 4746 1217 4817 τριπλοῦς
1256 4765 1339 4802 σοι
1368 4752 1396 4804 6
1429 4753 1618 4822 μισθὸς
1655 4757 1795 4829 ὑπὲρ
1827 4738 2032 4816 τούτων

456 4831 767 4897 ἀπόκειται,
796 4833 938 4907 ὑπέρ
978 4853 1037 4891 τε
1085 4829 1163 4892 ὧν
1206 4840 1369 4904 αὐτὸς
1396 4843 1665 4916 τοσαύτην
1701 4850 2033 4923 στερρότητα

456 4922 850 4992 ἐπιδείκνυται,
881 4928 974 4980 καὶ
996 4927 1218 5001 ἐτέρους
1245 4933 1328 4997 είς
1362 4933 1452 4987 τὸν
1473 4936 1638 4990 αὐτὸν
1667 4940 1821 5009 ἀγεις
1849 4922 2029 5015 ζῆλον,

457 5013 515 5064 ἐν
536 5016 683 5087 γήρᾳ
703 5016 846 5071 οὕτω
868 5019 1025 5090 βαθεῖ
1040 5024 1309 5096 τοσαύτην
1328 5027 1635 5101 προθυμίαν
1655 5013 2033 5109 ἐπιδεικνύμε-

456 5121 546 5169 νος
579 5107 721 5179 ὑπὲρ
749 5110 845 5163 τοῦ
889 5111 1218 5185 διωκομένου
1252 5118 1402 5175 λαοῦ.
1445 5119 1551 5175 Καὶ
1598 5123 1897 5198 ἐϐουλόμην
1934 5107 2034 5199 μὲν

458 5197 696 5268 συνεχῶς
734 5201 1068 5261 ἐπιστέλλειν
1118 5225 1211 5262 σου
1268 5214 1334 5282 τῇ
1390 5215 1682 5288 τιμιότητι·
1739 5197 1946 5291 ἐπειδη
1974 5221 2031 5276 δὲ

453 5289 611 5345 τοῦτο
644 5293 741 5347 οὐκ
765 5294 1007 5363 εὐκολον,
1037 5299 1127 5354 διά
1151 5319 1209 5355 τε
1232 5303 1329 5375 τὴν
1350 5305 1444 5358 τοῦ
1474 5308 1737 5379 χειμῶνος
1758 5309 1907 5383 ὤραν
1936 5314 2030 5366 καὶ

518 5412 546 5483 ξι
568 5410 756 5483 anes
782 5429 897 5483 ωδε.
920 5419 1045 5483 κατὰ
1064 5417 1191 5483 ῥοῦν.

516 5473 545 5548 ξ
668 5486 758 5523 nos
775 5489 804 5525 e
827 5476 977 5548 Sajil.
1004 5472 1247 5548 ρι’Μοεεῐ.
1286 5482 1421 5548 Unus
1451 5484 1645 5548 γνησίας
1665 5485 1863 5548 ἀγάπης.
1893 5486 2026 5537 Εοιτ.

464 5564 469 5569 -
519 5538 542 5566 ε
563 5537 644 5606 ξιτ
669 5548 842 5586 omnes
884 5539 990 5590 fere
1014 5555 1128 5590 mss.
1161 5543 1288 5594 Edil.
1337 5546 1417 5593 καὶ
1448 5537 1536 5593 8ιᾶ
1563 5537 1717 5595 τοῦτο’
1738 5537 1921 5596 καί-διά
1945 5555 2029 5606 τῆς

454 5601 697 5661 προτέρας-

1172 259 1230 314 S.
1266 255 1551 314 JOANNIS
1583 254 2032 312 CIIRYSOSTOR

2133 253 2434 309 ὶιὶίῖίίῐῐῖῐδ.
2477 249 3027 306 (τοξςςτμτικοιι.

3592 258 3698 314 τιι

2128 363 2218 419 τᾲν
2247 363 2355 414 τῶν
2377 363 2588 434 λῃστῶν
2616 362 2800 432 φόϐον,
2840 364 2934 416 καὶ
2968 362 3065 434 τὴν
3094 363 3189 419 τοῦ
3218 365 3420 437 χωρίου
3464 369 3705 439 ἐρημίαν

2130 452 2188 504 ὲν
2216 444 2261 517 ᾧ
2291 452 2595 524 καθήμεθα,
2624 453 2789 525 ήνίκα
2821 453 2887 508 ἂν
2928 455 3047 527 ἐξῇ,
3089 457 3185 509 καὶ
3223 459 3704 531 προσαγορεύομέν

2134 559 2226 596 σου
2253 544 2351 614 τὴν
2376 544 2681 611 εὐλάϐειαν,
2713 548 2808 600 καὶ
2845 547 3104 619 αἰτοῦμεν
3142 550 3383 620 συνεχῶς
3418 550 3549 621 ἡμῖν
3577 555 3702 606 ἐπι-

2134 633 2391 697 στέλλειν,
2419 637 2514 689 καὶ
2540 637 2607 689 τά
2640 639 2764 710 περὶ
2789 639 2888 709 τῆς
2922 639 3130 708 ὑγιείας
3161 641 3260 711 τῆς
3292 644 3391 713 σῆς
3414 645 3704 713 εὐαγγελί-

2134 722 2339 787 ζεσθαι”
2361 725 2563 797 σφόδρα
2583 726 2688 798 γὰρ
2709 728 3081 799 ἐπιθυμοῦμεν
3099 732 3166 784 τά
3190 733 3319 803 περ)⁵
3341 732 3545 806 ταύτης
3567 754 3704 805 μαν-

2132 813 2331 869 θάνειν.
2372 817 2761 889 Μακαρίζομεν
2786 820 2843 874 δὲ
2865 823 2956 874 καὶ
2982 823 3107 885 τοὺς
3131 826 3493 895 τιμιωτάτους
3519 827 3703 882 διακό-

2130 924 2255 971 νους
2282 907 2538 963 Εὐσέϐιον
2564 912 2658 964 καὶ
2681 913 3099 984 Λαμπρότατον,
3117 915 3243 978 τοὺς
3264 919 3704 989 κοινωνήσαντάς

2133 1012 2216 1049 σοι
2256 996 2365 1051 τῶν
2391 999 2666 1071 διωγμῶν.
2700 1003 2840 1055 Ἴστε
2866 1004 2974 1075 γὰρ
2995 1004 3171 1076 ήλίκοι
3216 1007 3465 1076 στέφανοι
3495 1009 3704 1064 τούτων

2133 1087 2261 1158 ὑμῖν
2291 1090 2632 1154 ἀπόκεινται,
2661 1092 2755 1146 καὶ
2781 1094 2904 1158 ὅσος
2930 1097 2958 1148 6
2990 1095 3200 1166 μισθὸς,
3233 1098 3325 1151 καὶ
3369 1099 3469 1168 ὃση
3498 1101 3531 1170 ή
3561 1101 3697 1153 ἀντ-

2135 1176 2409 1240 απόδοσις.
2448 1178 2599 1252 [702]
2633 1180 2797 1235 Ταῦτ’
2831 1179 2923 1237 οὗν
2957 1185 3177 1250 εἰδότες,
3240 1187 3447 1256 μένετε,
3474 1189 3703 1261 ἑδραῖοι,

2131 1268 2538 1341 ἀμετακίνητοι·
2565 1275 2665 1343 τῆς
2682 1291 2742 1327 τε
2762 1275 2870 1347 γὰρ
2890 1278 3163 1349 ὑπομονῆς
3180 1278 3372 1351 δαψιλῆ
3395 1282 3484 1334 τὸν
3509 1281 3707 1351 μισθὸν

2131 1361 2160 1411 6
2189 1360 2321 1425 Θεὸς
2348 1363 2476 1433 ὑμῖν
2504 1364 2792 1431 ἀποδώσει,
2823 1368 2917 1421 καὶ
2943 1368 3010 1421 τά
3049 1370 3292 1440 παρόντα
3318 1373 3526 1444 ταχέως
3548 1374 3710 1431 λύσει

2122 1434 2297 1507 «δεινά.
2329 1455 2574 1526 Γράφετε
2604 1457 2661 1510 δὲ
2694 1459 2826 1529 ήμῖν
2860 1434 3214 1531 συνεχῶςίτά
3245 1465 3372 1534 περὶ
3389 1434 3491 1536 τῆς
3506 1434 3707 1534 ὐγείας

2130 1546 2229 1616 τῆς
2259 1546 2527 1616 ὑμετέρας
2548 1549 2678 1619 ήμῖν
2712 1551 3208 1622 εὐαγγελιζόμενοι,
3236 1556 3364 1627 περὶ
3387 1552 3454 1629 ἦς
3495 1557 3708 1629 σφόδρα

2132 1636 2599 1708 περισπούδαστον
2636 1643 2770 1713 ἡμῖν
2811 1642 3124 1714 μανθάνειν.

2598 1799 2783 1855 ΡΠΜ.
2830 1800 3229 1868 Ἐπισκόποις.

2202 1953 2313 2007 Καὶ
2341 1955 2372 2024 ή
2402 1956 2781 2011 καταλαϐοῦσα
2806 1959 2906 2023 τάς
2946 1959 3270 2031 Ἐκκλησίας
3300 1961 3397 2027 τὰς
3436 1962 3579 2016 κατά
3604 1962 3715 2033 τὴν

2144 2043 2431 2116 ’Δνατολὴν
2473 2047 2708 2119 ταραχὴ,
2761 2051 3097 2123 σφοδροτάτη
3141 2054 3233 2105 καὶ
3274 2052 3511 2124 ποικίλη,
3548 2056 3644 2108 καὶ
3672 2058 3708 2126 ή

2132 2135 2284 2206 παρά
2320 2137 2418 2208 τῆς
2442 2138 2727 2205 εὐλαϐείας
2760 2142 2913 2211 ὑμῶν
2942 2143 3309 2214 είσενεχθεῖσα
3342 2147 3419 2209 είς
3445 2149 3543 2215 τὴν
3564 2144 3714 2215 διόρ-

2133 2225 2299 2281 θωσιν
2326 2228 2529 2302 ταύτης
2565 2233 2788 2303 σπουδὴ,
2820 2234 2988 2306 πολλή
3020 2236 3111 2289 καὶ
3137 2236 3384 2309 δαψιλής.
3417 2237 3478 2291 EE
3509 2238 3569 2292 δὲ
3602 2256 3714 2309 μη-

2070 2327 2076 2333 ”
2132 2318 2222 2372 δὲν
2255 2319 2481 2392 μηδέπω
2513 2322 2702 2393 γέγονε
2726 2324 2904 2390 πλέον,
2934 2329 3059 2392 τοὺς
3085 2328 3182 2399 μὲν
3206 2329 3400 2383 ἀνίατα
3417 2329 3713 2393 νοσοῦντας

2134 2411 2230 2465 καὶ
2259 2413 2333 2485 μὴ
2371 2413 2761 2484 διορθωθέντας
2788 2417 3144 2491 ταλανίζομεν
3164 2460 3180 2485 ,
3217 2421 3363 2492 ὑμᾶς
3394 2422 3453 2475 δέ
3497 2421 3715 2491 θαυμά-

2135 2504 2319 2569 ζοντες
2351 2504 2446 2559 καὶ
2474 2508 2870 2577 μακαρίζοντες
2891 2510 2949 2563 οὐ
2977 2511 3428 2583 διαλιμπάνομεν,
3459 2513 3543 2566 ὅτι
3569 2514 3715 2583 μετὰ

2133 2595 2386 2650 τοσοῦτον
2406 2598 2597 2668 χρόνον
2624 2599 2731 2654 τῶν
2757 2603 3096 2673 πραγμάτων
3121 2602 3461 2676 ἀδιορθὼτων
3493 2605 3715 2675 μεινάνο

2133 2706 2264 2753 των,
2316 2690 2417 2744 οὐκ
2463 2692 2798 2764 ἀπεκάμετε,
2847 2695 2968 2750 οὐδὲ
3018 2695 3198 2750 ὐπτιοι
3241 2697 3520 2766 γεγόνατε,
3574 2697 3717 2751 ἀλλά

2135 2781 2231 2833 καὶ
2261 2781 2561 2848 ἐπίκεισθε,
2598 2783 2675 2838 ἔτι
2703 2784 3024 2858 ἀκμαζούσῃ
3050 2791 3117 2860 τῇ
3145 2787 3420 2861 προθυμίᾳ
3449 2788 3546 2860 τὴν
3578 2788 3714 2861 παρ’

2137 2871 2346 2924 ἑαυτῶν
2396 2872 2737 2943 εἰσφέροντες
2784 2877 3121 2947 συμμαχίαν,
3156 2880 3234 2942 είς
3268 2880 3441 2951 κρίμα
3472 2878 3571 2947 μὲν
3598 2879 3716 2931 τῶν

2134 2963 2234 3017 οὐκ
2260 2963 2551 3018 ἐθελόντων
2573 2964 2725 3034 ὐμῶν
2746 2967 3094 3037 ἀνασχέσθαι,
3119 2970 3199 3033 είς
3223 2969 3516 3039 στεφάνους
3534 2970 3592 3023 δὲ
3610 2969 3719 3039 τῆς

2138 3054 2410 3127 ὑμετέρας
2463 3056 2715 3128 σπουδῆς,
2763 3058 2855 3111 καὶ
2903 3058 3130 3130 βραδεῖα
3172 3059 3362 3113 πολλά.
3404 3059 3504 3112 Διά
3535 3060 3718 3113 ταῦτα

2139 3138 2283 3208 ὑμᾶς
2307 3141 2400 3192 καὶ
2420 3142 2601 3211 ἡμεῖς,
2642 3143 2736 3195 καὶ
2778 3141 2979 3207 πάντες
3006 3145 3054 3197 οί
3086 3145 3225 3198 κατά
3246 3144 3345 3217 τὴν
3382 3146 3719 3217 οἰκουμένην

2136 3230 2573 3302 ἀνακηρύττουσι
2627 3233 2720 3286 καὶ
2773 3233 3161 3304 στεφανοῦσιν,
3213 3236 3295 3289 ὅτι
3344 3238 3409 3290 ἐκ
3451 3237 3715 3289 τοσούτου

2136 3322 2479 3393 καθημένους
2509 3323 2893 3396 διαστήματος,
2936 3326 2997 3380 οὐ
3026 3328 3124 3397 τῆς
3157 3327 3277 3382 ὀδοῦ
3305 3328 3365 3382 τὸ
3395 3327 3595 3399 μῆκος,
3647 3330 3716 3382 οὐ

2134 3411 2228 3465 τοῦ
2258 3413 2448 3483 χρόνου
2490 3415 2554 3468 τὸ
2597 3415 2800 3487 πλῆθος
2846 3418 3249 3491 ρᾳθυμοτέρους
3289 3420 3565 3491 ἐποίησεν,
3596 3421 3718 3474 ἀλλ’

2137 3505 2214 3569 ὼς
2247 3505 2473 3576 πλησίον
2504 3508 2655 3572 ὄντες
2680 3510 2788 3562 τῶν
2817 3511 3143 3581 γενομένων,
3184 3512 3278 3564 καὶ
3309 3512 3497 3577 αὐταῖς
3524 3513 3717 3583 ὄψεσιν

2138 3597 2370 3669 ὁρῶντες
2386 3599 2485 3662 τάς
2503 3600 2801 3671 γενομένας
2824 3602 3184 3674 παρανομίας,
3210 3601 3382 3668 οὕτως
3399 3607 3717 3678 ἐρρωμενεο

2141 3692 2310 3764 στάτῃ
2340 3691 2617 3764 προθυμίᾳ
2638 3692 2705 3745 τά
2725 3694 2855 3764 παρ’
2874 3694 3081 3748 ἑαυτῶν
3105 3695 3378 3767 εἰσφέρειν
3399 3695 3428 3735 ἆ
3449 3697 3719 3751 ἐσπουδά-

2139 3797 2293 3833 κατε.
2321 3781 2383 3833 Εἰ
2417 3781 2475 3835 δὲ
2505 3784 2669 3853 μήπω
2692 3781 2795 3854 τὴν
2824 3783 3049 3856 ἄκαιρον
3077 3795 3101 3824 ο
3134 3785 3464 3855 φιλονεικίαν
3504 3788 3719 3842 καὶτὸν

2137 3871 2331 3941 ἄλογον
2380 3870 2612 3944 πόλεμον
2657 3875 2948 3929 καταλύειν
3003 3875 3281 3947 βούλονται
3330 3880 3376 3932 οι
3429 3878 3608 3933 ταῦτα
3658 3878 3722 3946 ἐξ

2138 3960 2312 4031 ἀρχῆς
2346 3962 2595 4028 τεκόντες
2619 3963 2688 4019 τά
2714 3964 2880 4029 κακά,
2910 3966 3076 4038 μηδὲν
3105 3967 3250 4039 ὑμᾶς
3272 3968 3429 4022 τοῦτο
3460 3968 3719 4039 009065!-

2137 4067 2235 4115 τω,
2289 4052 2427 4121 μήτε
2472 4052 2813 4124 ἀποκάμνειν
2842 4056 3064 4109 ποιείτω
3089 4072 3104 4088 ο
3135 4056 3245 4127 ὅσῳ
3279 4058 3384 4128 γάρ
3414 4058 3482 4113 ἀν
3511 4060 3721 4114 πλείων

2137 4144 2165 4195 6
2199 4142 2358 4206 πόνος
2387 4144 2516 4215 ὑμῖν
2543 4146 2854 4217 ἐγγένηται,
2892 4147 3130 4220 τοσούτῳ
3160 4150 3255 4203 καὶ
3279 4150 3480 4220 μείζων
3500 4152 3663 4205 ἔσται
3690 4153 3721 4206 6

2141 4232 2421 4301 στέφανος,
2452 4234 2545 4288 τοῦ
2577 4236 2710 4290 Θεοῦ
2745 4237 2844 4302 τὰς
2870 4238 3143 4311 ἀρρήτους
3178 4240 3307 4311 ὑμῖν
3346 4242 3441 4295 καὶ
3470 4243 3719 4312 ἀφάτους

2138 4321 2353 4386 ἐκείνας
2378 4324 2472 4376 καὶ⁵
2502 4322 2661 4394 λόγον
2689 4325 3122 4397 ὐπερϐαινούσας
3142 4327 3415 4400 ὁρίζοντος
3449 4332 3716 4403 άμοιὸάς.

2291 4478 2477 4536 PHB'.
2522 4482 2778 4552 Bmplq»
2803 4483 3111 4554 ἐπισκόπῳ
3137 4446 3542 4545 Μεδιολὰνων.

2207 4635 2317 4709 Τὴν
2358 4635 2609 4709 ἀνδρείαν
2640 4637 2814 4710 ὐμῶν,
2849 4639 2941 4695 καὶ
2974 4643 3074 4713 τὴν
3103 4643 3435 4716 παρρησίαν,
3478 4646 3581 4701 καὶ
3615 4646 3719 4719 τὴν

2136 4729 2277 4799 ὐπὲρ
2300 4730 2400 4801 τῆς
2414 4730 2670 4799 ἀληθείας
2697 4730 3177 4804 ἐλευθεροστομίαν
3209 4737 3302 4790 καὶ
3327 4737 3595 4809 πρότερον
3614 4742 3721 4810 μὲν

2136 4820 2373 4886 ἅπαντες
2423 4821 2661 4893 ᾔδεσανο
2706 4821 2873 4889 ἔδειξε
2919 4823 2976 4877 δὲ
3021 4826 3408 4899 ἀκριϐέστερον
3455 4831 3484 4883 6
3521 4831 3720 4903 παρὼν

2138 4913 2327 4986 καιρὸς
2357 4914 2454 4986 τὴν
2488 4912 2858 4985 φιλαδελφίαν,
2882 4916 2980 4989 τὴν
3011 4920 3254 4990 ἀγάπην,
3281 4921 3378 4993 τὴν
3397 4922 3715 4989 εὐλάϐειαν,

2135 5005 2235 5074 τὴν
2279 5006 2477 5079 πολλὴν
2529 5007 2871 5077 συμπάθειαν
2901 5009 3076 5080 ὐμῶν,
3119 5011 3218 5083 τὴν
3253 5014 3584 5084 κηδεμονίαν
3610 5016 3719 5087 τὴν

2138 5096 2281 5167 ὑπὲρ
2304 5096 2413 5150 τῶν
2444 5098 2795 5169 Ἐκκλησιῶν.
2845 5101 2997 5156 Ἐπεὶ
3038 5103 3132 5157 καὶ
3166 5104 3504 5177 κυϐερνήτην
3533 5109 3563 5161 6
3592 5126 3719 5177 χει-

2139 5186 2255 5257 μὼν
2311 5187 2546 5257 μάλιστα
2594 5191 2835 5247 δείκνυσι
2879 5195 2978 5267 τῆς
3020 5195 3315 5270 θαλάσσης,
3372 5200 3467 5252 καὶ
3525 5201 3718 5271 ίατρὸν

2134 5277 2354 5349 ἄριστον
2400 5280 2470 5335 τά
2517 5281 2730 5352 χαλεπά
2774 5284 2882 5338 τῶν
2913 5285 3181 5358 σωμάτων
3207 5288 3487 5360 νοσήματα
3512 5305 3528 5321 ο
3565 5289 3715 5344 οὕτω

2194 5488 2221 5529 d
2246 5492 2491 5549 Εἰσφέρειν
2510 5494 2654 5544 deest
2676 5496 2730 5547 in
2749 5497 2941 5548 duobus
2966 5512 3080 5549 mss.

2201 5563 2243 5626 ο·
2257 5553 2279 5597 ι
2294 5553 2412 5626 ρι’ὺρ
2433 5556 2518 5626 τῂν
2539 5557 2754 5621 ἄκαιρον,
2798 5566 2852 5608 ει
2889 5575 2999 5611 mox
3029 5563 3131 5626 ὅσῳ
3150 5562 3241 5625 γὰρ
3270 5562 3347 5623 ἄν,
3368 5573 3398 5611 e
3419 5561 3601 5611 Samio
3624 5573 3712 5612 η-

2134 5617 2276 5677 cepla
2295 5619 2426 5666 sunt.
2451 5616 2589 5667 Ευιτ.
