4064 6218
358 201 460 257 713

352 315 477 372 dam
523 309 946 370 benevolentiam
973 351 989 376 ,
1024 317 1082 364 et
1115 309 1317 380 justum
1359 306 1614 362 auxilium
1661 305 1945 376 plurimum

354 406 553 462 nostris
581 420 703 460 eum
733 403 901 459 literis
926 401 1166 472 adjutum
1193 401 1376 457 fuisse.
1406 400 1497 456 Sic
1534 399 1676 454 enim
1709 398 1802 453 fiet
1826 440 1841 464 ,
1889 408 1946 454 ut

353 508 410 556 ct
434 498 523 553 ille
550 495 866 552 beneficium
911 494 1270 564 adipiscatur,
1300 503 1353 548 et
1387 507 1488 564 ego
1516 491 1719 546 honore
1745 490 1949 546 afﬁcior

351 606 419 645 ex
445 604 513 645 eo
535 587 676 659 quod
703 585 1022 642 beneficium
1048 585 1136 640 ille
1160 584 1320 639 fuerit
1347 593 1729 653 consequutus.

511 713 880 775 CLXXVIII.
912 715 1186 769 Euthaliw.
1218 713 1448 787 (Cucuso
1474 729 1614 768 anno
1639 711 1790 783 403.)

423 854 744 924 blagnopere
770 850 980 906 sincera
1000 858 1055 906 et
1079 848 1311 926 ferventi
1337 849 1558 905 caritate
1581 845 1808 903 condita:
1836 845 1939 901 fue-

351 955 478 1000 runt
497 946 665 999 literae
694 951 818 1008 tuae,
842 957 971 998 vero
998 941 1323 1018 minimeque
1349 940 1526 996 fucato
1553 954 1759 1013 amore.
1792 938 1943 1006 Quo-

351 1039 493 1092 circa
521 1037 763 1107 ingentes
795 1035 886 1091 tibi
915 1034 1114 1104 gratias
1141 1033 1400 1088 habemus
1419 1074 1435 1100 ,
1467 1042 1520 1087 et
1546 1031 1688 1102 quod
1715 1032 1942 1098 scribas,

351 1138 407 1182 et
435 1127 574 1198 quod
599 1127 822 1182 sincere
848 1134 952 1180 tua:
968 1140 1096 1196 erga
1123 1139 1220 1180 nos
1245 1124 1631 1180 benevolentia:
1653 1123 1943 1178 maximum

351 1221 624 1289 specimen
653 1216 801 1273 edas.
837 1217 975 1272 Deus
1003 1215 1094 1270 tibi
1133 1215 1432 1270 mercedem
1463 1215 1590 1269 tanti
1618 1214 1820 1270 amoris
1843 1255 1858 1281 ,
1890 1223 1946 1270 et

352 1311 438 1366 hic
468 1319 523 1366 et
550 1311 601 1365 in
634 1309 814 1364 futuro
842 1309 1039 1364 saeculo
1069 1308 1264 1363 tribuat
1289 1350 1304 1374 ,
1335 1317 1490 1379 teque
1534 1309 1742 1362 muniat
1769 1318 1821 1362 et
1846 1322 1944 1362 cu-

351 1401 566 1466 stodiat,
593 1408 754 1470 atque
783 1399 834 1454 in
867 1399 1012 1454 omni
1035 1399 1322 1454 securitate
1345 1399 1615 1468 animique
1647 1398 1945 1469 tranquilli-

354 1505 460 1549 tate
484 1493 793 1549 constituat.
821 1491 937 1546 Non
965 1491 1106 1546 enim
1138 1499 1190 1546 te
1219 1489 1366 1555 latet,
1398 1489 1613 1544 domina
1645 1504 1761 1544 mea
1791 1504 1944 1544 reve-

355 1587 671 1643 rendissima
692 1625 709 1652 ,
740 1600 846 1640 non
875 1583 1132 1640 mediocri
1174 1598 1273 1638 nos
1301 1582 1441 1638 affici
1474 1582 1746 1652 voluptate
1771 1624 1786 1648 ,
1818 1599 1941 1637 cum

352 1679 434 1733 vel
462 1679 515 1733 in
541 1678 641 1732 hac
664 1676 950 1732 solitudine
975 1675 1229 1746 degentes
1265 1673 1568 1743 frequenter
1602 1673 1848 1729 audimus
1875 1691 1943 1730 ex

350 1769 514 1824 animi
563 1769 639 1822 tui
683 1769 950 1824 sententia
993 1782 1082 1822 res
1125 1766 1218 1822 tibi
1257 1765 1568 1822 succedere.
1609 1766 1736 1822 Haec
1783 1768 1944 1838 igitur

354 1861 508 1916 nobis
535 1859 748 1916 assidue
776 1859 955 1916 scribe
978 1901 994 1925 ,
1024 1873 1197 1928 neque
1234 1857 1445 1913 felicem
1474 1857 1542 1913 de
1574 1866 1660 1912 tua
1690 1873 1942 1928 prospera

349 1954 653 2010 valetudine
678 1953 919 2008 nuntium
949 1952 1161 2007 mittere
1188 1951 1392 2017 desine,
1419 1958 1478 2004 ut
1498 1950 1657 2006 etiam
1686 1951 1737 2005 in
1758 1951 1940 2006 solitu-

349 2046 474 2101 dine
489 2045 742 2116 degentes
761 2045 983 2099 multam
1009 2042 1132 2099 inde
1150 2041 1570 2098 consolationem
1609 2041 1937 2098 hauriantus.

579 2177 882 2237 CLXXIX.
911 2179 1124 2235 Adoliaa.
1157 2178 1388 2253 (Cucuso
1409 2191 1551 2233 anno
1575 2175 1726 2249 405.)

422 2310 646 2367 Difﬁcile
694 2309 924 2367 fortasse
971 2319 1192 2382 pr0pter
1231 2308 1474 2380 corporis
1519 2308 1938 2386 imbecillitatem

349 2403 559 2470 fuisset,
591 2411 647 2456 ut
692 2401 795 2457 huc
838 2401 1088 2458 venires:
1124 2400 1254 2455 nihil
1290 2400 1490 2471 quippe
1533 2397 1678 2453 aliud
1717 2399 1940 2454 subesse

348 2496 523 2566 potuit
553 2494 940 2566 impedimenti,
971 2509 1094 2548 cum
1121 2508 1155 2547 a
1184 2493 1484 2548 latronibus
1526 2493 1746 2548 omnino
1774 2491 1938 2561 quieti

348 2590 546 2654 simus;
593 2587 688 2644 sed
735 2586 863 2658 quid
905 2586 1108 2642 laboris
1149 2594 1233 2642 est
1285 2585 1340 2640 in
1394 2583 1722 2640 scribendo?
1755 2583 1940 2655 Neque

294 2736 305 2756 ,
347 2681 491 2737 enim
538 2679 627 2735 hic
668 2679 736 2734 ad
781 2680 925 2735 illam
975 2678 1264 2750 confugere
1303 2680 1706 2735 excusationem
1749 2686 1935 2748 potes.

348 2770 474 2826 llaec
500 2779 679 2826 autem
707 2786 736 2824 a
769 2785 855 2826 me
879 2769 1077 2825 idcirco
1093 2769 1363 2833 dicuntur,
1386 2769 1530 2840 quod
1549 2783 1670 2824 cum
1701 2777 1935 2836 sextam,

349 2871 407 2917 ut
434 2863 684 2934 equidem
713 2862 947 2917 arbitror
964 2903 979 2928 ,
1003 2861 1070 2916 ad
1111 2872 1162 2917 te
1190 2860 1428 2916 miserim
1456 2861 1594 2916 hanc
1617 2861 1899 2932 epistolam
1917 2901 1936 2926 ,

347 2953 480 3008 duas
507 2963 711 3009 tantum
738 2969 767 3007 a
790 2953 1068 3009 nobilitate
1091 2965 1178 3009 tua
1208 2953 1528 3024 receperim.
1556 2953 1937 3010 Verumtamen

347 3047 460 3102 sive
497 3045 724 3112 scribas,
765 3047 878 3102 sive
904 3055 1104 3111 taceas,
1132 3061 1252 3116 qua:
1295 3054 1598 3101 nostrarum
1647 3054 1774 3101 sunt
1815 3061 1938 3116 par-

351 3137 520 3205 tium,
571 3146 830 3209 prmstare
872 3153 984 3193 non
1024 3137 1352 3194 desinemus.
1400 3137 1516 3192 Non
1557 3138 1699 3194 enim
1740 3139 1938 3195 veteris

348 3233 490 3287 illius
504 3247 567 3288 ac
588 3233 812 3287 sincerae
841 3232 1132 3301 poterimus
1149 3230 1397 3286 amicitiae
1423 3237 1528 3286 tute
1552 3231 1814 3296 oblivisci,
1842 3231 1938 3286 sed

347 3324 617 3395 vigentem
669 3323 814 3378 illam
854 3332 1113 3394 perpetuo
1141 3325 1470 3388 retinemus,
1518 3333 1573 3378 et
1615 3324 1824 3392 quoties
1859 3321 1938 3376 fa-

347 3415 520 3470 cultas
548 3413 706 3469 datur
727 3454 743 3480 ,
772 3413 1076 3468 scribimus.
1105 3413 1369 3479 Quoniam
1401 3422 1578 3468 autem
1624 3412 1693 3469 de
1716 3413 1822 3468 tuis
1849 3429 1936 3469 re-

347 3509 446 3565 bus
471 3507 627 3562 valde
647 3507 860 3563 solliciti
887 3521 1094 3573 sumus,
1123 3505 1308 3562 literas
1329 3521 1542 3577 quoque
1567 3521 1597 3561 a
1625 3515 1674 3562 te
1695 3507 1938 3576 accipere

347 3613 693 3668 summOpcre
734 3596 1106 3652 desideramus
1126 3636 1141 3661 ,
1174 3612 1293 3666 qua:
1337 3597 1541 3653 felicem
1567 3597 1636 3654 de
1675 3608 1762 3653 tua
1793 3599 1936 3654 vale-

351 3691 532 3747 tudine
575 3689 818 3745 nuntium
868 3689 1059 3744 ferant.
1106 3689 1228 3744 Noli
1277 3703 1408 3760 ergo
1454 3704 1554 3745 nos
1602 3690 1706 3745 hoc
1747 3690 1938 3746 solatio

349 3782 560 3851 privare
590 3779 721 3835 :s'ed
751 3795 871 3835 cum
904 3793 1009 3834 non
1039 3789 1090 3834 te
1115 3779 1298 3843 lateat,
1324 3788 1524 3850 quanto
1546 3795 1644 3834 nos
1672 3780 1936 3836 beneficio

349 3873 442 3927 tibi
473 3873 779 3938 devincias,
824 3871 1037 3927 tametsi
1077 3871 1405 3926 laboriosum
1448 3880 1532 3926 est
1571 3871 1841 3939 scribere,
1882 3873 1935 3926 in

347 3964 574 4035 gratiam
606 3963 797 4031 nostri,
825 3965 914 4035 qui
947 3973 999 4017 te
1039 3951 1282 4032 impense
1307 3962 1604 4034 diligimus,
1639 3963 1781 4019 hunc
1804 3980 1937 4035 quo-

347 4071 454 4127 que
484 4055 720 4111 laborem
749 4057 980 4126 suscipe,
1007 4053 1180 4125 deque
1209 4062 1298 4110 tua
1327 4056 1555 4111 sanitate
1585 4069 1682 4111 nos
1706 4055 1789 4111 fac
1814 4071 1935 4112 cer-

350 4148 550 4211 tiores,
602 4148 690 4218 qui
740 4145 808 4202 de
857 4146 949 4202 illa
991 4145 1229 4216 qumidie
1267 4145 1551 4219 quidpiam
1606 4148 1936 4221 intelligendi

349 4253 561 4294 summo
588 4237 853 4294 desiderio
880 4246 1145 4294 tenemur.
1725 4247 1738 4274 κ

424 4369 688 4426 CLXXX.
713 4369 939 4442 Hypatio
955 4369 1259 4443 presbytero.
1286 4369 1515 4445 (Cucuso
1539 4387 1679 4430 anno
1711 4373 1862 4446 105.)

421 4502 720 4575 Numquam
751 4512 804 4560 te
834 4503 1047 4560 beatum
1090 4503 1383 4576 praedicare
1421 4505 1662 4562 desinam
1683 4549 1698 4572 ,
1739 4507 1808 4563 ob
1835 4524 1932 4580 pa-

349 4597 624 4664 tientiam,
671 4595 1058 4664 fortitudinem,
1103 4597 1440 4653 tolerantiam
1489 4601 1730 4666 multam,
1776 4616 1933 4672 quam

349 4687 670 4752 exhibuisti,
699 4696 755 4744 et
777 4689 1000 4745 exhibes
1028 4689 1078 4744 in
1107 4690 1506 4746 tentationibus.
1536 4691 1769 4762 ldipsum
1797 4708 1934 4764 quo-

347 4797 452 4851 que
479 4782 750 4852 prioribus
778 4782 869 4837 tibi
898 4784 913 4814 ¹
939 4782 1105 4837 literis
1130 4782 1440 4852 signiﬁcavi,
1465 4783 1730 4855 duplicem
1750 4800 1813 4841 ac
1844 4787 1936 4842 tri-

353 4874 548 4943 plicem
578 4873 764 4929 horum
793 4889 954 4929 causa
991 4884 1043 4930 te
1067 4860 1284 4930 manere
1326 4875 1664 4944 mercedem,
1704 4888 1756 4933 et
1794 4879 1935 4949 quod

349 4974 552 5020 tantam
604 4967 956 5021 constantiam
1005 4983 1118 5037 pra:
1171 4976 1222 5021 te
1271 4965 1441 5036 feras,
1497 4979 1825 5040 creterosque
1868 4970 1936 5027 ad

350 5057 599 5112 eumdem
648 5058 820 5112 zelum
880 5057 1152 5128 impellas,
1196 5057 1322 5111 dum
1371 5057 1423 5112 in
1475 5066 1619 5112 tanta
1661 5069 1936 5117 senectute

350 5158 555 5202 tantam
582 5162 679 5217 pro
710 5149 907 5217 populo
930 5150 1398 5218 persequutiouem
1426 5164 1584 5220 pass-0
1609 5149 1935 5206 alacritatem

351 5239 514 5292 animi
567 5238 808 5293 exhibes.
861 5238 1126 5309 Cuperem
1180 5238 1425 5308 equidem
1474 5240 1540 5294 ad
1585 5244 1936 5297 reverentiam

358 5337 500 5382 tuam
534 5343 679 5398 saepe
706 5329 943 5385 scribere
971 5347 984 5383 :
1013 5330 1105 5384 sed
1130 5331 1379 5398 quoniam
1419 5331 1471 5385 id
1502 5331 1656 5388 facile
1683 5350 1787 5388 non
1819 5345 1899 5390 est
1918 5375 1933 5402 ,

357 5431 466 5474 tum
495 5431 712 5490 propter
746 5421 1027 5494 hibernum
1064 5432 1292 5493 tempus,
1331 5433 1440 5478 tum
1481 5434 1700 5496 propter
1737 5435 1938 5483 metum

355 5510 685 5583 praedonum,
710 5512 918 5584 locique
945 5514 997 5568 in
1026 5529 1134 5584 quo
1155 5514 1398 5586 degimus
1422 5516 1783 5584 solitudinem,
1806 5533 1938 5590 quo-

429 5623 448 5657 '
475 5626 550 5676 sic
570 5637 745 5676 omnes
766 5624 873 5675 fere
903 5632 1008 5674 uss.
1045 5626 1192 5678 Edit..
1217 5624 1378 5686 itaque
1397 5627 1640 5698 prioribus
1663 5627 1806 5680 etiam
1829 5627 1932 5681 tibi.

667 5721 938 5783 ΡΑτῐιοι.
994 5732 1110 5800 Gn.
1159 5740 1280 5809 ιιι,

1782 193 2169 252 EPISTOLIE.
2821 212 2826 218 '
2908 213 2935 234 ’³

3542 211 3660 268 7i"

2059 277 2164 362 ties
2188 304 2414 366 facultas
2441 309 2631 380 datur,
2667 314 2916 384 pietatem
2951 327 3093 376 tuam
3120 321 3410 378 salutamus
3431 365 3446 390 ,
3483 333 3649 398 utque

2057 400 2124 454 ad
2154 415 2253 455 nos
2288 415 2446 471 quam
2479 405 2778 474 saepissime
2815 409 3021 466 scribas
3049 413 3298 482 petimus,
3325 429 3390 469 ac
3437 413 3648 470 felicem

2056 489 2124 546 de
2151 498 2237 546 tua
2265 494 2569 552 valetudine
2608 499 2852 554 nuntium
2897 503 3110 569 mittas;
3141 521 3262 560 nam
3291 508 3552 564 certiores
3583 510 3650 567 de

2058 584 2146 638 illa
2190 586 2301 640 ficri
2343 602 2665 658 magnopere
2713 591 3101 652 desideramus.
3145 597 3647 656 Reverendissimos

2053 691 2268 746 quoque
2291 677 2548 735 diaconos
2573 681 2866 741 Eusebium
2891 694 2946 742 et
2981 687 3404 759 Lamprotatum,
3436 693 3524 761 qui
3554 693 3648 747 tibi

2054 778 2335 824 consortes
2359 787 2716 828 aerumnarum
2760 775 3009 845 fuerunt,
3042 778 3228 836 beatos
3272 783 3645 852 praedicamus.

2053 858 2167 914 Non
2195 862 2338 930 enim
2371 863 2646 931 ignoratis,
2677 868 2862 937 quales
2903 885 2996 926 vos
3025 872 3094 927 ob
3115 873 3214 929 iSIa
3259 883 3509 932 maneant
3549 892 3647 931 co-

2055 967 2225 1019 ruum,
2253 965 2449 1024 quanta
2484 973 2723 1027 merces,
2768 972 2966 1031 quanta
3015 964 3317 1022 retributio.
3358 967 3489 1036 Quae
3522 984 3643 1025 cum

2053 1045 2208 1100 vobis
2236 1046 2513 1116 explorata
2540 1050 2667 1116 sint,
2701 1052 2921 1109 stabiles
2942 1065 2997 1110 et
3024 1057 3228 1113 immoti
3252 1072 3597 1129 perscverate
3625 1081 3639 1118 :

2052 1138 2322 1206 copiosam
2350 1140 2493 1195 enim
2515 1143 2666 1198 vobis
2700 1144 2844 1200 Deus
2869 1146 3138 1216 patientia:
3180 1153 3480 1208 mercedem
3523 1170 3646 1224 per-

2051 1228 2262 1296 solvet,
2293 1245 2356 1285 ac
2381 1234 2666 1300 prsesentia
2693 1236 2834 1290 mala
2861 1237 2967 1293 cito
2992 1238 3245 1310 depellet.
3285 1243 3550 1298 Czcterum
3582 1245 3644 1299 li-

2055 1329 2196 1376 teras
2221 1323 2288 1377 ad
2316 1338 2414 1379 nos
2442 1340 2598 1394 quam
2641 1328 3003 1385 creberrimas
3039 1333 3266 1399 mittite,
3309 1350 3428 1404 qua:
3465 1337 3641 1391 hctum

2051 1413 2117 1467 de
2144 1423 2320 1470 vestra
2345 1416 2649 1474 valetudine
2679 1421 2924 1476 nuntium
2954 1423 3149 1488 ferant,
3178 1425 3247 1480 de
3284 1428 3386 1496 qua
3417 1429 3645 1488 subinde

2048 1503 2244 1574 aliquid
2271 1507 2457 1562 audire
2483 1508 2834 1567 vehementer
2862 1525 3128 1582 optamus.

2173 1635 2471 1694 CLXXXI.
2502 1640 2790 1714 Episcopis.
2820 1646 3014 1716 (Anno,
3037 1658 3093 1702 ut
3116 1658 3351 1720 putatur,
3371 1652 3527 1725 406.)

2121 1771 2189 1825 Et
2216 1788 2335 1843 qua:
2373 1774 2567 1831 invasit
2596 1777 2865 1836 Ecclesias
2893 1781 3128 1839 Orientis
3155 1785 3486 1854 perturbatio
3506 1829 3521 1855 ,
3547 1805 3640 1844 τρο

2048 1861 2448 1920 hementissima
2475 1865 2577 1923 fuit
2601 1884 2663 1924 ac
2689 1871 2964 1941 multiplex
2985 1913 2998 1938 ,
3025 1883 3080 1929 et
3105 1891 3355 1946 maguum
3396 1879 3551 1933 simul
3582 1892 3639 1936 et

2047 1953 2344 2024 impensum
2368 1958 2600 2014 studium
2628 1961 2760 2017 illud
2791 1963 2909 2031 fuit,
2938 1966 3081 2036 quod
3103 1967 3168 2021 ad
3200 1983 3316 2022 eam
3340 1970 3630 2026 sedandam

2048 2045 2218 2114 pietas
2239 2058 2414 2104 vestra
2436 2051 2682 2107 contulit.
2707 2054 2860 2122 Quod
2884 2057 2928 2110 si
2954 2056 3090 2113 forte
3115 2059 3374 2114 nihildum
3397 2063 3639 2119 utilitatis

2044 2134 2168 2192 inde
2191 2141 2552 2208 promauarit,
2582 2158 2678 2199 eos
2703 2145 2920 2216 quidem
2955 2149 3044 2218 qui
3074 2150 3392 2206 medicinam
3421 2169 3637 2211 omnem

2045 2239 2421 2300 aspernantur,
2449 2249 2628 2304 neque
2661 2238 2888 2292 correcti
2915 2249 3057 2304 sunt,
3094 2240 3322 2297 miseros
3351 2243 3631 2313 ducimus,

2043 2333 2142 2374 vos
2163 2329 2340 2376 autem
2371 2322 2591 2381 laudare
2614 2325 2905 2398 beatosque
2931 2329 3223 2399 prmdicare
3245 2347 3352 2388 non
3375 2334 3639 2391 intermit-a

2045 2410 2226 2479 timus,
2253 2413 2396 2482 quod
2440 2430 2560 2471 cum
2589 2425 2695 2472 tam
2725 2417 2979 2476 diuturno
3013 2422 3199 2495 elapso
3241 2435 3482 2496 tempore
3521 2446 3636 2485 mc-

2044 2498 2233 2556 liorern
2276 2503 2329 2557 in
2379 2513 2574 2561 statum
2605 2508 2826 2567 ,restitui
2874 2525 2961 2566 res
2988 2527 3093 2566 non
3136 2518 3427 2585 potuerint,
3469 2520 3634 2593 frangi

2044 2600 2223 2649 tamen
2247 2609 2310 2651 ac
2336 2595 2604 2654 debilitari
2639 2615 2733 2656 vos
2773 2616 2879 2656 non
2910 2603 3128 2671 sinatis,
3154 2621 3251 2662 nec
3278 2608 3516 2664 auimmn
3537 2611 3633 2666 dc-

2043 2688 2375 2758 spondeatis,
2401 2691 2498 2748 sed
2542 2693 2782 2761 instetis,
2805 2703 2861 2750 et
2892 2705 3110 2752 strenue
3149 2698 3460 2772 fortiterque
3483 2703 3636 2758 auxi-

2042 2778 2168 2833 lium
2195 2780 2378 2837 feratis
2399 2822 2413 2848 ,
2441 2783 2584 2853 quod
2615 2785 2670 2838 in
2710 2785 3215 2844 condemnationem
3262 2792 3405 2847 cedit
3443 2807 3632 2850 eorum

2041 2872 2133 2942 qui
2183 2873 2325 2929 ferre
2373 2891 2470 2930 nos
2505 2877 2715 2944 nolunt,
2755 2893 2984 2936 coronas
3026 2893 3204 2939 autem
3257 2895 3531 2956 comparat
3579 2899 3634 2943 et

2039 2966 2258 3036 praemia
2302 2966 2531 3038 plurima
2573 2970 2752 3026 studio
2795 2971 2938 3042 quod
2965 2987 2998 3027 a
3030 2973 3183 3029 vobis
3211 2974 3515 3033 adhibetur.
3544 2979 3632 3034 ld-

2022 3056 2184 3118 ,circo
2226 3058 2502 3116 nobiscum
2547 3077 2774 3128 omnes,
2819 3063 2909 3134 qui
2949 3064 3254 3122 universum
3295 3069 3479 3126 orbem
3523 3078 3634 3127 ter-

2041 3162 2220 3203 rarum
2267 3149 2529 3220 incolunt,
2580 3168 2677 3209 vos
2715 3155 3040 3224 prtedicant,
3069 3167 3124 3214 et
3159 3174 3356 3216 corona
3397 3162 3633 3231 donant,

2041 3241 2181 3310 quod
2209 3251 2356 3298 tanto
2377 3243 2505 3300 licet
2527 3245 2810 3302 intervallo
2843 3247 3178 3318 disjuuclos,
3209 3266 3385 3322 neque
3427 3254 3636 3312 itineris

2041 3333 2336 3404 longitudo,
2366 3352 2539 3407 neque
2564 3339 2823 3408 temporis
2848 3339 3196 3412 intercapedo
3219 3344 3634 3415 negligentiores

2040 3425 2350 3493 reddiderit,
2374 3426 2469 3483 sed
2497 3428 2648 3498 quasi
2675 3429 2837 3484 vicini
2882 3432 3072 3486 essetis
3115 3447 3300 3488 eorum
3329 3449 3449 3505 quas
3477 3453 3634 3506 gere-

2041 3515 2260 3584 bantur,
2321 3528 2482 3589 atque
2534 3519 2664 3590 ipsis
2718 3520 2888 3576 oculis
2927 3537 2989 3578 ea
3019 3538 3139 3594 qum
3191 3528 3636 3596 perpetrabantur

2039 3611 2248 3668 scelera
2295 3613 2704 3684 conspiceretis,
2751 3615 2822 3670 ita
2862 3614 3070 3672 fortiter
3109 3628 3467 3688 strenueque,
3511 3635 3632 3691 quae

2041 3711 2338 3758 vestrarum
2363 3713 2518 3760 erant
2543 3705 2794 3775 partium,
2828 3715 3086 3776 prtestare
3114 3707 3446 3764 studueritis.
3479 3711 3632 3778 Quod

2040 3794 2086 3848 si
2109 3794 2332 3850 necdum
2361 3795 2681 3865 importunae
2705 3811 2816 3852 sua:
2836 3797 3164 3853 contentioni
3187 3807 3244 3853 et
3270 3799 3469 3869 injuste
3495 3802 3632 3857 bello

2041 3886 2200 3940 tinem
2233 3887 2508 3955 imponere
2549 3888 2760 3954 volunt,
2791 3888 2880 3958 qui
2925 3888 3115 3943 horum
3155 3905 3186 3945 a
3224 3892 3486 3964 principio
3515 3910 3631 3948 ma-

2039 3978 2224 4052 lorum.
2239 3990 2486 4036 auctores
2511 3979 2743 4045 fuerunt,
2767 3996 2837 4036 ne
2860 3997 2966 4056 vos
2983 3987 3268 4040 conturbet
3295 3985 3460 4050 istud,
3493 4003 3632 4044 neve

2042 4071 2252 4127 animos
2286 4079 2496 4128 vestros
2532 4071 2812 4128 debilitet:
2841 4083 3042 4145 quanto
3083 4076 3225 4132 enim
3269 4078 3440 4148 major
3481 4081 3633 4136 vobis

2039 4165 2278 4220 exoritur
2315 4164 2486 4232 labor,
2531 4172 2682 4220 tanto
2710 4165 2875 4222 etiam
2919 4168 3090 4238 major
3125 4185 3322 4226 corona
3363 4183 3629 4239 nectetur,

2038 4271 2160 4312 cum
2189 4256 2326 4312 Deus
2363 4271 2556 4313 arcana
2584 4257 2674 4313 illa
2711 4269 2766 4316 et
2809 4259 3117 4329 iueﬂ‘abilia,
3143 4279 3365 4334 quaeque
3408 4280 3624 4322 omnem

2040 4363 2345 4404 sermonem
2366 4349 2655 4417 excedunt,
2688 4351 2907 4421 pra-mia
2930 4353 3083 4408 vobis
3117 4355 3424 4410 constituet.

2112 4462 2447 4520 CLXXXII.
2506 4463 2720 4520 Venerio
2767 4465 3002 4538 episcopo
3045 4465 3417 4546 lfediolauemi
3457 4471 3554 4542 (ιε).

2648 4555 2826 4630 (Anno
2869 4559 3023 4634 ωδ.)

2110 4689 2309 4746 Omnes
2333 4690 2546 4761 quidem
2575 4690 2942 4749 fortitudinem
2975 4701 3321 4762 vestram,’ac
3353 4697 3621 4763 ﬁduciam,

2040 4792 2094 4838 et
2123 4797 2221 4854 pro
2251 4783 2476 4840 veritate
2514 4784 2765 4856 loquendi
2804 4786 3104 4843 libertatem
3135 4790 3294 4843 etiam
3335 4799 3490 4846 antea
3531 4809 3629 4846 no-

2040 4881 2266 4928 verant:
2297 4873 2392 4929 scd
2427 4875 2729 4932 accuratius
2757 4876 3049 4931 fraternum
3082 4888 3315 4934 vestrum
3356 4896 3628 4949 amorem,

2041 4965 2341 5031 caritatem,
2359 4965 2694 5038 religionem,
2717 4967 2940 5022 multam
2961 4971 3505 5040 connuiscratiouem,
3529 4975 3630 5028 sol-

2043 5055 2374 5111 licitudinem
2421 5057 2781 5113 Ecclesiarum
2821 5059 2922 5114 hoc
2952 5069 3159 5132 tempus
3196 5063 3465 5120 indicavit.
3493 5065 3626 5121 Nam

2042 5148 2453 5219 gubernatorem
2476 5165 2688 5220 quoque
2715 5153 2877 5208 maris
2905 5163 3192 5224 tempestas
3221 5160 3517 5227 prazscrtim
3541 5159 3629 5214 in-

2042 5239 2219 5304 dicat,
2277 5250 2331 5296 et
2393 5241 2672 5310 optimum-
2708 5243 2969 5298 medicum
3024 5247 3293 5316 graviores
3340 5263 3627 5319 corporum

2043 5332 2255 5387 morbi:
2286 5331 2364 5387 sic
2402 5342 2457 5387 et
2495 5333 2641 5388 illum
2684 5335 2772 5405 qui
2831 5335 3080 5407 religiose
3117 5339 3278 5394 vitam
3321 5355 3474 5396 suam
3515 5349 3620 5395 tra-

2107 5504 2182 5567 (a)
2214 5505 2464 5575 Venerius
2480 5505 2849 5575 mediolanensis
2872 5509 2930 5575 ad
2953 5511 3340 5575 chrysostomum
3371 5513 3626 5574 scripsisse

2043 5565 2200 5617 fertur
2222 5568 2348 5630 apud
2375 5569 2702 5638 Palladiumin
2724 5579 2745 5615 \
2761 5571 2826 5638 ita
2843 5565 3158 5638 chrysosiomi
3177 5589 3283 5638 cap.
3306 5576 3354 5626 4.
3375 5565 3625 5623 Hic'ettam

2045 5639 2451 5682 commemoratur
2468 5645 2617 5693 supra
2641 5635 2689 5683 in
2709 5635 2854 5695 epist.
2869 5635 3132 5685 Innocentii
3158 5640 3217 5685 ad
3235 5635 3626 5701 Chrysostomum.

3184 5731 3254 5788 21
