4064 6218
401 275 506 337 Ἢδ

401 400 600 455 ducere
617 391 840 458 studuit,
859 405 922 446 ac
938 388 1100 445 multa
1119 387 1374 458 praeditus
1394 393 1478 441 est
1498 380 1831 450 fortitudine,
1855 386 1990 436 tem-

406 503 594 558 porum
643 484 985 540 difficultates
1040 479 1350 536 ostendunt.
1415 475 1570 546 Quod
1620 473 1773 530 vobis
1827 472 1990 529 etiam

409 581 652 651 contigit,
683 589 734 633 et
765 583 1021 647 quantum
1050 573 1102 627 in
1124 572 1278 627 vobis
1304 569 1421 637 fuit,
1452 565 1632 623 omnia
1677 565 1816 622 bene
1863 577 1990 619 sue-

405 679 703 736 cesserunt,
727 683 898 738 neque
921 667 1029 722 ulla
1053 679 1173 736 pars
1193 661 1356 719 officii
1375 661 1540 717 vestri
1565 657 1867 714 desiderata
1885 663 1988 711 est.

409 766 514 821 Sed
547 763 799 834 quoniam
832 760 904 814 illi
933 758 1022 829 qui
1047 758 1228 812 turbas
1264 755 1594 820 excitarunt,
1629 760 1685 807 et
1720 749 1988 814 excitant,

405 870 474 912 eo
520 853 806 910 dementia:
854 861 979 906 sunt
1029 848 1327 920 progressi,
1371 855 1431 902 ut
1467 859 1574 900 non
1611 843 1773 899 modo
1813 841 1992 912 priora

405 951 638 1021 gessisse
665 947 785 1002 illos
811 960 916 1001 non
943 944 1158 1014 pudeat,
1188 941 1282 997 sed
1311 941 1417 995 illis
1446 937 1604 994 etiam
1627 936 1871 1008 graviora
1901 948 1993 1005 pa-

409 1052 549 1097 trare
571 1039 934 1101 contendant,
957 1051 1146 1092 omnes
1170 1048 1266 1090 vos
1292 1032 1451 1088 simul
1480 1033 1732 1086 cohortor
1750 1071 1766 1096 ,
1795 1037 1852 1082 ut
1877 1026 1991 1081 for-

408 1135 668 1188 tissimam
721 1129 1049 1186 alacritatem
1100 1126 1264 1181 animi
1317 1121 1651 1185 adhibeatis,
1703 1135 1878 1190 neque
1923 1118 1993 1174 de

405 1235 553 1280 tanto
579 1223 756 1278 studio
795 1221 1084 1293 quidquam
1126 1217 1440 1283 remittatis,
1475 1214 1570 1270 sed
1608 1212 1735 1268 illud
1761 1210 1993 1283 amplius

405 1318 564 1373 etiam
602 1315 871 1386 augeatis,
919 1313 1045 1367 licet
1081 1313 1375 1366 innumera:
1415 1305 1759 1364 difficultates
1804 1319 1992 1359 occur-

410 1418 551 1465 rant.
576 1409 674 1474 Qui
698 1408 841 1463 enim
873 1404 1112 1475 pluribus
1137 1418 1256 1457 eum
1299 1399 1582 1456 sudoribus
1621 1411 1684 1452 ac
1723 1395 1992 1451 laboribus

407 1515 656 1568 magnum
685 1496 898 1567 aliquod
927 1510 988 1549 ac
1011 1507 1330 1565 generosum
1359 1491 1564 1544 facinus
1585 1487 1834 1552 ediderit,
1863 1487 1993 1541 ube-

405 1594 603 1646 riorem
631 1591 758 1654 illis,
786 1588 874 1659 qui
907 1587 1058 1642 facile
1084 1600 1148 1640 ac
1178 1584 1326 1639 nullo
1355 1582 1572 1653 negotio
1611 1580 1840 1650 idipsum
1867 1593 1990 1650 ges-

407 1684 606 1749 serint,
658 1678 958 1735 mercedem
1005 1676 1251 1746 accipiet.
1289 1672 1561 1746 Siquidem
1605 1670 1986 1742 Unusquisque,

407 1774 579 1844 inquit
619 1772 806 1827 beatus
853 1769 1069 1834 Paulus,
1120 1766 1382 1839 propriam
1431 1764 1712 1819 mercedem
1755 1763 1988 1833 accipiet,

405 1863 682 1919 secundum
711 1861 972 1932 proprium
1001 1857 1222 1913 laborem
1245 1857 1324 1926 (1.
1364 1855 1484 1912 Cor.
1513 1855 1567 1910 3.
1591 1854 1671 1925 8).
1720 1852 1799 1909 Ne
1835 1852 1992 1924 igitur

408 1955 608 2010 ideirco
631 1954 870 2008 animum
898 1949 1294 2021 despondealis,
1324 1947 1467 2020 quod
1497 1945 1650 2002 multi
1687 1943 1840 2001 vobis
1877 1945 1993 1999 fue-

405 2049 514 2102 rint
538 2045 839 2101 exantlandi
872 2045 1101 2109 labores,
1131 2041 1226 2098 sed
1258 2043 1359 2096 hoc
1385 2041 1556 2111 ipsum
1582 2039 1750 2110 magis
1774 2051 1871 2095 vos
1897 2052 1992 2094 ex-

409 2128 579 2193 citet.‘
599 2138 808 2206 Quanto
853 2135 995 2190 enim
1037 2135 1209 2205 major
1247 2132 1594 2189 afflictionum
1635 2131 1692 2186 fit
1732 2131 1989 2195 accessio,

408 2239 554 2284 tanto
597 2229 766 2299 magis
801 2236 1065 2298 augentur
1107 2240 1346 2292 coronze,
1386 2238 1450 2279 ae
1488 2221 1906 2292 multiplicantur
1929 2235 1991 2275 ea

407 2322 624 2391 prtemia
646 2361 663 2388 ,
695 2335 812 2388 quae
852 2319 1004 2374 vobis
1047 2334 1144 2388 pro
1179 2317 1264 2372 his
1308 2315 1578 2387 przeclaris
1614 2312 1995 2371 certaminibus

407 2411 790 2467 reconduntur.

501 2544 868 2604 CLXXXIII.
917 2543 1172 2616 Hesychia
1216 2543 1452 2614 episcopo
1497 2541 1767 2598 Safonensi
1806 2537 1904 2612 (a).

999 2636 1177 2707 (Auno
1215 2633 1368 2706 406.)

482 2771 596 2827 Etsi
627 2783 823 2841 magno
851 2768 1058 2824 itineris
1081 2768 1362 2824 intervallo
1388 2782 1419 2823 a
1445 2768 1744 2824 reverentia
1774 2776 1862 2823 tua
1883 2766 1992 2822 dis-

402 2863 693 2934 iungimur,
735 2870 789 2917 et
809 2859 874 2915 ad
896 2869 1170 2916 extremos
1199 2874 1366 2930 usque
1392 2859 1539 2914 orbis
1563 2868 1824 2914 terrarum
1859 2859 1992 2914 fines

403 2957 627 3027 relegati
663 2969 882 3020 sumus;
919 2963 1093 3008 tamen
1131 2953 1232 3008 levi
1265 2953 1503 3008 caritatis
1540 2967 1714 3023 penna
1757 2959 1990 3021 utentes,

401 3063 524 3116 quae
555 3045 737 3100 faciles
763 3044 940 3099 reddit
966 3043 1227 3114 ejusmodi
1268 3043 1726 3114 peregrinationes
1746 3082 1762 3111 ,
1787 3052 1843 3100 et
1869 3061 1994 3115 pro-

403 3137 587 3208 pinqui
610 3151 795 3190 sumus
819 3135 934 3201 tibi,
958 3145 1012 3190 et
1036 3145 1207 3189 tecum
1237 3147 1534 3200 versamur,
1559 3148 1622 3189 ac
1641 3134 1874 3189 debitam
1897 3150 1993 3205 per

406 3229 590 3283 literas
615 3227 990 3282 salutationem
1014 3225 1396 3294 persolvimus,
1421 3230 1582 3294 teque
1610 3224 1908 3289 hortamur,
1935 3232 1994 3279 ut

405 3321 471 3375 ad
496 3317 759 3390 juvandas
801 3317 1032 3373 Orientis
1075 3314 1345 3371 Ecelesias
1377 3315 1708 3371 conveniens
1758 3314 1990 3371 studium

405 3411 681 3466 adhibeas.
711 3407 829 3464 Scis
873 3409 1015 3463 enim
1045 3414 1239 3478 quanta
1268 3406 1338 3460 sit
1376 3414 1559 3476 parata
1589 3418 1796 3461 merces
1829 3406 1879 3461 ei
1901 3406 1991 3476 qui

407 3501 668 3558 divetatis
697 3483 948 3556 Ecelesiis
973 3513 1188 3554 manum
1213 3497 1530 3568 porrexerit,
1557 3505 1612 3553 et
1637 3505 1835 3552 tantam
1861 3512 1987 3568 pro-

403 3595 596 3651 cellam
625 3593 678 3648 in
707 3593 1140 3663 tranquillitatem
1167 3591 1512 3659 converterit,
1542 3606 1604 3647 ac
1633 3591 1830 3647 bellum
1857 3591 1994 3647 adeo

405 3702 566 3758 grave
593 3686 922 3742 restinxerit.
956 3686 1128 3755 Atque
1167 3683 1234 3738 ad
1267 3684 1380 3739 hate
1407 3697 1506 3738 vos
1531 3683 1808 3738 hortamur
1831 3723 1847 3750 ,
1884 3697 1990 3738 non

405 3778 559 3849 quasi
583 3776 950 3833 admonitione
976 3787 1158 3831 nostra
1197 3775 1511 3846 iudigeatis;
1541 3775 1801 3846 siquidem
1837 3785 1991 3830 ante-

406 3887 563 3941 quam
587 3880 798 3925 nostras
822 3870 1005 3924 literas
1025 3868 1388 3940 accepissetis,
1419 3882 1538 3938 quze
1564 3867 1728 3923 vestri
1756 3867 1993 3923 muneris

407 3972 584 4030 erant,
629 3963 729 4033 ipsi
769 3961 1094 4032 praestitistis
1140 3978 1154 4014 :
1200 3959 1293 4016 sed
1340 3959 1462 4030 quia
1512 3958 1746 4014 nondum
1787 3959 1992 4014 sublata

406 4063 532 4112 sunt
556 4054 716 4120 mala,
749 4053 844 4108 sed
870 4052 1043 4107 adhuc
1076 4051 1258 4123 vigent
1294 4061 1348 4107 et
1376 4061 1588 4123 urgent,
1617 4065 1830 4106 oramus
1854 4066 1952 4107 vos
1975 4095 1991 4120 ,

409 4156 466 4201 ut
506 4159 575 4200 ne
618 4145 797 4200 animo
843 4142 1173 4207 concidatis,
1215 4157 1390 4212 neque
1427 4143 1582 4197 malis
1619 4142 1858 4210 cedatis,
1899 4143 1995 4198 sed

407 4235 660 4308 quamdiu
691 4243 908 4289 manent
935 4233 1146 4297 ulcera,
1175 4233 1365 4302 quibus
1405 4233 1662 4288 Ecclesize
1689 4248 1883 4304 corpus
1911 4232 1997 4288 af-

411 4329 628 4400 fligitur,
656 4337 831 4384 vestra
857 4325 1244 4381 medicamenta
1273 4325 1588 4380 adhibeatis.
1614 4326 1824 4394 Quanto
1853 4327 1995 4382 enim

413 4420 653 4492 pluribus
678 4435 799 4474 cum
822 4417 1094 4474 laboribus
1124 4433 1211 4472 res
1228 4427 1506 4487 geruntur,
1533 4426 1681 4473 tanto
1711 4419 1860 4476 vobis
1885 4434 2000 4475 am-

415 4513 552 4583 plior
578 4512 740 4568 etiam
769 4525 978 4566 merces
1007 4509 1382 4565 cunstituetur.

413 4646 688 4702 CLXXXI
707 4645 764 4702 V.
785 4645 1068 4701 Gaudentio
1089 4645 1320 4716 episcopo
1333 4643 1577 4700 Bn‘xiano
1597 4645 1696 4717 (ὁ).
1725 4646 1923 4717 (Anno,
1944 4658 2002 4704 ut

1015 4744 1246 4807 putatur,
1276 4737 1429 4807 406.)

485 4873 626 4929 Nihil
655 4888 753 4929 nos
787 4873 916 4929 latet
945 4887 1123 4928 rerum
1158 4880 1390 4940 tuarum,
1423 4871 1518 4926 sed
1559 4880 1824 4945 tamquam
1866 4890 2002 4945 pra:-

417 4973 597 5020 sentes
637 4965 806 5035 probe
846 4963 1097 5020 novimus
1139 4963 1371 5019 studium
1416 4972 1597 5028 tuum,
1646 4965 1996 5037 vigilantiam,

420 5072 598 5125 curas,
629 5055 840 5112 labores
884 5072 1019 5128 quos
1059 5072 1158 5128 pro
1194 5056 1422 5113 veritate
1467 5058 1772 5130 suscepiSIi,
1803 5059 2002 5133 tibique

425 5152 666 5220 ingentes
689 5149 889 5220 gratias
924 5151 1130 5220 agimus
1158 5167 1172 5203 :
1211 5164 1387 5221 neque
1423 5149 1746 5207 mediocrem
1776 5153 1829 5208 in
1857 5161 2002 5210 tanta

421 5244 677 5313 degentes
703 5241 989 5299 solitudine
1018 5243 1438 5300 consolationem
1487 5242 1762 5301 haurimus
1799 5263 1864 5302 ex
1897 5255 2003 5304 tua:

420 5333 657 5388 caritatis
681 5332 872 5389 ardore
905 5347 970 5388 ac
1011 5334 1338 5402 sinceritate,
1379 5333 1549 5404 cujus,
1577 5335 1703 5390 dum
1742 5337 1828 5392 hic
1857 5339 2001 5408 peri-

423 5426 597 5480 culum
642 5423 896 5491 fecimus,
928 5423 1048 5480 istic
1091 5424 1594 5496 quoque‘integr'am
1642 5426 1787 5481 illam
1825 5428 2002 5500 vigere

484 5535 558 5604 _(a)
593 5535 855 5605 Hesychius
890 5534 1172 5605 Salonensis
1207 5537 1464 5605 episcopus
1500 5536 1586 5590 ille
1625 5545 1821 5601 putatur
1858 5553 2000 5605 esse,

423 5600 560 5660 ettjus
583 5599 744 5647 exstat
765 5599 1139 5660 commentarius
1159 5599 1208 5660 in
1226 5599 1504 5648 Leviticum.

488 5658 562 5723 (ὑ)
587 5659 836 5709 Gaudentii
862 5659 1067 5723 Brixiani
1092 5659 1302 5723 episcopi
1323 5668 1517 5723 exstant
1537 5673 1791 5714 sermones
1812 5664 1862 5715 in
1884 5672 2004 5720 Exo-

425 5717 616 5774 dutn'et
638 5725 686 5772 iu
709 5717 985 5785 Evangelia,
1009 5717 1157 5783 atque
1180 5717 1273 5770 aliti
1294 5721 1514 5785 quaedam
1536 5725 1782 5787 opuscula.

1135 267 1192 329 3.
1232 265 1509 328 JOANNIS
1544 258 2019 324 CHRYSOSTOMI
2055 260 2374 325 ARCHIEP.
2411 264 2954 326 CONSTANTINOP.

3571 267 3676 324 716

2097 383 2464 452 cognovimus,
2493 398 2592 439 nec
2619 384 2725 439 ullo
2745 385 2906 439 modo
2924 391 3014 440 aut
3037 388 3292 456 temporis
3311 385 3666 449 diuturnitate

2093 482 2186 528 aut
2231 474 2436 531 itineris
2481 475 2805 546 longitudine
2831 477 3156 532 debilitatam
3199 479 3381 536 fuisse.
3429 482 3546 550 Quo
3581 499 3679 538 no-

2100 562 2243 618 mine
2269 564 2489 619 multam
2517 565 2610 621 tibi
2637 567 2861 636 gratiam
2889 567 3166 633 habemus,
3198 579 3354 640 teque
3381 571 3680 642 hortamur,

2095 666 2154 710 ut
2211 657 2266 711 in
2322 657 2564 714 instituto
2600 674 2822 730 pergas,
2881 669 2936 715 et
2978 660 3117 715 idem
3175 676 3390 734 semper
3443 665 3682 720 studium

2096 763 2208 818 prae
2237 757 2290 806 te
2331 750 2493 806 feras.
2542 751 2657 806 Non
2683 752 2826 807 enim
2865 753 3099 824 ignoras,
3142 764 3272 825 quot
3317 755 3680 812 Ecclesiarum

2096 841 2243 896 salus
2271 857 2411 896 nunc
2432 851 2617 912 agatur
2635 885 2651 910 ,
2673 852 2728 898 et
2755 859 2913 914 quam
2940 845 3192 900 eximium
3223 844 3454 901 futurum
3485 849 3554 903 sit
3579 848 3683 904 hoc

2096 949 2250 1004 opus.
2280 935 2404 991 Hac
2435 936 2594 1007 igitur
2613 937 2872 1008 cogitans,
2895 937 3112 993 domine
3138 937 3210 993 mi
3235 939 3683 996 reverendissime

2095 1040 2158 1082 ac
2188 1027 2624 1097 religiosissime,
2655 1029 2707 1083 in
2749 1028 2938 1084 eodem
2983 1029 3159 1084 studio
3201 1045 3547 1100 perseverare
3595 1032 3685 1086 di-

2095 1132 2258 1188 gnare
2291 1137 2303 1172 :
2330 1118 2407 1173 sic
2434 1118 2576 1174 enim
2603 1121 2713 1186 fiet,
2745 1129 2802 1175 ut
2829 1121 3034 1191 exiguis
3059 1121 3332 1178 laboribus
3370 1124 3684 1190 exantlatis,

2096 1209 2418 1266 immortalia
2463 1213 2616 1269 vobis
2643 1229 2742 1285 pro
2786 1214 2870 1270 his
2901 1215 3173 1286 praeclaris
3209 1217 3592 1272 certaminibus
3629 1220 3686 1273 in

2094 1301 2228 1356 ca-lo
2258 1304 2472 1372 przemia
2510 1305 2833 1361 recondatis.
3081 1302 3088 1306 ’

2163 1439 2484 1497 CLXXXV.
2532 1442 2798 1499 Pentadio:
2833 1446 3150 1503 diaconiuaa.
3188 1447 3366 1520 (Anno
3399 1449 3524 1516 405,
3553 1458 3611 1505 ut

2755 1537 3017 1610 putatur.)

2165 1667 2429 1723 Diuturno
2449 1668 2662 1725 silentio
2681 1684 2775 1724 usa
2801 1684 2881 1735 es,
2905 1671 3114 1726 tametsi
3141 1671 3291 1727 multi
3316 1680 3466 1728 erant
3494 1674 3582 1744 qui
3606 1673 3679 1728 ad

2095 1773 2194 1814 nos
2216 1760 2371 1815 istinc
2386 1759 2868 1830 proficiscerentur.
2889 1760 3026 1830 Quid
3051 1777 3178 1833 ergo
3198 1762 3410 1818 tandem
3435 1765 3485 1818 in
3513 1780 3675 1820 causa

2095 1851 2231 1906 fuit?
2257 1867 2384 1906 num
2419 1866 2599 1906 rerum
2629 1851 2988 1921 perturbatio?
3024 1853 3209 1920 Absit;
3251 1853 3352 1908 hoc
3384 1869 3483 1924 ego
3523 1855 3592 1910 de
3631 1867 3685 1911 te

2095 1955 2382 2012 numquam
2403 1941 2626 1996 dixerim
2655 1959 2668 1996 :
2699 1943 2820 1998 novi
2842 1944 3036 2014 quippe
3062 1959 3306 2014 magnum
3333 1955 3387 2000 et
3411 1947 3684 2002 excelsum

2093 2033 2330 2088 animum
2359 2041 2528 2100 tuum,
2549 2033 2638 2104 qui
2676 2034 2761 2090 vel
2787 2034 2838 2088 in
2868 2035 3047 2090 multis
3079 2037 3477 2107 tempestatibus
3508 2048 3686 2108 potest

2095 2124 2401 2181 felicissime
2427 2127 2702 2196 navigare,
2736 2136 2895 2196 atque
2934 2128 2986 2182 in
3028 2129 3218 2184 mediis
3252 2129 3497 2185 ﬂuetibus
3527 2142 3683 2186 trau-

2095 2219 2356 2290 quillitate
2383 2232 2569 2289 magna
2611 2217 2732 2273 frui.
2777 2219 2832 2273 Id
2864 2234 2992 2274 vero
3023 2229 3074 2274 tu
3107 2221 3265 2276 rebus
3296 2222 3427 2292 ipsis
3454 2223 3684 2278 demon-

2096 2310 2296 2376 strasti,
2318 2318 2634 2380 tuorumque
2659 2310 2840 2364 nuntia
2865 2322 3011 2365 recte
3030 2310 3286 2366 factorum
3314 2313 3380 2366 ad
3409 2322 3685 2370 extremos

2098 2415 2265 2471 usque
2294 2400 2428 2455 fines
2453 2401 2596 2456 orbis
2623 2409 2887 2454 terrarum
2914 2399 3048 2455 fama
3073 2403 3334 2470 pervenit,
3360 2413 3416 2459 et
3441 2405 3683 2458 omnium

2096 2506 2190 2547 ore
2229 2489 2482 2558 laudaris,
2525 2489 2665 2561 quod
2705 2505 2826 2546 cum
2859 2491 2911 2544 in
2939 2505 3044 2545 uno
3086 2492 3372 2546 constituta
3420 2493 3494 2548 sis
3539 2494 3681 2561 loco,

2097 2583 2253 2653 longe
2296 2582 2510 2638 dissitas
2553 2583 2752 2638 excites
2791 2591 2877 2636 tua
2916 2583 3132 2653 pietate,
3185 2594 3343 2654 atque
3392 2585 3686 2640 alacriores

2095 2672 2317 2729 efficias.
2345 2673 2598 2740 Quzenam
2644 2673 2803 2744 igitur
2839 2681 2923 2729 est
2952 2688 3111 2728 causa
3149 2675 3383 2730 silentii?
3421 2675 3685 2746 Equidem

2096 2764 2276 2822 dicere
2301 2766 2520 2842 minime
2547 2781 2783 2836 possum.
2806 2766 2973 2821 Tuam
3001 2776 3178 2823 autem
3208 2784 3305 2824 oro
3344 2770 3683 2838 suavitatem,

2097 2867 2156 2914 ut
2174 2874 2270 2929 per
2301 2874 2427 2915 eum
2453 2858 2544 2929 qui
2565 2859 2746 2914 literas
2769 2860 2950 2930 pietati
2978 2869 3079 2914 tuae
3112 2860 3282 2916 tradet
3307 2861 3359 2916 in
3387 2877 3593 2928 manus,
3615 2863 3689 2920 de

2097 2963 2186 3008 tua
2209 2952 2534 3021 valetudine,
2563 2953 2944 3024 tranquillitate
2972 2953 3135 3008 animi
3159 2969 3222 3009 ac
3246 2956 3532 3010 securitate
3559 2971 3686 3011 eum

2097 3057 2207 3114 tua,
2231 3055 2342 3102 tum
2369 3045 2634 3101 universae
2671 3045 2864 3101 domus
2896 3056 3020 3112 tute,
3048 3047 3307 3103 certiores
3341 3063 3438 3102 nos
3469 3047 3630 3104 facias
3669 3067 3685 3103 :

2095 3147 2154 3195 ut
2182 3139 2306 3195 licet
2343 3146 2489 3193 tanto
2527 3152 2557 3191 a
2588 3145 2640 3192 te
2669 3137 2950 3192 intervallo
2995 3139 3245 3208 sejuncti,
3290 3147 3449 3208 atque
3486 3139 3538 3193 in
3576 3150 3688 3194 tant

2095 3229 2318 3286 molesta
2347 3227 2603 3299 degentes
2623 3227 2930 3294 solitudine,
2974 3229 3197 3282 multum
3237 3243 3302 3284 ex
3331 3229 3591 3299 ejusmodi
3617 3231 3691 3285 li-

2097 3319 2225 3377 teris
2250 3320 2605 3392 percipiamus
2634 3318 2902 3374 solatium.
3679 3305 3682 3307 λ

2291 3452 2646 3511 CLXXXVI.
2677 3455 2882 3527 Alypio.
2916 3453 3150 3524 (Cucuso
3179 3471 3318 3511 anno
3341 3455 3490 3527 404.)

2168 3587 2248 3643 Τιι
2270 3587 2487 3658 quidem
2515 3587 2717 3644 veritus
2740 3602 2819 3653 es,
2848 3603 2936 3656 ne,
2972 3588 3113 3660 quod
3151 3590 3298 3659 prior
3322 3589 3388 3644 ad
3419 3605 3518 3645 nos
3556 3593 3692 3648 scri-

2097 3680 2318 3751 psisses,
2365 3681 2419 3735 in
2460 3681 2898 3751 praecipitationis
2941 3681 3412 3750 reprehensionem
3452 3683 3694 3739 incurre-

2097 3787 2229 3829 res:
2264 3773 2393 3844 ipsis
2427 3773 2569 3828 enim
2613 3773 2716 3829 tuis
2761 3783 2882 3828 utar
2920 3774 3127 3841 verbis;
3164 3789 3265 3846 ego
3308 3791 3437 3831 vero
3484 3786 3691 3832 tantum

2097 3867 2270 3936 abest,
2295 3876 2352 3923 ut
2378 3867 2598 3939 hujusce
2619 3869 2696 3924 rei
2727 3869 2818 3924 tibi
2837 3870 3100 3926 actionem
3125 3870 3416 3940 intendam,
3444 3883 3500 3928 ut
3525 3875 3690 3930 etiam

2101 3960 2440 4031 negligentiae
2475 3969 2692 4030 propter
2734 3960 3034 4016 tarditatem
3081 3970 3135 4017 te
3177 3978 3446 4031 accusem,
3483 3973 3538 4020 et
3576 3982 3694 4020 am-

2099 4052 2238 4122 plius
2258 4061 2380 4108 ante
2401 4051 2682 4118 laudarim,
2714 4066 2835 4106 cum
2866 4052 3014 4122 prior
3041 4051 3222 4109 literas
3259 4054 3325 4109 ad
3376 4071 3474 4110 nos
3513 4057 3694 4111 misis-

2100 4159 2207 4200 ses.
2241 4147 2412 4216 Atque
2442 4144 2545 4199 hoc
2571 4160 2668 4215 ego
2693 4143 2834 4212 dico,
2864 4153 2922 4199 ut
2949 4153 3036 4199 tua
3068 4145 3235 4215 ipsius
3255 4147 3516 4202 sententia
3543 4148 3610 4202 ad
3637 4148 3692 4202 id

2100 4238 2550 4310 comprobandum
2581 4245 2700 4292 utar
2730 4255 2744 4292 :
2776 4237 2852 4292 sic
2879 4238 3018 4293 enim
3047 4237 3246 4302 dixisti,
3291 4239 3391 4294 hoc
3419 4240 3690 4310 praecipue

2100 4330 2462 4401 propensioris
2488 4344 2609 4384 esse
2637 4328 2908 4396 amicitite,
2950 4340 3008 4384 ut
3046 4329 3206 4384 etiam
3243 4340 3480 4386 tacentes
3517 4332 3693 4388 literis

2101 4424 2448 4494 appellemus.
2477 4421 2702 4491 Quando
2729 4423 2888 4494 igitur
2906 4430 2960 4477 et
2984 4423 3418 4493 prmeipitationis
3437 4438 3500 4478 ac
3520 4434 3693 4480 teme-

2104 4514 2272 4571 ritatis
2301 4523 2473 4569 metus
2495 4522 2578 4568 est
2601 4523 2903 4584 exemptus,
2945 4529 3050 4584 quo
3074 4514 3190 4568 sine
3224 4529 3383 4569 causa
3411 4525 3695 4585 correptus

2109 4606 2306 4673 fueras,
2335 4605 2511 4660 ethoc
2539 4605 2707 4675 ipsum
2735 4605 2953 4675 majoris
2975 4603 3229 4660 indicium
3251 4604 3487 4661 caritatis
3510 4616 3695 4662 osten-

2105 4714 2223 4754 sum
2253 4707 2356 4763 est,
2389 4698 2652 4768 ingentem
2681 4696 2745 4751 ad
2774 4711 2874 4752 nos
2899 4695 3152 4766 deinceps
3183 4697 3456 4752 literarum
3481 4698 3696 4768 cepiam

2105 4791 2277 4846 mitte.
2303 4789 2418 4844 Non
2440 4789 2581 4843 enim
2615 4796 2665 4844 te
2693 4787 2824 4858 fugit
2847 4802 2954 4858 quo
2978 4787 3159 4842 animo
3183 4803 3307 4859 erga
3341 4797 3488 4843 tuam
3515 4791 3698 4844 suavi-

2109 4894 2270 4940 tatem
2295 4883 2470 4939 afl‘ecti
2497 4892 2549 4938 et
2571 4881 2845 4949 fuerimus,
2875 4892 2928 4937 et
2953 4883 3138 4937 simus.
3167 4883 3298 4937 Nam
3326 4883 3449 4938 licet
3474 4883 3529 4939 in
3553 4884 3698 4940 hunc

2107 4975 2530 5033 desertissimum
2573 4975 2746 5031 locum
2786 4975 3004 5047 relegati
3052 4977 3254 5043 simus,
3285 4977 3409 5032 licet
3436 4977 3508 5032 ad
3549 4977 3698 5048 ipsos

2107 5070 2252 5125 orbis
2283 5080 2541 5124 terrarum
2571 5069 2783 5123 ultimos
2810 5068 2959 5131 fines,
2985 5069 3208 5124 sincera:
3240 5078 3340 5124 tute
3369 5070 3698 5142 minimeque

2108 5161 2296 5217 fucata:
2321 5162 2555 5217 caritatis
2581 5161 2820 5217 oblivisci
2860 5176 2966 5216 non
3004 5176 3308 5232 possumus,
3337 5161 3432 5218 sed
3471 5163 3698 5234 singulis

2105 5255 2294 5310 diebus
2320 5253 2463 5308 illam
2493 5263 2672 5310 mente
2697 5269 2910 5310 versare
2933 5269 3036 5308 non
3058 5253 3375 5324 desinimus,
3398 5256 3699 5325 ultimaeque

2110 5359 2211 5404 tuae
2243 5348 2464 5402 virtutes
2491 5346 2858 5403 recordatione
2886 5347 3038 5403 nobis
3065 5348 3338 5418 effingere.
3369 5349 3444 5403 Ac
3466 5363 3698 5418 cupere-

2108 5456 2225 5496 mus
2250 5438 2464 5510 quidem
2491 5439 2730 5494 crebrius
2754 5439 2820 5495 ad
2848 5455 2942 5494 vos
2971 5439 3209 5495 scribere
3245 5457 3258 5494 :
3304 5439 3398 5495 sed
3439 5440 3698 5510 quoniam

2110 5534 2162 5589 id
2189 5533 2339 5587 nobis
2362 5543 2445 5586 est
2470 5531 2699 5596 difficile,
2732 5534 2872 5603 quia
2903 5532 3054 5588 vobis
3079 5531 3214 5588 adeo
3235 5532 3463 5603 sejuncti
3487 5549 3695 5597 sumus,

2112 5625 2264 5681 vobis
2288 5632 2466 5679 autem
2491 5623 2758 5694 perfacile,
2787 5625 3063 5681 hortamur
3079 5640 3197 5694 vos,
3217 5635 3275 5679 ut
3294 5625 3603 5696 frequentes
3630 5626 3700 5679 ad

2111 5733 2208 5776 nos
2232 5717 2411 5773 literas
2445 5713 2512 5772 de
2552 5725 2726 5773 vestra
2759 5715 3023 5788 totiusque
3054 5713 3248 5768 domus
3275 5722 3469 5770 vestrae
3499 5716 3708 5769 valetu-
