4064 6218
397 334 502 389 747

404 448 464 502 ἐν
492 445 744 518 ἀλλοτρία
765 443 1151 518 διατρίϐοντες,
1193 443 1387 514 πολλὴν
1426 438 1829 512 καρπωσόμεθα
1871 433 1969 507 τὴν

402 538 764 611 παράκλησιν.

920 669 1098 722 ΡΠΖ.
1117 667 1440 734 Προκοπὶῳ.

487 801 672 870 Ὄλίγα
696 801 797 872 μέν
832 818 913 854 σοι
942 801 1337 873 ωνεγενόμεθα
1375 799 1581 865 αὑτόθι,
1609 797 1842 852 δέσποτά
1871 812 1970 868 μου

405 895 1051 968 θαυμασιώτατε,πολλὴν
1077 896 1132 949 δέ
1158 913 1250 948 σου
1283 895 1380 966 τὴν
1405 897 1598 965 πεῖραν
1622 893 1719 963 τῆς
1747 891 1975 961 γνησίας

407 986 706 1055 εἰλήφαμεν
737 986 990 1056 ἀγάπης,
1013 986 1104 1039 καὶ
1140 986 1236 1055 1?};
1260 985 1611 1055 ἀπράγμονος
1633 982 1829 1052 ψυχῆς,
1884 978 1976 1032 καὶ

407 1077 502 1147 τῆς
525 1077 750 1148 γνησίας
782 1078 874 1130 καὶ
907 1078 1112 1150 θερμῆς
1141 1076 1451 1139 διαθέσεως.
1469 1075 1559 1127 Διὸ
1575 1075 1666 1127 καὶ
1691 1073 1824 1144 πρὸς
1843 1071 1979 1124 αύτά

407 1168 508 1236 τῆς
534 1169 854 1238 οἰκουμένης
882 1169 1283 1238 ἀπῳκισθέντες
1312 1168 1379 1220 τὰ
1411 1167 1676 1238 τέρματα,
1707 1165 1800 1219 καὶ
1844 1162 1979 1234 πρὸς

409 1259 580 1330 αὐτὴν
608 1261 706 1329 τὴν
753 1260 986 1330 ἐσχάτην
1019 1260 1252 1330 ἐρημίαν
1293 1257 1681 1328 ἀπενεχθέντες
1711 1267 1758 1319 α,
1795 1255 1882 1308 διὰ
1920 1253 1980 1306 τὸ

412 1349 685 1419 πανταχοῦ
719 1366 778 1401 σε
827 1350 1160 1420 περιφέρειν,
1200 1351 1443 1419 ὅπουπερ
1469 1349 1538 1402 ἂν
1573 1347 1842 1417 ἀπίωμεν,
1890 1345 1983 1397 καὶ

414 1440 557 1510 ἔχειν
588 1441 1056 1511 ἐγκεκολαμμένον
1081 1441 1158 1511 τῷ
1181 1441 1462 1506 συνειδότι,
1489 1443 1582 1495 καὶ
1610 1438 1893 1510 γράφομεν
1921 1437 1985 1488 ἐκ

415 1532 667 1586 τοσούτου
707 1532 1091 1603 διαστήματος,
1136 1535 1230 1586 καὶ
1275 1534 1374 1604 τὴν
1423 1531 1777 1602 ὀφειλομένην
1802 1527 1987 1582 ἀποδι-

415 1619 613 1690 δόαμεν
648 1621 965 1692 πρόσρησιν·
997 1623 1088 1675 καί
1119 1640 1210 1675 σου
1249 1621 1670 1694 παρακαλοῦμεν
1694 1622 1792 1691 τὴν
1817 1618 1989 1690 ἐμμέ-

417 1711 586 1777 λειαν,
612 1714 662 1764 εί
688 1714 760 1783 μὴ
795 1713 932 1784 βαρὺ
975 1715 1068 1766 καὶ
1097 1714 1354 1785 ἐπαχθὲς,
1387 1715 1482 1767 καὶ
1517 1715 1679 1766 αὑτὸν
1703 1714 1836 1783 ἡμῖν
1861 1711 1989 1765 ταύο

417 1818 518 1873 την
546 1804 802 1874 παρέχειν
828 1806 925 1874 τὴν
949 1805 1315 1877 χάριν,καὶτά
1346 1821 1410 1858 πε
1421 1805 1471 1876 ρ).
1494 1804 1591 1875 τῆς
1617 1803 1804 1872 ὑγείας
1829 1801 1990 1870 εὑαγ-

419 1893 726 1960 γελίξεσθαι
762 1897 903 1966 ἡμᾶς
937 1897 1036 1966 τῆς
1059 1897 1176 1967 σῆς.
1205 1895 1565 1966 Μανθάνομεν
1594 1894 1706 1966 γάρ
1726 1892 1866 1946 αὑτά
1897 1890 1992 1945 καὶ

426 1985 500 2056 μὴ
515 1985 833 2056 γράφοντος,
849 1986 975 2050 τοὺς
995 1989 1200 2041 ἐκεῖθεν
1216 1987 1642 2058 ἀφικνουμένους
1656 1983 1989 2058 ἐρωτῶντες,

421 2071 511 2125 δ.ὰ
534 2072 594 2124 τὸ
625 2072 825 2145 σφόδρα
862 2075 1323 2145 περισπούδαστον
1355 2072 1493 2129 εἶναι
1529 2077 1660 2145 ἡμῖν
1694 2072 1891 2126 ειδέναι
1926 2071 1996 2124 τά

425 2164 554 2234 περὶ
601 2165 699 2234 τῆς
745 2165 963 2235 ῥώσεως
1021 2169 1120 2237 τῆς
1167 2167 1266 2237 σῆς
1313 2167 1408 2219 καὶ
1435 2167 1530 2238 τῆς
1571 2165 1992 2236 εύδοκιμήσεωςο

428 2254 726 2326 βουλόμεθα
769 2257 825 2308 δὲ
872 2257 966 2309 καὶ⁸
994 2258 1144 2328 παρὰ
1172 2258 1273 2329 τῆς
1304 2258 1549 2329 γλώττης
1595 2259 1692 2329 τῆς
1727 2257 1850 2323 σῆς,
1903 2254 1997 2308 καὶ

430 2344 581 2414 παρά
605 2345 707 2413 τῆς
729 2346 910 2415 χειρὸς
935 2349 1034 2418 1?};
1069 2349 1167 2418 σῆς
1198 2349 1367 2402 ταῦτα
1401 2349 1710 2420 δηλοῦσθαι,
1740 2348 1880 2401 ὥστε
1917 2345 1998 2397 δι-

431 2429 727 2504 πλῆνημᾶς
753 2437 1092 2507 καρποῦσθαι
1118 2439 1144 2478 δ
1174 2440 1272 2510 τὴν
1296 2441 1629 2511 ήδονὴν,άπό
1650 2457 1710 2492 τε
1740 2438 1830 2492 τοῦ
1861 2439 1999 2509 γράο

432 2543 573 2596 φειν,
597 2529 705 2582 ἀπό
741 2546 799 2583 τε
828 2529 920 2583 τοῦ
950 2533 1251 2602 γράμματα
1269 2532 1515 2603 δέχεσθαι
1535 2532 1685 2605 παρὰ
1721 2535 1820 2602 τῆς
1843 2533 1999 2600 εὑγε-

433 2619 577 2684 νείας
600 2624 697 2692 τῆς
733 2625 848 2694 σῆς.
863 2623 1014 2676 Δίδου
1031 2624 1087 2678 δέ
1104 2625 1445 2696 ταύτηνήμῖν
1468 2624 1566 2696 τὴν
1585 2625 1764 2697 χάριν,
1783 2624 2002 2694 ἡδίστην

433 2729 492 2766 τε
507 2711 670 2769 οὖσαν
689 2717 779 2768 καὶ
805 2716 1043 2787 εὔλογον,
1069 2718 1162 2772 καὶ
1188 2719 1430 2788 πολλὴνῂ
1441 2721 1528 2790 μῖν
1545 2717 1888 2792 παρέχουσαν
1907 2717 2003 2788 τὴν

439 2808 791 2880 εὐφροσύνην.

901 2926 1086 2979 PIIH'.
1131 2927 1538 2995 Μαρκελλίνῳ.

506 3033 604 3099 El;
637 3037 732 3106 μὲν
764 3037 896 3118 αὑτὸ
933 3038 994 3091 τὸ
1041 3039 1256 3094 πάντων
1288 3040 1622 3112 ἐρημότατον
1663 3037 1859 3112 χωρίον
1905 3035 2010 3089 ἀπ-

369 3169 380 3179 ..
441 3124 708 3195 ἡχθημεν,
749 3127 848 3198 τὴν
884 3129 1190 3183 Κουκουσόν
1222 3141 1267 3169 ε·
1313 3130 1450 3201 πλὴν
1497 3131 1624 3183 ὅταν
1663 3130 1762 3196 τὴν
1794 3128 2012 3198 ἀγάπην

443 3215 598 3285 ὑμῶν
631 3215 737 3270 τῶν
781 3217 1077 3286 φιλούντων
1128 3221 1276 3290 ἡμᾶς
1333 3221 1694 3292 ἐννοήσωμεν,
1753 3219 2014 3290 μεγίστην

443 3325 514 3361 κα
523 3308 656 3379 ρπού
664 3308 802 3380 μεθα
819 3311 1180 3382 παράκλησιν,
1201 3315 1256 3366 ἐν
1272 3313 1476 3384 ἐρημίᾳ
1493 3314 1864 3376 πλουτοῦντες.
1881 3310 2014 3368 Οὑδέ

444 3399 554 3470 γάρ
582 3399 798 3470 ότυχὼν
824 3402 1115 3474 θησαυρὸς,
1146 3405 1353 3476 ἀνδρῶν
1381 3407 1762 3476 ἐπιτυγχάνειν
1779 3407 2016 3478 γνησίως

446 3489 618 3560 φιλεῖν
675 3492 910 3548 εἰδότων.
969 3494 1069 3548 Διά
1113 3495 1176 3566 δὴ
1235 3495 1392 3550 τοῦτο
1419 3496 1519 3551 κᾶν
1570 3499 1644 3570 μὴ
1679 3499 1757 3569 τῷ
1805 3499 2016 3570 σώματι

447 3583 732 3656 παρῶμεν,
763 3586 890 3654 ὑμῖν
926 3589 992 3658 τῇ
1025 3587 1171 3659 ψυχῇ
1203 3588 1581 3660 πνδεδέμεοα,
1603 3594 1668 3662 τῇ
1686 3593 1782 3662 τῆς
1797 3593 2018 3663 ἀγάπης

447 3675 636 3729 ἁλύσει
675 3679 1045 3749 σφῑγγόμενοι.
1081 3681 1242 3734 Ὅθεν
1271 3683 1365 3736 καὶ
1397 3683 1782 3756 ἐπιστέλλομεν
1827 3688 1890 3739 ἐκ
1931 3703 2020 3739 το·

452 3770 642 3824 σούτου
681 3772 1068 3842 διαστήματος,
1105 3774 1198 3826 καὶ
1230 3775 1328 3845 τὴν
1365 3775 1717 3846 ὀφειλομένην
1750 3776 2024 3830 ἀποδιδόαο

455 3879 554 3933 μεν
597 3864 918 3936 πρόσρησιν.
962 3866 1081 3918 Ὀτι
1111 3867 1217 3939 γάρ
1239 3871 1320 3933 είς
1368 3870 1492 3932 τοὺς
1521 3868 1767 3940 πρώτους
1797 3885 1857 3921 σε
1913 3868 2022 3921 τῶν

454 3955 696 4026 ἐραστῶν
759 3958 1078 4030 ἐγράψαμεν
1142 3960 1250 4014 τῶν
1309 3961 1615 4032 ἡμετέρων,
1680 3960 1800 4014 οὑδέ
1863 3960 2023 4024 αὑτὸς

452 4048 684 4115 ἀγνοεῖς,
719 4049 953 4102 δέσποτά
1007 4067 1111 4120 μου
1147 4050 1583 4122 θαυμασιώτατε.
1612 4051 1762 4105 Δίδου
1805 4050 1869 4122 δὴ
1930 4051 2024 4105 καὶ

455 4137 616 4200 αὑτὸς
642 4137 844 4208 ταύτην
885 4142 1017 4210 ἡμῖν
1041 4141 1138 4211 τὴν
1169 4141 1348 4214 χάριν,
1372 4143 1466 4195 καὶ
1492 4142 1728 4212 συνεχῶς
1751 4143 1883 4212 ἡμῖν
1907 4140 2028 4193 ἐπί-

457 4231 662 4296 στελλε,
682 4230 750 4284 τά
780 4232 908 4304 περὶ
932 4231 1030 4302 τῆς
1058 4233 1244 4302 ὑγείας
1267 4233 1366 4302 τῆς
1397 4234 1494 4303 σῆς
1522 4232 2024 4303 εὐαγγελιζόμενος,

456 4324 543 4378 ἵνα
573 4324 667 4378 καὶ
708 4324 788 4394 τῷ
816 4323 1066 4394 γράφειν,
1101 4324 1194 4376 καὶ
1224 4322 1301 4394 τῷ
1328 4323 1573 4394 δέχεσθαι
1609 4321 1862 4384 τοιαύτας
1904 4322 2028 4373 ἐπι-

455 4416 670 4482 στολάς,
720 4414 920 4486 πολλὴν
966 4413 1388 4487 καρπωσώμεθα
1417 4412 1516 4484 τὴν
1550 4412 1903 4484 παραμυθίαν
1933 4413 2027 4466 καὶ

455 4507 812 4579 εὐφροσύνην,
841 4507 936 4560 καὶ
973 4508 1254 4580 μεγίστης,
1284 4507 1379 4560 καὶ
1407 4507 1466 4560 ἐν
1499 4505 1703 4578 ἐρημίᾳ
1728 4503 2028 4577 διατρίϐονι-

453 4620 566 4671 τες,
597 4603 990 4673 ἀπολαύσωμεν
1019 4601 1429 4673 παρακλήσεως.

974 4719 1157 4772 ΡΠΘ.
1201 4715 1500 4784 Ἀντιόχῳ.

534 4843 672 4896 Πότε
700 4839 808 4911 γάρ
837 4855 929 4892 σου
952 4831 1302 4891 ἐπιλαθέσθαι
1335 4826 1609 4900 δυνάμεθα
1635 4826 1734 4897 τῆς
1770 4805 2029 4894 γλῖικείας

459 4933 553 4988 καί
589 4933 795 5005 θερμῆς
837 4928 1148 4990 διαθέσεως,
1192 4924 1292 4994 τῆς
1334 4920 1561 4994 γνησίας
1593 4915 1744 4991 [706]
1785 4915 1878 4971 καὶ
1904 4913 2032 4970 είλι-

459 5023 679 5096 κρινοῦς
706 5023 947 5092 ἀγάπης,
977 5019 1069 5072 καὶ
1089 5015 1376 5086 ἐλευθέρας
1411 5010 1636 5082 γνώμης
1677 5008 1770 5063 καὶ
1796 5006 2027 5078 ὑψηλῆς,

459 5117 559 5186 τῆς
588 5108 1146 5186 πεπαρῥησιασμένης
1167 5107 1371 5178 ψυχῆς
1402 5103 1522 5159 Κᾶν
1552 5101 1661 5172 γάρ
1682 5097 1818 5172 πρὸς
1860 5096 2032 5160 αὐτὰς

460 5205 782 5276 ἀπέλθωμεν
807 5202 904 5266 τάς
937 5199 1191 5271 ἐσχατιὰς
1227 5201 1326 5270 τῆς
1365 5195 1706 5268 οἰκουμένης,
1757 5189 2029 5261 πανταχοῦ

467 5317 523 5353 σε
551 5297 934 5370 περιφέροντες
966 5296 1188 5366 ἄπιμεν,
1226 5293 1315 5347 τὸν
1350 5290 1547 5362 θερμὸν
1575 5289 1732 5360 ἡμῶν
1777 5283 2029 5359 ἐραστὴν,

525 5451 553 5480 ⁸
578 5449 704 5511 Reg.
726 5446 1066 5511 ἀπενεχθέντες.
1089 5445 1242 5511 Spuri].
1267 5445 1386 5511 ἱιειιι
1426 5443 1478 5492 in
1516 5442 1660 5491 textu
1685 5433 2032 5498 ἀπενεχθέντες,

465 5513 514 5562 in
545 5507 700 5570 mari.
724 5507 956 5570 ἀχθέντες,
984 5507 1155 5570 Morel.
1184 5507 1475 5570 ἀναχθέντες.

525 5573 556 5614 δ
582 5569 689 5622 Dub
716 5569 832 5619 mss.
854 5569 1214 5630 καρπώσασθαι.

528 5638 553 5674 θ
577 5614 838 5693 ἦιῖαῗῆθ
858 5614 1228 5682 ιιὲκέὸοᾷὀηῖὀε
1268 5642 1425 5682 more.
1450 5626 1575 5680 Vide
1608 5634 1754 5688 supra
1774 5621 1920 5684 epist.
1945 5614 2024 5667 8L

1100 332 1456 395 $.10“le
1493 309 1980 387 cimsosmm
2014 325 2335 383 ARCIHEP.
2374 321 2921 383 CONSTANTINOP.

3534 326 3640 383 7&8

2076 434 2170 488 καὶ
2203 433 2404 506 σφόδρα
2437 436 2568 506 ἡμῖν
2591 436 2673 506 τῷ
2693 439 2792 506 τῆς
2824 434 3042 506 ἀγάπης
3062 435 3210 506 νόμῳ
3242 435 3646 507 συνδεδεμένον.

2075 527 2165 580 Διὸ
2199 528 2293 580 κα)⁸
2332 527 2469 598 πρὸς
2495 527 2664 598 αὑτὴν
2707 528 2804 598 τὴν
2828 527 3059 598 ἐρημίαν
3087 527 3185 596 τῆς
3220 527 3341 581 καθ’
3369 529 3517 600 ἡμᾶς
3565 529 3652 582 oio

2078 617 2352 689 κουμένης
2381 618 2776 688 ἀπῳκισμένοι,
2809 617 2906 690 τὴν
2927 619 3236 672 Κουκουσὸν
3261 619 3424 688 λέγω,
3471 622 3566 674 καὶ
3584 619 3648 673 οὐ

2078 706 2276 778 ῥᾳδίως
2312 709 2586 776 ἐπιτυχεῖν
2615 707 2725 760 τῶν
2764 707 2831 761 τά
2875 707 3176 778 γράμματα
3227 707 3652 778 διακομιζόντων

2078 797 2388 869 δυνάμενοι,
2421 798 2622 870 πολλὴν
2655 799 3031 869 ἐποιησάμεθα
3063 798 3294 866 σπουδὴν
3324 800 3654 870 ἐπιζητῆσαί

2079 909 2138 945 τε
2161 893 2256 945 καὶ
2292 893 2472 964 εὑρεῖν
2499 893 2588 946 τὸν
2609 893 2813 964 ταύτην
2845 892 3001 964 ἡμῶν
3040 892 3137 964 τὴν
3166 892 3453 964 ἐπιστολὴν
3470 893 3656 946 διακο-

2085 984 2324 1054 μίζοντα,
2348 983 2490 1038 ὥστε
2518 1003 2611 1040 σου
2642 987 2954 1054 προσειπεῖν
2972 985 3070 1056 τὴν
3099 984 3526 1056 θαυμασιότητα,
3559 985 3658 1037 καὶ

2082 1074 2178 1145 τὴν
2207 1075 2561 1146 ὀφειλομένην
2585 1075 2886 1148 πρόσρησιν
2907 1075 3194 1128 ἀποδοῦναι
3219 1076 3284 1145 τῇ
3317 1073 3650 1144 μεγαλοπρε·

2085 1166 2213 1237 πείᾳ
2232 1169 2298 1238 τῇ
2332 1169 2419 1238 σῇ.
2451 1168 2573 1220 Ὅτι
2600 1167 2655 1219 δὲ
2683 1167 2776 1219 καὶ
2809 1166 2990 1229 αὑτὸς,
3020 1165 3080 1230 ἐξ
3099 1159 3174 1219 ὧν
3203 1167 3303 1237 ήδη
3325 1166 3660 1236 πεποίηκας,

2086 1258 2146 1311 ού
2176 1258 2342 1329 δεήσῃ
2369 1258 2470 1328 1?};
2501 1258 2631 1330 παρ’
2654 1257 2811 1328 ἡμῶν
2839 1259 3192 1329 ὑπομνήσεως
3222 1259 3301 1321 είς
3330 1257 3390 1310 τὸ
3420 1257 3660 1327 συνεχῶς

2087 1351 2217 1419 ἡμῖν
2263 1349 2617 1411 ἐπιστέλλειν,
2657 1351 2752 1403 καὶ
2798 1350 2868 1402 τά
2898 1348 3026 1420 περὶ
3071 1348 3172 1418 τῆς
3202 1349 3388 1416 ὑγείας
3430 1347 3532 1418 τῆς
3561 1350 3666 1416 σῆς

2089 1442 2553 1512 εὐαγγελίζεσθαι,
2593 1442 2746 1494 οὐδὲν
2787 1437 2940 1512 οἶμαι
2975 1442 3082 1495 δεῖν
3119 1439 3497 1511 ἀμφιϐάλλειν.
3549 1438 3670 1491 Καὶ

2090 1535 2199 1606 γὰρ
2220 1535 2280 1586 ού
2310 1534 2407 1605 τὴν
2435 1533 2702 1604 τυχοῦσαν
2721 1533 3126 1604 καρπωσόμεθα
3154 1533 3667 1605 παράκλησιν,ὃταν

2091 1627 2220 1698 παρ’
2260 1625 2413 1697 ὑμῶν
2467 1625 2575 1678 τῶν
2602 1625 2804 1695 σφόδρα
2831 1627 2978 1697 ἡμᾶς
3012 1623 3352 1693 ἀγαπώντων
3379 1623 3670 1694 δεχώμεθα

2091 1717 2418 1788 γράμματα,
2439 1733 2506 1769 πε
2517 1717 2567 1788 ρὶ
2589 1719 2686 1788 τῆς
2725 1715 2943 1788 ῥώσεως
2965 1716 3061 1787 τῆς
3085 1715 3352 1786 ὑμετέρας
3379 1714 3670 1782 δηλοῦντα,

2093 1809 2190 1864 καὶ
2219 1809 2318 1881 τὴν
2367 1809 2586 1880 ἀγάπην
2627 1807 2716 1861 διὰ
2763 1806 2870 1861 τῶν
2901 1807 3197 1860 ἐπιστολῶν
3256 1804 3492 1875 συνεχῶς
3536 1806 3674 1857 ἀνα-

2094 1901 2334 1966 νεοῦντα,
2392 1903 2486 1955 καὶ
2516 1901 2614 1972 τὴν
2649 1899 2947 1972 παρουσίαν
2993 1901 3093 1970 1?};
3127 1897 3399 1970 ὑμετέρας
3443 1897 3671 1966 ἀγάπης

2097 1993 2354 2047 ποιοῦντα
2377 1991 2764 2062 φαντάζεσθαι.
2812 1994 2999 2064 ’Δρκεῖ
3024 1991 3133 2062 γὰρ
3151 1990 3424 2060 πυκνότης
3447 1990 3674 2041 ἐπιστο-

2096 2085 2224 2151 λῶν,
2239 2085 2366 2138 ὅταν
2391 2083 2542 2155 παρά
2564 2084 2732 2153 φίλων
2751 2085 2988 2153 γνησίων
3014 2081 3378 2154 φέρηται,κα“ι
3403 2083 3503 2151 τῆς
3529 2097 3680 2150 παρ-

2098 2178 2286 2241 ουσίας
2321 2175 2647 2246 σοφίσασθαι
2668 2177 2765 2247 τὴν
2791 2176 3001 2247 ἡδονήν.

2661 2334 2780 2399 Ριιο.
2832 2331 3108 2399 Βρίσωνι.

2173 2489 2238 2542 Τί
2281 2487 2472 2555 τοῦτο;
2512 2488 2848 2560 Αύτόθιμέν
2885 2489 3050 2542 ὄντων
3081 2486 3110 2525 ά
3157 2485 3314 2558 ἡμῶν
3350 2487 3518 2560 μυρία
3572 2486 3672 2541 καὶ

2104 2583 2277 2634 ποιεῖν
2311 2581 2404 2634 καὶ
2447 2581 2623 2650 λέγειν
2683 2580 3042 2647 ἐσπούδακας,
3073 2580 3167 2632 καὶ
3198 2581 3266 2651 τῇ
3309 2580 3461 2633 πόλει
3500 2580 3675 2653 πάσῃ,

2109 2674 2306 2746 μᾶλλον
2329 2674 2385 2727 δὲ
2413 2677 2478 2745 τῇ
2533 2673 2823 2745 οἰκουμένῃ
2858 2671 3154 2744 κατάδηλος
3195 2674 3421 2742 γέγονας
3460 2674 3554 2726 ἐπὶ
3599 2673 3685 2741 τῷ

2107 2766 2334 2838 φίλτρῳ,
2368 2760 2412 2834 ᾧ
2447 2765 2575 2837 περὶ
2599 2765 2746 2836 ἡμᾶς
2796 2763 3184 2830 ἐπιδείκνυσαι,
3213 2765 3287 2837 μὴ
3310 2764 3515 2833 στέγων
3543 2763 3692 2817 αὑτὸ

2111 2861 2234 2930 σιγῇ
2271 2857 2540 2928 κατέχειν,
2577 2857 2716 2910 ἀλλά
2736 2857 2824 2911 διὰ
2867 2857 2975 2911 τῶν
3012 2857 3210 2929 ἔργων,
3241 2855 3325 2910 διά
3352 2854 3458 2909 τῶν
3489 2855 3688 2926 ῥημά-

2108 2967 2216 3004 των
2254 2948 2526 3020 πανταχοῦ
2553 2948 3011 3020 ἐπιδεικνύμενος,
3036 2949 3331 3003 ἐπιστεῖλαι
3362 2949 3419 3001 δέ
3450 2949 3582 3018 ἡμῖν
3599 2947 3696 3000 οὑο

2110 3043 2166 3097 δὲ
2189 3042 2335 3108 ἅπαξ
2365 3042 2650 3108 κατεδέξω,
2678 3043 2772 3097 καὶ
2797 3041 2964 3095 ταῦτα
2998 3041 3202 3112 σφόδρα
3220 3040 3412 3107 διψῶσι
3442 3039 3551 3094 τῶν
3567 3040 3695 3092 ἐπι-

2116 3134 2317 3189 στολῶν
2364 3135 2474 3187 τῶν
2504 3133 2632 3200 σῶν,
2666 3133 2889 3188 καὶτῶν
2909 3132 3252 3204 γραμμάτων
3286 3129 3648 3201 ἐπιθυμοῦσιν
3673 3147 3697 3196 ;

2116 3227 2229 3282 Οὑκ
2271 3222 2424 3280 οἶσθα
2453 3227 2584 3296 ὅσην
2623 3223 2916 3296 ἐμέλλομεν
2950 3220 3292 3293 καρποῦσθαι
3341 3219 3696 3291 παράκλησιν

2115 3319 2214 3390 τῆς
2242 3318 2383 3372 οὕτω
2414 3317 2643 3388 γνησίας
2685 3315 2882 3386 ψυχῆς,
2921 3315 3020 3385 τῆς
3059 3313 3203 3368 οὑτω
3231 3313 3438 3384 θερμῆς
3506 3312 3696 3381 φιλίας

2119 3410 2316 3479 ἔγγονα
2343 3409 2618 3480 δεχόμενοι
2636 3407 2962 3479 γράμματα;
2986 3405 3096 3459 Καὶ⁹
3119 3404 3290 3457 ταῦτα
3315 3405 3416 3457 οὐκ
3441 3402 3697 3471 ἐγκαλῶν

2120 3502 2264 3570 λέγω
2296 3496 2433 3572 (οἴδα
2466 3499 2574 3570 γάρ
2604 3500 2686 3552 δτι
2737 3499 2833 3552 καὶ
2883 3498 3127 3571 γράφων,
3169 3495 3261 3549 καὶ
3296 3493 3484 3562 σιγῶν,
3513 3494 3698 3563 ἀκμά-

2123 3591 2319 3657 ζουσαν
2348 3592 2622 3662 διατηρεῖς
2653 3591 2750 3662 τὴν
2776 3589 2903 3660 περὶ
2933 3589 3079 3660 ἡμᾶς
3105 3585 3386 3655 διάθεσιν),
3407 3583 3543 3638 ἀλλά
3561 3583 3700 3652 σφό-

2122 3684 2222 3756 δρα
2255 3681 2536 3754 ἐπιθυμῶν
2572 3694 2597 3722 ο
2633 3699 2725 3735 σου
2768 3682 2877 3734 τῶν
2920 3679 3235 3734 ἐπιστολῶν.
3267 3679 3379 3731 Καὶ
3556 3675 3700 3746 γρά-

2125 3791 2316 3846 φοντος
2341 3775 2440 3846 μέν
2481 3791 2597 3840 σου,
2629 3775 2691 3828 οὑ
2721 3773 3006 3845 παυόμεθα
3038 3773 3164 3836 τοὺς
3183 3769 3402 3841 ,ἐκεῖθεν
3429 3771 3699 3839 ἀφικνουο

2129 3865 2319 3938 μένους
2349 3864 2661 3938 ἐρωτῶντες
2693 3864 2819 3936 περὶ
2854 3867 2952 3936 τῆς
2977 3861 3195 3935 ῥώσεώς
3224 3879 3316 3914 σου
3350 3859 3444 3914 καὶ
3477 3859 3579 3930 1?};
3612 3859 3704 3910 εὑ-

2127 3959 2345 4030 θυμίας,
2393 3958 2487 4012 καὶ
2521 3957 2725 4028 σφόδρα
2759 3956 3020 4027 χαίρομεν
3067 3953 3354 4016 ἀκούοντες
3399 3952 3544 4022 άπερ
3579 3953 3703 4004 ἐπι-

2129 4049 2426 4121 θυμοῦμενο
2473 4049 2609 4104 ἀλλὰ
2656 4047 2955 4119 βουλόμεθα
2989 4047 3082 4101 καὶ
3132 4046 3283 4118 παρά
3307 4044 3406 4114 τῆς
3447 4042 3705 4114 γλώττης

2128 4143 2224 4214 τῆς
2245 4145 2363 4209 σῆς,
2392 4140 2486 4195 καὶ
2520 4140 2668 4212 παρά
2695 4143 2793 4211 τῆς
2825 4139 3002 4207 δεξιᾶς
3025 4138 3123 4208 τῆς
3142 4138 3242 4208 σῆς
3273 4136 3446 4190 ταῦτα
3488 4135 3706 4207 μανθά-

2128 4251 2260 4290 νειν.
2285 4235 2346 4288 Et
2367 4234 2542 4288 τοίνυν
2572 4233 2646 4304 μὴ
2675 4232 2811 4303 βαρὺ
2833 4232 2965 4302 μηδὲ
2996 4231 3228 4302 ἐπαχθὲς
3253 4229 3522 4300 ζητοῦμεν
3540 4225 3584 4290 ῐ,
3608 4227 3707 4280 νῦν

2129 4325 2258 4396 γοῦν
2285 4325 2490 4396 ταύτην
2515 4327 2646 4395 ἡμῖν
2676 4325 2958 4395 παράσχου
2991 4322 3088 4394 τὴν
3119 4322 3297 4394 χάριν,
3331 4322 3598 4392 μεγίστην
3621 4314 3708 4371 οῦο

2134 4432 2233 4470 σαν
2285 4415 2381 4469 καὶ
2431 4415 2672 4486 ἡδίστην,
2729 4414 2823 4469 καὶ
2869 4413 3068 4486 πολλὴν
3097 4415 3228 4484 ἡμῖν
3290 4412 3563 4483 φέρουσαν
3605 4399 3707 4481 τὴν

2129 4507 2342 4581 ἡδονήν.

2382 4622 2531 4696 [707]
2550 4625 2723 4689 ΡιιΑν.
2771 4621 3145 4692 Ἇμπρούκλῃ
3177 4619 3452 4684 διακόνῳ.

2217 4759 2512 4832 Ἐδεξάμην
2534 4757 2811 4830 δευτέραν,
2845 4758 2914 4829 ἣν
2944 4756 3080 4828 ἔφης
3117 4755 3386 4828 προτέραν
3415 4753 3712 4824 ἐπιστολὴν

2135 4853 2549 4917 ἐπεσταλκέναι,
2577 4850 2831 4904 δέσποινά
2870 4866 2971 4920 μου
3005 4849 3304 4920 τιμιωτάτη
3337 4847 3431 4900 καὶ
3467 4863 3714 4918 κοσμιωο

2133 4943 2292 5013 τάτη.
2330 4941 2439 4995 Καὶ
2459 4940 2525 4994 τά
2553 4938 2692 4993 αὑτά
2714 4938 2874 4993 πάλιν
2902 4936 3066 5006 λέγω,
3095 4936 3169 5008 μὴ
3195 4936 3348 4990 κάλει
3394 4935 3605 5006 τόλμαν
3648 4935 3714 4987 τδ

2137 5036 2408 5110 προτέραν
2437 5036 2547 5098 τοῖς
2579 5032 2715 5103 πρὸς
2735 5032 2880 5103 ἡμᾶς
2911 5029 3246 5102 ἐπιπηδῆσαι
3274 5027 3587 5099 γράμμασι,
3613 5045 3714 5098 μη-

2137 5129 2193 5182 δέ
2218 5127 2520 5198 ἁμάρτημα
2552 5125 2736 5196 νόμιζε
2761 5124 2822 5177 τὸ
2851 5122 3105 5194 μέγιστον
3130 5120 3422 5190 ἐγκώμιον.
3460 5119 3710 5187 Ἀγάπης

2137 5221 2244 5291 γὰρ
2273 5218 2500 5288 ζεούσης
2521 5218 2616 5270 καὶ
2640 5217 2846 5290 θερμῆς
2865 5215 3024 5269 τοῦτο
3049 5215 3242 5285 δεῖγμα
3273 5210 3596 5282 ποιούμεθα,
3617 5210 3714 5263 καί

2139 5309 2236 5381 τῆς
2259 5307 2486 5378 γνησίας
2517 5307 2611 5360 καὶ
2647 5305 2969 5378 εἰλικρινοῦς
3014 5322 3106 5358 σου
3139 5302 3434 5366 διαθέσεως
3455 5301 3555 5373 1?};
3581 5301 3712 5371 φλο-

2202 5481 2226 5522 d
2253 5481 2362 5545 Mss.
2389 5481 2546 5545 αὐτόθι
2568 5481 2816 5545 μενόντων,
2837 5496 2946 5545 ηοω
2967 5479 3280 5545 etiamAlectio
3299 5481 3521 5545 quadrat.

2203 5548 2228 5605 ς
2255 5544 2336 5592 Sic
2361 5550 2496 5592 recte
2521 5542 2668 5592 sam.
2685 5542 2870 5605 mnu-el}
2895 5552 2948 5596 ει
2973 5543 3141 5595 Monu‘.
3169 5543 3394 5605 ἐπιθυμῶ.
3421 5542 3557 5592 Eon.

2208 5603 2227 5644 ί
2255 5605 2376 5668 Reg.
2400 5611 2452 5656 el
2470 5605 2627 5658 νεαρ.
2646 5604 2888 5670 αἰτοῦμεν.
