4064 6218
397 301 492 358 717

391 419 515 474 dine
539 418 762 474 mittatis
797 438 810 475 :
844 421 922 477 sic
952 422 1095 477 enim
1128 438 1349 496 peregre
1373 423 1628 496 degentes
1654 423 1846 480 solatio
1873 439 1978 480 non

391 510 646 567 mediocri
674 511 1032 582 perfruemur.

457 644 704 702 CLXXX
721 646 846 702 VII.
869 647 1162 721 ‘Procoyio.
1197 651 1304 722 (Ab
1337 668 1480 709 anno
1513 655 1620 728 404
1649 653 1716 709 ad
1743 655 1892 724 407.)

459 777 791 849 Quamquam
836 781 1026 852 exigua
1074 783 1230 838 nobis
1273 794 1446 841 tecum
1488 787 1606 842 istic
1648 789 1977 846 consuetudo

387 867 504 937 fuit,
537 869 752 927 domine
790 873 1072 943 plurimum
1115 878 1472 948 suspiciende,
1515 895 1762 951 magnum
1800 892 1975 939 tamen

384 961 612 1016 sincera:
647 970 751 1018 tuae
790 966 1047 1034 caritatis,
1093 969 1256 1024 animi
1294 971 1481 1040 quieti,
1526 972 1723 1028 sinceri
1769 989 1833 1029 ac
1867 974 1974 1030 fer-

383 1055 557 1108 ventis
595 1058 796 1112 amoris
833 1059 1124 1128 perieulum
1173 1062 1413 1118 fecimus.
1452 1066 1786 1137 Quapropter
1813 1067 1974 1122 etiam

381 1149 446 1202 ad
476 1149 620 1220 ipsos
643 1152 788 1208 orbis
811 1161 1071 1210 terrarum
1101 1155 1234 1211 ﬁnes
1253 1157 1496 1228 relegati,
1529 1167 1689 1231 atque
1710 1161 1776 1215 ad
1805 1163 1971 1232 ipsam

383 1248 680 1296 extremam
723 1244 1061 1300 solitudinem
1107 1247 1342 1314 abducti,
1388 1251 1638 1321 quoniam
1683 1253 1878 1324 ubique
1920 1262 1972 1310 te

379 1331 828 1402 circumferimus,
857 1352 1190 1409 quocumque
1219 1341 1434 1396 tandem
1466 1342 1885 1413 proficiscamur,
1915 1354 1973 1402 et

380 1423 699 1494 insculptum
727 1426 781 1481 in
805 1438 1026 1499 pectore
1050 1441 1342 1501 gestamus,
1379 1449 1444 1487 ex
1483 1442 1629 1489 tanto
1655 1435 1777 1492 licet
1802 1435 1969 1492 inter-

380 1517 517 1571 vallo
554 1518 859 1586 scribimus,
900 1536 964 1576 ac
1007 1522 1240 1579 debitam
1283 1526 1658 1583 salutationem
1703 1530 1968 1600 persolvi-

377 1625 538 1666 mus:
565 1621 817 1683 tuamque
842 1615 1159 1670 suavitatem
1190 1632 1425 1684 oramus,
1464 1629 1523 1674 ut
1565 1620 1666 1675 nisi
1698 1637 1859 1692 grave
1898 1623 1967 1678 sit

376 1718 438 1756 ac
469 1703 774 1772 molestum,
819 1705 956 1762 hanc
982 1707 1098 1777 ipse
1127 1710 1282 1764 nobis
1325 1712 1546 1782 gratiam
1590 1714 1874 1782 concedas,
1909 1725 1966 1771 et

375 1792 444 1848 de
483 1803 570 1848 tua
604 1794 907 1850 valetudine
932 1797 1111 1852 laetum
1135 1799 1202 1854 ad
1224 1814 1321 1854 uos
1342 1801 1588 1857 nuntium
1614 1804 1812 1860 mittas.
1840 1805 1965 1861 llaec

373 1885 516 1939 enim
540 1886 699 1940 etiam
730 1895 780 1942 te
805 1888 1023 1944 minime
1043 1890 1311 1947 scribente
1332 1891 1694 1965 intelligimus,
1723 1895 1846 1951 dum
1870 1913 1963 1954 eos

371 1980 463 2047 qui
512 1979 668 2036 istinc
709 1983 932 2038 veniunt
978 1986 1336 2055 sciscitamur,
1376 1990 1520 2060 quod
1568 2007 1762 2063 magno
1807 1993 1960 2049 nobis

369 2072 548 2128 studio
566 2075 656 2142 sit,
679 2086 738 2130 ut
763 2076 829 2133 de
857 2086 945 2134 tua
971 2081 1275 2138 valetudine
1298 2097 1363 2138 ac
1390 2084 1624 2140 nominis
1649 2087 1960 2144 celebritate

367 2162 626 2218 certiores
653 2165 841 2222 ﬁamus
870 2187 883 2223 :
911 2170 1156 2240 cupimus
1187 2180 1363 2228 tamen
1393 2173 1586 2245 lingua:
1620 2184 1724 2231 tua:
1752 2193 1815 2233 ac
1841 2194 1958 2232 ma-

366 2268 468 2308 nus
513 2263 616 2310 tute
661 2256 923 2314 beneﬁcio
964 2261 1118 2316 nobis
1159 2263 1346 2318 eadem
1377 2265 1731 2334 innotescere,
1772 2277 1832 2323 ιιι
1860 2269 1958 2325 du-

365 2345 557 2414 plicem
603 2347 924 2418 voluptatem
955 2367 1256 2423 carpamus,
1291 2365 1401 2411 tum
1446 2359 1590 2428 quod
1633 2361 1950 2429 scribamus,

366 2447 477 2492 tum
513 2440 656 2509 quod
699 2442 880 2499 literas
924 2460 953 2499 a
985 2454 1071 2500 tua
1102 2447 1377 2504 nobilitate
1397 2450 1589 2506 missas
1611 2452 1951 2523 recipiamus.

364 2529 514 2586 Hanc
542 2546 672 2586 vero
701 2533 856 2589 nobis
876 2537 1112 2592 concede
1136 2539 1380 2608 gratiam,
1427 2556 1547 2611 qua:
1585 2550 1640 2597 et
1669 2542 1950 2614 jucundis-

363 2623 498 2678 sima
526 2633 630 2692 est,
658 2640 722 2682 ac
748 2627 940 2684 rationi
965 2640 1343 2702 consentanea,
1373 2643 1427 2690 et
1455 2633 1620 2690 multa
1645 2635 1826 2691 laetitia
1854 2653 1951 2693 nos

351 2714 646 2784 perfundit.
1777 2739 1782 2744 ’

453 2847 881 2908 CLXXXVIII.
913 2855 1236 2915 Marcellino.
1268 2860 1500 2933 (Cucuso
1525 2879 1668 2920 anno
1696 2864 1850 2938 404.)

426 2981 536 3039 Nos
556 2986 770 3056 quidem
815 2989 870 3045 in
908 2993 1144 3048 omnium
1186 2993 1607 3054 desertissimum
1639 2999 1815 3056 locum
1841 2999 1946 3056 Cu-

354 3089 539 3129 eusum
569 3078 788 3149 relegati
826 3096 1008 3138 sumus
1034 3101 1047 3138 :
1074 3099 1194 3140 cum
1235 3095 1411 3144 tamen
1441 3089 1594 3145 nobis
1617 3092 1670 3146 in
1711 3101 1943 3149 mentem

353 3168 710 3226 venitvestra:
734 3174 991 3245 caritatis,
1021 3193 1124 3246 qua
1160 3194 1258 3234 nos
1278 3182 1718 3253 complectimini,
1757 3187 1944 3257 ingen-

354 3268 465 3314 tem
511 3261 836 3332 percipimus
874 3269 1295 3326 consolationem
1318 3314 1334 3341 ,
1373 3283 1533 3346 atque
1567 3277 1620 3331 in
1655 3277 1942 3336 solitudine

349 3347 543 3405 divites
569 3367 775 3409 sumus.
817 3355 1001 3428 Neque
1033 3360 1176 3415 enim
1205 3362 1252 3417 is
1270 3364 1501 3435 vulgaris
1525 3376 1606 3422 est
1637 3371 1936 3435 thesaurus,

348 3438 394 3492 si
423 3440 568 3496 viros
610 3446 954 3516 nanciscaris,
982 3451 1070 3520 qui
1094 3451 1304 3509 sincere
1323 3470 1504 3512 amare
1529 3459 1790 3514 noverint.
1813 3458 1938 3516 Ideo

347 3534 560 3589 tametsi
600 3551 827 3607 corpore
866 3541 1084 3598 minime
1124 3543 1399 3614 adsumus,
1442 3550 1720 3607 vobiscum
1758 3554 1935 3610 anima

343 3624 576 3681 devincti
624 3644 830 3696 sumus,
875 3643 929 3689 et
976 3644 1161 3691 catena
1205 3639 1443 3696 caritatis
1492 3641 1752 3700 obstricti.
1800 3645 1936 3704 Hinc

345 3715 506 3770 etiam
535 3716 615 3786 ﬁt,
646 3727 703 3774 ut
726 3720 792 3775 ad
832 3737 926 3778 vos
959 3732 1108 3781 tanto
1137 3727 1418 3787 intervallo
1445 3731 1698 3804 disjuncti
1725 3737 1932 3793 scriba-

345 3821 486 3872 mus,
515 3822 579 3863 ac
607 3808 840 3866 debitam
871 3815 1243 3874 salutationem
1283 3822 1668 3892 persolvamus.
1704 3826 1838 3882 Nam
1878 3828 1931 3884 in

343 3898 634 3967 primorum
659 3920 938 3962 numerum
966 3910 1257 3968 amicorum
1289 3922 1339 3971 te
1360 3915 1686 3989 adscriptum
1715 3935 1745 3974 a
1775 3921 1929 3979 nobis

342 3990 504 4048 fuisse
533 4009 634 4050 nec
668 3998 782 4067 ipse
818 4000 1049 4071 ignoras,
1079 4004 1295 4063 domine
1323 4009 1398 4063 mi
1437 4009 1722 4080 plurimum
1749 4018 1928 4086 suspi-

340 4084 552 4176 ciende.
582 4087 729 4145 lianc
756 4091 916 4166 igitur
938 4095 1093 4151 nobis
1116 4107 1170 4154 et
1197 4099 1311 4170 ipse
1334 4103 1556 4172 gratiam
1585 4084 1927 4176 concedc,_ut

339 4173 643 4246 frequenter
665 4181 732 4236 ad
757 4198 855 4239 nos
882 4185 1064 4244 literas
1089 4189 1291 4259 mittas,
1327 4209 1446 4263 quae
1470 4195 1538 4251 de
1577 4205 1681 4253 tua:
1717 4173 1924 4256 valetu-

336 4267 476 4324 dinis
500 4280 639 4328 statu
663 4274 782 4330 laeta
807 4281 1070 4349 nuntient,
1094 4289 1152 4338 ut
1170 4292 1224 4339 et
1245 4271 1369 4340 dum
1397 4289 1699 4358 scribimus,
1724 4301 1777 4348 et
1796 4293 1923 4349 dum

336 4361 598 4428 ejusmodi
623 4365 804 4423 literas
831 4371 1140 4441 accipimus,
1169 4378 1388 4434 multam
1416 4383 1834 4441 consolationem
1859 4403 1922 4443 ac

336 4451 660 4522 voluptatem
691 4472 993 4531 carpamus,
1026 4475 1080 4524 et
1107 4469 1343 4526 maximo
1370 4473 1530 4529 etiam
1555 4475 1608 4530 in
1638 4477 1921 4537 solitudine

333 4542 589 4614 degentes
612 4549 804 4606 solatio
835 4554 1189 4622 perfruamur.

496 4711 851 4771 CLXXXIX.
882 4717 1149 4774 Antiocho.
1178 4718 1411 4793 (Cucuso
1439 4736 1581 4779 anno
1609 4725 1761 4798 404.)

405 4842 695 4914 quuando
734 4850 946 4906 tandem
987 4853 1163 4908 suavis
1202 4862 1256 4910 et
1293 4855 1530 4912 ardentis
1570 4861 1769 4916 amoris
1814 4863 1919 4932 tui,

331 4935 557 4992 sincera:
591 4941 916 5014 minimeque
959 4943 1148 5000 fucata:
1187 4947 1421 5003 caritatis
1459 4952 1751 5020 poterimus
1789 4955 1916 5010 obii:

329 5027 485 5093 visci,
517 5033 712 5087 mentis
735 5034 977 5105 ingenua:
998 5053 1058 5092 ac
1074 5038 1340 5107 sublimis,
1371 5042 1535 5097 animi
1561 5045 1920 5103 conﬁdentis?

328 5119 584 5186 Quamvis
613 5124 755 5178 enim
785 5125 851 5180 ad
883 5127 1027 5197 ipsos
1055 5130 1268 5186 ultimos
1302 5133 1448 5189 orbis
1487 5143 1748 5194 terrarum
1786 5139 1919 5196 ﬁnes

329 5209 750 5280 proﬁciscamur,
771 5216 967 5287 ubique
989 5227 1039 5273 te
1060 5219 1482 5279 circumferitnus
1502 5225 1780 5295 abeuntes,
1807 5229 1917 5294 fet:-

329 5300 508 5356 vidum
548 5307 718 5360 nostri
749 5319 1063 5378 amatorem,
1104 5321 1156 5366 et
1203 5315 1502 5371 arctissima
1535 5319 1771 5375 caritatis
1815 5337 1915 5376 no-

327 5395 532 5451 biscum
563 5396 682 5469 lege
705 5399 1028 5457 devinctum.
1063 5403 1321 5471 Quocirca
1351 5408 1432 5464 vel
1465 5409 1517 5464 in
1547 5410 1713 5487 ipsam
1745 5414 1916 5476 nostri

328 5486 486 5556 hujus
512 5490 658 5546 orbis
689 5500 948 5550 terrarum
975 5498 1336 5567 solitudinem,
1366 5486 1639 5560 Cucusum.
1660 5505 1914 5569 nimirum

327 5581 568 5650 relegati,
602 5589 844 5654 quamvis
871 5588 1010 5645 haud
1051 5590 1222 5660 facile,
1267 5595 1358 5666 qui
1399 5595 1580 5654 literas
1622 5599 1912 5671 perferant,

326 5671 560 5728 nancisci
603 5691 881 5745 queamus,
923 5695 1133 5737 omnem
1178 5685 1516 5744 adhibuimus
1557 5689 1908 5772 diligentiam,

328 5770 384 5817 ut
411 5766 870 5842 investigaremus,
894 5786 954 5830 ac
979 5775 1352 5850 reperirentur»,
1385 5781 1474 5854 qui
1505 5766 1744 5843 nostram
1767 5784 1905 5847 hanc

1813 309 2194 369 EPISTOLIE.

3567 309 3676 367 71'8

2088 423 2366 494 epistolam
2392 423 2464 480 ad
2487 432 2539 480 te
2568 423 2849 491 perferret,
2874 430 2925 478 ut
2950 423 3336 482 sublimitatem
3353 426 3500 475 tuam
3525 432 3673 472 cont—

2088 516 2424 586 pellaremus,
2471 531 2534 572 ac
2575 515 2806 572 debitam
2857 514 3229 570 salutationem
3266 509 3670 582 magniﬁcentia

2085 617 2192 662 tua:
2223 606 2666 677 persolveremus.
2697 607 2880 679 Neque
2910 622 3037 663 vero
3079 607 3132 661 in
3172 606 3390 661 dubium
3431 605 3674 660 revocari

2085 700 2282 757 debere
2306 702 2556 769 arbitror,
2585 717 2706 757 cum
2733 717 2796 757 ea
2825 717 2942 772 quze
2961 701 3070 771 jam
3093 715 3121 754 a
3149 709 3200 755 te
3225 708 3349 754 sunt
3371 708 3517 771 gesta
3544 713 3676 755 con-

2083 793 2279 859 sidero,
2311 795 2436 864 quin
2481 795 2598 849 sine
2642 803 2820 850 nostra
2845 793 3210 849 admonitione
3249 791 3317 846 ad
3364 805 3462 846 nos
3491 791 3673 846 literas

2082 886 2273 942 crebro
2317 887 2551 953 mittere,
2593 896 2648 946 et
2690 885 2757 943 de
2797 895 2889 941 tua
2932 886 3236 942 valetudine
3277 883 3536 938 certiores
3573 898 3669 937 nos

2081 977 2262 1034 facere
2292 978 2620 1033 memineris.
2661 977 2774 1033 Non
2805 978 2947 1032 enim
2973 975 3304 1031 mediocrem
3340 973 3666 1028 consolatio—

2080 1085 2202 1124 nem
2231 1069 2559 1132 hauriemus,
2585 1085 2706 1124 cum
2733 1084 2763 1124 a
2791 1068 2963 1132 vobis,
2996 1083 3024 1122 a
3053 1066 3246 1138 quibus
3276 1067 3516 1135 impense
3541 1064 3666 1119 dili-

2077 1162 2272 1232 gimur,
2316 1162 2498 1235 literas
2534 1162 2778 1232 accipere
2807 1161 3009 1225 licebit,
3043 1176 3160 1231 qua:
3209 1157 3530 1214 valetudinis
3569 1173 3664 1212 ve-

2077 1259 2201 1306 strze
2215 1261 2408 1307 statum
2431 1268 2496 1308 ex
2508 1261 2724 1324 ponant,
2747 1261 2801 1308 et
2818 1251 3056 1322 epistolae
3078 1250 3372 1306 ministerio
3386 1249 3663 1305 caritatem

2074 1343 2300 1399 subinde
2326 1355 2610 1410 renovent,
2642 1361 2704 1400 ac
2734 1354 2964 1400 vestram
3009 1344 3348 1415 prmseutiam
3395 1343 3549 1398 nobis
3593 1344 3663 1398 ob

2073 1435 2257 1490 oculos
2287 1445 2503 1505 ponant.
2533 1437 2806 1508 Siquidem
2849 1444 3024 1505 potest
3061 1434 3355 1505 frequentia
3385 1433 3661 1488 literarum

2073 1541 2214 1593 eam,
2247 1543 2367 1598 quae
2393 1544 2460 1583 ex
2485 1514 2769 1598 praesentia
2797 1529 3177 1599 perciperetur,
3213 1527 3446 1580 lmtitiam
3476 1541 3539 1580 ac
3561 1541 3658 1578 νο»

2071 1617 2326 1688 luptatem
2372 1618 2714 1689 adumbrare,
2746 1635 2868 1675 cum
2911 1635 2942 1674 a
2989 1618 3213 1675 sinceris
3260 1617 3447 1674 amicis
3487 1626 3660 1672 trans-

2067 1714 2246 1769 missa:
2275 1713 2492 1770 fuerint.

2410 1849 2562 1907 CXC.
2595 1850 2799 1905 Brisoni
2827 1849 2922 1921 (α).
2955 1851 3135 1921 (Anno
3158 1848 3308 1919 404.)

2135 1988 2274 2058 Quid
2303 1989 2404 2044 hoc
2430 1987 2508 2043 rei
2537 2001 2658 2044 esse
2683 1985 2891 2041 dicam?
2917 1984 3126 2041 Siccine
3152 1993 3228 2047 tu,
3259 1982 3348 2053 qui
3385 1997 3505 2037 cum
3553 1996 3653 2038 nos

2064 2083 2184 2138 istic
2211 2097 2471 2150 essemus,
2519 2082 2798 2136 innumera
2837 2078 3013 2135 facere
3054 2094 3118 2134 ac
3151 2078 3331 2133 dicere
3379 2076 3649 2136 studuisti,

2064 2183 2222 2246 atque
2251 2174 2384 2241 urbi,
2419 2173 2504 2229 vel
2531 2173 2705 2244 potius
2732 2171 2826 2226 toti
2852 2171 2970 2227 orbi
2993 2181 3253 2226 terrarum
3280 2169 3557 2225 innotuisti
3577 2168 3651 2226 ob

2060 2281 2184 2321 eum
2217 2279 2479 2329 amorem,
2519 2279 2678 2335 quem
2713 2277 2839 2334 erga
2880 2276 2977 2317 nos
3007 2259 3348 2326 ostendebas,
3375 2275 3549 2328 neque
3572 2262 3645 2315 si-

2059 2358 2224 2412 lentio
2264 2367 2440 2427 tegere
2471 2355 2522 2410 id
2554 2363 2788 2426 poteras,
2816 2353 2910 2408 sed
2936 2361 2989 2407 et
3020 2351 3180 2406 rebus
3223 2350 3352 2421 ipsis
3377 2358 3431 2405 et
3468 2347 3645 2404 verbis

2060 2449 2256 2519 ubique
2287 2447 2560 2518 specimen
2587 2445 2704 2516 ejus
2725 2444 2942 2509 cdebas,
2964 2444 3146 2498 literas
3166 2441 3232 2496 ad
3259 2456 3358 2496 nos
3383 2455 3450 2496 ne
3477 2443 3647 2496 semel

2054 2540 2272 2612 quidem
2294 2539 2545 2610 dignatus
2572 2553 2631 2594 es
2661 2537 2894 2602 mittere,
2924 2534 3103 2605 idque,
3135 2549 3257 2589 cum
3285 2546 3494 2588 summo
3523 2541 3644 2586 tua-

2054 2647 2174 2688 rum
2200 2632 2546 2703 epistolarum
2577 2629 2843 2685 desiderio
2869 2636 3194 2691 teneremur,
3221 2633 3439 2693 tuasque
3459 2622 3642 2677 literas

2053 2721 2465 2796 expeteremus?
2493 2719 2680 2775 Nescis
2714 2726 2968 2789 quantam
2990 2731 3056 2770 ex
3077 2730 3142 2770 eo
3167 2711 3472 2784 percepturi
3496 2726 3642 2767 essc-

2052 2832 2172 2873 mus
2200 2814 2638 2879 consolationem,
2669 2811 2810 2883 quod
2840 2819 2943 2864 tam
2965 2808 3204 2864 ardentis
3227 2805 3474 2861 amicitia:
3501 2807 3641 2860 fetus

2049 2909 2230 2964 literas
2257 2904 2659 2976 acciperemus?
2686 2904 2859 2973 Atque
2888 2900 3004 2957 haec
3028 2915 3126 2971 ego
3151 2914 3257 2954 non
3283 2896 3640 2969 exprobrandi

2047 3013 2207 3056 causa
2233 2997 2375 3062 dico,
2403 2995 2598 3067 quippe
2621 2995 2710 3066 qui
2742 2994 2906 3048 sciam
2933 3001 3008 3059 te,
3040 2992 3153 3046 sive
3179 2989 3402 3057 scribas,
3426 2989 3538 3044 sive
3561 2990 3636 3042 si-

2045 3092 2180 3158 leas,
2213 3092 2480 3162 iugentem
2521 3086 2945 3144 benevolentiam
2985 3099 3114 3155 erga
3157 3099 3255 3138 nos
3292 3096 3633 3146 conservare,

2044 3183 2140 3239 sed
2183 3181 2326 3253 quod
2364 3190 2575 3236 tuarum
2614 3177 2883 3235 desiderio
2913 3176 3132 3247 ﬂagrem
3159 3173 3527 3245 epistolarum.
3560 3174 3636 3228 Ac

2043 3275 2281 3332 solemus
2303 3272 2540 3344 quidem,
2573 3271 2780 3327 etiamsi
2810 3283 2916 3324 non
2944 3267 3168 3332 scribas,
3215 3281 3310 3321 eos
3357 3258 3634 3336 quivistinc

2042 3368 2353 3433 adveniunt,
2385 3365 2643 3422 sciscitari
2687 3363 2755 3418 de
2791 3371 2880 3416 tua
2922 3359 3224 3416 valetudine
3263 3368 3423 3429 atque
3451 3355 3632 3413 hilari-

2043 3443 2169 3526 tate,
2199 3473 2263 3514 ac
2289 3469 2629 3526 summopere
2655 3434 2843 3520 laetari,
2871 3467 2992 3508 cum
3015 3465 3076 3506 ea
3098 3465 3216 3522 qua:
3242 3447 3628 3514 desideramus,

2039 3553 2286 3610 audimus
2319 3571 2332 3608 :
2366 3550 2460 3607 sed
2491 3551 2684 3621 lingua:
2725 3555 2831 3602 tute
2869 3561 2933 3602 ac
2960 3545 3196 3600 dextera:
3235 3553 3339 3598 tum
3368 3539 3630 3597 beneﬁcio

2039 3645 2159 3703 haec
2181 3643 2478 3714 intelligere
2506 3654 2850 3712 cuperemus.
2880 3637 2992 3693 Nisi
3032 3651 3160 3706 ergo
3200 3633 3424 3688 fortasse
3467 3645 3628 3700 grave

2035 3740 2106 3794 sit
2135 3755 2198 3794 ac
2225 3737 2507 3794 molestum
2534 3733 2675 3807 quod
2706 3733 2956 3805 petimus,
2986 3745 3126 3786 nunc
3151 3728 3342 3784 saltem
3364 3725 3504 3782 hanc
3528 3739 3624 3780 no-

2033 3832 2118 3888 bis
2146 3830 2382 3887 concede
2417 3827 2664 3900 gratiam,
2711 3840 2829 3895 qua:
2867 3823 3098 3878 maxima
3134 3828 3218 3876 est
3258 3826 3314 3874 et
3351 3815 3624 3889 iucundis-

2031 3923 2166 3978 sima
2191 3930 2244 3978 et
2269 3934 2512 3991 magnam
2539 3916 2693 3972 nobis
2721 3915 2888 3986 pariet
2911 3913 3255 3983 voluptatem.

2033 4034 2221 4092 CXCI.
2252 4032 2540 4104 Amputch
2569 4027 2992 4103 (b)-diaconissaz.
3030 4025 3265 4097 (Cucuso
3300 4037 3441 4079 anno
3465 4021 3620 4092 £04.)

2099 4147 2400 4208 Secundam
2441 4145 2643 4216 accepi,
2685 4159 2843 4216 quam
2875 4153 2927 4199 te
2959 4143 3191 4214 priorem
3231 4141 3443 4198 misisse
3484 4139 3618 4196 scri-

2027 4244 2130 4308 bis,
2159 4241 2463 4314 epistolam,
2493 4239 2707 4294 domina
2747 4253 2864 4294 mea
2907 4236 3352 4293 reverendissima
3379 4244 3431 4290 et
3458 4249 3617 4289 orna-

2028 4334 2252 4390 tissima.
2296 4334 2468 4403 Atque
2496 4331 2684 4387 iterum
2712 4331 2854 4396 dico,
2885 4329 2990 4386 noli
3016 4329 3297 4384 audaciam.
3317 4327 3612 4406 appellare,

2025 4429 2168 4499 quod
2195 4428 2377 4482 literas
2406 4424 2474 4480 ad
2501 4441 2596 4480 nos
2624 4425 2772 4495 prior
2799 4423 3098 4494 scripseris,
3128 4436 3307 4493 neque
3334 4428 3609 4491 peccatum

2023 4525 2095 4580 id.
2107 4524 2364 4580 arbitrare
2394 4521 2533 4594 quod
2563 4523 2676 4576 laus
2702 4529 2785 4576 est
2809 4521 3062 4577 maxima.
3091 4520 3203 4574 Hoc
3229 4518 3371 4574 enim
3399 4516 3607 4572 ferven-

2024 4617 2091 4671 tis
2118 4627 2170 4690 et
2198 4616 2432 4671 ardentis
2456 4615 2834 4670 documentum
2863 4629 2987 4668 esse
3027 4612 3264 4667 caritatis
3303 4623 3606 4673 censemus,

2019 4723 2082 4764 ac
2108 4708 2330 4764 sincerae
2356 4707 2679 4776 minimeque
2707 4706 2894 4760 fucatae
2924 4703 3309 4759 benevolentia:
3337 4711 3461 4768 tuae,
3489 4715 3607 4771 qua:

2087 4816 2158 4870 (τι)
2192 4813 2278 4870 Pro
2302 4819 2496 4870 nomine
2519 4819 2679 4868 graeco
2695 4843 2709 4866 ,
2733 4820 2907 4870 39mm,
2946 4807 3074 4870 quod
3099 4807 3472 4870 interpretatum
3497 4813 3572 4870 est
3592 4842 3605 4865 ,

2022 4868 2229 4931 ﬁrisoni,
2253 4868 2416 4931 Morel.
2441 4867 2607 4924 ιωιῑει,
2637 4867 2806 4931 opacat,
2832 4867 3065 4931 Bryabni;
3087 4867 3174 4917 sed
3200 4869 3320 4916 intra
3348 4868 3488 4929 epist.
3514 4867 3604 4917 23$

2021 4928 2148 4978 idem
2173 4929 2337 4979 Morel.
2366 4945 2527 4993 ηςήσςιηι,
2552 4928 2692 4978 savii.
2718 4931 2766 4978 in
2791 4928 2933 4979 textu
2967 4942 3145 4993 Βρὺουιςι,
3163 4931 3217 4993 in
3252 4928 3404 4993 marg.
3441 4943 3606 4993 βρεσυνι.

2017 4997 2195 5054 §ocrat.
2221 4994 2339 5042 ttist.
2365 4990 2485 5042 Eccl.
2514 4990 2596 5054 lih.
2622 4994 2654 5041 6
2671 5027 2685 5049 ,
2719 5004 2824 5052 cap.
2850 4993 2910 5049 8,
2940 4990 3072 5054 ea...
3097 4991 3270 5054 habet,
3306 4992 3390 5054 qui
3427 4990 3606 5040 dicitur

2017 5049 2178 5114 lapide
2203 5067 2477 5124 percussus,
2497 5053 2582 5124 qui
2606 5054 2736 5124 Briso
2756 5049 2901 5124 etiam
3055 5053 3120 5124 16_
3137 5054 3316 5124 dicitur
3326 5049 3604 5124 turpatq-

2015 5113 2145 5163 mum
2168 5113 2376 5177 a'priore
2401 5113 2577 5177 exsilio
2599 5114 2854 5164 reduxisse
2871 5148 2887 5172 ,
2915 5121 2967 5164 et
2984 5113 3123 5177 apud
3149 5113 3404 5164 Palladium
3419 5113 3476 5177 in
3503 5115 3602 5165 vita

2013 5174 2458 5239 chrysos'tomicap.
2485 5176 2546 5226 ‘20
2569 5185 2864 5239 memoratur
2899 5174 3080 5238 θρίου-ἐν,
3101 5177 3172 5226 sic
3206 5188 3315 5226 cum
3349 5202 3428 5239 νσσ,
3449 5174 3602 5226 frater

2015 5237 2236 5298 Palladii,
2254 5238 2386 5288 unde
2425 5237 2580 5300 liquet
2619 5237 2715 5300 hoc
2749 5237 2936 5287 nomen
2963 5251 3080 5300 cum,
3099 5263 3112 5288 ι
3133 5238 3443 5287 scribendum
3466 5251 3597 5288 esse.

2013 5301 2142 5351 Alius
2159 5303 2277 5351 item
2295 5301 2424 5362 Briso
2444 5297 2594 5362 episc.
2621 5297 2940 5362 t’bilipporum
2962 5300 3014 5349 in
3034 5299 3230 5350 't‘bracia
3248 5312 3580 5352 commemora

2012 5368 2092 5414 tur
2108 5371 2286 5412 Socrat.
2308 5361 2390 5411 lib.
2415 5364 2465 5420 6,
2479 5361 2594 5422 cap.
2617 5361 2693 5410 l8.

2073 5423 2145 5487 (b)
2163 5425 2403 5487 immitem
2429 5421 2564 5486 putat
2587 5436 2698 5472 esse
2718 5421 3014 5487 ampruclam
3037 5429 3207 5487 Fronto
3227 5431 3428 5474 micam:
3450 5435 3594 5487 quam

2008 5483 2271 5546 Proculam,
2295 5487 2401 5535 sive
2427 5483 2584 5547 potius
2605 5483 2816 5547 Proclam
2842 5492 2979 5534 vocat
3001 5483 3235 5535 Palladius
3257 5489 3306 5536 in
3329 5487 3430 5547 vita
3451 5483 3596 5546 tibry.

2004 5550 2205 5599 sostomi
2229 5561 2334 5611 cap.
2371 5546 2467 5598 10’:
2495 5560 2591 5610 qua
2612 5546 2677 5596 de
2707 5559 2766 5597 re
2801 5554 2960 5597 aetum
2984 5554 3062 5597 est
3090 5550 3140 5596 in
3172 5549 3274 5597 \ita
3296 5554 3340 5597 s.
3364 5546 3591 5601 ductoris.

2007 5614 2130 5681 lbtd.
2159 5614 2356 5681 lteg..et
2377 5611 2555 5681 Vatia,
2591 5613 2845 5681 Ἐδςάμην
2877 5615 3125 5680 προτέρᾳν,
3145 5615 3202 5669 ἢν
3227 5614 3338 5681 ἔφης
3360 5612 3581 5681 δευτέραν

2006 5670 2257 5734 ἐπμᾳτοὶῆἧ
2277 5672 2614 5734 ἐπεσταλκέναι
2627 5687 2639 5699 ·
2667 5670 2893 5724 Priorem
2912 5670 3074 5734 ἀρσερὶ
3091 5685 3236 5734 quam
3259 5670 3303 5722 te
3321 5670 3580 5734 sernndam

1963 5731 1974 5742 ‘
2006 5730 2195 5781 inrisisse
2230 5732 2423 5784 scribis.
2467 5737 2546 5782 Sic
2569 5737 2720 5786 etiam
2752 5734 2979 5788 Savilius.
3011 5730 3205 5788 Utrovis
3242 5735 3384 5786 modo
3421 5733 3582 5793 legas.

2008 5795 2184 5848 eodem
2212 5794 2392 5848 recidit
2413 5795 2678 5854 sententia.
