4064 6218
430 320 530 376 719

420 435 635 492 ﬂamma
663 436 773 506 ipsa
801 437 867 491 sit
897 435 1188 492 ardentior.
1210 436 1343 492 Cum
1371 436 1529 507 igitur
1557 436 1673 493 haec
1703 426 1797 492 tibi
1827 437 2010 508 explo-

420 539 538 585 rata
565 530 692 596 sint,
725 529 862 584 hanc
901 529 1056 584 nobis
1099 528 1405 600 frequenter
1447 529 1640 598 largire
1679 529 1929 600 gratiam,
1956 537 2015 584 ut

421 621 490 676 dc
522 631 610 675 tua
642 620 947 676 valetudine
985 621 1246 675 certiores
1281 634 1384 674 nos
1423 619 1608 686 facias,
1652 629 1708 675 et
1749 628 2014 674 sexcentis

423 713 669 784 epistolis
697 728 794 766 nos
822 713 1038 774 obruas,
1071 727 1190 783 qua:
1223 711 1276 768 id
1305 710 1626 782 signiﬁcent.
1672 710 1806 766 Nam
1843 711 1889 764 si
1919 724 2015 764 vos

422 805 511 874 qui
538 818 638 858 nos
665 804 878 871 amatis,
907 813 962 858 et
987 804 1183 860 hilares
1228 817 1371 870 esse,
1409 817 1472 858 ac
1508 817 1761 874 prospera
1805 801 2012 857 valetu-

425 897 549 951 dine
573 904 630 952 et
658 897 947 953 securitate
971 895 1074 952 frui
1101 904 1249 953 certo
1287 895 1640 963 conﬁdamus,
1672 910 1782 950 non
1807 895 2012 950 medio-

425 1004 572 1044 crem
603 1001 802 1046 nostra:
829 989 884 1044 in
915 989 1134 1058 regione
1165 989 1445 1060 peregrina
1474 986 1912 1045 commorationis
1939 986 2017 1041 le-

423 1083 690 1137 vationem
721 1084 1016 1153 capiemus,
1056 1082 1150 1137 sed
1179 1091 1235 1138 et
1262 1081 1498 1137 maximo
1525 1081 1717 1136 solatio
1753 1079 2012 1146 fruemur,

426 1172 556 1228 licet
586 1173 640 1228 in
669 1183 910 1229 extrema
940 1171 1232 1229 solitudine
1276 1172 1601 1227 liahitemus.
1646 1170 1846 1226 Tecum
1887 1183 2016 1238 ergo

427 1253 704 1336 reputans,
729 1275 983 1338 quantam
1013 1265 1316 1321 festivitatis
1341 1265 1676 1320 occasionem
1706 1261 1861 1318 nobis
1884 1260 2017 1316 alla-

429 1371 546 1414 tura
572 1360 667 1424 sis,
701 1360 809 1414 noli
838 1359 976 1415 hanc
999 1359 1152 1415 nobis
1179 1357 1414 1413 laetitiam
1443 1355 1700 1422 invidere,
1731 1354 1827 1410 sed
1850 1368 2018 1424 quan-

430 1462 540 1506 tum
568 1451 768 1518 licebit,
798 1460 852 1506 et
877 1450 1102 1506 facultas
1126 1448 1361 1514 dabitur,
1393 1447 1645 1502 continue
1671 1445 1879 1502 felicem
1919 1459 2019 1499 no-

429 1541 510 1595 bis
535 1540 603 1596 de
629 1549 714 1596 tua
747 1541 1050 1596 valetudine
1078 1539 1318 1594 nuntium
1346 1537 1517 1592 mitte.

488 1651 710 1708 CXCII.
744 1652 1069 1707 Onesicra'iw
1091 1650 1187 1722 (a).
1215 1649 1445 1725 (Cucuso
1469 1664 1612 1705 anno
1629 1649 1762 1704 forte
1779 1647 1936 1716 405.)

500 1768 746 1838 Magnum
773 1767 952 1821 animo
982 1765 1219 1821 dolorem
1252 1780 1349 1821 nos
1381 1779 1594 1835 quoque
1611 1764 1875 1834 cepimus,
1895 1776 2015 1817 cum
2091 1802 2111 1813 -

435 1862 502 1914 de
529 1869 716 1914 mortze
758 1859 928 1914 beatae
974 1858 1095 1913 ﬁlia:
1128 1868 1230 1913 tuae
1259 1859 1275 1888 ¹
1304 1856 1369 1911 ad
1397 1871 1496 1912 nos
1525 1865 1606 1910 est
1630 1855 1872 1911 allatum.
1911 1853 2018 1908 Ve-

434 1961 734 2005 rumtamen
760 1965 882 2005 cum
912 1949 1077 2020 probe
1106 1958 1228 2002 nota
1250 1948 1404 2003 nobis
1432 1947 1502 2002 sit
1521 1946 1684 2001 animi
1715 1946 1789 2000 tui
1813 1944 2021 2014 sapien-

434 2043 536 2109 tia,
578 2041 878 2112 mentisque
925 2040 1256 2108 sublimitas,
1301 2039 1458 2110 plane
1509 2037 1827 2093 conﬁdimus
1871 2036 2018 2102 fore,

435 2141 493 2186 ut
536 2132 696 2187 tantis
746 2131 995 2186 ﬂuctibus
1033 2131 1278 2200 superior
1316 2129 1537 2186 evadas.
1576 2127 1708 2183 Nam
1733 2137 1788 2182 ut
1817 2141 2018 2198 neqna~

434 2239 592 2293 quam
640 2224 979 2280 contristeris
1000 2265 1014 2288 ,
1045 2222 1162 2278 ﬁeri
1190 2223 1395 2292 nequit;
1429 2221 1522 2276 sed
1555 2231 1608 2276 te
1629 2221 1911 2275 hortamur
1937 2229 2020 2274 ta-

437 2331 579 2379 men,
613 2324 673 2368 ut
708 2314 981 2369 moderate
1006 2315 1057 2368 id
1087 2329 1232 2384 agas,
1264 2329 1385 2368 cum
1414 2312 1578 2383 probe
1606 2311 1840 2378 noveris,
1864 2325 2022 2381 quam

436 2409 593 2461 ﬂuxa:
639 2407 747 2460 sint
791 2417 846 2461 et
890 2405 1106 2461 caducze
1157 2421 1244 2460 res
1289 2405 1559 2472 humanm,
1605 2419 2025 2474 communesque

436 2497 687 2552 munibus
712 2497 793 2550 hac
813 2496 1166 2561 calamitates,
1196 2510 1261 2550 ac
1290 2507 1494 2550 natura:
1518 2495 1603 2550 lex
1625 2495 1948 2560 communis,
1973 2503 2026 2548 et

439 2586 648 2641 Domini
678 2587 918 2642 omnium
950 2595 1193 2641 nostrum
1224 2587 1316 2641 Dei
1344 2585 1640 2641 decretum.
1671 2585 1854 2654 Neque
1881 2585 2023 2640 enim

442 2681 584 2736 istud
607 2696 755 2736 mors
770 2690 876 2749 est,
898 2681 991 2736 sed
1020 2680 1400 2752 peregrinatio,
1427 2689 1585 2750 atque
1615 2695 1644 2735 a
1669 2679 2026 2736 deterioribus

438 2773 506 2828 ad
555 2775 775 2830 meliora
824 2775 1220 2844 commigratio.
1251 2773 1376 2828 llaec
1401 2772 1562 2844 igitur
1603 2773 1784 2827 animo
1808 2773 2027 2828 volvens

439 2867 616 2920 omnia
639 2908 654 2933 ,
683 2881 942 2936 generose
983 2865 1062 2920 fer
1087 2865 1230 2936 quod
1275 2865 1503 2930 accidit,
1536 2873 1591 2920 et
1617 2864 1866 2920 clementi
1918 2864 2028 2919 Deo

441 2958 638 3026 gratias
686 2973 803 3028 age.
857 2957 1110 3026 Quamvis
1155 2957 1297 3012 enim
1342 2973 1407 3013 eo
1451 2957 1664 3029 gravior
1712 2954 1911 3011 inﬂicta
1958 2957 2031 3011 sit

445 3048 598 3117 plaga
624 3088 639 3112 ,
665 3047 805 3117 quod
836 3048 1012 3102 adhuc
1033 3048 1233 3103 recenti
1264 3048 1426 3118 priori
1471 3048 1827 3114 successerit,
1853 3057 2028 3103 tamen

446 3156 510 3198 eo
540 3139 633 3193 tibi
664 3138 992 3208 splendidior
1014 3153 1212 3194 corona
1245 3139 1534 3206 patientiae,
1559 3139 1868 3210 majoraque
1895 3155 2032 3209 pra:-

447 3232 551 3286 mia
578 3231 934 3298 debebuntur,
973 3231 1019 3287 si
1049 3245 1169 3286 cum
1196 3230 1488 3302 gratiarum
1517 3231 1730 3286 actione
1775 3241 1830 3286 et
1875 3231 2032 3286 laude

448 3326 804 3380 calamitatem
835 3325 996 3380 istam
1026 3324 1230 3379 tuleris.
1263 3323 1341 3379 Ne
1371 3324 1530 3394 igitur
1554 3339 1654 3379 nos
1681 3340 1892 3395 quoque
1913 3341 2028 3379 ma-

447 3434 684 3491 gnopere
711 3419 1022 3486 doleamus,
1049 3418 1144 3474 sed
1189 3418 1469 3474 evidenter
1509 3419 1739 3474 sciamus
1789 3419 2031 3475 nonnihil

450 3513 543 3568 tibi
566 3521 779 3568 nostras
809 3511 992 3568 literas
1021 3511 1282 3583 profuisse
1300 3553 1316 3580 ,
1345 3510 1412 3566 ad
1442 3526 1539 3566 nos
1567 3511 1670 3567 hoc
1698 3513 1868 3582 ipsum
1895 3515 2030 3568 scri-

451 3605 581 3661 bere
607 3621 674 3660 ne
694 3605 930 3676 graveris
947 3646 964 3672 ,
995 3614 1052 3660 ut
1078 3604 1279 3660 indices
1305 3620 1519 3660 omnem
1546 3605 1639 3660 tibi
1667 3606 1914 3661 mmroris
1937 3622 2035 3661 nu-

453 3697 572 3752 bem
601 3712 721 3752 esse
745 3697 1066 3763 discussam,
1097 3712 1160 3752 ac
1185 3697 1385 3751 doloris
1405 3696 1557 3752 ulcus
1583 3713 1770 3768 magna
1791 3713 1856 3754 ex
1887 3709 2034 3770 parte

453 3799 716 3845 sanatum.
739 3788 795 3846 Si
822 3791 966 3845 enim
985 3788 1098 3845 haec
1127 3789 1562 3856 intellexerimus,
1586 3797 1864 3846 sexcentas
1889 3791 1954 3846 ad
1985 3801 2037 3847 te

456 3885 665 3938 mittere
690 3881 946 3952 epistolas
973 3897 1077 3935 non
1105 3881 1432 3936 cessabimus
1455 3922 1470 3946 ,
1495 3881 1636 3951 quod
1681 3896 1786 3936 non
1835 3881 2037 3937 medio-

456 3978 619 4032 criter
645 3977 720 4030 tni
768 3976 993 4032 studiosi
1039 3977 1240 4042 simus,
1267 3991 1386 4032 cum
1415 3976 1680 4032 sincerum
1711 3992 1926 4049 semper
1972 3993 2036 4033 ac

460 4067 678 4121 minime
703 4065 932 4121 fucatum
965 4067 1221 4123 honorem
1243 4111 1256 4133 ,
1281 4069 1638 4125 reverentiam
1678 4078 1734 4124 et
1760 4071 2038 4126 caritatem

459 4171 495 4212 a
520 4157 775 4213 modestia
803 4165 894 4212 tua
918 4156 1147 4213 delatam
1177 4161 1519 4214 senserimus.
1553 4159 1787 4227 Quorum
1803 4161 2040 4215 onmium

458 4256 718 4320 perpetuo
737 4265 1023 4315 memores,
1051 4249 1332 4306 ﬂorentem
1358 4267 1418 4306 ac
1443 4252 1708 4322 vigentem
1736 4269 1858 4325 erga
1886 4262 1938 4309 te
1958 4254 2043 4310 be-

458 4340 814 4396 nevolentiam
843 4355 1221 4396 conservamus
1241 4383 1256 4406 ,
1285 4341 1409 4397 licet
1432 4344 1497 4397 ad
1530 4344 1672 4414 ipsos
1699 4345 1912 4402 ultimos
1949 4361 2041 4402 or-

460 4431 544 4489 bis
569 4441 830 4490 terrarum
863 4434 996 4490 ﬁnes
1021 4433 1342 4491 deferamur.

693 4524 950 4582 CXCIII.
980 4527 1210 4582 Pwanio.
1247 4527 1477 4599 (Cucuso
1502 4542 1643 4583 anno
1663 4529 1810 4598 404.)

532 4619 852 4693 Magnopere
877 4635 964 4675 me
993 4622 1208 4678 crcxisti
1231 4663 1248 4689 ,
1279 4637 1345 4679 ac
1369 4638 1574 4678 summa
1600 4623 1784 4678 laetitia
1813 4605 2046 4692 perfudi-

529 4741 546 4770 ι
571 4738 721 4786 Juxta
740 4735 897 4786 Vatic.
926 4743 979 4786 et
1012 4737 1156 4798 Reg,
1178 4732 1418 4798 Macario?
1438 4732 1557 4796 ﬁlia:
1579 4739 1690 4794 tuae,
1717 4739 1904 4798 ετξ-τῆς
1933 4737 2035 4798 Ma:

468 4799 747 4864 graphiaria;
760 4799 995 4864 θυγατρός
1024 4794 1130 4864 0933.
1175 4794 1738 4864 Macariamfgnoscunt
1771 4794 2038 4864 Mytholngi

468 4855 700 4907 llerculis
723 4855 887 4924 ﬁliam,
909 4855 1029 4924 'etin
1056 4856 1400 4924 Martyrologio
1431 4857 1660 4911 Romano,
1685 4855 2040 4924 Macariamar-

470 4927 548 4984 tyr
571 4919 782 4984 occurrit
807 4922 889 4970 die
910 4919 1262 4984 8Aprilis,quo
1273 4925 1565 4982 argueretur
1583 4930 1758 4966 nomen
1783 4919 1905 4967 illud
1926 4931 2039 4981 pro-

470 4979 630 5040 prium
656 4979 876 5031 insolens
903 4979 1144 5032 non'esse.

534 5041 605 5100 (a)
629 5041 731 5090 Vox
750 5041 1087 5106 rOnesicratice,
1125 5040 1715 5106 ’Ovnotxparlqt,omuibns
1737 5041 1838 5106 Mss
1864 5043 2043 5106 nostris

469 5107 719 5150 consonat.
733 5105 944 5160 Atvero,
961 5107 1002 5153 sl
1027 5105 1260 5154 Frontoni
1284 5102 1462 5153 Dircaeo
1473 5105 1717 5160 credatur,
1730 5102 2041 5151 scribendum

470 5167 555 5230 est
568 5161 873 5230 _.laync1j_tiw,
897 5165 946 5215 Ἀ
954 5166 1219 5230 συγκριτγίᾳ,
1232 5163 1662 5230 quianempealip
1677 5169 1795 5230 sunt
1806 5166 1862 5212 ad
1883 5169 2042 5222 Δεῖπ-

470 5223 665 5292 critiam
683 5223 1514 5292 a_Chrysostomo'missm'epistolaé.
1533 5225 1632 5275 Sed
1655 5223 1694 5292 _si
1718 5225 2044 5292 Mssxnostros

472 5283 692 5342 vidisset,
707 5283 835 5335 forte
853 5287 1155 5338 sententiam
1168 5283 1459 5336 mutavisset
1473 5302 1485 5331 :
1499 5299 1610 5336 nam
1629 5285 1702 5334 sic
1721 5284 2044 5335 Coislinianus

471 5351 525 5412 et
551 5344 818 5412 Vaticanus
827 5346 1162 5412 antiquissimi
1180 5349 1385 5412 Codices
1407 5348 1599 5412 habent.
1625 5347 1707 5395 Sic
1728 5360 1925 5408 quoque
1945 5348 2043 5395 Re-

470 5405 600 5466 gius,
621 5406 689 5469 sic
710 5405 920 5469 Savilius
943 5405 1082 5469 legit,
1109 5422 1276 5469 neque
1299 5407 1444 5469 aliam
1473 5405 1916 5457 lectioocm'notat:
1933 5421 2044 5457 nam

471 5469 594 5546 illud
619 5466 904 5546 τΔεῃζιρ-[ἱιὶφ
926 5466 1078 5546 unde"
1091 5466 1330 5539 prodierit
1349 5468 1548 5531 ignoro;
1579 5476 1716 5517 certe
1741 5470 1908 5546 potius
1931 5481 2042 5544 cre-

472 5526 977 5596 diderim'librarium
1012 5526 1154 5596 illum
1189 5529 1274 5594 qui
1299 5526 1480 5596 vocem
1500 5526 1707 5592 graecam
1741 5526 2045 5596 Ἀσυγκριςτὶᾳ

475 5588 655 5657 posuit,
683 5603 861 5657 nomen
902 5591 1026 5657 illud
1036 5653 1046 5657 _
1067 5588 1356 5655 frequenter
1380 5588 1589 5654 positum
1614 5604 1732 5639 vero
1753 5598 1804 5657 e_t
1826 5588 2046 5657 genuino

473 5651 802 5716 's‘nlistituisse,
829 5666 973 5715 quam
1001 5651 1249 5703 librarium
1268 5651 1548 5716 quempiam
1571 5664 1748 5701 nomen
1775 5651 2043 5710 insolitum,

486 5711 1191 5778 'Ovnmxpariq,'commentum
1212 5711 1484 5778 esse,un
1503 5722 1664 5764 tamen
1691 5728 1864 5764 nomen
1883 5726 2044 5778 greco

473 5775 659 5833 optime
689 5775 1010 5839 Compositum
1034 5782 1110 5826 est
1133 5789 1224 5826 nec
1250 5783 1438 5825 temere
1463 5777 1740 5826 formatum.

1173 322 1218 377 s
1269 323 1546 378 JOANNIS
1585 277 2054 381 cunvsosrosu
2092 319 2412 379 ARClllEP.
2451 326 2985 388 CONSTANTINOP.

3595 335 3704 394 τω

2095 436 2212 505 ~sti,
2239 439 2380 509 quod
2400 482 2416 507 ,
2447 457 2566 498 cum
2593 444 2765 499 tristia
2804 446 3114 514 nuntiares,
3140 447 3364 506 verbum
3405 448 3668 520 adieceris
3689 494 3707 523 ,

2125 530 2267 595 quod
2289 534 2536 589 omnibus
2560 551 2679 605 qua:
2708 538 3000 593 acciderint
3027 541 3376 597 accinendum
3402 553 3486 598 cst
3508 584 3524 608 ,
3553 543 3707 599 dixe-

2120 623 2334 692 risque,
2363 624 2698 683 Gloriﬁcetur
2731 630 2870 685 Deus
2927 632 2979 685 in
3031 633 3300 688 omnibus.
3347 634 3459 689 Hoc
3486 635 3710 690 verbum

2122 713 2280 770 letale
2320 717 2534 774 diabolo
2561 722 2754 776 vulnus
2783 723 3003 795 inﬂigit;
3029 727 3132 781 hoc
3162 726 3215 780 in
3245 727 3434 797 quovis
3472 729 3711 796 periculo

2120 806 2423 862 securitatis
2467 817 2524 864 et
2581 811 2864 882 voluptatis
2909 817 3248 871 occasionem
3276 816 3447 872 aﬂ'ert.
3469 816 3602 872 Nam
3632 820 3710 871 si-

2122 897 2234 952 mul
2277 909 2438 970 atque
2481 901 2608 957 illud
2638 907 2756 973 quis
2786 907 3107 976 protulerit,
3153 908 3434 964 confestim
3462 911 3715 965 maeroris

2122 989 2290 1045 nubes
2335 991 2635 1050 discutitur.
2663 995 2962 1068 Numquam
3012 999 3172 1070 igitur
3197 999 3299 1056 hoc
3340 1001 3516 1057 dicere
3540 1003 3701 1058 inter.

2122 1084 2272 1139 mitte
2296 1125 2312 1150 ,
2343 1094 2503 1156 atque
2527 1087 2660 1144 alios
2708 1089 2923 1147 docere.
2962 1091 3019 1148 Si
3044 1092 3185 1148 enim
3231 1108 3350 1164 qua:
3379 1108 3476 1149 vos
3519 1094 3716 1148 invasit

2124 1184 2446 1247 tempestas,
2481 1180 2606 1236 licet
2629 1183 2871 1253 asperior
2895 1183 3019 1252 fiat,
3052 1185 3104 1240 in
3128 1186 3558 1257 tranquillitatem
3590 1203 3715 1241 mu-

2125 1268 2340 1334 labitur;
2371 1271 2451 1326 sic
2489 1273 2581 1342 qui
2612 1282 2927 1345 tempestate
2959 1276 3250 1347 jactantur,
3279 1279 3536 1349 majorem
3565 1280 3714 1334 acci-

2124 1358 2272 1428 pient
2293 1362 2620 1431 mercedem,
2647 1365 2913 1437 simulque
2941 1382 2971 1422 a
3001 1368 3157 1424 malis
3181 1369 3566 1425 liberabuntur.
3601 1371 3717 1426 Hoc

2121 1450 2317 1508 Jobum
2338 1469 2535 1510 corona
2555 1457 2740 1524 cinxit,
2771 1458 2872 1514 hoc
2902 1460 3121 1516 verbum
3151 1459 3419 1520 diabolum
3447 1463 3500 1517 in
3529 1461 3716 1534 fugam

2123 1545 2424 1613 convertit,
2452 1556 2507 1602 et
2531 1547 2812 1604 confusum
2844 1551 3093 1606 recedere
3122 1551 3338 1622 coegit,
3369 1552 3471 1608 hoc
3517 1561 3720 1607 tuumt-

2125 1643 2237 1691 tum
2267 1653 2484 1694 omnem
2519 1639 2758 1711 depellit.
2788 1642 2952 1713 Perge
2968 1645 3146 1714 itaque
3169 1645 3414 1700 omnibus
3438 1659 3556 1715 qua?
3579 1659 3717 1699 con-

2113 1725 2375 1798 tingunt,
2399 1731 2538 1785 istud
2580 1733 2847 1788 accinere.
2891 1733 3022 1789 Loci
3050 1750 3176 1790 vero
3204 1750 3393 1800 causa,
3425 1751 3585 1790 nemo
3622 1735 3716 1790 ulli

2126 1823 2396 1893 negotium
2435 1823 2683 1880 facessat.
2716 1826 3047 1898 Quamquam
3090 1828 3232 1882 enim
3279 1826 3525 1882 desertus
3563 1828 3721 1882 locus

2125 1923 2209 1969 est
2232 1913 2492 1983 Cucusus,
2519 1915 2606 1973 hic
2636 1926 2887 1974 tamenet
2914 1919 3092 1990 quiete
3119 1919 3363 1984 fruimur,
3385 1929 3438 1974 et
3463 1933 3570 1974 non
3598 1934 3719 1973 me-

2127 2005 2380 2062 diocriter
2413 2022 2479 2064 ex
2519 2009 2708 2064 itinere
2753 2018 3080 2065 contractam
3118 2008 3477 2064 inﬁrmitatem
3521 2023 3720 2064 sanare

2129 2098 2395 2168 potuimus
2414 2139 2430 2166 ,
2469 2115 2536 2156 ex
2564 2115 2671 2171 quo
2698 2102 2958 2171 coepimus
2981 2101 3125 2156 domi
3172 2110 3428 2172 perpetuo
3454 2100 3718 2156 residere.

2129 2191 2285 2258 Quod
2318 2192 2363 2247 si
2403 2207 2502 2248 nos
2544 2207 2727 2249 rursus
2763 2208 2957 2264 cogere
2981 2194 3156 2249 velitis
3188 2193 3304 2248 loca
3343 2193 3570 2247 subinde
3598 2208 3724 2246 titu-

2063 2290 2065 2292 ’
2128 2291 2289 2354 tare,
2310 2285 2536 2340 summis
2577 2284 3003 2341 conﬂictabimur
3027 2285 3214 2350 malis,
3255 2283 3554 2354 praesertim
3596 2297 3722 2338 cum

2132 2374 2302 2432 hiems
2326 2377 2396 2431 sit
2421 2391 2518 2446 pro
2538 2375 2761 2432 foribus.
2781 2377 2950 2433 Nemo
2979 2376 3140 2446 igitur
3162 2376 3497 2446 importunus
3518 2375 3611 2430 ulli
3628 2382 3725 2429 aut

2132 2467 2389 2523 molestus
2415 2468 2516 2524 hac
2537 2469 2820 2525 occasione
2849 2470 2936 2524 sit.
2968 2468 3165 2525 Verum
3191 2469 3256 2523 ad
3283 2483 3382 2524 nos
3421 2467 3492 2523 de
3513 2477 3600 2522 tua
3629 2483 3726 2521 va-

2132 2558 2366 2616 letudine
2385 2601 2400 2625 ,
2427 2559 2601 2631 deque
2645 2571 2732 2616 tua
2762 2561 2881 2616 istic
2909 2560 3331 2616 commoratione
3377 2559 3724 2628 nominisque

2131 2651 2440 2707 celebritate
2483 2662 2642 2723 atque
2682 2652 2950 2708 hilaritate
2995 2653 3189 2709 scribe.
3217 2652 3334 2708 Non
3374 2653 3515 2708 enim
3543 2650 3729 2720 vulga-

2132 2757 2246 2797 rem
2271 2743 2433 2798 etiam
2461 2745 2513 2798 in
2545 2752 2687 2799 tanta
2713 2743 2969 2815 degentes
2997 2744 3283 2801 solitudine
3303 2745 3729 2801 consolationem

2113 2833 2458 2902 hauriemus,
2489 2849 2612 2890 cum
2644 2836 2907 2907 ejusmodi
2932 2851 2962 2890 a
2991 2845 3080 2891 tua
3109 2836 3405 2893 reverentia
3436 2835 3618 2890 missze
3649 2835 3732 2890 lio

2135 2933 2264 2981 tera:
2288 2927 2444 2983 nobis
2469 2925 2783 2984 reddentur.

2378 3061 2544 3120 CXCI
2566 3063 2624 3119 γ.
2653 3063 2895 3120 Gemello.
2919 3065 3154 3138 (Cucuso
3174 3078 3316 3121 anno
3343 3062 3493 3136 404.)

2208 3197 2484 3254 Desertum
2510 3197 2721 3269 quidem
2762 3198 2941 3255 locum
2983 3197 3285 3255 habitamus
3322 3198 3619 3266 Cucusum,
3665 3213 3734 3253 ac

2137 3290 2298 3346 totius
2333 3290 2480 3345 orbis
2513 3291 2668 3361 hujus
2696 3292 2863 3346 noSIri
2884 3291 3328 3347 desertissimum.
3355 3289 3616 3358 Quamvis
3642 3299 3726 3343 ta-

2138 3397 2259 3438 men
2282 3381 2349 3437 ad
2377 3384 2521 3453 ipsos
2547 3393 2702 3438 terra:
2726 3384 2984 3440 terminos
3007 3385 3328 3459 relegemur,
3345 3383 3592 3438 oblivisci
3622 3391 3730 3437 tua:

2137 3474 2377 3529 caritatis
2406 3473 2627 3530 minime
2655 3489 2967 3546 possumus;
2995 3474 3089 3530 sed
3121 3475 3173 3529 in
3201 3483 3380 3530 extera
3405 3473 3733 3542 desertaque

2139 3565 2358 3637 regione
2387 3566 2514 3620 dum
2543 3581 2842 3632 versamur,
2871 3576 2923 3622 et
2957 3565 3130 3620 morbi
3158 3566 3409 3636 reliquias
3434 3565 3729 3620 etiamnum

2138 3657 2596 3724 circumferimus,
2625 3673 2689 3714 ac
2718 3669 2862 3712 metu
2887 3658 3154 3712 latronum
3184 3657 3496 3712 obsidemur
3515 3657 3534 3726 (
3556 3670 3733 3725 neque

2141 3746 2284 3801 enim
2329 3747 2653 3812 abscedunt,
2686 3748 2780 3804 sed
2809 3748 2998 3803 itinera
3048 3747 3407 3802 intercludunt
3428 3787 3443 3812 ,
3467 3755 3522 3805 et
3550 3747 3732 3800 omnia

2141 3851 2333 3895 cruore
2357 3839 2627 3909 complent
2663 3839 2850 3912 Isauri.)
2870 3879 2889 3908 ,
2908 3849 3168 3911 perpetuo
3199 3851 3252 3895 te
3273 3847 3452 3894 mente
3495 3837 3733 3893 circum-

2145 3931 2362 3987 ferimus
2381 3974 2396 3998 ,
2423 3947 2486 3988 ac
2513 3931 2876 3988 fortitudinetn
2903 3939 3048 3987 tuam
3069 3973 3084 3998 ,
3112 3930 3360 4003 loquendi
3388 3930 3692 3986 libertatem
3715 3969 3733 3994 ,

2143 4040 2360 4081 suavem
2391 4039 2455 4080 ac
2482 4025 2744 4080 sinceram
2773 4024 3199 4080 benevolentiam
3227 4021 3366 4093 apud
3393 4035 3491 4076 nos
3515 4021 3736 4089 efﬁngi-

2143 4132 2296 4183 mus,
2329 4126 2384 4173 et
2411 4117 2600 4196 harum
2627 4133 2723 4186 nos
2751 4116 3123 4174 recordatione
3159 4115 3542 4186 cogitationum
3577 4113 3735 4169 obla-

2145 4218 2372 4264 ctamus.
2396 4209 2474 4264 Tu
2492 4224 2623 4264 vero
2643 4207 2951 4280 frequenter
2974 4209 3042 4263 ad
3065 4222 3182 4276 nos,
3205 4207 3421 4262 domine
3442 4206 3734 4277 plurimo

2147 4299 2487 4370 suSpiciende
2508 4339 2524 4367 ,
2557 4301 2732 4356 scribe
2755 4299 2824 4356 de
2851 4298 3172 4355 valetudinis
3214 4307 3316 4352 tuze
3342 4305 3486 4352 statu
3510 4337 3526 4361 ,
3549 4305 3606 4351 et
3627 4311 3738 4365 quo

2148 4402 2304 4462 pacto
2350 4391 2640 4447 calidarum
2691 4392 2785 4448 tibi
2833 4407 3090 4464 aquarum
3132 4405 3260 4446 usus
3295 4389 3654 4455 successerit,
3679 4396 3737 4443 et

2149 4484 2273 4555 quid
2314 4499 2492 4539 rerum
2521 4500 2662 4540 nunc
2704 4501 2896 4556 geras:
2924 4494 2981 4540 ut
3007 4484 3168 4540 etiam
3196 4482 3440 4554 procula
3482 4491 3537 4537 te
3565 4481 3738 4536 dissiti

2151 4575 2318 4629 nihilo
2342 4574 2593 4630 deteriori
2635 4577 2942 4633 conditione
2968 4577 3173 4642 simus,
3199 4590 3358 4643 quam
3400 4573 3493 4645 qui
3521 4588 3741 4642 semper

2152 4678 2326 4724 tecum
2377 4678 2693 4738 versantur,
2732 4679 2792 4724 ut
2836 4669 2904 4725 de
2965 4669 3127 4725 rebus
3173 4669 3279 4724 tuis
3326 4667 3587 4736 certiores
3642 4667 3742 4719 lia-

2152 4776 2289 4815 mus.
2319 4760 2468 4816 Nosti
2494 4761 2690 4832 quippe
2715 4769 2914 4831 quanto
2942 4761 3095 4816 nobis
3115 4759 3294 4816 studio
3313 4759 3402 4826 sit,
3427 4757 3497 4813 de
3527 4767 3617 4812 tua
3644 4771 3745 4810 va-

2153 4851 2386 4909 letudine
2410 4853 2680 4924 quidpiam
2707 4853 2924 4920 audire;
2948 4853 3090 4923 quod
3114 4863 3166 4908 te
3194 4851 3544 4907 vehementer
3586 4863 3745 4903 ame-

2153 4961 2314 5012 mus;
2345 4956 2400 5002 et
2427 4946 2730 5002 arctissime
2773 4961 2894 5002 cum
2941 4956 3028 5000 tua
3070 4942 3464 5016 magniﬁcentia
3508 4941 3745 4998 devincti

2153 5037 2343 5094 simus.

2337 5129 2545 5184 CXCV.
2572 5130 2870 5186 Claudiano.
2903 5127 3008 5200 (Ab
3032 5145 3173 5184 anno
3193 5128 3298 5184 404
3323 5126 3391 5182 ad
3411 5124 3568 5196 407.)

2226 5217 2486 5287 Quidnam
2502 5219 2602 5274 hoc
2613 5235 2732 5275 esse
2743 5219 2941 5275 dicam?
2957 5219 3107 5274 Tune
3127 5218 3235 5283 illo,
3254 5217 3343 5288 qui
3358 5231 3543 5271 nosnro
3561 5229 3755 5270 amore

2157 5310 2437 5380 ﬂagrabas,
2466 5317 2521 5366 et
2548 5309 2942 5381 quodammodo
2971 5308 3276 5365 insaniebas
3295 5349 3311 5376 ,
3338 5307 3428 5380 qui
3460 5315 3661 5362 tantam
3693 5306 3751 5362 in

2159 5404 2312 5460 nobis
2341 5415 2592 5476 expertus
2635 5420 2693 5462 es
2733 5405 3008 5460 caritatem
3037 5447 3053 5471 ,
3081 5403 3172 5474 qui
3212 5417 3427 5473 semper
3465 5399 3750 5456 nobiscum

2157 5498 2437 5555 devinctus
2465 5513 2586 5554 eras
2607 5541 2620 5566 ,
2650 5513 2718 5554 ne
2743 5499 2912 5555 literis
2939 5497 3150 5568 quidem
3179 5511 3280 5552 nos
3310 5502 3459 5550 tanto
3489 5491 3754 5562 temporis

2160 5589 2334 5661 spatio
2361 5590 2609 5661 dignatus
2637 5606 2696 5647 es
2716 5633 2732 5658 ,
2760 5590 2855 5647 sed
2886 5599 2993 5646 tam
3017 5589 3269 5644 diuturno
3308 5585 3524 5646 silentio
3549 5585 3623 5637 uti
3649 5597 3754 5652 po-

2162 5682 2342 5738 tuisti?
2369 5683 2502 5753 Quid
2523 5684 2677 5756 igitur
2703 5685 2753 5739 in
2780 5700 2939 5740 causa
2971 5682 3105 5739 fuit?
3131 5683 3212 5738 An
3237 5696 3363 5736 vero
3391 5688 3516 5751 post
3541 5677 3755 5732 disces-

2171 5793 2292 5834 sum
2313 5787 2550 5836 nostrum
2581 5794 2648 5835 ex
2675 5778 2853 5835 animo
2893 5786 2984 5836 tuo
3021 5793 3120 5835 nos
3165 5775 3398 5850 cjecisti,
3427 5780 3483 5831 et
3530 5768 3754 5840 segnior
