4064 6218
391 284 496 341 τις
1110 348 1117 353 ,
1823 287 1943 342 Ειιιε

2040 292 2211 347 ULA‘J.
3530 260 3632 386 7.3;;

388 401 486 472 γδς
511 400 863 474 θερμοτέρας.
887 404 1049 459 Ταῦτ’
1076 403 1168 462 οῦν
1199 409 1370 464 εἰδυῖα
1400 412 1743 483 ἐπιδαψίλευε
1776 426 1804 455 α
1838 413 1967 468 ταύ-

388 507 488 562 την
518 491 647 562 ἡμῖν
664 491 762 561 τὴν
799 492 958 564 χάριν
993 496 1251 567 συνεχῶς,
1302 499 1429 570 περὶ
1467 499 1569 572 τῆς
1607 502 1793 571 ὑγείας
1836 505 1967 574 ἡμῖν

310 584 317 587 ’
388 581 623 652 δηλοῦσα
649 587 747 655 τῆς
778 585 896 656 σῆς,
929 587 1023 640 καὶ
1057 587 1242 658 πέμπε
1280 591 1506 660 νιφάδας
1544 594 1677 664 ἡμῖν
1700 584 1964 667 γραμμά-

388 690 516 739 των,
541 673 697 728 τοῦτο
727 673 1195 745 ἀπαγγελλούσάς.
1232 680 1362 737 Ἐὰν
1390 682 1500 754 γὰρ
1522 684 1813 757 θαρρῶμεν
1834 687 1963 759 περὶ

388 763 498 819 τῶν
518 763 856 834 ἀγαπώντων
900 769 1067 840 ἡμᾶς,
1111 770 1192 824 ὅτι
1222 772 1281 824 ἐν
1315 773 1579 847 ἐπιθυμίᾳ
1609 775 1704 829 καὶ
1731 776 1788 829 ἐν
1807 775 1964 848 ὑγείᾳ

389 857 483 911 καὶ
516 858 574 910 ἐν
626 857 895 931 ἀσφαλείᾳ
939 858 1335 933 καθεστήκατε,
1366 864 1428 919 οὑ
1473 865 1675 937 μικράν
1700 865 1962 938 δεξόμεθα

385 949 487 1020 τῆς
511 950 570 1003 ἐν
602 948 856 1023 ἀλλοτρίᾳ
883 951 1167 1025 διατριϐῆς
1189 955 1551 1028 παράκλησιν,
1579 956 1716 1013 ἀλλά
1753 958 1846 1013 καὶ
1864 976 1963 1030 με·

385 1037 581 1108 γίστην
609 1039 1015 1111 χειρωσόμεθα
1046 1044 1416 1115 παραμυθίαν,
1434 1045 1607 1100 καίτοι
1634 1063 1699 1116 γε
1723 1047 1958 1120 ἐσχάτην

386 1129 624 1201 ἐρημίαν
677 1130 969 1196 οἰκοῦντες.
1021 1133 1368 1208 Λογισαμένη
1425 1138 1614 1193 τοίνυν
1651 1140 1783 1210 ὅσην
1825 1141 1956 1211 ἡμῖν

385 1221 592 1293 ἐργάσῃ
621 1222 718 1295 τὴν
737 1222 951 1294 ἑορτὴν,
989 1224 1064 1296 μὴ
1092 1223 1364 1299 φθονήσῃς
1387 1230 1521 1301 ἡμῖν
1538 1229 1640 1301 τῆς
1664 1230 1957 1302 καλλίστης

383 1312 588 1384 ταύτης
610 1313 972 1387 εὐφροσύνης,
999 1315 1116 1369 ἀλλ’
1137 1316 1215 1380 ὡς
1239 1318 1306 1372 ἂν
1329 1320 1570 1393 ἐγχωρῇ,
1600 1322 1696 1376 καὶ
1726 1316 1838 1376 οἷόν
1891 1340 1955 1376 τε

383 1398 437 1475 ᾗ,
464 1403 816 1472 εὑαγγελίζου
832 1405 1096 1477 διηνεκῶς
1127 1409 1261 1481 ἡμῖν
1289 1408 1363 1464 τά
1414 1413 1542 1482 περί
1591 1414 1691 1485 τῆς
1736 1412 1955 1484 ῥώσεως

383 1494 482 1566 τῆς
506 1494 623 1565 σῆς·

835 1606 1007 1676 Ριιιῖ.
1056 1610 1493 1680 ’ονησικρατίᾳ.

414 1734 417 1737 “
452 1741 660 1814 Σφόδρα
681 1744 998 1815 ἡλγήσαμεν
1030 1746 1126 1800 καὶ
1152 1749 1315 1818 ἡμεῖς
1342 1748 1673 1814 ἀκούσαντες
1692 1751 1822 1823 περὶ
1851 1753 1952 1821 τῆς

382 1834 657 1903 μακαρίας
702 1834 969 1908 θυγατρός
1004 1854 1118 1892 σου.
1163 1839 1300 1894 Ἀλλ’
1329 1841 1479 1911 ὅμως
1501 1842 1700 1908 εἰδότες
1723 1844 1785 1897 τὸ
1806 1844 1952 1914 φιλόο

381 1924 542 1993 σοφόν
584 1940 677 1978 σου
709 1926 812 1996 τῆς
853 1926 1111 1996 διανοίας,
1146 1931 1240 1993 καὶ
1270 1931 1332 1984 τὸ
1353 1930 1554 2004 ὑψηλὸν
1577 1932 1676 2004 τῆς
1701 1933 1945 2006 γνώμης.

381 2013 518 2068 πάνυ
545 2014 854 2086 θαρροῦμεν
883 2017 958 2081 ὡς
973 2018 1221 2092 ἀνωτέρα
1251 2023 1425 2095 στήσῃ
1448 2023 1556 2077 τῶν
1577 2023 1833 2080 τοιούτων
1854 2043 1950 2079 κυ-

378 2104 562 2173 μάτων
596 2104 643 2157 ιι.
679 2106 770 2179 Μὴ
796 2107 1080 2165 λυπεῖσθαι
1114 2111 1214 2181 μὲν
1245 2112 1353 2184 γὰρ
1381 2115 1680 2186 ἀμήχανον,
1701 2133 1949 2189 παρακα-

374 2195 572 2266 λοῦμεν
602 2197 661 2251 δὲ
698 2199 1023 2271 συμμέτρως
1042 2201 1200 2256 τοῦτο
1229 2205 1400 2257 ποιεῖν
1431 2205 1629 2259 εἰδυῖαν
1659 2206 1720 2260 τὸ
1747 2208 1946 2279 ἐπίκη-

376 2302 468 2357 ρον
489 2287 595 2341 τῶν
617 2289 970 2360 ἀνθρωπίνων
989 2294 1349 2364 πραγμάτων,
1378 2295 1474 2349 καὶ
1498 2296 1574 2362 ὡς
1603 2298 1756 2353 κοινά
1773 2299 1947 2354 ταῦτα

370 2379 507 2431 πᾶσι
543 2379 612 2433 τά
641 2380 810 2450 πάθη,
850 2382 945 2436 καὶ
974 2383 1051 2448 ὡς
1079 2384 1293 2455 φύσεως
1317 2388 1478 2458 νόμος
1508 2389 1702 2455 κοινὸς,
1731 2390 1827 2444 καὶ
1850 2391 1944 2445 τοῦ

373 2471 590 2526 πάντων
631 2473 786 2545 ήμῶν
811 2477 1083 2531 Δεσπότου
1111 2478 1247 2533 Θεοῦ
1290 2466 1584 2551 ἀπόφασις.
1628 2483 1701 2536 Οὐ
1738 2482 1848 2555 γάρ
1878 2483 1945 2556 δὴ

370 2560 598 2627 θάνατος
629 2564 806 2633 τοῦτο,
859 2566 973 2619 ἀλλ’
1006 2568 1286 2641 ἀποδημία
1333 2570 1429 2624 καὶ
1470 2572 1802 2643 μετάστασις
1831 2574 1941 2629 ἀπὸ
2016 2624 2026 2658 τ

366 2655 476 2707 τῶν
500 2656 759 2728 χειρόνων
787 2660 923 2731 πρὸς
951 2660 1019 2715 τά
1049 2661 1259 2732 βελτίω.
1295 2664 1459 2719 Ταῦτ’
1482 2662 1576 2721 οὖν
1605 2667 1820 2722 ἅπαντα
1858 2668 1936 2721 λο-
2014 2675 2022 2691 ⁴

366 2746 655 2820 γιζομένη,
681 2750 814 2821 φέρε
838 2753 1100 2821 γενναίως
1128 2755 1192 2809 τὸ
1234 2756 1471 2827 συμϐάν,
1497 2740 1602 2841 κκάὶ
1628 2759 1939 2832 εὐχαρίστει

364 2837 443 2907 τῷ
468 2836 832 2912 φιλανθρώπῳ
851 2842 990 2913 Θεῷ.
1012 2845 1075 2898 Εἰ
1089 2844 1197 2917 γάρ
1212 2847 1304 2899 καὶ
1323 2836 1678 2923 χαλεπωτέρα
1703 2854 1737 2923 η
1757 2851 1938 2925 πληγὴ

365 2930 578 2998 γέγονε,
605 2931 741 3003 πρὸς
776 2933 837 2987 τὸ
858 2935 1055 3007 νεαρὰν
1082 2933 1244 2992 οὖσαν
1269 2938 1368 3011 τὴν
1399 2938 1669 3014 προτέραν
1701 2943 1940 2999 καταλα-

365 3019 499 3086 ϐεῖν,
547 3022 685 3076 ἀλλά
740 3026 834 3079 καὶ
892 3027 1269 3102 λαμπρότερός
1307 3047 1390 3085 σοι
1437 3034 1467 3087 ὁ
1524 3033 1786 3104 στέφανος
1835 3035 1937 3107 τῆς

364 3113 658 3185 ὑπομονῆς,
695 3117 789 3171 καί¹
824 3120 994 3190 μείζω
1031 3122 1100 3175 τά
1122 3121 1368 3195 βραϐεἰα,
1428 3128 1545 3198 μετ’
1585 3127 1937 3200 εὐχαριστίας

364 3204 461 3257 καὶ
486 3202 792 3276 δοξολογίας
822 3209 1060 3284 φερούσῃ
1087 3212 1150 3267 τὸ
1176 3213 1367 3279 πάθος.
1400 3217 1495 3270 Ἰν⁹
1523 3212 1617 3271 οῦν
1660 3218 1755 3271 καὶ
1776 3220 1936 3290 ἡμεῖς

365 3296 442 3367 μὴ
470 3297 675 3369 σφόδρα
693 3299 970 3372 ἀλγῶμεν,
1010 3304 1126 3359 ἀλλ’
1160 3306 1392 3379 εἰδῶμεν
1423 3308 1608 3378 σαφῶς
1634 3310 1716 3364 ὅτι
1744 3310 1934 3380 γέγονέ

364 3389 448 3440 σοί
471 3405 525 3442 τι
541 3390 704 3445 πλέον
735 3393 845 3447 ἀπὸ
876 3393 985 3449 τῶν
1021 3400 1363 3469 γραμμάτων
1388 3400 1495 3457 τῶν
1518 3401 1822 3474 ἡμετέρων,
1856 3403 1932 3475 μὴ

362 3481 704 3553 κατοκνήσῃς
725 3484 857 3555 ἡμῖν
882 3485 1092 3556 γράψαι
1112 3488 1270 3543 τοῦτο
1290 3490 1441 3556 αὑτὸ,
1474 3489 1709 3563 δηλοῦσα
1734 3493 1817 3547 ὅτι
1852 3511 1934 3548 σοι

358 3571 460 3642 τῆς
483 3573 721 3646 ἀθυμίας
740 3577 1088 3650 διεσκεδάσθη
1136 3581 1197 3636 τὸ
1220 3581 1400 3653 νέφος,
1432 3584 1526 3638 καὶ
1563 3585 1625 3639 τὸ
1654 3585 1787 3641 πολὺ
1832 3587 1934 3659 τῆς

358 3664 551 3735 ὀδύνης
586 3666 680 3721 τοῦ
708 3668 898 3734 ἕλκους
925 3673 1315 3746 ὑποτέτμηται.
1344 3677 1410 3731 Εἰ
1436 3677 1544 3750 γὰρ
1584 3677 1757 3732 ταῦτα
1776 3676 1929 3751 [708]

359 3756 650 3829 μάθοιμεν,
683 3761 743 3814 ού
774 3764 1096 3835 παυσόμεθα
1121 3768 1347 3838 νιφάδας
1368 3770 1665 3827 ἐπιστολῶν
1689 3772 1929 3844 πέμπειν

359 3863 465 3900 σοι·
496 3849 590 3903 καὶ
618 3850 727 3923 γάρ
753 3853 851 3924 οὑχ
900 3854 975 3919 ὼς
999 3856 1187 3927 ἔτυχεν
1230 3860 1566 3931 ἀντεχόμεθά
1591 3879 1684 3917 σου
1709 3865 1809 3935 τῆς
1834 3863 1926 3917 εὑ·-

357 3940 590 4007 γενείας,
615 3944 843 4013 γνησίας
872 3946 957 4000 ἀεί⁵
992 3949 1087 4002 καὶ
1128 3949 1451 4021 εἰλικρινοῦς
1480 3953 1576 4007 καὶ
1602 3952 1805 4025 τιμῆς,
1834 3953 1929 4008 καὶ

354 4029 558 4096 αἰδοῦς,
588 4034 686 4088 καὶ
709 4034 930 4109 ἀγάπης
956 4037 1363 4107 ἀπολαύσαντες
1395 4044 1548 4115 παρά
1580 4045 1678 4115 τῆς
1712 4045 1811 4115 σῆς
1830 4062 1925 4098 κο-

357 4122 666 4197 σμιότητος.
713 4121 812 4182 Ὧν
867 4131 1108 4202 συνεχῶς
1158 4134 1515 4205 μεμνημένοι,
1571 4136 1927 4206 ἀκμάζουσαν

352 4215 455 4284 τὴν
481 4217 610 4288 περὶ
635 4218 696 4271 σὲ
729 4219 967 4275 διάθεσιν
998 4224 1293 4295 τηροῦμεν,
1321 4224 1425 4280 κάν
1463 4226 1601 4301 πρὸς
1621 4228 1793 4294 αὑτὰς
1819 4230 1924 4301 ἀφ-

356 4305 600 4379 ικώμεθα
621 4310 719 4382 τῆς
744 4312 1063 4385 οἰκουμένης
1090 4315 1188 4380 τὰς
1213 4316 1485 4389 ἐσχατιάς.

892 4451 1065 4517 PU".
1100 4453 1380 4518 Παιανίῳ.

422 4580 635 4651 Σφόδρα
667 4598 736 4653 με
784 4582 1190 4657 ἀνεπτέρωσας,
1232 4586 1326 4641 καὶ
1363 4592 1592 4662 σκιρτᾷν
1637 4591 1919 4663 ἐποίησας,

347 4668 453 4733 ὅτι,
500 4669 572 4723 τά
623 4672 841 4744 λυπηρά
886 4674 1242 4744 ἀπαγγείλας,
1272 4678 1545 4749 ἐπέθηκας
1573 4681 1635 4734 τὸ
1681 4685 1852 4754 ῥῆμα,
1891 4683 1921 4737 δ

349 4760 486 4814 πᾶσι
520 4763 632 4825 τοῖς
668 4762 1054 4833 συμϐαίνουσιν
1084 4764 1358 4836 ἐπιλέγειν
1388 4770 1514 4840 χρὴ,
1553 4772 1745 4827 εἰπών’
1780 4774 1919 4843 Δόξα

346 4853 412 4924 δὴ
438 4851 517 4923 τῷ
544 4852 665 4924 Θεῷ
693 4855 909 4911 πάντων
934 4857 1116 4915 ἕνεκα.
1150 4860 1319 4915 Τοῦτο
1352 4862 1415 4916 τὸ
1440 4863 1593 4934 ῥῆμα
1628 4868 1819 4939 καιρία
1838 4868 1918 4939 τῷ

347 4943 580 5016 διαϐόλῳ
614 4945 814 5018 πληγήο
850 4949 1007 5003 τοῦτο
1039 4950 1269 5024 μεγίστη
1308 4953 1386 5026 τῷ
1423 4953 1635 5025 λέγοντι
1664 4959 1723 5011 ἐν
1754 4961 1917 5015 παντὶ

347 5036 579 5110 κινδύνῳ
621 5039 922 5111 ἀσφαλείας
972 5043 1067 5097 καὶ
1110 5045 1304 5117 ἡδονῆς
1342 5046 1614 5113 ὑπόθεσις.
1676 5050 1826 5121 Ἅμα
1855 5069 1916 5106 τε

344 5128 457 5202 γάρ
498 5146 582 5194 τις
617 5131 915 5202 ἐφθέγξατο
962 5134 1139 5199 τοῦτο,
1184 5136 1277 5190 καὶ
1327 5138 1679 5195 σκεδάννυται
1709 5142 1914 5208 εὑθέως

342 5220 445 5292 τῆς
465 5220 702 5294 ἀθυμίας
725 5216 786 5277 τὸ
803 5225 980 5295 νέφος.
1008 5228 1099 5299 Μὴ
1122 5228 1187 5300 δὴ
1214 5229 1397 5302 παύσῃ
1418 5232 1576 5287 τοῦτό
1597 5249 1656 5286 τε
1676 5232 1847 5304 λέγων
1864 5246 1913 5301 ο,

343 5379 444 5488 ea;
460 5377 987 5492 ἓὲξέῧὲτιδαψιλεύου,
1013 5390 1067 5435 ει
1097 5386 1169 5437 sic
1190 5385 1317 5451 legit
1334 5387 1581 5441 Savilius:
1610 5397 1818 5459 ultaque
1840 5398 1916 5448 lo-

407 5496 437 5535 δ
456 5496 660 5571 ςῖοἱξίίῃ.
685 5505 783 5571 τῶχ
802 5507 1052 5571 -τοιούτων
1091 5508 1337 5571 καμάτων.
1358 5510 1467 5563 Ilo:
1493 5514 1592 5566 duo
1613 5529 1729 5568 mss.
1770 5517 1914 5571 τοῦτο

348 5562 503 5610 ποιεῖν
529 5564 720 5615 εἰδυῖαν.
747 5566 874 5617 Edit.
904 5569 1071 5618 εἰδυῖα.

407 5624 433 5655 ⁸
462 5622 572 5695 Quo
596 5638 711 5677 mss.
923 5629 1085 5695 ,αὑτός
1105 5647 1157 5695 τε
1190 5633 1355 5695 λέγων.
1380 5636 1507 5691 Infra
1532 5637 1681 5693 ﬁdem
1722 5642 1915 5693 πλείονα

346 5684 679 5749 καρπώσονται
696 5690 782 5749 τήν
796 5684 942 5751 ἠδᾶιή
949 5708 988 5754 ν,
1014 5684 1131 5754 μετά
1152 5696 1231 5745 καὶ
1252 5684 1337 5751 τοῦ
1354 5684 1465 5753 τῦἶξ

2066 415 2315 483 καὶτοὺς
2376 422 2568 488 ἀλλους
2602 428 2889 485 παιδεύων.
2947 433 3102 489 Οὕτω
3132 437 3223 492 καὶ
3278 440 3307 493 ό
3352 445 3556 515 χειμὼν
3603 452 3630 502 ὁ

2064 508 2407 579 καταλαϐὼν,
2452 514 2555 571 κᾶν
2604 520 2935 594 τραχύτερος
2982 526 3227 599 γένηται,
3267 508 3632 612 εἰςηγαλήνην
3668 572 3675 575 -

2064 603 2480 692 μεταστήσεται·
2533 608 2675 664 οῦτω
2728 614 2822 666 καὶ
2874 616 2922 668 οἰ
2976 619 3358 692 χειμαζόμενοι
3410 603 3631 687 πλείοέα

2062 690 2444 763 καρπώσονται
2468 697 2566 768 τὴν
2609 700 2842 775 ἀμοιϐὴν
2892 706 3030 776 μετά
3060 708 3155 762 τοῦ
3187 712 3278 765 καὶ
3305 713 3413 769 τῶν
3442 716 3629 773 δεινῶν

2059 781 2458 857 ἀπαλλαγῆναι.
2504 789 2674 845 Τοῦτο
2695 793 2786 848 τὸν
2826 795 2945 850 Ἰὼϐ
2973 800 3338 873 ἐστεφάνωσε,
3364 806 3522 862 τοῦτο
3567 812 3627 871 τὸ

2061 874 2212 969 ῥῆμα
2228 876 2317 931 τὸν
2334 878 2577 936 διάϐολον
2606 884 2887 957 ἐτρέψατο,
2923 892 3014 944 καὶ
3042 893 3483 969 ἐγκαλυψάμενον
3497 903 3627 957 ἀνα-

2057 968 2302 1040 χωρῆσαι
2328 975 2646 1048 πεποίηκεν,
2677 979 2835 1033 τοῦτο
2859 981 3086 1052 θορύϐου
3110 989 3310 1057 παντὸς
3329 993 3623 1068 ἀναίρεσις.

2056 1060 2200 1113 Μένε
2230 1061 2296 1134 δὴ
2336 1064 2494 1120 τοῦτο
2523 1070 2736 1142 ἐπᾴδων
2765 1075 2881 1139 τοῖς
2918 1079 3221 1149 γινομένοις
3279 1060 3470 1140 ἀπασιί
3517 1060 3625 1142 Τοῦ

2054 1148 2219 1203 τόπου
2241 1152 2298 1205 δέ
2322 1153 2528 1221 ἕνεκεν,
2554 1159 2752 1230 μηκέτι
2781 1162 2963 1220 λοιπὸν
2999 1148 3187 1239 μηδεὶς
3215 1171 3519 1244 ἐνοχλείτω.
3561 1181 3625 1234 Εἰ

2054 1241 2162 1342 γάρ
2194 1244 2289 1298 καὶ
2328 1245 2532 1319 ἔρημον
2575 1250 2637 1306 τὸ
2674 1256 2924 1330 χωρίονή
2950 1261 3279 1329 Κουκουσὸς,
3303 1241 3445 1322 ἀλλ’
3473 1270 3623 1342 ὅμως

2053 1335 2147 1389 καὶ
2178 1338 2406 1409 ἡσυχίας
2434 1342 2774 1417 ἀπολαύομεν
2803 1349 3055 1419 ἐνταῦθα,
3082 1355 3176 1408 καὶ
3205 1358 3267 1410 οὑ
3294 1359 3354 1411 τὸ
3386 1335 3547 1431 τυχόν
3559 1335 3624 1417 ἐκ

2049 1425 2151 1522 τῆς
2180 1428 2463 1522 ἀσθενείας
2477 1434 2576 1506 τῆς
2601 1438 2743 1492 κατά
2764 1439 2864 1512 τὴν
2904 1443 3021 1497 ὁδὸν
3047 1447 3343 1520 γενομένης
3366 1425 3517 1522 ἡμίν,
3535 1453 3624 1509 διὰ

2050 1514 2149 1584 τῆς
2166 1517 2305 1571 οίκοι
2332 1519 2602 1594 καθέδρας
2637 1525 2737 1597 τῆς
2760 1526 3062 1599 διηνεκοῦς,
3091 1514 3619 1613 διορθῶσαίίσχύσα-

2053 1610 2297 1699 μεν.ν“Αν
2340 1610 2395 1664 δὲ
2419 1612 2648 1686 μέλλητε
2678 1618 2842 1675 πάλιν
2883 1622 3028 1693 ἡμᾶς
3056 1624 3386 1695 ἀναγκάζειν
3422 1610 3623 1699 τόπους

2048 1698 2114 1751 ἐκ
2134 1698 2314 1755 τόπων
2332 1702 2599 1774 ἀμείϐειν,
2623 1708 2692 1763 τά
2711 1709 2914 1781 ἔσχατα
2931 1715 3249 1786 πεισόμεθα,
3273 1720 3366 1774 καὶ
3388 1698 3622 1793 μάλιστα

2047 1790 2142 1842 τοῦ
2199 1794 2464 1863 χειμῶνος
2514 1798 2607 1852 ἐπὶ
2675 1800 2868 1874 θύραις
2933 1805 3103 1870 ὄντος.
3171 1790 3401 1881 Μηδενι
3428 1804 3620 1870 ’τοίνυν

2050 1881 2303 1952 φορτικὸς
2330 1886 2537 1956 μηδεὶς,
2567 1889 2704 1961 μηδὲ
2733 1892 2976 1966 ἐπαχθὴς
3008 1898 3244 1965 γενέσθω
3268 1902 3470 1975 ταύτης
3500 1905 3618 1960 ἐνε-

2048 1989 2141 2027 κεν
2167 1975 2266 2046 τῆς
2321 1978 2648 2046 ὑποθέσεως.
2696 1984 2855 2039 Ἀλλά
2882 1987 3063 2059 γράφε
3094 1992 3227 2062 ἡμῖν
3283 1977 3525 2067 συνεχῶς
3552 1999 3618 2053 τά

2045 2069 2173 2138 περὶ
2204 2068 2305 2140 τῆς
2327 2071 2515 2141 ὑγείας
2535 2074 2634 2145 τῆς
2662 2076 2782 2148 σῆς,
2802 2080 2896 2134 καὶ
2917 2083 3017 2151 τῆς
3033 2082 3318 2156 διατριϐῆς
3340 2087 3437 2158 τῆς
3455 2089 3615 2143 αὑτό-

2045 2159 2120 2225 θι,
2154 2162 2249 2216 καὶ
2267 2164 2365 2236 τῆς
2390 2166 2814 2240 εὑδοκιμήσεως,
2847 2173 2939 2227 καὶ
2973 2174 3069 2245 τῆς
3093 2176 3378 2249 εὐθυμίας.
3401 2182 3476 2234 Οὑ
3509 2181 3615 2254 γάρ

2042 2254 2143 2325 τὴν
2167 2256 2457 2328 τυχοῦσαν,
2489 2262 2585 2315 καὶ
2631 2263 2691 2316 ἐν
2721 2265 2929 2337 ἐρημία
2976 2268 3198 2341 τοιαύτῃ
3230 2270 3614 2343 διατρίϐοντες,

2043 2347 2452 2419 καρπωσόμεθα
2485 2351 2853 2422 παράκλησιν,
2903 2356 3129 2411 τοιαῦτα
3172 2359 3324 2431 παρά
3366 2362 3465 2435 τῆς
3517 2362 3616 2438 σῆς

2040 2439 2348 2512 τιμιότητος
2377 2441 2655 2515 δεχόμενοι
2676 2446 3000 2518 γράμματα.

2564 2663 2730 2729 Ριιεσ.
2780 2662 3082 2732 Γεμέλλῳ.

2110 2812 2355 2884 Ἐρημον
2406 2813 2506 2884 μὲν
2552 2814 2808 2885 οἰκοῦμεν
2854 2816 3053 2888 χωρίον
3084 2816 3183 2888 τὴν
3220 2819 3527 2875 Κουκουσὸν
3555 2818 3606 2888 ⁸,

2035 2906 2132 2958 καὶ
2182 2905 2362 2976 πάσης
2388 2906 2487 2977 τῆς
2538 2906 2657 2960 καθ’
2700 2908 2847 2979 ἡμᾶς
2882 2909 3210 2982 οἰκουμένης
3248 2913 3605 2983 ἐρημότατον.

2034 2995 2182 3068 Πλὴν
2208 2995 2311 3049 κᾶν
2339 2996 2475 3068 πρὸς
2501 2997 2642 3053 αὑτά
2680 2999 2779 3070 τῆς
2809 2999 3134 3071 οἰκουμένης
3160 3001 3228 3055 τά
3262 3002 3475 3075 πέρατα
3509 3005 3609 3060 ἀπ-

2033 3087 2365 3160 ενεχθῶμεν,
2384 3089 2738 3146 ἐπιλαθέσθαι
2755 3107 2852 3148 σου
2867 3092 2967 3164 τῆς
2984 3092 3206 3166 ἀγάπης
3228 3096 3290 3149 οὑ
3308 3095 3604 3168 δυνάμεθαο

2032 3181 2169 3237 ἀλλά
2206 3182 2301 3237 καὶ
2347 3183 2405 3237 ἐν
2431 3183 2690 3256 ἀλλοτρίᾳ
2722 3185 2817 3239 καὶ
2858 3185 2917 3239 ἐν
2961 3187 3171 3261 ἐρημίᾳ
3215 3187 3604 3259 διατρίϐοντες,

2033 3274 2128 3327 καὶ
2164 3273 2246 3328 ἔτι
2278 3273 2505 3345 λείψανα
2535 3276 2851 3349 ἀρρωστίας
2880 3279 3292 3351 περιφέροντες,
3332 3282 3427 3335 καὶ
3457 3282 3607 3354 φόϐῳ

2032 3363 2242 3437 λῃστῶν
2262 3364 2705 3440 πολιορκούμενοι
2736 3367 2817 3439 (οὑ
2842 3367 2952 3442 γὰρ
2980 3369 3311 3440 ἀφίστανται
3333 3372 3434 3436 τὰς
3454 3373 3606 3440 ὀδοὺς

2031 3455 2471 3528 ἀποτειχίζοντες
2521 3459 2618 3513 καὶ
2666 3459 2847 3515 πάντα
2892 3461 3140 3533 αἱμάτων
3189 3464 3524 3536 πληροῦντες
3552 3466 3604 3519 οἱ

2043 3547 2321 3621 Ίσαῦροι),
2364 3550 2629 3623 διηνεκῶς
2680 3571 2742 3608 σε
2783 3555 2878 3610 ἐπὶ⁵
2932 3555 3169 3621 διανοίας
3213 3557 3602 3628 περιφέρομεν,

2029 3639 2126 3713 τὴν
2158 3641 2410 3715 ἀνδρείαν
2450 3662 2567 3710 σου,
2594 3648 2694 3718 τὴν
2721 3647 3056 3720 παρρησίαν,
3082 3648 3182 3720 τὴν
3221 3646 3481 3716 γλυκεῖαν
3509 3649 3604 3703 καὶ

2028 3732 2258 3803 γνησίαν
2307 3735 2546 3791 διάθεσιν
2596 3738 2727 3811 παρ’
2774 3739 2959 3803 αὐτοῖς
3002 3737 3454 3803 ἀναπλάττοντες,
3506 3741 3604 3792 καὶ

2028 3823 2232 3876 τούτων
2261 3824 2370 3877 τῶν
2385 3824 2662 3898 λογισμῶν
2685 3827 3059 3898 ἐντρυφῶντες
3083 3832 3150 3902 τῇ
3189 3829 3398 3905 μνήμῃ.
3419 3832 3601 3904 Γράφε

2028 3912 2177 3987 [709]
2200 3915 2256 3968 δὲ
2270 3916 2434 3979 αὑτὸς
2462 3920 2596 3989 ἡμῖν
2620 3916 2881 3989 συνεχῶς,
2905 3919 3141 3974 δέσποτα
3163 3920 3601 3993 θαυμασιώτατε,

2026 4004 2095 4059 τά
2128 4006 2258 4079 περὶ
2296 4007 2396 4077 τῆς
2432 4007 2620 4076 ὑγείας
2644 4008 2741 4081 τῆς
2781 4010 2902 4081 σῆς,
2941 4011 3036 4065 καὶ
3068 4012 3186 4077 πῶς
3219 4029 3301 4067 σοι
3332 4013 3401 4075 τὰ
3422 4013 3601 4087 θερμά

2028 4098 2319 4174 ἐχρῄσατο,
2350 4099 2447 4152 καὶ
2491 4101 2548 4153 ἐν
2580 4100 2723 4157 τίσιν
2754 4103 2902 4174 ὁρμᾷ
2929 4114 2952 4143 ο
2995 4104 3066 4158 τά
3108 4104 3178 4160 σά
3223 4105 3342 4162 νῦν·
3382 4106 3470 4161 ἵνα
3505 4109 3599 4161 καὶ

2026 4167 2307 4260 πόρρωθεν
2325 4190 2494 4257 ὅντες,
2531 4192 2697 4264 μηδὲν
2730 4167 2951 4248 ἔλαττον
2995 4194 3210 4268 ἔχωμεν
3242 4196 3353 4251 τῶν
3383 4197 3470 4254 ἀεί
3514 4216 3599 4252 σοι

2026 4281 2447 4352 συγγινομένων,
2466 4283 2546 4346 εἰς
2569 4283 2630 4338 τὸ
2656 4285 2843 4351 σαφῶς
2865 4285 3143 4343 εἰδέναιτά
3171 4287 3260 4341 σά.
3290 4283 3460 4344 Οἶσθα
3486 4287 3597 4368 γὰρ

2022 4371 2170 4436 ὅπως
2202 4373 2334 4445 ἡμῖν
2356 4373 2822 4446 περισπούδαστον
2845 4377 2974 4448 περί
3005 4376 3104 4448 τῆς
3136 4376 3355 4449 ῥώσεως
3379 4378 3476 4448 τῆς
3494 4378 3595 4448 σῆς

2025 4463 2339 4535 μανθάνειν,
2368 4464 2456 4519 διά
2484 4464 2546 4520 τὸ
2581 4466 2787 4537 σφόδρα
2826 4483 2918 4520 σου
2951 4469 3103 4540 ἐρᾷν,
3132 4468 3224 4522 καὶ
3255 4467 3591 4529 συνδεδέσθαι

2025 4555 2163 4628 μετά
2189 4558 2474 4632 ἀκριϐείας
2490 4560 2557 4631 τῇ
2593 4560 3035 4634 μεγαλοπρεπείᾳ
3062 4564 3129 4634 τῇ
3149 4564 3236 4634 σῇ.

2512 4719 2681 4785 Ριιιεν.
2721 4717 3094 4786 Κλαυδιανῴ.

2088 4868 2159 4924 Τί
2202 4870 2389 4939 τοῦτο;
2433 4872 2491 4925 '0
2535 4870 2738 4944 θερμὸς
2774 4873 2932 4945 ἡμῶν
2977 4875 3239 4948 ἐραστὴς,
3270 4877 3301 4931 ό
3335 4877 3586 4949 μανικὸς,
3650 4860 3673 4874 ”

2015 4963 2286 5037 τοσαύτης
2331 4965 2465 5037 παρ’
2490 4965 2650 5037 ἡμῶν
2684 4966 3001 5032 ἀπολαύσας
3043 4969 3285 5041 ἀγάπης,
3336 4970 3367 5023 ό
3411 4971 3589 5042 διηνε-

2016 5054 2127 5119 κῶς
2166 5056 2300 5128 ημῖν
2346 5056 2747 5127 συνδεδεμένος,
2778 5058 2898 5113 οὑδὲ
2944 5060 3290 5132 γραμμάτων
3337 5063 3485 5133 ἡμᾶς
3529 5064 3587 5117 ἐν

2014 5148 2159 5207 οὕτω
2192 5150 2373 5223 χρόνῳ
2421 5150 2617 5223 μακρῷ
2654 5150 2913 5221 ἠξίωσας.
2941 5154 3058 5209 ἀλλ’
3087 5154 3317 5227 ἠνέσχου
3362 5158 3584 5228 σιγῆσαι

2016 5240 2175 5314 σιγὴν
2203 5240 2348 5296 οὑτω
2383 5241 2631 5314 μακράν;
2665 5242 2733 5296 Τί
2777 5260 2909 5298 ποτε
2955 5244 3063 5316 ἄρα
3106 5247 3168 5300 τὸ
3200 5246 3401 5313 dimov;
3440 5244 3588 5321 Ἆρα

2017 5333 2155 5404 μετά
2184 5333 2283 5405 τὴν
2303 5332 2608 5405 ἀποδημίαν
2645 5332 2897 5400 ἐξέϐαλες
2921 5337 3068 5407 ἡμᾶς
3091 5336 3191 5407 τῆς
3223 5337 3460 5403 διανοίας
3485 5337 3583 5410 τῆς

2017 5425 2137 5495 σῆς,
2182 5424 2277 5479 καὶ
2320 5422 2692 5510 ρᾳθυμότερος
2728 5425 2857 5497 περὶ
2899 5425 2996 5498 τὴν
3041 5427 3319 5500 ἡμετέραν
3354 5429 3580 5499 γέγονας

2074 5576 2101 5623 ἀ
2124 5583 2395 5651 γειὶεητήν
2433 5584 2719 5651 Κοκκουοὸν
2754 5599 2843 5651 pro
2882 5601 3036 5640 more.
3062 5586 3216 5638 Paulo
3247 5583 3574 5651 poleoislin.

2011 5652 2096 5713 τῆς
2115 5646 2391 5713 aitagit-ira:
2407 5648 2468 5713 ῖά
2488 5648 2715 5713 τέρματα.

2074 5708 2098 5738 ο
2123 5705 2273 5762 εαγὶῐ.
2299 5708 2448 5772 ὁρμεῖ.
2547 5705 2563 5727 ’π

4060 2328 4064 2543 1

4060 2572 4064 2779 ἴ
