4064 6218
350 1658 377 1689 Ι

442 358 538 416 HI

434 476 701 548 ἀγάπην;“
731 474 844 530 Οὐκ
877 475 1052 546 ἔγωγε
1099 472 1290 548 οἶμαιο
1318 477 1395 549 μὴ
1438 479 1544 550 γάρ
1564 495 1695 535 ποτε
1730 478 1890 533 τοῦτο
1913 479 2007 549 γέ-

435 585 617 640 νηται,
644 568 753 622 ἀπὸ
776 567 997 639 φιλικῆς
1026 566 1169 622 οὕτω
1192 569 1371 642 ψυχῆς
1391 571 1488 625 καὶ
1510 570 1721 643 θερμῆς
1744 572 2012 643 τοσαύτην

435 657 693 730 γενέσθαι
723 659 1050 731 μεταϐολήν.
1084 659 1226 714 Ἀλλ’
1250 661 1359 733 ἄρα
1384 663 1457 736 μὴ
1478 663 1760 735 ἀρρωστία
1791 680 1851 717 σε
1878 680 2012 717 κατ-

437 746 632 820 όσχενς
674 749 816 804 Ἀλλ’
857 750 958 804 οὐκ
982 749 1212 821 ἠδύνατο
1239 752 1376 825 αὕτη
1407 753 1662 821 γενέσθαι
1688 755 1911 827 κώλυμα
1934 753 2014 825 τῷ

434 839 691 911 γράφειν.
729 840 885 894 Ἐπεὶ
914 838 1007 896 οὖν
1048 842 1352 915 ἀγνοοῦμεν
1383 844 1483 915 τὴν
1514 846 1718 912 αἰτίαν,
1753 845 1895 918 μετὰ
1918 844 2011 899 τοῦ

439 928 601 984 λῦσαι
631 932 733 1003 τὴν
764 931 924 1006 σιγὴν
957 932 1051 988 καὶ
1084 933 1381 1004 τὴναίτίαν
1417 935 1540 987 εἰπὲ
1575 935 1675 1005 τῆς
1710 935 1889 1007 σιγῆς,
1922 937 2014 989 καὶ

443 1021 629 1095 πέμπε
656 1024 869 1094 ταχέως
896 1025 1027 1097 ἡμῖν
1065 1024 1353 1096 επιστολὴν
1394 1024 1463 1079 τά
1508 1026 1638 1097 περὶ
1683 1026 1782 1098 τῆς
1826 1027 2014 1096 ὑγείας

440 1112 539 1183 τῆς
587 1113 685 1185 σῆς
733 1113 1231 1187 εύαγγελιξομένην
1258 1116 1426 1187 ἡμᾶς.
1474 1114 1632 1171 Οὕτω
1672 1117 1783 1188 γὰρ
1818 1116 1890 1171 τά
1922 1120 2016 1189 μέ-

442 1219 605 1274 γιστα
627 1206 761 1275 ἡμῖν
795 1208 983 1278 χαριῇ,
1013 1207 1105 1259 καὶ
1136 1207 1235 1278 τῆς
1261 1206 1498 1277 ἐρημίας
1527 1206 1730 1277 πολλὴν
1760 1210 2019 1280 παρέξεις

442 1295 816 1367 παράκλησιν,
857 1296 924 1352 ἂν
945 1296 1169 1351 τοιαῦτα
1195 1296 1477 1368 δεξώμεθα
1497 1296 1820 1371 γράμματα.
1859 1299 2018 1368 Ἀλλά

447 1386 525 1460 μὴ
555 1387 875 1462 ῥᾳθυμήσῐις
899 1406 914 1420 ⁸
939 1391 988 1442 εἰ
1019 1388 1127 1460 γὰρ
1151 1389 1245 1443 καὶ
1281 1380 1420 1461 μετά
1449 1388 1862 1463 τὴνἚπιστολὴν
1884 1390 2017 1445 ταύ-

444 1496 545 1550 την
575 1479 759 1550 μένεις
791 1481 978 1549 σιγῶν,
1003 1480 1105 1534 οὑκ
1131 1480 1208 1533 ἔτι
1256 1498 1338 1534 σοι
1378 1481 1705 1554 συγγνώμην
1753 1481 2017 1554 δώσομεν,

444 1570 581 1623 ἀλλά
613 1571 943 1643 γραψόμεθά
968 1589 1027 1625 σε
1052 1572 1152 1643 τῆς
1178 1572 1414 1645 ἐσχάτης
1449 1573 1862 1647 ἀγνωμοσύνης.
1890 1572 2021 1631 Οἶδα

448 1661 505 1715 δὲ
532 1663 612 1716 ὅτι
642 1662 825 1735 πάσης
863 1680 947 1718 σοι
978 1664 1250 1737 τιμωρίας
1284 1664 1443 1720 τοῦτο
1481 1666 1826 1739 πικρότερον.

1004 1816 1189 1883 ριιεῖν.
1243 1816 1457 1884 Ἀετίῳ.

532 1966 725 2036 Ἡμεῖς
749 1983 845 2019 σου
858 1966 956 2037 τῆς
971 1967 1191 2039 ἀγάπης
1213 1967 1468 2024 οὐδέποτε
1495 1972 1848 2029 ἐπιλαθέσθαι
1867 1975 2025 2031 δυνά-

454 2054 618 2127 μεθα,
644 2058 745 2129 τῆς
786 2055 1016 2128 θερμῆς,
1044 2059 1138 2111 καὶ
1166 2060 1415 2131 γνησίας,
1462 2063 1558 2116 καὶ
1602 2067 2022 2139 πεπυρωμένης,

450 2152 554 2221 τῆς
577 2151 904 2224 εἰλικρινοῦς
946 2154 1038 2207 καὶ
1073 2155 1286 2223 ἀδόλου,
1315 2156 1453 2213 ἀλλά
1483 2160 1748 2233 διηνεκῶς
1779 2165 1875 2219 ἐπὶ
1908 2165 2026 2220 δια-

455 2244 601 2307 νοίας
636 2260 696 2297 σε
744 2248 1141 2319 περιφέρομεν,
1185 2252 1282 2305 καὶ
1333 2251 1529 2325 ἔχομεν
1553 2255 2027 2328 ἐγκεκολαμμένον

453 2335 610 2408 ἡμῶν
637 2335 716 2407 τῷ
742 2338 1025 2395 συνειδότι.
1056 2341 1164 2394 Καὶ
1193 2342 1527 2415 ἐϐουλόμεθα
1570 2346 1668 2417 μὲν
1691 2348 1783 2401 καὶ
1805 2349 1939 2419 όρᾷν
1968 2365 2028 2401 σε

456 2426 696 2497 συνεχῶς
716 2446 730 2460 ο
769 2429 893 2483 ἐπεὶ
921 2429 977 2484 δὲ
1009 2430 1170 2486 τοῦτο
1212 2433 1348 2498 τέως
1401 2437 1500 2507 οὐχ
1546 2434 1659 2491 οἷόν
1689 2455 1772 2502 τε,
1805 2438 1896 2493 διά
1919 2439 2029 2493 τῶν

454 2519 799 2590 γραμμάτων
841 2520 940 2592 τὴν
983 2522 1284 2595 ἐπιθυμίαν
1319 2526 1421 2598 τὴν
1445 2527 1656 2583 ἑαυτῶν
1682 2529 2027 2603 πληροῦμεν,

453 2607 560 2703 τὴν
580 2608 941 2703 όφειλομένην
979 2612 1284 2685 πρόσρησιν
1329 2616 1673 2703 ἀποδιδόντες
1706 2637 1801 2674 σου
1827 2624 1894 2693 τῇ
1936 2624 2031 2676 εὑ-

458 2697 673 2770 λαϐείᾳ,
724 2700 817 2754 καί
864 2717 925 2755 σε
972 2705 1395 2778 παρακαλοῦμεν
1429 2697 1524 2765 καὶ
1559 2709 1750 2765 ἑαυτὸν
1796 2713 2031 2785 συνεχῶς

460 2794 594 2864 ἡμῖν
622 2794 984 2853 ἐπιστέλλειν.
1008 2796 1070 2850 Et
1103 2797 1211 2871 7&9
1242 2799 1337 2854 καὶ
1366 2801 1425 2856 ἐν
1450 2802 1656 2875 ὲρημίᾳ
1686 2802 2034 2878 διατρίϐομεν

462 2885 653 2958 πολλῇ,
678 2887 773 2941 καὶ
805 2888 911 2942 ὑπὸ
930 2888 1097 2960 φόϐου
1130 2890 1342 2963 λῃστῶν
1364 2892 1822 2967 πολιορκούμεθα,
1855 2898 1952 2952 καὶ
1975 2899 2034 2954 ὲν

459 2977 742 3050 ἀρρωστίᾳ
767 2982 1125 3052 τυγχάνομεν,
1156 2982 1271 3037 ἀλλ’
1305 2984 1400 3041 έάν
1430 2984 1713 3058 δεξώμεθα
1730 2990 2033 3062 γράμματα

459 3067 613 3139 παρά
647 3069 746 3140 τῆς
775 3071 1053 3139 εὐγενείας
1090 3072 1193 3143 τῆς
1224 3074 1345 3145 σῆς,
1402 3075 1869 3152 εὐαγγελιζόμενα
1902 3084 2034 3153 ἡμῖν

460 3160 591 3231 περὶ
630 3160 730 3231 τῆς
774 3162 965 3231 ὑγείας
997 3180 1114 3228 σου,
1167 3166 1369 3240 πολλὴν
1393 3169 1489 3222 καὶ
1514 3170 1574 3225 έν
1602 3171 1861 3246 ἀλλοτρίᾳ
1883 3174 2036 3240 ὄντες

382 3244 391 3257 ³
461 3252 870 3324 καρπωσόμεθα
902 3254 1006 3327 τὴν
1057 3257 1405 3330 παράκλησιν
1421 3272 1473 3315 ι.
1510 3261 1684 3327 Εἰδὼς
1729 3244 2036 3338 οῦνήὴλίκα

460 3345 594 3414 ἡμῖν
615 3348 801 3419 χαριῇ,
836 3348 932 3402 καὶ
956 3348 1091 3421 δσην
1113 3351 1243 3421 ἡμῖν
1272 3351 1533 3424 παρέξεις
1553 3354 1654 3426 τὴν
1672 3355 2033 3430 εὐφροσύνην,

465 3435 542 3507 μὴ
576 3435 851 3510 φθονήσῃς
882 3440 1014 3512 ἡμῖν
1039 3440 1143 3512 τῆς
1170 3442 1439 3517 τοσαύτης
1464 3445 1677 3519 ἡδονῆς,
1709 3447 1845 3503 ἀλλά
1872 3450 2039 3505 σπού-

462 3522 593 3616 δαζε
623 3528 754 3598 ἡμῖν
776 3531 1161 3603 συνεχέστερον
1194 3535 1561 3593 ἐπιστέλλεινο
1592 3539 1792 3613 πολλὴν
1816 3542 1926 3616 7&9
1952 3544 2038 3597 έν-

462 3615 654 3672 τεῦθεν
674 3621 1082 3692 καρπωσόμεθα
1106 3624 1207 3695 τὴν
1228 3624 1447 3699 ἡδονήν.

646 3778 799 3853 [710]
835 3785 1005 3849 ΡιιΖν.
1040 3785 1304 3851 Στουδίῳ
1340 3787 1581 3860 ἐπάρχῳ
1606 3793 1857 3861 πόλεως.

536 3935 667 3995 οῖδα
701 3940 820 4012 μὲν.
847 3940 930 3996 δτι
976 3943 1195 4008 συνετὸς
1238 3944 1337 4011 ὢν,
1371 3946 1467 4001 καὶ
1500 3947 1815 4020 φιλοσοφεῖν
1862 3951 2040 4020 εἰδὼς,

467 4030 562 4085 καὶ
582 4029 689 4101 πρὸ
713 4029 820 4084 τῶν
846 4032 1187 4104 γραμμάτων
1215 4034 1325 4089 τῶν
1345 4035 1629 4108 ἡμετέρων
1659 4038 1849 4109 πράως
1877 4041 2042 4105 οῐσεις

467 4120 563 4175 τοῦ
598 4122 872 4194 μακαρίου
913 4123 1141 4195 ἀδελφοῦ
1176 4126 1276 4197 τῆς
1314 4127 1795 4201 μεγαλοπρεπείας
1824 4132 1923 4203 τῆς
1944 4133 2043 4204 σῆς
2072 4153 2089 4166 ο

469 4213 569 4284 τὴν
593 4213 903 4286 ἀποδημίαν
923 4232 937 4246 ·
966 4215 1028 4270 ού
1058 4215 1168 4288 γάρ
1198 4217 1265 4271 ἂν
1284 4218 1455 4292 αὐτὴν
1480 4220 1774 4294 καλέσαιμι
1793 4222 2038 4279 θάνατον.

480 4304 699 4377 Ἐπειδὴ
724 4305 781 4359 δὲ
810 4307 907 4361 καὶ⁸
942 4308 1091 4379 ἡμᾶς
1125 4309 1425 4378 ἀναγκαῖον
1447 4310 1516 4366 τά
1545 4315 1676 4386 παρ’
1702 4314 1913 4369 έαυτῶν
1931 4318 2044 4369 είσ-

471 4401 739 4479 ενεγκεζν,
774 4399 1080 4470 παρακαλῶ
1108 4417 1202 4455 σου
1239 4399 1337 4473 τὴν
1360 4400 1789 4475 θαυμασιότητα,
1810 4405 2044 4461 δέσποτα

473 4492 1050 4564 μεγαλοπρεπέστατε,
1099 4493 1194 4548 καὶ
1231 4494 1291 4548 ἐν
1336 4494 1416 4567 τῷ
1450 4493 1629 4567 καιρῷ
1658 4495 1837 4569 τούτῳ
1873 4497 2045 4563 δεῖξαι

475 4585 691 4651 σαυτὸν,
724 4585 823 4657 οὐχ
855 4584 997 4640 ὥστε
1030 4586 1108 4660 μὴ
1148 4587 1335 4657 ἀλγεῖν
1368 4586 1559 4661 (τοῦτο
1609 4588 1718 4661 7&9
1742 4590 2045 4661 ἀμήχανον,

472 4672 759 4746 ἄνθρωπον
818 4674 968 4742 δντα,
1009 4676 1104 4730 καὶ
1155 4678 1321 4749 σαρκὶ
1364 4678 1894 4751 συμπεπλεγμένον,
1954 4683 2049 4735 καὶ

470 4765 712 4820 τοιοῦτον
728 4763 1089 4839 ἐπιζητοῦντα
1110 4750 1384 4838 ἀδελφὸν),
1405 4766 1506 4822 ἀλλ
1522 4760 1683 4822 ’ὥστε
1706 4750 1904 4842 μέτρον
1927 4771 2048 4825 ἑπι-

475 4853 649 4909 θεῖναι
673 4858 740 4927 τῇ
777 4854 943 4927 λύπῃ.
978 4851 1150 4909 Οἶσθα
1179 4855 1288 4928 7&9
1317 4853 1427 4909 τῶν
1446 4853 1797 4927 ἀνθρωπίνων
1830 4854 1894 4909 τὺ
1926 4855 2049 4909 ἐπίο

470 4963 667 5017 οιηρον,
710 4948 806 5001 καὶ
848 4949 931 5003 ὅτι
980 4948 1261 5018 ποταμίων
1290 4948 1579 5020 ῥευμάτων
1612 4949 1859 5019 μιμεῖται
1888 4946 2050 5018 φύσιν

474 5038 547 5090 τά
579 5038 903 5110 πράγματα,
937 5040 1033 5093 καὶ
1056 5040 1133 5105 ὡς
1160 5040 1401 5104 ὲκείνους
1446 5039 1643 5110 μόνους
1683 5039 1788 5112 χρὴ
1817 5040 2053 5112 μακαρίσ-

480 5131 617 5195 ζειν,
659 5133 786 5195 τοὺς
833 5133 973 5202 μετά
1017 5133 1262 5205 χρηστῆς
1296 5131 1510 5198 ἐλπίδος
1559 5131 1930 5196 καταλύοντας
1961 5133 2053 5186 τὸν

479 5220 726 5291 παρόντα
753 5220 887 5293 βίον.
914 5223 990 5276 Ού
1012 5223 1122 5295 7&9
1145 5224 1241 5278 ἐπὶ
1259 5224 1488 5279 θάνατον
1513 5224 1786 5297 ἔρχονται,
1808 5222 1925 5279 ἀλλ’
1943 5223 2053 5277 ἀπὸ

477 5310 588 5364 τῶν
615 5311 844 5381 ἀγώνων
872 5315 965 5367 ἐπὶ
992 5317 1060 5370 τά
1091 5315 1345 5389 βραδεῖα,
1367 5317 1476 5371 ἀπὸ
1518 5317 1630 5370 τῶν
1656 5315 2053 5386 παλαισμάτων

480 5403 574 5456 επὶ
591 5404 719 5467 τοὺς
745 5406 1062 5474 στεφάνους,
1085 5407 1195 5461 ἀπὸ
1221 5409 1321 5480 τῆς
1338 5409 1751 5480 τεταραγμένης
1777 5408 2055 5479 θαλάσσης

480 5496 574 5551 ἐπὶ
604 5494 800 5565 λιμένα
818 5495 1151 5567 ἀκύμαντον.
1192 5501 1359 5554 Ταῦτ’
1389 5496 1483 5555 οῦν
1512 5500 1713 5555 ἐννοῶν
1736 5498 2051 5571 παρακάλει

485 5585 703 5653 σαυτὸν,
734 5587 856 5641 ἐπεὶ
871 5587 965 5641 καὶ
988 5591 1148 5661 ἡμεῖς
1170 5591 1270 5663 οὐχ
1294 5594 1372 5655 ώς
1398 5590 1588 5662 ἔτυχεν
1606 5589 1918 5660 ἀλγοῦντες,
1953 5607 2053 5661 με·

554 5793 575 5818 ⁸
597 5798 708 5850 Duo
726 5809 839 5847 mss.
863 5790 1211 5858 καρπωσόμεθα
1227 5791 1311 5849 τήν
1330 5790 1636 5853 παραμυθίαν.

1108 376 1165 431 S.
1207 374 1489 431 JUANNIS
1526 372 1713 430 CHRY
1726 366 2026 429 SOSTO)“

2131 362 2379 425 ιοηιειδ.
2419 368 2964 425 CONSTANTINOP.

3572 355 3681 414 ἨΞ

2111 482 2304 552 γίστην
2337 481 2437 549 τῆς
2469 479 2755 552 ἀλγηδόνος
2784 477 2979 548 ἔχομεν
3011 473 3383 547 παραμυθίαν,
3411 473 3512 548 τὴν
3544 477 3686 549 ἀρι-

2109 586 2213 650 τὴν
2240 586 2336 640 τοῦ
2367 586 2581 658 ἀνδρὸς,
2606 585 2672 656 ἡν
2702 584 2796 639 καὶ
2823 581 2974 654 αὐτῷ
3012 582 3095 636 col
3120 582 3386 654 μεγίστην
3407 578 3561 654 οἶμαι
3586 586 3687 655 φέ-

2114 706 2229 763 ρειν
2248 689 2613 762 παράκλησιν.
2638 688 2701 743 Εἰ
2733 686 2835 760 μὲν
2870 685 2982 759 7&9
3011 686 3247 758 πονηρός
3277 703 3362 750 τις
3374 682 3440 757 ἦν
3464 688 3493 740 ό
3516 688 3687 743 ἀπελο

2113 797 2244 862 θὼν,
2293 797 2389 850 καὶ
2435 794 2633 858 κακίας
2680 793 2887 864 γέμων,
2921 791 3028 845 ἔδει
3073 790 3288 864 θρηνεῖν
3312 791 3406 845 καὶ
3427 791 3688 863 ὀλοφύρε-

2117 902 2240 958 σθαι
2267 879 2462 955 τούτου
2497 899 2656 972 χάριν
2676 915 2690 928 ⁸
2715 897 2906 969 ἐπειδὴ
2938 897 2996 952 δὲ
3033 897 3273 963 τοιοῦτος
3312 898 3405 952 καὶ
3431 898 3573 952 οὕτω
3602 898 3689 969 βε-

2115 1005 2351 1071 ϐιωκὼς,
2409 1006 2487 1068 ώς
2527 1005 2714 1061 ἅπασα
2764 999 2906 1058 οἶδεν
2936 1004 2969 1074 ἡ
2997 1002 3174 1067 πόλις,
3214 1002 3332 1073 μετ’
3361 1002 3688 1068 ἐπιεικείας,

2119 1098 2258 1171 μετά
2281 1097 2669 1169 χρηστότητος,
2689 1095 2749 1149 τὸ
2768 1094 2979 1149 δίκαιον
3008 1095 3096 1148 ἀεὶ
3110 1095 3371 1165 τιμήσας,
3399 1094 3692 1165 παρρησίᾳ

2114 1192 2182 1262 τῇ
2210 1188 2563 1261 προσηκούσῃ
2591 1187 2958 1259 χρησάμενος,
2997 1184 3303 1256 ἐλευθερίᾳ,
3332 1184 3571 1256 ἀνδρείᾳ,
3595 1184 3692 1237 οὐ·

2116 1296 2205 1351 δὲν
2230 1293 2301 1348 τὰ
2322 1293 2569 1366 παρόντα
2595 1292 2971 1365 ἡγησάμενος,
3006 1289 3122 1343 ἀλλ’
3145 1289 3424 1360 ἀλλότριος
3440 1288 3540 1359 τῆς
3565 1287 3692 1359 βιω-

2116 1401 2278 1471 τικῆς
2302 1397 2594 1469 γενόμενος
2637 1394 2937 1468 φροντίδος,
2973 1390 3305 1462 ἀγάλλεσθαι
3341 1387 3470 1461 χρὴ,
3496 1390 3697 1461 ἐκείνῳ

2116 1521 2178 1558 τε
2206 1500 2549 1575 συνήδεσθαι,
2576 1501 2642 1571 τῇ
2666 1515 2725 1552 τε
2759 1495 3156 1569 θαυμασιότητι
3196 1496 3261 1564 τῇ
3299 1496 3387 1564 σῇ,
3418 1493 3501 1546 δτι
3526 1490 3699 1546 τοιοῦ-

2117 1628 2209 1666 τον
2234 1606 2593 1681 προέπεμψας
2619 1603 2865 1673 ἀδελφὸν,
2897 1603 2955 1655 ὲν
2988 1599 3169 1670 ἀσύλῳ
3193 1596 3377 1651 λοιπὸν
3411 1594 3692 1667 θησαυρῷ,

2121 1714 2268 1785 άπερ
2318 1711 2456 1783 ἔχων
2503 1708 2767 1782 ἀπῆλθεν,
2815 1707 3007 1780 ἔχοντα
3032 1706 3101 1759 τά
3128 1703 3328 1773 ἀγαθά.
3379 1701 3472 1771 Μὴ
3513 1700 3698 1754 τοίνυν

2121 1820 2342 1888 ἀνάξιόν
2393 1836 2448 1872 τι
2491 1814 2691 1871 σαυτοῦ
2724 1813 2937 1887 λογίοῃ,
2967 1809 3204 1865 δέσποτά
3239 1824 3344 1878 μου
3388 1804 3702 1877 θαυμασιώ-

2121 1943 2273 1992 τατε,
2306 1922 2728 1993 κατακλώμενος
2765 1917 2846 1989 τῷ
2899 1914 3110 1976 πένθει.
3143 1912 3282 1968 ἀλλά
3300 1911 3469 1976 δεῖξον
3497 1910 3702 1964 σαυτδν

2121 2032 2217 2087 καὶ
2243 2032 2300 2084 ὲν
2326 2027 2405 2100 τῷ
2440 2026 2669 2098 παρόντι
2696 2020 2895 2093 καιρῷ,
2923 2018 3020 2073 καὶ
3049 2015 3288 2089 δηλῶσαι
3341 2016 3474 2085 ἡμῖν
3526 2029 3707 2085 παρα-

2125 2134 2376 2205 κλὴθητι,
2396 2132 2478 2185 ὅτι
2506 2127 2699 2199 γέγονὲ
2729 2125 2813 2179 σοί
2842 2141 2896 2177 τι
2935 2121 3095 2176 πλέον
3133 2120 3225 2174 καὶ
3258 2118 3366 2173 ἀπὸ
3379 2116 3488 2170 τῶν
3513 2134 3705 2189 γραμ-

2127 2242 2316 2315 μάτων
2347 2239 2459 2292 τῶν
2492 2232 2798 2307 ἡμετέρων,
2844 2230 2935 2286 ἵνα
2976 2228 3071 2282 καὶ
3100 2228 3284 2299 ἡμεῖς,
3332 2225 3396 2275 ἐκ
3440 2222 3703 2276 τοσούτου

2092 2376 2101 2379 -
2127 2347 2430 2419 καθήμενοι
2461 2342 2851 2413 διαστήματος,
2881 2330 3370 2403 καλλωπιζώμεθα,
3396 2328 3503 2383 ἀπὸ
3534 2327 3706 2399 ψιλῆς

2126 2452 2420 2524 ἐπιστολῆς
2464 2448 2599 2505 πολὺ
2634 2447 2735 2518 τῆς
2790 2442 3026 2515 ἀθυμίας
3069 2438 3273 2508 ταύτης
3303 2432 3709 2506 ὑποτέμνεσθαι

2129 2556 2468 2629 δυνηθέντες.

2654 2690 2829 2756 ΡῌΓ.
2876 2686 3027 2741 ’11ου
3032 2683 3160 2754 χίῳ.

2201 2850 2267 2904 Τί
2308 2848 2493 2915 τοῦτο;
2541 2844 2729 2908 Οὕτως
2774 2839 2935 2913 ἡμῶν
2975 2834 3221 2909 σφοδρῶς
3247 2832 3388 2906 ἐρῶν
3420 2829 3565 2903 (οὐδὲ
3594 2828 3715 2901 7&9

2131 2958 2322 3021 ἔλαθες
2349 2954 2518 3026 ἡμᾶς,
2538 2951 2767 3022 ἐπείπερ
2786 2947 2845 3000 οὐ
2867 2942 3091 3000 δυνατὸν
3130 2940 3362 3013 ἐραστήν
3406 2953 3535 2991 ποτε
3574 2952 3715 3002 σφο-

2137 3062 2264 3136 δρδν
2279 3059 2461 3115 λαθεῖν
2473 3057 2563 3112 τὸν
2585 3047 3247 3129 ὲρώμενον),γραμμάτων
3266 3046 3411 3117 ἡμᾶς
3429 3043 3531 3097 ούκ
3541 3040 3718 3111 ἠξίω-

2135 3187 2255 3234 σας,
2288 3167 2402 3223 ἀλλ’
2434 3166 2666 3237 ἠνέσχου
2690 3164 2815 3234 σιγῇ
2846 3158 3096 3230 κατέχειν
3126 3156 3219 3210 τδν
3237 3142 3449 3226 ’ἐρωτα;
3477 3148 3544 3202 Τί
3572 3163 3718 3201 ποτα

2134 3278 2243 3348 ἄρα
2268 3275 2329 3330 τὸ
2343 3275 2549 3339 αῐτιον;
2580 3268 2721 3338 Ἐγὼ
2748 3267 2845 3339 μὶν
2861 3266 3036 3320 εἰπεῖν
3052 3263 3153 3317 οὐκ
3168 3260 3276 3332 ἔχω
3299 3275 3313 3289 ⁸
3339 3257 3429 3311 σὺν
3450 3256 3509 3309 δὲ
3529 3254 3595 3309 ἀν
3618 3254 3717 3325 εἴη

2139 3375 2277 3451 μετά
2296 3376 2359 3430 τδ
2383 3372 2655 3443 λῦσαιτὴν
2683 3366 2960 3440 σιγὴν,καὶ
2971 3365 3071 3436 τὴν
3093 3361 3274 3418 αίτίαν
3291 3359 3465 3413 εἰπεῖν
3491 3355 3596 3426 τῆς
3625 3371 3720 3408 σι-

2135 3487 2259 3557 γῆς.
2277 3481 2377 3537 Διά
2399 3480 2507 3553 7&9
2526 3478 2685 3533 τοῦτο
2708 3478 2806 3531 καὶ
2837 3473 3104 3546 πρότερον
3130 3472 3243 3534 τοῖς
3273 3464 3424 3541 [711]
3445 3464 3579 3533 πρὸς
3609 3462 3720 3533 τὴν

2139 3587 2238 3659 σὴν
2264 3585 2543 3655 εὐγένειαν
2567 3581 2992 3652 ὲπεπηδὴσαμεν
3012 3575 3354 3649 γράμμασιν,
3378 3572 3465 3625 ἴνα
3482 3569 3618 3640 μηδὲ
3630 3570 3722 3633 είς

2137 3689 2297 3745 τοῦτό
2336 3705 2418 3742 σοι
2456 3685 2793 3754 καταφυγεῖν
2832 3680 2949 3753 ἐξῇ.
2978 3679 3161 3751 Γράφε
3192 3676 3258 3746 δὴ
3285 3671 3527 3744 συνεχῶς
3553 3673 3722 3743 ἡμῖν,

2138 3799 2374 3853 δέσποτα
2400 3794 2800 3866 αἰδεσιμώτατε
2844 3789 2937 3845 καὶ
2979 3784 3352 3856 εὐγενέστατε,
3379 3781 3474 3837 καὶ
3502 3778 3725 3851 πλὴρου

2138 3905 2238 3977 τὴν
2273 3899 2571 3971 ἐπιθυμίαν
2596 3896 2773 3970 ἡμῶν.
2792 3893 2904 3950 Καὶ
2923 3890 3030 3963 γάρ
3051 3888 3197 3955 ἅπαξ
3216 3883 3576 3958 χειρωθέντες
3605 3880 3726 3935 ἀπὸ

2138 4009 2334 4082 φήμης
2363 4005 2528 4078 ψιλῆς
2575 4003 2766 4076 μόνης,
2811 3999 2907 4053 καὶ
2954 3994 3298 4058 συνδεθέντες
3333 4009 3427 4046 σου
3458 3994 3526 4062 τῇ
3557 3991 3729 4058 εὐγε-

2141 4114 2284 4186 νείᾳ,
2309 4110 2431 4166 οὐδὲ
2456 4110 2523 4165 ἂν
2555 4109 2712 4164 αὐτοὶ
2744 4084 2903 4178 σιγᾷν
2931 4101 3297 4174 δυνηθείημεν
3329 4098 3542 4161 λοιπὸν,
3587 4095 3726 4150 οὗτε

2140 4217 2238 4273 τοῦ
2271 4215 2532 4285 σιγῶντος
2580 4209 3048 4284 ἀνέχεσθαι,άλλά
3085 4207 3254 4281 μυρία
3280 4224 3361 4260 σοι
3403 4204 3730 4276 παρέξομεν

2144 4322 2467 4395 πράγματα,
2500 4320 2549 4372 εί
2591 4317 2666 4390 μὴ
2692 4316 2936 4386 συνεχεῖς
2963 4313 3059 4368 καὶ
3090 4311 3302 4374 πυκνάς
3320 4310 3451 4381 ἡμῖν
3474 4308 3727 4378 πέμπεις

2142 4425 2241 4488 τάς
2271 4420 2583 4488 ἐπιστολάς,
2645 4420 2712 4490 τῇ
2766 4415 3062 4487 πυκνότητι
3105 4412 3215 4466 τῶν
3247 4408 3593 4482 γραμμάτων
3617 4406 3728 4478 τὴν

2146 4531 2214 4583 ὲκ
2242 4528 2342 4599 τῆς
2365 4522 2665 4596 παρουσίας
2690 4520 3041 4593 σοφιζόμενος
3066 4516 3279 4589 ἡδονήν.

2494 4681 2660 4747 Ριιθν.
2702 4673 2974 4744 Δανιήλῳ
3000 4668 3400 4741 πρεσϐυτέρῳ.

2221 4855 2524 4929 Εὐλογητὸς
2546 4856 2575 4909 ό
2606 4851 2759 4918 Θεὸς,
2796 4850 2826 4904 ὁ
2851 4846 3032 4917 πολλῷ
3077 4844 3298 4917 μείζονα
3338 4841 3449 4896 τῶν
3486 4841 3734 4912 θλίψεων

2150 4960 2410 5033 παρέχων
2430 4957 2532 5028 τὴν
2564 4953 2930 5024 παράκλησιν,
2962 4949 3061 5003 καὶ
3086 4950 3216 5019 ὑμῖν
3244 4945 3518 5015 τοσαύτην
3545 4946 3733 5009 διδοὺς

2148 5055 2252 5125 τὴν
2280 5050 2582 5122 ὑπομονὴν,
2618 5046 2694 5112 ὡς
2714 5046 2809 5100 καὶ
2835 5043 2972 5116 μετά
3009 5040 3215 5111 πολλῆς
3257 5038 3601 5109 εὐφροσύνης
3633 5038 3735 5105 φὲο

2156 5175 2270 5229 ρειν
2295 5155 2363 5217 τά
2401 5152 2785 5225 συμπίπτοντα
2804 5148 3047 5220 λυπηρά.
3076 5145 3251 5200 Τοῦτο
3277 5145 3515 5217 μάλιστα
3540 5142 3736 5196 διπλα-

2154 5260 2400 5325 σιάζεται
2445 5257 2575 5327 ύμῖν
2603 5255 2696 5309 τὸν
2743 5251 2954 5325 μισθὸν,
3000 5249 3063 5304 τδ
3097 5251 3191 5303 καὶ
3220 5249 3428 5321 φέρειν,
3458 5248 3557 5301 καὶ
3588 5246 3733 5319 μετά

2151 5365 2328 5436 χαράς
2356 5361 2542 5433 φέρειν
2562 5377 2578 5392 ·
2617 5358 2777 5414 τοῦτο
2809 5357 2902 5412 καὶ
2926 5357 3062 5428 ἡμῖν
3115 5353 3318 5424 πολλὴν
3357 5352 3595 5424 παρέχει
3628 5352 3732 5421 τὴν

2151 5466 2517 5540 παράκλησιν,
2543 5466 2673 5519 δταν
2703 5462 2992 5533 ἀκούωμεν
3019 5462 3120 5535 τὴν
3146 5456 3395 5530 ἀνδρείαν
3417 5457 3597 5528 ὑμῶν,
3627 5456 3734 5529 τὴν

2151 5571 2486 5644 παρρησίαν,
2517 5569 2582 5622 τὸ
2606 5568 3011 5640 ἀπερίτρεπτον
3039 5566 3140 5635 τῆς
3168 5563 3417 5634 γνώμης,
3440 5562 3542 5633 τὴν
3571 5563 3735 5615 £610-

2150 5675 2293 5739 νίαν,
2326 5672 2426 5744 τὴν
2460 5669 2757 5743 ὑπομονὴν,
2788 5668 2886 5740 τὴν
2916 5668 3241 5741 καρτερίαν,
3289 5667 3381 5720 τὸν
3432 5665 3597 5736 ἧλον
3632 5663 3734 5718 τὸν

2155 5779 2324 5852 πυρὸς
2363 5776 2713 5848 θερμότερον.
2763 5773 2861 5828 Διά
2901 5772 3077 5827 ταῦτα
3116 5773 3211 5826 καὶ
3246 5770 3307 5825 ἐν
3345 5769 3549 5842 ἔρημα
3597 5767 3736 5824 καθ-
