4064 6218
313 306 410 364 7‘21

303 440 439 496 ,ιιι-εει
480 424 759 479 caritatem
791 431 1026 478 nostram
1074 423 1326 479 evasisti?
1372 421 1488 478 Non
1531 422 1776 494 equidem
1805 438 1898 478 ar-

321 517 508 579 bitror;
533 532 706 586 neque
735 516 876 572 enim
899 514 1015 570 fieri
1043 526 1256 585 potest,
1284 524 1344 570 ut
1364 516 1541 571 anima
1576 524 1684 571 tam
1708 516 1899 579 amica,

317 619 426 665 tam
468 607 668 664 fervida
699 617 896 662 tantam
923 607 1271 663 mutationem
1302 607 1552 678 patiatur.
1584 609 1666 661 An
1697 621 1824 662 vero
1851 615 1903 661 te

321 704 550 759 fortasse
579 701 796 756 morbus
841 699 1100 755 detinuit?
1126 702 1195 764 At
1238 699 1324 755 hic
1361 699 1742 770 impedimento
1786 712 1906 754 esse

321 812 429 852 non
464 794 654 865 potuit,
680 792 963 864 quominus
1003 791 1286 847 scriberes.
1309 791 1570 860 Quoniam
1598 790 1756 861 igitur
1779 805 1906 845 cau-

322 903 436 944 sam
465 888 769 958 ignoramus
794 925 808 950 ,
838 884 998 940 simul
1042 895 1096 940 et
1118 884 1393 939 silentium
1419 883 1565 938 solve
1588 923 1603 946 ,
1633 891 1687 937 et
1711 881 1906 936 silentii

323 993 536 1034 causam
565 977 761 1041 iudica,
793 986 847 1031 et
869 975 1260 1046 quamprimum
1285 975 1566 1045 epistolam
1588 973 1759 1040 mitte,
1788 988 1907 1044 qute

324 1085 424 1126 nos
450 1068 520 1124 de
547 1078 632 1122 tua
660 1067 962 1123 valetudine
1005 1067 1264 1122 certiores
1306 1066 1480 1120 faciat.
1518 1065 1606 1121 Sic
1626 1067 1768 1121 enim
1798 1080 1910 1120 ma-

327 1161 472 1214 ximo
497 1174 594 1214 nos
621 1157 826 1213 afﬁcies
852 1156 1135 1222 beneficio,
1159 1165 1213 1212 ct
1240 1157 1545 1211 solitudinis
1573 1172 1678 1211 non
1705 1156 1912 1212 medio-

327 1266 420 1306 cre
453 1249 610 1306 nobis
634 1249 884 1304 solatium
909 1248 1171 1318 praibebis
1190 1289 1207 1316 ,
1238 1248 1281 1302 si
1310 1243 1574 1318 ejusmodi
1613 1248 1797 1304 literas
1821 1262 1910 1302 ac-

327 1341 647 1411 ceperimus.
686 1339 792 1394 Sed
838 1354 969 1394 cave
1003 1339 1270 1410 pigriteris
1299 1357 1311 1394 :
1343 1354 1463 1393 nam
1485 1340 1528 1393 si
1571 1339 1670 1394 hac
1694 1349 1910 1409 accepta

329 1433 542 1487 demum
586 1431 809 1502 epistola
855 1431 1125 1486 silentium
1160 1445 1378 1498 serves,
1406 1446 1512 1485 non
1549 1430 1780 1500 amplius
1813 1445 1909 1486 ve-

331 1525 471 1579 niam
501 1522 779 1588 dabimus,
809 1522 902 1577 sed
927 1531 976 1577 te
999 1538 1149 1577 reum
1172 1522 1361 1593 ingrati
1388 1521 1550 1576 animi
1577 1537 1909 1592 peragemus.

332 1614 481 1682 Quod
511 1613 641 1678 tibi,
675 1621 757 1668 sat
785 1613 897 1668 scio
919 1655 934 1680 ,
962 1612 1224 1684 supplicio
1248 1612 1438 1685 quovis
1465 1623 1608 1668 esset
1647 1613 1910 1669 acerbius.

579 1706 713 1762 CXC
725 1705 819 1762 γι.
848 1708 1010 1762 Actio.
1040 1709 1282 1780 (Cucuso
1305 1722 1447 1762 anno
1484 1707 1647 1778 404.)

326 1871 328 1873 j
403 1799 510 1855 Nos
537 1809 641 1855 tua:
663 1800 902 1855 caritatis
926 1800 1167 1856 oblivisci
1191 1815 1296 1854 non
1317 1815 1622 1870 possumus,
1649 1799 1910 1865 ardentis,

334 1894 587 1959 sincerae,
635 1892 903 1948 defaecata:
927 1935 942 1959 ,
973 1908 1154 1964 parte,
1201 1894 1527 1965 minimeque
1570 1894 1792 1962 fucatte,
1821 1895 1915 1950 scd

334 1998 589 2056 perpetuo
617 1995 668 2041 te
692 1987 870 2042 animo
899 1988 1343 2056 circumferimus,
1376 1999 1430 2045 et
1459 1989 1778 2061 insculptum
1818 2006 1913 2059 pe-

334 2081 468 2134 ctori
519 2088 704 2134 nostro
744 2088 1032 2151 gestamus.
1078 2081 1145 2136 Et
1185 2097 1504 2154 caperemus
1548 2085 1761 2156 quidem
1809 2084 1916 2140 fre-

333 2182 560 2244 quenter
587 2184 638 2228 te
663 2174 1157 2244 cernerezquando
1205 2185 1384 2232 autem
1423 2177 1534 2246 jam
1581 2177 1632 2232 id
1669 2178 1784 2232 fieri
1824 2193 1916 2233 ne-

334 2265 476 2336 quit,
503 2274 738 2320 nostram
789 2282 885 2336 per
919 2265 1100 2321 literas
1128 2268 1478 2337 cupiditatem
1519 2267 1830 2338 explemus,
1864 2277 1919 2322 et

337 2358 440 2414 tum
495 2345 676 2429 pietati
720 2357 954 2414 debitam
1001 2359 1374 2414 salutationem
1412 2360 1803 2429 persolvimus,
1854 2374 1918 2414 ac

339 2460 391 2506 te
433 2453 811 2516 cohortamur,
846 2461 904 2506 ut
933 2452 1047 2521 ipse
1091 2465 1303 2522 quoque
1332 2451 1527 2521 stepius
1555 2452 1622 2506 ad
1661 2467 1760 2507 nos
1787 2451 1920 2506 scri-

336 2541 456 2597 bas.
485 2541 814 2612 Quamquam
843 2542 986 2597 enim
1019 2542 1184 2596 multa
1226 2543 1278 2596 in
1315 2543 1604 2598 solitudine
1631 2543 1872 2614 degimns
1898 2584 1914 2610 ,

335 2648 399 2688 ac
435 2646 582 2688 metu
621 2634 886 2688 latronum
914 2633 1244 2700 obsidemur,
1278 2633 1571 2706 morboque
1594 2633 1914 2700 detinentur,

338 2726 384 2780 si
405 2734 584 2780 tamen
616 2741 645 2780 a
671 2735 757 2780 tua
779 2727 1057 2784 nobilitate
1082 2726 1266 2782 literas
1292 2726 1679 2798 acceperimus,
1709 2739 1827 2795 quae
1853 2723 1920 2778 de
1953 2747 1959 2754 ·

341 2827 430 2873 tua
456 2817 762 2873 valetudine
800 2818 1056 2874 certiores
1082 2833 1181 2874 nos
1222 2817 1447 2886 faciant,
1477 2817 1696 2873 multam
1715 2858 1729 2881 ,
1760 2815 1921 2871 etiam

337 2908 462 2963 dum
503 2924 724 2979 peregre
762 2924 1058 2976 versamur,
1083 2908 1501 2964 consolationem
1547 2907 1920 2977 percipiemus.

339 2997 469 3054 Cum
501 2999 660 3071 igitur
686 2999 904 3056 minime
945 3001 1187 3071 ignores,
1228 3009 1478 3070 quantam
1520 3013 1551 3052 a
1579 2997 1734 3053 nobis
1761 2997 1922 3051 initu-

339 3105 432 3144 rus
456 3090 530 3143 sis
558 3091 802 3161 gratiam,
827 3099 1019 3162 quanta
1048 3104 1145 3144 nos
1165 3088 1348 3144 laetitia
1375 3089 1451 3145 sis
1479 3088 1786 3156 alfecturus,
1818 3103 1886 3143 ne
1905 3126 1921 3154 ,

340 3196 524 3253 qumso
547 3223 562 3248 ,
594 3190 792 3236 tantam
844 3181 997 3237 nobis
1035 3181 1276 3236 invideas
1318 3181 1679 3251 voluptatem,
1725 3179 1819 3235 sed
1856 3179 1924 3235 da

340 3290 579 3344 operam,
599 3282 659 3330 ut
683 3274 1013 3345 frequentius
1039 3275 1107 3330 ad
1135 3289 1234 3330 nos
1259 3274 1440 3330 literas
1466 3275 1645 3330 mittas
1669 3272 1924 3329 :multam

341 3372 484 3426 enim
514 3370 638 3426 inde
669 3372 967 3441 percepturi
998 3384 1180 3425 sumus
1203 3369 1550 3440 voluptatem.

475 3502 750 3560 CXCVII.
778 3502 964 3560 Studia
997 3501 1071 3574 (a)
1104 3506 1340 3575 praefecto
1371 3503 1527 3558 urbis.
1557 3501 1786 3576 (Cucuso

979 3611 1122 3654 anno
1145 3595 1294 3668 404.)

414 3734 538 3792 Scio
562 3734 810 3805 equidem
845 3742 896 3790 te
931 3732 1246 3804 prudentem
1276 3731 1545 3788 hominem
1562 3774 1578 3798 ,
1599 3746 1665 3788 ac
1693 3730 1930 3804 philoso-

349 3827 546 3897 phandi
581 3830 805 3897 peritum
827 3866 844 3892 ,
875 3828 1034 3884 etiam
1061 3835 1345 3896 antequam
1379 3825 1562 3881 literas
1592 3835 1802 3880 nostras
1843 3839 1934 3879 ac-

347 3921 534 3990 cipias,
555 3920 694 3974 beati
720 3919 900 3975 fratris
929 3917 1332 3990 magnificentiae
1362 3925 1468 3972 tuae
1491 3917 1783 3972 discessum
1815 3931 1933 3970 mo-

350 4011 533 4067 derate
563 4012 792 4066 laturum
823 4027 838 4064 :
878 4027 987 4065 non
1019 4010 1162 4064 enim
1187 4016 1414 4064 mortem
1441 4008 1616 4078 placet
1640 4007 1928 4078 appellare.

351 4102 613 4168 Quoniam
651 4113 829 4156 autem
876 4115 976 4156 nos
1001 4101 1160 4155 etiam
1181 4115 1300 4170 quae
1333 4107 1636 4153 nostrarum
1665 4105 1789 4152 sunt
1815 4113 1937 4167 par-

355 4195 483 4248 tium
513 4202 766 4264 priestare
788 4207 1009 4248 necesse
1034 4199 1136 4258 est,
1169 4189 1539 4246 excellentiam
1559 4197 1701 4244 tuam
1730 4187 1934 4254 hortor,

352 4284 569 4338 domine
587 4282 1106 4353 magnificentissime
1133 4282 1173 4347 ¹,
1200 4288 1261 4335 ιιι
1297 4280 1398 4336 hoc
1423 4266 1634 4350 quoque
1662 4287 1902 4348 tempore
1919 4317 1935 4344 ,

355 4376 525 4445 qualis
555 4389 632 4441 es,
664 4383 715 4428 te
745 4374 917 4444 ipsum
948 4371 1201 4428 exhibeas
1223 4413 1240 4439 ,
1268 4385 1374 4425 non
1398 4378 1455 4425 ut
1479 4370 1696 4426 omnino
1718 4384 1821 4423 non
1843 4368 1940 4423 do-

356 4467 469 4520 leas
502 4485 516 4520 :
545 4465 597 4520 id
624 4467 765 4521 enim
793 4465 908 4520 fieri
939 4465 1151 4534 nequit,
1179 4478 1301 4518 cum
1321 4463 1482 4518 homo
1510 4461 1584 4516 sis
1607 4460 1817 4530 corpori
1841 4475 1940 4514 an-

358 4573 547 4623 nexus,
575 4567 630 4613 et
650 4555 913 4627 ejusmodi
943 4557 1160 4610 fratrem
1188 4557 1427 4625 requiras
1454 4571 1467 4607 :
1493 4553 1586 4609 sed
1632 4562 1688 4606 ut
1714 4552 1943 4606 tristitiae

358 4649 578 4704 modum
609 4647 884 4702 adhibeas.
927 4645 1081 4702 Nosti
1124 4646 1266 4700 enim
1295 4659 1452 4715 quam
1481 4643 1695 4714 fragiles
1723 4642 1831 4700 sint
1857 4656 1945 4698 res

359 4742 643 4808 humanm,
675 4755 739 4796 ac
783 4740 1075 4795 ﬂuvialium
1125 4737 1486 4794 conditionem
1535 4737 1794 4791 undarum
1826 4735 1946 4789 imi—

361 4842 561 4897 tentur,
591 4833 669 4888 sic
704 4841 762 4886 ut
787 4847 882 4888 eos
907 4831 1081 4887 solum
1108 4830 1293 4886 beatos
1317 4829 1522 4885 censeri
1549 4836 1827 4898 oporteat,
1857 4826 1947 4896 qui

358 4941 484 4980 cum
511 4925 651 4980 bona
681 4939 778 4996 spe
819 4933 1138 4994 praesentem
1168 4924 1332 4979 vitam
1362 4921 1614 4976 finierint.
1645 4919 1765 4975 Non
1802 4919 1947 4975 enim

432 5025 446 5051 ‘
479 5022 611 5086 Post
639 5035 828 5086 vocem,
864 5016 1332 5086 magniﬁcentissime
1376 5011 1944 5086 (μςγρθπρεπέᾳνιιατειρ

367 5069 536 5143 δόλίξίι
581 5069 827 5140 εαινὶιὶυςί
849 5087 893 5132 et
921 5069 1248 5143 t'i'tus'trt'ssime
1292 5069 1948 5143 (sai'évaogoeerejgmmbm

372 5133 491 5191 ve‘ro
529 5133 936 5204 compellationes
977 5141 1183 5204 'l‘atiano
1214 5133 1446 5202 praefecto
1477 5137 1610 5185 urbis
1639 5133 1952 5184 ascribuntur

371 5205 421 5254 in
446 5204 628 5264 Synod.
644 5203 900 5263 Chalcedq
924 5205 1032 5254 Act.
1057 5203 1100 5250 1.

432 5261 522 5335 (α)
541 5277 691 5334 Hujus
712 5271 858 5335 Sttntii
882 5261 1069 5335 intentio
1087 5269 1204 5335 facta
1228 5272 1303 5316 est
1326 5266 1375 5335 in
1398 5265 1498 5313 γεω
1521 5261 1837 5335 ςῃτςξρξιοιηὶ
1860 5273 1952 5323 per

370 5324 646 5393 Palladium,
673 5331 828 5383 studii
851 5329 1069 5394 prwfecti
1091 5327 1239 5394 urbis,
1263 5329 1344 5390 qui
1373 5339 1482 5394 cuin
1505 5324 1829 5394 aliisf_ibidem
1852 5335 1955 5370 me-

371 5398 570 5446 moratis
591 5387 878 5446 calumniatit
901 5406 929 5442 a
950 5387 1134 5453 Joanne
1159 5387 1403 5453 episeopo,
1427 5389 1473 5436 id
1494 5395 1576 5453 est
1603 5387 1952 5453 Chrysostomo,

368 5456 707 5522 depcllebant,
731 5471 842 5521 qua:
864 5455 1020 5522 omnia
1035 5447 1252 5516 pluribus
1272 5447 1439 5522 in'vita
1460 5447 1793 5522 Citrgsostomi,
1810 5453 1958 5522 ’φωρ

373 5515 546 5584 primo.
576 5515 704 5570 Alius
725 5515 888 5569 autem
905 5515 1099 5584 bicest,
1112 5521 1180 5584 _ut
1197 5521 1342 5584 recte
1356 5517 1522 5584 monet
1542 5517 1715 5584 From?
1736 5515 1954 5584 tenemus,

373 5571 435 5632 ab
460 5596 522 5632 eo
543 5584 706 5633 Studio
727 5584 809 5644 qui
833 5592 960 5628 anno
975 5571 1093 5636 459,
1111 5578 1383 5644 imperante
1402 5581 1581 5644 Leone,
1603 5579 1649 5644 s_:
1674 5571 1957 5644 mrsori

377 5645 611 5707 templum
636 5633 816 5703 erex'it,
842 5645 890 5692 in
922 5652 1020 5704 quo
1040 5633 1756 5707 inunacbosacmmetasdictos
1775 5633 1958 5707 consti-

375 5695 505 5816 thnit':
533 5707 712 5816 quibus
732 5695 955 5768 tempore
978 5702 1147 5752 Leonis
1170 5700 1315 5750 Isauri
1340 5698 1532 5764 praefuit.
1552 5695 1831 5748 Theodorus
1849 5702 1955 5745 Stu-

428 5778 506 5816 ιρις
526 5784 538 5809 ί
559 5778 698 5816 tctus.

377 5771 506 5820 dites
526 5771 698 5820 dictus.

1765 305 2145 364 EPISTOLJE.

2011 423 2078 478 ad
2107 433 2334 480 mortem
2361 436 2623 496 pergunt,
2654 427 2749 483 sed
2775 443 2813 482 a=
2835 430 3215 486 certaminibus
3242 429 3320 485 ad'
3337 432 3591 500 patentia,

2007 529 2040 568 a
2068 515 2225 572 luctis
2248 531 2310 571 ac
2333 517 2590 586 palaestris
2615 518 2680 572 ad
2711 534 2960 583 coronas,
2986 536 3016 574 a
3047 522 3179 576 mari
3212 522 3460 591 procellis
3482 521 3596 591 agi-

2011 616 2120 663 tato
2171 609 2235 662 ad
2264 619 2474 680 portum
2525 612 2886 682 tranquillum.
2919 613 3044 668 Haec
3084 627 3213 684 ergo
3238 614 3478 684 cogitans
3511 622 3595 667 te-

2010 697 2182 767 ipsum
2212 701 2508 767 consolare,
2529 703 2956 773 quandoquidem
2987 719 3084 771 nos
3108 720 3320 774 quoque
3351 719 3455 758 non
3483 719 3599 758 me

2011 788 2177 844 diocri
2203 789 2386 845 dolore
2401 793 2629 861 correpti
2661 793 2892 848 maximo
2918 804 3159 850 nostrum
3181 810 3466 849 maerorem
3503 808 3596 848 so-

2012 881 2140 937 latio
2185 884 2485 953 mitigamus
2505 927 2519 950 ,
2551 900 2669 939 cum
2715 887 2879 942 menti
2906 895 3100 942 nostra:
3126 887 3222 942 viri
3264 887 3406 942 illius
3430 887 3600 941 virtus

2011 975 2346 1042 obversatur,
2375 991 2442 1031 ex
2471 991 2570 1046 qua
2596 993 2700 1031 non
2729 977 2942 1042 dubito,
2974 977 3101 1047 quin
3131 978 3221 1032 tibi
3251 992 3460 1048 quoque
3483 993 3598 1031 tna-

2013 1067 2154 1121 xima
2182 1068 2474 1122 consolatio
2505 1069 2824 1138 prtebeatur.
2850 1068 2983 1123 Nam
3013 1070 3056 1123 si
3085 1069 3299 1140 quidem
3324 1068 3602 1139 improbus

2015 1159 2202 1216 fuisset
2227 1161 2272 1216 is
2306 1160 2392 1229 qui
2419 1160 2664 1215 discessit
2685 1202 2700 1228 ,
2735 1171 2790 1216 et
2817 1161 3107 1216 sceleribus
3135 1169 3450 1230 coopertus,
3484 1159 3604 1228 ejus

2015 1265 2174 1305 causa
2217 1250 2500 1321 lugendum
2548 1267 2611 1305 ac
2659 1250 3056 1307 lamentandum
3083 1259 3269 1305 esset:
3298 1265 3419 1305 cum
3469 1262 3603 1303 vero

2017 1345 2158 1410 talis,
2188 1353 2243 1398 et
2269 1344 2346 1398 sic
2370 1353 2636 1398 transacta
2680 1343 2786 1397 vita
2809 1384 2823 1410 ,
2853 1353 2908 1396 nt
2931 1352 3038 1397 tota
3063 1343 3249 1398 civitas
3279 1341 3448 1408 novit,
3476 1354 3598 1394 cum

2017 1435 2276 1491 modestia
2299 1475 2315 1500 ,
2346 1449 2467 1490 cum
2498 1435 2748 1502 lenitate,
2773 1435 3032 1504 justitiam
3059 1448 3272 1503 semper
3296 1431 3482 1487 colens
3504 1471 3520 1496 ,
3547 1438 3602 1484 et

2018 1543 2079 1583 ea
2123 1543 2224 1597 qua
2265 1542 2361 1597 par
2388 1537 2504 1581 erat
2533 1525 2723 1580 fiducia
2748 1524 3002 1594 prmditus
3022 1567 3037 1589 ,
3087 1524 3330 1578 libertate
3352 1563 3367 1584 ,
3396 1521 3604 1575 fortitu-

2017 1619 2164 1684 dine,
2195 1634 2283 1674 res
2307 1628 2599 1690 praesentes
2632 1631 2728 1686 pro
2750 1616 2918 1670 nihilo
2948 1615 3167 1681 habens,
3197 1612 3293 1669 sed
3331 1612 3398 1667 ab
3425 1610 3604 1665 omni-

2018 1713 2118 1768 bus
2160 1699 2301 1767 curis
2327 1709 2671 1767 saecularibus
2708 1709 2912 1764 alienus
2940 1707 3127 1774 fuerit,
3155 1706 3321 1762 lzctari
3351 1712 3601 1779 oportet,

2020 1821 2083 1861 ac
2112 1815 2220 1860 tum
2251 1805 2358 1871 illi,
2390 1813 2499 1859 tum
2527 1801 2860 1856 excellentiae
2904 1809 3008 1854 tute
3035 1797 3316 1868 gratulari,
3349 1795 3490 1866 quod
3521 1803 3602 1846 ta-

2020 1897 2126 1952 lem
2174 1896 2391 1950 fratrem
2442 1893 2763 1964 prmmiseris
2786 1933 2800 1956 ,
2831 1891 2920 1961 qui
2967 1906 3031 1944 ea
3062 1890 3222 1956 bona,
3253 1902 3372 1956 qua:
3421 1885 3608 1939 habuit

2021 2003 2143 2043 cum
2165 1986 2427 2049 discessit,
2460 1986 2512 2039 in
2536 1992 2649 2038 tuto
2675 1982 2926 2050 deinceps
2954 1991 3008 2036 et
3035 1978 3325 2034 inviolabili
3353 1976 3605 2031 thesauro

2022 2077 2315 2133 collocarit.
2338 2075 2456 2130 Noli
2484 2089 2612 2144 ergo
2640 2072 2928 2143 quidquam
2963 2080 3013 2124 te
3033 2069 3306 2138 indignum
3333 2066 3568 2136 cogitare
3586 2104 3602 2129 ,

2021 2169 2241 2226 domine
2283 2167 2354 2222 mi
2392 2165 2676 2236 plurimum
2706 2161 3042 2234 suspiciende
3065 2201 3081 2227 ,
3113 2159 3196 2215 vel
3225 2159 3367 2214 luctu
3389 2156 3558 2225 frangi
3590 2172 3603 2206 :

2023 2260 2119 2316 sed
2149 2259 2251 2314 hoc
2274 2267 2534 2328 tempore,
2563 2255 2734 2326 qualis
2753 2269 2833 2320 es,
2853 2252 3078 2322 teipsum
3110 2250 3327 2312 exhibe,
3353 2249 3610 2317 nobisque

2024 2350 2326 2422 significare
2352 2348 2604 2416 dignare,
2635 2353 2846 2400 nostras
2884 2343 2976 2397 tibi
3007 2341 3189 2396 literas
3217 2339 3483 2411 profuisse
3502 2379 3517 2401 ,
3551 2349 3610 2392 ut

2025 2456 2124 2496 nos
2154 2453 2365 2510 quoque
2392 2446 2537 2492 tanto
2577 2451 2608 2489 a
2636 2443 2690 2490 te
2713 2433 2990 2488 intervallo
3017 2430 3265 2499 disjuncti
3296 2428 3608 2498 gloriemur,

2023 2531 2166 2603 quod
2191 2530 2358 2586 solius
2386 2527 2628 2597 epistolae
2664 2521 2926 2579 beneficio
2953 2537 3061 2577 non
3100 2519 3440 2576 mediocriter
3468 2518 3611 2573 hunc

2026 2637 2312 2680 mcerorem
2339 2619 2667 2691 potuerimus
2691 2615 2953 2686 mitigare.

2203 2751 2338 2811 CXC
2351 2749 2514 2807 VIII;
2556 2747 2830 2820 Hesychia.
2871 2745 3101 2818 (Cucuso
3125 2755 3264 2797 anno
3291 2736 3440 2811 404.)

2098 2890 2236 2961 Quid
2264 2889 2367 2944 hoc
2393 2895 2472 2944 est
2493 2884 2658 2957 quod,
2688 2898 2810 2939 cum
2837 2890 2943 2937 tam
2962 2879 3311 2936 vehementer
3338 2891 3434 2932 nos
3461 2889 3613 2931 ames

2029 2987 2226 3060 (neque
2255 2982 2397 3038 enim
2440 2979 2492 3035 id
2519 2993 2622 3034 nos
2645 2978 2812 3042 latet;
2860 2989 2983 3030 nam
3021 2972 3137 3028 fieri
3167 2970 3383 3041 nequit,
3425 2978 3484 3023 ut
3521 2967 3612 3037 qui

2030 3057 2374 3134 vehementer
2399 3079 2572 3137 amat,
2599 3085 2722 3125 eum
2752 3069 2912 3122 lateat
2936 3079 3093 3136 quem
3120 3076 3304 3117 amore
3332 3057 3610 3131 prosequi-

2030 3171 2180 3240 tur),
2225 3166 2392 3222 literis
2420 3163 2638 3218 minime
2680 3175 2775 3215 nos
2803 3159 3050 3228 dignatus
3091 3169 3190 3220 es,
3239 3153 3334 3210 sed
3376 3164 3613 3206 amorem

2031 3261 2244 3318 silentio
2270 3271 2513 3330 premere
2541 3251 2797 3325 potuisti?
2821 3249 3084 3319 Quidnam
3116 3247 3274 3317 igitur
3297 3258 3472 3300 causte
3492 3240 3614 3297 est?

2032 3351 2294 3424 Equidem
2321 3348 2446 3420 quid
2475 3347 2648 3402 dicam
2687 3358 2794 3398 non
2832 3341 3040 3407 habeo;
3094 3347 3242 3393 tuum
3292 3347 3454 3406 porro
3491 3332 3616 3400 erit,

2033 3456 2092 3502 ut
2114 3444 2240 3500 dum
2269 3437 2481 3498 silentio
2507 3438 2667 3493 finem
2695 3437 2938 3505 impones
2955 3474 2972 3501 ,
2999 3431 3158 3487 simul
3187 3440 3241 3485 et
3264 3427 3459 3484 silentii
3486 3440 3617 3480 cau-

2033 3551 2149 3592 sam
2172 3531 2458 3606 significes.
2487 3528 2777 3598 Propterea
2804 3538 3035 3594 namque
3080 3521 3284 3592 priores
3322 3518 3388 3572 ad
3424 3514 3618 3606 nobili:-

2036 3636 2200 3684 tatem
2226 3602 2373 3680 tuam
2411 3622 2595 3678 literas
2623 3617 2873 3674 misimus
2893 3655 2910 3682 ,
2956 3623 3014 3668 ut
3041 3627 3108 3667 ne
3137 3610 3241 3665 hoc
3282 3606 3496 3678 quidem
3523 3602 3619 3657 tibi

2037 3716 2330 3789 perfugium
2380 3711 2733 3782 relinquatur.
2803 3705 3136 3775 Frequenter
3184 3700 3350 3789 igitur
3379 3694 3619 3789 adhos

2036 3785 2246 3874 scribe,
2277 3806 2492 3862 domine
2533 3801 2818 3874 plurimum
2857 3792 3155 3852 venerande
3178 3804 3241 3844 ac
3269 3785 3619 3850 nobilissime,

2035 3901 2468 3968 desideriumque
2505 3903 2750 3949 nostrum
2778 3887 2952 3958 exple.
2996 3881 3175 3940 Semel
3217 3879 3415 3951 quippe
3455 3876 3620 3968 solius

2039 3993 2168 4051 nudi
2195 3965 2424 4046 rumoris
2452 3982 2702 4042 illecebra
2741 3978 2916 4048 capti,
2961 3983 3018 4031 et
3053 3987 3174 4028 cum
3220 3979 3307 4024 tua
3346 3965 3622 4023 nobilitate

2037 4083 2292 4148 devincti,
2325 4095 2424 4136 nec
2445 4077 2545 4150 ipsi
2574 4086 2750 4131 tacere
2777 4070 3046 4142 potuimus
3071 4065 3318 4135 amplius,
3349 4075 3450 4118 nec
3472 4068 3620 4113 tuum

2041 4175 2311 4236 silentium
2340 4172 2569 4227 tolerare
2596 4185 2612 4223 :
2637 4166 2731 4221 sed
2760 4162 2932 4219 modis
2957 4159 3203 4216 omnibus
3233 4156 3325 4212 tibi
3352 4151 3624 4224 negotium

2042 4268 2366 4324 facessemus
2389 4302 2405 4329 ,
2436 4258 2538 4316 nisi
2564 4257 2844 4314 continuas
2868 4267 2931 4307 ac
2963 4251 3268 4320 frequentes
3289 4244 3355 4300 ad
3381 4257 3480 4298 nos
3505 4241 3624 4309 epi-

2044 4361 2209 4417 stolas
2232 4358 2434 4422 mittas,
2461 4363 2516 4408 et
2535 4349 2838 4422 praesentiae
2864 4346 3192 4415 voluptatem
3217 4340 3490 4394 literarum
3519 4331 3626 4387 fre-

2044 4454 2256 4528 quentia
2280 4448 2600 4505 adumbrare
2623 4439 2933 4499 contendas.

2082 4561 2325 4624 CXCIX.
2351 4559 2555 4615 Danieli
2583 4553 2869 4629 presbytero
2893 4548 2991 4624 (a).
3033 4546 3263 4621 (Cucuso
3281 4556 3422 4597 anno
3441 4535 3595 4608 404.)

2118 4675 2439 4733 Benedictus
2489 4671 2632 4726 Deus
2657 4710 2672 4734 ,
2720 4667 2807 4738 qui
2851 4663 3017 4719 multo
3065 4658 3322 4729 majorem
3377 4649 3632 4710 aerumnis

2049 4768 2466 4825 consolationem
2516 4760 2774 4831 largitur,
2829 4763 3136 4822 tantamque
3188 4746 3341 4804 vobis
3397 4741 3635 4814 impertit

2052 4859 2358 4933 patientiam
2384 4898 2400 4922 ,
2447 4862 2505 4910 ut
2529 4853 2688 4908 multa
2712 4849 2871 4904 etiam
2905 4860 3026 4901 cum
3064 4841 3326 4896 hilaritate
3351 4851 3469 4908 quae
3489 4834 3632 4890 acci-

2053 4955 2184 5010 dunt
2225 4952 2449 5007 adversa
2492 4945 2748 5002 toleretis.
2793 4941 2903 4996 lloc
2943 4935 3210 5009 prmcipue
3238 4933 3389 4986 vobis
3430 4941 3637 4984 merce-

2054 5047 2178 5102 dem
2207 5044 2479 5113 duplicat,
2509 5037 2648 5110 quod
2675 5043 2728 5089 et
2752 5032 2990 5088 toleretis
3009 5071 3024 5096 ,
3055 5036 3109 5083 et
3133 5041 3252 5082 cum
3279 5021 3471 5096 gaudio
3502 5018 3635 5113 tole—

2054 5141 2184 5195 retis
2221 5155 2234 5191 :
2269 5110 2370 5190 hoc
2411 5146 2509 5188 nos
2559 5142 2769 5200 quoque
2813 5139 2920 5178 non
2965 5117 3223 5176 mediocri
3269 5110 3636 5170 consolatione

2057 5239 2282 5292 recreat,
2313 5241 2435 5282 cum
2459 5223 2527 5278 de
2554 5230 2728 5276 vestra
2754 5213 3080 5276 fortitudine,
3099 5207 3345 5280 loquendi
3371 5204 3635 5267 libertate,

2059 5321 2253 5380 mentis
2278 5313 2596 5378 constantia,
2628 5307 2928 5369 tolerantia,
2956 5300 3231 5374 patientia,
3259 5296 3398 5363 zelo,
3425 5293 3636 5348 ﬂatnma

2060 5413 2381 5482 fervidiore,
2430 5405 2498 5462 ad
2545 5417 2644 5460 nus
2684 5399 2943 5455 adfertur.
2988 5391 3344 5463 Quamobrem
3385 5385 3544 5482 etiam
3587 5382 3640 5482 in

2061 5474 2704 5564 solitudine'constituti,
2761 5507 2826 5547 ac
2867 5499 3015 5544 metu
3063 5483 3372 5556 praedonum
3413 5474 3643 5540 obsessi,

2127 5633 2200 5686 to)
2225 5624 2410 5671 υιιιηεε
2434 5606 3245 5686 λιδθεο,εέῗι“¹ιῇλφ,πμρέῗξέ³ἷέέφι.ίίἱ
3270 5598 3536 5686 simiai:
3551 5599 3642 5686 Si:

2065 5661 2482 5745 vii‘.";’cjii.i'r‘;~fi.dti
2510 5661 2681 5743 dubito
2709 5661 3248 5745 hancgenuinanicsse
3273 5662 3555 5713 lectionem.
3594 5661 3644 5709 lu

2070 5732 2242 5802 ﬂoret:
2274 5753 2369 5792 vox
2391 5735 2720 5802 πρεσϐυτέρῳ,
2741 5732 3066 5781 desideratur.

3488 316 3620 370 τίδ’
