4064 6218
461 257 564 309 ,μξδ

469 288 484 309 Ι
501 296 528 308 ,ιι

469 288 528 312 σα-

459 373 670 441 iamque
699 370 889 427 hiemis
919 381 1157 443 tempore
1185 374 1413 428 divexati
1435 417 1450 442 ,
1499 376 1633 430 nihil
1661 377 1880 431 istorum
1929 394 2040 448 pra:

459 463 651 516 eximia
703 462 932 518 nominis
961 463 1121 518 vestri
1163 465 1473 520 celebritate
1518 466 1777 522 sentimus
1808 485 1821 522 :
1854 467 1948 522 sed
1987 475 2043 524 et

388 612 393 626 ξ
460 554 788 608 essullamus
827 564 881 608 et
909 553 1220 624 gaudemus,
1248 563 1302 608 et
1326 566 1540 626 propter
1566 557 1702 612 hanc
1726 567 1925 613 tantam
1953 573 2044 614 ve—

376 645 395 705 i
459 653 624 700 stram
657 645 963 714 patientiam
999 662 1096 701 nos
1139 645 1428 702 elferimus.
1474 648 1544 704 Ut
1581 651 1739 719 igitur
1761 651 1886 704 dum
1929 651 2044 707 hzrc

461 733 706 788 audimus
732 775 746 799 ,
788 750 1002 805 semper
1025 736 1352 806 gaudeamus
1375 780 1390 803 ,
1421 753 1636 810 semper
1661 742 1814 796 nobis
1838 750 1892 796 et
1920 756 2046 797 con-

465 825 612 878 tinuo
643 825 822 880 literas
849 827 1039 882 mittite
1062 869 1076 892 ,
1103 843 1221 898 quae
1248 844 1368 885 cum
1399 831 1467 886 de
1507 831 1589 888 bis
1614 835 1775 888 rebus
1794 875 1809 900 ,
1841 843 1950 889 tum
1977 835 2046 891 de

471 924 644 968 vestra
673 915 974 972 valetudine
1001 932 1096 972 nos
1126 917 1323 974 faciant
1343 921 1617 978 certiores.
1641 923 1826 995 Magna
1851 925 2048 996 quippe

469 1020 564 1059 nos
591 1005 640 1058 id
668 1017 886 1076 agentes
913 1008 1092 1063 laetitia
1122 1009 1467 1079 perfundetis.

467 1097 566 1151 (ΣΟ.
607 1096 899 1153 Callistrato
927 1098 1147 1156 Isauria:
1174 1103 1428 1172 episcopo.
1470 1102 1702 1176 (Cucuso
1727 1120 1866 1160 anno
1893 1107 2047 1176 404.)

538 1187 786 1256 Optarent
827 1189 1071 1260 equidem
1119 1195 1516 1250 venerationem
1549 1204 1691 1250 tuam
1732 1207 2049 1267 prmsentem

471 1277 556 1331 hic
582 1294 822 1348 cernere,
871 1290 930 1336 ut
972 1288 1063 1338 tuo
1103 1298 1313 1353 possem
1358 1286 1615 1342 obiectari
1643 1302 1956 1358 congressu,
1988 1305 2052 1346 ac

469 1374 674 1427 sincera
718 1371 1045 1444 ferventique
1075 1385 1162 1430 tua
1208 1374 1310 1431 frui
1337 1377 1560 1432 caritate
1587 1395 1602 1432 :
1633 1380 1845 1449 quando
1875 1390 2050 1435 autem

472 1464 522 1516 id
572 1463 803 1518 nondum
850 1465 1007 1532 licet,
1052 1481 1175 1520 eum
1225 1476 1444 1538 propter
1482 1469 1608 1524 anni
1658 1479 2049 1540 tempestatem,

474 1561 584 1607 tum
633 1565 848 1624 propter
897 1556 1101 1611 itineris
1144 1557 1617 1628 longinquitatem,
1673 1561 1904 1616 debitam
1961 1562 2052 1617 tibi

473 1661 568 1716 per
613 1647 795 1702 literas
846 1648 1216 1704 salutationem
1272 1651 1554 1719 persolvo;
1608 1667 1672 1708 ac
1725 1653 2054 1708 venerationi

474 1746 577 1791 tuae
616 1739 812 1806 gratias
854 1752 990 1808 ago,
1034 1740 1175 1809 quod
1223 1741 1391 1796 literis
1435 1741 1543 1796 tuis
1586 1742 1832 1813 dignatus
1857 1743 1930 1798 sis
1956 1759 2054 1799 nos

479 1828 759 1882 lacessere.
813 1829 925 1885 Hoc
968 1830 1110 1885 enim
1139 1831 1398 1888 ferventis
1424 1847 1486 1888 ac
1509 1834 1731 1889 sincerae
1753 1844 1836 1890 est
1863 1836 2053 1890 amici-

476 1917 560 1970 ti.e
583 1935 596 1970 :
623 1934 794 1988 neque
822 1921 993 1975 solum
1022 1937 1129 1976 non
1158 1923 1408 1989 absurde,
1438 1924 1531 1980 sed
1559 1934 1612 1980 et
1643 1926 1734 1979 tibi
1763 1925 2054 1982 admodum

474 2013 852 2067 convenienter
873 2014 1045 2083 egisti.
1094 2015 1206 2069 lloc
1245 2015 1423 2086 itaque
1450 2017 1603 2072 nobis
1641 2017 1855 2074 assidue
1892 2019 2057 2075 bene-

477 2105 654 2158 lititun
683 2106 891 2176 largire,
910 2107 1083 2176 deque
1105 2109 1404 2164 valetudine
1427 2119 1512 2164 tua
1536 2109 1864 2180 frequentius
1893 2111 2059 2167 redde

471 2196 750 2249 certiores.
803 2197 954 2263 Quod
983 2199 1029 2252 si
1077 2198 1191 2254 fieri
1227 2209 1435 2269 potest,
1482 2210 1540 2255 ut
1580 2201 1815 2257 laborem
1859 2202 1925 2257 ad
1962 2219 2059 2258 nos

476 2299 644 2354 usque
686 2287 929 2342 veniendi
972 2291 1243 2345 veneratio
1285 2299 1370 2345 tua
1409 2292 1694 2361 suscipiat,
1725 2309 1934 2348 summo
1964 2309 2060 2348 nos

479 2380 739 2434 benelicio
765 2381 856 2436 tibi
899 2381 1200 2449 devincies,
1248 2399 1311 2438 ac
1340 2385 1504 2440 multa
1537 2385 1717 2440 laetitia
1745 2387 2058 2457 complebis.

475 2471 610 2524 Cum
641 2472 798 2542 igitur
841 2473 1104 2544 intelligas
1139 2489 1236 2529 nos
1280 2490 1492 2545 quoque
1520 2478 1813 2546 percupere
1839 2493 2063 2532 venera-

477 2562 674 2615 tionem
722 2572 865 2617 tuam
916 2579 1170 2628 cernere,
1225 2581 1397 2634 neque
1437 2581 1551 2622 rem
1595 2553 1915 2623 laboriosam
1941 2583 2061 2624 esse

473 2650 760 2706 admodum
787 2693 801 2718 ,
831 2653 874 2707 si
908 2664 1115 2724 tempus
1143 2653 1234 2709 liat
1260 2654 1508 2711 idoneum
1539 2656 1605 2711 ad
1645 2656 1747 2713 iter
1771 2658 2056 2728 agendum,

479 2759 544 2798 ne
584 2754 674 2800 tuo
712 2761 1002 2816 congressu
1031 2761 1129 2802 nos
1157 2747 1352 2818 prives.
1383 2748 1562 2804 Donec
1591 2749 1643 2804 id
1681 2749 1804 2815 fiat,
1835 2749 1901 2804 da
1928 2765 2060 2822 cpe-

475 2849 613 2899 ram,
645 2844 703 2891 ut
731 2837 1056 2907 voluptatem
1084 2853 1202 2894 eam
1224 2881 1240 2906 ,
1270 2855 1428 2910 quam
1458 2842 1740 2911 praesentia
1769 2851 1854 2897 tua
1878 2858 2060 2899 secum

471 2927 736 2991 accersit,
767 2942 862 2995 per
887 2927 1190 2998 frequentes
1219 2930 1402 2985 literas
1426 2930 1668 3001 effingas.

679 3015 811 3071 CCI.
853 3017 1115 3072 Herculio.
1157 3017 1263 3092 (Ab
1285 3035 1424 3076 anno
1448 3022 1554 3078 4οι
1590 3023 1658 3077 ad
1687 3023 1838 3094 407.)

546 3105 687 3160 Nihil
727 3117 810 3162 est
850 3109 1199 3178 quamobrem
1243 3110 1479 3166 diuturni
1522 3113 1720 3168 silentii
1758 3116 2061 3171 excusatio-

475 3213 596 3252 nem
625 3214 851 3267 quzeras,
873 3210 927 3255 et
947 3200 1012 3254 ad
1043 3201 1316 3256 raritatem
1340 3203 1736 3259 tabellariorum
1763 3205 2056 3277 confugias,

477 3290 690 3346 domine
742 3292 812 3346 nti
882 3293 1401 3364 magniﬁcentissime
1453 3309 1517 3351 ac
1569 3295 1830 3367 imprimis
1881 3298 2060 3368 suspi-

475 3381 683 3438 ciende.
737 3383 844 3438 Nos
871 3383 1011 3439 enim
1037 3426 1052 3450 ,
1094 3385 1206 3441 sive
1235 3387 1438 3442 scribas
1456 3429 1470 3454 ,
1501 3387 1613 3442 sive
1640 3399 1815 3444 taceas
1834 3427 1855 3456 ,
1894 3389 2061 3444 nihilo

477 3484 652 3530 tamen
681 3477 847 3546 magis
878 3477 1000 3532 ideo
1025 3477 1091 3532 de
1113 3479 1377 3534 sententia
1407 3488 1462 3534 et
1490 3480 1739 3549 opinione
1757 3522 1772 3547 ,
1803 3497 1962 3550 quam
1991 3480 2061 3538 de

478 3576 565 3620 tua
593 3566 812 3622 caritate
839 3569 1180 3637 concepimus
1201 3608 1216 3634 ,
1270 3585 1555 3639 possumus
1599 3571 1859 3626 dimoveri
1892 3588 1906 3624 :
1937 3587 2058 3627 cum

477 3657 546 3710 ita
574 3658 855 3713 manifeste
883 3659 1042 3714 rebus
1089 3659 1218 3728 ipsis
1262 3660 1402 3714 illam
1450 3663 1814 3728 expresseris,
1863 3669 1921 3715 ut
1965 3663 2058 3716 toti

473 3747 672 3802 civitati
698 3757 881 3803 nutum
915 3749 1068 3804 fuerit
1091 3789 1107 3816 ,
1153 3766 1310 3820 quam
1348 3749 1651 3805 vehementi
1691 3765 1753 3805 ac
1781 3734 2061 3820 propemo-

473 3842 602 3897 dum
635 3843 820 3898 insano
851 3860 1032 3899 amore
1068 3845 1234 3900 nostri
1278 3844 1551 3915 flagrares.
1602 3844 1956 3900 Nihilominus
1985 3855 2064 3901 ta-

476 3951 598 3990 men
625 3937 703 3991 sic
728 3937 905 3992 allecti
926 3939 1143 3992 crebras
1169 3938 1413 4008 accipere
1443 3937 1624 3994 literas
1648 3938 1716 3994 ab
1744 3939 2060 3996 excellentia

476 4034 561 4079 tua
594 4029 932 4097 percupimus
956 4069 971 4096 ,
1021 4044 1140 4099 qua:
1188 4029 1256 4084 de
1301 4039 1402 4085 tute
1449 4029 1765 4085 valetudinis
1791 4038 1932 4086 statu
1961 4047 2060 4088 nos

475 4116 816 4172 admoneant.
877 4117 946 4174 Ut
988 4119 1131 4173 enim
1181 4119 1296 4189 ipse
1338 4119 1554 4186 dixisti,
1603 4121 1890 4196 maximum
1918 4123 2058 4177 istud

472 4209 826 4276 Separationis
854 4210 1098 4265 solatium
1128 4210 1321 4267 ali‘erre
1339 4253 1355 4280 ,
1392 4213 1437 4266 si
1465 4212 1530 4268 de
1555 4227 1734 4268 nostra
1755 4213 2059 4271 valetudine

471 4303 671 4357 certior
697 4301 792 4358 fias
825 4304 947 4373 (nec
979 4312 1029 4359 te
1066 4304 1232 4369 latet,
1262 4305 1446 4375 quanti
1485 4305 1586 4361 hoc
1613 4305 1704 4360 ﬁat
1728 4306 1797 4362 ab
1821 4307 2055 4375 homine,

470 4395 564 4465 qui
593 4411 774 4451 amare
801 4401 1024 4462 noverit,
1052 4413 1172 4454 cum
1195 4409 1248 4454 et
1271 4399 1384 4470 ipse
1398 4414 1578 4454 amare
1607 4399 1773 4470 probe
1799 4399 2056 4473 noveris),

474 4490 545 4546 ita
578 4489 730 4545 nobis
756 4490 855 4546 hoc
881 4499 962 4546 est
991 4491 1221 4547 maxime
1259 4491 1427 4548 cordi.
1486 4491 1634 4547 lianc
1682 4493 1859 4563 itaque
1902 4492 2056 4549 nobis

471 4583 707 4638 concede
728 4584 973 4653 gratiam,
1005 4584 1135 4638 utin
1159 4592 1300 4638 tanta
1329 4583 1584 4655 degentes
1607 4584 1894 4641 solitudine
1914 4585 2056 4640 mul-

473 4684 581 4730 tam
609 4675 1030 4732 consolationem
1059 4675 1182 4732 inde
1210 4677 1503 4746 capiamus.

907 4811 1014 4868 CCI
1024 4809 1075 4866 1.
1115 4809 1328 4883 Cyriaco
1352 4811 1608 4883 episcopo.

550 4947 791 5005 llaeccine
821 4949 1034 5005 ferenda
1063 4948 1222 5004 sunt?
1267 4949 1505 5004 bmccine
1536 4946 1846 5002 toleranda?
1893 4958 1946 5002 tu
1977 4949 2060 5002 vel

475 5040 718 5095 umbram
765 5041 856 5096 tibi
904 5041 1261 5097 excusationis
1302 5051 1588 5111 suppetere
1625 5038 1947 5094 arbitraris?
2002 5039 2059 5095 ln

477 5138 620 5184 tanta
647 5132 856 5186 tristitia
878 5175 894 5199 ,
948 5143 1053 5188 tam
1093 5132 1250 5204 longo
1279 5143 1516 5203 tempore
1536 5175 1548 5196 ,
1577 5131 1629 5186 in
1661 5139 1806 5186 tanto
1833 5130 2058 5185 tumultu

479 5237 540 5277 ac
585 5224 1014 5291 perturbatione,
1065 5225 1118 5280 in
1164 5234 1306 5280 tanta
1354 5223 1695 5279 tribulatione
1741 5237 1804 5278 ac
1845 5221 2058 5277 miseria

475 5313 780 5369 constitutis
808 5316 959 5371 nobis
1001 5333 1069 5372 ne
1099 5317 1266 5372 semel
1294 5315 1508 5386 quidem
1536 5314 1746 5370 mittere
1781 5313 1960 5368 literas
1980 5309 2061 5366 di-

473 5415 668 5476 gnatus
713 5421 772 5462 es
805 5424 820 5461 :
851 5415 906 5461 at
951 5423 1050 5463 nos
1097 5408 1311 5480 quidem
1363 5406 1527 5463 semel
1574 5417 1732 5476 atque
1777 5406 1967 5460 iterum
2007 5411 2062 5458 et

475 5514 618 5569 smpe
647 5497 889 5554 misimus
912 5542 926 5566 ,
959 5509 1013 5554 tu
1062 5516 1189 5556 vero
1231 5509 1339 5555 tam
1380 5501 1538 5570 longo
1569 5507 1807 5569 tempore
1831 5495 1978 5562 siles,
2008 5505 2063 5552 et

479 5593 594 5651 leve
621 5600 894 5663 peccatum
939 5601 992 5648 te
1025 5592 1304 5650 admisisse
1344 5594 1615 5649 existimas
1636 5633 1653 5660 ,
1695 5606 1816 5647 cum
1847 5598 1955 5645 tam
1981 5589 2061 5644 in-

476 5695 659 5758 gratus
686 5687 737 5744 in
769 5700 867 5744 nos
897 5687 1093 5747 fueris?
1138 5685 1220 5744 Me
1245 5685 1459 5759 quidem
1485 5687 1540 5744 in
1564 5699 1826 5744 summam
1853 5682 2060 5740 dubita-

1205 261 1260 318 S.
1300 261 1576 317 JOANNIS
1616 261 2085 321 CIIRYSOSTOMI
2127 266 2445 326 ARCBIEP.
2487 245 3017 327 CONSTANTINOP.

3613 273 3725 330 ⁸138

2145 385 2344 438 tionem
2374 394 2427 438 et
2455 385 2775 440 anxietatem
2819 384 3113 452 conjecisti.
3159 385 3273 439 Non
3313 387 3456 441 enim
3509 403 3727 458 possum

2145 489 2358 528 causam
2387 475 2582 530 silentii
2609 476 2959 538 comminisci,
2989 491 3108 532 cum
3146 476 3383 533 ardentis
3410 495 3474 534 ac
3502 479 3729 535 sincera:

2150 573 2254 620 tuae
2283 566 2518 622 caritatis
2561 567 2688 622 mihi
2731 568 2784 622 in
2830 578 3062 624 mentem
3105 569 3288 633 venit,
3325 569 3476 640 cujus
3516 585 3732 640 semper

2147 673 2269 729 erga
2299 674 2394 712 nos
2421 659 2688 728 specimen
2715 659 2948 715 edidisti.
2993 659 3124 714 Nam
3153 675 3324 731 neque
3349 661 3591 732 segnitiei
3638 663 3730 716 tri-

2149 749 2313 805 buere
2343 750 2394 804 id
2424 765 2637 819 possum
2669 766 2683 815 ;
2724 750 2834 804 scio
2863 751 3058 821 quippe
3101 765 3258 820 quam
3287 751 3522 821 vigilanti
3552 751 3734 806 animo

2148 843 2223 896 sis
2251 858 2266 906 ;
2293 857 2464 912 neque
2481 840 2748 897 formidini
2779 859 2792 893 :
2821 842 2940 896 novi
2957 843 3152 912 quippe
3172 841 3531 898 fortitudinem
3553 851 3739 903 tuam:

2149 949 2321 1004 neque
2351 935 2548 1003 torpori
2588 949 2651 988 ac
2677 933 2898 1003 pigritia:
2931 933 3090 988 :novi
3125 933 3265 988 enim
3307 932 3634 1004 diligentiam
3688 945 3743 988 et

2150 1027 2421 1082 solertiam
2466 1036 2643 1092 tuam;
2689 1026 2783 1081 sed
2832 1040 3005 1096 neque
3057 1025 3284 1080 morbo:
3317 1027 3525 1080 tametsi
3563 1041 3744 1095 neque

2153 1117 2241 1174 ille
2283 1117 2349 1172 ad
2393 1126 2446 1173 te
2487 1116 2882 1187 impediendum
2928 1115 3227 1182 sufﬁceret;
3276 1125 3640 1171 verumtamen
3676 1132 3742 1171 ex

2153 1209 2256 1264 illis
2281 1209 2369 1279 qui
2419 1209 2574 1263 istinc
2619 1209 2838 1264 veniunt
2861 1207 3102 1263 didici'te
3131 1223 3318 1261 sanum
3349 1223 3470 1262 esse
3500 1223 3564 1262 ac
3610 1223 3743 1277 pro—

2153 1315 2308 1369 spera
2352 1298 2455 1354 frui
2501 1298 2825 1355 valetudine.
2881 1297 3016 1366 Quid
3066 1297 3224 1368 igitur
3247 1307 3326 1352 est
3355 1298 3578 1352 causae?
3619 1297 3740 1353 Non

2155 1407 2370 1462 possum
2397 1391 2576 1446 dicere
2603 1432 2618 1456 ,
2673 1391 2770 1445 sed
2816 1389 2919 1445 hoc
2966 1391 3172 1456 solum,
3223 1388 3382 1444 doleo
3419 1398 3474 1443 et
3502 1389 3737 1444 crucior.

2154 1484 2379 1540 Omnem
2427 1485 2584 1553 igitur
2612 1482 2839 1552 lapidem
2878 1497 3069 1547 move,
3119 1491 3177 1535 ut
3220 1481 3318 1536 hoc
3363 1496 3594 1537 maerore
3638 1497 3743 1538 nos

2157 1574 2371 1630 liberes.
2425 1573 2557 1628 Nam
2605 1573 2704 1628 nisi
2741 1573 2970 1642 acceptis
3010 1573 3170 1626 etiam
3219 1573 3298 1626 his
3346 1572 3513 1627 literis
3544 1573 3610 1626 ad
3637 1588 3743 1628 nos

2157 1667 2318 1720 multa
2345 1680 2465 1721 cum
2494 1665 2768 1720 celeritate
2799 1664 3036 1719 scribere
3061 1663 3310 1728 volucris,
3340 1678 3604 1718 summum
3636 1679 3740 1718 no-

2159 1759 2240 1814 bis
2264 1759 2502 1815 dolorem
2530 1760 2800 1813 inusturus
2827 1772 2886 1812 cs
2917 1776 2930 1813 :
2967 1758 3037 1811 ila
3077 1757 3296 1810 multum
3322 1757 3563 1811 adhiberi
3590 1757 3745 1812 labov

2159 1866 2271 1906 rem
2300 1852 2316 1883 ¹
2346 1865 2478 1921 opus
2505 1860 2606 1916 est,
2638 1858 2697 1904 ut
2731 1859 2909 1904 nostra
2933 1847 3048 1904 haec
3077 1847 3286 1904 tristitia
3317 1849 3609 1918 mitigetur.

2230 1963 2430 2019 CCIII.
2473 1964 2720 2020 Sallustio
2747 1963 3051 2034 presbytero.
3094 1961 3326 2033 (Cucuso
3354 1978 3494 2017 anno
3517 1961 3672 2032 404.)

2229 2058 2343 2113 Non
2385 2057 2726 2113 mediocriter
2763 2056 2944 2122 dolui,
2981 2070 3102 2111 cum
3149 2056 3364 2110 allatum
3402 2066 3487 2111 est
3524 2055 3591 2110 ad
3634 2072 3746 2121 me,

2163 2161 2214 2208 te
2242 2168 2305 2208 ac
2331 2152 2681 2222 TbeOphilttm
2708 2152 3076 2224 presbyterum
3104 2152 3376 2223 segniores
3401 2152 3567 2207 factos
3601 2167 3744 2206 esse.

2161 2244 2284 2299 Scio
2323 2259 2551 2315 namque
2593 2260 2752 2297 unum
2799 2227 3053 2299 ex'vobis
3099 2244 3335 2314 quinque
3388 2243 3636 2298 lmmilias
3677 2245 3744 2299 ad

2161 2334 2442 2390 Octobrem
2475 2335 2548 2406 (a)
2579 2349 2746 2405 usque
2789 2347 3024 2388 mensem
3054 2333 3303 2390 habuisse
3323 2375 3338 2399 ,
3370 2334 3597 2389 alterum
3627 2333 3750 2388 nul-

2162 2425 2288 2492 lam,
2315 2435 2475 2496 atque
2497 2426 2546 2481 id
2575 2425 2700 2479 mihi
2725 2425 2938 2496 gravius
2967 2424 3065 2479 bac
3087 2421 3372 2480 solitudine
3396 2425 3603 2480 accidit.
3631 2426 3747 2480 lloc

2163 2518 2322 2588 igitur
2337 2518 2508 2584 nobis,
2532 2517 2575 2572 si
2599 2517 2783 2572 falsum
2800 2518 2889 2582 sit,
2919 2516 3168 2580 indicate,
3192 2532 3404 2589 quaso;
3432 2519 3512 2572 sin
3533 2533 3741 2582 verum,

2163 2608 2455 2663 remedium
2483 2607 2750 2674 adhibete,
2785 2623 2987 2680 vosque
3012 2608 3237 2663 invicem
3269 2609 3492 2664 excitate
3524 2624 3540 2662 :
3571 2609 3748 2680 siqui-

2163 2698 2283 2752 dem
2311 2715 2522 2769 gravem
2569 2699 2852 2753 admodum
2898 2699 3026 2754 mihi
3072 2698 3312 2754 dolorem
3357 2699 3610 2764 inuretis,
3661 2710 3748 2756 ta-

2164 2791 2319 2845 metsi
2366 2800 2545 2845 vestro
2591 2791 2876 2846 admodum
2924 2805 3108 2846 amore
3155 2791 3416 2862 ﬂagranti.
3480 2791 3750 2862 Quodque

2163 2881 2376 2952 gravius
2405 2891 2508 2947 est,
2548 2897 2668 2937 cum
2700 2891 2846 2936 tanto
2871 2882 2924 2937 in
2953 2884 3062 2937 otio
3082 2891 3136 2938 et
3162 2883 3350 2938 inertia
3374 2883 3533 2937 vitam
3557 2883 3748 2939 tradu-

2163 2974 2326 3038 catis,
2361 2987 2531 3042 neque
2577 2987 2798 3027 munere
2841 2982 3018 3028 vestro
3058 2972 3367 3043 fungamini,
3399 2973 3622 3028 multum
3656 2974 3748 3029 Dei

2164 3064 2215 3118 in
2245 3079 2339 3119 vos
2371 3063 2626 3134 judicium
2652 3063 2957 3118 aecersetis.
3011 3063 3140 3129 Quis
3174 3065 3316 3118 enim
3362 3064 3514 3119 venia
3557 3064 3750 3134 dignos

2165 3171 2257 3210 vos
2285 3164 2520 3220 censeat,
2555 3155 2643 3225 qui
2673 3153 2797 3208 dum
2824 3154 3006 3208 cmteri
3037 3155 3502 3224 persequutionem
3532 3156 3747 3224 patiun-

2165 3255 2282 3314 tur,
2321 3245 2375 3302 in
2400 3247 2640 3302 exsilium
2670 3245 2980 3313 mittuntur,
3028 3246 3366 3316 relegantur,
3409 3260 3582 3316 neque
3607 3261 3750 3316 pra:-

2163 3341 2331 3394 sentia
2361 3349 2534 3395 vestra
2555 3337 2640 3394 vel
2667 3337 2968 3393 eruditione
2992 3339 3184 3407 pepulo
3211 3346 3524 3410 tempestate
3539 3337 3748 3409 jactato

2163 3447 2259 3503 pro
2289 3431 2426 3487 virili
2454 3444 2765 3487 succurrere
2791 3429 3089 3486 studeatis?

2415 3542 2602 3599 CCIV.
2642 3542 2875 3598 Pwanio.
2917 3540 3148 3615 (Cucuso
3176 3555 3316 3596 anno
3346 3539 3495 3610 404.)

2232 3659 2366 3714 Cum
2394 3669 2567 3715 tecum
2603 3658 2784 3714 animo
2825 3667 3071 3729 reputas,
3117 3657 3332 3714 domine
3360 3658 3431 3712 mi
3461 3658 3750 3728 plurimum

2161 3750 2497 3822 suspiciende
2524 3767 2586 3806 ac
2610 3751 2764 3807 nobis
2793 3751 2951 3806 melle
2991 3751 3203 3805 suavior
3227 3791 3243 3818 ,
3289 3763 3450 3820 grave
3483 3763 3549 3804 ac
3578 3749 3751 3806 mole-

2161 3854 2301 3900 stum
2346 3860 2468 3900 esse
2494 3860 2522 3900 a
2561 3845 2716 3900 nobis
2759 3853 3064 3914 separatum
3111 3846 3266 3907 ess'e,
3318 3842 3561 3912 cogitans
3597 3843 3755 3912 quale

2162 3941 2426 4010 negotium
2468 3954 2656 4009 geras,
2687 3947 2845 4007 teque
2873 3938 3143 3992 civitatem
3183 3951 3370 4005 regere
3415 3935 3754 4003 universam,

2160 4032 2245 4086 vel
2271 4031 2446 4100 potius
2473 4038 2639 4084 totum
2665 4029 2848 4084 orbem
2878 4037 3137 4084 terrarum
3165 4043 3260 4096 per
3286 4027 3429 4082 illam
3450 4027 3746 4092 civitatem,

2160 4124 2332 4194 gaude
2348 4132 2402 4178 et
2430 4123 2656 4177 exsulta.
2675 4122 2831 4178 Potes
2851 4121 2993 4177 enim
3019 4136 3140 4175 cum
3171 4120 3394 4176 utilitate
3421 4135 3526 4174 non
3547 4119 3754 4175 medio-

2161 4231 2306 4272 crem
2322 4215 2444 4272 inde
2464 4214 2739 4285 percipere
2760 4214 3105 4284 voluptatem.
3122 4211 3178 4268 Si
3199 4213 3339 4266 enim
3355 4211 3479 4266 dum
3494 4211 3753 4280 pecunias

2162 4307 2399 4362 nonnulli
2436 4306 2724 4376 colligunt,
2769 4320 2887 4374 qua:
2912 4315 2968 4360 et
2995 4312 3238 4374 pereunt,
3266 4313 3320 4358 et
3347 4303 3466 4357 illos
3497 4302 3750 4372 perdunt,

2163 4407 2308 4454 tanta
2358 4397 2539 4453 lmtitia
2590 4395 3016 4468 perfunduntur,
3065 4395 3190 4450 licet
3239 4395 3308 4450 ab
3362 4394 3569 4448 aedibus
3617 4395 3750 4456 suis.

2162 4508 2348 4561 uxore,
2376 4491 2587 4559 liberis,
2618 4499 2676 4547 et
2701 4490 3010 4560 propinquis
3030 4488 3280 4544 omnibus
3308 4487 3476 4541 multo
3506 4495 3755 4556 tempore

2160 4585 2268 4638 sint
2309 4582 2536 4653 sejuncti
2568 4599 2582 4636 :
2613 4583 2733 4652 quis
2771 4580 3155 4651 iucunditatem
3201 4578 3410 4632 illarum
3437 4592 3601 4648 opum
3630 4587 3756 4633 tan-

2163 4687 2442 4748 torumque
2506 4675 2875 4732 thesaurorum
2931 4672 3108 4728 verbis
3156 4671 3459 4741 exprimere
3513 4671 3755 4740 poterit,

2162 4785 2296 4842 quos
2329 4771 2449 4828 istic
2481 4769 2717 4840 quotidie
2744 4767 2836 4822 tibi
2867 4767 2951 4822 vel
2973 4765 3255 4837 praesentia
3278 4764 3390 4820 sola
3413 4764 3756 4833 congregas?

2161 4863 2278 4918 Non
2315 4863 2458 4920 enim
2495 4860 2610 4917 haec
2635 4857 2940 4914 assentandi
2963 4871 3122 4912 causa
3148 4855 3267 4911 dico
3292 4895 3308 4921 ,
3354 4863 3413 4909 ut
3451 4853 3620 4923 probe
3650 4869 3754 4906 no-

2164 4964 2327 5024 runt,
2358 4957 2448 5026 qui
2474 4953 2634 5009 etiam
2662 4952 2882 5008 absente
2908 4960 2960 5006 te
2995 4949 3083 5005 hic
3107 4963 3137 5002 a
3165 4947 3320 5003 nobis
3343 4945 3460 5000 haec
3495 4944 3750 5014 audiunt,

2235 5072 2252 5102 ι
2279 5070 2449 5118 Savil..
2475 5074 2678 5118 tomnus.

2235 5081 2252 5102 ι
2279 5081 2449 5127 savtl.,
2475 5081 2678 5130 tempus.

2232 5131 2303 5191 (a)
2333 5131 2400 5191 lix
2423 5137 2634 5190 quatuor
2670 5128 2918 5191 Mss._lres
2937 5123 3241 5191 babentﬁmc
3263 5118 3528 5191 ᾂκτῳὸρίου
3554 5121 3641 5191 (μά
3667 5135 3757 5172 oc-

2170 5180 2372 5251 lolirém)
2395 5203 2408 5248 ;
2435 5180 2559 5238 unus
2585 5203 2694 5238 cum
2716 5185 2869 5251 Edit.,
2897 5188 2987 5251 Em;
3007 5185 3254 5248 νοεμὸρίου
3281 5180 3367 5251 (ad
3397 5180 3748 5251 twvegtbrqm).

2174 5241 2418 5318 Savil;
2457 5256 2596 5318 textu
2633 5241 2937 5318 seuseu»,
2957 5241 3005 5296 in
3043 5241 3197 5318 marg.
3223 5241 3492 5318 ντξξέμϐρίονέ.
3517 5241 3752 5318 Sambuci

2176 5312 2296 5362 item
2313 5311 2474 5374 Codex
2491 5312 2771 5374 ὁκτῳὸρίου.
2789 5304 3237 5374 Μοτςέιινοεμϐρζου.
3254 5304 3426 5374 Itaque
3447 5315 3558 5352 cum
3577 5317 3756 5374 omnes

2174 5377 2330 5422 ferme
2348 5372 2564 5430 Codices,
2590 5365 2870 5433 ὀκὲωϐρίου,
2895 5365 3132 5436 habeant,
3146 5365 3530 5436 hant‘lectionen
3548 5367 3756 5436 adopta-~

2165 5443 2338 5498 vimus,
2361 5451 2470 5500 quae
2507 5428 2718 5500 ﬁrmatur
2743 5428 2896 5500 etiam
2931 5444 2994 5481 ex
3021 5433 3228 5500 epistola
3259 5432 3354 5500 ait!
3388 5428 3640 5490 sequenti,
3672 5428 3758 5500 ubi

2164 5487 2338 5553 dicitur
2357 5487 2435 5549 liic
2457 5500 2562 5562 ipse
2583 5497 2832 5562 Sallustius
2855 5497 2935 5562 vix
2951 5487 3170 5562 quinque
3193 5487 3413 5562 homilias
3433 5487 3610 5562 mense

2167 5548 2510 5628 Βίἷίἶψυίῥεᾷ.
2549 5558 2829 5628 Ρωιιοιροδι.
2844 5557 2940 5606 duo
2963 5548 3103 5613 6155.;
3131 5551 3409 5628 Hoc
3421 5548 3584 5628 is1
3596 5548 3645 5628 si
3657 5548 3762 5628 [at-

2166 5611 2271 5678 iam
2291 5621 2372 5681 sit,
2396 5621 2613 5683 indicare
2635 5611 2771 5683 velis;
2787 5619 2860 5672 sin
2884 5629 3065 5679 verum,
3079 5611 3356 5666 remedium
3379 5611 3634 5674 adhibere,
3657 5623 3759 5663 vos-

2167 5701 2258 5752 que
2283 5685 2478 5739 invicem
2500 5682 2734 5738 excitare.
