4064 6218
281 204 385 261 79.5
535 232 549 243 κ

279 324 496 395 ήμενοι,
521 323 618 378 καὶ
646 323 797 396 φόϐῳ
826 325 1039 399 λῃστῶν
1067 329 1540 403 πολιορκούμενοι,
1564 336 1657 388 καὶ
1677 336 1744 406 τῇ
1763 335 1882 411 τοῦ.

279 413 551 485 χειμῶνος
577 414 698 490 ὥρᾳ
723 415 909 472 λοιπὸν
937 423 1402 493 κατατεινόμενοι,
1422 425 1638 492 οὐδενὸς
1663 428 1870 483 τούτων

281 506 677 579 αἰσθανόμεθα,
708 509 798 564 διὰ
831 511 895 564 τὸ
943 512 1176 583 μέγεθος
1207 516 1308 586 τῆς
1344 515 1619 589 ὑμετέρας
1664 519 1872 575 εὐδοκι-

285 602 526 672 μήσεως,
565 601 705 657 ἀλλὰ
756 604 852 659 καὶ
897 607 1234 678 σκιρτῶμεν,
1286 609 1382 663 καί.
1435 610 1723 683 χαίρομεν,
1777 613 1870 667 καὶ

282 693 431 764 μέγα
457 694 769 767 φρονοῦμεν
795 696 887 750 ἐπὶ
905 699 973 769 τῇ
1007 699 1255 773 τοσαύτῃ
1279 700 1437 772 ὑμῶν
1457 703 1746 775 καρτερίᾳ.
1769 703 1866 758 Ἰν*

282 783 377 841 οῦν
419 786 681 858 διηνεκῶς
718 790 1000 863 χαίρωμεν
1039 792 1215 848 ταῦτα
1252 794 1570 861 ἀκούοντες,
1608 795 1870 867 διηνεκῶς

280 880 415 950 ἡμῖν
435 880 531 933 καὶ
564 882 972 952 συνεχέστατα⁸
1015 884 1384 951 ἐπιστέλλετε,
1418 887 1558 943 αὐτά
1595 905 1654 941 τε
1673 887 1877 952 ταῦτα,

284 968 381 1023 καὶ
413 968 479 1023 τά
502 970 628 1041 περί
652 971 752 1042 τῆς
782 972 970 1041 ὑγείας
1004 972 1159 1045 ὐμῶν
1180 974 1674 1046 εὐαγγελιζόμενοι.
1696 976 1870 1044 Μεγί-

285 1076 421 1130 στην
474 1057 583 1133 γάρ
619 1062 750 1134 ημῖν
775 1062 1042 1135 παρέξετε
1092 1065 1430 1137 εὐφροσύνην
1481 1065 1727 1119 ἐντεῦθεν
1777 1065 1871 1119 καί

286 1150 502 1223 ἡδονήν.
806 1168 811 1173 ε

458 1263 531 1319 Σ’.
573 1266 1004 1335 Καλλιστράτῳ
1035 1270 1351 1338 ἐπισκόπῳ
1391 1273 1708 1342 Ὶσαυρίας.

371 1374 512 1446 Ἐγὼ
547 1376 647 1448 μέν
676 1394 771 1432 σου
802 1378 903 1451 τὴν
935 1380 1223 1437 εὐλάϐειαν
1246 1384 1341 1438 καί⁸
1363 1383 1594 1439 ἐνταῦθα
1626 1399 1872 1458 παραγε-

287 1467 520 1540 νομένην
546 1469 861 1541 ἐπεθύμουν
908 1472 1061 1540 ἰδεῖν,
1101 1473 1244 1529 ὥστε
1292 1476 1630 1548 ἐντρυφῆσαί
1679 1493 1771 1531 σου
1801 1480 1868 1549 τῇ

291 1561 571 1633 συνουσίᾳ,
599 1564 693 1616 καὶ
715 1563 1022 1618 ἀπολαῦσαί
1051 1581 1145 1619 σου
1168 1567 1268 1638 τῆς
1289 1570 1519 1640 γνησίας
1539 1570 1634 1623 καὶ
1662 1569 1872 1641 θερμῆς

287 1648 544 1721 ἀγάπηςο
578 1651 769 1723 ἐπειδὴ
807 1651 864 1706 δὲ
905 1653 1066 1707 τοῦτο
1103 1655 1243 1720 τέως
1281 1658 1380 1710 οὐκ
1412 1657 1508 1718 ἔνι,
1547 1658 1637 1712 διά
1671 1674 1730 1712 τε
1770 1659 1871 1731 τὴν

287 1739 385 1793 τοῦ
444 1739 597 1804 έτους
647 1740 819 1812 ὥραν,
878 1745 976 1798 καὶ
1026 1744 1087 1797 τὸ
1120 1745 1222 1816 τῆς
1257 1745 1377 1799 ὁδοῦ
1427 1747 1623 1819 μῆκος,
1656 1748 1872 1820 τὴνδιά

289 1832 639 1901 γραμμάτων
668 1833 1030 1907 ὀφειλομένην
1072 1853 1155 1891 σοι
1197 1837 1500 1909 πρόσρησιν
1545 1838 1868 1910 ἀποδίδωμι,

288 1924 384 1976 καὶ
429 1925 592 1995 χάριν
636 1924 745 2005 ἔχω
797 1944 889 1980 σου
941 1931 1008 2000 τῇ
1059 1929 1339 2003 εὐλαϐείᾳ,
1366 1931 1450 1985 ὅτι
1481 1932 1577 1985 καὶ
1607 1932 1874 2005 πρότερος

288 2017 411 2095 τοῖς.
434 2017 569 2089 πρὸς
603 2019 755 2089 ἡμᾶς
787 2021 1140 2092 ἐπεπήδησας
1169 2023 1480 2095 γράμμασι.
1508 2023 1728 2095 Θερμῆς
1764 2024 1874 2096 γάρ

287 2107 451 2162 τοῦτο
477 2109 571 2163 καὶ
596 2110 826 2181 γνησίας
858 2111 1074 2182 φιλίας’
1126 2114 1221 2168 καί
1260 2115 1321 2168 οὐ
1363 2114 1526 2186 μόνον
1576 2116 1677 2169 οὐκ
1722 2118 1876 2171 ἀπει-

290 2201 469 2265 κότως
493 2201 737 2274 ἔπραξας
754 2202 805 2267 δ,
834 2203 972 2257 ἀλλά
1002 2205 1096 2258 καὶ
1122 2206 1327 2275 σφόδρα
1352 2223 1436 2260 σοι
1463 2208 1871 2280 προσηκόντως.

290 2294 536 2365 Χαρίζου
585 2294 649 2368 δὴ
697 2294 904 2368 ταύτην
956 2297 1193 2368 συνεχῶς
1247 2299 1381 2369 ἡμῖν
1436 2300 1537 2372 τὴν
1567 2303 1749 2372 χάριν,
1777 2300 1875 2355 καὶ

291 2389 632 2461 πυκνότερον
655 2389 787 2460 ἡμῖν
822 2388 987 2456 δήλου
1013 2390 1082 2443 τά
1107 2390 1237 2462 περὶ
1267 2391 1367 2463 τῆς
1394 2392 1582 2461 ὑγείας
1619 2394 1720 2464 τῆς
1751 2393 1872 2465 σῆς.

292 2479 392 2533 ’Δν
440 2479 499 2533 δὲ
550 2479 643 2534 καὶ
703 2480 927 2535 δυνατὸν
995 2482 1223 2555 γένηται
1269 2485 1338 2555 τῇ
1391 2483 1647 2557 εὐλαϐείᾳ
1704 2487 1773 2556 τῇ
1808 2487 1873 2555 σῇ

293 2571 558 2643 σκυλῆναι
604 2572 711 2637 ἓως
755 2574 934 2646 ἡμῶν,
981 2574 1053 2628 τὰ
1107 2574 1340 2646 μέγιστα
1393 2579 1529 2649 ἡμῖν
1568 2581 1755 2650 χαριῇ,
1783 2579 1878 2632 καί

293 2662 499 2736 πολλῆς
528 2666 676 2737 ἡμᾶς
717 2666 1022 2738 ἐμπλήσεις
1054 2668 1416 2740 εὐφροσύνης.
1455 2670 1878 2742 Ἐννοήσαςτοί-

294 2773 392 2810 νυν
424 2756 500 2820 ὡς
539 2758 636 2811 καὶ
665 2759 829 2829 ἡμεῖς
867 2757 1246 2831 ἐπιθυμοῦμεν
1289 2760 1417 2815 ἰδεῖν
1460 2777 1555 2814 σου
1593 2759 1695 2833 τὴν
1727 2761 1879 2815 εὐλά-

294 2849 469 2915 ϐειαν,
508 2849 606 2904 καὶ
636 2850 711 2915 ὡς
737 2852 799 2906 τὸ
820 2854 1054 2925 πρᾶγμα
1082 2853 1143 2907 οὐ
1173 2854 1378 2927 σφόδρα
1410 2854 1667 2927 ἐργῶδες,
1700 2856 1751 2909 εἰ
1783 2855 1877 2926 γέ-

296 2960 443 2997 νοιτο
462 2943 655 3015 καιρὸς
680 2944 986 3016 ἐπιτήδειος
1017 2945 1156 3018 πρὸς
1184 2945 1511 3018 ὁδοιπορίαν,
1542 2947 1616 3019 μὴ
1648 2947 1879 3000 ἀποστε-

299 3036 475 3109 ρήσῃς
499 3037 646 3108 ἡμᾶς
673 3036 773 3109 τῆς
801 3038 1089 3108 συντυχίας
1117 3038 1217 3109 τῆς
1244 3037 1363 3109 σῆς.
1397 3038 1540 3102 Ἕως
1558 3038 1603 3092 δ’
1632 3039 1698 3093 ἀν
1721 3038 1905 3111 τοῦτο-

296 3127 546 3199 γένηται,
579 3130 647 3199 τῇ
681 3127 981 3200 πυκνότητι
1026 3128 1137 3182 τῶν
1175 3128 1523 3200 γραμμάτων
1563 3129 1664 3201 τὴν
1686 3131 1753 3184 ἐκ
1778 3130 1880 3202 τῆς

296 3217 602 3291 παρουσίας
627 3219 823 3293 ἡδονὴν
854 3218 1170 3290 σοφίζεσθαι
1201 3221 1584 3294 παρακλήθητι
1604 3232 1655 3277 ο.

734 3331 790 3406 [7
803 3331 886 3415 12]
918 3336 1049 3389 ΣΑἎ
1092 3333 1432 3402 Ἐρκουλίῳ.

368 3446 463 3518 Μὴ
498 3446 676 3519 κάμνε
710 3446 889 3519 ζητῶν
934 3446 1231 3516 ἀπολογίαν
1279 3446 1381 3519 τῆς
1420 3449 1641 3521 μακρᾶς
1699 3449 1879 3521 σιγῆς,

298 3539 536 3595 δέσποτά
573 3557 674 3612 μου
703 3538 1126 3612 θαυμασιώτατε
1168 3539 1265 3594 καὶ
1299 3539 1878 3613 μεγαλοπρεπέστατε,

299 3636 396 3690 καὶ
427 3634 522 3689 ἐπὶ
556 3634 656 3709 τὴν
704 3636 900 3689 σπάνιν
926 3632 1035 3689 τῶν
1081 3633 1569 3706 γραμματηφόρων
1606 3633 1882 3705 καταφεύ-

299 3745 433 3799 γων.
476 3729 669 3801 Ἡμεῖς
694 3727 826 3799 7&9,
862 3728 959 3784 καὶ
991 3727 1294 3800 γράφοντος
1325 3745 1419 3781 σου
1455 3727 1552 3782 καὶ
1596 3728 1878 3797 σιγῶντος,

296 3823 558 3896 ἀκίνητόν
607 3840 701 3877 σου
729 3822 830 3895 τὴν
872 3822 1001 3894 περὶ
1032 3822 1132 3893 τῆς
1169 3822 1390 3892 ἀγάπης
1426 3838 1519 3875 σου
1552 3821 1735 3893 ψῆφον
1764 3820 1883 3894 ἔχο-

302 3933 424 3988 μεν,
454 3915 523 3989 ἣν
557 3914 646 3970 διά
671 3915 781 3969 τῶν
826 3913 1004 3986 ἐργων
1056 3913 1317 3980 ἐπεδείξω
1360 3911 1506 3967 οὕτω
1560 3912 1770 3985 σαφῶς,
1804 3913 1880 3980 ώς

300 4010 484 4063 πᾶσαν
521 4007 720 4062 εἰδέναι
753 4007 851 4079 τὴν
878 4007 1033 4061 πόλιν
1056 4006 1149 4061 τὸν
1184 4005 1386 4078 θερμὸν
1412 4005 1571 4078 ἡμῶν
1595 4006 1690 4061 καὶ
1717 4024 1883 4079 μανι-

300 4100 396 4154 κὸν
432 4101 693 4172 ἐραστήν.
730 4099 878 4172 Πλὴν
892 4098 1043 4172 ,ἀλλά
1064 4099 1161 4154 καὶ
1189 4096 1333 4151 οὕτω
1352 4098 1712 4171 διακείμενοι,
1754 4099 1884 4169 σφό-

298 4192 402 4266 δρα
428 4165 807 4262 ὲπιθυμοῦμεν
832 4165 1075 4262 σύνεχῶς
1103 4189 1357 4262 δέχεσθαι
1385 4165 1691 4263 γράμματα
1731 4165 1885 4261 παρά

298 4285 400 4355 τῆς
430 4283 529 4354 σῆς
559 4281 1021 4354 θαυμασιότητος,
1052 4283 1122 4337 τά
1148 4281 1278 4352 περί
1312 4282 1412 4354 τῆς
1442 4281 1632 4351 ὐγείας
1663 4280 1885 4354 δηλοῦν-

298 4397 371 4435 τα
402 4380 502 4451 τῆς
526 4380 646 4451 σῆς.
679 4379 889 4448 Ὠσπερ
918 4374 1027 4446 γὰρ
1054 4375 1214 4440 αὐτὸς
1247 4375 1512 4446 μεγίστην
1539 4374 1675 4447 ἐφης
1705 4391 1885 4446 παρα-

299 4473 479 4544 ψυχὴν
530 4468 671 4526 εἶναι
708 4469 805 4524 τοῦ
858 4466 1167 4542 χωρισμοῦ,
1192 4467 1254 4521 τὸ
1279 4468 1408 4540 περὶ
1440 4469 1539 4540 τῆς
1566 4466 1756 4536 ὑγείας
1782 4466 1883 4537 τῆς

300 4565 580 4639 ἡμετέρας
610 4561 901 4635 μανθάνειν
926 4560 1053 4637 (καὶ
1080 4556 1238 4615 οἶσθα
1294 4558 1482 4631 ἡλίκον
1540 4559 1698 4614 τοῦτο
1730 4558 1885 4633 ἀνδρὶ

300 4657 478 4728 φιλεῖν
507 4654 878 4726 ἐπισταμένῳ,
903 4652 1092 4725 ἐπειδὴ
1115 4653 1208 4708 καὶ
1223 4652 1397 4722 φιλεῖν
1412 4650 1441 4691 ἀ
1463 4647 1621 4705 οἶσθα
1655 4651 1881 4724 καλῶς),

297 4750 445 4805 οὓτω
481 4749 575 4802 καί⁸
617 4749 749 4819 ἡμῖν
792 4743 1262 4814 περισπούδαστον
1302 4744 1480 4799 τοῦτο.
1522 4744 1766 4816 Χαρίζου
1819 4743 1884 4816 δὴ

297 4842 508 4912 ταύτην
537 4841 672 4912 ἡμῖν
708 4837 809 4909 τὴν
833 4836 1016 4910 χάριν,
1048 4837 1138 4890 ἴνα
1180 4835 1278 4892 καὶ
1325 4838 1383 4892 ἐν
1408 4835 1612 4910 ἐρημίᾳ
1647 4835 1886 4911 τοσαύτῃ

300 4933 630 5006 καθήμενοι,
683 4928 885 5003 πολλὴν
912 4928 1164 4987 ἐντεῦθεν
1194 4928 1617 5003 καρπωσώμεθα
1652 4928 1752 5002 τὴν
1782 4945 1887 4983 πα-

305 5025 590 5099 ράκλησιν.
695 5111 1125 5184 ΣΒέΚυριακῷ
1150 5111 1480 5179 ἐπισκόπφ.

376 5228 565 5285 Ταῦτα
618 5228 850 5296 ἀνεκτά;
906 5226 1080 5282 ταῦτα
1130 5224 1372 5296 φορητά;
1428 5224 1531 5278 οἴει
1574 5223 1678 5280 κάν
1728 5225 1886 5281 σκιάν

370 5361 400 5393 ⁸
421 5361 507 5411 Sic
524 5373 699 5411 omnes
718 5373 837 5410 mss.
860 5356 1039 5421 nostri,
1061 5356 1193 5421 Editi
1210 5359 1570 5421 συνεχέστατον,
1594 5360 1742 5408 male.

371 5424 400 5463 ὶι
436 5423 623 5473 Omnes
647 5436 760 5472 mss.
788 5423 869 5471 καὶ
903 5421 958 5469 αὖ
985 5420 1124 5482 μόνον
1146 5419 1202 5469 οὐ
1230 5419 1761 5484 καθηκόντως-ἔπραξας.

421 5488 609 5538 Omnes
654 5498 767 5535 mss.
811 5483 1081 5547 σοφίζεσθαι
1122 5485 1463 5547 παρακλήθητι.
1500 5482 1672 5533 Morbi.
1715 5484 1889 5546 προθυ-

309 5551 553 5682 ῗηὲη
586 5623 616 5659 e
646 5609 828 5682 gavilio
864 5612 1065 5672 recepta
1103 5612 1235 5658 sunt.
1277 5606 1396 5659 Mor.
1440 5613 1493 5660 el
1532 5604 1703 5665 Montf.
1730 5607 1884 5658 επιστ.

310 5672 442 5737 εἶναι,
477 5673 557 5721 καὶ
580 5689 628 5735 φ.
656 5671 791 5723 Enn.

1733 204 2118 265 EPISTOLE.

3441 223 3547 281 715
3565 263 3577 277 .

1974 331 2275 403 ἀπολογίας
2313 330 2492 406 ἔχεινς
2537 336 2624 392 Ἐν
2649 339 2717 410 τῇ
2745 339 2982 411 τοσαύτῃ
3011 339 3218 415 ἀθυμίᾳ
3237 352 3283 407 ⁸,
3317 340 3377 396 ἐν
3408 341 3557 401 οὕτω

1973 424 2149 495 χρόνῳ
2173 424 2393 497 μακρῷ,
2433 427 2491 480 ἐν
2528 428 2768 500 τοσούτῳ
2796 429 3030 502 θορύϐῳ.
3068 432 3162 486 καὶ
3186 436 3421 505 ταραχῇ,
3456 435 3555 488 καί⁸

1975 513 2257 586 συντριϐῇ,
2286 516 2380 568 καὶ
2416 515 2765 590 ταλαιπωρίᾳ
2814 519 3176 575 καθεστώτων
3217 524 3398 594 ἡμῶν,
3428 522 3552 577 οὐδέ

1974 604 2122 671 ἅπαξ
2162 606 2295 679 ἡμῖν
2325 607 2626 665 ἐπιστεῖλαι
2661 611 2963 677 κατεδέξωο
2996 613 3110 667 ἀλλ’
3141 616 3302 685 ἡμεῖς
3337 615 3437 685 μὲν
3460 616 3557 670 καὶ

1972 696 2139 763 ἅπαξ,
2166 699 2260 751 καὶ
2297 698 2396 764 61;,
2449 699 2544 755 καὶ
2573 700 2836 764 πολλάκις
2892 704 3332 775 ἐπεστάλκαμεν,
3382 706 3448 760 σὺ
3496 702 3555 760 δέ

1975 791 2135 860 σιγᾷς
2174 789 2366 861 χρόνον
2414 789 2560 846 οὕτω
2621 793 2853 865 μακρὸν,
2881 794 2976 849 καὶ
3005 795 3247 867 νομίζεις
3288 798 3350 851 τὸ
3390 798 3555 868 τυχὸν

1975 880 2354 953 ἡμαρτηκέναι
2383 883 2896 956 ἀμάρτημα,οὐτως
2941 885 3214 958 ἀγνώμων
3238 889 3368 960 περὶ
3405 890 3554 960 ἡμᾶς

1974 972 2343 1044 γεγενημένος
2364 991 2379 1041 ;
2420 973 2552 1046 Ἐμὲ
2576 976 2659 1039 εἰς
2684 966 2882 1048 πολλὴν
2930 977 3161 1049 ἀπορίαν
3187 979 3553 1051 κατέστησας.

1975 1063 2112 1118 Οὐδὲ
2134 1065 2242 1137 γὰρ
2273 1064 2509 1137 δύναμαι
2547 1067 2649 1139 τῆς
2690 1068 2851 1137 σιγῆς
2872 1068 2971 1141 τὴν
2993 1071 3173 1125 αἰτίαν
3194 1072 3395 1143 εὑρεῖν,
3422 1072 3555 1126 ὅταν

1974 1156 2214 1228 ὲννοήσω
2235 1174 2328 1211 σου
2360 1159 2459 1226 τὴν
2487 1157 2697 1231 θερμὴν
2719 1160 2941 1232 ἀγάπην
2969 1163 3064 1215 καὶ
3092 1164 3346 1232 γνησίαν,
3371 1166 3437 1233 ἣν
3465 1164 3555 1217 ἀεὶ

1974 1249 2102 1320 περὶ
2139 1250 2288 1319 ἡμᾶς
2317 1249 2595 1315 ἐπεδείξω.
2625 1251 2758 1304 Οὐδέ
2786 1251 2896 1324 γάρ
2925 1252 3197 1324 ρᾳθυμίαν
3234 1252 3557 1323 λογίσασθαι

1974 1336 2113 1409 ἔχω·
2146 1335 2263 1394 οἶδα
2293 1340 2403 1412 γάρ
2422 1359 2515 1395 σου
2542 1343 2640 1412 τὴν
2658 1343 2937 1414 ἄγρυπνον
2962 1344 3160 1415 ψυχήνο
3186 1344 3310 1398 οὐτε
3330 1345 3552 1400 δειλίαν

1975 1423 2094 1482 οἰδα
2120 1428 2229 1500 γάρ
2258 1446 2353 1482 σου
2377 1430 2475 1501 τὴν
2504 1431 2756 1505 ἀνδρείαν
2775 1449 2789 1463 ·
2826 1432 2927 1485 οὐκ
2953 1432 3139 1485 ὅκνοψ
3171 1428 3290 1486 οἶδα
3326 1434 3433 1506 γάρ
3461 1451 3557 1489 σου

1973 1518 2034 1572 τὸ
2049 1519 2473 1591 διεγηγερμένον
2505 1523 2600 1575 καὶ
2629 1523 2899 1593 ἐντρεχέςο
2929 1522 3044 1575 ἀλλ’
3074 1523 3195 1576 οὐδὲ
3223 1523 3554 1595 ἀρρωστίαν⁸

1975 1611 2150 1664 καίτοι
2176 1629 2241 1680 γε
2271 1612 2393 1666 οὐδέ
2413 1611 2555 1684 αῦτη
2589 1613 2748 1685 ἱκανὴ
2776 1609 2844 1685 ἦν
2870 1630 2929 1667 σε
2949 1613 3192 1669 κωλῦσαι
3211 1630 3226 1645 ο
3260 1614 3399 1687 πλὴν
3423 1615 3559 1669 ἀλλά

1979 1702 2237 1774 μανθάνω
2263 1703 2415 1776 παρά
2439 1704 2548 1758 τῶν
2574 1705 2788 1759 ἐκεῖθεν
2820 1705 3154 1777 ἐρχομένων,
3189 1706 3273 1759 ὅτι
3295 1706 3557 1774 ὑγιαίνεις

1975 1796 2071 1849 καὶ
2099 1795 2360 1867 ἔρρωσαι.
2397 1796 2463 1849 Τί
2490 1792 2582 1851 οῦν
2613 1798 2727 1851 ἐστι
2752 1796 2813 1849 τὸ
2851 1798 3042 1861 αἴτιον,
3076 1800 3251 1851 εἰπεῖν
3287 1799 3388 1852 οὐκ
3425 1798 3557 1870 ἔχω,

1974 1885 2089 1939 ἀλλ’
2141 1883 2201 1939 ἒν
2264 1885 2443 1953 μόνον,
2478 1885 2629 1954 ἀλγῶ
2661 1886 2756 1939 καὶ
2807 1885 3101 1956 ὀδυνῶμαι.
3139 1886 3324 1940 Πάντα
3368 1886 3558 1939 ’τοίνυν

1975 1977 2201 2048 ποίησον
2238 1977 2379 2031 ὥστε
2409 1976 2718 2043 ἀπαλλάξαι
2744 1978 2893 2047 ἡμᾶς
2938 1978 3032 2031 καί⁵
3075 1977 3177 2047 τῆς
3229 1976 3426 2048 λύπης,
3462 1974 3559 2031 καὶ

1974 2068 2068 2122 τοῦ
2087 2068 2387 2140 διαπορεῖν.
2419 2069 2573 2122 Ἐπεὶ
2596 2070 2645 2122 εί
2681 2070 2775 2123 καὶ
2801 2068 2943 2141 μετά
2964 2068 3032 2123 τὰ
3064 2072 3367 2141 γράμματα
3385 2066 3559 2122 ταῦτα

1978 2159 2055 2232 μὴ
2095 2159 2233 2231 μετὰ
2267 2159 2462 2214 πολλοῦ
2507 2159 2602 2214 τοῦ
2644 2159 2845 2232 τάχους
2897 2162 3027 2232 ἡμῖν
3063 2160 3383 2232 βουληθείης
3438 2161 3559 2212 ἐπι-

1978 2249 2207 2317 στεῖλαι,
2241 2249 2414 2315 οὕτως
2445 2252 2591 2322 ἡμᾶς
2628 2249 2770 2322 ἔχεις
2803 2251 3062 2321 λυπῆσαι,
3090 2250 3165 2315 ώς
3201 2250 3396 2303 πολλοῦ
3445 2249 3562 2321 δεη-

1977 2341 2137 2414 θῆναι
2174 2343 2340 2396 πόνου
2372 2342 2390 2381 ί
2425 2343 2506 2407 εἰς
2529 2342 2590 2396 τὸ
2622 2341 2958 2414 θεραπεῦσαι
2986 2341 3151 2413 ἡμῶν.
3167 2342 3267 2414 τὴν
3299 2342 3556 2411 ἀθυμίαν.

2303 2456 2438 2511 ΣΓ.
2463 2456 2818 2525 Σαλουστίῳ
2838 2454 3240 2532 πρεσϐυτέρῳ.

2048 2572 2163 2643 Οὐχ
2191 2570 2268 2637 ώς
2314 2571 2504 2643 ἔτυχεν
2560 2572 2774 2644 ἤλγησα
2815 2571 3054 2636 ἀκούσας
3093 2572 3175 2626 ὅτι
3220 2572 3313 2625 κάἰ
3354 2573 3420 2626 σύ
3463 2574 3559 2626 καὶ

1978 2664 2235 2735 Θεόφιλος
2261 2666 2290 2718 ό
2335 2664 2707 2737 πρεσϐύτερος
2735 2663 3053 2719 ἀνεπέσετε.
3090 2664 3300 2733 Ἔγνων
3332 2665 3442 2736 γάρ
3471 2665 3555 2719 ὅτι

1977 2758 2007 2810 6
2040 2756 2192 2831 [713]
2237 2757 2335 2826 μὲν
2364 2756 2522 2828 ὐμῶν
2571 2760 2733 2810 πέντε
2781 2756 2997 2828 ὁμιλίας
3025 2752 3179 2809 εἶπεν
3206 2755 3313 2819 ἕως
3356 2756 3551 2809 Ὀκτω-

1980 2850 2136 2922 ϐρίου
2178 2849 2369 2921 μηνὸς,
2407 2838 2517 2902 δ’δέ
2539 2848 2813 2920 οὐδεμίαν,
2839 2850 2933 2902 καὶ
2958 2849 3058 2921 τῆς
3079 2848 3315 2920 ἐρημίας
3343 2864 3433 2918 μοι
3459 2847 3559 2918 τῆς

1980 2940 2215 2995 ἐνταῦθα
2267 2940 2428 2994 τοῦτο
2458 2940 2651 3011 γέγονε
2683 2939 3082 3013 χαλεπώτερον.
3116 2932 3423 3011 Βουλήθητε
3450 2937 3562 2992 τοί-

1981 3050 2096 3100 νυν,
2126 3034 2175 3088 εἰ
2208 3033 2306 3104 μὲν
2339 3032 2534 3103 ψεῦδος
2561 3031 2740 3097 τοῦτο,
2763 3031 3002 3104 δηλῶσαί
3027 3048 3152 3104 μοι’
3182 3033 3231 3085 εἰ
3255 3030 3312 3085 δέ
3341 3029 3560 3103 ἀληθὲς,

1981 3123 2413 3197 διορθώσασθαι·
2452 3125 2548 3180 καὶ
2591 3124 2853 3197 ἀλλήλους
2879 3125 3183 3197 διεγείρατε
3202 3128 3247 3167 ε’
3278 3126 3400 3179 ἐπεὶ
3432 3123 3562 3194 σφό-

1979 3214 2085 3287 δρα
2125 3232 2191 3286 με
2229 3214 2380 3286 ἔχετε
2408 3213 2672 3285 λυπῆσαι,
2701 3215 2880 3268 καίτοι
2920 3215 3041 3286 μεθ’
3071 3214 3384 3288 ὑπερϐολῆς
3432 3213 3563 3284 σφό-

1981 3306 2084 3378 δρα
2111 3307 2413 3376 ἀγαπῶντα
2447 3306 2613 3377 ὑμᾶς.
2638 3305 2750 3360 Καί⁵
2772 3306 2833 3360 τὸ
2852 3305 2917 3377 δὴ
2934 3305 3336 3380 χαλεπώτερον,
3359 3307 3441 3360 ὅτι
3467 3307 3565 3362 καὶ

1981 3399 2133 3470 παρά
2170 3398 2264 3453 τοῦ
2309 3399 2445 3452 Θεοῦ
2486 3400 2622 3453 πολὺ
2673 3399 2796 3455 καθ’
2835 3399 3046 3454 ἑαυτῶν
3093 3400 3463 3455 ἐπισπάσεσθε
3503 3399 3568 3454 τὸ

1982 3494 2178 3565 κρῖμα,
2236 3491 2407 3564 ἀργίᾳ
2448 3490 2687 3565 τοσαύτῃ
2727 3490 2997 3557 συζῶντες
3037 3493 3131 3546 καὶ
3162 3491 3325 3564 ὄκνῳ.
3373 3492 3467 3545 καὶ
3495 3491 3568 3548 τὰ

1984 3584 2115 3656 παρ’
2154 3581 2364 3637 ἑαυτῶν
2412 3582 2514 3637 οὐκ
2550 3582 2916 3655 εἰσφέροντες.
2967 3583 3136 3637 Ποίαν
3176 3582 3290 3657 ηγάρ
3346 3582 3567 3654 σχοίητε
3662 3601 3667 3607 ’

1984 3673 2318 3747 συγγνώμην
2338 3674 2541 3747 ἐτέρων
2567 3674 2935 3746 διωκομένων,
2959 3673 3372 3745 ἐξοριζομένων,
3399 3672 3565 3726 ἐλαυς

1983 3769 2247 3839 νομένων,
2298 3769 2458 3839 ὑμεῖς
2504 3767 2562 3821 δὲ
2613 3767 2751 3839 μηδὲ
2798 3765 2898 3837 τὴν
2940 3765 3049 3819 ἀπὸ
3096 3763 3199 3835 τῆς
3256 3764 3567 3835 παρουσίας

1960 3861 2138 3934 ὐμῶν
2180 3862 2214 3933 ἢ
2260 3862 2359 3933 τῆς
2382 3857 2733 3923 διδασκαλίας
2760 3857 3107 3928 εἰσφέροντες
3128 3856 3206 3929 τῷ
3235 3856 3571 3929 χειμαζομέ-

1984 3973 2058 4024 νῳ
2088 3953 2203 4026 λαῷ
2229 3953 2464 4025 σπουδήν
2482 3969 2498 4020 ;

2547 4065 2671 4120 ZA'.
2709 4063 2990 4131 Παιανίῳ.

2056 4182 2227 4235 Ὅταν
2257 4179 2541 4251 ἐννοήσῃς.
2564 4177 2802 4233 δέσποτά
2845 4194 2947 4249 μου
3002 4176 3418 4249 θαυμασιώτατε
3472 4179 3567 4233 καὶ

1990 4274 2205 4347 μέλιτος
2241 4274 2373 4345 ἡμῖν
2414 4270 2738 4343 γλυκύτερε,
2773 4271 2856 4325 ὃτι
2909 4271 3048 4344 βαρύ
3102 4272 3195 4325 καί
3225 4271 3462 4342 ἐπαχθὲς
3505 4272 3567 4325 τὸ

1987 4368 2321 4442 κεχωρίσθαι
2359 4366 2540 4440 ἡμῶν,
2571 4365 2921 4435 λογιζόμενος
2962 4358 3075 4420 οἷον
3124 4365 3357 4436 πρᾶγμα
3399 4380 3568 4435 μετα-

1987 4464 2222 4537 χειρίζῃ,
2257 4464 2352 4517 καὶ
2384 4463 2467 4516 ὅτι
2493 4459 2648 4515 πόλιν
2669 4459 2963 4530 ὁλόκληρον
2987 4457 3275 4530 κατορθοῖς
3294 4455 3345 4524 ιι,
3362 4457 3567 4529 μᾶλλον
3592 4532 3595 4537 Γ

1985 4556 2043 4610 δέ
2090 4554 2416 4626 οἰκουμένην
2464 4550 2757 4621 ὁλόκληρον
2783 4548 2873 4604 διὰ
2914 4547 3014 4619 τῆς
3064 4546 3272 4612 πόλεως
3325 4547 3564 4618 ἐκείνης,

1991 4648 2190 4721 σκίρτα
2221 4648 2316 4702 καὶ
2336 4645 2649 4716 εὐφραίνου.
2662 4643 2819 4699 Μετά
2847 4640 2954 4713 γάρ
2973 4642 3069 4713 τῆς
3084 4638 3351 4711 ὠφελείας
3364 4638 3567 4711 πολλὴν

1988 4741 2168 4808 ἔξεστί
2198 4757 2283 4794 σοι
2312 4737 2656 4812 καρποῦσθαι
2688 4736 2784 4790 καὶ¹
2809 4735 2909 4807 τὴν
2936 4734 3147 4806 ἡδονήν.
3185 4734 3250 4787 Εἰ
3293 4731 3403 4804 γὰρ
3431 4732 3571 4804 χρή-

1994 4835 2144 4906 ματά
2180 4850 2326 4898 τινες
2347 4831 2696 4900 συλλέγοντες
2721 4829 2793 4883 τά
2818 4845 2878 4881 τε
2900 4825 3251 4898 ἀπολλύμενα
3280 4825 3375 4880 καὶ
3402 4823 3572 4878 ἀπολ-

1988 4929 2154 4982 λύντα
2180 4926 2396 4990 αὐτοὺς,
2412 4922 2681 4993 τοσαύτης
2704 4919 3071 4993 ἐμφοροῦνται
3091 4919 3189 4990 τῆς
3205 4918 3568 4990 εὐφροσύνης,

1990 5020 2086 5076 καὶ
2117 5016 2326 5082 οἰκιῶν,
2357 5016 2452 5070 καὶ
2492 5012 2770 5085 γυναικὸς,
2797 5012 2893 5066 καὶ
2943 5009 3171 5073 τέκνων,
3201 5012 3297 5064 καὶ
3347 5010 3569 5067 πάντων

1988 5114 2098 5168 τῶν
2116 5090 2506 5183 προσηκόντων
2535 5106 2628 5159 ἐπὶ
2661 5104 2830 5158 πολὺν
2855 5103 3217 5175 χωριζόμενοι
3247 5102 3458 5175 χρόνον,
3482 5104 3569 5171 τίς

1991 5205 2058 5260 ἂν
2080 5201 2456 5275 παραστήσειε
2500 5194 2659 5265 λόγος
2696 5194 2795 5265 τὴν
2824 5193 3021 5265 ἡδονὴν
3042 5191 3139 5246 τοῦ
3178 5190 3437 5253 πλούτου,
3471 5190 3568 5246 τὸν

1988 5295 2242 5351 τοσοῦτον
2263 5288 2559 5364 θησαυρὸν,
2578 5287 2638 5341 ὃν
2656 5285 2778 5341 καθ’
2794 5285 3030 5356 ἑκάστην
3049 5282 3303 5353 συνάγεις
3327 5281 3569 5355 ἡμέραν,

2057 5419 2081 5479 9
2107 5418 2215 5479 Duo
2233 5412 2422 5479 mss._£v
2439 5409 2648 5472 τοσαύτῃ
2676 5408 2893 5479 ῥᾳθυμίᾳ.

2059 5478 2078 5516 τ
2100 5478 2249 5530 Savil.
2276 5475 2450 5539 χρόνον
2478 5469 2878 5539 γυιτεουέἰεοιὶὸ
2896 5469 3118 5539 (μισοῖ-ξς.

2055 5544 2081 5583 ε
2102 5524 2214 5590 ὒῖιὸ
2385 5524 2642 5600 βουλήοητὶ
2677 5534 2893 5583 τοίνυν...
2914 5524 3009 5580 ’καὶ
3050 5530 3283 5588 ἀλλήλους
3309 5524 3569 5589 διεγείρειν..

1993 5605 2144 5655 Savil.
2166 5599 2402 5663 διεγεῖραι.
2593 5617 2599 5622 ‘
2641 5657 2651 5663 ,
2832 5659 2861 5663 __
2891 5657 2901 5663 ,
2938 5656 2952 5663 Α
3104 5654 3117 5663 _
3158 5656 3174 5663 _
3206 5652 3227 5663 ,

2060 5665 2090 5707 δ
2114 5654 2375 5717 Tres'm'ss.
2410 5657 2803 5728 μεταχειρίξεις...
2822 5656 3080 5719 ὁλόκληρον
3099 5654 3265 5720 ὀρθοῖς.
