4064 6218
518 254 630 310 7'25

516 370 616 425 καὶ
644 369 968 442 φαινόμενος
998 367 1186 423 αὐτόθι
1217 367 1410 439 μόνους
1446 369 1521 422 Οὐ
1552 367 1661 442 γὰρ
1684 367 1748 439 δὴ
1783 368 2094 423 κολακεύων

520 479 582 516 σε
613 463 787 517 ταῦτα
815 462 980 531 λέγω,
1015 459 1111 513 καὶ
1142 458 1320 512 ἴσασιν
1345 460 1392 512 οί
1418 460 1513 512 καὶ
1537 458 1828 524 ἀκούοντες
1865 460 2093 524 ἀπόντος

518 571 613 607 σου
637 553 808 607 ταῦτα
827 552 958 622 παρ’
981 549 1138 621 ήμῶν
1161 547 1415 616 ἐνταῦθα,
1442 548 1557 601 ἀλλ’
1587 549 1842 620 ήδόμενος
1869 549 2092 621 σφόδρα,

516 644 612 697 καὶ
660 641 885 713 χαίρων,
925 640 1022 693 καὶ
1044 637 1407 711 πηρούμενος
1434 638 1540 691 ὑπὸ
1589 638 1688 709 τῆς
1736 637 2091 710 εὐφροσύνης.

526 735 742 804 Ἀρκεῖς
772 731 901 802 γὰρ,
943 731 1038 785 καὶ
1079 730 1424 800 φαινόμενος,
1465 729 1695 794 πολλοὺς
1717 729 1957 802 ὀρθῶσαι
1986 729 2094 784 τῶν

513 824 720 888 αὐτόθι,
766 822 1037 895 στηρίξαι,
1077 821 1315 893 ἀλεῖψαι,
1358 822 1746 894 συγκροτῆσαι.
1796 817 1928 875 Οἶδα
1982 818 2095 891 ἐγὼ

512 916 606 969 τὸν
643 914 873 987 ἀριστέα
904 914 999 968 τὸν
1026 912 1180 985 ἐμὸν,
1207 909 1324 966 οἶδά
1358 928 1452 965 σου
1483 911 1583 974 τὰς
1606 909 1975 983 ἀνδραγαθίας
1994 907 2095 973 τάς

511 1006 721 1074 αὐτόθι,
749 1007 839 1060 τὸν
867 1005 1046 1077 ζῆλον,
1071 1003 1168 1075 τὴν
1196 1001 1524 1073 ἀγρυπνίαν,
1552 1002 1679 1067 τοὺς
1712 1001 1967 1073 δρόμους,
1997 999 2091 1055 τὸν

512 1097 674 1152 πόνον
714 1096 814 1167 τῆς
847 1095 1056 1166 ψυχῆς,
1102 1096 1203 1165 τὴν
1252 1091 1584 1164 παρρησίαν,
1624 1093 1726 1163 τὴν
1781 1091 2093 1163 ἐλευθερίαν

514 1187 633 1260 μεθ’
667 1184 735 1259 ῆς
769 1187 862 1241 καὶ
913 1184 1227 1240 ἐπισκόπων
1272 1182 1717 1250 κατεξανίστασο,
1768 1181 1863 1235 τοῦ
1896 1179 2092 1253 καιροῦ

510 1280 701 1335 τούτου
744 1277 1121 1344 ἀπαιτοῦντος,
1159 1276 1300 1348 μετὰ
1347 1275 1442 1329 τοῦ
1492 1277 1862 1347 προσήκοντος
1909 1273 2094 1345 μέντοι

513 1372 735 1442 μέτρου.
786 1370 894 1423 Καὶ
928 1366 1237 1439 ἐθαύμαζόν
1273 1385 1333 1421 σε
1384 1367 1472 1422 ἐπ’
1521 1366 1771 1432 ἐκείνοις,
1808 1364 1990 1437 πολλῷ
2035 1365 2093 1419 δέ

511 1465 674 1518 πλέον
706 1463 819 1529 νῦν,
846 1464 947 1526 ὅτι,
974 1463 1069 1515 καὶ
1101 1460 1330 1533 μηδενός
1360 1478 1445 1514 σοι
1472 1459 1852 1533 παραστάντος
1878 1456 2091 1524 αὐτόθι,

423 1558 431 1565 “
509 1554 644 1609 ἀλλά
670 1553 779 1607 τῶν
812 1554 908 1624 μὲν
952 1552 1282 1622 φευγόντων,
1315 1551 1423 1605 τῶν
1460 1551 1518 1605 δὲ
1560 1552 1953 1623 ἐλαυνομένων,
1984 1550 2093 1604 τῶν

503 1646 566 1699 δὲ
614 1643 1024 1715 κρυπτομένων,
1066 1643 1226 1714 μόνος
1276 1643 1516 1715 ἐστηκας
1566 1643 1661 1697 ἐπὶ
1700 1642 1804 1713 τῆς
1842 1640 2094 1712 παρατά-

506 1734 666 1801 ξεως,
714 1735 775 1788 τὸ
826 1734 1075 1805 μέτωπον
1107 1733 1277 1805 αὐτῆς
1339 1733 1726 1806 κατακοσμῶν,
1775 1734 1870 1788 καὶ
1903 1733 2094 1787 οὐδένα

506 1827 690 1896 ἀφιεὶς
729 1825 981 1895 γενέσθαι
1023 1824 1405 1898 λειποτάκτην,
1453 1823 1591 1878 ἀλλά
1635 1825 1729 1880 καὶ
1778 1825 1906 1888 τούς
1953 1823 2093 1895 μετά

505 1918 616 1971 τῶν
671 1918 928 1972 ἐναντίων
971 1916 1336 1987 τεταγμένους
1385 1918 1453 1987 τῇ
1498 1913 1767 1986 ἐμμελείᾳ
1827 1930 1921 1966 σου
1969 1911 2091 1966 καθ’

505 2010 744 2080 ἑκάστην
768 2010 981 2080 ἡμέραν
1015 2008 1295 2081 μεθιστᾷς.
1321 2006 1396 2061 υύ
1421 2005 1510 2059 διά
1535 2004 1709 2059 ταῦτα
1740 2005 1796 2059 δὲ
1826 2003 2092 2076 θαυμάζω

510 2101 690 2171 μόνον,
714 2102 826 2155 ἀλλ’
849 2103 933 2156 ὅτι
967 2102 1061 2156 καὶ
1091 2101 1148 2154 ἐν
1183 2101 1265 2152 ἐνὶ
1301 2096 1588 2169 ἱδρυμένος
1632 2095 1838 2169 χωρίῳ,
1869 2096 1968 2169 τὴν
2012 2098 2091 2150 οί-

507 2190 780 2262 κουμένην
828 2192 1044 2245 ἃπασαν
1085 2190 1378 2261 μεριμνᾷς,
1426 2187 1496 2240 τά
1528 2188 1586 2242 ἐν
1629 2186 1979 2260 Παλαιστίνῃ,
2020 2185 2092 2240 τὰ

505 2282 566 2332 ἐν
597 2282 837 2353 Φοινίκῃ,
883 2283 951 2336 τὰ
983 2284 1040 2336 ἐν
1071 2280 1315 2352 Κιλικίᾳ,
1353 2273 1429 2335 ὧν
1456 2279 1553 2333 καὶ
1585 2279 1820 2350 μάλιστα
1867 2277 2088 2351 φροντί-

504 2373 620 2438 ζειν
663 2373 921 2443 ὀφείλεις.
970 2372 1319 2427 Παλαιπινοὶ
1373 2372 1472 2443 μὲν
1519 2372 1628 2444 γὰρ
1671 2371 1769 2426 καὶ
1810 2370 2088 2436 Φοίνικες,

507 2462 688 2526 καθὼς
737 2463 909 2533 ἔγνων
956 2463 1167 2533 σαφῶς,
1207 2463 1311 2517 οὐκ
1363 2459 1613 2527 ἐδέξαντο
1642 2461 1734 2516 τὸν
1782 2461 1935 2533 παρὰ
1980 2462 2090 2515 τῶν

505 2554 764 2609 ἐναντίων
793 2554 1171 2609 ἀποσταλέντα
1210 2555 1414 2619 ἐκεῖσε,
1442 2553 1566 2607 οὐδὲ
1601 2553 1948 2626 ἀποκρίσεως
1990 2554 2091 2608 αὐ-

504 2649 596 2703 τὸν
647 2649 917 2721 ἠξίωσανο
958 2650 988 2703 ό
1014 2649 1072 2704 δὲ
1103 2648 1305 2719 Αἰγῶν,
1337 2649 1414 2713 ὡς
1446 2648 1641 2719 έγνων,
1689 2648 1785 2703 καὶ⁵
1812 2649 1842 2702 ό
1870 2648 2089 2721 Ταρσοῦ

505 2743 625 2812 μετ’
659 2740 812 2816 [7H]
856 2741 1078 2796 ἐκείνων
1126 2740 1411 2796 τάττονται
1435 2779 1451 2806 ,
1508 2740 1604 2795 καὶ
1647 2742 1677 2795 ό
1717 2738 2090 2815 Κασταόάλων

503 2833 737 2888 ἐνταῦθα
785 2833 1022 2907 ἐδήλωσέ
1079 2851 1188 2889 τινι
1251 2832 1360 2887 τῶν
1429 2832 1716 2905 ἡμετέρων
1757 2832 1960 2904 φίλων,
2007 2833 2090 2887 ὅτι

501 2924 900 2995 ἀναγκάζουσιν
955 2926 1156 2990 αὐτοὺς
1206 2925 1253 2978 οί
1298 2923 1407 2978 ἀπὸ
1454 2923 2089 2989 Κωνσταντινουπόλεως

502 3015 569 3083 τῇ
601 3013 914 3084 παρανομίᾳ
941 3012 1122 3068 αὐτῶν
1152 3011 1463 3077 συνθέσθαι,
1492 3015 1589 3069 καὶ
1615 3013 1753 3079 τέως
1781 3015 2086 3087 ἀντέχουσι.

504 3103 714 3175 Πολλῆς
763 3103 945 3158 τοίνυν
995 3121 1077 3157 σοι
1110 3103 1192 3157 δεῖ
1243 3104 1342 3175 τῆς
1400 3104 1704 3177 μερίμνης,
1751 3105 1954 3178 πολλῆς
1989 3108 2089 3179 τῆς

503 3195 828 3270 ἀγρυπνίας,
864 3194 1007 3249 ὥστε
1046 3196 1141 3249 καὶ
1170 3194 1329 3249 τοῦτο
1361 3195 1652 3268 διορθῶσαι
1691 3196 1752 3251 τὸ
1795 3199 1980 3271 μέρος,
2010 3198 2089 3270 τῷ

500 3285 734 3358 δεσπότῃ
765 3303 866 3358 μου
900 3285 1173 3358 γράψαντι
1201 3284 1279 3359 τῷ
1303 3285 1510 3359 ἀνεψιῷ
1548 3303 1664 3353 σου,
1690 3287 1768 3361 τῷ
1804 3289 1978 3362 κυρίῳ
2010 3289 2088 3361 τῷ

472 3376 789 3448 εέπισκόπῳ
817 3378 1095 3451 Θεοδώρῳ.
1128 3377 1209 3432 Τά
1242 3377 1383 3433 κατὰ
1410 3378 1708 3453 Φαρέτριον
1740 3380 1962 3453 λυπηρά
1988 3382 2087 3453 μὲν

503 3469 599 3523 καὶ
626 3469 830 3542 σφόδρα
866 3470 1091 3543 ἀνιαρά·
1124 3470 1264 3542 πλὴν
1284 3470 1398 3524 ἀλλ’
1422 3472 1613 3545 ἐπειδὴ
1639 3474 1690 3526 οί
1724 3474 2085 3548 πρεσϐύτεροι

504 3558 669 3614 αὐτοῦ
702 3560 825 3616 οὐτε
860 3561 1152 3633 συνέτυχον
1190 3564 1302 3626 τοῖς
1339 3563 1625 3630 ἐναντίοις,
1672 3564 1750 3630 ώς
1796 3566 1925 3639 φής,
1961 3566 2085 3621 οὔτε

503 3649 786 3723 αἱροῦνται
832 3653 1019 3717 αὐτοῖς
1061 3652 1409 3724 κοινωνῆσαι,
1457 3654 1572 3708 ἀλλ’
1603 3654 1680 3720 ώς
1708 3654 1976 3726 λέγουσιν,
2005 3657 2085 3712 ἔτι

506 3741 625 3814 μεθ’
648 3743 803 3815 ήμῶν
841 3745 1127 3816 ἑστήκασι,
1164 3747 1329 3819 μηδὲν
1355 3746 1557 3802 τούτων
1586 3748 1924 3822 κοινωνήσῃς
1948 3749 2085 3821 πρὸς

504 3834 702 3900 αὐτούς
732 3847 758 3876 ι
781 3851 794 3864 ·
827 3837 951 3890 ἐπεὶ⁵
981 3836 1017 3891 ἀ
1047 3838 1302 3911 ἐποίησεν
1332 3840 1412 3902 είς
1441 3840 1588 3911 ἡμᾶς
1621 3839 1650 3893 ὁ
1676 3839 1975 3912 Φαρέτριος
2002 3840 2086 3895 οὐ-

501 3921 693 3995 δεμίαν
720 3924 831 3995 ἔχει
864 3924 1212 3998 συγγνώμην.
1250 3926 1312 3982 '0
1343 3925 1526 3999 μέντοι
1554 3927 1754 4001 κλῆρος
1781 3927 1945 3983 αὐτοῦ
1977 3932 2085 3995 πᾶς

503 4017 600 4065 καὶ
632 4013 808 4084 ἤλγει,
846 4017 940 4069 ml
976 4015 1232 4088 ὠδύρετο,
1267 4020 1359 4072 καὶ
1387 4018 1625 4090 ἐθρήνει,
1654 4018 1748 4072 καὶ
1783 4018 1902 4090 μεθ’
1926 4021 2084 4093 ἡμῶν

501 4106 640 4171 ὅλως
672 4102 741 4179 ἦν
774 4110 839 4179 τῇ
871 4107 1086 4179 γνώμῃ.
1126 4109 1266 4162 Ἀλλ’
1296 4112 1384 4164 ῖνα
1417 4112 1492 4183 μὴ
1520 4111 1738 4176 τούτους
1767 4114 2084 4186 ποιήσαιμεν

501 4197 877 4270 ἀποπηδῆσαι,
920 4199 1017 4252 καὶ
1060 4201 1425 4272 τραχυτέρους
1470 4202 1854 4275 ἐργασώμεθα,
1895 4204 2083 4275 μαθὼν

506 4291 722 4345 ἅπαντα
747 4291 817 4344 τά
844 4290 954 4345 ἀπὸ
977 4289 1085 4344 τῶν
1112 4292 1450 4364 ἐπαρχικῶν,
1474 4293 1627 4365 παρά
1655 4295 1837 4367 σαυτῷ
1862 4294 2082 4367 κάτεχε,

503 4382 598 4436 καὶ
622 4381 764 4454 μετά
792 4382 995 4453 πολλῆς
1024 4383 1363 4457 ήμερότητος
1391 4385 1577 4449 αὐτοῖς
1600 4386 1940 4457 προσφέρου·
1966 4384 2082 4441 οἶδα

502 4474 614 4544 γάρ
661 4489 754 4527 σου
797 4473 860 4527 τὸ
905 4473 1278 4543 οἰκονομικόνθ
1317 4474 1412 4529 καὶ
1455 4474 1608 4543 λέγε,
1650 4476 1734 4529 ὅτι
1781 4477 1890 4530 Καὶ
1923 4477 2083 4547 ήμιῖς

504 4563 837 4635 ἠκούσαμεν,
862 4565 944 4619 ὅτι
975 4564 1179 4637 σφόδρα
1206 4564 1444 4637 ήλγησεν
1472 4566 1565 4618 ἐπὶ
1595 4568 1708 4631 τοῖς
1747 4567 2081 4638 γενομένοις,

474 4656 599 4709 ικαὶ
622 4655 704 4709 ὅτι
733 4654 947 4726 ἐτοιμος
973 4651 1042 4727 ἦν
1070 4654 1249 4709 πάντα
1278 4656 1475 4710 παθεῖν
1500 4656 1640 4728 ύπέρ
1664 4656 1759 4711 τοῦ
1788 4656 2081 4730 διορθῶσαι

504 4753 681 4807 πάντα
707 4751 778 4809 τὰ
806 4750 991 4815 κακῶς
1010 4750 1368 4822 τολμηθέντα.
1392 4749 1468 4804 Τὸ
1495 4750 1655 4822 σῶμα
1677 4754 1813 4824 ήμῖν
1836 4754 1895 4806 ἐν
1922 4753 2082 4825 ύγείᾳ

503 4842 697 4913 πολλῇ,
731 4843 829 4897 καὶ
859 4843 928 4896 τά
966 4841 1195 4913 λείψανα
1235 4841 1335 4912 τῆς
1377 4840 1689 4913 ἀρρωστίας
1724 4841 2078 4914 ἀπεθέμεθαο

500 4932 631 4986 ὅταν
670 4932 730 4986 δέ
772 4933 1139 5005 ἐννοήσωμεν,
1180 4932 1265 4987 ὅτι
1321 4932 1404 4987 σοὶ
1458 4931 1556 4986 καὶ
1604 4932 1762 4989 τοῦτο
1808 4934 2080 5006 φροντίςιι

501 5025 671 5090 ἐστιν,
716 5026 777 5079 οὐ
819 5026 991 5097 μικρά
1040 5027 1143 5090 καί⁵
1181 5027 1344 5081 τοῦτο
1394 5027 1582 5096 ὑγείας
1637 5029 1773 5099 ἡμῖν
1822 5028 2081 5094 ὑπόθεσις

501 5116 731 5183 γίνεται,
762 5119 845 5171 ὅτι
893 5116 1037 5171 ούτω
1072 5117 1297 5190 σφοδρὸν
1328 5118 1525 5190 ἔχομεν
1553 5120 1807 5191 ἐραστήν.
1848 5120 1907 5174 '0
1947 5121 2080 5186 Θεός

503 5223 586 5259 σοι
613 5207 710 5278 τῆς
749 5208 1004 5280 τοιαύτης
1044 5209 1304 5280 σπουδῆς,
1341 5209 1442 5280 τῆς
1479 5210 1731 5282 ἀγάπης,
1764 5209 1859 5264 τοῦ
1888 5210 2076 5283 ζήλου,

498 5299 600 5368 τῆς
631 5300 938 5371 ἀγρυπνίας
965 5300 1043 5373 δῷ
1074 5301 1167 5355 τὸν
1195 5301 1407 5373 μισθὸν,
1444 5302 1548 5356 κάν
1576 5302 1655 5373 τῷ
1691 5303 1925 5374 παρόντι
1955 5304 2075 5376 βίῳ,

488 5392 605 5446 ,κάν
647 5389 728 5461 τῷ
763 5390 1011 5461 μέλλοντι
1049 5392 1228 5460 αίῶνι,
1273 5394 1368 5447 καὶ
1397 5394 1679 5464 τειχίσειε,
1707 5395 1801 5449 καὶ
1836 5396 2079 5468 φρουρή-

504 5499 644 5548 σειε,
666 5482 761 5537 καὶ
799 5482 1177 5551 ἀσφαλίσαιτο,
1228 5486 1322 5540 καὶ
1369 5485 1728 5552 καταξιώσειε
1760 5485 1869 5542 τῶν
1905 5488 2077 5560 ἀπορ-

558 5650 1229 5744 32::2I1E83Lun5frn‘rtétmv
1249 5657 1444 5721 κινήσῃς
1462 5657 1575 5722 πρὸς
1595 5656 1780 5716 αὐτούς.

608 5713 737 5768 (his!
747 5750 757 5763 .
782 5713 952 5766 τούτου
976 5715 1175 5778 φροντίς.

1191 259 1248 315 S.
1293 258 1579 316 JOANNIS
1615 259 2102 319 CHRYSOSTOMI
2140 261 2459 320 ARCHIEP.
2501 264 3040 323 CONSTANTINOP.

3670 256 3785 314 7‘26

2206 374 2386 443 ρήτων
2418 372 2641 428 ἐκείνων
2681 368 2922 439 ἀγαθῶν.
2955 368 3080 440 Δοίη
3118 366 3177 421 δέ
3224 366 3314 421 καὶ
3348 368 3487 438 ήμῖν
3510 367 3721 440 ταχέως
3752 386 3780 415 ε

2207 466 2335 520 ίδεῖν
2373 482 2466 519 σου
2502 463 2564 518 τὸ
2589 461 2838 517 ποθεινὸν
2863 460 3176 533 πρόσωπον,
3207 457 3510 513 ἀπολαῦσαί
3544 474 3638 512 σου
3677 462 3779 530 τῆς

2203 556 2464 626 γλυκείας
2499 554 2697 625 ψυχῆς,
2738 552 2832 606 καὶ
2867 552 2967 625 τὴν
3004 549 3297 620 καλλίστην
3338 548 3542 620 ταύτην
3582 550 3782 622 ἐορτὴν

2203 649 2451 717 ἀγαγεῖν.
2495 642 2668 699 Οἶσθα
2698 643 2808 716 γὰρ
2850 644 2934 697 ὄτι
2982 642 3078 696 καὶ
3120 640 3280 712 ἑορτὴ
3321 643 3454 712 ἡμῖν
3499 641 3594 694 καὶ
3635 657 3781 698 παν-

2204 738 2402 808 ήγυρις
2447 735 2506 789 τὸ
2559 733 2963 804 καταξιωθῆναι
3005 733 3106 805 τῆς
3148 732 3370 804 ήδίστης
3418 734 3513 786 καὶ
3566 731 3780 788 πολλῶν

2202 828 2425 899 ἀγαθῶν
2470 826 2744 900 γεμούσης
2780 824 3069 890 συνουσίας
3101 842 3219 893 σου,
3260 826 3359 880 καὶ⁸
3398 824 3602 898 ταύτης
3646 828 3784 880 ἀπο-

2201 920 2395 976 λαῦσαι
2429 922 2616 978 πάλιν.

2448 1060 2479 1066 “
2564 1070 2697 1123 ΣΒ.
2747 1065 3060 1133 Ἀνατολίῳ
3088 1063 3410 1136 ἐπαρχικῷ.

2283 1212 2410 1284 ’0ψέ
2444 1211 2544 1285 μέν
2570 1211 2867 1266 ἐπιστέλλω
2893 1210 2988 1265 καὶ
3019 1210 3224 1283 βραχέα
3245 1210 3296 1274 ά,
3334 1209 3533 1282 μᾶλλον
3560 1209 3617 1265 δέ
3648 1210 3789 1285 βραο

2204 1304 2362 1370 δέως.
2385 1304 2524 1377 πρὸς
2546 1304 2646 1375 τὴν
2677 1303 2776 1376 σὴν
2803 1302 3089 1372 εὐγένειαν
3107 1319 3121 1333 ·
3145 1302 3286 1373 πλὴν
3309 1302 3424 1356 ἀλλ’
3445 1303 3507 1357 οὐ
3534 1304 3783 1375 ῥᾳθυμία

2200 1398 2299 1469 τὴν
2328 1398 2486 1469 σιγὴν
2527 1398 2839 1469 εἰργάσατο,
2886 1395 3000 1450 ἀλλ’
3035 1393 3317 1468 ἀρρωστία
3346 1395 3676 1471 μακράοιώς
3708 1399 3778 1468 τῇ

2200 1507 2264 1560 γε
2297 1491 2489 1563 ἀγάπῃ
2515 1489 2778 1562 διηνεκῶς
2800 1488 3176 1559 συνδεδέμεθα,
3207 1486 3272 1541 τὸ
3302 1487 3522 1558 γνήσιόν
3549 1503 3643 1541 σου
3671 1488 3775 1559 τῆς

2200 1582 2422 1653 ἀγάτπις
2445 1581 2662 1646 εἰδότες,
2691 1580 2752 1634 τὸ
2781 1579 3083 1651 ἐλευθέριον
3107 1579 3208 1651 τῆς
3238 1577 3483 1651 γνώμης,
3511 1578 3572 1633 τὸ
3597 1579 3782 1635 ἀπλα-

2202 1688 2324 1725 στον
2377 1671 2472 1725 καὶ
2524 1670 2831 1742 εἰλικρινές.
2886 1668 2996 1723 Καὶ
3048 1669 3152 1723 οὐκ
3208 1667 3564 1739 ἐπαυσάμεθα
3630 1669 3780 1740 πρὸς

2200 1759 2442 1823 ἅπαντας
2485 1756 2949 1830 ἀνακηρύττοντες
2979 1756 3078 1829 τήν
3126 1755 3383 1821 διάθεσιν,
3412 1750 3481 1827 ἦς
3533 1755 3779 1826 συνεχῶς

2199 1847 2592 1919 ἀπηλαύσαμεν
2615 1845 2767 1916 παρά
2792 1845 2892 1914 τῆς
2921 1844 3019 1916 σῆς
3048 1842 3343 1912 εὐγενείας,
3370 1843 3489 1913 οὐχὶ
3509 1842 3781 1914 παρόντες

2203 1939 2383 2011 μόνον,
2415 1937 2552 1992 ἀλλά
2576 1938 2671 1991 καὶ
2708 1935 2965 2000 ἀπόντεςο
3005 1935 3065 1988 οὐ
3106 1933 3214 2006 7&9
3260 1932 3399 2005 μετά
3435 1933 3533 2005 τὴν
3570 1934 3784 2005 ἀποδηο

2202 2028 2328 2100 μίαν
2361 2026 2547 2081 ἔλαθεν
2587 2028 2754 2099 ἡμᾶς,
2792 2026 2893 2079 ὅσα
2935 2025 3028 2079 καὶ
3061 2026 3233 2078 ποιεῖν
3279 2023 3375 2077 καὶ
3416 2024 3595 2091 λέγειν
3630 2023 3778 2094 ὑπὲρ

2200 2120 2356 2191 ἡμῶν
2388 2117 2747 2181 ἐσπούδακας.
2786 2117 2844 2171 '0
2880 2115 3011 2178 Θεός
3044 2132 3126 2169 σοι
3156 2112 3269 2185 δῴη
3309 2113 3399 2166 τὸν
3440 2111 3632 2183 μισθὸν
3676 2112 3778 2182 τῆς

2201 2212 2353 2286 ί715]
2398 2210 2656 2281 τοιαύτης
2698 2208 2953 2277 σπουδῆς,
2999 2207 3093 2262 κα)⁵
3140 2204 3393 2269 ἐνταῦθα,
3444 2205 3540 2259 καὶ
3581 2207 3641 2258 ἐν
3695 2203 3777 2274 τῷ

2202 2303 2450 2375 μέλλοντι
2494 2301 2670 2357 αἰῶνι.
2705 2301 2822 2355 Ἵνα
2866 2298 2923 2354 δέ
2962 2298 3065 2352 καὶ
3113 2296 3354 2360 πλείονος
3408 2294 3777 2367 ἀπολαύωμεν

2199 2394 2422 2465 ἡδονῆς,
2474 2392 2551 2465 μὴ
2592 2392 2892 2464 γράφοντες
2933 2391 3113 2461 μόνον,
3157 2388 3293 2443 ἀλλά
3333 2388 3428 2442 καὶ
3471 2388 3780 2458 γράμματα

2197 2485 2472 2557 δεχόμενοι
2504 2483 2656 2557 παρά
2698 2482 2801 2554 τῆς
2830 2480 3121 2554 ἐμμελείας
3165 2480 3264 2552 τῆς
3297 2480 3431 2550 σῆς,
3476 2479 3781 2533 ἐπιστεῖλαι

2197 2577 2328 2648 ἡμῖν
2361 2575 2764 2648 παρακλήθητι,
2797 2574 2924 2648 περὶ
2956 2573 3057 2644 τῆς
3080 2572 3268 2642 ὑγείας
3290 2571 3387 2642 τῆς
3422 2573 3522 2640 σῆς
3544 2570 3783 2640 εὐαγγε-

2197 2665 2496 2739 λιζόμενος,
2533 2667 2622 2721 ἵνα
2652 2666 2748 2720 καὶ
2777 2669 2833 2720 ἐν
2871 2668 2936 2738 τῇ
2963 2663 3169 2737 ἐρημίᾳ
3204 2662 3378 2736 ταύτῃ
3418 2660 3780 2733 καθεζόμενοι

2199 2756 2397 2830 πολλὴν
2451 2755 2875 2831 καρπωσώμεθα
2914 2755 3031 2839 ’τὴν
3099 2755 3464 2827 παράκλησιν.
3509 2753 3609 2808 ’Δν
3666 2752 3778 2825 7&9

2195 2847 2475 2922 δεξώμεθα
2505 2848 2792 2920 ἐπιστολὴν
2826 2847 2927 2920 τῆς
2965 2848 3187 2920 ἀγάπης
3216 2863 3331 2912 σου,
3379 2844 3450 2898 τά
3495 2844 3628 2916 περὶ
3678 2843 3782 2916 τῆς

2199 2940 2418 3015 ῥώσεως
2457 2944 2587 3014 ήμῖν
2627 2939 3076 3011 ἀπαγγέλλουσαν
3115 2939 3216 3011 τῆς
3251 2938 3374 3008 σῆς,
3416 2937 3512 2991 καὶ
3542 2935 3655 2990 τῶν
3695 2938 3782 2991 σοι

2198 3033 2583 3106 προσηκόντων
2616 3028 2891 3096 ἀπάντων,
2917 3030 3141 3103 πολλὴν,
3169 3030 3263 3084 καὶ
3291 3030 3348 3083 ἐν
3380 3028 3641 3102 ἀλλοτρία
3664 3028 3782 3084 δια·

2197 3126 2472 3200 τρίϐοντες
2499 3129 2592 3199 γῇ,
2618 3124 2883 3197 δεξόμεθα
2912 3123 3277 3197 παράκλησιν.

2588 3281 2726 3348 EG”.
2765 3276 3073 3344 Θεοδούλφ
3100 3277 3378 3346 διακόνῳ.

2264 3439 2328 3493 Et
2360 3437 2454 3493 καὶ
2494 3437 2728 3511 χαλεπὸς
2754 3438 2784 3492 ό
2812 3434 3038 3508 χειμὼν,
3082 3435 3177 3489 καὶ
3207 3435 3342 3508 πρὸς
3375 3433 3507 3505 ὕψος
3542 3435 3786 3508 ἐγήγερ-

2193 3546 2283 3584 ται
2327 3528 2489 3600 μέγα,
2525 3528 2621 3582 ml
2656 3528 2707 3581 οἱ
2740 3526 3053 3598 βουλόμενοι
3094 3524 3451 3596 λυμαίνεσθαι
3489 3526 3611 3589 ταῖς
3652 3526 3781 3579 Ἐκ-

2193 3619 2444 3691 κλησίαις
2467 3620 2587 3683 ταῖς
2620 3629 2644 3658 ο
2672 3621 2750 3682 είς
2778 3618 3004 3672 Γοτθίαν
3048 3617 3250 3688 πολλὴν
3294 3615 3575 3671 ποιοῦνται
3606 3631 3778 3669 σπου-

2191 3710 2309 3782 δὴν,
2350 3709 2625 3781 πανταχοῦ
2659 3710 3094 3783 περιτρέχοντες,
3138 3708 3254 3763 ἀλλ’
3279 3709 3437 3780 ὑμεῖς
3471 3707 3548 3779 μὴ
3596 3707 3780 3762 διαλί-

2193 3819 2334 3873 πητε
2374 3800 2445 3856 τά
2473 3803 2605 3873 παρ’
2634 3801 2843 3855 ἑαυτῶν
2880 3801 3244 3873 εἰσφέροντες.
3279 3798 3397 3854 Κᾶν
3448 3799 3560 3870 7&9
3602 3794 3779 3869 μηδὲν

2191 3894 2427 3965 ἀνύσητε
2459 3893 2642 3959 πλέον,
2686 3894 2825 3965 ὅπερ
2866 3893 2965 3965 οὐχ
3001 3891 3264 3965 ἡγοῦμαι,
3312 3891 3426 3945 ἀλλ’
3474 3891 3627 3961 ὅμως
3672 3888 3779 3961 τῆς

2192 3980 2417 4056 γνώμης
2438 4026 2453 4051 ,
2501 3984 2595 4039 καὶ
2649 3985 2749 4055 τῆς
2799 3983 3106 4056 προθέσεως
3145 3980 3553 4055 ἀπηρτισμένον
3615 3979 3779 4051 ἔχετε

2193 4078 2344 4149 παρὰ
2384 4075 2476 4131 τοῦ
2507 4074 2888 4149 φιλανθρώπου
2930 4075 3064 4129 Θεοῦ
3095 4075 3185 4129 τὸν
3226 4073 3437 4145 μισθόν.
3467 4072 3562 4144 Μὴ
3589 4073 3776 4126 τοίνυν

2192 4170 2395 4244 κάμῃς,
2420 4168 2692 4240 ἀγαπητέ,
2721 4167 3057 4232 σπουδάζων,
3102 4165 3405 4239 μεριμνῶν,
3442 4163 3772 4236 φροντίζων,

2191 4261 2286 4313 καὶ¹
2316 4260 2403 4315 διά
2440 4261 2658 4325 σαυτοῦ,
2702 4260 2796 4313 καὶ
2840 4258 2908 4312 δι’
2949 4259 3170 4331 ἐτέρων,
3215 4250 3290 4313 ὧν
3321 4258 3389 4312 ἂν
3431 4250 3544 4309 οἶόν
3589 4272 3653 4309 τε
3697 4252 3772 4330 ᾖ,

2190 4344 2330 4399 ὥστε
2365 4345 2440 4417 μή
2460 4345 2712 4415 γενέσθαι
2736 4346 2981 4420 ταραχὰς
3005 4346 3191 4401 αὐτόθι
3219 4347 3313 4400 καὶ
3339 4343 3623 4416 θορύύους.
3653 4345 3773 4414 Πρὸ

2188 4436 2246 4491 δέ
2286 4437 2506 4492 πάντων
2532 4436 2776 4508 εὔχεσθε,
2817 4439 2913 4492 καὶ
2941 4438 3017 4510 μὴ
3062 4431 3345 4509 διαλίπητε
3377 4436 3613 4501 ἐκτενῶς
3652 4435 3773 4490 δεό-

2192 4547 2344 4602 μενοι
2386 4529 2482 4584 τοῦ
2528 4529 2909 4601 φιλανθρώπου
2953 4530 3111 4596 Θεοῦ,
3146 4532 3241 4584 καὶ
3276 4529 3415 4601 μετά
3454 4529 3555 4600 τῆς
3597 4545 3773 4601 προσ-

2189 4622 2431 4695 ηκούσης
2465 4622 2718 4693 σπουδῆς,
2756 4622 2844 4676 ἵνα
2882 4620 3016 4695 λύσῃ
3044 4622 3115 4676 τά
3147 4622 3445 4692 κατέχοντα
3469 4620 3568 4674 νῦν
3596 4620 3771 4685 κακὰ,

2188 4716 2286 4769 καὶ
2330 4713 2530 4787 πολλὴν
2573 4713 2832 4787 παράσχῃ
2860 4712 2955 4768 καὶ
2985 4712 3205 4784 βαθεῖαν
3240 4714 3308 4784 τῇ
3346 4711 3649 4782 Ἐκκλησία
3690 4712 3775 4764 εί-

2191 4808 2381 4881 ρήνην.
2404 4807 2554 4871 Τέως
2582 4806 2785 4877 μέντοι,
2809 4808 2946 4879 ὅπερ
2970 4806 3063 4859 καὶ
3094 4802 3403 4877 ἔμπροσθεν
3430 4802 3771 4871 ἐπέσταλκα,

2190 4900 2367 4956 πάντα
2419 4899 2705 4970 ποιήσατε,
2742 4896 2882 4950 ὥστε
2925 4895 3189 4967 ἀναδολήν
3225 4912 3348 4949 τινα
3392 4894 3647 4963 γενέσθαι
3690 4893 3776 4967 τῷ

2150 5015 2169 5027 ~
2189 4990 2494 5062 πράγματι,
2527 4988 2622 5042 καὶ
2660 4987 2840 5059 γράφε
2879 4989 3010 5060 ἡμῖν
3039 4986 3297 5058 συνεχῶς,
3327 4985 3431 5050 ἕως
3461 4984 3530 5038 ἀν
3570 4980 3639 5060 ᾗς
3674 4986 3778 5041 αύ-

2187 5083 2323 5138 τόθι.

2186 5195 2315 5251 ΣΖ’.
2354 5196 2478 5263 Τοῖς
2508 5196 2833 5267 μονάζουσι
2870 5198 3117 5281 Γότθοις
3159 5194 3283 5261 τοῖς
3329 5195 3399 5250 ὲν
3440 5189 3568 5258 τοῖς
3613 5194 3770 5263 Προσ-

2859 5283 3079 5339 μωτου.

2260 5379 2474 5447 Ἐγνων
2514 5380 2608 5434 καὶ
2645 5380 2753 5452 πρὸ
2790 5379 2896 5433 τῶν
2940 5379 3282 5451 γραμμάτων
3321 5379 3432 5434 τῶν
3479 5379 3765 5453 ὑμετέρων

2249 5598 2270 5660 ξ
2295 5595 2493 5660 ςζοίςιὶο.
2516 5602 2570 5660 εί
2592 5595 2780 5660 Fabric.
2805 5598 2886 5647 καὶ
3054 5600 3255 5660 ταχέως.

2243 5654 2273 5725 ᾇ
2297 5657 2446 5725 Υαίὶιι..
2473 5664 2527 5725 et1
2543 5656 2693 5725 Savi}.
2730 5657 2849 5725 Ὀψὲ
2981 5654 3347 5725 ἐπιστέλλωλκαὶ
3369 5658 3607 5725 βραδέωςς

2249 5723 2271 5749 ⁸
2295 5721 2490 5773 Coisliu.
2516 5719 2815 5783 λυμαίνεσθαι
2834 5719 2917 5779 τὰς
2938 5722 3189 5782 ἑκκληιιίιπις
3207 5721 3305 5779 τάς.
