4064 6218
320 169 425 227 725

317 285 411 340 sed
455 299 563 356 pne
609 285 776 342 nimio
817 287 1012 360 gaudio
1053 303 1117 345 ac
1161 289 1340 345 laetitia
1368 297 1639 362 gestiens,
1682 296 1737 345 et
1777 287 1910 345 inci-

321 385 482 434 tatus.
513 376 706 434 Multos
733 380 874 434 enim
916 396 1131 445 eorum,
1167 383 1254 452 qui
1302 382 1421 436 istic
1461 390 1617 444 sunt,
1651 390 1802 452 potes
1829 382 1911 437 vel

317 466 430 523 sola
476 471 758 540 prmsentia
804 481 888 525 tua
937 473 1214 528 meliorem
1261 473 1328 528 ad
1375 473 1578 544 frugem
1611 474 1906 538 traducere,

320 562 573 630 ﬁrmare,
621 563 927 630 instruere,
978 566 1346 621 corroborare.
1410 566 1543 622 Novi
1599 583 1696 637 ego
1750 583 1911 638 quam

323 667 448 709 acer
477 652 704 708 bellator
743 655 840 718 sis,
864 655 987 709 novi
1013 671 1172 725 quam
1213 657 1374 711 multa
1404 666 1550 728 gesta
1577 657 1686 711 sint
1723 656 1841 712 istic
1881 673 1911 710 a

321 754 372 800 te
401 743 657 816 prteclara
679 742 934 813 facinora,
954 747 1073 801 novi
1103 747 1296 814 zelum,
1322 748 1670 818 vigilantiam,
1698 762 1909 814 cursus,

323 840 513 894 anima:
541 838 798 906 laborem,
830 838 1097 907 fiduciam,
1143 841 1466 908 libertatem,
1499 858 1600 912 qua
1646 841 1912 912 episcopis

325 932 584 997 restitisti,
617 947 737 986 cum
787 940 994 1002 tempus
1022 932 1074 986 id
1103 934 1433 1003 requireret,
1466 935 1675 991 tametsi
1701 949 1821 988 cum
1848 949 1911 988 ca

327 1038 423 1092 qua
453 1023 631 1078 decuit
659 1023 1038 1078 moderatione.
1086 1025 1160 1079 Ac
1187 1025 1465 1080 laudabam
1502 1034 1563 1080 te
1590 1025 1802 1096 quidem
1844 1026 1912 1080 ob

324 1117 438 1174 htec
467 1126 609 1172 tanta
639 1127 810 1188 gesta,
829 1117 998 1172 multo
1029 1133 1156 1173 vero
1177 1119 1405 1188 amplius
1433 1134 1595 1184 nunc,
1619 1133 1762 1185 cum,
1790 1117 1915 1172 licet

324 1225 483 1266 nemo
500 1209 617 1263 istic
639 1218 690 1263 te
719 1209 952 1278 adjuvet,
1007 1208 1102 1264 sed
1131 1210 1218 1264 alii
1258 1208 1520 1280 fugerint,
1565 1210 1657 1264 alii
1696 1209 1915 1279 relegati

324 1304 450 1372 siut,
477 1305 569 1358 alii
607 1317 725 1358 sese
750 1303 1074 1371 abdiderint,
1106 1314 1161 1358 tu
1193 1304 1244 1359 in
1285 1305 1400 1360 acie
1426 1305 1574 1360 solus
1599 1313 1729 1367 stes,
1764 1304 1912 1372 ejus-

325 1411 429 1468 que
451 1395 681 1452 frontem
709 1411 890 1464 ornes,
924 1412 1022 1452 nec
1047 1398 1214 1452 ullum
1231 1397 1435 1453 ordinis
1461 1397 1791 1452 desertorem
1819 1395 1916 1451 fie-

327 1489 372 1544 ri
385 1489 547 1557 sinas,
578 1487 671 1543 sed
687 1503 782 1543 eos
797 1488 956 1543 etiam
977 1487 1067 1558 qui
1086 1487 1512 1544 adversariorum
1525 1496 1705 1558 partes
1723 1501 1917 1557 seque-

324 1579 536 1646 bantur,
567 1579 801 1651 quotidie
825 1579 890 1634 ad
922 1589 1037 1634 tuas
1065 1580 1195 1634 mira
1217 1579 1478 1634 suavitate
1508 1578 1776 1634 traducas.
1805 1576 1913 1632 Ne-

325 1690 429 1746 que
451 1683 503 1728 te
530 1684 744 1744 propter
773 1673 888 1730 haec
919 1673 1080 1729 laudo
1109 1683 1334 1742 tantum,
1375 1674 1470 1730 sed
1498 1675 1660 1730 etiam
1689 1673 1828 1744 quod
1861 1674 1913 1729 in

325 1781 432 1822 uno
460 1765 782 1821 constitutus
817 1766 960 1833 luco,
993 1766 1224 1822 universi
1255 1775 1521 1821 terrarum
1559 1768 1707 1822 orbis
1730 1781 1914 1821 curam

324 1873 500 1928 geras,
522 1857 836 1926 Palaestinae,
860 1857 1166 1925 thnicim,
1193 1859 1392 1914 Cilicia:
1413 1859 1770 1930 negotiorum,
1796 1874 1918 1930 quae

327 1949 662 2018 potissimum
699 1963 889 2004 curare
915 1947 1100 2004 debes.
1131 1948 1264 2003 Nam
1294 1949 1563 2004 Palaestini
1591 1949 1804 2019 quidem
1853 1964 1918 2004 ac

326 2040 629 2108 Phtenices,
660 2050 719 2096 ut
739 2040 906 2110 probe
934 2041 1080 2108 novi,
1102 2039 1373 2096 hominem
1395 2040 1541 2096 illum
1567 2039 1635 2096 ab
1661 2041 1917 2098 adversa-

327 2132 423 2188 riis
448 2133 671 2188 missum
699 2148 806 2188 non
836 2133 1193 2198 admiserunt;
1223 2131 1475 2204 Egensis
1505 2143 1683 2189 autem
1709 2142 1764 2190 et
1783 2133 1917 2188 Tar-

326 2224 501 2278 sensis
534 2237 564 2277 a
594 2223 836 2294 partibus
863 2223 1074 2279 illorum
1103 2233 1266 2292 stant,
1297 2232 1357 2280 ut
1383 2224 1582 2292 audivi,
1627 2231 1684 2279 et
1733 2224 1919 2279 admo-

331 2317 738 2387 nuitquemdam
756 2333 820 2373 ex
849 2319 1036 2373 amicis
1052 2319 1252 2374 nostris
1277 2318 1679 2374 Castabalorum
1702 2318 1778 2392 (a)
1803 2321 1920 2390 epi-

327 2423 523 2479 scopus
545 2450 563 2476 ,
593 2410 738 2480 ipsos
757 2424 787 2464 a
809 2409 1407 2480 Constantinopolitanis
1428 2413 1543 2480 cogi
1573 2411 1784 2465 illorum
1814 2410 1918 2465 ini-

328 2502 517 2572 quitati
542 2502 814 2569 assentiri,
845 2503 938 2557 sed
963 2486 1174 2557 interim
1199 2512 1374 2558 tamen
1397 2501 1669 2558 resistere.
1698 2501 1915 2558 Multam

330 2595 489 2666 igitur
515 2594 772 2650 adhibeas
823 2594 1235 2650 sollicitudinem
1296 2602 1533 2664 Oportet,
1593 2593 1919 2664 vigilantiam

331 2687 576 2751 multam,
605 2697 663 2742 ut
689 2687 813 2742 huic
849 2703 1062 2759 quoque
1091 2688 1226 2758 parti
1258 2687 1553 2742 remedium
1583 2686 1772 2742 afferas
1794 2727 1810 2754 ,
1865 2694 1923 2742 et

331 2779 398 2835 ad
427 2779 808 2836 consobrinum
848 2790 1017 2846 tuum,
1051 2780 1324 2835 dominum
1369 2795 1546 2834 meum
1577 2777 1918 2834 Theodorum

331 2877 640 2943 episcopum
683 2871 906 2926 scribas.
962 2871 1091 2940 Qua:
1141 2870 1209 2926 ad
1254 2870 1592 2926 Pharetrium
1634 2877 1917 2939 spectant,

333 2961 554 3018 molesta
577 2961 730 3017 valde
758 2969 884 3017 sunt
923 2972 978 3017 et
1015 2962 1184 3016 tristia
1223 2969 1626 3016 :verumtamen
1661 2975 1782 3016 cum
1803 2961 1920 3032 ejus

332 3053 630 3124 presbyteri
652 3069 824 3123 neque
843 3054 1220 3108 commercium
1247 3063 1302 3108 et
1333 3051 1771 3108 consuetudinem
1798 3067 1920 3108 cum

333 3147 656 3204 adversariis
672 3147 974 3216 habuerint,
1002 3159 1058 3203 ut
1082 3149 1183 3218 ais,
1204 3165 1378 3220 neque
1407 3165 1528 3206 cum
1552 3149 1656 3205 illis
1679 3165 1925 3206 commu-

337 3239 516 3294 nicare
543 3242 844 3307 statuerint,
867 3241 985 3306 sed,
1017 3249 1074 3295 ut
1093 3240 1296 3306 dicunt,
1329 3241 1503 3296 adhuc
1533 3249 1725 3297 stenta
1751 3242 1922 3312 parti-

337 3332 437 3387 bus
458 3333 676 3393 nostris,
697 3331 831 3386 nihil
859 3332 1050 3387 horum
1078 3347 1197 3387 cum
1222 3332 1327 3387 illis
1343 3333 1705 3388 communices
1730 3348 1928 3404 :quan-

337 3424 620 3496 doquidem
651 3440 769 3495 qua:
817 3425 870 3479 in
908 3439 1006 3479 nos
1039 3426 1308 3480 commisit
1348 3425 1678 3492 Pharetrius,
1720 3427 1920 3482 nullam

337 3517 557 3570 omnino
585 3518 796 3571 veniam
825 3525 1122 3572 merentur.
1153 3515 1342 3572 Clerus
1369 3525 1515 3572 certe
1540 3517 1708 3586 ipsius
1745 3519 1923 3574 omnis

337 3617 393 3662 et
411 3623 552 3678 :rgre
581 3607 806 3677 ferebatJ
828 3616 884 3664 et
909 3609 1174 3678 gemebat,
1205 3623 1268 3664 ac
1298 3618 1439 3664 totus
1486 3611 1538 3665 in
1563 3620 1771 3667 nostras
1801 3627 1930 3683 par-

338 3710 422 3755 tes
450 3699 628 3754 animo
658 3700 937 3755 transibat.
968 3700 1074 3756 Sed
1105 3716 1172 3756 ne
1201 3699 1337 3756 forte
1375 3701 1430 3756 in
1463 3717 1624 3757 causa
1647 3703 1835 3770 simus,
1866 3713 1926 3759 ut

338 3793 392 3847 hi
424 3794 682 3860 resiliant,
711 3802 766 3848 et
791 3794 1090 3864 asperiores
1118 3792 1430 3859 reddantur,
1491 3794 1579 3848 ubi
1620 3803 1812 3848 cuncta
1858 3810 1924 3850 ex

338 3886 573 3957 prmfecti
602 3887 855 3943 militibus
879 3887 1212 3958 cognoveris,
1242 3902 1304 3942 ea
1335 3886 1474 3959 apud
1511 3896 1562 3942 te
1585 3887 1830 3954 contine,
1861 3903 1925 3943 ac

338 3978 741 4047 perhumaniter
765 3978 884 4034 illos
907 3987 1108 4045 tracta;
1140 3979 1263 4034 novi
1289 3981 1485 4050 quippe
1501 3996 1658 4050 quam
1690 3980 1925 4050 prudens

317 4065 414 4126 "sis
441 4085 503 4125 ac
523 4069 776 4140 providus
795 4112 809 4136 ,
841 4071 995 4141 eique
1014 4071 1277 4141 significa,
1305 4085 1402 4126 nos
1426 4086 1636 4142 quoque
1659 4071 1927 4128 audivisse

336 4164 564 4218 multum
609 4163 780 4233 ipsum
813 4163 876 4217 iis
904 4179 1023 4233 qua:
1049 4163 1386 4234 contigerant
1414 4162 1804 4229 indoluisse,ac
1832 4179 1926 4233 pa-

338 4262 515 4309 ratum
551 4253 712 4309 fuisse
737 4254 947 4324 quidvis
976 4255 1107 4324 pati,
1153 4264 1209 4309 ut
1237 4254 1414 4309 omnia
1443 4255 1529 4308 illa
1573 4271 1692 4324 qure
1723 4255 1928 4311 nefarie

336 4354 687 4416 suntpatrata
713 4346 1057 4401 sarcireutur.
1099 4345 1264 4400 Nobis
1303 4361 1497 4416 corpus
1537 4345 1737 4417 optime
1765 4346 1924 4413 valet,

339 4454 404 4494 ac
431 4439 685 4510 reliquias
707 4439 882 4495 morbi
911 4439 1247 4510 depulimus:
1272 4455 1391 4495 cum
1415 4455 1542 4496 vero
1559 4441 1650 4495 tibi
1675 4440 1774 4495 hoc
1795 4456 1929 4512 quo-

342 4546 447 4602 que
473 4547 619 4588 cura:
643 4547 766 4587 esse
793 4533 1110 4604 cogitamus,
1138 4547 1246 4588 non
1274 4531 1595 4588 mediocrem
1637 4533 1798 4589 etiam
1826 4548 1928 4588 no-

342 4626 427 4681 bis
453 4627 788 4682 occasionem
817 4627 869 4681 id
890 4626 1045 4682 affert
1065 4627 1326 4690 sanitatis,
1346 4625 1487 4696 quod
1511 4634 1615 4680 tam
1635 4624 1932 4682 vehemen-

342 4725 452 4773 tem
476 4728 769 4774 amatorem
794 4718 933 4773 nacti
951 4719 1138 4774 simus.
1181 4718 1320 4774 Deus
1345 4717 1438 4772 tibi
1461 4719 1588 4772 tanti
1615 4717 1798 4785 studii,
1834 4733 1932 4774 ca-

342 4810 538 4877 ritatis,
567 4810 692 4879 teli,
712 4810 997 4882 vigilantiae
1023 4809 1342 4879 mercedem,
1389 4824 1510 4865 cum
1537 4809 1592 4864 in
1622 4808 1723 4888 hoc
1743 4849 1760 4875 ,
1817 4817 1930 4865 tum

411 4945 482 5006 (α)
504 4943 632 5008 fteg.
648 4949 706 5008 et.
721 4941 943 5008 Sensim”
961 4941 1286 5008 Κασςταὸάλῳν
1300 4936 1726 5008 (Castabalorttm);
1742 4938 1897 5008 vatio.
1907 4975 1923 5002 ,

349 5001 650 5058 Κάτὰᾶϋςῶν
693 5001 1098 5061 (Catabalorum),
1121 5008 1174 5050 et
1197 5001 1259 5050 ad
1285 5001 1552 5061 marginem
1595 5001 1928 5051 Kaas'aGélwv

348 5067 660 5118 emendatur.
691 5062 901 5121 Fabric.,
935 5065 1214 5111 Καστάλων.
1242 5062 1436 5121 Morel.,
1479 5063 1515 5110 Γ
1517 5063 1723 5109 αὸάλων.
1769 5064 1926 5121 Quam

351 5127 621 5180 lcetionem
645 5123 996 5187 expunximus,
1027 5138 1124 5172 non
1149 5123 1292 5172 modo
1315 5125 1607 5187 auctoritate
1654 5123 1764 5171 Mss.
1795 5137 1924 5187 pene

351 5189 595 5250 omnium,
619 5185 884 5236 sed'etiam
905 5185 1018 5252 quia
1047 5199 1156 5234 cum
1184 5198 1296 5252 vera
1329 5185 1525 5252 historia
1565 5191 1809 5252 pugnaret
1833 5186 1929 5252 (ia-

352 5255 417 5320 ba
438 5246 590 5320 orum
606 5246 1014 5320 episcopum,’q‘ui_
1043 5256 1160 5297 tunc
1181 5246 1486 5320 Severianus
1510 5251 1634 5320 erat,
1652 5246 1804 5320 inter
1827 5249 1929 5308 pri-

353 5313 614 5375 mipilares
639 5311 945 5377 inimicorum
967 5311 1437 5377 Chrysostomitunc
1459 5311 1670 5377 marime
1695 5321 1930 5377 numera-

356 5369 456 5435 ius,
481 5380 604 5422 clam
627 5376 870 5422 monuisse
893 5369 1078 5421 amicos
1096 5369 1236 5421 illius
1258 5369 1350 5420 sibi
1370 5370 1468 5435 vim
1487 5369 1674 5435 inferri,
1701 5377 1756 5417 ut
1774 5369 1933 5431 gestis

354 5431 458 5486 illis
470 5442 645 5500 contra
659 5435 1358 5500 A(_‘.hry_sostomumﬁannueret,
1382 5431 1471 5479 sed
1491 5433 1926 5500 hactenusuamen

358 5492 942 5568 restitissent-Imitatur
966 5494 1042 5542 hic
1059 5492 1431 5568 gustabaiorum
1455 5492 1790 5568 episcopusjn
1813 5492 1932 5542 Cili-

358 5560 455 5611 cia,
489 5555 750 5618 quietiam
792 5552 872 5604 hic
894 5567 1004 5604 cum
1026 5553 1136 5603 aliis
1175 5553 1360 5607 Cilicia
1399 5552 1662 5618 epiScopis,
1701 5552 1935 5616 ligatum

362 5617 561 5670 scilicet
586 5624 640 5668 et
661 5617 820 5679 Tarsi,
846 5621 1158 5676 recensetur.

1822 171 2196 236 εριετοιιε.

3497 188 3606 244 726

2030 293 2081 348 in
2105 293 2282 350 futuro
2304 294 2500 352 smcuio
2524 299 2803 366 retribuat,
2828 307 2985 370 teque
3013 300 3236 368 muniat,
3264 313 3524 373 protegat,
3553 315 3607 360 et

2019 389 2302 455 custodiat,
2330 398 2492 460 atque
2518 406 2710 446 arcana
2741 393 2829 448 illa
2873 393 3011 448 bona
3045 394 3138 448 tibi
3169 394 3610 465 largiatur.Faxit

2019 496 2198 540 autem
2225 493 2329 551 ,.ut
2358 500 2456 540 nos
2504 487 3181 557 quoquejucundissimam
3232 487 3420 543 faciem
3461 495 3605 544 tuam

2022 575 2212 630 intueri
2244 578 2636 648 quamprimum
2668 581 2954 648 possimus,
2985 579 3125 634 dulci
3153 580 3330 634 anima
3371 590 3459 635 tua
3507 595 3607 650 po-

2022 669 2128 732 tiri,
2159 684 2222 725 ac
2249 669 2665 738 pulcherrimum
2690 672 2790 726 hoc
2815 671 3010 727 festum
3038 689 3215 743 agere.
3250 673 3366 729 Non
3391 675 3532 728 enim
3556 683 3610 729 te

2021 759 2149 815 latet
2172 776 2270 830 pro
2301 761 2435 816 festo
2465 779 2526 818 ac
2560 764 2899 820 solemnitate
2925 781 3022 820 nos
3066 765 3282 831 habere,
3318 777 3374 822 ut
3399 769 3609 822 suavis-

2019 852 2156 908 simo
2191 853 2476 924 multisque
2513 855 2670 910 bonis
2697 856 3014 911 redundanti
3052 873 3342 928 congressu
3385 866 3476 914 tuo
3519 860 3608 914 di-

2019 958 2266 1014 gnemur,
2309 957 2359 1000 et
2384 963 2574 1001 rursus
2596 947 2856 1003 fruamur.

2092 1035 2247 1090 CCV.
2278 1039 2513 1092 Anatolio
2553 1041 2895 1110 prtefectiano.
2929 1040 3167 1112 (Cucuso
3205 1057 3344 1096 anno
3370 1041 3534 1110 405.)

2089 1130 2225 1187 Sero
2249 1132 2464 1201 quidem
2486 1142 2541 1187 et
2570 1149 2736 1204 pauca
2758 1134 2822 1188 ad
2853 1136 3181 1190 nobilitatem
3216 1145 3360 1190 tuam
3390 1136 3606 1190 scribo:

2021 1232 2388 1278 verumtamen
2419 1239 2523 1278 non
2572 1225 2912 1295 negligentia,
2967 1226 3062 1281 sed
3090 1227 3294 1296 prolixa
3348 1228 3608 1297 argritudo

2022 1317 2262 1385 corporis
2284 1316 2481 1371 silentii
2512 1332 2727 1372 causam
2754 1319 2932 1371 attulit
2965 1335 2980 1373 :
3021 1318 3215 1388 alioqui
3241 1329 3497 1388 perpetuo
3522 1335 3612 1372 ca-

2021 1410 2176 1464 ritate
2205 1409 2435 1464 devincti
2463 1419 2635 1464 tecum
2663 1425 2870 1477 sumus,
2903 1418 3086 1480 utpote
3103 1411 3295 1480 quibus
3326 1421 3608 1481 perspecta

2021 1504 2089 1558 sit
2131 1503 2370 1558 caritatis
2398 1513 2502 1557 ture
2527 1503 2830 1570 sinceritas,
2857 1513 2912 1558 et
2941 1505 3272 1575 ingenuitas,
3303 1504 3506 1560 candor
3547 1519 3611 1561 ac

2023 1599 2225 1665 puritas
2245 1598 2408 1652 animi
2442 1599 2535 1653 tui.
2561 1600 2744 1671 Neque
2769 1601 3064 1656 desinimus
3091 1600 3230 1672 apud
3253 1617 3441 1656 omnes
3457 1615 3608 1654 amo-

2021 1705 2136 1743 rem
2165 1690 2480 1760 praedicare,
2523 1707 2684 1762 quem
2742 1708 2866 1763 erga
2908 1709 3007 1748 nos
3049 1695 3164 1747 sine
3216 1693 3614 1748 intermissione

2025 1795 2128 1834 non
2160 1791 2450 1850 prmsentes
2474 1783 2668 1848 solum,
2705 1784 2797 1839 sed
2825 1784 2987 1838 etiam
3015 1784 3263 1838 absentes
3284 1799 3391 1854 pra:
3416 1799 3474 1839 se
3496 1785 3613 1838 tulit

2024 1879 2111 1926 tua
2141 1873 2389 1929 nobilitas
2421 1891 2434 1928 :
2467 1890 2571 1930 non
2603 1877 2744 1931 enim
2773 1890 2868 1930 nos
2892 1875 3024 1947 fugit
3055 1886 3169 1948 post
3195 1877 3488 1932 discessum
3512 1893 3614 1931 no-

2023 1973 2214 2032 strum,
2243 1973 2438 2035 quanta
2471 1978 2650 2021 nostra
2672 1982 2828 2022 causa
2853 1969 3024 2024 facere
3041 1983 3102 2023 ac
3122 1968 3612 2024 dicere’studueris.

2026 2055 2165 2110 Deus
2200 2056 2291 2111 tibi
2313 2057 2444 2112 tanti
2465 2058 2624 2113 studii
2655 2060 2979 2127 mercedem,
3007 2076 3130 2116 cum
3179 2061 3229 2115 in
3264 2063 3384 2127 hoc,
3411 2069 3522 2115 tum
3554 2062 3606 2115 in

2025 2147 2203 2203 futuro
2226 2165 2342 2204 aevo
2371 2151 2652 2220 rependat.
2691 2151 3072 2208 Verumtamen
3105 2161 3163 2206 ut
3184 2151 3440 2221 majorem
3485 2151 3616 2206 hau-

2025 2241 2224 2297 riamus
2252 2241 2430 2297 animo
2454 2243 2802 2313 voluptatem,
2832 2260 2936 2298 non
2958 2243 3130 2298 solum
3151 2243 3276 2297 dum
3307 2243 3612 2310 scribimus,

2025 2335 2119 2389 sed
2151 2335 2309 2390 etiam
2335 2335 2462 2390 dum
2490 2335 2673 2392 literas
2699 2351 2728 2390 a
2783 2345 2871 2390 tua
2905 2338 3168 2391 suavitate
3193 2337 3384 2391 missas
3412 2337 3610 2407 accipi-

2025 2440 2167 2492 mus,
2207 2426 2366 2493 felici,
2395 2440 2596 2496 quaeso,
2625 2426 2694 2482 de
2721 2436 2808 2482 tua
2841 2426 3140 2482 valetudine
3170 2428 3355 2482 nuntio
3398 2442 3497 2482 nos
3517 2443 3618 2482 ex-

2025 2517 2216 2584 hilara,
2257 2527 2316 2572 ut
2360 2518 2520 2573 etiam
2567 2518 2619 2572 in
2647 2518 2746 2573 hac
2779 2518 3034 2589 degentes
3057 2519 3344 2574 solitudine
3391 2520 3612 2574 multam

2025 2612 2446 2667 consolationem
2481 2612 2852 2681 percipiamus.
2883 2611 2938 2666 Si
2965 2613 3107 2666 enim
3138 2621 3240 2666 tute
3273 2611 3508 2666 caritatis
3530 2627 3614 2666 re-

2026 2704 2285 2774 cipiamus
2322 2686 2623 2772 epistolam,
2664 2719 2785 2772 qua:
2811 2702 2881 2758 de
2923 2711 3010 2757 tua
3038 2705 3263 2758 sanitate
3293 2709 3635 2773 tuorumque

2027 2795 2263 2849 omnium
2311 2795 2727 2865 propinquorum
2755 2795 3013 2850 certiores
3041 2809 3140 2850 nos
3180 2795 3376 2859 faciat,
3409 2794 3613 2860 multo,

2027 2889 2185 2944 etiam
2216 2888 2340 2944 dum
2371 2889 2425 2943 in
2454 2896 2636 2944 extera
2666 2888 2880 2960 regione
2905 2903 3214 2954 versamur,
3259 2887 3450 2944 solatio
3493 2902 3615 2958 pcr-

2028 2979 2285 3036 fruemur.

2135 3134 2323 3192 CCVI.
2378 3134 2641 3191 Theodoto
2671 3135 2902 3191 diacono.
2932 3132 3166 3207 (Cucuso
3189 3147 3331 3188 anno
3356 3129 3506 3202 404.)

2103 3269 2217 3324 Etsi
2247 3269 2422 3341 gravis
2443 3285 2583 3324 nunc
2605 3269 2796 3324 hiemis
2815 3268 2972 3323 satvit
2987 3267 3245 3337 asperitas
3262 3307 3276 3331 ,
3300 3275 3353 3321 et
3377 3265 3442 3320 ad
3471 3282 3618 3322 sum-

2029 3376 2177 3415 mum
2206 3359 2471 3430 fastigium
2503 3368 2584 3414 est
2613 3370 2823 3425 evecta,
2858 3373 3031 3427 neque
3054 3359 3216 3413 ullum
3259 3365 3474 3412 cessant
3503 3371 3616 3411 mo-

2031 3466 2155 3506 vere
2186 3449 2439 3520 lapidem,
2486 3451 2574 3521 qui
2607 3449 2876 3506 Ecclesias
2903 3449 3112 3505 Gothiae
3165 3448 3482 3504 labefactare
3524 3463 3616 3502 co-

2031 3551 2258 3610 nantur,
2307 3542 2432 3597 dum
2469 3543 2701 3613 undique
2747 3541 3099 3597 discurrunt:
3135 3554 3231 3595 vos
3274 3549 3450 3593 tamen
3497 3554 3617 3609 qua:

2029 3648 2326 3693 vestrarum
2374 3647 2498 3692 sunt
2528 3638 2754 3708 partium
2785 3645 3042 3707 prtestare
3069 3650 3136 3690 ne
3161 3633 3435 3689 desinatis.
3469 3633 3617 3688 Licet

2030 3731 2174 3785 enim
2227 3729 2488 3784 nihildum
2541 3728 2702 3784 fuerit
2747 3737 2923 3782 vestra
2967 3727 3252 3781 sedulitate
3295 3723 3618 3794 perfectum,

2030 3821 2172 3891 quod
2203 3836 2308 3876 non
2333 3821 2602 3887 existimo,
2631 3819 2782 3876 vobis
2803 3828 2981 3875 tamen
3010 3820 3080 3874 ob
3114 3819 3256 3874 hunc
3297 3818 3532 3873 animum
3564 3830 3618 3874 et

2034 3915 2360 3986 propositum
2390 3915 2544 3984 plena
2568 3922 2623 3968 et
2644 3914 2912 3969 cumulata
2958 3928 3164 3969 merces
3189 3915 3296 3982 jam
3322 3920 3407 3968 est
3445 3928 3476 3967 a
3521 3911 3615 3966 be-

2031 4009 2194 4078 nigno
2227 4008 2335 4063 Deo
2372 4008 2676 4063 constituta.
2726 4006 2846 4062 Noli
2888 4021 3016 4078 ergo
3057 4007 3354 4077 defatigari,
3401 4005 3618 4071 dilecte,

2033 4099 2160 4155 dum
2188 4099 2396 4166 studes,
2417 4099 2541 4154 dum
2559 4099 2822 4154 sollicitus
2841 4111 2921 4165 es,
2942 4107 2995 4152 et
3020 4113 3203 4153 curam
3227 4113 3440 4153 omnem
3469 4096 3621 4151 adhi-

2033 4191 2150 4256 bes,
2177 4205 2300 4245 cum
2334 4206 2428 4260 per
2455 4201 2526 4255 te,
2574 4199 2683 4244 tum
2715 4205 2811 4260 per
2835 4204 3201 4260 quoscumque
3224 4189 3358 4244 alios
3384 4188 3619 4251 licuerit,

2035 4291 2094 4339 ut
2125 4283 2294 4338 turbae
2319 4283 2437 4338 istic
2480 4297 2544 4339 ac
2574 4284 2832 4337 tumultus
2857 4297 2964 4336 non
3005 4283 3322 4337 excitentur.
3350 4279 3455 4337 Sed
3494 4288 3621 4334 ante

2032 4379 2212 4434 omnia
2239 4386 2412 4444 orate,
2449 4392 2622 4447 neque
2641 4376 2869 4432 assiduis
2887 4374 3135 4446 precibus
3156 4389 3276 4430 cum
3301 4387 3368 4430 eo
3395 4388 3501 4444 quo
3525 4387 3621 4443 par

2033 4480 2118 4526 est
2143 4469 2321 4526 studio
2345 4484 2376 4523 a
2420 4468 2652 4540 benigno
2682 4467 2790 4522 Deo
2822 4466 3087 4537 postulare
3111 4465 3357 4531 desinite,
3414 4473 3471 4519 ut
3499 4479 3623 4534 qua:

2034 4563 2180 4620 illata
2219 4573 2343 4620 sunt
2373 4577 2514 4618 nunc
2557 4562 2696 4617 mala
2717 4559 2970 4632 depellat,
2997 4574 3059 4615 ac
3099 4559 3318 4614 multam
3365 4557 3624 4613 Ecclesiis

2035 4655 2306 4726 altamque
2333 4670 2515 4726 pacem
2543 4653 2817 4724 largiatur.
2849 4651 3065 4707 Interim
3113 4652 3324 4716 saltem,
3355 4649 3496 4719 quod
3527 4664 3623 4702 an-

2037 4756 2120 4803 tea
2141 4748 2349 4818 scripsi,
2379 4747 2523 4802 omni
2570 4761 2672 4816 ape
2719 4753 3019 4814 conataque
3061 4743 3385 4809 contendite,
3436 4751 3494 4798 ut
3523 4757 3622 4797 ne-

2034 4841 2180 4911 gotio
2207 4839 2515 4894 dilationem
2543 4838 2774 4908 aliquam
2819 4835 3125 4891 obtineatis.
3168 4834 3250 4890 Tu
3296 4850 3447 4902 vero,
3490 4833 3620 4888 dum

2036 4933 2153 4987 istic
2181 4946 2261 4998 es,
2288 4931 2506 4987 crebras
2530 4930 2597 4984 ad
2647 4943 2745 4984 nos
2771 4929 2950 4984 literas
2990 4928 3158 4982 mitte.

2035 5067 2258 5127 CCVII.
2293 5067 2558 5123 Monacltt’s
2605 5064 2783 5120 Gothis
2822 5064 2910 5134 qui
2965 5063 3016 5116 in
3071 5060 3306 5116 Promoti
3348 5075 3473 5131 agro
3530 5059 3630 5113 de-

2391 5169 2513 5232 gunt
2541 5156 2637 5230 (a).
2673 5157 2918 5227 (Cucuso
2941 5171 3083 5211 anno
3111 5154 3262 5226 40L)

2108 5299 2403 5367 Antequam
2427 5306 2636 5350 vestras
2656 5292 2837 5348 literas
2861 5291 3207 5362 accepissem,
3230 5297 3457 5360 quantas
3481 5284 3641 5354 passi

2100 5431 2176 5543 (ει)
2206 5439 2368 5481 Graece
2405 5428 2606 5494 legitur,
2627 5445 2704 5487 τοις
2727 5441 2762 5479 ιν
2783 5443 2860 5484 τοϊς
2881 5441 3083 5496 Imma,
3104 5423 3231 5488 quod
3270 5420 3461 5495 nonnisi
3509 5417 3666 5463 diVi—

2102 5509 2130 5542 n
2165 5508 2196 5543 o
2216 5501 2416 5543 vertere
2441 5505 2708 5543 uossumus.
2734 5492 2786 5541 in
2810 5495 3019 5538 Pronwtt
3041 5500 3175 5543 agro.
3212 5493 3324 5535 Nam
3351 5482 3514 5533 Billlus
3547 5490 3666 5535 (tua

2037 5482 2196 5545 nando
2216 5501 2416 5543 vertere
2441 5482 2708 5552 possumus,
2734 5492 2786 5541 in
2810 5482 3019 5538 "arma
3041 5482 3175 5548 agr'o.
3207 5493 3324 5552 tiam
3351 5482 3514 5533 Billlus
3536 5490 3674 5552 uti}

2038 5558 2186 5606 vertit
2207 5557 2257 5605 in
2274 5547 2557 5604 Itonasterio
2576 5547 2798 5610 Prnnioti,
2823 5565 2900 5608 τοῖς
2925 5564 2959 5600 ιν
2981 5547 3167 5610 unam
3206 5547 3672 5610 legeral._0"““f".

2040 5617 2255 5671 secundo
2276 5617 2477 5670 articulo
2493 5630 2528 5670 ιν
2550 5632 2625 5676 τοις
2644 5629 2848 5680 “pisum,
2872 5611 3000 5678 quod

3441 5889 3615 6045 Af"

3022 5601 3086 5661 de
3109 5601 3394 5659 Immsierio
3407 5601 3410 5602 ⁷
3423 5605 3602 5654 1³1⁵0ωο
3613 5601 3724 5654 ti
