4064 6218
432 280 538 338 79.1

431 396 641 452 {ueritis
708 394 1058 458 alﬁic-tiones,
1115 398 1340 462 quantas
1379 389 1740 456 tentationes,
1797 394 2020 456 quantas

358 475 365 484 ’
440 485 730 559 molestias,
752 486 863 556 jam
912 497 1262 554 cognoveram
1298 499 1310 535 :
1341 496 1513 551 eoque
1540 481 1755 534 nomine
1784 492 1878 532 vos
1899 477 2025 532 bea-

443 588 526 632 tos
553 577 840 632 admodum
862 591 1087 641 censeo,
1139 590 1260 630 cum
1291 573 1422 628 mihi
1451 573 1669 628 veniunt
1700 574 1751 627 in
1795 580 2026 626 mentem

443 683 681 734 coronze,
715 666 916 732 hrav-ia,
965 675 1020 721 et
1051 666 1268 736 praania
1311 680 1430 734 quae
1479 664 1630 718 vobis
1661 672 1930 734 parantur.
1961 661 2032 717 Ut

443 759 586 814 enim
620 758 732 823 illi,
763 759 854 828 qui
901 758 1052 814 vobis
1082 757 1301 812 insidias
1327 765 1558 820 struunt,
1590 770 1790 825 vosque
1820 764 2032 824 pertur-

445 851 592 913 bant,
643 866 807 920 grave
832 851 931 905 sibi
951 850 1204 920 judicium
1222 857 1522 916 accersunt,
1545 856 1600 904 et
1628 847 1801 917 ignem
1828 847 2035 918 gehen-

448 959 530 996 nae
558 942 716 1012 capiti
749 957 846 997 suo
872 941 1210 998 accumulant
1239 956 1254 992 :
1289 940 1358 993 ita
1384 954 1479 994 vos
1509 938 1598 1009 qui
1631 937 1754 992 talia
1772 937 2048 1008 patimini,‘

449 1033 667 1087 multam
697 1033 997 1087 mercedem
1021 1033 1348 1102 multamque
1391 1030 1797 1086 retributionem
1830 1029 2038 1084 obtine-

449 1125 592 1180 bitis.
623 1123 798 1180 Nolite
828 1124 985 1194 igitur
1010 1124 1242 1189 terreri,
1283 1123 1364 1178 vel
1397 1122 1519 1178 inde
1547 1122 1766 1188 turbari,
1792 1123 1884 1176 sed
1911 1137 2039 1192 gau-

451 1215 575 1268 dete
626 1225 682 1270 et
719 1214 1018 1280 exsultate,
1064 1214 1189 1268 dum
1235 1213 1582 1283 apostolicum
1615 1212 1777 1266 animi
1825 1227 2038 1266 sensum

453 1307 728 1372 retinetis,
784 1321 854 1360 ex
903 1322 1008 1376 quo
1036 1322 1136 1362 vox
1189 1307 1275 1360 illa
1317 1315 1616 1376 promanat,
1649 1304 1804 1359 Nunc
1847 1303 2041 1375 gaudeo

452 1401 503 1452 in
548 1401 863 1470 passionibus
911 1400 1032 1454 meis
1085 1399 1306 1471 (Coloss.
1345 1400 1395 1454 l.
1435 1399 1528 1472 24)
1554 1415 1568 1452 :
1599 1407 1654 1454 et
1685 1411 1891 1463 rursus,
1923 1395 2044 1450 Non

452 1490 613 1543 solum
635 1500 822 1553 autem,
847 1489 939 1543 sed
968 1499 1014 1542 et
1039 1489 1316 1558 gloriamur
1343 1490 1396 1543 in
1426 1486 1848 1552 tribulationibus,
1876 1486 2043 1540 scien-

454 1592 526 1636 tes
549 1581 685 1651 quod
714 1581 970 1635 tribulatio
997 1583 1291 1652 patientiam
1322 1589 1558 1652 aperatur
1575 1621 1590 1646 ,
1619 1580 1857 1649 patientia
1879 1587 2045 1632 autem

455 1673 798 1742 probationem
827 1672 1003 1743 (Rom.
1033 1674 1085 1729 5.
1109 1674 1165 1728 3.
1184 1674 1261 1743 4).
1308 1673 1644 1727 Probatiores
1683 1668 2045 1742 igitur'ell‘ecﬂ

458 1774 512 1819 et
540 1765 902 1835 opulentiores
932 1764 1233 1820 ctelestibus
1266 1765 1477 1833 opibus,
1524 1763 1646 1818 licet
1671 1762 1754 1816 his
1795 1763 2043 1832 graviora

457 1855 802 1926 contingant,
826 1855 1062 1924 amplius
1113 1853 1398 1910 exsultate.
1458 1851 1578 1906 Non
1607 1852 1750 1907 enim
1777 1851 2047 1920 condigna:

458 1957 574 2000 sunt
598 1947 860 2016 passiones
886 1947 1044 2017 hujus
1069 1947 1306 2017 temporis
1329 1945 1395 1998 ad
1423 1948 1646 2017 futuram
1673 1943 1916 2016 gloriam,
1935 1957 2050 2012 qua

457 2037 756 2092 revelabitur
793 2039 845 2092 in
892 2039 1032 2093 nobis
1061 2037 1221 2109 (Ibid.
1270 2037 1325 2092 8.
1359 2037 1470 2108 18).
1512 2036 1694 2106 Neque
1721 2049 1850 2091 vero
1895 2033 2050 2089 nobis

461 2129 638 2200 ignota
667 2138 750 2184 est
781 2130 1029 2199 patientia
1063 2139 1256 2195 vestra,
1289 2129 1563 2195 fortitudo,
1597 2129 1896 2194 tolerantia,
1933 2126 2050 2181 sin-

462 2221 903 2276 cerusetardens
928 2237 1100 2288 amor,
1119 2221 1390 2290 animique
1411 2219 1575 2275 vestri
1602 2219 1757 2273 ﬁrma
1776 2226 1832 2274 et
1855 2217 2049 2272 invicta

461 2312 780 2365 constantia.
823 2311 990 2378 Quam
1034 2311 1104 2365 ob
1143 2326 1359 2366 causam
1408 2310 1652 2380 ingentes
1681 2307 1831 2364 vobis
1857 2307 2052 2378 gratias

464 2402 692 2472 agimus,
741 2411 942 2457 etcum
964 2402 1158 2457 animis
1185 2403 1378 2458 vestris
1410 2409 1666 2472 perpetuo
1693 2400 1926 2456 devincti
1956 2414 2054 2453 su-

468 2509 589 2550 mus
605 2535 627 2562 ,
679 2510 854 2565 neque
879 2495 1240 2566 longinquitas
1268 2495 1472 2550 itineris
1503 2508 1599 2548 nos
1620 2507 1748 2563 erga
1775 2493 2051 2548 caritatem

468 2595 699 2641 vestram
729 2587 1141 2658 negligentiores
1178 2587 1292 2643 ullo
1319 2585 1476 2642 modo
1495 2585 1676 2641 efﬁcit.
1712 2584 1815 2642 Sed
1841 2594 1894 2640 et
1928 2600 2054 2654 gra-

470 2676 594 2732 tiam
623 2677 774 2732 mbis
800 2677 971 2733 habeo
994 2686 1214 2748 propter
1240 2678 1292 2733 id
1313 2677 1544 2733 studium
1561 2676 1700 2747 quod
1718 2675 2052 2744 exhibuistis,

466 2778 527 2824 ut
555 2771 733 2824 nullus
769 2769 821 2824 in
848 2769 1085 2825 Ecclesia
1115 2770 1410 2826 Gothorum
1443 2769 1700 2824 tumultus
1740 2768 1928 2834 ﬁeret,
1959 2767 2054 2822 sed

467 2862 726 2918 dilatione
753 2863 930 2933 aliqua
978 2864 1246 2933 negotium
1279 2862 1670 2919 extraheretur.
1713 2861 1898 2933 Neque
1932 2869 2055 2916 tan-

471 2961 581 3006 tum
611 2967 714 3008 non
745 2954 1101 3022 reprehendo,
1142 2952 1284 3023 quod
1326 2953 1595 3009 neminem
1635 2952 1913 3018 miseritis,
1961 2949 2058 3006 sed

472 3045 632 3099 etiam
665 3044 821 3099 laudo
838 3054 891 3099 et
911 3045 1164 3114 suspicio.
1195 3045 1313 3100 Hoc
1333 3045 1474 3100 ettim
1499 3043 1590 3098 illo
1610 3045 1778 3098 multo
1804 3051 1887 3104 est
1907 3051 2059 3113 opta-

477 3134 657 3200 bilius,
714 3144 773 3189 ut
820 3150 915 3189 vos
942 3150 1130 3190 omnes
1157 3136 1214 3190 in
1253 3134 1517 3206 ejusmodi
1544 3149 1678 3206 opus
1718 3133 2055 3189 incumbatis.

472 3225 646 3280 Nolite
674 3225 832 3295 igitur
872 3240 1085 3282 cessare
1128 3241 1246 3297 qua:
1271 3225 1436 3281 vestri
1465 3233 1589 3280 sunt
1616 3223 1854 3279 muneris
1893 3237 2057 3278 exse-

470 3319 588 3388 qui,
614 3326 724 3373 tum
753 3334 846 3388 per
871 3333 965 3373 vos
995 3319 1160 3388 ipsos,
1190 3327 1299 3374 tum
1346 3333 1441 3389 per
1465 3318 1598 3373 alios
1638 3333 1732 3387 per
1773 3331 2060 3388 quoscum-

470 3424 576 3479 que
604 3409 814 3474 licebit,
847 3417 905 3464 ut
939 3410 1210 3480 negotium
1241 3409 1494 3465 dilatione
1534 3408 1716 3478 aliqua
1742 3407 2059 3477 proteletur.

475 3499 606 3554 Nam
646 3500 758 3556 sive
802 3501 929 3571 quid
967 3500 1129 3556 fuerit
1165 3515 1328 3571 opera
1355 3509 1528 3556 vestra
1563 3498 1856 3570 perfectum
1885 3541 1900 3566 ,
1947 3499 2062 3554 sive

471 3607 602 3658 non,
633 3593 785 3660 plena
819 3602 875 3648 et
898 3593 1165 3649 cumulata
1197 3609 1401 3650 merces
1426 3595 1575 3648 vobis
1624 3593 1694 3648 ob
1719 3593 1857 3648 hanc
1885 3593 2053 3649 animi

477 3683 795 3737 sententiam
816 3691 872 3739 et
898 3683 1130 3739 studium
1149 3685 1529 3740 constituetur.

472 3791 732 3850 CCVIII.
774 3794 961 3850 Acacio
1009 3796 1321 3867 presbytero.
1391 3794 1618 3866 (Scripta
1660 3794 1728 3851 ab
1767 3765 1909 3852 anno
1954 3794 2062 3852 iet

1151 3888 1218 3942 ad
1248 3886 1397 3957 407.)

546 4000 628 4054 Tn
653 4000 745 4071 qui
780 4009 931 4058 tanto
957 4003 1125 4058 nostri
1174 4018 1358 4060 amore
1387 4003 1600 4075 ﬁagras,
1626 4012 1731 4060 tam
1762 4004 2064 4060 vehementi

477 4090 845 4146 benevolentia
871 4109 971 4149 nos
993 4096 1386 4165 complecteris,
1435 4110 1502 4152 ne
1551 4096 1822 4152 literarum
1849 4097 2062 4168 quidem

478 4198 580 4237 nos
605 4185 888 4254 participes
929 4195 1141 4241 tuorum
1178 4189 1326 4242 facis.
1355 4189 1514 4258 Atqui
1545 4189 1655 4259 jam
1690 4191 1855 4246 semel
1905 4199 2066 4262 atque

481 4277 673 4330 iterum
698 4275 765 4330 ad
799 4287 848 4332 te
868 4278 1213 4348 scripsimus;
1248 4286 1306 4334 tu
1337 4293 1464 4334 vero
1499 4280 1550 4334 in
1582 4280 1683 4335 hoc
1707 4281 1923 4352 segnior
1941 4296 2064 4336 eva-

482 4367 618 4423 sisti.
648 4368 780 4423 Cum
811 4368 968 4439 igitur
993 4370 1278 4441 intelligas,
1323 4378 1521 4441 quanto
1544 4385 1640 4425 nos
1678 4370 1937 4426 beneﬁcio
1965 4372 2065 4427 tibi

481 4459 835 4517 devineturns
877 4463 985 4530 sis,
1014 4462 1056 4518 si
1099 4462 1170 4518 de
1208 4471 1296 4518 tua
1327 4460 1630 4517 valetudine
1671 4462 1934 4518 certiores
1965 4477 2067 4518 nos

483 4552 700 4620 reddas,
726 4553 791 4608 da
813 4568 1053 4623 operam,
1082 4568 1284 4624 quaeso,
1314 4563 1372 4607 ut
1394 4567 1555 4623 quam
1575 4551 1854 4607 celerrime
1874 4551 1940 4607 ad
1969 4566 2068 4608 nos

481 4643 662 4700 literas
690 4643 890 4700 mittas.
918 4643 1033 4699 Non
1062 4646 1203 4700 enim
1247 4644 1504 4699 mediocri
1545 4643 1913 4699 consolatione
1941 4658 2070 4713 per-

484 4735 868 4803 mulcebimur,
921 4736 966 4791 si
1003 4736 1073 4792 de
1105 4736 1396 4791 amicorum
1427 4742 1733 4791 nostrorum
1757 4734 2064 4792 valetudine

483 4828 601 4884 sine
626 4829 1022 4886 intermissione
1061 4842 1391 4884 moneamur.

616 4959 806 5014 eux.
840 4961 1071 5016 Salriani
1091 4961 1187 5035 (α).
1218 4959 1340 5032 (Ab
1370 4975 1509 5014 anno
1538 4959 1643 5015 iet
1671 4959 1736 5014 ad
1765 4958 1913 5029 tor.)

553 5069 663 5124 Nos
688 5071 899 5142 quidem
922 5074 1016 5127 abs
1038 5084 1088 5128 te
1105 5073 1291 5140 amari,
1320 5089 1414 5128 seu
1431 5072 1650 5138 scribas,
1683 5088 1776 5128 seu
1804 5089 1908 5128 non
1931 5073 2068 5128 scri-

484 5197 744 5249 numquam
769 5185 1123 5247 interpreteris.
1146 5185 1381 5249 Palladius
1401 5186 1452 5234 in
1473 5186 1577 5234 vita
1599 5185 1932 5249 Chrysostomi,
1959 5198 2064 5248 cap.

485 5247 532 5304 4,
557 5252 754 5294 ttarsam
776 5255 1118 5297 commemorat
1142 5248 1345 5298 Promoti
1369 5260 1576 5296 uxorem
1600 5247 1792 5297 viduam
1811 5249 1938 5297 inter
1963 5247 2067 5304 eas,

483 5320 594 5370 qute
617 5307 949 5370 (,lhrysostotno
981 5311 1182 5360 infensa
1208 5317 1348 5359 erant
1373 5322 1387 5368 ;
1432 5309 1564 5358 unde
1588 5308 1713 5357 forte
1738 5311 1917 5357 inferas
1947 5307 2070 5358 hanc

484 5368 726 5432 nmnachis
746 5368 910 5432 Gothis
933 5372 982 5419 iu
1018 5383 1136 5432 agro
1157 5371 1236 5421 vel
1269 5370 1412 5419 fundo
1456 5384 1546 5420 suo
1588 5371 1737 5432 sedes
1779 5370 2071 5418 habentibus

485 5427 753 5496 smilestiam
776 5429 1014 5496 intulisse,
1031 5427 1200 5492 utpote
1221 5434 1540 5496 Cbrysostomi
1563 5431 1783 5491 asseclis;
1808 5438 1858 5480 at
1880 5433 1925 5480 id
1950 5444 2069 5479 non-

482 5493 572 5542 nisi
595 5489 909 5553 conjeetando
927 5489 1129 5542 dicatur.

558 5561 629 5619 (α)
659 5561 680 5602 \
698 5565 918 5622 attcanus
939 5562 996 5622 et.
1014 5559 1348 5622 h‘abric1_antts,
1375 5554 1605 5622 Γᾳλϐίῳνι
1639 5553 1928 5622 (Galbioni).
1973 5555 2068 5606 llic

527 5613 772 5668 oStremus
785 5616 907 5664 hanc
919 5613 1181 5676 epistolam
1201 5613 1276 5663 bis
1296 5616 1516 5663 continet
1535 5613 1914 5676 descriptam,et
1933 5625 2070 5666 utro-

527 5633 772 5668 Ostremus
785 5633 1179 5676 nauceptswzam
1201 5633 1276 5663 DIS
1296 5633 1516 5663 (εοηιιυει
1535 5633 1848 5676 υεδετιρωιῐι,
1861 5633 1914 5666 ΕΙ.
1933 5633 2070 5666 υῑΓΟ-

494 5633 648 5742 bique
674 5678 904 5742 Γαλόἱωνι
924 5673 1133 5742 legitur.
1160 5675 1485 5742 Sav.quoque
1505 5679 1554 5724 in'
1581 5683 1719 5742 textu
1737 5680 1962 5727 Γαὶσίωνι
1982 5681 2070 5728 ha-

497 5735 601 5803 bet,
612 5745 662 5792 in
679 5741 900 5803 margine
914 5735 1148 5788 Satvioni.
1169 5736 1202 5786 [ἰ
1213 5745 1282 5786 Ira
1295 5735 1442 5787 lectio
1455 5750 1570 5786 vera
1581 5741 1643 5788 sit
1656 5742 1868 5788 nondum
1891 5742 2065 5803 liquet.

1277 275 1337 332 S.
1371 272 1646 330 JOANNIS
1671 267 2142 328 CllRYSOSTOMl
2165 267 2483 327 ARCIllEP.
2523 267 3055 326 COXSTANTiNOP.

3629 261 3740 319 7‘23

2140 384 2257 454 bas,
2307 386 2470 456 probe
2513 386 2645 442 scio.
2686 384 2802 440 Non
2836 385 2976 450 enim
3003 390 3181 454 potest
3215 391 3321 437 tam
3350 380 3545 436 ardens
3574 395 3738 437 amor

2141 479 2192 532 in
2223 493 2319 532 nos
2370 487 2489 533 tuus
2514 494 2611 533 nos
2640 479 2826 543 latere,
2880 477 2973 532 sed
3019 476 3120 531 hoc
3171 489 3359 530 omnes
3400 473 3734 544 praedicant,

2137 569 2418 640 multique,
2472 569 2564 640 qui
2607 569 2765 624 istinc
2809 568 2876 622 ad
2925 583 3022 644 nos
3066 567 3373 635 adveniunt,
3428 566 3728 621 ferventem

2137 675 2200 715 ac
2240 662 2501 716 sinceram
2547 661 2700 716 nobis
2747 661 3020 716 caritatem
3057 669 3199 714 tuam
3237 661 3572 714 annuntiant.
3620 659 3732 714 Sed

2140 763 2194 806 et
2221 762 2530 822 optaremus
2559 767 2701 822 smpe
2745 753 2926 808 literas
2973 767 3004 806 a
3059 761 3149 807 tua
3178 752 3537 822 generositate
3590 753 3735 806 reci-

2139 859 2286 914 pere,
2318 845 2506 915 quibus
2541 843 2608 899 de
2652 855 2736 899 tua
2763 856 2818 900 et
2842 845 3071 899 domina:
3095 861 3231 900 mea:
3259 849 3439 900 uxoris
3477 855 3604 911 tusc,
3643 855 3736 899 to-

2143 937 2350 1006 tiusque
2393 935 2584 990 domus
2630 946 2732 990 tua:
2771 931 3365 992 valetudine'ﬁeremus
3420 938 3680 992 certiores
3718 955 3733 990 :

2141 1029 2246 1081 seis
2276 1028 2415 1082 enim
2445 1037 2642 1098 quanto
2671 1028 2723 1082 in
2755 1027 2907 1082 nobis
2949 1027 3126 1082 studio
3158 1028 3245 1082 sit.
3275 1029 3398 1082 llaec
3417 1028 3579 1098 igitur
3608 1044 3734 1082 cum

2146 1120 2236 1173 tibi
2260 1128 2533 1189 perspecta
2566 1119 2693 1184 sint,
2723 1118 2940 1174 domine
2982 1120 3055 1173 mi
3081 1119 3364 1189 plurimum
3388 1120 3737 1185 venerande,

2147 1211 2356 1264 tametsi
2387 1209 2600 1265 difﬁcile
2639 1217 2722 1266 est
2751 1210 2894 1281 quod
2922 1209 3170 1280 petimus,
3198 1226 3318 1264 cum
3349 1220 3561 1280 propter
3591 1221 3734 1266 tem-

2144 1319 2245 1375 pus
2280 1303 2582 1370 hibernum,
2635 1313 2747 1358 tum
2783 1303 2924 1375 quod
2977 1304 3132 1374 pauci
3183 1303 3248 1358 ad
3305 1319 3404 1358 nos
3446 1303 3735 1370 accedant,

2118 1412 2265 1451 \cum
2299 1397 2523 1462 licuerit,
2554 1413 2620 1452 ne
2650 1405 2700 1452 te
2726 1398 2897 1468 pigeat
2923 1397 2989 1452 ad
3017 1412 3116 1452 nos
3156 1397 3408 1460 scribere,
3462 1407 3625 1467 atque
3667 1414 3736 1452 ea

2147 1488 2448 1558 signiﬁcare
2477 1504 2596 1559 qua:
2623 1488 2930 1558 petivimus.
2983 1487 3223 1543 Vestram
3253 1489 3394 1543 enim
3451 1489 3738 1543 sanitatem

2151 1590 2205 1634 et
2229 1583 2570 1636 securitatem
2601 1591 2838 1636 nostram
2869 1596 2991 1636 esse
3019 1581 3262 1636 ducimus
3292 1581 3640 1650 opulentiam,
3672 1597 3741 1636 ac

2149 1669 2408 1735 laetitiam,
2432 1680 2589 1740 atque
2622 1671 2756 1726 adeo
2783 1671 2998 1726 uberem
3025 1671 3364 1741 voluptatem.
3392 1671 3535 1726 Cave
3579 1671 3742 1740 igitur

2153 1771 2296 1816 tanta
2326 1763 2596 1832 voluptate
2626 1778 2724 1818 nos
2753 1765 2951 1834 prives,
2977 1763 3071 1818 sed
3101 1764 3165 1818 iis
3192 1765 3280 1834 qui
3311 1773 3362 1818 te
3383 1764 3627 1834 impense
3650 1761 3740 1817 di-

2154 1853 2323 1923 ligunt
2351 1852 2489 1908 hanc
2536 1869 2632 1924 per
2670 1855 2852 1911 literas
2881 1855 3304 1909 consolationem
3344 1849 3588 1924 imperti,
3619 1870 3745 1925 qua:

2155 1953 2395 2003 nostrum
2422 1947 2638 2003 taedium
2664 1948 2856 2004 solatio
2890 1963 2994 2003 non
3021 1947 3276 2003 mediocri
3323 1947 3604 2018 mitigabit.

2389 2083 2543 2142 CCX.
2575 2084 2856 2140 Theodoro.
2886 2084 3139 2158 (Cucuso
3161 2101 3301 2142 anno
3323 2084 3488 2156 604.)

2225 2219 2444 2276 Miratus
2468 2235 2608 2288 sum,
2637 2222 2725 2293 qui
2779 2223 2972 2278 factum
3010 2222 3098 2289 sit,
3131 2231 3190 2277 ut
3237 2237 3304 2277 ex
3356 2221 3475 2275 aliis
3521 2220 3745 2276 Salustii

2157 2311 2453 2383 presbyteri
2485 2314 2857 2384 negligentiam
2877 2314 3247 2385 intelligerent.
3270 2313 3544 2383 Siquidem
3573 2314 3745 2384 signi-

2159 2403 2372 2458 ﬁcatum
2397 2404 2528 2458 mihi
2558 2413 2641 2460 est
2664 2407 2753 2460 vix
2785 2421 2907 2462 cum
2953 2406 3186 2476 quinque
3237 2405 3481 2460 homilias
3522 2405 3746 2460 Octobri

2159 2509 2346 2550 mense
2378 2495 2647 2565 habuisse,
2675 2504 2838 2568 atque
2863 2499 3035 2568 ipsum
3057 2507 3113 2553 et
3135 2497 3489 2569 Theophilum
3520 2499 3748 2569 presby-

2161 2596 2354 2654 terum,
2386 2590 2612 2645 alterum
2643 2606 2755 2660 prce
2793 2591 3020 2661 pigritia,
3052 2592 3275 2647 alterum
3308 2606 3416 2661 pra:
3469 2600 3616 2645 metu
3648 2592 3750 2646 mi-

2160 2677 2302 2733 nime
2331 2678 2397 2732 ad
2423 2679 2701 2736 collectam
2735 2685 2938 2737 venire.
2984 2681 3090 2738 Sed
3138 2682 3491 2752 Theophilum
3527 2682 3749 2753 quidem

2160 2782 2255 2838 per
2281 2770 2459 2824 literas
2479 2770 2843 2828 vehementius
2864 2773 3154 2844 increpavi,
3196 2773 3412 2830 Salustii
3436 2789 3564 2829 vero
3583 2789 3749 2830 causa

2161 2861 2227 2917 ad
2255 2865 2607 2918 reverentiam
2631 2873 2775 2918 tuam
2801 2866 2997 2934 scribo,
3026 2866 3166 2937 quod
3198 2866 3348 2920 illum
3377 2865 3472 2922 abs
3501 2874 3554 2922 te
3580 2867 3752 2921 vehe-

2163 2963 2370 3010 menter
2395 2957 2564 3011 amari
2593 2957 2757 3012 sciam
2785 2975 2799 3012 :
2829 2973 2986 3028 quam
3014 2957 3085 3013 ob
3116 2972 3334 3013 causam
3376 2973 3480 3012 non
3539 2959 3752 3013 medio-

2162 3045 2326 3100 criter
2345 3046 2554 3116 gaudeo
2574 3056 2628 3102 et
2650 3047 2909 3103 oblector.
2939 3047 3042 3104 Sed
3071 3059 3122 3104 et
3143 3063 3435 3104 succenseo
3464 3059 3568 3103 tum
3598 3064 3754 3104 rere-

2162 3137 2370 3204 rentiaa,
2403 3139 2543 3210 quod
2562 3139 2664 3196 hoc
2676 3140 2809 3195 mihi
2831 3156 2934 3196 non
2953 3140 3290 3196 manifestum
3312 3140 3632 3208 reddideris,
3661 3144 3754 3212 qui

2163 3231 2441 3288 debuisses
2490 3233 2663 3304 ipsum
2701 3235 2971 3306 corrigere
3002 3252 3016 3290 :
3045 3243 3292 3290 neutrum
3337 3243 3512 3289 tamen
3557 3234 3751 3289 horum

2166 3325 2482 3395 prtestitisti.
2511 3325 2663 3382 Nunc
2693 3343 2820 3400 ergo
2845 3329 3034 3383 saltem
3065 3343 3160 3383 oro
3189 3337 3261 3394 te,
3300 3343 3420 3383 cum
3471 3327 3583 3393 tibi,
3639 3337 3751 3383 tum

2165 3415 2318 3471 nobis
2346 3415 2482 3472 hanc
2502 3418 2787 3472 maximam
2807 3417 3040 3473 concede
3068 3417 3314 3488 gratiam,
3356 3427 3412 3473 ut
3461 3417 3751 3472 vehemen-

2164 3515 2250 3564 ter
2292 3507 2440 3563 illum
2495 3509 2717 3575 excites,
2765 3525 2939 3581 neque
2984 3509 3289 3566 obdormire
3316 3510 3612 3580 permittas,
3663 3520 3756 3562 aut

2165 3598 2342 3655 otiari.
2385 3599 2496 3655 Nisi
2546 3600 2688 3656 enim
2737 3615 2878 3656 nunc
2928 3600 2981 3655 in
3021 3600 3122 3655 hac
3168 3601 3498 3671 negotiorum
3527 3599 3753 3654 istorum

2166 3703 2482 3764 tempestate
2529 3710 2593 3752 ac
2639 3697 2873 3769 procella
2928 3699 3331 3753 convenientem
3385 3693 3754 3750 fortitudinem

2167 3812 2278 3867 pra:
2323 3803 2384 3844 se
2427 3793 2626 3858 tulerit,
2673 3791 2886 3864 quando
2910 3793 2987 3848 sic
3029 3791 3144 3862 ejus
3185 3805 3344 3860 opera
3372 3789 3756 3860 iudigebimus,

2167 3891 2258 3946 ubi
2287 3885 2641 3961 tranquillitas
2671 3895 2724 3943 ct
2749 3902 2851 3958 pax
2881 3885 3136 3942 redierit?
3169 3884 3245 3939 Te
3284 3883 3441 3953 igitur
3462 3882 3653 3936 hortor
3703 3889 3760 3935 ut

2167 3998 2285 4053 qua:
2314 3990 2440 4038 sunt
2462 3980 2623 4038 ofﬁcii
2643 3979 2737 4044 tui,
2765 3987 2921 4048 prout
2943 3977 3117 4044 decet,
3142 3981 3492 4044 exsequutus,
3521 3983 3579 4027 et
3605 3973 3758 4027 illum

2167 4083 2222 4129 et
2267 4087 2455 4128 omnes
2483 4071 2549 4126 ad
2591 4069 2846 4126 auxilium
2886 4067 3082 4138 populo
3129 4065 3403 4122 ferendum
3435 4072 3760 4134 tempestate

2163 4168 2360 4238 jactato
2405 4164 2626 4230 excites,
2679 4162 2818 4234 quod
2847 4169 3129 4230 antequam
3169 4158 3351 4214 literas
3376 4166 3590 4228 nostras
3609 4155 3756 4211 acci-

2169 4272 2344 4330 peres,
2364 4267 2447 4314 sat
2466 4256 2697 4313 scio-tua
2725 4262 2914 4326 sponte
2941 4266 3005 4308 ac
3027 4250 3174 4307 nullo
3199 4256 3450 4308 monente
3499 4256 3760 4318 praestare

2168 4350 2395 4422 cmpisti.

2239 4479 2427 4538 CCXI.
2460 4479 2718 4535 Timotheo
2746 4477 3051 4550 presbytero.
3073 4474 3322 4548 (Cucuso
3350 4487 3492 4527 anno
3513 4471 3641 4527 404.
3665 4472 3683 4538 )

2238 4616 2349 4673 Nos
2373 4615 2587 4688 quidem
2615 4629 2788 4686 nuper
2811 4613 2879 4669 ad
2908 4624 2960 4668 te
3002 4620 3161 4682 atque
3187 4609 3253 4665 ad
3280 4607 3758 4664 honoratissimum

2169 4709 2444 4764 dominum
2497 4722 2674 4764 meum
2720 4706 3042 4762 Marcianum
3083 4702 3357 4758 tribunum
3396 4699 3758 4769 scripsimus:

2170 4809 2225 4857 tu
2251 4816 2381 4858 vero
2406 4814 2579 4870 neque
2607 4799 2791 4854 literas
2839 4797 2905 4852 ad
2953 4810 3040 4851 me
3084 4794 3152 4850 ab
3198 4794 3288 4848 illo
3339 4792 3475 4847 mitti
3529 4789 3760 4855 curasti,

2171 4907 2344 4963 neque
2368 4892 2433 4948 ad
2461 4905 2560 4948 nos
2588 4891 2702 4962 ipse
2729 4888 3010 4959 scripsisti.
3057 4885 3413 4942 Nihilominus
3443 4893 3624 4938 tamen
3656 4896 3764 4939 nos

2171 4995 2412 5041 nostrum
2452 4997 2659 5039 morem
2706 4979 2938 5051 sequuti,
2984 4979 3101 5035 sine
3146 4975 3543 5032 intermissione
3598 4975 3763 5031 vestri

2170 5080 2463 5145 recordari,
2489 5088 2650 5147 atque
2673 5075 2740 5131 ad
2761 5090 2878 5140 vos,
2905 5089 3025 5130 cum
3074 5071 3298 5128 facultas
3339 5069 3596 5143 suppetit,
3630 5071 3768 5124 scri-

2171 5175 2300 5229 bere
2342 5187 2446 5227 non
2477 5171 2804 5235 desinimus;
2849 5165 2992 5238 quod
3032 5179 3174 5221 nunc
3199 5163 3361 5223 etiam
3389 5163 3637 5226 faciams,
3684 5177 3759 5216 in-

2171 5275 2462 5337 gentesque
2525 5263 2677 5317 vobis
2725 5260 2922 5332 gratias
2963 5259 3171 5330 agimus
3216 5258 3286 5314 ob
3332 5257 3568 5312 studium
3620 5253 3762 5324 quod

2171 5357 2454 5423 exhibetis,
2480 5364 2534 5412 et
2549 5355 2783 5426 pericula
2807 5370 2927 5424 quae
2948 5353 3158 5418 subitis,
3179 5365 3381 5421 vosque
3404 5351 3594 5404 beatos
3624 5362 3759 5417 prae-

2171 5449 2432 5504 dicamus.
2464 5447 2647 5518 Neque
2679 5446 2821 5502 enim
2852 5446 3073 5517 exiguas
3101 5444 3253 5498 vobis
3294 5454 3525 5497 coronas
3566 5453 3763 5493 recon-

2173 5539 2316 5604 ditis,
2331 5539 2456 5594 dum
2477 5537 2542 5592 ad
2557 5535 2826 5595 modicum
2847 5549 3056 5607 tempus
3071 5535 3273 5600 afflicti,
3292 5546 3587 5603 perennem
3609 5527 3762 5582 vobis

2174 5633 2226 5688 in
2251 5630 2386 5688 etclo
2414 5630 2718 5688 mercedem
2748 5645 2812 5686 ac
2840 5631 3008 5685 multo
3049 5627 3308 5697 majorem
3340 5623 3423 5677 his
3475 5621 3766 5676 sudoribus

2179 5723 2509 5796 pmparatis.
2541 5721 2662 5780 Non
2684 5723 2826 5780 enim
2851 5729 2966 5777 sunt
2989 5721 3158 5792 digna:
3182 5716 3436 5791 passiones
3456 5714 3611 5784 hujus
3638 5724 3761 5767 tem-
