4064 6218
259 153 362 209 ῗ27

249 271 383 340 δσην
415 267 710 340 ὑπομένετε
747 267 946 337 θλίψιν,
981 267 1112 330 ὅσας
1143 265 1462 333 ἐπιϐουλὰς,
1505 267 1663 331 ὅσους
1707 285 1825 322 πει-

252 362 535 432 ρασμούς,
576 361 706 423 ὅσας
758 359 1046 430 ἐπηρείας·
1091 359 1185 412 καὶ
1233 359 1321 413 διὰ
1371 358 1529 413 τοῦτο
1593 359 1826 430 μάλιστα

250 454 397 523 ὑμᾶς
450 450 758 523 μακαρίζω,
814 451 940 513 τούς
979 449 1275 518 στεφάνους
1325 451 1453 514 τοὺς
1505 452 1570 503 ἐκ
1617 449 1822 503 τούτων

249 543 465 607 ἐννοῶν,
501 542 568 597 τά
607 541 853 612 βραδεῖα,
882 540 952 594 τά
982 539 1207 594 ἔπαθλα.
1243 541 1450 614 Ὠσπερ
1480 540 1588 613 γάρ
1627 543 1675 594 οί
1704 544 1823 594 ἐπι-

249 631 592 695 ϐουλεύοντες
617 631 766 701 ὑμῖν,
792 632 886 684 καὶ
915 630 1268 701 ταράττοντες
1301 630 1466 702 ὑμᾶς,
1495 634 1668 702 κρῖμα
1699 631 1820 684 καθ’

250 723 459 779 ἑαυτῶν
514 722 747 794 χαλεπὸν
800 721 1150 792 ἐπιφέρουσι,
1197 721 1290 776 καὶ
1331 721 1393 775 τὸ
1440 723 1540 794 τῆς
1599 722 1821 792 γεέννης

251 813 388 867 κατά
410 813 508 882 τῆς
539 812 745 866 ἑαυτῶν
771 810 1014 882 κεφαλῆς
1044 811 1437 883 ἐπισωρεύουσι
1468 812 1578 885 πῦρ
1597 830 1612 844 ·
1648 813 1822 876 οὕτως

250 907 408 976 ὑμεῖς
432 907 483 958 οῖ
524 904 695 958 ταῦτα
729 903 1045 974 πάσχοντες.
1081 903 1282 974 πολλῆς
1308 903 1679 958 ἀπολαύσεσθε
1722 906 1822 975 τῆς

251 994 512 1066 ἀμοιϐῆς,
540 993 742 1064 πολλῆς
770 995 869 1064 τῆς
897 993 1237 1057 ἀντιδόσεως.
1268 992 1359 1062 Μὴ
1386 992 1449 1064 δὴ
1485 993 1817 1065 θορυϐεῖσθε,

253 1085 385 1157 μηδὲ
435 1083 851 1155 διαταράττεσθε
916 1082 1188 1147 ἐντεῦθεν,
1254 1082 1388 1136 ἀλλὰ
1457 1083 1674 1155 χαίρετε
1727 1086 1820 1138 καὶ

253 1177 528 1247 σκιρτᾶτε,
563 1174 914 1228 ἀποστολικὸν
943 1174 1198 1246 φρόνημα
1240 1173 1622 1246 διατηροῦντες
1648 1175 1707 1228 τὸ
1743 1174 1821 1227 λέ-

247 1283 374 1335 γον·
407 1266 538 1320 Νῦν
569 1267 754 1336 χαίρω
793 1266 862 1320 ἐν
890 1265 1012 1332 τοῖς
1049 1263 1362 1334 παθήμασί
1394 1282 1546 1335 μουο
1577 1267 1670 1320 καὶ
1713 1265 1818 1320 πά-

246 1356 349 1419 λιν,
388 1357 470 1410 Οὐ
492 1357 685 1425 μόνον
728 1347 816 1421 δὲ,
856 1354 1015 1408 ἀλλὰ
1053 1355 1150 1408 καί
1195 1353 1544 1424 καυχώμεθα
1577 1356 1646 1409 ἐν
1691 1355 1818 1422 ταῖς

246 1445 554 1512 θλίψεσιν,
585 1441 808 1508 ειδότες
843 1442 933 1496 ὅτι
961 1442 1000 1509 ἡ
1033 1443 1240 1512 θλίψις
1270 1443 1585 1513 ὑπομονὴν
1600 1461 1820 1514 ,κατερι

247 1533 507 1606 τάζεται,
566 1535 605 1603 ἡ
652 1533 721 1586 δὲ
770 1532 1045 1602 ὑπομονὴ
1124 1534 1398 1604 δοκιμήν.
1453 1533 1818 1608 Δοκιμώτεροι

242 1623 421 1677 τοίνυν
448 1623 750 1694 γενόμενοι,
776 1622 872 1676 καὶ
902 1621 1270 1694 εὐπορώτεροι
1305 1623 1403 1695 τὴν
1429 1624 1687 1696 εὐπορίαν
1719 1626 1818 1697 τὴν

242 1715 302 1767 ἐν
339 1713 605 1784 οὐρανοῖς,
639 1713 740 1766 κᾶν
779 1712 1132 1785 χαλεπώτερα
1167 1712 1372 1768 τούτων
1403 1715 1667 1786 πάσχητε,
1701 1732 1818 1787 μει-

240 1800 408 1866 ζόνως
439 1800 755 1868 ἀγάλλεσθε.
791 1803 872 1856 Οὐ
907 1800 1016 1872 7&9
1047 1801 1184 1867 ἄξια
1219 1801 1368 1876 [716]
1394 1803 1464 1858 τὰ
1501 1804 1820 1874 παθήματα

242 1891 348 1946 τοῦ
385 1891 502 1946 νῦν
524 1891 731 1962 καιροῦ
756 1891 905 1960 πρὸς
930 1892 1044 1961 τὴν
1067 1893 1420 1962 μέλλουσαν
1459 1894 1646 1960 δόξαν
1673 1896 1818 1950 ἀπο-

239 1983 652 2038 καλύπτεσθαι
694 1984 782 2050 εις
827 1982 1006 2052 ἡμᾶς.
1045 1983 1178 2036 Οὐδὲ
1219 1983 1328 2055 γὰρ
1373 1983 1560 2038 ἔλαθεν
1591 1987 1738 2057 ἡμᾶς
1781 1988 1816 2059 ἡ

246 2072 488 2145 ὑπομονὴ
518 2073 692 2144 ὑμῶν,
712 2075 746 2144 ἡ
777 2074 1019 2146 ἀνδρεία,
1049 2076 1083 2146 ἡ
1107 2075 1394 2148 καρτερία,
1425 2077 1459 2148 ἡ
1490 2077 1690 2148 γνησία
1720 2079 1816 2132 καὶ⁹

239 2162 418 2233 θερμὴ
462 2161 720 2228 διάθεσις,
752 2163 814 2217 τὸ
859 2163 1078 2228 ἀκλινὲς
1119 2164 1273 2235 ὑμῶν
1316 2166 1417 2237 τῆς
1459 2166 1714 2238 γνώμης,
1753 2167 1814 2221 τὸ

238 2251 657 2322 ἀπερίτρεπτον,
684 2252 745 2305 τὺ
770 2252 1046 2323 ἀκίνητον.
1079 2253 1170 2306 Διὸ
1199 2254 1295 2308 καὶ
1327 2255 1487 2326 ἡμεῖς
1519 2255 1649 2325 ὑμῖν
1686 2255 1814 2309 πολ-

237 2340 338 2404 λάς
385 2341 752 2413 ὁμολογοῦμεν
803 2343 1064 2414 χάριτας,
1113 2328 1210 2398 καὶ
1252 2345 1608 2416 συνδεδέμεθα
1660 2346 1813 2418 ὑμῶν

234 2436 360 2498 ταῖς
383 2434 584 2504 ψυχαῖς
629 2434 909 2506 διηνεκῶς,
949 2438 1046 2492 καὶ
1075 2437 1174 2508 τῆς
1212 2438 1331 2491 ὁδοῦ
1379 2438 1441 2491 τὸ
1477 2439 1651 2510 μῆκος
1693 2439 1812 2492 οὐδὲ

239 2524 644 2596 ῥᾳθυμοτέρους
674 2527 820 2596 ἡμᾶς
860 2527 1121 2598 περὶτὴν
1148 2528 1368 2598 ἀγάπην
1395 2528 1494 2599 τὴν
1540 2528 1811 2600 ὑμετέραν

236 2612 554 2682 ἐργάζεται.
581 2617 757 2688 Χάριν
786 2617 843 2670 δὲ
887 2618 1018 2686 ὑμῖν
1061 2618 1173 2689 έχω
1211 2619 1308 2672 καὶ
1344 2619 1442 2690 τῆς
1475 2619 1710 2691 σπουδῆς
1743 2620 1811 2692 ἢν

236 2705 584 2772 ἐπεδείξασθε
627 2708 769 2781 ὑπὲρ
807 2709 901 2763 τοῦ
950 2710 1153 2781 μηδένα
1194 2709 1420 2784 θόρυϐον
1461 2711 1713 2779 γενέσθαι
1754 2713 1812 2765 ἐν

235 2801 303 2870 τῇ
341 2798 636 2871 Ἐκκλησία
673 2803 737 2872 τῇ
774 2801 884 2854 τῶν
913 2801 1146 2866 Γότθων,
1186 2801 1302 2854 ἀλλ’
1339 2802 1420 2864 είς
1453 2801 1718 2872 ἀναϐολὴν
1749 2801 1811 2855 τὸ

238 2887 470 2958 πρᾶγμα
507 2889 789 2959 ἐμπεσεῖν.
837 2891 948 2945 Καὶ
993 2891 1055 2945 οὐ
1105 2890 1266 2961 μόνον
1307 2891 1407 2944 οὐκ
1450 2891 1687 2960 ἐγκαλῶ,
1727 2893 1810 2946 ὅτι

234 2979 424 3032 οὐδένα
467 2981 783 3052 ἐπέμψατε,
817 2982 954 3036 ἀλλά
995 2983 1090 3036 καὶ
1133 2982 1342 3035 ἐπαινῶ
1385 2983 1484 3036 καὶ
1519 2981 1803 3054 θαυμάζω.

249 3070 453 3124 Ἐκεῖνο
479 3072 588 3143 γάρ
641 3073 774 3127 πολύ
817 3072 1005 3127 τούτου
1045 3073 1456 3145 προτιμότερον,
1496 3074 1558 3128 τὸ
1603 3074 1810 3138 πάντας

244 3161 392 3232 ὑμᾶς
423 3163 503 3225 είς
545 3161 642 3234 τὴν
678 3163 931 3218 ὑπόθεσιν
959 3163 1161 3232 ταύτην
1207 3164 1572 3234 ἀσχολεῖσθαι.
1615 3164 1706 3236 Μὴ
1743 3165 1810 3238 δὴ

231 3254 521 3326 διαλίπητε
555 3254 622 3309 τά
657 3258 788 3328 παρ’
815 3255 970 3326 ὑμῶν
1011 3255 1190 3310 αὐτῶν
1233 3255 1576 3327 εἰσφέροντες
1617 3257 1710 3309 καὶ
1741 3256 1808 3309 δι’

235 3345 392 3417 ὑμῶν
419 3347 620 3414 αὐτῶν,
643 3349 739 3402 καὶ
766 3349 833 3402 δι’
857 3348 1078 3420 ἐτέρων,
1111 3341 1186 3402 ὧν
1219 3331 1287 3402 ἀν
1313 3342 1424 3401 οἶόν
1453 3364 1514 3400 τε
1541 3360 1566 3388 ιι
1587 3343 1643 3420 ᾗ,
1668 3347 1808 3400 ὥστε

234 3437 526 3509 ὑπέρθεσιν
555 3439 634 3510 τῷ
671 3425 958 3512 πράγματι
1005 3439 1277 3510 γενέσθαι.
1305 3441 1405 3493 ’Ἂν
1435 3456 1497 3492 τε
1535 3439 1644 3510 γάρ
1679 3439 1808 3493 ἀνύ-

235 3529 368 3602 αητέ
390 3547 462 3595 τι,
482 3528 551 3584 ἀν
570 3545 632 3583 τε
656 3531 751 3602 μὴ,
779 3530 868 3585 τδν
895 3529 1083 3602 μισθὸν
1104 3529 1508 3602 ἀπηρτισμένον
1535 3529 1687 3600 έχετε
1710 3529 1810 3600 τῆς

232 3621 462 3697 γνώμης
489 3623 584 3678 καὶ
611 3624 710 3696 τῆς
740 3621 1065 3696 προθυμίας.

594 3821 728 3873 ΣΗ.
776 3817 1018 3881 Ἀκακίφ
1045 3817 1440 3885 πρεσϐυτέρῳ.

315 3971 374 4027 '0
401 3971 546 4026 οὕτω
581 3971 784 4044 θερμὸς
807 3970 967 4043 ἡμῶν
995 3971 1251 4043 ἐραστὴς,
1277 3972 1304 4024 ό
1329 3969 1472 4023 οὕτω
1504 3970 1750 4043 σφοδρῶς
1778 3972 1805 4012 1³

227 4069 362 4142 περὶ
389 4069 537 4139 ἡμᾶς
569 4067 934 4138 διακείμενος,
955 4065 1075 4119 οὐδὲ
1109 4064 1455 4137 γραμμάτων
1480 4065 1610 4136 ἡμῖν
1641 4082 1807 4136 μετα-

227 4161 387 4224 δίδως
428 4158 536 4213 τῶν
589 4158 719 4212 σῶν.
759 4156 951 4210 Καίτοι
985 4173 1048 4224 γε
1099 4155 1200 4227 ηδη
1249 4154 1665 4226 ἐπεστάλκαμεν
1712 4156 1806 4208 καὶ⁵

231 4251 403 4318 ἅπαξ,
426 4253 522 4305 καὶ
548 4250 656 4316 δίς’
697 4249 857 4312 αὐτὸς
883 4249 939 4302 δὲ
969 4247 1326 4319 ὀκνηρότερος
1354 4248 1481 4318 περ)⁸
1515 4246 1672 4311 τοῦτο
1711 4229 1806 4316 γέ-

229 4361 414 4414 γονας.
452 4343 676 4396 Ἐννοῶν
719 4342 898 4396 τοίνυν
934 4341 1094 4412 ἡλίκα
1140 4341 1270 4410 ἡμῖν
1307 4337 1527 4410 χαρίζῃ,
1555 4337 1627 4393 τά
1677 4340 1806 4411 περὶ

228 4437 328 4510 τῆς
357 4435 569 4505 ὑγιείας
597 4452 691 4489 σου
715 4435 914 4506 δηλῶν,
943 4432 1082 4505 μετά
1107 4430 1301 4486 πολλοῦ
1331 4430 1423 4484 τοῦ
1446 4431 1643 4502 τάχους
1673 4433 1806 4504 ἡμῖν

229 4527 438 4597 γράψαι
479 4524 880 4596 παρακλήθητι.
924 4522 1128 4592 Πολλὴν
1162 4521 1270 4593 7&9
1298 4521 1658 4594 καρπούμεθα
1700 4539 1806 4576 πα-

231 4619 518 4690 ράκλησιν,
544 4618 612 4671 τά
646 4635 710 4672 πε
721 4619 774 4690 ρ).
811 4617 910 4687 τῆς
936 4615 1120 4685 ὑγείας
1153 4614 1304 4688 ὑμῶν
1333 4615 1440 4671 τῶν
1466 4613 1804 4686 ἀγαπώντων

226 4711 380 4781 ἡμᾶς
409 4710 768 4781 μανθάνοντες
801 4708 1058 4779 συνεχῶς.

792 4847 920 4901 ΣΘ.
953 4843 1262 4899 Σαλόίωνι.

299 4977 427 5031 Ὀτι
460 4977 560 5048 μὲν
588 4978 733 5048 ἡμᾶς
769 4977 1010 5048 ἀγαπᾷς,
1043 4975 1146 5030 κᾶν
1199 4972 1437 5046 γράψῃς,
1486 4972 1588 5025 κᾶν
1623 4969 1800 5041 σιγᾷς.

228 5065 345 5123 οἶδα
370 5069 576 5140 σαφῶς.
602 5069 735 5123 Οὐδέ
767 5070 875 5141 γάρ
908 5069 1112 5123 δύνασα
1169 5064 1353 5120 λαθεῖν
1391 5063 1534 5118 οὑτω
1578 5063 1804 5134 σφοδρὸς

229 5163 390 5234 ἡμῶν
425 5162 503 5216 ῶν
543 5159 798 5235 ἐραστὴς,
830 5161 968 5216 ἀλλά
1011 5162 1208 5224 πάντες
1253 5157 1408 5212 τοῦτο
1452 5156 1658 5228 ᾄδουσι,
1708 5155 1802 5209 καὶ

230 5254 416 5308 πολλοὶ
451 5256 584 5326 πρὸς
616 5256 763 5327 ἡμᾶς
795 5253 1180 5327 ἀφικνούμενοι
1203 5251 1304 5321 τὴν
1335 5249 1548 5321 θερμήν
1589 5265 1681 5301 σου
1709 5249 1802 5301 καὶ

290 5403 320 5432 ⁸
343 5401 429 5451 Sic
450 5414 540 5451 nos
561 5414 590 5463 ο
618 5401 819 5460 Savilio,
844 5396 1225 5463 expunclo__col,
1242 5396 1371 5459 quod
1391 5393 1520 5458 apud
1543 5391 1712 5442 ὶίοηιί.
1749 5397 1804 5442 el.

231 5463 406 5515 ﬂore].
432 5471 542 5526 post
561 5462 593 5525 ἦ
623 5465 837 5526 additum
860 5460 1060 5526 le'gilur,
1089 5460 1221 5508 Enn.

234 5514 452 5640 “ch06
482 5514 597 5576 mss".
634 5525 851 5589 σφοδρῶς
889 5514 994 5588 π’ἱρὶ
1031 5524 1174 5583 ἡμᾶς,
1212 5520 1282 5570 sic
1324 5520 1475 5572 Savil.
1521 5515 1578 5568 In
1623 5514 1797 5566 Morel.

234 5603 292 5648 σέ
355 5603 436 5650 ρα.

1661 145 2041 204 ΕΡΙΞΤΟΙΛΕ.

3399 158 3502 213 ’ῖῖ8

1933 267 2160 340 γνησίαν
2202 269 2332 339 ἡμῖν
2368 267 2803 336 ἀπαγγέλλουσιν
2848 267 3096 340 ἀγάπην.
3141 268 3498 342 Ἐϐουλόμεθα

1929 360 1988 412 δὲ
2025 361 2119 414 καὶ
2155 361 2457 432 γράμματα
2486 360 2723 430 συνεχῶς
2748 361 2994 430 δέχεσθαι
3035 362 3182 434 παρά
3215 364 3314 433 τῆς
3347 365 3505 434 εὐγε-

1929 449 2078 513 νείας
2113 451 2212 521 τῆς
2246 450 2365 520 σῆς,
2411 451 2540 520 περὶ
2570 453 2671 520 τῆς
2708 452 2895 518 ὑγείας
2933 451 3033 521 τῆς
3077 452 3177 515 σῆς
3219 453 3502 524 δηλοῦντα,

1929 539 2022 591 καὶ
2058 539 2158 608 τῆς
2198 539 2482 608 δεσποίνης
2523 557 2624 608 μου
2657 540 2756 610 τῆς
2789 539 3077 611 ἐλευθέρας
3109 558 3222 604 σου,
3267 542 3362 595 καὶ
3407 543 3503 596 τοῦ

1927 631 2074 683 οἴκου
2123 647 2217 682 σου
2255 631 2480 693 παντός·
2515 625 2673 683 οἶσθα
2710 631 2820 701 γὰρ
2862 631 3009 695 ὅπως
3056 632 3188 702 ἡμῖν
3221 631 3378 684 τοῦτο
3407 650 3497 686 πε-

1931 721 2334 792 ρισπούδαστον.
2363 720 2524 774 Ταῦτ’
2565 719 2655 774 οὖν
2685 720 2858 786 εἰδὼς,
2899 721 3131 775 δέσποτά
3173 740 3274 792 μου
3306 724 3502 793 τιμιώ-

1925 821 2076 867 τατε,
2113 806 2162 856 εί
2201 805 2293 856 καὶ
2329 805 2564 876 ἐργῶδες
2593 807 2730 876 ὅπερ
2775 804 3032 876 αἰτοῦμεν
3061 806 3246 859 λοιπὸν
3279 807 3366 860 διὰ
3404 809 3503 878 τὴν

1925 894 2020 947 τοῦ
2069 893 2333 964 χειμῶνος
2373 894 2542 966 ῶραν,
2591 897 2686 947 καὶ
2731 896 2791 948 τὸ
2839 898 3128 962 σπανιάκις
3176 901 3307 969 ἡμῖν
3349 917 3502 964 τινας

1926 982 2328 1053 ἐπιχωριάζειν,
2351 983 2437 1035 ὅτε
2463 983 2530 1035 ἂν
2553 984 2670 1054 ἐξῇ,
2699 983 2932 1054 γράφειν
2959 987 3090 1055 ἡμῖν
3130 987 3203 1058 μὴ
3230 989 3500 1056 κατόκνει,

1925 1071 2096 1124 ταῦτα
2133 1071 2306 1141 δηλῶν
2351 1072 2494 1143 ἅπερ
2542 1073 2845 1143 ᾐτήσαμεν.
2892 1073 3000 1144 Τὴν
3032 1075 3140 1146 7&9
3177 1077 3369 1143 ὑγείαν
3403 1078 3500 1149 τὴν

1928 1162 2195 1232 ὑμετέραν
2239 1163 2334 1215 καὶ
2373 1165 2471 1234 τὴν
2512 1163 2810 1232 ἀσφάλειαν
2857 1166 3124 1237 ἡμέτερον
3167 1163 3305 1222 εἶναι
3343 1171 3501 1240 νομί·-

1927 1251 2090 1322 ζομεν
2119 1252 2366 1315 πλοῦτον,
2396 1254 2490 1306 καὶ
2534 1255 2893 1327 εὐφροσύνην,
2925 1258 3016 1310 καὶ
3051 1259 3249 1330 πολλὴν
3285 1260 3497 1331 ἡδονήν.

1926 1343 2016 1415 Μὴ
2057 1344 2121 1415 δὴ
2157 1344 2424 1416 τοσαύτης
2466 1348 2612 1416 ἡμᾶς
2661 1347 3041 1420 ἀποστερήσῃς
3084 1351 3316 1420 ἡδονῆς,
3365 1352 3502 1406 ἀλλά

1925 1435 2142 1507 χαρίζου
2171 1438 2282 1498 τοῖς
2317 1436 2521 1506 σφόδρα
2558 1454 2616 1488 σε
2648 1438 2904 1505 ἀγαπῶσι
2939 1438 3037 1509 τὴν
3070 1439 3159 1493 διά
3195 1441 3302 1493 τῶν
3327 1441 3502 1494 τοιού-

1925 1547 2032 1582 των
2052 1527 2395 1599 γραμμάτων
2417 1528 2781 1599 παράκλησιν,
2799 1529 2998 1602 πολλὴν
3021 1532 3150 1602 ἡμῖν
3175 1531 3504 1604 κομίζουσαν

1923 1618 2022 1690 τὴν
2053 1616 2426 1690 παραμυθίαν.

2410 1769 2494 1844 [Ἠ
2509 1769 2561 1843 7]
2589 1773 2691 1826 Σ1’.
2722 1771 3014 1842 Θεοδώρῳ.

2005 1923 2321 1995 Ἐθαύμασα
2351 1924 2469 1988 πῶς
2501 1925 2632 1997 παρ’
2655 1925 2856 1995 ἐτέρων
2880 1926 3080 1997 ἔμαθον
3104 1927 3200 2001 τὴν
3227 1927 3501 2002 ῥαθυμίαν

1922 2015 2242 2069 Σαλουστίου
2291 2015 2383 2069 τοῦ
2434 2017 2831 2090 πρεσϐυτέρου.
2877 2017 2981 2072 Καὶ
3027 2019 3135 2091 γάρ
3193 2022 3496 2093 ἐγνωρίσθη

1925 2125 2014 2178 μοι
2047 2109 2129 2162 ὅτι
2169 2107 2321 2178 μόλις
2366 2110 2525 2161 πέντε
2568 2109 2786 2180 ὁμιλίας
2824 2105 2978 2163 εἶπεν
3019 2112 3124 2176 ἕως
3165 2112 3498 2184 Ὀκτωϐρίου

1924 2198 2111 2270 μηνὸς,
2145 2199 2239 2252 καὶ
2276 2199 2358 2253 ὅτι
2393 2199 2488 2252 καὶ
2517 2199 2680 2262 αὐτὸς
2717 2199 2809 2252 καὶ
2847 2199 3103 2268 Θεόφιλος
3131 2201 3161 2252 ό
3201 2201 3500 2270 πρεσϐύτε-

1923 2307 2035 2361 ρος,
2061 2291 2090 2344 ό
2119 2291 2220 2362 μὲν
2263 2290 2431 2362 ὄκνῳ,
2478 2291 2507 2342 ὁ
2549 2290 2606 2343 δὲ
2643 2289 2838 2362 δειλία,
2874 2289 2934 2343 οὐ
2978 2291 3382 2364 παραϐάλλουσι
3429 2294 3500 2364 τῇ

1921 2381 2161 2447 συνάξει.
2202 2383 2360 2437 Ἀλλά
2389 2383 2634 2454 Θεοφίλῳ
2672 2383 2770 2454 μὲν
2805 2384 3159 2456 σφοδρότερον
3193 2384 3496 2446 ἀπέστειλα,

1919 2473 2302 2544 καθαψάμενος
2330 2474 2519 2540 αὐτοῦ,
2545 2475 2867 2528 Σαλουστίου
2895 2474 2951 2527 δὲ
2974 2474 3161 2529 ἕνεκεν
3191 2477 3259 2547 τῇ
3284 2479 3350 2547 σῇ
3377 2478 3500 2530 ἐπι-

1919 2561 2122 2616 στέλλω
2169 2564 2462 2634 τιμιότητι,
2507 2563 2694 2634 ἐπειδὴ
2744 2558 2860 2616 οἴδα
2901 2563 3018 2626 πῶς
3056 2563 3222 2617 αὐτοῦ
3265 2564 3493 2635 σφοδρὸς

1918 2653 2153 2724 ἐραστὴς
2175 2649 2256 2706 εἷο
2291 2654 2385 2707 καὶ
2432 2652 2636 2724 σφόδρα
2669 2652 2848 2724 χαίρω
2877 2653 2970 2706 καὶ
2997 2653 3362 2724 εὐφραίνομαι
3403 2655 3497 2707 ἐπὶ

1915 2742 2111 2814 τούτῳ.
2144 2743 2257 2796 Καὶ
2293 2743 2444 2811 ἀλγῶ
2479 2743 2615 2814 πρὸς
2655 2741 2754 2811 τὴν
2797 2742 2894 2812 σὴν
2938 2744 3250 2814 τιμιότητα,
3281 2743 3362 2796 ὅτι
3406 2761 3497 2814 μοι

1917 2834 2017 2887 οὐκ
2047 2834 2306 2906 ἐποίησας
2328 2833 2485 2887 τοῦτο
2521 2833 2698 2903 δῆλον,
2729 2832 2848 2886 δέον
2875 2834 2970 2886 καὶ
2993 2833 3308 2904 διορθῶσαι,
3333 2834 3497 2896 αὐτὸς

1915 2923 1972 2977 δὲ
2006 2923 2284 2995 οὐδέτερον
2308 2924 2514 2977 τούτων
2551 2923 2834 2994 ἐποίησας.
2860 2923 2975 2976 Νῦν
3006 2923 3138 2991 γοῦν
3171 2924 3493 2995 παρακαλῶ,
3543 2981 3546 2984 ,

1916 3015 2010 3068 καὶ
2047 3014 2228 3086 σαυτῷ
2252 3015 2347 3068 καὶ
2379 3015 2510 3086 ἡμῖν
2533 3015 2602 3068 τε
2633 3014 2864 3085 μέγιστα
2899 3015 3275 3085 χαριζόμενος,
3309 3015 3498 3084 διέγει-

1919 3121 2010 3176 ρον
2034 3105 2197 3158 αὐτὸν
2229 3105 2603 3177 σφοδρότερον,
2648 3105 2744 3158 καὶ
2779 3104 2854 3175 μὴ
2885 3103 2948 3157 έα
2990 3104 3149 3159 αὐτὸν
3192 3103 3493 3168 καθεύδειν,

1919 3195 2051 3266 μηδὲ
2075 3196 2283 3268 ἀργεῖν.
2312 3195 2374 3249 El
2400 3195 2510 3266 7&9
2543 3195 2618 3266 μὴ
2639 3195 2734 3249 νῦν
2767 3197 2825 3248 ἐν
2853 3195 2932 3267 τῷ
2963 3195 3192 3266 χειμῶνι
3217 3194 3327 3248 τῶν
3355 3212 3496 3267 πρα-

1915 3287 2142 3357 γμάτων
2181 3285 2387 3340 τούτων
2424 3286 2519 3340 καὶ
2547 3289 2614 3358 τῇ
2644 3285 2782 3359 ζάλῃ
2811 3287 2909 3356 τὴν
2950 3287 3334 3358 προσήκουσαν
3376 3289 3498 3340 ἐπι-

1915 3377 2146 3444 δείξαιτο
2202 3377 2474 3450 ἀνδρείαν,
2527 3379 2657 3433 πότε
2709 3378 2874 3433 αὐτοῦ
2922 3378 3297 3450 δεηθησόμεθα
3342 3389 3366 3419 ο
3404 3378 3498 3432 οὑ-

1914 3487 2063 3537 τως;
2092 3471 2219 3524 ὃταν
2253 3471 2460 3542 γαλήνη
2503 3471 2729 3542 γένηται
2779 3471 2874 3526 καὶ
2918 3472 3140 3543 είρήνη;
3187 3471 3494 3542 Παρακαλῶ

1913 3562 2114 3629 τοίνυν,
2158 3561 2229 3616 τὰ
2276 3562 2458 3633 σαυτῷ
2508 3563 2788 3634 πρέποντα
2829 3562 3000 3616 ποιῶν
3046 3563 3141 3616 καὶ¹
3187 3563 3348 3616 αὑτὸν
3399 3550 3498 3615 καὶ

1916 3653 2124 3716 πάντας
2153 3652 2419 3725 διέγειρον
2452 3656 2532 3718 είς
2561 3655 2661 3726 τὴν
2700 3654 2933 3724 σπουδὴν
2961 3654 3056 3707 καὶ
3082 3654 3182 3723 τὴν
3207 3653 3500 3722 ἀντίληψιν

1911 3745 2007 3798 τοῦ
2048 3744 2446 3816 χειμαζομένου
2502 3745 2655 3810 λαοῦ,
2689 3746 2718 3798 δ
2753 3746 2847 3798 καὶ
2889 3746 2996 3816 πρὸ
3039 3745 3150 3798 τῶν
3205 3743 3494 3814 ἡμετέρων

1914 3835 2256 3906 γραμμάτων
2296 3829 2355 3888 εὖ
2407 3829 2503 3888 οἷδ’
2549 3835 2631 3888 ὃτι
2679 3833 2889 3887 οἴκοθεν
2936 3833 3030 3887 καὶ
3091 3833 3245 3904 παρά
3290 3833 3489 3886 σαυτοῦ

1915 3928 2113 3990 ποιεῖς.

2266 4059 2426 4111 Σ1Α’.
2461 4053 2707 4126 Τιμοθέῳ
2732 4057 2928 4124 πρεσό
2927 4055 3128 4124 υτέρφι

1993 4211 2185 4285 Ἡμεῖς
2224 4212 2325 4284 μὲν
2354 4211 2438 4265 σοὶ
2478 4209 2798 4282 καὶπρώην
2841 4210 3255 4280 ἐπεστάλκαμεν
3283 4211 3377 4266 καὶ
3408 4214 3493 4284 τῷ

1913 4305 2087 4376 κυρίῳ
2120 4322 2227 4376 μου
2247 4303 2324 4375 τῷ
2346 4303 2662 4375 τιμιωτάτῳ
2686 4302 2950 4374 τριϐούνῳ
2976 4303 3294 4374 Μαρκιανῷ’
3323 4305 3491 4370 αὐτὸς

1911 4397 1970 4451 δὲ
2015 4397 2140 4451 οὐτε
2194 4398 2326 4469 παρ’
2368 4395 2578 4449 ἐκείνου
2633 4395 2936 4467 γράμματα
2985 4396 3117 4466 ἡμῖν
3167 4397 3490 4467 πεμφθῆναι
3589 4454 3608 4471 ο

1913 4489 2355 4562 παρεσκεύασας,
2385 4486 2509 4540 οὐτε
2555 4487 2716 4550 αὐτὸς
2764 4487 2890 4558 ἡμῖν
2938 4487 3296 4550 ἐπέσταλκας.
3341 4487 3490 4542 Ἀλλ’

1910 4580 2060 4650 ὅμως
2103 4581 2262 4650 ἡμεῖς
2309 4577 2534 4639 έαυτούς
2581 4576 2928 4647 μιμούμενοι,
2965 4576 3026 4629 οὐ
3069 4576 3353 4647 παυόμεθα
3401 4577 3482 4630 δι-

1910 4669 2120 4741 ηνεκῶς
2165 4669 2319 4740 ὑμῶν
2369 4666 2703 4739 μεμνημένοι
2743 4666 2839 4720 καὶ⁸
2871 4666 3292 4732 ἐπιστέλλοντες,
3322 4666 3484 4737 ἡνίκα

1911 4761 1978 4815 ἂν
2011 4761 2135 4832 ἐξῇο
2168 4761 2197 4812 ὃ
2241 4760 2304 4832 δὴ
2351 4757 2448 4812 καὶ
2491 4757 2586 4811 νῦν
2637 4757 3032 4827 πεποιήκαμεν,
3085 4758 3310 4828 χάριτας
3353 4758 3485 4829 ὑμῖν

1909 4849 2298 4920 ὁμολογοῦντες
2340 4849 2540 4922 μυρίας
2589 4849 2730 4920 ὑπὲρ
2764 4847 2862 4918 τῆς
2905 4847 3137 4917 σπουδῆς
3181 4843 3248 4921 ἧς
3277 4848 3484 4902 ἐπιδεί-

1911 4943 2130 5006 κνυσθε,
2176 4943 2272 4996 καὶ
2317 4941 2425 4994 τῶν
2470 4939 2730 4994 κινδύνων
2758 4938 2850 5002 0'3;
2883 4939 3203 5010 ὑπομένετε,
3245 4939 3338 4992 καὶ
3376 4956 3485 5009 μα-

1909 5034 2221 5105 καρίζοντες
2271 5033 2436 5102 ὑμᾶς.
2479 5031 2556 5084 Οὐ
2612 5030 2721 5101 γάρ
2773 5029 3003 5101 μικροὺς
3053 5027 3302 5082 ἐντεῦθεν
3351 5029 3484 5099 ὑμῖν

1911 5123 2338 5196 προαποτίθεσθε
2369 5121 2682 5193 στεφάνους,
2720 5121 2853 5192 πρὸς
2891 5120 3070 5190 ὀλίγον
3103 5120 3200 5190 μὲν
3227 5119 3484 5191 θλιϐόμε-

1909 5233 2013 5281 νοι,
2039 5216 2304 5288 διηνεκεῖς
2340 5215 2396 5268 δέ
2438 5213 2672 5286 ἀμοιδάς
2711 5215 2769 5266 ἐν
2813 5214 2926 5276 τοῖς
2970 5212 3219 5283 οὐρανοῖς
3264 5227 3483 5283 προπα-

1913 5308 2336 5380 ρασκευάζοντες
2373 5307 2523 5377 ὑμῖν,
2567 5307 2662 5359 καὶ
2705 5303 2886 5375 πολλῷ
2928 5303 3144 5374 μείζους
3172 5301 3281 5356 τῶν
3319 5299 3480 5372 ἱδρώ-

1909 5415 2016 5451 των
2044 5397 2268 5450 τούτων.
2306 5399 2389 5452 οὐ
2429 5396 2711 5468 γάριάξια
2751 5397 2826 5451 τὰ
2869 5394 3187 5464 παθήματα
3219 5392 3326 5448 τοῦ
3363 5387 3479 5442 νῦν

1966 5564 1988 5594 ⁸
2020 5573 2128 5626 Duo
2145 5585 2258 5622 mss.
2284 5570 2565 5633 δεησόμεθα.
