4064 6218
1131 160 1162 177 κ

514 279 625 342 ἰεη

513 401 720 474 καιροῦ
751 399 900 471 πρὸς
933 398 1046 468 τὴν
1066 397 1420 469 μέλλουσαν
1447 394 1634 458 δόξαν
1657 389 2087 461 ἀποκαιυφθῆ·

515 519 616 560 rat
650 519 739 568 εις
774 497 951 570 ἡμᾶς.

865 653 1015 708 ΣΙΗ.
1046 653 1310 721 Θεοφίλῳ
1337 653 1529 720 πρεσό
1533 649 1732 720 υτέρῳ.

586 789 798 858 Σφόδρα
841 787 1055 857 ἤλγησα
1111 785 1348 850 ἀκούσας
1383 786 1464 837 ὅτι
1515 785 1606 838 καὶ
1653 783 1717 836 σὺ
1759 783 1853 836 καὶ¹
1893 781 2092 837 Σαλού-

520 887 719 948 στιοςό
755 883 1126 956 πρεσϐύτερος
1165 883 1225 934 ού
1275 880 1511 951 συνεχῶς
1558 880 1692 950 πρὸς
1731 879 1828 950 τὴν
1875 879 2092 944 σύναξιν

518 981 913 1053 παραδάλλετε,
942 979 1036 1033 καὶ
1082 978 1180 1048 οὑχ
1222 977 1296 1040 ὼς
1336 975 1492 1046 ἔτυχέ
1533 993 1599 1046 με
1631 977 1788 1028 τοῦτο
1830 973 2088 1045 ἐλύπησε.

520 1075 827 1149 Παρακαλῶ
864 1074 1064 1138 τοίνυν,
1099 1075 1145 1125 εί
1178 1072 1280 1142 μὲν
1309 1070 1502 1140 ψεῦδος
1532 1069 1708 1135 τοῦτο,
1735 1069 1969 1141 δηλῶσαί
2003 1086 2093 1140 μοι

519 1174 876 1235 σπουδάσατε,
904 1172 984 1224 ὅτι
1029 1171 1206 1241 μάτην
1235 1168 1738 1239 ἐσυκοφαντήθητε·
1785 1167 1833 1219 εί
1869 1166 1924 1219 δὲ
1962 1166 2096 1236 ἀλη-

519 1271 642 1337 θές,
690 1268 1057 1342 διορθώσασθε
1104 1267 1204 1338 τὴν
1253 1265 1508 1336 τοιαύτην
1555 1263 1843 1336 ῥᾳθυμίαν.
1884 1264 2094 1332 Ὠσπερ

519 1367 629 1438 γὰρ
666 1367 921 1436 μέγιστος
961 1366 1088 1436 ὑμῖν
1134 1367 1281 1416 ἐστιν
1316 1365 1344 1416 ό
1397 1360 1607 1433 μισθὸς,
1646 1359 1880 1430 μάλιστα
1925 1361 1983 1412 ἐν
2017 1357 2094 1428 τῷ

521 1464 748 1535 παρόντι
782 1463 958 1534 καιρῷ
987 1463 1084 1534 τὴν
1112 1463 1496 1535 προσήκουσαν
1522 1459 1774 1532 ἀνδρείαν
1800 1459 2101 1512 ἐπιδεικνυ-

526 1559 735 1628 μένοις⁰
794 1558 964 1621 οὑτως
1017 1558 1077 1610 οὑ
1129 1556 1306 1628 [718]
1351 1557 1412 1609 τὸ
1484 1555 1643 1625 τυχὸν
1703 1553 1855 1607 ἔσται
1922 1558 2098 1625 κρῖμα

529 1653 768 1719 ὀκνοῦσι,
795 1653 894 1706 καὶ
926 1652 1330 1722 ἀναδυομένοις,
1358 1653 1452 1705 καὶ
1483 1650 1551 1704 τά
1576 1651 1708 1722 παρ’
1754 1649 1965 1703 ἐαυτῶν
1999 1650 2100 1702 οὐκ

524 1751 884 1820 εἰσφέρουσιν.
917 1751 1060 1803 Ἰστε
1105 1747 1214 1820 γάρ
1245 1749 1298 1800 τί
1349 1747 1616 1801 πέπονθεν
1647 1748 1676 1799 ό
1722 1746 1784 1799 τὸ
1834 1747 2099 1802 τάλαντον

527 1845 848 1916 καταχώσας
875 1844 936 1898 τὸ
968 1845 1046 1908 ἒν,
1075 1845 1132 1908 ὃς
1161 1844 1312 1897 οὐδὲν
1349 1844 1533 1915 ἕτερον
1563 1843 1980 1914 ἐγκαλούμενος,
2010 1843 2097 1897 διὰ

525 1942 682 1997 τοῦτο
726 1942 883 2011 μόνον
922 1941 1229 2006 ἐκολάζετο,
1259 1940 1352 1994 καὶ
1400 1941 1773 2012 ἀπαραίτητον
1820 1941 1989 1994 ἐδίδου
2022 1939 2100 1993 δίο

526 2055 649 2110 κην.
689 2037 1032 2091 Σπουδάσατε
1056 2033 1148 2092 οῦν
1170 2037 1258 2091 διὰ
1283 2037 1481 2108 τάχους
1505 2037 1865 2110 ἐλευθερῶσαι
1901 2055 1967 2108 με
2001 2037 2100 2108 τῆς

528 2134 822 2205 φροντίδος.
849 2134 1021 2187 Ὦσπε
1031 2152 1061 2204 ρ
1086 2134 1194 2204 γὰρ
1223 2134 1424 2206 πολλήν
1456 2153 1544 2205 μοι
1570 2135 1726 2206 φέρει
1756 2134 2102 2205 παράκλησιν

527 2231 620 2284 καὶ
648 2231 1019 2301 παραμυθίαν,
1068 2230 1284 2284 ἐπειδὰν
1321 2230 1560 2294 ἀκούσω,
1595 2233 1675 2284 ὅτι
1717 2231 1856 2302 μετά
1897 2230 2102 2302 προθυ-

531 2325 660 2394 μίας
714 2325 929 2378 ᾶπαντα
971 2325 1062 2377 τὸν
1100 2325 1493 2396 χειμαζόμενον
1539 2319 1666 2380 λαὸν
1717 2332 2102 2400 συγκροτεῖτεο

528 2416 701 2482 οὕτως
737 2418 956 2472 ἐπειδάν
999 2419 1173 2490 μάθω,
1219 2421 1301 2473 ὅτι
1341 2421 1484 2484 τινὲς
1516 2422 1872 2494 ῥᾳθυμοῦσιν,
1901 2425 1997 2495 οὑχ
2027 2425 2105 2488 ὡς

529 2515 718 2588 ἔτυχεν
761 2517 910 2586 ἀλγῶ
957 2518 1095 2589 ὑπὲρ
1147 2519 1328 2572 αὐτῶν
1370 2520 1484 2573 τῶν
1538 2520 1946 2592 ῥᾳθυμούντων.
1993 2522 2104 2594 Τὴν

527 2612 633 2686 ,μὲν
658 2612 766 2686 γὰρ
797 2614 1090 2685 καλλίστην
1123 2616 1326 2688 ἀγέλην
1351 2618 1566 2689 ἐκείνην
1596 2620 1628 2688 ὴ
1658 2618 1756 2671 τοῦ
1783 2617 1916 2672 Θεοῦ
1943 2619 2105 2691 χάρις

531 2710 652 2767 καθ’
678 2711 915 2784 ἑκάστην
946 2717 1238 2784 συγκροτεῖ
1262 2714 1496 2785 ἡμέραν,
1526 2714 1777 2788 καθάπερ
1814 2716 1910 2770 καὶ
1949 2717 2108 2788 ὑμεῖς

529 2806 618 2861 διὰ
643 2807 751 2860 τῶν
773 2807 948 2879 ἔργων
974 2808 1153 2862 αὐτῶν
1175 2809 1376 2878 ἔγνωτε
1398 2826 1410 2839 ·
1437 2811 1487 2864 οἱ
1514 2810 1570 2863 δέ
1601 2810 1846 2884 ῥαθυμίᾳ
1873 2812 1944 2866 τά
1975 2813 2105 2884 παρ’

529 2905 736 2959 ἑαυτῶν
783 2906 1236 2977 ὲλλιμπάνοντες,
1279 2907 1339 2960 οὗ
1391 2907 1585 2979 μικρὸν
1618 2909 1830 2974 ἑαυτοῖς
1874 2910 1962 2965 διά
2008 2912 2107 2984 τῆς

527 3001 804 3073 ῥᾳθυμίας
829 3002 1029 3073 ταύτης
1060 3002 1353 3072 συνάγουσι
1385 3007 1575 3076 κρῖμα.

862 3157 1024 3211 XII".
1058 3157 1332 3221 Φιλίππῳ
1365 3159 1762 3229 πρεσϐυτέῃῳ.

611 3290 951 3362 Ἑθαύμασα,
989 3293 1108 3356 πῶς
1137 3295 1194 3346 ἐν
1227 3293 1370 3347 οὕτω
1400 3295 1578 3367 χρόνῳ
1606 3296 1801 3369 μακρῷ
1836 3299 1966 3369 ἡμῖν
2007 3298 2110 3352 οὑκ

534 3388 893 3453 ἐπέσταλκας,
932 3390 1046 3444 ἀλλ’
1073 3391 1294 3462 ἀγάπην
1329 3395 1426 3464 μὲν
1467 3396 1595 3466 περὶ
1630 3396 1776 3466 ἡμᾶς
1814 3395 2114 3451 ἐπιδείκνυ⁶

535 3504 628 3540 σαι
675 3487 769 3541 καὶ
817 3489 1056 3554 ἀπόντας
1110 3491 1329 3563 πολλὴν,
1364 3494 1706 3564 γραμμάτων
1752 3495 1811 3548 δὲ
1861 3497 1995 3567 ἡμῖν
2046 3496 2108 3549 οὑ

536 3585 844 3656 μετέδωκας
882 3585 989 3640 τῶν
1037 3587 1163 3640 σῶν.
1210 3589 1324 3642 Νῦν
1373 3590 1501 3658 γοῦν
1539 3592 1669 3660 ἡμῖν
1713 3593 1993 3661 γράφεινι
2034 3593 2108 3664 μὴ

535 3684 893 3754 κατοκνήσῃς,
931 3682 1000 3737 τά
1029 3685 1156 3756 περὶ
1181 3685 1282 3755 τῆς
1307 3685 1492 3753 ὑγείας
1522 3687 1623 3757 τῆς
1662 3687 1761 3756 σῆς
1794 3688 1966 3760 δηλῶν
1985 3706 2000 3722 ο
2035 3691 2112 3755 ὡς

535 3779 695 3849 ἡμεῖς
728 3795 816 3847 γε,
864 3779 957 3832 καὶ
997 3778 1071 3850 μὴ
1103 3781 1406 3850 γράφοντός
1441 3798 1555 3846 σου,
1593 3779 1664 3834 τὰ
1704 3782 1774 3835 σά
1816 3800 2112 3855 περιεργα-

538 3873 762 3944 ζόμεθα,
814 3877 908 3928 καὶ
949 3875 1212 3947 ἔγνωμεν,
1245 3877 1328 3930 δτι
1374 3877 1469 3931 καὶ
1508 3879 1608 3950 τῆς
1645 3879 1840 3949 σχολῆς
1885 3878 2110 3952 ἐξεϐλή-

538 3970 690 4041 θητε,
719 3971 818 4042 τὴν
843 3973 972 4043 ὑμῖν
1001 3976 1317 4045 πρέπουσαν
1339 3976 1652 4049 παρρησίαν
1685 3978 2108 4050 ἐπιδειξάμενοι.

539 4067 710 4122 Τοῦτο
753 4069 880 4140 ὑμῖν
945 4071 1166 4140 μισθὸς,
1214 4072 1372 4125 τοῦτο
1421 4075 1773 4146 πραγματεία
1825 4074 2110 4148 οὐράνιος,

538 4165 696 4221 τοῦτο
730 4168 990 4237 στέφανος
1032 4170 1327 4240 ἀκήρατος,
1359 4171 1515 4226 τοῦτο
1566 4172 1834 4244 βραδείων
1882 4159 2108 4245 πλῆθος.

541 4261 705 4315 Ταῦτ’
739 4257 830 4316 οῦν
860 4263 1072 4317 ἅπαντα
1099 4264 1456 4337 λογιζόμενοι,
1499 4269 1763 4336 γενναίως
1808 4270 2002 4340 φέρετε
2044 4271 2114 4324 τά

543 4360 940 4430 συμπίπτοντα.
987 4360 1192 4425 Ἱκανὸς
1245 4363 1354 4433 γάρ
1393 4365 1422 4416 ό
1471 4363 1604 4428 Θεὸς
1663 4367 1758 4419 καὶ
1815 4369 1940 4430 τοὺς
1989 4385 2114 4421 πει-

543 4459 785 4529 ρασμοὺς
815 4456 970 4511 λῦσαι
1000 4457 1239 4522 τούτους,
1265 4459 1360 4512 καὶ
1394 4459 1655 4530 ταχίστην
1687 4463 1910 4533 ποιῆσαι
1940 4464 2114 4536 γαλή-

541 4573 659 4627 νην,
717 4555 937 4625 καὶτῆς
979 4555 1254 4627 ὑπομονῆς
1291 4557 1417 4626 ὑμῖν
1457 4556 1660 4628 ταύτης
1709 4559 1874 4613 πολὺν
1919 4560 2010 4613 καὶ
2052 4561 2110 4614 ἐν

541 4651 620 4722 τῷ
651 4651 896 4722 μέλλοντι
922 4651 1078 4704 αίῶνι
1107 4650 1288 4705 δοῦναι
1323 4653 1411 4706 τὸν
1445 4653 1654 4724 μισθόν.

823 4805 976 4860 ΣΙΔ’.
1017 4807 1390 4874 Σεϐαστιανῷ
1426 4809 1822 4878 πωσόυτέρῳ.

614 4945 677 4996 Εί
706 4945 798 4998 καὶ
828 4921 1149 5016 τῷσώματι
1185 4924 1565 5018 κεχωρίσμεθά
1591 4965 1681 5001 σου
1725 4946 1822 5018 τῆς
1863 4947 2116 5020 τιμιότη-

544 5057 655 5105 τος,
688 5041 822 5096 ἀλλά
850 5044 941 5095 καὶ
973 5046 1037 5114 τῇ
1067 5043 1254 5114 ἀγάπῃ
1293 5061 1375 5098 σοι
1406 5044 1782 5116 συνδεδέμεθα,
1813 5047 1907 5099 καὶ
1950 5047 2116 5103 ὄπου-

548 5154 654 5207 περ
677 5137 743 5193 ἂν
764 5132 933 5208 ὦμεν,
968 5140 1335 5212 περιφέρομέν
1368 5160 1462 5196 σου
1490 5142 1587 5214 τὴν
1613 5143 1850 5196 διάθεσιν
1883 5143 1975 5197 ἐπὶ
2009 5146 2113 5215 τῆς

552 5232 792 5302 μνήμης,
827 5234 928 5288 κᾶν
957 5238 1036 5300 είς
1068 5237 1208 5291 αύτά
1236 5239 1335 5308 τῆς
1363 5238 1686 5309 οἰκουμένης
1722 5239 2107 5310 ἀπενεχθῶμεν

547 5324 617 5380 τὰ
656 5327 922 5398 τέρματα.
956 5333 1077 5385 ’Ότι
1119 5333 1176 5386 δὲ
1223 5335 1316 5386 καὶ
1366 5335 1528 5398 αὐτὸς
1567 5335 1798 5406 ἄληστον
1842 5335 1986 5406 ἔχεις
2017 5336 2118 5408 τὴν

551 5425 773 5497 μνήμην
800 5428 978 5500 ἡμῶν,
1015 5432 1168 5485 οὐδὲν
1205 5427 1357 5504 οἶμαι
1397 5435 1507 5489 δεῖν
1547 5435 1927 5506 ἀμφιόάλλειν.
1980 5431 2114 5512 Οἶδα

555 5610 847 5731 εϐἔήίζηηζιέρε
884 5623 997 5660 mss.
1021 5612 1133 5674 ἡμῖν
1173 5613 1366 5677 γράψαι.
1394 5613 1519 5663 Infra
1543 5614 1616 5664 ότι
1636 5615 1716 5664 καὶ
1737 5620 1820 5674 τῆς
1844 5615 2022 5678 σγολῆς
2041 5616 2116 5676 δε·

1181 287 1238 341 S.
1277 286 1558 342 JOANL‘JIS
1591 283 2080 342 CHRYSOSTOMI
2116 283 2430 342 ARCHIEP.
2476 281 3023 342 CONSTANTINOP.

3637 294 3744 351 730

2190 395 2300 466 γάρ
2344 415 2439 450 σου
2473 397 2535 452 τὸ
2568 401 2788 472 γνήσιον
2819 401 2915 471 τῆς
2951 399 3262 463 διαθέσεως,
3310 399 3408 470 τῆς
3450 401 3668 472 ἀγάπης
3701 405 3762 460 τδ

2191 504 2512 575 στερρὺν,τὸ
2540 507 2935 577 ἀπερίτρεπτον
2964 505 3064 575 τῆς
3091 503 3336 574 γνώμης.
3353 504 3443 557 Arb
3465 505 3557 560 καὶ
3574 525 3757 580 παρα-

2191 604 2460 676 καλοῦμεν
2484 608 2720 678 συνεχῶς
2747 611 2875 678 ἡμῖν
2907 606 3262 670 ἐπιστέλλειν,
3283 606 3377 659 καὶ
3405 607 3473 660 τά
3503 610 3630 680 περὶ
3662 611 3760 680 τῆς

2193 712 2380 781 ὑγείας
2414 714 2514 783 τῆς
2570 716 2666 784 σῆς
2718 713 3186 783 εὐαγγελίζεσθαι.
3233 714 3445 785 Σφόδρα
3485 715 3594 787 γάρ
3630 719 3760 786 ημῖν

2193 819 2659 889 περισπούδαστον
2694 820 2821 891 περὶ
2845 819 3049 890 ταύτης
3080 819 3373 890 μανθάνειν
3392 837 3405 849 ο
3441 821 3536 873 καὶ
3564 821 3764 895 πολλὴν

2193 924 2286 976 καὶ
2315 925 2373 976 ἐν
2397 924 2601 995 ἐρημίᾳ
2630 923 2997 994 διατρίϐοντες
3031 924 3139 977 ἀπὸ
3158 923 3266 978 τῶν
3295 925 3550 979 τοιούτων
3582 943 3763 998 γραμο

2198 1029 2384 1098 μάτων
2415 1029 2828 1098 καρπωσόμεθα
2858 1028 2955 1098 τὴν
2991 1029 3356 1102 παράκλησιν.

2440 1182 2590 1256 [719]
2631 1181 2770 1237 Σ1Ε⁹
2775 1223 2789 1236 .
2822 1185 3090 1252 Πελαγίῳ
3121 1185 3522 1251 πρεσϐυτέρῳ.

2265 1332 2400 1393 Οἶδά
2437 1355 2530 1390 σου
2555 1338 2616 1391 τὸ
2650 1339 2824 1410 πρᾶον
2846 1379 2860 1402 ,
2914 1337 2974 1392 τὸ
3006 1337 3267 1402 ἐπιεικὲς,
3303 1337 3365 1391 τδ
3394 1338 3631 1408 χρηστὸν
3651 1380 3666 1400 ,
3707 1336 3768 1391 τὸ

2159 1407 2390 1509 Ιγλυκὺ,
2412 1442 2474 1494 τὸ
2501 1407 2823 1515 θερμὸν-τῆς
2853 1444 3094 1515 ἀγάπης,
3124 1443 3186 1497 τὸ
3221 1445 3443 1514 γνήσιον
3467 1445 3562 1516 τῆς
3590 1444 3770 1499 διαθέ·

2199 1564 2337 1611 σεως
2362 1549 2460 1618 τῆς
2491 1549 2618 1620 περὶ
2659 1550 2825 1619 ἡμᾶς.
2859 1548 2949 1602 Διὸ
2984 1549 3080 1601 καὶ
3116 1550 3510 1619 προσαγορεύω
3544 1567 3637 1602 σου
3666 1549 3769 1620 τὴν

2195 1652 2486 1722 τιμιότητα
2528 1651 2667 1722 μετά
2711 1651 2914 1721 πολλῆς
2961 1653 3060 1722 τῆς
3090 1653 3436 1723 προθυμίας,
3468 1655 3559 1707 καὶ
3603 1655 3766 1723 δῆλον

2198 1758 2358 1821 ποιῶ,
2387 1758 2468 1811 ὅτι
2491 1758 2731 1829 ὅπουπερ
2761 1758 2826 1812 ἃν
2849 1752 2962 1822 ὧι),
2988 1759 3079 1810 ἐπὶ
3108 1758 3345 1823 διανοίας
3370 1777 3428 1812 σε
3463 1761 3760 1830 περιφέρω.

2198 1863 2513 1936 Παρακαλῶ
2540 1863 2739 1927 τοίνυν,
2767 1864 2853 1918 ἴνα
2882 1865 2976 1918 καὶ
3013 1865 3098 1917 ἐτέ
3110 1883 3205 1938 ραν
3230 1864 3516 1935 δεχώμεθα
3541 1865 3638 1936 τὴν
3676 1865 3766 1917 εὑο

2201 1967 2494 2042 φροςύνην,
2533 1968 2606 2039 μὴ
2639 1969 2801 2040 μόνον
2830 1969 2937 2022 ἀπὸ
2965 1969 3058 2022 τοῦ
3094 1969 3346 2041 γράφειν,
3375 1969 3512 2023 ἀλλά
3544 1971 3638 2024 καὶ
3667 1969 3775 2024 ἀπὸ

2200 2073 2292 2128 τοῦ
2333 2074 2628 2146 μανθάνειν
2656 2073 2725 2128 τά
2767 2075 2895 2144 περὶ
2931 2074 3032 2144 τῆς
3081 2075 3269 2143 ὑγείας
3301 2075 3403 2144 τῆς
3444 2076 3562 2144 σῆς,
3611 2075 3774 2146 δήλου

2202 2183 2334 2252 ἡμῖν
2362 2180 2535 2236 ταῦτα
2569 2180 2828 2251 συνεχῶς.
2853 2180 2972 2234 Κάν
3001 2179 3108 2252 γάρ
3135 2183 3214 2244 είς
3232 2181 3621 2252 χαλεπωτέραν
3645 2178 3777 2234 ταύ-

2203 2304 2303 2358 της
2339 2287 2576 2359 ἐρημίαν
2609 2288 3023 2359 ἀπενεχθῶμεν,
3072 2289 3349 2358 δεχόμενοι
3382 2287 3607 2342 τοιαῦτα
3641 2291 3776 2360 παρ’

2205 2394 2358 2465 ὑμῶν
2385 2394 2491 2448 τῶν
2522 2394 2860 2463 ἀγαπώντων
2889 2396 3038 2466 ἡμᾶς
3070 2394 3392 2466 γράμματα,
3419 2395 3618 2465 πολλῆς
3642 2397 3782 2451 ἀπο-

2203 2499 2518 2571 λαυσόμεθα
2539 2501 2640 2572 τῆς
2672 2499 3031 2572 εὐφροσύνης.

2709 2658 2880 2728 Σιστ.
2920 2660 3269 2724 Μουσωνίῳ.

2277 2814 2386 2868 Καὶ
2426 2813 2526 2885 ἤδη
2561 2811 2980 2883 ἐπεστάλκαμέν
3017 2829 3110 2867 σου
3144 2815 3211 2883 τῇ
3241 2809 3511 2880 εὐγενείᾳ,
3541 2809 3786 2864 δέσποτά

2211 2930 2310 2984 μου
2351 2911 2648 2984 τιμιώτατε
2687 2914 2782 2968 καὶ
2828 2913 3227 2977 εὑλαϐέστατε,
3273 2913 3368 2968 καὶ
3398 2913 3492 2967 νῦν
3529 2914 3587 2966 τὺ
3646 2912 3783 2968 αὑτδ

2207 3018 2368 3072 πάλιν
2403 3017 2684 3088 ποιοῦμεν,
2712 3019 2889 3072 καίτοι
2920 3018 3052 3090 μηδέ
3085 3017 3232 3084 ἅπαξ
3261 3017 3356 3072 σοῦ
3387 3019 3788 3082 ἐπεσταλκότος

2207 3124 2359 3194 ἡμῖν.
2391 3123 2530 3176 Ἀλλ’
2557 3123 2706 3194 ὅμως
2738 3124 2904 3194 ἡμεῖς
2927 3124 2985 3177 οὑ
3014 3103 3363 3195 διαλείψομεν
3391 3125 3628 3194 συνεχῶς
3654 3125 3787 3196 ὑμῖν

2208 3225 2638 3291 ἐπιστέλλοντες,
2663 3227 2756 3281 καὶ
2781 3227 2840 3280 τὸ
2865 3229 2995 3300 ἡμῖν
3025 3229 3207 3292 αὑτοῖς
3237 3229 3446 3299 πρέπον
3477 3227 3784 3296 ποιοῦντες.

2222 3331 2583 3402 Ἐόουλόμεθα
2606 3329 2714 3404 γάρ
2735 3332 2828 3385 καὶ
2851 3331 3182 3403 πυκνότερον
3199 3331 3355 3385 τοῦτο
3378 3336 3551 3385 ποιεῖν
3569 3330 3791 3404 ’ἐπειδὴ

2208 3437 2383 3492 δὲκαὶ
2423 3438 2479 3490 ἐν
2512 3438 2718 3510 ἐρημίᾳ
2760 3437 2926 3510 πολλῇ
2955 3437 3156 3509 χωρίου
3206 3437 3575 3508 διατρίϐομεν,
3627 3438 3728 3490 καὶ
3761 3440 3792 3490 ὁ

2208 3541 2318 3596 τῶν
2347 3541 2560 3612 λῃστῶν
2603 3541 2768 3611 φόῦος
2809 3542 3091 3612 πολιορκεῖ
3123 3541 3221 3611 τὴν
3276 3541 3453 3605 πόλιν,
3490 3541 3582 3594 καὶ
3622 3542 3658 3611 ἠ
3691 3540 3790 3595 τοῦ

2209 3642 2480 3713 χειμῶνος
2503 3642 2624 3714 ὥρα
2655 3642 2990 3714 ἀποτειχίζει
3013 3642 3111 3707 τὰς
3137 3643 3314 3710 ὁδοὺς,
3335 3643 3430 3696 καὶ
3453 3642 3627 3696 ταῦτα
3651 3644 3800 3696 πάν-

2209 3765 2279 3801 τα
2310 3747 2409 3800 οὑκ
2440 3746 2632 3816 ἀφίησι
2675 3746 2902 3810 πολλοὺς
2938 3748 3069 3817 ἡμῖν
3101 3747 3341 3817 συνεχῶς
3373 3745 3790 3817 ἐπιχωριάζειν,

2211 3851 2374 3922 ἡνίκα
2399 3850 2464 3905 ἀν
2493 3850 2611 3922 ἐξῇ,
2631 3852 2726 3905 καὶ
2759 3850 3250 3923 γραμματηφόρων
3284 3850 3649 3922 ἐπιτύχωμεν,
3688 3851 3795 3922 τὴν

2212 3953 2570 4025 ὀφειλομένην
2589 3954 2892 4025 πρόσρησιν
2918 3952 3276 4024 ἀποδιδόαμέν
3296 3970 3388 4006 σου
3408 3955 3472 4024 τῇ
3503 3953 3794 4022 εὐλαϐείᾳ.

2219 4061 2409 4132 Ἴσμεν
2439 4060 2547 4132 γάρ
2581 4077 2674 4113 σου
2702 4059 2764 4113 τὸ
2796 4061 3018 4129 γνήσιον
3047 4058 3150 4129 τῆς
3177 4060 3416 4130 ἀγάπης,
3452 4060 3550 4131 τὴν
3578 4059 3799 4132 θερμὴν

2215 4167 2473 4232 διάθεσιν,
2503 4167 2564 4220 τὸ
2593 4165 2996 4238 ἀπερίτρεπτον
3024 4165 3122 4236 τῆς
3158 4164 3404 4236 γνώμης,
3439 4163 3537 4236 τὴν
3571 4165 3797 4219 ἐλευθε-

2219 4269 2360 4341 ρίαν,
2388 4267 2450 4322 τό
2477 4268 2856 4341 ἀνυπόκριτον.
2886 4268 2975 4321 Διὸ
3008 4269 3102 4322 καὶ
3131 4269 3225 4322 ἐπὶ
3265 4271 3483 4340 μνήμης
3517 4286 3580 4321 σε
3614 4269 3804 4340 διηνε-

2215 4372 2328 4435 κῶς
2356 4373 2759 4444 περιφέρομεν,
2811 4373 3056 4444 ὅπουπερ
3094 4372 3159 4426 ἂν
3183 4367 3362 4443 ὦμεν,
3399 4372 3490 4425 καὶ
3533 4371 3802 4426 ἐπιλαθέ-

2217 4476 2340 4531 σθαι
2370 4493 2464 4531 σου
2493 4477 2593 4547 τῆς
2623 4477 2920 4548 ἐμμελείας
2952 4477 3013 4530 οὑ
3037 4475 3332 4547 δυνάμεθα.
3364 4476 3480 4528 Ἵνα
3504 4475 3564 4528 δὲ
3601 4476 3678 4546 μὴ
3720 4475 3802 4546 τῷ

2156 4653 2158 4656 ν
2203 4579 2447 4652 τγράφειν
2485 4577 2675 4649 μόνον,
2731 4577 2869 4632 ἀλλά
2917 4578 3012 4631 καὶ
3059 4576 3134 4648 τῷ
3165 4575 3416 4646 δέχεσθαι
3449 4574 3803 4645 γράμματα,

2216 4681 2344 4753 περὶ
2379 4683 2476 4752 τῆς
2513 4679 2702 4748 ὑγείας
2732 4680 2831 4750 τῆς
2867 4680 2968 4749 σῆς
3003 4677 3289 4749 δηλοῦντα,
3345 4675 3809 4749 εὐφραινώμεθα,

2217 4783 2403 4856 πέμπε
2433 4784 2671 4856 συνεχῶς
2701 4786 2834 4855 ἡμῖν
2860 4781 3113 4847 τοιαύτας
3157 4781 3464 4844 ἐπιστολάς.
3492 4779 3654 4834 Οὕτω
3692 4782 3810 4854 γάρ

2216 4888 2310 4942 καὶ
2336 4887 2617 4960 πόρρωθεν
2651 4887 2802 4950 ὄντες
2849 4887 3052 4956 πολλὴν
3087 4883 3498 4956 καρπωσόμεθα
3533 4883 3646 4936 ἀπὸ
3695 4883 3816 4935 τῶν

2217 4991 2474 5045 τοιούτων
2506 4989 2852 5061 γραμμάτων
2897 4987 3274 5059 παραμυθίαν,
3315 4988 3447 5040 ὅταν
3479 4984 3811 5055 ἀκούωμεν,

2219 5096 2300 5149 ὅτι
2351 5096 2510 5166 ὑμεῖς
2545 5096 2595 5148 οί
2626 5094 2846 5165 σφοδροὶ
2904 5092 3063 5164 ἡμῶν
3089 5092 3318 5164 ἐρασταὶ
3361 5090 3455 5144 καὶ
3498 5088 3701 5160 θερμοὶ
3749 5092 3816 5143 ἐν

2219 5183 2452 5254 εὑθυμίᾳ
2474 5183 2568 5236 καὶ
2589 5181 2859 5252 ἀσφαλείᾳ
2886 5179 3121 5247 διάγετε,

2724 5341 2886 5393 ΣΙΖ’.
2924 5337 3287 5401 Ralm-tim).

2293 5491 2424 5549 Οἷδά
2454 5512 2547 5548 σου
2575 5495 2672 5567 τὴν
2700 5494 2980 5565 φιλότιμον
3002 5493 3201 5564 ψυχὴν,
3230 5491 3323 5545 τὸν
3351 5491 3534 5554 ἔρωτα
3559 5493 3649 5547 τὸν
3685 5490 3819 5559 θερ-

2284 5678 2315 5721 δ
2339 5677 2420 5729 Sic
2441 5693 2613 5731 omnes
2635 5693 2747 5730 mss.
2772 5681 2901 5731 Edit.
2927 5681 3134 5745 ὅπουπερ
3156 5681 3212 5728 ἀν
3233 5681 3374 5742 ὦμεν.
