4064 6218
312 207 416 265 729

313 326 454 392 poris
503 329 569 379 ad
623 332 850 399 futuram
902 337 1140 408 gloriam,
1191 360 1305 410 qum
1350 351 1646 407 revelabitur
1674 355 1724 410 in
1765 359 1908 414 nobis

312 415 508 485 (llam.
536 418 589 474 8.
617 419 737 494 18).

347 529 569 587 CCXI-1.
601 535 881 610 Theophila
905 545 1211 617 presbytero.
1245 549 1493 619 (Cucuso
1522 573 1663 613 anno
1701 561 1823 617 404.
1849 564 1867 634 )

394 643 751 704 Vehementer
797 653 964 718 dolui,
1011 672 1132 712 cum
1177 663 1355 717 audivi
1407 677 1458 722 te
1509 684 1572 724 ac
1618 670 1903 730 Salustiizm

320 734 690 806 presbyterum
719 740 859 798 haud
891 743 1199 817 frequenter
1226 754 1291 808 ad
1320 758 1597 816 collectam
1626 765 1901 832 accedere,

311 844 488 900 neque
540 835 861 892 mediocrem
916 841 965 895 id
997 844 1128 899 mihi
1183 863 1468 907 mmrorem
1512 855 1725 912 inussit.
1774 860 1904 915 Peto

312 921 492 991 igitur,
549 936 625 992 ut,
680 929 724 981 si
778 932 991 1000 quidem
1044 936 1096 990 id
1150 937 1340 995 falsum
1389 943 1478 1007 sit,
1508 936 1743 1003 indicare
1773 950 1902 1004 mihi

309 1013 591 1082 studeatis,
622 1019 762 1087 quod
790 1021 908 1078 sine
937 1040 1096 1081 causa
1123 1029 1443 1088 calumniam
1473 1038 1613 1104 passi
1637 1040 1786 1105 sitis;
1821 1042 1899 1095 sin

313 1119 520 1172 verum,
560 1111 821 1179 ejusmodi
852 1120 1222 1191 negligentiam
1268 1128 1584 1186 emendetis.
1636 1131 1705 1187 Ut
1759 1135 1900 1190 enim

313 1197 544 1254 maxima
575 1203 726 1259 vobis
771 1223 975 1265 merces
1018 1216 1378 1284 constituitur,
1409 1225 1701 1289 przesertim
1752 1227 1795 1279 si
1847 1227 1898 1281 in

311 1286 414 1343 hoc
463 1294 664 1348 satculo
709 1302 1115 1359 convenientem
1144 1307 1511 1365 fortitudinem
1555 1313 1852 1370 exhibeatis
1881 1351 1898 1379 ,

316 1377 389 1433 ita
420 1395 526 1436 non
570 1387 842 1444 mediocre
886 1393 1038 1449 vobis
1076 1396 1332 1465 judicium
1365 1402 1626 1472 imminet,
1654 1408 1698 1461 si
1729 1408 1900 1479 negli-

311 1485 496 1540 gentes
521 1477 640 1534 sitis
669 1495 732 1535 ac
772 1485 1002 1551 remissi,
1035 1505 1208 1559 neque
1255 1508 1474 1550 munere
1506 1509 1685 1553 vestro
1713 1501 1900 1572 funga-

311 1566 463 1620 mini.
516 1566 676 1624 Scitis
704 1587 934 1644 namque
972 1578 1096 1646 quid
1134 1596 1322 1649 passus
1368 1585 1456 1640 ille
1516 1586 1673 1644 fuerit
1698 1593 1786 1660 qui
1808 1566 1899 1647 ta-

314 1655 513 1711 lentum
546 1676 706 1715 unum
734 1663 1032 1737 defoderat,
1079 1671 1167 1739 qui
1219 1673 1288 1728 de
1331 1676 1478 1730 nullo
1528 1679 1634 1734 alio
1677 1655 1900 1740 crimine

312 1758 614 1814 accusatus,
642 1754 712 1808 ob
743 1755 842 1810 hoc
864 1759 1034 1813 solum
1063 1763 1275 1830 punitus
1315 1778 1417 1834 est,
1467 1778 1523 1824 et
1571 1772 1898 1832 inevitabiles

314 1853 500 1908 pinnas
523 1842 688 1897 dedit.
719 1845 852 1903 Date
880 1850 1039 1919 igitur
1079 1867 1319 1922 operam,
1347 1867 1405 1911 ut
1433 1875 1520 1914 me
1547 1877 1704 1930 quam
1731 1866 1900 1921 celer—

307 1931 447 1987 rime
473 1947 599 1987 cura
639 1935 895 1993 liberetis.
931 1941 996 1996 Ut
1019 1944 1160 1998 cnim
1187 1959 1448 2003 summam
1479 1955 1895 2011 consolationem

305 2021 439 2077 mihi
468 2025 670 2093 praebet
697 2043 760 2082 ac
788 2031 1051 2098 solatium,
1083 2049 1204 2090 cum
1232 2039 1394 2094 audio
1436 2057 1530 2096 vos
1576 2059 1698 2099 cum
1750 2048 1896 2102 omni

304 2112 578 2172 alacritate
632 2121 884 2188 populum
936 2125 1240 2182 universum
1284 2141 1597 2202 tempestate
1639 2136 1895 2206 jactatum

306 2203 572 2263 instruere
591 2243 611 2273 ,
646 2211 724 2264 sic
745 2226 866 2267 cum
888 2215 1126 2272 adfertur
1156 2220 1222 2274 ad
1276 2237 1363 2276 me
1391 2225 1648 2293 quosdam
1699 2243 1895 2299 segnes

309 2311 464 2364 esse,
495 2316 600 2355 non
631 2303 955 2361 mediocrem
987 2309 1114 2364 mihi
1145 2315 1396 2382 segnities
1417 2317 1626 2373 illorum
1654 2320 1894 2377 dolorem

304 2385 488 2444 inurit.
515 2390 659 2447 Sane
684 2395 898 2466 quidem
928 2400 1346 2468 pulcherrimum
1377 2407 1524 2462 illum
1553 2424 1767 2482 gregem
1799 2412 1893 2468 Dei

301 2480 470 2549 gratia
499 2486 735 2552 quotidie
779 2492 1078 2558 conlirmat,
1114 2505 1172 2550 ut
1195 2511 1292 2552 vos
1311 2515 1521 2570 quoque
1549 2480 1723 2572 reip'sa
1747 2519 1895 2560 com-

302 2572 515 2639 peristis
543 2592 557 2626 :
587 2577 677 2646 qui
705 2593 832 2634 vero
869 2598 980 2650 pra:
1027 2585 1187 2640 nimia
1215 2589 1554 2660 negligentia,
1604 2609 1722 2663 qua;
1765 2610 1892 2649 sua-

302 2674 424 2717 rum
468 2674 593 2719 sunt
639 2670 889 2738 partium,
941 2685 1198 2743 praestare
1241 2678 1510 2748 desinunt,
1549 2697 1658 2738 non
1683 2685 1889 2740 medio-

301 2765 394 2806 cre
418 2768 513 2823 per
541 2755 786 2814 inertiam
809 2763 1069 2832 ejusmodi
1097 2768 1198 2822 sibi
1219 2769 1477 2839 judicium
1504 2785 1811 2831 accersunt.

298 2859 556 2922 CCXIII.
623 2869 866 2944 Philippo
912 2877 1217 2949 presbytero.
1269 2881 1289 2952 (
1311 2881 1519 2940 Cucuso
1549 2901 1689 2943 anno
1720 2888 1888 2961 404.)

381 2975 603 3034 Miratus
628 2996 768 3049 sum,
798 2986 884 3056 qui
911 2986 1108 3044 factum
1138 2994 1226 3057 sit,
1251 3001 1310 3048 ut
1334 3002 1437 3049 tam
1467 2998 1718 3055 diuturno
1750 3011 1886 3058 tem-

299 3081 428 3136 pore
453 3069 581 3124 nihil
602 3072 668 3126 ad
696 3089 796 3130 nos
821 3078 1156 3148 scripseris;
1181 3091 1339 3154 atque
1367 3087 1518 3143 nobis
1541 3089 1754 3160 quidem
1801 3093 1887 3149 vel

295 3160 610 3218 absentibus
649 3181 757 3221 non
809 3171 1131 3228 mediocrem
1171 3190 1409 3233 amorem
1437 3181 1761 3250 exhibueris,
1792 3185 1887 3240 scd

297 3267 397 3308 nos
443 3255 715 3314 literarum
775 3271 982 3318 tuarum
1052 3269 1339 3339 participes
1405 3273 1624 3330 minime
1673 3275 1883 3332 feceris.

295 3343 448 3400 Nunc
477 3349 666 3404 saltem
696 3351 762 3406 ad
789 3369 890 3408 nos
919 3357 1154 3414 scribere
1182 3375 1251 3415 ne
1281 3363 1568 3432 pigritcris,
1612 3381 1675 3422 ac
1701 3367 1768 3423 de
1798 3378 1886 3424 tua

295 3437 605 3496 valetudine
632 3440 812 3499 facere
837 3448 1093 3503 certiores
1124 3467 1138 3504 :
1166 3466 1291 3507 nam
1334 3454 1456 3510 licet
1497 3471 1603 3510 non
1649 3458 1883 3529 scribas,

294 3526 364 3584 de
388 3529 549 3585 rebus
595 3534 698 3589 tuis
756 3536 1112 3607 sciscitamur,
1141 3553 1195 3596 et
1234 3559 1332 3598 vos
1361 3545 1644 3604 didicimus
1671 3565 1702 3604 a
1727 3550 1886 3605 scho-

295 3618 342 3672 la
379 3619 455 3692 (α)
490 3623 678 3691 pulsos
705 3624 890 3694 fuisse,
945 3645 1066 3686 cum
1113 3648 1232 3688 eam
1262 3636 1513 3706 loquendi
1565 3640 1882 3712 libertatem,

293 3723 458 3780 quam
485 3729 582 3783 par
607 3729 743 3784 crat,
785 3719 1185 3780 exhibuissetis.
1212 3726 1325 3782 Hoc
1352 3730 1504 3785 vobis
1532 3748 1759 3802 merces,
1783 3735 1886 3791 hoc

292 3800 525 3858 ctelestis
551 3815 634 3860 est
674 3811 964 3878 negotiatio
982 3852 999 3880 ,
1051 3813 1152 3870 hoc
1180 3815 1493 3875 immortalis
1518 3800 1752 3892 corona,
1782 3824 1885 3882 hoc

298 3897 582 3965 congeries
611 3902 972 3969 praemiorum.
1018 3905 1142 3962 Haec
1169 3908 1326 3979 igitur
1376 3914 1555 3970 omnia
1605 3916 1880 3972 vobiscum

296 3993 630 4055 reputantes,
654 3992 907 4063 quidquid
927 3997 1200 4060 acciderit.
1227 4015 1485 4070 generose
1527 4005 1676 4062 ferte.
1704 4008 1886 4066 Potest

291 4077 436 4131 enim
463 4079 602 4134 Deus
637 4086 956 4142 tentationes
1007 4089 1133 4144 istas
1159 4091 1446 4162 depellere,
1476 4112 1540 4152 ac
1581 4101 1881 4170 tranquilli—

292 4176 455 4222 tatem
505 4175 895 4243 quamprimum
967 4181 1258 4252 reducere,
1307 4187 1560 4258 vobisque
1612 4193 1880 4261 copiosam

175 4291 198 4298 -
293 4260 450 4316 istius
474 4265 740 4332 patientiae
769 4273 1070 4327 mercedem
1104 4275 1154 4328 in
1186 4275 1286 4332 hac
1311 4278 1416 4333 vita
1468 4290 1523 4336 et
1576 4282 1629 4337 in
1683 4285 1881 4340 smculo

291 4349 474 4406 futuro
500 4354 700 4425 largiri.

402 4464 646 4521 CCXIV.
701 4469 1002 4528 Sebastiano
1053 4478 1362 4549 presbytero.
1417 4485 1658 4556 (Scripta
1706 4489 1773 4544 ab

770 4579 910 4618 anno
961 4566 1066 4622 404
1102 4571 1168 4624 ad
1207 4572 1370 4644 407.)

359 4667 476 4722 Etsi
505 4685 732 4741 corpore
757 4690 786 4727 a
817 4687 902 4730 tua
933 4683 1232 4738 reverentia
1269 4689 1456 4741 remoti
1481 4706 1682 4757 sumus,
1737 4695 1874 4748 cari-

461 4811 601 4855 Erant
632 4812 1036 4882 Constantinololi
1075 4818 1271 4877 Scholm,
1311 4834 1399 4870 seu
1422 4824 1648 4876 cohortes
1670 4829 1873 4882 militum

280 4866 604 4974 palatinorum
625 4871 685 4918 ad
701 4866 963 4922 custodiam
985 4866 1290 4941 [inperatoris
1305 4866 1648 4948 idfué'ﬁhihiii",

299 4929 522 4974 renuens
543 4935 726 4974 mentio
760 4936 884 4974 aliud
901 4939 1160 4974 minuit-au
1205 4946 1416 4974 ηιανςηηο
1461 4954 1698 4974 υ.,..,....;,.,.
1759 4961 1773 4974 .
1793 4969 1812 4974 Α
1826 4971 1860 4974 __

299 4929 522 4999 requeus
543 4935 726 5012 meLntio
760 4936 885 5012 apud
901 4929 1162 5012 scriptores
1186 4929 1419 5012 madide?

283 4991 432 5070 etiam
457 4990 503 5036 in
525 4994 702 5063 quibus
723 4990 1039 5070 versabantur
1055 4990 1248 5070 scholae
1257 4990 1871 5070 '“tiiijiiguio‘dT'éiidia'iﬁiii

280 5057 334 5098 et
358 5051 672 5141 irsannoimne
694 5059 989 5141 gaudebant:
1007 5051 1870 5141 Ει-ξυιιὶιέωξῖῂῖόιὲνεῆίξενῷἷῆίξὲἓξ

279 5124 396 5172 qua:
419 5125 641 5192 perferre
664 5130 939 5192 accumula.
975 5129 1024 5172 tn
1049 5127 1273 5192 .Eeclesia
1313 5129 1458 5182 latina
1503 5124 1682 5186 Scholaé
1703 5124 1868 5192 abici:

281 5185 762 5255 ruitimkemuranntur,
805 5182 1009 5247 aliaeque
1037 5187 1164 5255 item
1207 5190 1405 5242 scholze.
1453 5182 1870 5255 rrbiiib'bﬁ'ééﬁs

282 5234 884 5322 pittatdbggcml’bilippum
897 5319 910 5322 Α
918 5234 1405 5322 ρῖγςεῦᾖρὲυῆῗὲῖ

281 5305 1033 5386 Egbltgrumznqu‘i‘efjchuola
1048 5305 1215 5385 piulsus
1248 5305 1398 5386 luisse
1417 5305 1734 5386 diuiti-765a
1745 5305 1865 5386 373i

282 5360 982 5450 ,ι’ωὲδειὲξρριςε
1012 5360 1864 5450 οὑῇιιέρίἐιὶιῖῖιῖιῆιῖεἶὶοᾟ-,Ὲῖιῖἆιιῖἱξξ

281 5420 364 5504 ΣΞ
374 5420 451 5504 ἐξ
476 5422 651 5504 sese}:
678 5420 1276 5504 agmiasuca‘quap'iam'
1295 5420 1867 5504 (mammam;

281 5489 465 5573 sese
473 5487 1170 5573 remeasse,
1186 5487 1457 5573 suam
1479 5487 1866 5573 βέάῐέεῖέὂὲῗὲῖ

283 5543 639 5633 ἓξέοξρωέίξὶο
658 5549 968 5633 ΕΡ¹⁶⁰⁵;.“θε.
983 5556 1033 5605 in
1072 5543 1863 5633 ίὲἐθᾷἷὶἒὶὲἐῖυῗῗὶἓῗιέ⁶ῖίέῑέἷ

282 5602 415 5652 dium
433 5605 510 5700 cui
522 5609 623 5700 vita
649 5602 994 5700 Elt‘rylsostomi,
1003 5602 1058 5667 ἱ.
1072 5602 1861 5700 ’Ξόζ’πῖιῖειῖιῆὶὶι“ἐ’ξὸὲᾶἱ¹ιὶἶ”Αὲἕὲἶέξ

289 5681 343 5722 et
364 5673 626 5737 presbyter
649 5679 949 5734 Scbolarutn.

611 5798 889 5859 Parnm.
934 5803 1050 5863 (in.
1103 5805 1224 5866 Lll.

1796 245 2170 312 EPISTOL£.

3493 293 3598 346 730

2016 377 2126 426 tate
2157 380 2331 430 tamen
2363 386 2536 436 tecum
2563 383 2792 442 devincti
2818 404 3022 455 sumus,
3051 405 3104 448 et
3132 396 3451 472 ubicumque
3481 403 3592 458 lue-

2014 463 2200 532 rimus,
2229 469 2518 527 amicitiam
2548 483 2688 531 tuam
2719 483 2974 538 memoria
3002 487 3446 556 circumlerimus,
3475 493 3592 548 licet

2013 554 2078 608 ad
2109 556 2252 626 ipsos
2279 561 2424 619 orbis
2450 572 2710 624 terrarum
2741 571 2873 628 ﬁnes
2922 577 3138 647 relegati
3183 580 3370 637 simus.
3420 585 3489 638 At
3539 596 3596 640 tu

2012 662 2224 720 quoque
2252 665 2562 725 perpetuam
2591 664 2758 718 nostri
2790 670 3101 725 memoriam
3131 673 3254 742 quin
3283 689 3592 738 conserves.

2014 740 2154 794 nulla
2197 745 2404 801 ratione
2433 749 2666 806 arbitror
2693 769 2814 812 esse
2843 740 3212 817 dubitandum.
3244 764 3374 820 Novi
3402 767 3597 838 quippe

2011 833 2371 894 sinceritatem
2393 846 2591 900 amoris
2618 848 2713 915 tui,
2742 851 2981 908 caritatis
3008 854 3331 926 ﬁrmitatem,
3355 869 3409 914 et
3433 862 3594 916 animi

2012 927 2086 980 tui
2111 936 2488 991 constantiam.
2517 939 2776 1007 Quocirca
2805 954 2856 1001 te
2883 962 3094 1005 oramus
3121 961 3178 1006 ut
3199 951 3502 1024 frequenter
3528 956 3593 1010 ad

2009 1032 2108 1072 nos
2139 1023 2362 1091 scribas,
2393 1041 2456 1083 ac
2495 1032 2563 1086 de
2601 1041 2688 1088 tua
2719 1050 2974 1107 prospera
3001 1023 3304 1098 valetudine
3342 1045 3594 1101 certiores

2008 1125 2105 1165 nos
2132 1112 2314 1171 facias.
2339 1117 2470 1174 Nam
2501 1122 2568 1179 de
2587 1126 2704 1194 ejus
2731 1137 2873 1186 statu
2924 1133 3150 1190 subinde
3188 1140 3394 1193 moneri
3442 1153 3593 1193 sum-

2006 1215 2225 1273 m0pere
2272 1207 2671 1282 desideramus;
2695 1228 2747 1273 et
2778 1235 2882 1274 non
2905 1223 3228 1280 mediocrem
3258 1228 3584 1283 consolatio-

2007 1310 2130 1350 nem
2157 1339 2172 1361 ,
2205 1300 2331 1355 dum
2363 1303 2415 1356 in
2454 1305 2551 1360 hac
2576 1309 2863 1367 solitudine
2889 1313 3132 1386 degimus
3153 1359 3167 1384 ,
3201 1334 3268 1373 ex
3333 1320 3594 1388 ejusmodi

2005 1384 2279 1444 literarum
2306 1393 2536 1451 lectione
2569 1400 2861 1468 capiemus.

2005 1519 2211 1577 CCXV.
2247 1523 2459 1599 Pelagio
2517 1534 2823 1605 presbytero.
2880 1537 3122 1610 (Scripta
3175 1543 3242 1597 ab
3289 1559 3430 1598 anno
3483 1545 3587 1599 405

2677 1629 2742 1683 ad
2774 1631 2934 1703 407.)

2073 1747 2532 1811 Mansuetudinem
2588 1768 2770 1828 tuam,
2839 1766 3186 1833 modestiam,
3239 1771 3588 1839 probitatem,

2004 1842 2239 1899 caritatis
2307 1847 2552 1905 ardorem
2583 1892 2598 1919 ,
2655 1857 2854 1912 amoris
2909 1873 3034 1928 erga
3083 1876 3182 1915 nos
3229 1863 3589 1919 sinceritatem

2003 1925 2330 2004 exploratam
2362 1940 2551 1997 habeo.
2585 1945 2786 2002 Idcirco
2814 1950 2981 2005 multo
3028 1966 3149 2006 cum
3200 1953 3393 2010 all‘ectu
3432 1971 3590 2011 reve-

2003 2026 2228 2081 rentiam
2258 2038 2400 2085 tuam
2427 2033 2620 2101 saluto,
2650 2052 2714 2092 ac
2739 2039 2977 2109 signiﬁco
3005 2051 3055 2096 te
3075 2058 3104 2096 a
3138 2059 3241 2108 me,
3273 2046 3590 2117 ubicumque

1999 2123 2236 2191 gentium
2266 2126 2436 2194 fuero,
2466 2131 2644 2185 animo
2669 2132 3022 2190 circumferri.
3046 2136 3154 2191 Fac
3183 2137 3362 2207 igitur,
3381 2154 3586 2208 quaeso.

2003 2226 2062 2268 ut
2080 2214 2306 2271 alteram
2355 2221 2710 2290 percipiamus
2736 2223 3084 2294 voluptatem,
3108 2242 3214 2280 non
3238 2228 3408 2282 solum
3433 2244 3498 2284 ex
3525 2245 3589 2284 eo

2001 2311 2140 2379 quod
2171 2312 2340 2369 literae
2367 2317 2662 2395 mittantur,
2697 2319 2791 2374 sed
2820 2323 2982 2377 etiam
3010 2337 3074 2377 ex
3099 2338 3164 2378 co
3189 2325 3332 2395 quod
3375 2325 3444 2381 de
3499 2335 3584 2382 tua

2000 2401 2307 2459 valetudine
2343 2392 2602 2465 certiores
2643 2411 2832 2466 ﬁamus
2865 2431 2878 2467 :
2906 2413 3022 2469 base
3073 2415 3227 2471 nobis
3283 2417 3586 2489 frequenter

1999 2490 2257 2560 signiﬁca.
2287 2494 2437 2552 Licet
2454 2502 2596 2554 enim
2622 2501 2674 2555 in
2701 2505 3052 2572 asperrimam
3080 2505 3217 2561 hanc
3245 2509 3582 2564 solitudinem

1999 2585 2217 2656 relegati
2239 2588 2427 2656 simus,
2451 2608 2571 2647 cum
2601 2593 2668 2648 ab
2689 2595 2876 2650 amicis
2897 2598 3095 2652 nostris
3121 2599 3384 2668 ejusmodi
3404 2601 3582 2656 literas

1996 2679 2380 2748 acceperimus,
2413 2683 2581 2738 multa
2609 2684 2789 2740 laetitia
2828 2687 3227 2756 perfundemur.

2193 2836 2437 2894 CCXVI.
2465 2838 2723 2894 Musonio.
2753 2841 3000 2913 (Cucuso
3038 2859 3178 2899 anno
3202 2845 3327 2900 404.
3354 2847 3372 2914 )

2068 2989 2134 3044 Et
2154 2989 2263 3060 jam
2291 2991 2602 3062 scripsimus
2623 2993 2688 3048 ad
2717 2996 3130 3064 generositatem
3157 3006 3324 3066 tuam,
3368 2997 3576 3055 domine

1994 3079 2065 3134 mi
2090 3080 2504 3138 bonoratissime
2531 3098 2595 3138 ac
2619 3084 3044 3155 religiosissime,
3077 3096 3132 3142 et
3167 3104 3307 3144 nunc
3351 3089 3576 3162 idipsuni

1992 3187 2189 3227 rursus
2207 3173 2434 3243 agimus,
2466 3175 2677 3230 tametsi
2725 3185 2780 3231 tu
2811 3192 2880 3232 ne
2932 3179 3096 3233 semel
3142 3181 3354 3250 quidem
3402 3182 3575 3236 litera:I

1992 3263 2056 3317 ad
2089 3280 2186 3320 nos
2214 3265 2447 3320 dederis.
2477 3265 2587 3321 Nos
2624 3275 2802 3323 tamen
2825 3269 3042 3325 crebras
3067 3270 3133 3324 ad
3164 3281 3216 3326 te
3246 3272 3425 3328 literas
3452 3273 3582 3328 dare

1992 3371 2097 3410 non
2124 3356 2474 3424 cessabimus,
2501 3366 2555 3412 et
2575 3358 2716 3429 quod
2744 3368 3000 3430 praestare
3027 3375 3122 3417 nos
3147 3361 3320 3424 decet,
3352 3373 3572 3433 praesta-

1992 3446 2186 3502 bimus.
2216 3446 2549 3518 Cuperemus
2578 3452 2722 3504 enim
2749 3451 2946 3521 saepius
2972 3451 3025 3507 id
3057 3467 3212 3523 agere
3259 3471 3273 3508 :
3319 3452 3414 3508 sed
3444 3468 3572 3522 quo-

1991 3541 2132 3596 niam
2147 3542 2198 3596 in
2212 3542 2330 3598 loco
2345 3541 2628 3598 admodum
2641 3543 2852 3600 deserto
2867 3561 3162 3610 versamur,
3181 3557 3234 3601 et
3247 3554 3390 3601 metu
3413 3545 3569 3599 latro-

1991 3649 2119 3688 nmn
2139 3633 2326 3688 civitas
2351 3635 2778 3700 circumsidetur,
2796 3652 2858 3692 ac
2879 3638 3132 3707 temporis
3145 3637 3354 3692 hiberni
3373 3645 3570 3706 asperi-

1991 3733 2073 3779 tas
2095 3725 2283 3779 itinera
2311 3725 2650 3793 intercludit;
2694 3743 2866 3798 neque
2897 3729 3208 3798 permittunt
3233 3728 3349 3784 hzec
3375 3729 3573 3793 omnia,

1991 3823 2050 3869 ut
2081 3815 2233 3868 multi
2267 3815 2333 3869 ad
2375 3831 2473 3871 nos
2494 3817 2797 3887 frequenter
2828 3817 3116 3873 accedant:
3139 3821 3570 3890 quotiescumque

1991 3909 2137 3975 licet,
2155 3918 2209 3964 et
2235 3909 2538 3966 tabellarios
2559 3911 2792 3967 nancisci
2816 3927 3120 3984 possumus,
3145 3913 3330 3984 pietati
3357 3923 3463 3968 tua;
3482 3913 3569 3968 de-

1989 3997 2155 4054 bitam
2171 3999 2540 4056 salutationem
2563 4003 2934 4072 persolvimus.
2954 4003 3084 4058 Nota
3103 4003 3298 4075 quippe
3320 4004 3473 4060 nobis
3493 4015 3570 4058 est

1988 4105 2054 4145 ac
2083 4101 2361 4161 perspecta
2404 4101 2506 4148 tua:
2546 4095 2785 4150 caritatis
2826 4095 3125 4163 sinceritas,
3153 4097 3351 4152 amoris
3388 4096 3567 4157 ardor.

1988 4182 2152 4236 animi
2179 4185 2476 4239 constantia
2500 4225 2516 4248 ,
2554 4193 2610 4240 et
2644 4185 2943 4256 ingenuitas
2971 4187 3038 4242 ab
3063 4189 3208 4242 omni
3235 4188 3567 4243 simulatione

1987 4275 2180 4329 aliena.
2203 4275 2320 4342 Quo
2347 4275 2424 4344 ﬁt,
2445 4287 2500 4332 ut
2521 4283 2777 4335 memoria
2801 4290 2852 4335 te
2871 4295 3086 4352 semper
3104 4281 3566 4348 circumferamus,

1989 4365 2310 4436 ubicumque
2345 4383 2622 4424 versemur
2643 4410 2660 4438 ,
2689 4384 2861 4442 neque
2901 4380 3006 4426 tua:
3033 4372 3309 4428 suavitatis
3332 4373 3565 4429 oblivisci

1987 4458 2270 4530 possimus.
2304 4458 2502 4514 Verum
2538 4469 2596 4515 ut
2634 4476 2739 4516 non
2767 4462 2939 4518 solum
2976 4463 3103 4519 dum
3131 4463 3448 4531 scribimus,
3475 4468 3564 4521 sed

1984 4551 2145 4605 etiam
2185 4550 2310 4606 dum
2351 4552 2532 4608 literas
2566 4554 2891 4625 accipimus,
2925 4557 3118 4627 quibus
3153 4557 3220 4612 de
3254 4565 3340 4612 tua
3377 4558 3568 4614 ﬁamus

1984 4641 2287 4697 valetudine
2306 4643 2579 4710 certiores,
2599 4646 2860 4713 laetemur,
2879 4647 3096 4704 crebras
3114 4647 3179 4703 ad
3195 4663 3293 4704 nos
3304 4648 3567 4720 ejusmodi

1983 4733 2234 4801 epistolas
2261 4736 2429 4789 mitte.
2463 4737 2552 4791 Sic
2577 4739 2740 4805 enim,
2769 4740 3010 4808 quamvis
3039 4740 3158 4796 loco
3184 4741 3337 4798 valde
3362 4741 3554 4802 dissiti.

1983 4825 2199 4880 multam
2226 4829 2644 4884 consolationem
2674 4845 2737 4884 ex
2768 4831 3030 4902 ejusmodi
3057 4833 3223 4889 literis
3247 4833 3567 4902 sentiemus,

1979 4928 2100 4969 cum
2129 4931 2256 4984 vos,
2289 4934 2316 4971 a
2355 4920 2544 4990 quibus
2574 4921 2919 4977 vehementer
2944 4931 3000 4978 et
3026 4925 3275 4982 ardenter
3299 4941 3567 4994 amamur,

1979 5007 2174 5064 hilares
2211 5020 2262 5064 et
2301 5024 2549 5081 expertes
2581 5014 2801 5084 periculi
2830 5015 3014 5071 vivere
3040 5016 3417 5087 intelligemus.

1978 5143 2251 5201 CCXVII.
2292 5147 2556 5204 Valentino
2595 5152 2692 5221 (a).
2729 5151 2957 5224 (Cucuso
2981 5169 3121 5209 anno
3149 5155 3253 5210 ιοι
3297 5157 3380 5211 vel
3409 5152 3560 5222 405.)

2050 5279 2346 5336 Liberalem
2379 5285 2614 5338 animum
2654 5295 2799 5341 tuum
2822 5329 2836 5352 ,
2869 5297 2923 5342 et
2951 5290 3149 5344 amoris
3188 5291 3434 5347 ardorem
3469 5305 3567 5344 cx-

2038 5459 2110 5521 (a)
2144 5466 2252 5532 Haec
2277 5461 2482 5524 epistola
2524 5465 2600 5515 bis
2633 5469 2808 5547 scripta
2852 5473 3101 5547 reperitur
3138 5475 3186 5547 in
3209 5474 3376 5547 codice
3395 5473 3562 5547 μυθικῇ·-

1972 5520 2110 5605 Eiano
2133 5535 2145 5570 :
2173 5520 2424 5605 primoque
2446 5520 2743 5605 numeratur
2760 5520 3088 5605 sexagesima
3111 5520 3300 5605 ocia'v'a:
3325 5537 3560 5605 etiuscri;

1972 5580 2103 5660 bitur
2129 5580 2401 5660 Sebastiaito
2419 5588 2730 5660 presbytero,
2753 5580 3300 5660 εεευῦᾘὸᾟῖιοῇξῇἶῂιῖ
3312 5580 3559 5660 (filiiﬁlii;

1971 5641 2142 5709 tenui.
2162 5652 2213 5694 et
2233 5641 2511 5702 inscribitur
2529 5641 2804 5705 ινᾶιεηιξὶπόξ
2816 5641 2969 5707 ἰτδὲἡέ
3085 5641 3556 5709 Ὲίὲϊᾶιιόξῐὸάεω

1977 5707 2081 5772 ipsa
2091 5716 2360 5778 scripserit.

3166 5833 3240 5888 22
3559 5863 3810 5947 Γ
