4064 6218
303 427 407 491 ’731

312 553 434 620 μον,
465 542 524 599 δν
545 561 612 598 πε
623 545 675 617 ρὶ
697 544 794 608 τὰς
813 542 923 598 τῶν
949 545 1198 616 πενήτων
1223 543 1368 614 ἔχεις
1392 541 1750 615 προστασίας,
1778 541 1878 610 τὴν

309 652 639 723 ἐπιθυμίανν
657 651 725 721 ἢν
747 649 836 704 ἀεὶ
865 650 993 722 περὶ
1021 651 1119 720 τὴν
1154 650 1326 722 καλὴν
1350 649 1554 720 ταύτην
1580 647 1883 702 ἐπιδείκνυ-

313 775 405 814 σαι
453 740 875 829 πραγματείαν,
924 755 1018 809 καὶ
1053 755 1340 828 παρέχων,
1393 755 1485 808 καὶ
1540 753 1662 825 μεθ’
1691 751 1884 824 ήδονῆς

312 863 470 916 τοῦτο
514 861 704 927 ποιῶν,
739 861 832 913 καὶ
875 859 1098 914 διπλοῦν
1131 877 1212 913 σοι
1242 860 1334 913 τὸν
1369 859 1631 928 στέφανον
1661 857 1751 909 τὸν
1785 855 1886 924 τῆς

314 964 724 1036 φιλανθρωπίας
765 963 860 1016 καὶ
916 961 1295 1034 λαμπρότερον
1349 958 1631 1023 καθιστάς,
1681 957 1775 1012 καὶ
1816 959 1883 1028 τῇ

310 1068 583 1140 δαψιλείᾳ,
620 1068 714 1120 καὶ
745 1068 812 1138 τῇ
835 1065 1029 1140 γνώμῃ
1053 1066 1148 1135 ἀφ’
1174 1061 1242 1139 ἦς
1269 1065 1362 1118 καὶ⁴
1393 1065 1427 1135 ή
1460 1061 1712 1132 δαψίλεια
1742 1059 1888 1129 γίνε-

315 1191 427 1227 ται.
466 1173 619 1225 Ἐπεὶ
653 1167 746 1225 οῦν
777 1170 1046 1243 ἐδήλωσεν
1073 1172 1202 1242 ἡμῖν
1233 1171 1262 1223 ὁ
1290 1167 1618 1240 τιμιώτατος
1646 1162 1888 1236 πρεσϐύ-

317 1298 475 1352 τερος
509 1279 854 1349 Δομετιανὸς,
883 1280 915 1332 ὁ
958 1279 1067 1332 τῶν
1102 1277 1288 1351 χηρῶν
1321 1277 1418 1332 καὶ
1455 1275 1742 1348 παρθένων
1780 1272 1888 1326 τῶν

318 1386 506 1441 αὐτόθι
555 1385 654 1457 τὴν
689 1384 1026 1456 προστασίαν
1072 1384 1244 1456 ἔχων,
1299 1384 1382 1437 δτι
1425 1381 1609 1454 σχεδὸν
1638 1383 1696 1434 ἐν
1745 1378 1888 1450 λιμῷ

319 1491 741 1562 καθεστήκασιν,
770 1487 957 1560 ῶσπερ
1000 1489 1080 1552 είς
1109 1488 1304 1559 λιμένα
1346 1485 1446 1550 τὰς
1475 1485 1577 1548 σάς
1611 1481 1886 1552 καταφεύ-

316 1611 486 1666 γομεν
519 1596 728 1665 χεῖρας,
763 1591 916 1665 [7‘20]
955 1590 1096 1646 ὥστε
1120 1591 1272 1645 τουτὶ
1305 1589 1466 1644 λῦσαι
1496 1588 1590 1642 τοῦ
1634 1586 1796 1658 λιμοῦ
1829 1586 1888 1639 τὸ

319 1701 601 1768 ναυάγιον.
631 1699 834 1770 Δέομαι
859 1695 953 1752 οὖν
988 1715 1104 1763 σου,
1129 1697 1225 1751 καί⁵
1254 1696 1457 1768 σφόδρα
1474 1695 1685 1766 δέομαι,
1721 1710 1888 1764 μετα-

321 1805 680 1876 πεμψάμενος
723 1804 816 1858 τὸν
860 1802 1251 1875 πρεσϐύτερον,
1293 1791 1429 1872 ὅπερ
1460 1799 1526 1854 ἂν
1641 1798 1888 1864 δυνατὸν,

316 1911 689 1983 ἐπικουρῆσαι
715 1909 1125 1982 παρακλήθητι.
1157 1907 1272 1978 Τῆς
1305 1907 1414 1979 γὰρ
1460 1908 1520 1960 ἐν
1542 1904 1686 1975 ἄλλῳ
1712 1903 1890 1975 καιρῷ

317 2014 689 2084 ἐλεημοσύνης
713 2013 747 2084 ή
777 2011 872 2066 νῦν
901 2010 1250 2083 παρεχομένη
1287 2008 1470 2079 πολλῷ
1498 2005 1719 2060 πλείονα
1749 2021 1891 2076 παρ-

319 2119 437 2190 έχει
479 2119 579 2190 τὴν
606 2117 863 2190 ἀμοιϐὴν,
911 2118 1129 2190 ὅσῳπερ
1158 2119 1215 2171 ἐν
1259 2115 1625 2188 χαλεπωτέρῳ
1661 2115 1892 2186 χειμῶνι

319 2224 418 2276 καὶ
467 2220 606 2295 ζάλῃ
654 2220 1061 2293 καθεστήκασιν
1093 2223 1142 2273 οί
1184 2220 1427 2291 δεόμενοι
1470 2220 1674 2284 λαϐεῖν,
1699 2221 1757 2272 οὐ
1794 2221 1893 2291 τῆς

321 2324 579 2388 εἰωθυίας
618 2322 984 2387 ἀπολαύοντες
1037 2322 1318 2392 ἀφθονίας.
1373 2323 1666 2392 Ἐννοήσας
1713 2321 1892 2375 τοίνυν

321 2432 419 2482 καὶ
451 2427 545 2482 τοῦ
579 2429 904 2500 πράγματος
925 2427 987 2480 τὸ
1016 2427 1225 2499 κέρδος,
1253 2429 1345 2482 καὶ
1383 2429 1482 2501 τὴν
1515 2429 1626 2482 ἀπὸ
1650 2427 1745 2482 τοῦ
1776 2446 1893 2483 και-

321 2532 420 2605 ροῦ
442 2532 740 2603 γενομένην
771 2529 1110 2602 προσθήκην,
1138 2531 1207 2586 τά
1232 2533 1429 2586 σαυτοῦ
1459 2533 1681 2604 ποιῆσαι
1715 2551 1893 2606 παρα-

321 2634 572 2706 κλήθητι.
594 2634 768 2688 Οὐδὲν
797 2633 906 2705 γὰρ
928 2634 1010 2687 δεῖ
1042 2635 1202 2688 πλέον
1229 2638 1404 2690 εἰπεῖν
1427 2637 1565 2708 πρὸς
1593 2637 1894 2707 φιλάνθρω-

323 2755 428 2791 πον
453 2736 597 2790 οῦτω
645 2736 741 2789 κα)⁸
773 2735 1134 2808 ήμερωτάτην
1161 2737 1464 2809 γράφοντες
1504 2738 1704 2810 ψυχήν.
1737 2736 1894 2810 Οἰδας

320 2844 454 2917 γὰρ,
487 2847 568 2898 ὅτι
599 2845 694 2900 καὶ
737 2844 1042 2917 σπόρτουλα
1070 2846 1201 2917 ἡμῖν
1229 2845 1555 2916 χρεωστεῖςο
1591 2843 1704 2898 ἀλλ’
1747 2845 1896 2915 ὅμως

326 2951 422 3003 καὶ
460 2951 684 3005 ἐκείνων
732 2950 918 3004 ἐνεκεν
959 2952 1039 3014 εἰς
1084 2948 1240 3003 τοῦτό
1267 2967 1347 3003 σοι
1388 2947 1736 3020 διαλυόμεθα.
1783 2949 1893 3002 Καὶ

325 3055 537 3128 γράψαι
589 3057 646 3110 δέ
685 3057 816 3128 ἡμῖν
855 3055 1270 3128 παρακλήθητι,
1297 3056 1379 3109 ὅτι
1411 3054 1710 3119 ἐπένευσας
1739 3055 1894 3126 ήμῶν

325 3163 394 3230 τῇ
425 3161 658 3232 αἰτήσει,
699 3159 795 3214 καὶ
826 3159 894 3213 τὰ
931 3160 1060 3230 περὶ
1095 3159 1193 3230 τῆς
1224 3159 1437 3227 ὑγιείας
1463 3158 1564 3229 τῆς
1596 3157 1696 3228 σῆς
1728 3157 1892 3226 εὐαγ-

324 3263 692 3335 γελιζόμενος,
724 3265 818 3320 καὶ
848 3265 1046 3329 παντὸς
1073 3265 1165 3318 τοῦ
1200 3265 1564 3337 εὑλογημένου
1597 3283 1690 3319 σου
1723 3265 1891 3320 οίκου.

661 3424 826 3482 ΣΙΕ.
865 3428 1144 3497 Εὐθυμίῳ
1169 3426 1570 3496 πρεσϐυτέρῳ.
1588 3452 1613 3488 ι

395 3585 583 3659 Μηδὲν
625 3585 771 3657 ὑμᾶς
814 3587 1052 3641 λυπείτω
1097 3587 1160 3642 τὸ
1205 3589 1302 3660 τῆς
1355 3588 1550 3660 σχολῆς
1595 3586 1892 3656 ἐξεῶσθαι,

324 3691 441 3745 ἀλλ’
475 3691 800 3758 ἐννοοῦντες,
827 3692 950 3745 ὅσον
979 3691 1075 3746 καὶ
1102 3690 1350 3746 ἐντεῦθεν
1380 3693 1632 3757 ἐδέξασθε
1672 3694 1764 3748 τὸν
1807 3712 1896 3765 μι-

326 3793 476 3857 σθὸν,
504 3795 600 3848 καί⁵
637 3795 754 3858 πῶς
785 3793 1005 3859 αὔξεται
1049 3794 1120 3848 τά
1147 3795 1256 3849 τῶν
1289 3797 1567 3866 στεφάνων
1599 3798 1747 3869 ὑμῖν,
1779 3800 1898 3870 χαί-

326 3917 453 3972 ρετε
487 3901 583 3954 καὶ
621 3900 981 3970 εὐφραίνεσθε
1012 3901 1153 3973 ὑπὲρ
1183 3902 1291 3956 τῶν
1322 3901 1662 3974 παθημάτων
1694 3903 1897 3957 τούτων

325 4005 425 4060 καὶ
448 4005 559 4058 τῶν
583 4004 906 4061 ἐπιϐουλῶν.
934 4004 1144 4076 Πολλὴν
1168 4005 1278 4078 γάρ
1307 4007 1437 4078 ὑμῖν
1468 4008 1687 4076 συνάγει
1720 4006 1895 4061 ταῦτα

323 4113 427 4184 τὴν
455 4113 513 4165 ἐν
543 4110 795 4182 οὐρανοῖς
821 4111 1112 4184 ἐμπορίαν,
1147 4115 1242 4166 κα)⁸
1280 4112 1696 4186 λαμπροτέρους
1728 4119 1890 4180 ποιεῖ,

327 4219 425 4272 καὶ
468 4217 691 4288 μείζονα
729 4218 1019 4291 καθίστησι
1062 4217 1131 4273 τά
1173 4219 1418 4291 βραδεῖα.
1463 4221 1630 4293 Στενή
1662 4221 1769 4294 γάρ
1803 4225 1896 4278 καὶ

324 4321 664 4393 τεθλιμμένη
704 4321 883 4394 ήδδὸς
930 4324 964 4394 ή
1010 4323 1297 4392 ἀπάγουσα
1327 4326 1406 4388 εἰς
1441 4324 1537 4396 τήν
1587 4324 1751 4396 ζωήν.
1787 4329 1898 4381 Καὶ

325 4428 457 4498 ἡμῖν
479 4427 538 4481 δέ
563 4427 800 4498 συνεχῶς
827 4428 1162 4482 ἐπιστέλλειν
1191 4429 1260 4482 τά
1299 4431 1427 4501 περὶ
1455 4432 1553 4504 τῆς
1580 4433 1764 4503 ὑγείας
1798 4435 1896 4505 τῆς

333 4533 437 4602 σῆς
470 4531 547 4604 μὴ
584 4533 858 4587 κατόκνει.
887 4530 1056 4588 Οἶσθα
1075 4534 1184 4606 γὰρ
1211 4536 1359 4600 ὅπως
1404 4537 1762 4607 συνδεδέμεθά
1802 4556 1895 4592 σου

324 4643 392 4710 τῇ
424 4639 636 4709 ἀγάπῃ,
669 4639 766 4693 καὶ
799 4638 938 4705 πῶς,
985 4641 1230 4713 ὅπουπερ
1253 4641 1318 4696 ἂν
1347 4637 1517 4715 ὦμεν,
1547 4643 1636 4698 ἐπὶ
1661 4643 1897 4710 διανοίας

326 4759 386 4794 σε
433 4743 740 4812 περιφέρω,
776 4742 863 4795 ἀεί
918 4759 1011 4796 σου
1064 4742 1266 4816 θερμὸς
1302 4747 1590 4818 γενόμενος
1621 4749 1855 4821 ἐραστής
1878 4767 1893 4781 ο

323 4844 422 4896 νῦν
446 4843 504 4896 δέ
528 4843 708 4914 πολλῷ
737 4843 1086 4917 θερμότερος,
1111 4846 1219 4917 ὅσῳ
1245 4849 1336 4900 καὶ
1373 4848 1750 4922 λαμπρότερος
1791 4852 1897 4906 ἀπὸ

323 4947 440 4999 τῶν
470 4947 811 5019 παθημάτων
835 4948 1085 5018 γέγονας.
1515 4948 1534 4964 ⁸

645 5143 804 5195 ΣΙΘ’.
844 5143 1134 5212 Σευηρίνῃ
1169 5142 1267 5196 καὶ
1300 5141 1597 5212 Ῥωμύλη.

395 5297 463 5349 Εἰ
500 5295 577 5368 μὴ
623 5299 828 5372 σφόδρα
854 5299 956 5373 τὴν
1010 5303 1238 5376 γνησίαν
1263 5304 1416 5376 ὑμῶν
1457 5304 1681 5377 ἀγάπην
1727 5304 1895 5377 ᾔδειν,

315 5402 424 5455 καὶ
455 5401 556 5474 τήν
600 5405 868 5477 σπουδήν,
902 5409 969 5479 ήν
995 5409 1081 5462 ἀεὶ
1127 5409 1257 5482 περὶ
1297 5411 1443 5480 ήμᾶς
1490 5409 1857 5465 ἐπιδείκνυσθε
1879 5450 1895 5477 ,

309 5504 431 5558 κᾶν
468 5505 739 5577 ρᾳθυμίαν
772 5511 974 5584 πολλὴν
1014 5514 1143 5584 ὑμῖν
1193 5513 1508 5581 ἐνεκάλεσα,
1533 5517 1633 5587 τῆς
1679 5520 1896 5591 μακρᾶς

305 5609 517 5664 ἕνεκεν
541 5611 745 5684 ταύτης
767 5615 927 5685 σιγῆς
945 5617 1010 5686 ἦν
1041 5617 1352 5689 ἐσιγήσατε,
1383 5619 1477 5672 καὶ
1502 5619 1674 5674 ταῦτα
1707 5621 1898 5676 πολλά-

303 5727 417 5774 κις
469 5711 565 5767 καὶ
609 5715 809 5787 συνεχῆ
849 5717 981 5790 παρ’
1031 5718 1188 5790 ήμῶν
1245 5719 1529 5792 δεχόμεναι
1569 5723 1894 5796 γράμματα.

321 5813 482 5872 Ἀλλ’
505 5820 691 5892 ἐπειδὴ
713 5817 828 5876 οἶδα
863 5825 944 5889 δτι
971 5828 1064 5880 καὶ
1097 5827 1396 5895 σιωπῶσαι,
1434 5830 1527 5886 καὶ
1566 5831 1891 5904 γράφουσαιι

1722 430 2084 490 ΕΡΙΞΤΟΙΛΞ

3449 416 3554 470 752

1985 539 2185 610 ὁμοίως
2216 535 2345 608 περὶ
2387 537 2530 607 ἡμᾶς
2557 532 2852 596 διάκεισθε,
2895 530 3085 584 τούτου
3116 530 3275 601 χάριν
3301 529 3554 597 ἐγκαλεῖν

1983 643 2084 697 οὐκ
2109 643 2174 697 ἂν
2211 641 2546 712 ἀνασχοίμην
2575 639 2676 710 τῆς
2711 638 2868 708 σιγῆς
2890 636 3101 698 ἓνεκεν,
3137 635 3186 685 εἰ
3219 634 3313 686 καὶ
3351 633 3555 706 σφόδρα

1986 743 2237 814 ἐπιθυμῶ
2258 742 2439 796 πυκνά
2469 743 2598 813 παρ’
2621 741 2774 812 ὑμῶν
2801 739 3049 810 δέχεσθαι
3074 737 3400 812 γράμματα,
3428 738 3558 808 περὶ

1986 849 2087 920 τῆς
2120 848 2306 919 ὑγείας
2330 847 2483 919 ὑμῶν
2517 844 2800 918 δηλοῦντα.
2826 845 2961 899 Οὐδὲ
2989 845 3097 915 γάρ
3119 843 3280 915 ἔχοιτ’
3305 842 3371 896 ἂν
3399 860 3561 897 κατα-

1989 957 2181 1024 φυγεῖν
2218 954 2298 1018 εἰς
2329 953 2388 1007 τὸ
2422 951 2497 1024 μὴ
2525 950 2765 1022 συνεχῶς
2808 950 3189 1020 ἐπιτυγχάνειν
3224 965 3561 1020 γραμματηκ

1989 1059 2233 1128 φόρουν
2267 1058 2296 1111 ὁ
2348 1057 2460 1128 γὰρ
2494 1055 2870 1118 ποθεινότατος
2910 1054 3006 1107 καὶ
3041 1051 3377 1122 γλυκύτατος
3422 1052 3562 1120 ἀγαο

1991 1163 2161 1234 πητὺς
2191 1161 2349 1233 ήμῶν
2383 1161 2726 1224 Σαλούστιος,
2753 1154 2811 1212 εὖ
2853 1149 2948 1211 οἵδ’
2978 1157 3059 1212 ὅτι
3091 1155 3226 1228 πρὸς
3247 1153 3406 1210 τοῦτο
3432 1155 3562 1224 ὑμῖν

1989 1266 2410 1338 διακονήσασθαι
2437 1265 2585 1338 [721]
2616 1265 2869 1333 ἠδύνατο.
2907 1262 3052 1316 Ἀλλ’
3072 1263 3220 1332 ὅμως
3251 1261 3371 1313 οὐδέ
3389 1259 3563 1323 οὑτως

1993 1370 2121 1439 ὑμῖν
2149 1367 2385 1438 ἐγκαλῶ,
2417 1366 2505 1420 διὰ
2537 1366 2596 1419 τὸ
2635 1365 2839 1437 σφόδρα
2869 1363 3090 1436 θαρρεῖν
3125 1359 3280 1431 ὑμῶν
3307 1359 3435 1431 περί⁸
3463 1357 3565 1427 τῆς

1992 1477 2230 1545 ἀγάπης.
2264 1473 2436 1536 Αὐτὸς
2484 1472 2687 1544 μέντοι,
2716 1470 2883 1542 ήνίκα
2917 1469 2985 1522 ἂν
3016 1467 3134 1538 ἐξῇ,
3169 1465 3408 1536 συνεχῶς
3442 1463 3564 1515 ἐπι-

1993 1577 2235 1633 στέλλειν
2263 1577 2323 1632 οὐ
2352 1575 2665 1646 παύσομαι·
2702 1570 2817 1627 οῖδα
2836 1572 2945 1644 γάρ
2971 1571 3125 1642 ὑμῶν
3145 1570 3204 1624 τὸ
3225 1569 3445 1640 γνήσιον
3475 1566 3568 1620 καὶ

1993 1685 2194 1756 θερμὸν
2213 1685 2313 1756 τῆς
2339 1682 2653 1744 διαθέσεως.

2555 1876 2684 1926 ΣΚ’.
2717 1871 2997 1933 Παιανίῳ.

2076 2031 2534 2102 Ἀνεπνεύσαμεν,
2566 2028 2970 2100 ἐσκιρτήσαμεν
2993 2063 3007 2088 ,
3041 2022 3224 2077 οὐκέτι
3254 2019 3564 2093 ἀλλοτρίαν,

1994 2138 2114 2192 οὐδὲ
2145 2138 2302 2208 ξένην
2338 2135 2510 2188 οἰκεῖν
2535 2130 2839 2204 ἡγούμεθα,
2870 2130 2968 2200 τῆς
2996 2128 3097 2198 σῆς
3135 2125 3571 2198 θαυμασιότητος

1994 2241 2132 2313 πρὸς
2166 2240 2265 2313 τὴν
2309 2238 2538 2293 τοιαῦτα
2580 2235 2900 2306 πάσχουσαν
2939 2231 3341 2303 ἐπανελθούσης
3390 2229 3566 2283 πόλιν,

1994 2348 2145 2400 Ποιεῖ
2165 2345 2220 2398 δέ
2244 2346 2376 2416 ήμῖν
2403 2342 2501 2414 τὴν
2520 2340 2791 2410 τοσαύτην
2815 2337 3030 2410 ἡδονήν,
3057 2337 3118 2389 οὑ
3146 2336 3207 2389 τὸ
3235 2335 3295 2388 σὲ
3325 2333 3571 2396 πλείονος

1993 2447 2420 2506 ἀπολελαυκέναι
2445 2446 2643 2516 τιμῆςο
2673 2445 2706 2516 ή
2735 2442 2845 2514 γὰρ
2879 2441 2945 2513 σὴ
2975 2439 3111 2512 τιμὴ
3138 2439 3239 2507 τῆς
3267 2438 3448 2509 ψυχῆς
3474 2437 3570 2490 σού

1994 2559 2142 2612 ἐστιν
2165 2558 2198 2627 ή
2226 2553 2416 2626 ἀρετὴ,
2445 2552 2538 2607 καὶ
2564 2549 2688 2604 οὐτε
2713 2545 3022 2620 ἔμπροσθέν
3064 2545 3124 2598 σέ
3161 2562 3246 2608 τις
3269 2543 3440 2615 αὐτὴν
3467 2543 3572 2611 ἀφ-

1994 2661 2210 2715 ελέσθαι
2243 2659 2483 2730 ἴσχυσεν,
2519 2655 2643 2709 οὐτε
2670 2653 2766 2708 νῦν
2796 2651 3136 2707 ἀποδέδωκεν
3171 2649 3310 2718 (πῶς
3340 2647 3450 2718 γὰρ
3473 2647 3572 2717 τὴν

1997 2766 2072 2839 μὴ
2101 2764 2486 2837 ἀφαιρεθεῖσαν
2501 2760 2538 2832 ;)
2557 2776 2571 2791 ·
2605 2759 2913 2830 σκιρτῶμεν
2933 2757 2990 2811 δέ
3019 2757 3102 2809 ὅτι
3132 2754 3362 2826 μεγίστη
3393 2752 3571 2824 παρά-

1996 2870 2188 2941 κλησις
2217 2871 2328 2932 τοῖς
2389 2863 2789 2936 ἐλαυνομένοις,
2827 2865 2941 2926 τοῖς
2990 2859 3382 2931 σφαττομένοις
3407 2897 3421 2923 ,
3458 2860 3572 2919 τοῖς

2003 2970 2326 3041 δεδεμένοις,
2350 2970 2430 3032 εἰς
2449 2969 2546 3040 τὴν
2573 2966 2728 3020 πόλιν
2754 2964 2970 3036 ἐκείνην
2993 2963 3363 3035 εἰσελήλυθας,
3395 2960 3571 3016 κοινδν

1994 3074 2187 3144 ὄφελος
2222 3072 2318 3128 καὶ
2348 3071 2512 3143 λιμὴν
2545 3070 2840 3142 εὐρύτατος
2873 3069 3078 3125 τούτων
3113 3069 3426 3140 γενόμενος.
3460 3068 3573 3122 Καὶ

1994 3180 2104 3250 γὰρ
2143 3173 2302 3232 οἶσθα
2347 3177 2648 3250 κερδαίνειν
2693 3176 2730 3230 ἃ
2778 3174 3078 3247 κερδαίνειν
3131 3174 3260 3245 χρή.
3293 3172 3477 3244 Γράφε
3506 3171 3572 3244 δὴ

1994 3281 2180 3338 λοιπδν
2203 3281 2312 3336 τῶν
2340 3280 2787 3353 κατορθωμάτων
2821 3296 2913 3333 σου
2937 3278 2998 3332 τὸ
3039 3277 3289 3349 μέγεθος,
3319 3279 3414 3330 καὶ
3447 3276 3570 3345 λέγε

1999 3385 2185 3456 σαφῶς
2223 3385 2424 3448 πόσους
2470 3383 2758 3454 κειμένους
2811 3381 3135 3452 ἀνέστησας,
3166 3381 3366 3445 πόσους
3401 3398 3572 3435 κατα-

1997 3491 2356 3554 πεπτωκότας
2386 3487 2735 3560 άνὼρθωσας,
2771 3487 2925 3552 τίνας
2969 3485 3367 3557 σαλευομένους
3413 3486 3574 3558 ἐστή-

2000 3596 2172 3668 ριξας,
2208 3596 2318 3649 τίσι
2345 3593 2709 3665 πεπονηκόσιν
2752 3593 2812 3646 ἐν
2853 3591 2931 3663 τῷ
2964 3591 3160 3664 μακρῷ
3191 3591 3364 3662 τούτῳ
3396 3590 3571 3663 χρόνῳ

1997 3699 2295 3772 παρέστης,
2326 3699 2478 3763 τίνας
2508 3698 2886 3772 ρᾳθυμοῦντας
2932 3697 3251 3760 σπουδαίους
3283 3695 3569 3765 ἐποίησας,

1996 3804 2148 3866 τίνας
2170 3804 2492 3867 σπουδαίους
2521 3804 2680 3867 ὂντας
2713 3803 3161 3874 σπουδαιοτέρους
3183 3799 3446 3872 εἰργάσω,
3476 3801 3572 3854 καὶ

1999 3908 2178 3962 πάντα
2206 3907 2392 3971 ἁπλῶς
2421 3908 2540 3961 καθ’
2577 3908 2806 3961 ἕκαστον
2844 3909 2912 3960 τά
2942 3908 3035 3960 ἐπὶ
3070 3907 3172 3978 τῆς
3213 3905 3572 3978 παρατάξεώς

2001 4027 2094 4062 σου
2121 4009 2324 4080 ταύτης
2354 4009 2660 4080 ἀνδραγαθή
2671 4026 2836 4078 ματα.
2866 4005 2997 4063 Οἶδα
3025 4010 3122 4082 μὲν
3148 4008 3256 4082 γάρ
3283 4007 3454 4063 ταῦτα
3477 4007 3571 4062 καὶ

2000 4113 2107 4186 πρὸ
2135 4114 2242 4166 τῶν
2265 4112 2607 4186 γραμμάτων
2639 4111 2748 4166 τῶν
2778 4113 2906 4178 σῶν,
2937 4111 3126 4185 ἐπειδὴ
3151 4115 3246 4168 καὶ
3273 4112 3371 4186 τὴν
3395 4113 3569 4184 ψυχή-ο

1998 4217 2113 4274 οῖδα
2145 4220 2243 4290 τὴν
2279 4218 2397 4289 σὴν,
2426 4217 2517 4272 τὸν
2547 4221 2794 4288 γενναῖον
2817 4219 3080 4292 ἀθλητὴν,
3102 4221 3198 4275 καὶ
3226 4221 3317 4275 τὸν
3355 4220 3572 4291 θαυμα-

2000 4322 2122 4375 στὸν
2154 4321 2380 4393 ἀριστέα
2401 4336 2413 4350 ⁸
2449 4321 2566 4375 ἀλλ’
2589 4317 2682 4376 οῦν
2717 4322 2976 4394 βούλομαι
3031 4324 3124 4378 καὶ
3165 4324 3315 4396 παρά
3341 4324 3440 4394 τῆς
3474 4341 3572 4376 πο·-

1999 4423 2310 4496 θεινοτάτης
2347 4442 2437 4495 μοι
2484 4424 2729 4497 γλώττης
2769 4427 2942 4479 ταῦτα
2987 4426 3293 4496 μανθάνειν.
3321 4425 3472 4478 Δίδου
3506 4425 3571 4495 δὴ

1998 4530 2132 4600 ήμῖν
2157 4528 2364 4601 ταύτην
2397 4531 2496 4602 τήν
2525 4529 2740 4601 αἴτησιν
2765 4547 2778 4561 °
2812 4525 2967 4584 οἶσθα
3008 4530 3117 4603 γὰρ
3164 4530 3359 4600 ήλίκην
3405 4532 3569 4598 χαριῇ

1999 4632 2178 4703 χάριν,
2216 4632 2376 4686 τοῦτο
2409 4633 2596 4689 ποιῶν.

2267 4839 2444 4890 ΣΚΑ’.
2488 4838 2878 4901 Κωνσταντίῳ
2909 4835 3305 4906 πρεσϐυτέρῳ.

2070 4993 2148 5064 Τῇ
2182 4992 2414 5062 τετάρτῃ
2441 4991 2536 5044 τοῦ
2587 4991 2841 5062 Πανέμου
2895 4993 3062 5063 μηνὸς
3103 4991 3310 5063 μέλλων
3339 4992 3448 5046 ἀπὸ
3472 4995 3573 5062 τῆς

1999 5096 2231 5159 Νικαίας
2263 5093 2585 5167 διεξορμᾷν,
2634 5095 2807 5153 ταῦτα
2863 5097 3239 5168 διαπέμπομαι
3277 5097 3345 5150 τά
3392 5097 3570 5168 γράμ-

2002 5216 2148 5269 ματα
2177 5199 2314 5271 πρὸς
2334 5199 2434 5271 τὴν
2462 5200 2561 5271 σὴν
2585 5199 2913 5267 θεοσέϐειαν,
2940 5201 3292 5274 παρακαλῶν,
3321 5203 3459 5274 ὅπερ
3484 5203 3573 5256 ἀεὶ

2001 5305 2332 5377 παρακαλῶν
2361 5307 2462 5360 οὐκ
2511 5307 2836 5379 ἐπαυσάμην
2856 5347 2872 5373 ,
2917 5307 3020 5362 κάν
3064 5309 3444 5382 χαλεπώτερος
3475 5311 3571 5366 τοῦ

1997 5410 2092 5466 νῦν
2127 5409 2451 5482 κατέχοντος
2483 5412 2705 5483 γένηται
2732 5413 2761 5465 ὁ
2810 5412 3048 5484 χειμὼν,
3093 5415 3194 5470 κᾶν
3231 5415 3450 5486 μείζονα
3500 5415 3572 5468 τά

1998 5517 2238 5589 κύματα,
2276 5518 2350 5590 μὴ
2385 5517 2650 5572 διαλιπεῖν
2678 5518 2746 5572 τὰ
2789 5521 2985 5575 σαυτοῦ
3021 5521 3330 5593 πληροῦντα
3361 5500 3438 5586 έίς
3472 5524 3570 5590 τξμ

1999 5623 2332 5694 οἰκονομίαν,
2365 5617 2432 5694 ἧς
2478 5624 2537 5690 ἐξ
2570 5625 2743 5696 ἀρχῆς
2795 5627 2946 5697 ἥψω·
2990 5627 3133 5697 λέγω
3166 5629 3229 5699 δὴ
3257 5629 3351 5684 τοῦ
3383 5627 3569 5697 12111;-

2076 5846 2091 5865 ⁸
2116 5842 2302 5894 Fabric.
2329 5848 2758 5910 γραμματηφόρων.
