4064 6218
507 375 522 389 .
546 386 661 442 ,ηδ

556 508 748 576 νισμοῦ
782 513 875 580 τὴν
931 506 1286 578 καθαίρεσιν,
1308 504 1416 556 τῶν
1464 497 1767 569 ἐκκλησιῶν
1801 497 1898 558 τὰς
1921 495 2117 548 οἰκοδο-

557 597 826 670 μὰς,τῶν
879 597 1064 668 ψυχῶν
1111 597 1207 668 τὴν
1259 594 1607 665 ἐπιμέλειαν·
1657 589 1787 661 μηδέ
1838 605 1897 640 σε
1938 586 2127 638 ῦπτιον

554 690 776 744 ποιείτω
808 690 916 743 τῶν
945 690 1288 776 πραγμάτων
1327 689 1360 759 ή
1391 685 1663 739 δυσκολία.
1705 681 1839 776 Οὐδέ
1862 678 1989 776 Δγάρ
2029 697 2136 776 κυ-

553 781 820 853 ϐερνήτης
850 782 910 835 τὸ
944 770 1177 850 πέλαγος
1204 781 1347 854 όρῶν
1377 778 1700 850 μαινόμενον
1732 775 1825 828 καὶ
1855 770 2129 826 διανιστά-

556 891 747 944 μενον.
787 873 1158 944 ἀποστήσεται
1195 871 1304 924 τῶν
1353 870 1586 923 οἱάκωψ
1627 865 1740 920 ἀλλ’
1776 863 1898 918 οὐδὲ
1947 860 2129 931 ίατρὸς

549 967 640 1021 τὸν
676 967 954 1038 κάμνοντα
985 966 1197 1038 βλέπων
1225 968 1290 1035 τῇ
1326 962 1465 1033 νόσῳ
1497 959 1885 1032 κρατούμενον,
1917 958 2128 1024 ἀναχω-

552 1060 708 1129 ρήσει
745 1060 841 1128 τῆς
899 1057 1216 1129 θεραπείας,
1255 1054 1392 1109 ἀλλά
1443 1053 1564 1106 τότε
1617 1050 1850 1122 μάλιστα
1897 1048 2128 1108 ἕκαστος

547 1148 752 1202 τούτων
778 1150 846 1220 τῇ
879 1148 1044 1220 τέχνῃ
1082 1148 1366 1217 χρήσεται.
1412 1145 1521 1199 Kal
1554 1143 1618 1196 σὺ
1657 1142 1858 1204 τοίνυν,
1893 1139 2128 1192 δέσποτά

552 1258 656 1311 μου
691 1239 989 1311 τιμιώτατε
1019 1238 1113 1293 καὶ
1163 1236 1543 1298 εὐλαϐέστατε,
1572 1233 1740 1303 πολλῇ
1783 1231 1877 1285 νῦν
1922 1229 2126 1300 χρῆσαι

547 1337 616 1406 τῇ
652 1332 932 1405 προθυμίᾳ
957 1372 970 1396 ,
1006 1331 1141 1403 μηδὲ
1195 1330 1385 1384 ῦπτιον
1417 1327 1635 1382 ποιείτω
1672 1343 1732 1378 σε
1777 1324 1846 1378 τά
1893 1321 2127 1392 συμϐαί-

551 1441 740 1478 νοντα·
778 1425 838 1478 οὐ
863 1424 971 1495 γὰρ
999 1424 1139 1494 ὺπέρ
1179 1417 1252 1477 ὧν
1282 1421 1524 1474 ποιοῦσιν
1553 1420 1702 1490 ήμᾶς
1721 1417 1898 1487 ἕτεροι
1938 1411 2125 1466 κακῶν

549 1514 708 1582 λόγον
730 1515 994 1584 δώσομεν,
1020 1515 1154 1569 ἀλλὰ
1189 1515 1282 1566 καὶ
1320 1513 1471 1585 [7'22]
1508 1510 1696 1581 μισθὸν
1728 1506 2029 1577 ληψόμεθα.
2064 1505 2125 1556 Et

550 1606 608 1660 δὲ
664 1607 818 1660 αὐτοὶ
858 1607 928 1659 τά
961 1607 1089 1677 παρ’
1131 1605 1339 1658 ἑαυτῶν
1386 1605 1460 1675 μὴ
1516 1602 1947 1670 είσενέγκαιμεν,
1991 1595 2127 1650 άλλά

554 1697 993 1770 ρᾳθυμήσαιμεν,
1021 1698 1174 1751 οὐδὲν
1203 1699 1281 1760 είς
1304 1695 1460 1749 τοῦτο
1500 1694 1658 1765 ἡμῶν
1701 1691 2066 1763 προστήσεται
2097 1689 2127 1741 6

551 1789 660 1842 τῶν
698 1791 1039 1860 πραγμάτων
1085 1789 1342 1860 θόρυϐοςο
1373 1788 1495 1840 ἐπεὶ
1528 1787 1619 1841 καὶ
1666 1783 1876 1847 Παῦλος
1919 1783 2128 1852 δεσμω-

551 1883 739 1953 τήριον
770 1881 956 1944 οἰκῶν,
992 1879 1085 1934 καὶ
1112 1879 1190 1950 τῷ
1222 1879 1363 1950 ξύλῳ
1394 1876 1835 1950 προσδεδεμένος,
1864 1873 1933 1928 τὰ
1960 1873 2123 1928 αὐτοῦ

551 1974 744 2037 ἐποίει,
770 1973 864 2027 καὶ
900 1973 1082 2035 Ἰωνᾶς
1110 1975 1166 2026 ἐν
1204 1975 1268 2042 τῇ
1295 1972 1494 2044 γαστρί¹
1521 1969 1614 2022 τοῦ
1647 1967 1928 2022 θαλαττίου
1961 1966 2125 2036 θηρὸς

552 2067 883 2139 φερόμενος,
927 2067 1022 2121 καί¹
1072 2067 1122 2119 οί
1171 2068 1318 2136 τρεῖς
1381 2064 1568 2127 παῖδες
1617 2064 1666 2115 οί
1699 2065 1756 2116 ἐν
1804 2062 1868 2131 τῇ
1910 2059 2126 2130 καμίνῳ

549 2156 915 2228 διατρίϐοντες
933 2173 948 2188 ο
998 2157 1092 2210 καὶ
1123 2157 1312 2210 οὐδένα
1344 2155 1548 2210 τούτων
1577 2156 1644 2208 τὰ
1672 2153 1889 2207 ποικίλα
1918 2151 2126 2222 δεσμω·⁹

549 2252 715 2322 τήρια
740 2250 917 2305 ταῦτα
962 2250 1331 2322 ῥᾳθυμότερον
1375 2250 1662 2319 πεποίηκε.
1706 2246 1870 2302 Ταῦτ’
1909 2240 2006 2298 οῦν
2037 2245 2126 2297 ἐν·

552 2337 711 2404 νοῶν,
745 2340 982 2393 δέσποτά
1011 2358 1134 2410 μου,
1172 2341 1266 2393 καὶ
1291 2338 1562 2408 Φοινίκης,
1589 2339 1683 2392 καὶ
1722 2337 2000 2408 Ἀραϐίας,
2033 2333 2128 2388 καὶ

551 2427 662 2481 τῶν
690 2427 832 2481 κατά
852 2429 952 2498 τὴν
978 2428 1265 2499 Ἀνατολὴν
1283 2428 1356 2500 μὴ
1379 2427 1563 2500 παύσῃ
1585 2426 1882 2498 φροντίζων
1907 2424 2129 2495 Ἐκκληο

555 2517 706 2583 σιῶν,
751 2518 908 2585 εἰδὼς
932 2521 1014 2573 ὅτι
1065 2519 1285 2574 πλείονα
1321 2519 1467 2592 λήψῃ
1501 2519 1594 2572 τὸν
1647 2517 1854 2589 μισθὸν,
1887 2517 1995 2586 ὅσῳ
2035 2516 2130 2569 καὶ

553 2609 821 2664 τοσούτων
848 2611 1016 2666 ὄντων
1041 2611 1150 2665 τῶν
1178 2611 1537 2683 κωλυμάτων,
1556 2609 1625 2665 τὰ
1658 2612 1787 2682 παρ’
1822 2608 1987 2663 αὐτοῦ
2020 2610 2130 2662 είσο

555 2702 760 2771 φέρεις.
800 2700 912 2754 Καὶ
939 2701 1170 2773 γράφειν
1208 2700 1267 2754 δὲ
1304 2703 1437 2771 ἡμῖν
1477 2699 1715 2770 συνεχῶς
1751 2699 1827 2771 μὴ
1852 2699 2128 2764 κατόκνει,

555 2791 691 2845 ἀλλά
742 2792 837 2845 καὶ
871 2793 1202 2847 πυκνότατα.
1254 2792 1343 2856 ’ος
1368 2791 1476 2864 γὰρ
1521 2793 1765 2864 ἔγνωμεν
1807 2792 1922 2857 νῦν,
1948 2791 2131 2846 οὐκέτι

556 2883 636 2945 εἰς
660 2881 1011 2947 Σεϐάστειαν,
1033 2883 1149 2937 ἀλλ’
1173 2884 1253 2947 είς
1275 2884 1376 2954 τὴν
1400 2883 1712 2938 Κουκουσδν
1733 2883 2024 2954 ἐκελεύσθη
2034 2901 2132 2954 μεν

557 2969 832 3039 ἀπελθεῖν,
851 2976 986 3028 ὅπου
1015 2993 1096 3028 σοι
1125 2977 1220 3029 καὶ
1241 2977 1603 3048 εὐκολώτερον
1625 2977 1958 3032 ἐπιστέλλειν
1979 2979 2128 3048 ἡμῖν.

559 3067 744 3138 Γράφε
779 3067 963 3121 τοίνυν
993 3069 1126 3138 ήμῖν
1157 3068 1322 3122 πόσαι
1351 3069 1638 3139 ἐκκλησίαι
1671 3071 1758 3124 ἐπ’
1790 3069 1909 3134 ἔτος
1934 3069 2133 3140 ᾠκοδο-

562 3157 836 3230 μήθησαν,
872 3160 968 3213 καλ⁸
995 3159 1138 3223 τίνες
1161 3159 1350 3231 ἄνδρες
1384 3161 1531 3227 ἅγιοι
1561 3162 1896 3232 μετέστησαν
1927 3163 2008 3226 είς
2034 3162 2134 3232 τὴν

557 3248 834 3320 Φοινίκην,
867 3249 962 3303 καὶ
992 3248 1047 3302 ετ
1073 3267 1156 3314 τις
1183 3250 1346 3304 πλέον
1372 3250 1563 3319 γέγονε
1597 3253 1868 3324 προκοπή.
1894 3253 2003 3306 Kal
2025 3255 2134 3324 γάρ

559 3339 668 3393 ἀπὸ
699 3339 936 3404 Νικαίας
959 3340 1134 3413 εὑρών
1158 3357 1282 3396 τινα
1323 3339 1626 3412 μονάζοντα
1659 3343 2134 3415 ἐγκεκλεισμένον,

560 3433 753 3487 ιπεισα
779 3433 940 3487 αὐτὸν
995 3433 1169 3488 ἐλθεῖν
1213 3433 1351 3506 πρὸς
1384 3433 1482 3507 τὴν
1528 3435 1628 3507 σὴν
1671 3435 1992 3502 εὐλάϐειαν,
2041 3436 2135 3492 καὶ

560 3523 816 3578 ἀπελθεῖν
847 3525 926 3588 είς
958 3525 1228 3597 Φοινίκην.
1267 3526 1329 3578 El
1359 3527 1732 3597 παραγέγονεν
1769 3523 1863 3582 οὖν
1897 3528 2134 3599 δηλῶσαί

563 3633 654 3688 μοι
688 3616 1008 3670 σπούδασον.
1047 3616 1154 3670 Τοῦ
1209 3616 1510 3688 Σαλαμῖνος
1560 3619 1744 3672 ἕνεκεν
1793 3620 1991 3691 χωρίου
2038 3620 2134 3674 τοῦ

561 3707 702 3762 κατά
727 3709 827 3780 τὴν
855 3707 1080 3780 Κύπρον
1127 3709 1410 3779 κειμένου,
1440 3708 1536 3762 τοῦ
1577 3711 1682 3763 ὑπὸ
1722 3711 1824 3781 τῆς
1872 3712 2136 3782 αἱρέσεως

559 3798 670 3852 τῶν
703 3798 1136 3870 Μαρκιωνιστῶν
1163 3797 1642 3870 πολιορκουμένου,
1666 3800 1814 3872 ήμην
1835 3800 2138 3874 διειλεγμέο

560 3906 651 3954 νος
687 3884 770 3953 οἷς
800 3890 990 3961 ἐχρῆν,
1022 3889 1116 3945 καὶ
1148 3889 1532 3960 κατωρθωκὼς
1563 3891 1625 3945 τὸ
1652 3893 1781 3958 πᾶν,
1819 3893 1934 3947 ἀλλ’
1967 3894 2138 3968 ἔφθην

561 3979 948 4051 ἐκϐληθείς.Εί
979 3980 1158 4036 τοίνυν
1185 3983 1379 4053 μάθοις
1399 3985 1488 4038 τὸν
1513 3985 1701 4056 κύριόν
1729 4003 1832 4057 μου
1860 3988 2137 4060 Κυριακὸν

560 4071 650 4124 τὸν
712 4071 1010 4126 ἐπίσκοπον
1062 4075 1153 4127 ἐπὶ
1211 4075 1312 4146 τῆς
1360 4077 1982 4143 Κωνσταντινουπόλεως
2019 4080 2135 4133 δια-

560 4162 802 4234 τρίϐειν,
841 4165 1144 4219 ἐπίστειλον
1191 4166 1341 4238 αὐτῷ
1387 4169 1592 4240 ταύτης
1640 4170 1824 4224 ἕνεκεν
1861 4171 1962 4241 τῆς
2001 4173 2136 4226 ὐπο-

563 4255 785 4320 θέσεως,
817 4259 912 4311 καὶ
955 4258 1016 4310 τὸ
1045 4260 1154 4312 πᾶν
1182 4259 1377 4313 ἁνύσαι
1409 4260 1715 4332 δυνήσεται.
1758 4263 1868 4319 Kal
1902 4265 2136 4336 μάλιστα

560 4350 686 4412 τούς
726 4349 862 4420 πρὸς
897 4349 987 4404 τὸν
1025 4349 1156 4405 Θεὸν
1213 4352 1522 4423 παρρησίαν
1569 4353 1792 4424 ἔχοντας
1832 4359 2137 4428 παρακάλει

561 4440 730 4512 πολλῇ
749 4440 1047 4514 κεχρῆσθαι
1073 4444 1140 4513 τῇ
1165 4441 1318 4514 εὐχῇ,
1341 4442 1506 4516 πολλῇ
1535 4447 1601 4516 τῇ
1625 4446 1892 4520 ἐκτενείᾳ,
1915 4448 2056 4503 ὥστε
2078 4451 2139 4504 τὸ

559 4533 662 4606 τῆς
713 4535 1040 4605 οἰκουμένης
1085 4533 1247 4588 τοῦτο
1292 4534 1552 4604 ναυάγιον
1589 4536 1922 4595 παύσασθαι.
1976 4540 2138 4611 Ἀφό-

566 4642 705 4698 ρητα
728 4625 837 4696 γὰρ
860 4623 954 4677 καὶ
976 4623 1076 4695 τήν
1111 4624 1295 4677 Ἀσίαν
1323 4626 1586 4681 κατέλαϐε
1615 4629 1781 4694 κακά,
1816 4632 1910 4685 καὶ⁵
1947 4633 2139 4704 ἐτέρας

563 4718 622 4772 δέ
647 4716 830 4781 πόλεις
859 4717 953 4770 καὶ
985 4716 1332 4788 Ἐκκλησίας,
1389 4717 1556 4791 ἅπερ,
1604 4720 1692 4773 ἵνα
1737 4721 1811 4793 μὴ
1859 4723 2004 4777 δοκῶ
2063 4726 2140 4779 δι-

563 4809 821 4880 ινοχλεῖν,
861 4808 1022 4878 ἀφεὶς
1049 4807 1111 4860 τὸ
1136 4807 1255 4862 καθ’
1283 4808 1511 4864 ἕκαστον
1537 4808 1734 4878 λέγειν,
1767 4811 1944 4867 ἐκεῖνο
1979 4816 2139 4886 μόνον

565 4902 696 4973 δρῶ,
717 4903 800 4957 ὅτι
823 4901 997 4973 εὐχῶν
1039 4900 1252 4955 πολλῶν
1277 4899 1456 4973 χρεία,
1491 4902 1586 4956 καὶ
1619 4901 1854 4976 δεήσεων
1881 4907 2134 4964 ἐκτενῶν.

566 5040 740 5095 ΣΚΗ.
795 5040 1044 5110 Κάστφ,
1093 5043 1425 5114 Οὐαλερίῳ,
1477 5045 1815 5114 Διοφάντῳ,
1848 5043 2138 5114 Κυριακῷ,

926 5111 1350 5181 πρεσϐυτέροις
1393 5111 1774 5184 Ἀντιοχείας.

641 5245 750 5299 Kal
796 5247 860 5300 τὸ
907 5247 1135 5320 γράψαι,
1181 5250 1275 5302 καὶ
1317 5241 1614 5323 προτέρους
1653 5253 1983 5324 ἐπιπηδῆσαι
2027 5257 2139 5318 τοῖς

566 5338 705 5410 πρὸς
729 5340 876 5410 ἡμᾶς
903 5341 1213 5413 γράμμασι,
1243 5343 1334 5396 καὶ
1378 5343 1438 5397 τὸ
1470 5345 1774 5415 γράμματα
1824 5347 1952 5418 παρ’
1981 5346 2138 5418 ήμῶν

565 5427 807 5496 αἰτῆσαι,
840 5431 934 5484 καὶ
961 5431 1023 5484 τὸ
1060 5431 1312 5486 κελεῦσαι
1339 5434 1647 5507 ὑπερϐῆναι
1692 5436 1889 5507 μέτρον
1919 5439 2141 5492 ἐπιστοο

566 5521 684 5593 λῆς,
711 5521 878 5586 ἔδειξε
902 5524 1032 5587 τοὺς
1058 5525 1387 5597 ἀκορέστους
1419 5530 1512 5581 καὶ
1535 5530 1793 5598 μανικοὺς
1832 5530 1989 5601 ήμῶν
2013 5533 2142 5604 ἐρα-

569 5615 720 5678 στάς.
767 5613 942 5668 Τοῦτο
982 5616 1081 5688 τὴν
1129 5615 1399 5688 ἐρημίαν,
1449 5619 1508 5671 ἐν
1621 5618 1997 5692 διατρίϐομεν,
2037 5623 2140 5677 οὐκ

569 5707 794 5776 ἀφίησιν
817 5707 1052 5777 ἐρημίαν
1079 5707 1368 5776 φαίνεσθαι
1387 5725 1400 5740 ο
1434 5710 1593 5762 τοῦτο
1635 5710 1736 5774 τὰς
1771 5711 2019 5774 ποικίλας
2047 5715 2140 5768 καὶ

573 5801 815 5870 συνεχεῖς
856 5799 1014 5872 ἡμῶν
1055 5799 1408 5872 περιστάσεις
1456 5802 1888 5874 παραμυθεῖται.
1917 5803 1984 5860 Τί
2030 5805 2139 5878 γὰρ

1241 389 1296 445 S.
1332 388 1615 444 JOANNIS
1651 384 2141 446 CHRYSOSTOMI
2179 387 2493 445 AﬂClllEP.
2528 388 3075 446 CONSTANTINOP.

3695 396 3807 452 τη

2231 495 2450 567 ἀγάπης
2483 498 2628 565 τσονς
2663 504 2779 556 Οὐκ
2811 505 2957 560 ἔστιν
3001 508 3174 563 οὐδέν.
3207 509 3354 581 Αὕτη
3388 511 3482 565 καὶ
3525 513 3671 584 ῥίζα,
3707 518 3804 569 καὶ

2229 588 2402 658 πηγὴ,
2424 592 2518 644 καὶ
2550 594 2735 667 μήτηρ
2759 598 2874 650 ἐστὶ
2903 599 3013 651 τῶν
3045 600 3286 668 ἀγαθῶν,
3317 602 3488 674 ἀρετὴ
3514 605 3676 659 πόνον
3701 609 3803 660 οὐκ

2228 680 2447 750 ἔχουσα,
2476 682 2647 756 ἀρετὴ
2689 687 2848 759 ἡδονῇ
2897 690 3421 766 συγκεκληρωμένη,
3456 697 3551 749 καὶ
3600 698 3804 770 πολλὴν

2227 770 2468 842 φέρουσα
2498 777 2612 838 τοῖς
2642 777 2884 848 γνησίως
2915 781 3084 851 αὐτὴν
3126 782 3371 852 μετιοῦσι
3403 785 3501 857 τὴν
3533 787 3805 860 εὐφροσύ-

2226 878 2344 932 νην.
2377 863 2477 918 Διά
2526 866 2694 920 ταῦτα
2723 867 2883 941 χάριν
2915 870 3046 941 ύμῖν
3081 871 3240 943 ίσμεν
3289 875 3518 948 πολλὴν,
3548 879 3629 932 ὅτι
3658 879 3805 934 οὕτω

2226 956 2462 1024 γνησίως
2490 957 2850 1031 διετηρήσατε
2877 963 2976 1033 τὴν
3005 963 3158 1036 [725]
3186 967 3316 1036 περὶ
3337 969 3484 1037 ἡμᾶς
3519 969 3767 1024 διάθεσιν
3787 988 3801 1000 ’

2226 1047 2317 1098 καὶ
2345 1048 2508 1117 ήμεῖς
2535 1048 2592 1102 δὲ
2630 1051 2876 1124 ὅπουπερ
2906 1053 2973 1108 ἂν
3016 1049 3188 1125 ὦμεν,
3227 1055 3331 1110 κάν
3363 1058 3500 1129 πρὸς
3526 1059 3668 1114 αὐτά
3706 1061 3806 1130 τῆς

2223 1139 2550 1211 οἰκουμένης
2578 1141 2970 1215 ἀπενεχθῶμεν
2990 1146 3061 1200 τὰ
3087 1148 3335 1220 τέρματα
3357 1163 3409 1214 ιι,
3433 1150 3536 1204 κᾶν
3557 1153 3636 1214 είς
3669 1152 3770 1223 ἐρη
3788 1183 3803 1192 ο

2229 1231 2457 1300 μότερον
2496 1232 2684 1288 τούτου
2717 1237 2940 1308 χωρίον,
2971 1241 3360 1312 περιφέροντες
3397 1242 3543 1313 ὑμᾶς
3572 1245 3803 1314 ἄπιμεν.

2226 1318 2626 1392 ὲγκολάψαντες
2675 1326 2822 1396 ὑμᾶς
2857 1331 2924 1400 τῇ
2981 1329 3230 1402 διανοίᾳ,
3283 1333 3378 1386 καὶ
3416 1332 3492 1402 τῷ
3541 1333 3805 1386 συνειδότι

2225 1411 2634 1485 ἐναποθέμενοι,
2674 1419 2770 1471 καὶ
2807 1418 2930 1473 οὔτε
2956 1421 3056 1492 τῆς
3085 1408 3204 1476 6606
3223 1423 3285 1476 τὸ
3325 1423 3521 1495 μῆκος,
3551 1424 3676 1478 οὐτε
3705 1425 3805 1478 τοῦ

2225 1502 2421 1570 χρόνου
2452 1504 2511 1557 τὸ
2558 1505 2763 1576 πλῆθος
2791 1548 2806 1572 ,
2847 1508 2970 1562 οὐτε
3005 1512 3034 1564 6
3075 1511 3183 1565 τῶν
3235 1513 3604 1584 περιστάσεων
3642 1513 3806 1583 ὄχλος

2230 1594 2636 1668 ῥᾳθυμοτέρους
2666 1601 2814 1670 ἡμᾶς
2842 1603 2968 1673 περὶ
3009 1603 3107 1674 τὴν
3138 1604 3437 1674 ἐμμέλειαν
3468 1606 3562 1676 τήν
3599 1606 3807 1675 ὑμετέο

2225 1703 2332 1756 ραν
2361 1689 2683 1761 πεποίηκεν,
2708 1692 2824 1745 ἀλλ’
2848 1692 2923 1757 ὡς
2953 1695 3081 1764 χθὲς
3099 1699 3196 1750 καὶ
3223 1696 3414 1768 πρώην
3441 1699 3562 1767 ύμῖν
3596 1715 3809 1768 συγγε-

2228 1780 2468 1850 νόμενοι,
2507 1783 2707 1854 μᾶλλον
2741 1784 2797 1838 δὲ
2826 1786 2902 1849 ὡς
2927 1787 3015 1840 del
3065 1787 3186 1859 μεθ’
3223 1789 3376 1860 ὑμῶν
3407 1789 3578 1853 ὄντες,
3610 1790 3808 1862 «Ima-59

2226 1867 2321 1925 06v
2350 1874 2444 1927 καὶ
2483 1875 2670 1945 ἐσμὲν,
2711 1877 2885 1941 οὕτως
2928 1879 3072 1950 ὑμᾶς
3131 1881 3368 1952 ὁρῶμεν,
3411 1883 3506 1936 καὶ
3535 1887 3810 1952 φανταςὸ-

2232 1965 2371 2036 μεθα
2400 1969 2516 2030 τοῖς
2544 1969 2646 2040 τῆς
2683 1970 2908 2043 ἀγάπης
2945 1972 3265 2044 ὀφθαλμοῖς.
3300 1974 3551 2029 Τοιοῦτον
3587 1977 3696 2047 γάρ
3743 1978 3810 2030 τὸ

2228 2055 2438 2124 φιλεῖνο
2470 2058 2533 2111 οὐ
2568 2058 2865 2130 διείργεται
2899 2060 3021 2114 ὁδοῦ
3059 2061 3422 2134 διαστήμασιν
3447 2065 3496 2128 δ,
3519 2065 3581 2118 οὐ
3609 2066 3810 2135 μαραί-

2228 2163 2379 2201 νεται
2413 2149 2639 2221 ἡμερῶν
2672 2151 2892 2223 πλήθει,
2923 2154 2985 2206 οὐ
3023 2156 3242 2208 νικᾶται
3274 2155 3508 2226 θλίψεων
3549 2157 3810 2227 περιστά-

2230 2255 2334 2300 σει,
2363 2239 2479 2293 ἀλλ’
2528 2242 2609 2300 είς
2659 2241 2793 2312 ῦψος
2823 2242 3038 2315 αἴρεται
3082 2244 3170 2298 διά
3215 2247 3448 2310 παντὸς,
3478 2248 3574 2300 καὶ
3610 2247 3809 2316 φλογὸς

2232 2331 2481 2399 μιμεῖται
2518 2330 2738 2403 δρόμον.
2770 2335 2882 2388 Καὶ
2925 2339 3084 2389 τοῦτο
3127 2337 3240 2391 ῖστε
3291 2338 3524 2410 μάλιστα
3565 2341 3808 2402 πάντων,

2230 2421 2416 2492 ἐπειδὴ
2447 2423 2542 2476 καὶ
2569 2425 2744 2493 φιλεῖν
2791 2426 3028 2496 μάλιστα
3079 2427 3295 2482 πάντων
3350 2429 3645 2483 ἐπίστασθε
3667 2448 3681 2459 ο
3727 2430 3810 2482 διὸ

2180 2569 2182 2571 ,
2229 2515 2327 2568 καὶ
2363 2515 2569 2587 σφόδρα
2619 2517 2766 2588 ὑμᾶς
2814 2520 3213 2592 μακαρίζομεν.
3255 2521 3320 2574 El
3354 2521 3466 2592 γὰρ
3513 2522 3607 2575 καὶ
3649 2524 3812 2593 ἡμεῖς

2230 2606 2439 2678 οἰκτροὶ
2469 2607 2564 2660 καὶ
2585 2607 2848 2675 εὐτελεῖς,
2874 2611 2989 2664 ἀλλ’
3018 2613 3047 2665 6
3068 2611 3216 2675 ’Θεὸς
3253 2612 3438 2676 ἱκανὸς
3469 2613 3597 2684 ὑμῖν
3622 2613 3810 2668 δοῦναι

2231 2697 2328 2768 τῆς
2370 2698 2591 2770 ἀγάπης
2639 2699 2845 2773 ταύτης
2896 2703 3117 2774 μείζονα
3174 2704 3274 2775 τὴν
3307 2705 3670 2776 άνταμοιϐὴν,
3715 2708 3811 2761 καὶ

2232 2787 2414 2858 πολλῷ
2464 2788 2722 2844 πλείονα’
2773 2792 3008 2863 καὶγὰρ
3055 2795 3120 2848 ἐκ
3166 2795 3364 2848 πολλοῦ
3400 2795 3493 2850 τοῦ
3527 2797 3813 2866 περιόντος

2234 2878 2324 2930 ἀεὶ
2351 2881 2478 2950 νικᾷ
2507 2883 2624 2944 ταῖς
2654 2883 2958 2937 ἀντιδόσεσι
2986 2885 3115 2948 τοὺς
3145 2885 3351 2955 ἀγαθόν
3373 2904 3426 2939 τι
3458 2885 3749 2952 ποιοῦντας
3775 2889 3810 2960 ἢ

2233 2970 2510 3039 λέγοντας.
2542 2973 2685 3043 Ἐγὼ
2708 2975 2808 3046 μέν
2832 2971 2926 3030 οῦν
2958 2976 3260 3050 ἐϐουλόμην
3290 2979 3386 3034 καὶ
3413 2980 3602 3044 αὐταῖς
3622 2981 3819 3052 ὕψεσιν

2233 3063 2378 3133 ὑμᾶς
2411 3065 2560 3131 ίδεῖν,
2601 3067 2696 3119 καὶ
2719 3067 2819 3136 τῆς
2858 3065 3000 3122 κατά
3023 3069 3313 3139 πρόσωπον
3347 3070 3654 3124 ἀπολαῦσαι
3689 3089 3818 3124 00v-

2234 3155 2446 3218 ουσίας,
2488 3157 2585 3210 καὶ
2621 3159 3000 3230 ἐμφορηθῆναι
3029 3160 3124 3213 καὶ
3171 3160 3347 3232 τούτῳ
3378 3160 3457 3232 τῷ
3491 3162 3681 3233 τρόπῳ
3712 3163 3818 3232 τῆς

2236 3246 2458 3317 ἀγάπης
2485 3248 2668 3318 ὐμῶν·
2703 3249 2892 3322 ἐπειδὴ
2925 3251 2981 3305 δὲ
3011 3252 3171 3306 τοῦτο
3202 3253 3302 3307 οὐκ
3330 3253 3432 3320 ἔνι,
3463 3255 3522 3307 οὐ
3552 3255 3625 3309 δι’
3657 3255 3818 3309 δκνον

2237 3338 2332 3391 καὶ
2362 3339 2658 3410 ρᾳθυμίαν,
2699 3340 2834 3394 ἀλλά
2865 3341 2956 3395 διὰ
2990 3343 3054 3396 τὸ
3101 3346 3169 3416 τῇ
3210 3345 3420 3418 ἀνάγκῃ
3451 3346 3554 3416 τῆς
3596 3345 3818 3417 ἐξορίας

2238 3429 2596 3500 πεπεδῆσθαι,
2635 3430 2726 3485 τὸν
2761 3431 2892 3500 γοῦν
2924 3431 3176 3505 δεύτερον
3213 3437 3362 3506 ἡμᾶς
3392 3436 3466 3506 μὴ
3493 3435 3820 3507 ἀποστερή-

2241 3537 2368 3590 σητε
2403 3520 2595 3586 πλοῦν,
2624 3523 2760 3576 ἀλλά
2790 3523 3036 3596 πέμπετε
3073 3527 3204 3597 ήμῖν
3234 3527 3455 3596 νιφάδας
3483 3528 3816 3591 ἐπιστολῶν,

2236 3612 2305 3664 τά
2343 3613 2474 3684 περὶ
2499 3614 2597 3684 τῆς
2622 3614 2811 3683 ὑγείας
2841 3617 2938 3686 τῆς
2969 3618 3242 3689 ὑμετέρας
3294 3618 3580 3689 δηλούσας.
3609 3621 3680 3674 Et
3707 3621 3821 3692 γάρ

2236 3705 2461 3760 τοιαῦτα
2492 3705 2784 3777 δεξαίμεθα
2821 3709 3129 3779 γράμματα
3159 3711 3416 3779 συνεχῶς,
3446 3710 3650 3782 πολλὴν
3682 3729 3822 3782 καρ-

2238 3796 2536 3867 πωσόμεθα
2568 3797 2669 3870 τὴν
2697 3799 3067 3871 παράκλησιν,
3107 3802 3202 3854 καὶ
3251 3802 3424 3855 ταῦτα
3458 3804 3517 3855 ἐν
3553 3803 3822 3875 ἀλλοτρίᾳ

2237 3885 2623 3957 διατρίϐοντες.
2648 3888 2861 3954 Είδότες
2893 3885 2986 3943 οὖν
3023 3890 3188 3961 ήλίκα
3222 3893 3353 3960 ἡμῖν
3387 3891 3690 3962 χαριεῖσθε,
3724 3894 3822 3946 καὶ

2237 3978 2295 4032 ἐν
2320 3979 2420 4050 ὅσῃ
2452 3983 2824 4052 καταστήσετε
2857 3984 3006 4053 ἡμᾶς
3035 3982 3363 4054 εὐφροσύνῃ,
3399 3983 3473 4054 μή
3505 3983 3819 4056 φθονήσητε

2237 4070 2338 4141 τῆς
2378 4071 2648 4144 τοσαύτης
2687 4076 2822 4146 ήμῖν
2865 4075 3084 4146 ἡδονῆς.
3120 4075 3465 4147 Ὀμιλοῦντες
3500 4074 3612 4147 γὰρ
3663 4076 3820 4147 ὑμῶν

2237 4167 2350 4228 τοῖς
2376 4164 2729 4236 γράμμασιν,
2776 4167 2973 4230 αὐτοὺς
3020 4167 3167 4238 ὑμᾶς
3209 4166 3527 4238 ήγησόμεθα
3579 4168 3821 4223 ἐνταῦθα

2240 4259 2513 4327 παρεῖναι,
2545 4258 2642 4311 καὶ
2684 4259 3016 4328 τρανοτέραν
3041 4257 3290 4311 ἐντεῦθεν
3315 4269 3338 4296 ο
3368 4258 3466 4329 τῆς
3506 4260 3821 4329 παρουσίας

2239 4347 2393 4417 ὐμῶν
2423 4348 2706 4419 ληψόμεθα
2736 4349 2835 4421 τὴν
2867 4350 3188 4419 φαντασίαν.

2783 4464 2968 4516 XXI".
3019 4462 3306 4532 Ἡσυχίφ.

2323 4552 2464 4622 Ἐγὼ
2492 4553 2590 4626 μὲν
2619 4552 2929 4624 ἐπεθύμουν
2957 4555 3052 4608 καὶ
3075 4555 3150 4626 μὴ
3181 4554 3399 4626 γράψας
3421 4554 3562 4625 πρὸς
3588 4555 3693 4626 τὴν
3718 4556 3820 4625 σὴν

2239 4645 2536 4717 ἐμμέλειαν
2568 4645 2837 4718 πρότερος
2862 4646 3117 4712 δέξασθαι
3153 4647 3475 4719 ἐπιστολήν
3507 4646 3672 4701 τοῦτο
3709 4650 3823 4718 γὰρ

2242 4739 2479 4811 μάλιστα
2512 4739 2746 4810 ἐραστοῦ
2783 4741 3178 4812 σφοδροτάτου·
3221 4739 3321 4794 οὐκ
3355 4740 3732 4811 ἀνεμείναμεν
3765 4740 3825 4794 δέ

2239 4833 2400 4904 ήμεῖς
2427 4832 2497 4886 τὰ
2534 4831 2604 4886 σά
2646 4831 2974 4904 γράμματα,
3003 4831 3140 4886 ἀλλά
3182 4832 3439 4903 πρότεροι
3467 4831 3549 4902 τῷ
3581 4834 3825 4903 γράφειν

2241 4924 2690 4995 ἐπεπηδήσαμεν,
2727 4924 2820 4977 τὸν
2864 4923 3068 4997 θερμὸν
3104 4924 3304 4997 ἔρωτα,
3333 4925 3392 4979 ὃν
3423 4927 3554 4997 περὶ
3582 4926 3686 4997 τὴν
3718 4927 3827 4996 σὴν

2241 5016 2539 5086 ἐμμέλειαν
2564 5015 2780 5087 ἔχομεν,
2811 5019 2912 5070 κάν
2935 5016 3109 5087 τούτῳ
3146 5017 3473 5080 δεικνύντες.
3505 5017 3658 5088 Πλὴν
3685 5018 3828 5072 ἀλλά

2243 5105 2338 5158 καὶ
2369 5105 2562 5158 τούτου
2595 5123 2678 5159 σοι
2728 5107 2886 5178 χάριν
2930 5106 3117 5177 ἴσμεν·
3153 5103 3213 5160 εὖ
3242 5106 3354 5178 γὰρ
3383 5101 3478 5161 οἷδ’
3513 5107 3595 5160 ὅτι
3630 5108 3731 5160 οὐκ
3764 5107 3825 5172 ἐξ

2241 5194 2556 5265 ὀλιγωρίας,
2577 5197 2692 5250 ἀλλ’
2721 5199 2786 5250 ἐκ
2814 5196 2908 5251 τοῦ
2943 5198 3148 5269 σφόδρα
3180 5197 3515 5269 μετριάζειν,
3542 5197 3706 5252 τοῦτο
3731 5197 3828 5250 1:6-

2241 5285 2463 5349 πονθας.
2500 5287 2726 5342 Δείκνυε
2755 5289 2935 5344 τοίνυν
2960 5288 3148 5344 λοιπὸν
3182 5288 3318 5360 μετά
3339 5288 3526 5352 ἀδείας
3559 5289 3665 5360 τὴν
3692 5288 3822 5361 πρὶ

2239 5375 2390 5446 ἡμᾶς
2414 5375 2656 5449 ἀγάπην,
2691 5379 2916 5450 νιφάδας
2945 5380 3080 5450 ἡμῖν
3110 5379 3344 5450 πέμπων
3370 5379 3700 5442 ἐπιστολῶν,
3727 5379 3825 5449 δη-

2241 5465 2438 5532 λούσας
2458 5468 2526 5523 τά
2547 5470 2675 5541 περὶ
2704 5470 2805 5542 τῆς
2833 5470 3022 5541 ὑγείας
3047 5471 3146 5541 τῆς
3175 5470 3295 5542 σῆς.
3329 5472 3433 5526 Ἦν
3458 5469 3570 5544 γὰρ
3593 5452 3826 5527 retain:

2303 5630 2330 5658 ⁸
2361 5627 2550 5678 Fabric.
2571 5631 2632 5679 τὰ
2655 5633 2851 5680 πέρατα.

2299 5690 2495 5757 b_Unus
2531 5694 2638 5757 00d.
2678 5690 2802 5742 ὁδῶν
2843 5694 3170 5757 διαστήματι,
3191 5693 3322 5742 alter
3343 5693 3468 5744 ὁδῶν
3504 5693 3825 5757 διαστήμασιν

2299 5711 2331 5732 υ
2361 5711 2495 5740 unus
2531 5711 2638 5742 υυα.
2678 5711 2802 5742 οοων
2843 5711 3014 5752 οιαστη
3087 5711 3151 5752 τι,
3191 5711 3314 5742 διιεῖ

2243 5753 2398 5825 Ραιιὶο
2422 5759 2533 5825 ροει
2553 5754 2650 5825 ἀυο
2667 5768 2782 5803 mss.
2807 5756 2990 5825 αἰρεται
3013 5711 3091 5825 6;:
3110 5755 3314 5825 πάντων.

2304 5817 2331 5847 θ
2352 5814 2550 5866 Coislin.
2572 5819 2650 5864 καὶ
2677 5814 2999 5880 φανερωτέραν
3021 5815 3242 5868 ἐντεῦθεν.

1987 6117 2240 6191 [ἦ
