  <div class='ocr_page' id='page_1' title='image "/cluster/home/n/w/nwhite01/storage/ocr_20150623/52/hvd.32044073501918/354.png"; bbox 0 0 4064 6218; ppageno 0'>
   <div class='ocr_carea' id='block_1_1' title="bbox 267 215 3542 286">
    <p class='ocr_par' dir='ltr' id='par_1_1' title="bbox 267 215 3542 286">
     <span class='ocr_line' id='line_1_1' title="bbox 267 215 3542 286; baseline -0.008 -2"><span class='ocrx_word' id='word_1_1' title='bbox 267 230 370 286; x_wconf 77' lang='lat'><strong>733</strong></span> <span class='ocrx_word' id='word_1_2' title='bbox 1732 215 2100 273; x_wconf 65' lang='lat' dir='ltr'><strong>Eptsrow.</strong></span> <span class='ocrx_word' id='word_1_3' title='bbox 3439 219 3542 276; x_wconf 54' lang='grc' dir='ltr'><strong>τε,</strong></span> 
     </span>
    </p>
   </div>
   <div class='ocr_carea' id='block_1_2' title="bbox 269 335 1858 405">
    <p class='ocr_par' dir='ltr' id='par_1_2' title="bbox 269 335 1858 405">
     <span class='ocr_line' id='line_1_2' title="bbox 269 335 1858 405; baseline -0.008 -7"><span class='ocrx_word' id='word_1_4' title='bbox 269 344 473 398; x_wconf 82' lang='lat' dir='ltr'><strong>siarum</strong></span> <span class='ocrx_word' id='word_1_5' title='bbox 499 337 974 405; x_wconf 71' lang='lat' dir='ltr'><strong>constructionem,</strong></span> <span class='ocrx_word' id='word_1_6' title='bbox 1003 335 1296 392; x_wconf 89' lang='lat' dir='ltr'><strong>animarum</strong></span> <span class='ocrx_word' id='word_1_7' title='bbox 1325 349 1507 392; x_wconf 84' lang='lat' dir='ltr'><strong>curam</strong></span> <span class='ocrx_word' id='word_1_8' title='bbox 1541 352 1555 388; x_wconf 92' lang='lat'>:</span> <span class='ocrx_word' id='word_1_9' title='bbox 1599 347 1776 403; x_wconf 88' lang='lat' dir='ltr'><strong>neque</strong></span> <span class='ocrx_word' id='word_1_10' title='bbox 1807 341 1858 386; x_wconf 83' lang='lat' dir='ltr'><strong>te</strong></span> 
     </span>
    </p>
   </div>
   <div class='ocr_carea' id='block_1_3' title="bbox 275 426 1860 506">
    <p class='ocr_par' dir='ltr' id='par_1_3' title="bbox 275 426 1860 506">
     <span class='ocr_line' id='line_1_3' title="bbox 275 426 1860 506; baseline -0.005 -17"><span class='ocrx_word' id='word_1_11' title='bbox 275 435 523 506; x_wconf 84' lang='lat' dir='ltr'><strong>supinum</strong></span> <span class='ocrx_word' id='word_1_12' title='bbox 551 439 643 486; x_wconf 88' lang='lat' dir='ltr'><strong>aut</strong></span> <span class='ocrx_word' id='word_1_13' title='bbox 665 429 940 486; x_wconf 82' lang='lat' dir='ltr'><strong>socordem</strong></span> <span class='ocrx_word' id='word_1_14' title='bbox 966 443 1145 485; x_wconf 88' lang='lat' dir='ltr'><strong>rerum</strong></span> <span class='ocrx_word' id='word_1_15' title='bbox 1172 428 1454 484; x_wconf 81' lang='lat' dir='ltr'><strong>difficultas</strong></span> <span class='ocrx_word' id='word_1_16' title='bbox 1478 427 1652 483; x_wconf 91' lang='lat' dir='ltr'><strong>faciat.</strong></span> <span class='ocrx_word' id='word_1_17' title='bbox 1678 426 1860 495; x_wconf 87' lang='lat' dir='ltr'><strong>Neque</strong></span> 
     </span>
    </p>
   </div>
   <div class='ocr_carea' id='block_1_4' title="bbox 274 516 1858 594">
    <p class='ocr_par' dir='ltr' id='par_1_4' title="bbox 274 516 1858 594">
     <span class='ocr_line' id='line_1_4' title="bbox 274 516 1858 594; baseline -0.006 -14"><span class='ocrx_word' id='word_1_18' title='bbox 274 526 418 580; x_wconf 87' lang='lat' dir='ltr'><strong>enim</strong></span> <span class='ocrx_word' id='word_1_19' title='bbox 443 523 784 594; x_wconf 89' lang='lat' dir='ltr'><strong>gubernator,</strong></span> <span class='ocrx_word' id='word_1_20' title='bbox 813 521 903 576; x_wconf 91' lang='lat' dir='ltr'><strong>ubi</strong></span> <span class='ocrx_word' id='word_1_21' title='bbox 937 535 1086 576; x_wconf 88' lang='lat' dir='ltr'><strong>mare</strong></span> <span class='ocrx_word' id='word_1_22' title='bbox 1117 522 1287 590; x_wconf 91' lang='lat' dir='ltr'><strong>ipsum</strong></span> <span class='ocrx_word' id='word_1_23' title='bbox 1314 519 1571 575; x_wconf 89' lang='lat' dir='ltr'><strong>concitari</strong></span> <span class='ocrx_word' id='word_1_24' title='bbox 1599 525 1654 573; x_wconf 88' lang='lat' dir='ltr'><strong>et</strong></span> <span class='ocrx_word' id='word_1_25' title='bbox 1680 516 1858 573; x_wconf 88' lang='lat' dir='ltr'><strong>furere</strong></span> 
     </span>
    </p>
   </div>
   <div class='ocr_carea' id='block_1_5' title="bbox 275 609 1861 683">
    <p class='ocr_par' dir='ltr' id='par_1_5' title="bbox 275 609 1861 683">
     <span class='ocr_line' id='line_1_5' title="bbox 275 609 1861 683; baseline -0.002 -16"><span class='ocrx_word' id='word_1_26' title='bbox 275 616 437 682; x_wconf 90' lang='lat' dir='ltr'><strong>videt,</strong></span> <span class='ocrx_word' id='word_1_27' title='bbox 468 629 497 669; x_wconf 89' lang='lat' dir='ltr'><strong>a</strong></span> <span class='ocrx_word' id='word_1_28' title='bbox 527 613 683 670; x_wconf 87' lang='lat' dir='ltr'><strong>navis</strong></span> <span class='ocrx_word' id='word_1_29' title='bbox 711 613 864 669; x_wconf 86' lang='lat' dir='ltr'><strong>clavo</strong></span> <span class='ocrx_word' id='word_1_30' title='bbox 892 621 949 668; x_wconf 94' lang='lat' dir='ltr'><strong>et</strong></span> <span class='ocrx_word' id='word_1_31' title='bbox 981 612 1355 683; x_wconf 75' lang='lat' dir='ltr'><strong>gubernaculis</strong></span> <span class='ocrx_word' id='word_1_32' title='bbox 1391 609 1652 666; x_wconf 86' lang='lat' dir='ltr'><strong>discedit:</strong></span> <span class='ocrx_word' id='word_1_33' title='bbox 1685 625 1861 679; x_wconf 88' lang='lat' dir='ltr'><strong>neque</strong></span> 
     </span>
    </p>
   </div>
   <div class='ocr_carea' id='block_1_6' title="bbox 275 702 1863 776">
    <p class='ocr_par' dir='ltr' id='par_1_6' title="bbox 275 702 1863 776">
     <span class='ocr_line' id='line_1_6' title="bbox 275 702 1863 776; baseline -0.003 -15"><span class='ocrx_word' id='word_1_34' title='bbox 275 707 540 774; x_wconf 89' lang='lat' dir='ltr'><strong>medicus,</strong></span> <span class='ocrx_word' id='word_1_35' title='bbox 564 707 656 762; x_wconf 83' lang='lat' dir='ltr'><strong>ubi</strong></span> <span class='ocrx_word' id='word_1_36' title='bbox 681 721 882 776; x_wconf 65' lang='lat' dir='ltr'><strong>aagrum</strong></span> <span class='ocrx_word' id='word_1_37' title='bbox 923 706 1112 760; x_wconf 91' lang='lat' dir='ltr'><strong>morbo</strong></span> <span class='ocrx_word' id='word_1_38' title='bbox 1135 704 1330 774; x_wconf 87' lang='lat' dir='ltr'><strong>corripi</strong></span> <span class='ocrx_word' id='word_1_39' title='bbox 1365 705 1556 770; x_wconf 79' lang='lat' dir='ltr'><strong>cernit,</strong></span> <span class='ocrx_word' id='word_1_40' title='bbox 1586 702 1863 757; x_wconf 80' lang='lat' dir='ltr'><strong>curatione</strong></span> 
     </span>
    </p>
   </div>
   <div class='ocr_carea' id='block_1_7' title="bbox 275 798 1856 873">
    <p class='ocr_par' dir='ltr' id='par_1_7' title="bbox 275 798 1856 873">
     <span class='ocr_line' id='line_1_7' title="bbox 275 798 1856 873; baseline -0.007 -16"><span class='ocrx_word' id='word_1_41' title='bbox 275 801 594 873; x_wconf 87' lang='lat' dir='ltr'><strong>supersedet</strong></span> <span class='ocrx_word' id='word_1_42' title='bbox 626 819 640 855; x_wconf 89' lang='lat'><strong>:</strong></span> <span class='ocrx_word' id='word_1_43' title='bbox 672 801 765 856; x_wconf 92' lang='lat' dir='ltr'><strong>sed</strong></span> <span class='ocrx_word' id='word_1_44' title='bbox 789 807 899 854; x_wconf 91' lang='lat' dir='ltr'><strong>tum</strong></span> <span class='ocrx_word' id='word_1_45' title='bbox 935 799 1164 854; x_wconf 80' lang='lat' dir='ltr'><strong>maxime</strong></span> <span class='ocrx_word' id='word_1_46' title='bbox 1191 807 1410 868; x_wconf 89' lang='lat' dir='ltr'><strong>uterque</strong></span> <span class='ocrx_word' id='word_1_47' title='bbox 1438 798 1658 852; x_wconf 90' lang='lat' dir='ltr'><strong>istorum</strong></span> <span class='ocrx_word' id='word_1_48' title='bbox 1688 805 1856 850; x_wconf 83' lang='lat' dir='ltr'><strong>artem</strong></span> 
     </span>
    </p>
   </div>
   <div class='ocr_carea' id='block_1_8' title="bbox 276 887 1863 962">
    <p class='ocr_par' dir='ltr' id='par_1_8' title="bbox 276 887 1863 962">
     <span class='ocr_line' id='line_1_8' title="bbox 276 887 1863 962; baseline -0.006 -12"><span class='ocrx_word' id='word_1_49' title='bbox 276 909 430 950; x_wconf 86' lang='lat' dir='ltr'><strong>suam</strong></span> <span class='ocrx_word' id='word_1_50' title='bbox 455 893 690 948; x_wconf 85' lang='lat' dir='ltr'><strong>adhibet.</strong></span> <span class='ocrx_word' id='word_1_51' title='bbox 714 893 795 947; x_wconf 91' lang='lat' dir='ltr'><strong>Tu</strong></span> <span class='ocrx_word' id='word_1_52' title='bbox 820 906 1054 962; x_wconf 88' lang='lat' dir='ltr'><strong>quoque,</strong></span> <span class='ocrx_word' id='word_1_53' title='bbox 1084 890 1298 945; x_wconf 89' lang='lat' dir='ltr'><strong>domine</strong></span> <span class='ocrx_word' id='word_1_54' title='bbox 1321 890 1390 943; x_wconf 91' lang='lat' dir='ltr'><strong>mi</strong></span> <span class='ocrx_word' id='word_1_55' title='bbox 1420 887 1863 944; x_wconf 87' lang='lat' dir='ltr'><strong>reverendissime</strong></span> 
     </span>
    </p>
   </div>
   <div class='ocr_carea' id='block_1_9' title="bbox 279 977 1865 1055">
    <p class='ocr_par' dir='ltr' id='par_1_9' title="bbox 279 977 1865 1055">
     <span class='ocr_line' id='line_1_9' title="bbox 279 977 1865 1055; baseline -0.006 -15"><span class='ocrx_word' id='word_1_56' title='bbox 279 1000 346 1040; x_wconf 84' lang='lat' dir='ltr'><strong>ac</strong></span> <span class='ocrx_word' id='word_1_57' title='bbox 386 983 808 1055; x_wconf 78' lang='lat' dir='ltr'><strong>religiosissime,</strong></span> <span class='ocrx_word' id='word_1_58' title='bbox 839 982 1058 1038; x_wconf 91' lang='lat' dir='ltr'><strong>multam</strong></span> <span class='ocrx_word' id='word_1_59' title='bbox 1099 995 1242 1037; x_wconf 90' lang='lat' dir='ltr'><strong>nunc</strong></span> <span class='ocrx_word' id='word_1_60' title='bbox 1284 981 1445 1035; x_wconf 90' lang='lat' dir='ltr'><strong>animi</strong></span> <span class='ocrx_word' id='word_1_61' title='bbox 1489 977 1865 1050; x_wconf 86' lang='lat' dir='ltr'><strong>promptitudi-</strong></span> 
     </span>
    </p>
   </div>
   <div class='ocr_carea' id='block_1_10' title="bbox 284 1071 1864 1144">
    <p class='ocr_par' dir='ltr' id='par_1_10' title="bbox 284 1071 1864 1144">
     <span class='ocr_line' id='line_1_10' title="bbox 284 1071 1864 1144; baseline -0.004 -15"><span class='ocrx_word' id='word_1_62' title='bbox 284 1090 408 1131; x_wconf 88' lang='lat' dir='ltr'><strong>nem</strong></span> <span class='ocrx_word' id='word_1_63' title='bbox 436 1075 654 1141; x_wconf 84' lang='lat' dir='ltr'><strong>adhibe,</strong></span> <span class='ocrx_word' id='word_1_64' title='bbox 679 1090 851 1144; x_wconf 88' lang='lat' dir='ltr'><strong>neque</strong></span> <span class='ocrx_word' id='word_1_65' title='bbox 881 1087 932 1128; x_wconf 93' lang='lat' dir='ltr'><strong>te</strong></span> <span class='ocrx_word' id='word_1_66' title='bbox 958 1073 1022 1128; x_wconf 90' lang='lat' dir='ltr'><strong>ad</strong></span> <span class='ocrx_word' id='word_1_67' title='bbox 1044 1073 1342 1128; x_wconf 81' lang='lat' dir='ltr'><strong>socordiam</strong></span> <span class='ocrx_word' id='word_1_68' title='bbox 1366 1071 1607 1142; x_wconf 88' lang='lat' dir='ltr'><strong>redigant</strong></span> <span class='ocrx_word' id='word_1_69' title='bbox 1631 1083 1864 1140; x_wconf 66' lang='lat' dir='ltr'><strong>praesen-</strong></span> 
     </span>
    </p>
   </div>
   <div class='ocr_carea' id='block_1_11' title="bbox 281 1161 1862 1234">
    <p class='ocr_par' dir='ltr' id='par_1_11' title="bbox 281 1161 1862 1234">
     <span class='ocr_line' id='line_1_11' title="bbox 281 1161 1862 1234; baseline -0.004 -14"><span class='ocrx_word' id='word_1_70' title='bbox 281 1167 355 1221; x_wconf 91' lang='lat' dir='ltr'><strong>tia</strong></span> <span class='ocrx_word' id='word_1_71' title='bbox 401 1166 542 1220; x_wconf 88' lang='lat' dir='ltr'><strong>mala</strong></span> <span class='ocrx_word' id='word_1_72' title='bbox 576 1184 591 1220; x_wconf 87' lang='lat'><strong>:</strong></span> <span class='ocrx_word' id='word_1_73' title='bbox 631 1181 739 1220; x_wconf 93' lang='lat' dir='ltr'><strong>non</strong></span> <span class='ocrx_word' id='word_1_74' title='bbox 784 1165 927 1221; x_wconf 89' lang='lat' dir='ltr'><strong>enim</strong></span> <span class='ocrx_word' id='word_1_75' title='bbox 961 1165 1028 1220; x_wconf 90' lang='lat' dir='ltr'><strong>de</strong></span> <span class='ocrx_word' id='word_1_76' title='bbox 1054 1165 1152 1229; x_wconf 92' lang='lat' dir='ltr'><strong>eis,</strong></span> <span class='ocrx_word' id='word_1_77' title='bbox 1182 1180 1301 1234; x_wconf 78' lang='lat' dir='ltr'><strong>qua:</strong></span> <span class='ocrx_word' id='word_1_78' title='bbox 1347 1163 1500 1218; x_wconf 89' lang='lat' dir='ltr'><strong>nobis</strong></span> <span class='ocrx_word' id='word_1_79' title='bbox 1545 1161 1862 1225; x_wconf 90' lang='lat' dir='ltr'><strong>inferuntur,</strong></span> 
     </span>
    </p>
   </div>
   <div class='ocr_carea' id='block_1_12' title="bbox 279 1252 1864 1326">
    <p class='ocr_par' dir='ltr' id='par_1_12' title="bbox 279 1252 1864 1326">
     <span class='ocr_line' id='line_1_12' title="bbox 279 1252 1864 1326; baseline -0.003 -16"><span class='ocrx_word' id='word_1_80' title='bbox 279 1257 436 1312; x_wconf 88' lang='lat' dir='ltr'><strong>malis</strong></span> <span class='ocrx_word' id='word_1_81' title='bbox 484 1257 748 1312; x_wconf 89' lang='lat' dir='ltr'><strong>rationem</strong></span> <span class='ocrx_word' id='word_1_82' title='bbox 793 1256 1118 1322; x_wconf 86' lang='lat' dir='ltr'><strong>reddemus;</strong></span> <span class='ocrx_word' id='word_1_83' title='bbox 1165 1257 1293 1326; x_wconf 89' lang='lat' dir='ltr'><strong>quin</strong></span> <span class='ocrx_word' id='word_1_84' title='bbox 1338 1256 1514 1324; x_wconf 86' lang='lat' dir='ltr'><strong>potius</strong></span> <span class='ocrx_word' id='word_1_85' title='bbox 1565 1252 1864 1309; x_wconf 88' lang='lat' dir='ltr'><strong>mercedem</strong></span> 
     </span>
    </p>
   </div>
   <div class='ocr_carea' id='block_1_13' title="bbox 279 1345 1866 1417">
    <p class='ocr_par' dir='ltr' id='par_1_13' title="bbox 279 1345 1866 1417">
     <span class='ocr_line' id='line_1_13' title="bbox 279 1345 1866 1417; baseline -0.004 -15"><span class='ocrx_word' id='word_1_86' title='bbox 279 1347 626 1416; x_wconf 86' lang='lat' dir='ltr'><strong>accipiemus.</strong></span> <span class='ocrx_word' id='word_1_87' title='bbox 647 1345 703 1402; x_wconf 90' lang='lat' dir='ltr'><strong>Si</strong></span> <span class='ocrx_word' id='word_1_88' title='bbox 729 1361 855 1402; x_wconf 92' lang='lat' dir='ltr'><strong>vero</strong></span> <span class='ocrx_word' id='word_1_89' title='bbox 877 1362 961 1410; x_wconf 87' lang='lat' dir='ltr'><strong>ea,</strong></span> <span class='ocrx_word' id='word_1_90' title='bbox 993 1363 1113 1417; x_wconf 64' lang='lat' dir='ltr'><strong>quae</strong></span> <span class='ocrx_word' id='word_1_91' title='bbox 1141 1356 1441 1402; x_wconf 89' lang='lat' dir='ltr'><strong>nostrarum</strong></span> <span class='ocrx_word' id='word_1_92' title='bbox 1470 1355 1593 1400; x_wconf 90' lang='lat' dir='ltr'><strong>sunt</strong></span> <span class='ocrx_word' id='word_1_93' title='bbox 1614 1345 1866 1414; x_wconf 91' lang='lat' dir='ltr'><strong>partium,</strong></span> 
     </span>
    </p>
   </div>
   <div class='ocr_carea' id='block_1_14' title="bbox 283 1436 1870 1508">
    <p class='ocr_par' dir='ltr' id='par_1_14' title="bbox 283 1436 1870 1508">
     <span class='ocr_line' id='line_1_14' title="bbox 283 1436 1870 1508; baseline -0.003 -15"><span class='ocrx_word' id='word_1_94' title='bbox 283 1453 392 1493; x_wconf 89' lang='lat' dir='ltr'><strong>non</strong></span> <span class='ocrx_word' id='word_1_95' title='bbox 421 1438 842 1508; x_wconf 62' lang='lat' dir='ltr'><strong>praestiterimus,</strong></span> <span class='ocrx_word' id='word_1_96' title='bbox 873 1439 966 1494; x_wconf 88' lang='lat' dir='ltr'><strong>sed</strong></span> <span class='ocrx_word' id='word_1_97' title='bbox 1009 1439 1222 1494; x_wconf 89' lang='lat' dir='ltr'><strong>desides</strong></span> <span class='ocrx_word' id='word_1_98' title='bbox 1269 1438 1548 1503; x_wconf 91' lang='lat' dir='ltr'><strong>fuerimus,</strong></span> <span class='ocrx_word' id='word_1_99' title='bbox 1592 1436 1726 1491; x_wconf 88' lang='lat' dir='ltr'><strong>nihil</strong></span> <span class='ocrx_word' id='word_1_100' title='bbox 1769 1448 1870 1490; x_wconf 91' lang='lat' dir='ltr'><strong>nos</strong></span> 
     </span>
    </p>
   </div>
   <div class='ocr_carea' id='block_1_15' title="bbox 283 1526 1866 1599">
    <p class='ocr_par' dir='ltr' id='par_1_15' title="bbox 283 1526 1866 1599">
     <span class='ocr_line' id='line_1_15' title="bbox 283 1526 1866 1599; baseline -0.003 -16"><span class='ocrx_word' id='word_1_101' title='bbox 283 1529 425 1583; x_wconf 82' lang='lat' dir='ltr'><strong>eain</strong></span> <span class='ocrx_word' id='word_1_102' title='bbox 450 1545 510 1585; x_wconf 88' lang='lat' dir='ltr'><strong>re</strong></span> <span class='ocrx_word' id='word_1_103' title='bbox 532 1529 804 1599; x_wconf 88' lang='lat' dir='ltr'><strong>adjuvabit</strong></span> <span class='ocrx_word' id='word_1_104' title='bbox 849 1539 942 1584; x_wconf 90' lang='lat' dir='ltr'><strong>aut</strong></span> <span class='ocrx_word' id='word_1_105' title='bbox 969 1529 1223 1586; x_wconf 88' lang='lat' dir='ltr'><strong>defendet</strong></span> <span class='ocrx_word' id='word_1_106' title='bbox 1268 1529 1528 1584; x_wconf 87' lang='lat' dir='ltr'><strong>malorum</strong></span> <span class='ocrx_word' id='word_1_107' title='bbox 1577 1526 1866 1582; x_wconf 89' lang='lat' dir='ltr'><strong>tumultus:</strong></span> 
     </span>
    </p>
   </div>
   <div class='ocr_carea' id='block_1_16' title="bbox 282 1618 1872 1689">
    <p class='ocr_par' dir='ltr' id='par_1_16' title="bbox 282 1618 1872 1689">
     <span class='ocr_line' id='line_1_16' title="bbox 282 1618 1872 1689; baseline -0.002 -15"><span class='ocrx_word' id='word_1_108' title='bbox 282 1620 714 1689; x_wconf 76' lang='lat' dir='ltr'><strong>quandoquidem</strong></span> <span class='ocrx_word' id='word_1_109' title='bbox 746 1628 801 1676; x_wconf 93' lang='lat' dir='ltr'><strong>et</strong></span> <span class='ocrx_word' id='word_1_110' title='bbox 847 1621 1040 1676; x_wconf 84' lang='lat' dir='ltr'><strong>Paulus</strong></span> <span class='ocrx_word' id='word_1_111' title='bbox 1065 1636 1340 1676; x_wconf 90' lang='lat' dir='ltr'><strong>carcerem</strong></span> <span class='ocrx_word' id='word_1_112' title='bbox 1381 1620 1639 1686; x_wconf 88' lang='lat' dir='ltr'><strong>incolens,</strong></span> <span class='ocrx_word' id='word_1_113' title='bbox 1669 1618 1721 1673; x_wconf 91' lang='lat' dir='ltr'><strong>in</strong></span> <span class='ocrx_word' id='word_1_114' title='bbox 1751 1619 1872 1671; x_wconf 83' lang='lat' dir='ltr'><strong>vin-</strong></span> 
     </span>
    </p>
   </div>
   <div class='ocr_carea' id='block_1_17' title="bbox 285 1709 1872 1777">
    <p class='ocr_par' dir='ltr' id='par_1_17' title="bbox 285 1709 1872 1777">
     <span class='ocr_line' id='line_1_17' title="bbox 285 1709 1872 1777; baseline 0.003 -17"><span class='ocrx_word' id='word_1_115' title='bbox 285 1711 424 1764; x_wconf 85' lang='lat' dir='ltr'><strong>culis</strong></span> <span class='ocrx_word' id='word_1_116' title='bbox 447 1710 683 1767; x_wconf 86' lang='lat' dir='ltr'><strong>officium</strong></span> <span class='ocrx_word' id='word_1_117' title='bbox 727 1726 880 1766; x_wconf 87' lang='lat' dir='ltr'><strong>suum</strong></span> <span class='ocrx_word' id='word_1_118' title='bbox 909 1712 1050 1777; x_wconf 91' lang='lat' dir='ltr'><strong>fecit,</strong></span> <span class='ocrx_word' id='word_1_119' title='bbox 1079 1721 1133 1768; x_wconf 90' lang='lat' dir='ltr'><strong>et</strong></span> <span class='ocrx_word' id='word_1_120' title='bbox 1159 1712 1324 1768; x_wconf 79' lang='lat' dir='ltr'><strong>Jonas</strong></span> <span class='ocrx_word' id='word_1_121' title='bbox 1368 1711 1421 1766; x_wconf 92' lang='lat' dir='ltr'><strong>in</strong></span> <span class='ocrx_word' id='word_1_122' title='bbox 1451 1721 1640 1766; x_wconf 78' lang='lat' dir='ltr'><strong>ventre</strong></span> <span class='ocrx_word' id='word_1_123' title='bbox 1682 1709 1872 1765; x_wconf 66' lang='lat' dir='ltr'><strong>bellum</strong></span> 
     </span>
    </p>
   </div>
   <div class='ocr_carea' id='block_1_18' title="bbox 286 1800 1872 1872">
    <p class='ocr_par' dir='ltr' id='par_1_18' title="bbox 286 1800 1872 1872">
     <span class='ocr_line' id='line_1_18' title="bbox 286 1800 1872 1872; baseline 0.001 -18"><span class='ocrx_word' id='word_1_124' title='bbox 286 1800 509 1856; x_wconf 85' lang='lat' dir='ltr'><strong>marinae</strong></span> <span class='ocrx_word' id='word_1_125' title='bbox 536 1802 775 1858; x_wconf 90' lang='lat' dir='ltr'><strong>inclusus</strong></span> <span class='ocrx_word' id='word_1_126' title='bbox 803 1801 924 1870; x_wconf 88' lang='lat' dir='ltr'><strong>fuit,</strong></span> <span class='ocrx_word' id='word_1_127' title='bbox 955 1811 1012 1859; x_wconf 88' lang='lat' dir='ltr'><strong>et</strong></span> <span class='ocrx_word' id='word_1_128' title='bbox 1039 1814 1148 1858; x_wconf 88' lang='lat' dir='ltr'><strong>tres</strong></span> <span class='ocrx_word' id='word_1_129' title='bbox 1172 1804 1321 1872; x_wconf 90' lang='lat' dir='ltr'><strong>pueri</strong></span> <span class='ocrx_word' id='word_1_130' title='bbox 1362 1803 1415 1857; x_wconf 88' lang='lat' dir='ltr'><strong>in</strong></span> <span class='ocrx_word' id='word_1_131' title='bbox 1442 1803 1653 1858; x_wconf 91' lang='lat' dir='ltr'><strong>camino</strong></span> <span class='ocrx_word' id='word_1_132' title='bbox 1677 1801 1872 1857; x_wconf 82' lang='lat' dir='ltr'><strong>versati</strong></span> 
     </span>
    </p>
   </div>
   <div class='ocr_carea' id='block_1_19' title="bbox 287 1893 1872 1964">
    <p class='ocr_par' dir='ltr' id='par_1_19' title="bbox 287 1893 1872 1964">
     <span class='ocr_line' id='line_1_19' title="bbox 287 1893 1872 1964; baseline 0 -18"><span class='ocrx_word' id='word_1_133' title='bbox 287 1900 415 1948; x_wconf 88' lang='lat' dir='ltr'><strong>sunt</strong></span> <span class='ocrx_word' id='word_1_134' title='bbox 441 1910 456 1948; x_wconf 89' lang='lat'><strong>:</strong></span> <span class='ocrx_word' id='word_1_135' title='bbox 484 1907 658 1963; x_wconf 90' lang='lat' dir='ltr'><strong>neque</strong></span> <span class='ocrx_word' id='word_1_136' title='bbox 683 1901 861 1949; x_wconf 91' lang='lat' dir='ltr'><strong>tamen</strong></span> <span class='ocrx_word' id='word_1_137' title='bbox 891 1893 1080 1948; x_wconf 90' lang='lat' dir='ltr'><strong>horum</strong></span> <span class='ocrx_word' id='word_1_138' title='bbox 1107 1908 1428 1964; x_wconf 89' lang='lat' dir='ltr'><strong>quemquam</strong></span> <span class='ocrx_word' id='word_1_139' title='bbox 1472 1893 1680 1948; x_wconf 92' lang='lat' dir='ltr'><strong>vincula</strong></span> <span class='ocrx_word' id='word_1_140' title='bbox 1726 1893 1872 1946; x_wconf 87' lang='lat' dir='ltr'><strong>varia</strong></span> 
     </span>
    </p>
   </div>
   <div class='ocr_carea' id='block_1_20' title="bbox 288 1982 1870 2056">
    <p class='ocr_par' dir='ltr' id='par_1_20' title="bbox 288 1982 1870 2056">
     <span class='ocr_line' id='line_1_20' title="bbox 288 1982 1870 2056; baseline -0.001 -19"><span class='ocrx_word' id='word_1_141' title='bbox 288 1982 357 2037; x_wconf 81' lang='lat' dir='ltr'><strong>ad</strong></span> <span class='ocrx_word' id='word_1_142' title='bbox 409 1982 674 2039; x_wconf 86' lang='lat' dir='ltr'><strong>desidiam</strong></span> <span class='ocrx_word' id='word_1_143' title='bbox 721 1984 995 2054; x_wconf 88' lang='lat' dir='ltr'><strong>redegere.</strong></span> <span class='ocrx_word' id='word_1_144' title='bbox 1030 1984 1154 2040; x_wconf 68' lang='lat' dir='ltr'><strong>Haec</strong></span> <span class='ocrx_word' id='word_1_145' title='bbox 1202 1985 1359 2056; x_wconf 89' lang='lat' dir='ltr'><strong>igitur</strong></span> <span class='ocrx_word' id='word_1_146' title='bbox 1398 1995 1570 2039; x_wconf 89' lang='lat' dir='ltr'><strong>tecum</strong></span> <span class='ocrx_word' id='word_1_147' title='bbox 1598 1994 1870 2054; x_wconf 85' lang='lat' dir='ltr'><strong>reputans,</strong></span> 
     </span>
    </p>
   </div>
   <div class='ocr_carea' id='block_1_21' title="bbox 287 2073 1874 2140">
    <p class='ocr_par' dir='ltr' id='par_1_21' title="bbox 287 2073 1874 2140">
     <span class='ocr_line' id='line_1_21' title="bbox 287 2073 1874 2140; baseline 0.001 -14"><span class='ocrx_word' id='word_1_148' title='bbox 287 2073 505 2128; x_wconf 89' lang='lat' dir='ltr'><strong>domine</strong></span> <span class='ocrx_word' id='word_1_149' title='bbox 529 2073 624 2140; x_wconf 91' lang='lat' dir='ltr'><strong>mi,</strong></span> <span class='ocrx_word' id='word_1_150' title='bbox 645 2088 712 2128; x_wconf 91' lang='lat' dir='ltr'><strong>ne</strong></span> <span class='ocrx_word' id='word_1_151' title='bbox 732 2075 978 2128; x_wconf 90' lang='lat' dir='ltr'><strong>omiseris</strong></span> <span class='ocrx_word' id='word_1_152' title='bbox 997 2073 1307 2134; x_wconf 72' lang='lat' dir='ltr'><strong>Plttnnicim,</strong></span> <span class='ocrx_word' id='word_1_153' title='bbox 1327 2075 1555 2138; x_wconf 85' lang='lat' dir='ltr'><strong>Arabiae,</strong></span> <span class='ocrx_word' id='word_1_154' title='bbox 1569 2084 1624 2130; x_wconf 91' lang='lat' dir='ltr'><strong>et</strong></span> <span class='ocrx_word' id='word_1_155' title='bbox 1643 2073 1874 2129; x_wconf 87' lang='lat' dir='ltr'><strong>Orientis</strong></span> 
     </span>
    </p>
   </div>
   <div class='ocr_carea' id='block_1_22' title="bbox 289 2164 1873 2235">
    <p class='ocr_par' dir='ltr' id='par_1_22' title="bbox 289 2164 1873 2235">
     <span class='ocr_line' id='line_1_22' title="bbox 289 2164 1873 2235; baseline 0.001 -17"><span class='ocrx_word' id='word_1_156' title='bbox 289 2164 652 2219; x_wconf 84' lang='lat' dir='ltr'><strong>Ecclesiarum</strong></span> <span class='ocrx_word' id='word_1_157' title='bbox 684 2180 866 2219; x_wconf 91' lang='lat' dir='ltr'><strong>curam</strong></span> <span class='ocrx_word' id='word_1_158' title='bbox 893 2181 1100 2234; x_wconf 80' lang='lat' dir='ltr'><strong>gerere,</strong></span> <span class='ocrx_word' id='word_1_159' title='bbox 1129 2166 1259 2220; x_wconf 91' lang='lat' dir='ltr'><strong>illud</strong></span> <span class='ocrx_word' id='word_1_160' title='bbox 1309 2180 1621 2235; x_wconf 88' lang='lat' dir='ltr'><strong>persuasum</strong></span> <span class='ocrx_word' id='word_1_161' title='bbox 1647 2165 1873 2231; x_wconf 85' lang='lat' dir='ltr'><strong>habens,</strong></span> 
     </span>
    </p>
   </div>
   <div class='ocr_carea' id='block_1_23' title="bbox 291 2255 1876 2327">
    <p class='ocr_par' dir='ltr' id='par_1_23' title="bbox 291 2255 1876 2327">
     <span class='ocr_line' id='line_1_23' title="bbox 291 2255 1876 2327; baseline 0.003 -19"><span class='ocrx_word' id='word_1_162' title='bbox 291 2255 693 2324; x_wconf 89' lang='lat' dir='ltr'><strong>locupletiorem</strong></span> <span class='ocrx_word' id='word_1_163' title='bbox 715 2265 767 2311; x_wconf 89' lang='lat' dir='ltr'><strong>te</strong></span> <span class='ocrx_word' id='word_1_164' title='bbox 793 2256 1096 2312; x_wconf 89' lang='lat' dir='ltr'><strong>mercedem</strong></span> <span class='ocrx_word' id='word_1_165' title='bbox 1123 2265 1460 2327; x_wconf 88' lang='lat' dir='ltr'><strong>recepturum</strong></span> <span class='ocrx_word' id='word_1_166' title='bbox 1488 2271 1628 2322; x_wconf 90' lang='lat' dir='ltr'><strong>esse,</strong></span> <span class='ocrx_word' id='word_1_167' title='bbox 1656 2256 1699 2312; x_wconf 92' lang='lat' dir='ltr'><strong>si</strong></span> <span class='ocrx_word' id='word_1_168' title='bbox 1727 2265 1804 2312; x_wconf 90' lang='lat' dir='ltr'><strong>tot</strong></span> <span class='ocrx_word' id='word_1_169' title='bbox 1821 2265 1876 2312; x_wconf 90' lang='lat' dir='ltr'><strong>et</strong></span> 
     </span>
    </p>
   </div>
   <div class='ocr_carea' id='block_1_24' title="bbox 290 2346 1881 2419">
    <p class='ocr_par' dir='ltr' id='par_1_24' title="bbox 290 2346 1881 2419">
     <span class='ocr_line' id='line_1_24' title="bbox 290 2346 1881 2419; baseline 0.002 -20"><span class='ocrx_word' id='word_1_170' title='bbox 290 2346 452 2401; x_wconf 85' lang='lat' dir='ltr'><strong>tantis</strong></span> <span class='ocrx_word' id='word_1_171' title='bbox 475 2346 927 2402; x_wconf 90' lang='lat' dir='ltr'><strong>intercedentibus</strong></span> <span class='ocrx_word' id='word_1_172' title='bbox 953 2346 1364 2418; x_wconf 87' lang='lat' dir='ltr'><strong>impedimentis,</strong></span> <span class='ocrx_word' id='word_1_173' title='bbox 1383 2363 1502 2418; x_wconf 66' lang='lat' dir='ltr'><strong>qua:</strong></span> <span class='ocrx_word' id='word_1_174' title='bbox 1529 2357 1734 2404; x_wconf 87' lang='lat' dir='ltr'><strong>tuarum</strong></span> <span class='ocrx_word' id='word_1_175' title='bbox 1756 2363 1881 2419; x_wconf 81' lang='lat' dir='ltr'><strong>par-</strong></span> 
     </span>
    </p>
   </div>
   <div class='ocr_carea' id='block_1_25' title="bbox 289 2437 1872 2511">
    <p class='ocr_par' dir='ltr' id='par_1_25' title="bbox 289 2437 1872 2511">
     <span class='ocr_line' id='line_1_25' title="bbox 289 2437 1872 2511; baseline 0.002 -20"><span class='ocrx_word' id='word_1_176' title='bbox 289 2437 422 2491; x_wconf 91' lang='lat' dir='ltr'><strong>tium</strong></span> <span class='ocrx_word' id='word_1_177' title='bbox 447 2448 591 2504; x_wconf 86' lang='lat' dir='ltr'><strong>sunt,</strong></span> <span class='ocrx_word' id='word_1_178' title='bbox 625 2439 956 2507; x_wconf 63' lang='lat' dir='ltr'><strong>praestiteris.</strong></span> <span class='ocrx_word' id='word_1_179' title='bbox 984 2438 1168 2510; x_wconf 88' lang='lat' dir='ltr'><strong>Neque</strong></span> <span class='ocrx_word' id='word_1_180' title='bbox 1187 2441 1280 2495; x_wconf 90' lang='lat' dir='ltr'><strong>tibi</strong></span> <span class='ocrx_word' id='word_1_181' title='bbox 1301 2456 1463 2511; x_wconf 90' lang='lat' dir='ltr'><strong>grave</strong></span> <span class='ocrx_word' id='word_1_182' title='bbox 1487 2441 1555 2495; x_wconf 90' lang='lat' dir='ltr'><strong>sit</strong></span> <span class='ocrx_word' id='word_1_183' title='bbox 1583 2441 1872 2496; x_wconf 89' lang='lat' dir='ltr'><strong>identidem</strong></span> 
     </span>
    </p>
   </div>
   <div class='ocr_carea' id='block_1_26' title="bbox 286 2526 1874 2595">
    <p class='ocr_par' dir='ltr' id='par_1_26' title="bbox 286 2526 1874 2595">
     <span class='ocr_line' id='line_1_26' title="bbox 286 2526 1874 2595; baseline 0.003 -15"><span class='ocrx_word' id='word_1_184' title='bbox 286 2526 356 2582; x_wconf 81' lang='lat' dir='ltr'><strong>ad</strong></span> <span class='ocrx_word' id='word_1_185' title='bbox 383 2541 484 2583; x_wconf 86' lang='lat' dir='ltr'><strong>nos</strong></span> <span class='ocrx_word' id='word_1_186' title='bbox 509 2527 767 2595; x_wconf 88' lang='lat' dir='ltr'><strong>scribere,</strong></span> <span class='ocrx_word' id='word_1_187' title='bbox 797 2529 892 2584; x_wconf 89' lang='lat' dir='ltr'><strong>sed</strong></span> <span class='ocrx_word' id='word_1_188' title='bbox 912 2538 965 2585; x_wconf 91' lang='lat' dir='ltr'><strong>ct</strong></span> <span class='ocrx_word' id='word_1_189' title='bbox 989 2530 1343 2585; x_wconf 89' lang='lat' dir='ltr'><strong>creberrimas</strong></span> <span class='ocrx_word' id='word_1_190' title='bbox 1370 2531 1549 2585; x_wconf 85' lang='lat' dir='ltr'><strong>literas</strong></span> <span class='ocrx_word' id='word_1_191' title='bbox 1578 2530 1723 2585; x_wconf 91' lang='lat' dir='ltr'><strong>dato.</strong></span> <span class='ocrx_word' id='word_1_192' title='bbox 1744 2529 1874 2584; x_wconf 86' lang='lat' dir='ltr'><strong>Nam</strong></span> 
     </span>
    </p>
   </div>
   <div class='ocr_carea' id='block_1_27' title="bbox 289 2619 1876 2691">
    <p class='ocr_par' dir='ltr' id='par_1_27' title="bbox 289 2619 1876 2691">
     <span class='ocr_line' id='line_1_27' title="bbox 289 2619 1876 2691; baseline 0.001 -19"><span class='ocrx_word' id='word_1_193' title='bbox 289 2619 444 2674; x_wconf 88' lang='lat' dir='ltr'><strong>sicuti</strong></span> <span class='ocrx_word' id='word_1_194' title='bbox 469 2634 612 2675; x_wconf 91' lang='lat' dir='ltr'><strong>nunc</strong></span> <span class='ocrx_word' id='word_1_195' title='bbox 647 2622 1015 2691; x_wconf 80' lang='lat' dir='ltr'><strong>cognovimus,</strong></span> <span class='ocrx_word' id='word_1_196' title='bbox 1047 2637 1152 2676; x_wconf 92' lang='lat' dir='ltr'><strong>non</strong></span> <span class='ocrx_word' id='word_1_197' title='bbox 1199 2622 1530 2688; x_wconf 89' lang='lat' dir='ltr'><strong>Sebasteam,</strong></span> <span class='ocrx_word' id='word_1_198' title='bbox 1563 2623 1656 2677; x_wconf 87' lang='lat' dir='ltr'><strong>sed</strong></span> <span class='ocrx_word' id='word_1_199' title='bbox 1701 2623 1876 2678; x_wconf 86' lang='lat' dir='ltr'><strong>Cucu-</strong></span> 
     </span>
    </p>
   </div>
   <div class='ocr_carea' id='block_1_28' title="bbox 289 2709 1878 2784">
    <p class='ocr_par' dir='ltr' id='par_1_28' title="bbox 289 2709 1878 2784">
     <span class='ocr_line' id='line_1_28' title="bbox 289 2709 1878 2784; baseline 0.002 -19"><span class='ocrx_word' id='word_1_200' title='bbox 289 2725 409 2766; x_wconf 87' lang='lat' dir='ltr'><strong>sum</strong></span> <span class='ocrx_word' id='word_1_201' title='bbox 434 2710 733 2766; x_wconf 79' lang='lat' dir='ltr'><strong>exsulatum</strong></span> <span class='ocrx_word' id='word_1_202' title='bbox 764 2713 842 2768; x_wconf 89' lang='lat' dir='ltr'><strong>ire</strong></span> <span class='ocrx_word' id='word_1_203' title='bbox 861 2713 995 2782; x_wconf 88' lang='lat' dir='ltr'><strong>jussi</strong></span> <span class='ocrx_word' id='word_1_204' title='bbox 1025 2728 1228 2780; x_wconf 92' lang='lat' dir='ltr'><strong>sumus,</strong></span> <span class='ocrx_word' id='word_1_205' title='bbox 1255 2729 1362 2784; x_wconf 91' lang='lat' dir='ltr'><strong>quo</strong></span> <span class='ocrx_word' id='word_1_206' title='bbox 1406 2715 1497 2768; x_wconf 90' lang='lat' dir='ltr'><strong>tibi</strong></span> <span class='ocrx_word' id='word_1_207' title='bbox 1527 2714 1712 2770; x_wconf 89' lang='lat' dir='ltr'><strong>literas</strong></span> <span class='ocrx_word' id='word_1_208' title='bbox 1748 2709 1878 2769; x_wconf 72' lang='lat' dir='ltr'><strong>init-</strong></span> 
     </span>
    </p>
   </div>
   <div class='ocr_carea' id='block_1_29' title="bbox 291 2801 1876 2876">
    <p class='ocr_par' dir='ltr' id='par_1_29' title="bbox 291 2801 1876 2876">
     <span class='ocr_line' id='line_1_29' title="bbox 291 2801 1876 2876; baseline 0.003 -20"><span class='ocrx_word' id='word_1_209' title='bbox 291 2809 406 2857; x_wconf 85' lang='lat' dir='ltr'><strong>tere</strong></span> <span class='ocrx_word' id='word_1_210' title='bbox 434 2801 641 2858; x_wconf 86' lang='lat' dir='ltr'><strong>facilius</strong></span> <span class='ocrx_word' id='word_1_211' title='bbox 660 2802 781 2857; x_wconf 92' lang='lat' dir='ltr'><strong>erit.</strong></span> <span class='ocrx_word' id='word_1_212' title='bbox 807 2802 993 2859; x_wconf 90' lang='lat' dir='ltr'><strong>Scribe</strong></span> <span class='ocrx_word' id='word_1_213' title='bbox 1021 2804 1184 2874; x_wconf 89' lang='lat' dir='ltr'><strong>igitur</strong></span> <span class='ocrx_word' id='word_1_214' title='bbox 1211 2803 1386 2872; x_wconf 90' lang='lat' dir='ltr'><strong>nobis,</strong></span> <span class='ocrx_word' id='word_1_215' title='bbox 1414 2814 1545 2876; x_wconf 90' lang='lat' dir='ltr'><strong>quot</strong></span> <span class='ocrx_word' id='word_1_216' title='bbox 1571 2820 1715 2861; x_wconf 90' lang='lat' dir='ltr'><strong>anno</strong></span> <span class='ocrx_word' id='word_1_217' title='bbox 1738 2821 1876 2876; x_wconf 91' lang='lat' dir='ltr'><strong>quo-</strong></span> 
     </span>
    </p>
   </div>
   <div class='ocr_carea' id='block_1_30' title="bbox 290 2891 1877 2969">
    <p class='ocr_par' dir='ltr' id='par_1_30' title="bbox 290 2891 1877 2969">
     <span class='ocr_line' id='line_1_30' title="bbox 290 2891 1877 2969; baseline 0.006 -23"><span class='ocrx_word' id='word_1_218' title='bbox 290 2891 421 2948; x_wconf 85' lang='lat' dir='ltr'><strong>libet</strong></span> <span class='ocrx_word' id='word_1_219' title='bbox 443 2902 660 2949; x_wconf 74' lang='lat' dir='ltr'><strong>struotze</strong></span> <span class='ocrx_word' id='word_1_220' title='bbox 695 2896 804 2950; x_wconf 91' lang='lat' dir='ltr'><strong>sint</strong></span> <span class='ocrx_word' id='word_1_221' title='bbox 825 2897 1088 2962; x_wconf 85' lang='lat' dir='ltr'><strong>ecclesiae,</strong></span> <span class='ocrx_word' id='word_1_222' title='bbox 1111 2907 1164 2951; x_wconf 88' lang='lat' dir='ltr'><strong>ct</strong></span> <span class='ocrx_word' id='word_1_223' title='bbox 1190 2897 1280 2969; x_wconf 91' lang='lat' dir='ltr'><strong>qui</strong></span> <span class='ocrx_word' id='word_1_224' title='bbox 1311 2899 1409 2953; x_wconf 89' lang='lat' dir='ltr'><strong>viri</strong></span> <span class='ocrx_word' id='word_1_225' title='bbox 1440 2899 1609 2954; x_wconf 88' lang='lat' dir='ltr'><strong>sancti</strong></span> <span class='ocrx_word' id='word_1_226' title='bbox 1635 2899 1686 2954; x_wconf 90' lang='lat' dir='ltr'><strong>in</strong></span> <span class='ocrx_word' id='word_1_227' title='bbox 1714 2900 1877 2955; x_wconf 72' lang='lat' dir='ltr'><strong>Pila:-</strong></span> 
     </span>
    </p>
   </div>
   <div class='ocr_carea' id='block_1_31' title="bbox 290 2984 1881 3060">
    <p class='ocr_par' dir='ltr' id='par_1_31' title="bbox 290 2984 1881 3060">
     <span class='ocr_line' id='line_1_31' title="bbox 290 2984 1881 3060; baseline 0.006 -22"><span class='ocrx_word' id='word_1_228' title='bbox 290 2984 486 3039; x_wconf 84' lang='lat' dir='ltr'><strong>niciam</strong></span> <span class='ocrx_word' id='word_1_229' title='bbox 525 2988 944 3057; x_wconf 70' lang='lat' dir='ltr'><strong>commigrarunt,</strong></span> <span class='ocrx_word' id='word_1_230' title='bbox 986 2997 1041 3043; x_wconf 89' lang='lat' dir='ltr'><strong>ct</strong></span> <span class='ocrx_word' id='word_1_231' title='bbox 1091 2989 1136 3043; x_wconf 90' lang='lat' dir='ltr'><strong>si</strong></span> <span class='ocrx_word' id='word_1_232' title='bbox 1177 3006 1281 3060; x_wconf 87' lang='lat' dir='ltr'><strong>qua</strong></span> <span class='ocrx_word' id='word_1_233' title='bbox 1326 2990 1528 3060; x_wconf 84' lang='lat' dir='ltr'><strong>majora</strong></span> <span class='ocrx_word' id='word_1_234' title='bbox 1557 2994 1881 3049; x_wconf 88' lang='lat' dir='ltr'><strong>accesserint</strong></span> 
     </span>
    </p>
   </div>
   <div class='ocr_carea' id='block_1_32' title="bbox 289 3074 1879 3150">
    <p class='ocr_par' dir='ltr' id='par_1_32' title="bbox 289 3074 1879 3150">
     <span class='ocr_line' id='line_1_32' title="bbox 289 3074 1879 3150; baseline 0.007 -22"><span class='ocrx_word' id='word_1_235' title='bbox 289 3074 635 3131; x_wconf 86' lang='lat' dir='ltr'><strong>incrementa.</strong></span> <span class='ocrx_word' id='word_1_236' title='bbox 657 3076 788 3132; x_wconf 83' lang='lat' dir='ltr'><strong>Nam</strong></span> <span class='ocrx_word' id='word_1_237' title='bbox 816 3093 937 3132; x_wconf 91' lang='lat' dir='ltr'><strong>cum</strong></span> <span class='ocrx_word' id='word_1_238' title='bbox 963 3079 1235 3135; x_wconf 75' lang='lat' dir='ltr'><strong>Nicmnum</strong></span> <span class='ocrx_word' id='word_1_239' title='bbox 1253 3080 1536 3150; x_wconf 86' lang='lat' dir='ltr'><strong>quemdam</strong></span> <span class='ocrx_word' id='word_1_240' title='bbox 1558 3083 1879 3140; x_wconf 87' lang='lat' dir='ltr'><strong>monachum</strong></span> 
     </span>
    </p>
   </div>
   <div class='ocr_carea' id='block_1_33' title="bbox 290 3171 1876 3245">
    <p class='ocr_par' dir='ltr' id='par_1_33' title="bbox 290 3171 1876 3245">
     <span class='ocr_line' id='line_1_33' title="bbox 290 3171 1876 3245; baseline 0.005 -20"><span class='ocrx_word' id='word_1_241' title='bbox 290 3172 556 3227; x_wconf 89' lang='lat' dir='ltr'><strong>inclusum</strong></span> <span class='ocrx_word' id='word_1_242' title='bbox 578 3171 656 3245; x_wconf 83' lang='grc' dir='ltr'><strong>(α)</strong></span> <span class='ocrx_word' id='word_1_243' title='bbox 689 3176 1032 3244; x_wconf 82' lang='lat' dir='ltr'><strong>reperissent,</strong></span> <span class='ocrx_word' id='word_1_244' title='bbox 1056 3175 1104 3229; x_wconf 92' lang='lat' dir='ltr'><strong>ei</strong></span> <span class='ocrx_word' id='word_1_245' title='bbox 1135 3184 1190 3229; x_wconf 80' lang='grc' dir='ltr'><strong>ιιι</strong></span> <span class='ocrx_word' id='word_1_246' title='bbox 1216 3175 1282 3230; x_wconf 91' lang='lat' dir='ltr'><strong>ad</strong></span> <span class='ocrx_word' id='word_1_247' title='bbox 1312 3177 1560 3245; x_wconf 83' lang='lat' dir='ltr'><strong>pietatem</strong></span> <span class='ocrx_word' id='word_1_248' title='bbox 1584 3186 1725 3232; x_wconf 91' lang='lat' dir='ltr'><strong>tuam</strong></span> <span class='ocrx_word' id='word_1_249' title='bbox 1755 3179 1876 3244; x_wconf 88' lang='lat' dir='ltr'><strong>iret,</strong></span> 
     </span>
    </p>
   </div>
   <div class='ocr_carea' id='block_1_34' title="bbox 287 3265 1879 3338">
    <p class='ocr_par' dir='ltr' id='par_1_34' title="bbox 287 3265 1879 3338">
     <span class='ocr_line' id='line_1_34' title="bbox 287 3265 1879 3338; baseline 0.004 -20"><span class='ocrx_word' id='word_1_250' title='bbox 287 3273 347 3318; x_wconf 89' lang='lat' dir='ltr'><strong>et</strong></span> <span class='ocrx_word' id='word_1_251' title='bbox 381 3265 433 3319; x_wconf 89' lang='lat' dir='ltr'><strong>in</strong></span> <span class='ocrx_word' id='word_1_252' title='bbox 467 3265 795 3322; x_wconf 71' lang='lat' dir='ltr'><strong>thniciam</strong></span> <span class='ocrx_word' id='word_1_253' title='bbox 825 3267 1273 3336; x_wconf 75' lang='lat' dir='ltr'><strong>proficisceretur,</strong></span> <span class='ocrx_word' id='word_1_254' title='bbox 1303 3269 1566 3338; x_wconf 88' lang='lat' dir='ltr'><strong>persuasi.</strong></span> <span class='ocrx_word' id='word_1_255' title='bbox 1607 3271 1690 3323; x_wconf 87' lang='lat' dir='ltr'><strong>An</strong></span> <span class='ocrx_word' id='word_1_256' title='bbox 1730 3269 1776 3323; x_wconf 92' lang='lat' dir='ltr'><strong>is</strong></span> <span class='ocrx_word' id='word_1_257' title='bbox 1812 3270 1879 3324; x_wconf 88' lang='lat' dir='ltr'><strong>ad</strong></span> 
     </span>
    </p>
   </div>
   <div class='ocr_carea' id='block_1_35' title="bbox 291 3357 1878 3429">
    <p class='ocr_par' dir='ltr' id='par_1_35' title="bbox 291 3357 1878 3429">
     <span class='ocr_line' id='line_1_35' title="bbox 291 3357 1878 3429; baseline 0.003 -19"><span class='ocrx_word' id='word_1_258' title='bbox 291 3367 348 3411; x_wconf 89' lang='lat' dir='ltr'><strong>te</strong></span> <span class='ocrx_word' id='word_1_259' title='bbox 390 3360 617 3423; x_wconf 89' lang='lat' dir='ltr'><strong>venerit,</strong></span> <span class='ocrx_word' id='word_1_260' title='bbox 669 3357 753 3413; x_wconf 88' lang='lat' dir='ltr'><strong>fac</strong></span> <span class='ocrx_word' id='word_1_261' title='bbox 797 3358 983 3413; x_wconf 90' lang='lat' dir='ltr'><strong>sciam.</strong></span> <span class='ocrx_word' id='word_1_262' title='bbox 1017 3358 1093 3412; x_wconf 89' lang='lat' dir='ltr'><strong>De</strong></span> <span class='ocrx_word' id='word_1_263' title='bbox 1121 3357 1410 3425; x_wconf 84' lang='lat' dir='ltr'><strong>Salamine,</strong></span> <span class='ocrx_word' id='word_1_264' title='bbox 1440 3358 1582 3428; x_wconf 91' lang='lat' dir='ltr'><strong>quod</strong></span> <span class='ocrx_word' id='word_1_265' title='bbox 1627 3360 1878 3429; x_wconf 83' lang='lat' dir='ltr'><strong>oppidum</strong></span> 
     </span>
    </p>
   </div>
   <div class='ocr_carea' id='block_1_36' title="bbox 289 3436 1879 3524">
    <p class='ocr_par' dir='ltr' id='par_1_36' title="bbox 289 3436 1879 3524">
     <span class='ocr_line' id='line_1_36' title="bbox 289 3436 1879 3524; baseline 0.003 -21"><span class='ocrx_word' id='word_1_266' title='bbox 289 3457 375 3503; x_wconf 89' lang='lat' dir='ltr'><strong>est</strong></span> <span class='ocrx_word' id='word_1_267' title='bbox 402 3449 455 3502; x_wconf 89' lang='lat' dir='ltr'><strong>in</strong></span> <span class='ocrx_word' id='word_1_268' title='bbox 480 3450 660 3520; x_wconf 82' lang='lat' dir='ltr'><strong>Cypro</strong></span> <span class='ocrx_word' id='word_1_269' title='bbox 687 3451 869 3515; x_wconf 89' lang='lat' dir='ltr'><strong>situm,</strong></span> <span class='ocrx_word' id='word_1_270' title='bbox 898 3461 952 3505; x_wconf 88' lang='lat' dir='ltr'><strong>et</strong></span> <span class='ocrx_word' id='word_1_271' title='bbox 980 3450 1048 3504; x_wconf 89' lang='lat' dir='ltr'><strong>ab</strong></span> <span class='ocrx_word' id='word_1_272' title='bbox 1080 3436 1268 3505; x_wconf 75' lang='lat' dir='ltr'><strong>lncrcsi</strong></span> <span class='ocrx_word' id='word_1_273' title='bbox 1298 3444 1757 3507; x_wconf 65' lang='lat' dir='ltr'><strong>Marcionis-tarum</strong></span> <span class='ocrx_word' id='word_1_274' title='bbox 1785 3470 1879 3524; x_wconf 93' lang='lat' dir='ltr'><strong>op-</strong></span> 
     </span>
    </p>
   </div>
   <div class='ocr_carea' id='block_1_37' title="bbox 292 3541 1878 3613">
    <p class='ocr_par' dir='ltr' id='par_1_37' title="bbox 292 3541 1878 3613">
     <span class='ocr_line' id='line_1_37' title="bbox 292 3541 1878 3613; baseline 0.008 -22"><span class='ocrx_word' id='word_1_275' title='bbox 292 3541 559 3608; x_wconf 81' lang='lat' dir='ltr'><strong>primitur,</strong></span> <span class='ocrx_word' id='word_1_276' title='bbox 587 3552 804 3597; x_wconf 87' lang='lat' dir='ltr'><strong>acturus</strong></span> <span class='ocrx_word' id='word_1_277' title='bbox 820 3557 940 3597; x_wconf 91' lang='lat' dir='ltr'><strong>cum</strong></span> <span class='ocrx_word' id='word_1_278' title='bbox 969 3543 1159 3613; x_wconf 91' lang='lat' dir='ltr'><strong>quibus</strong></span> <span class='ocrx_word' id='word_1_279' title='bbox 1181 3545 1437 3613; x_wconf 89' lang='lat' dir='ltr'><strong>oportuit,</strong></span> <span class='ocrx_word' id='word_1_280' title='bbox 1458 3553 1512 3599; x_wconf 89' lang='lat' dir='ltr'><strong>et</strong></span> <span class='ocrx_word' id='word_1_281' title='bbox 1535 3560 1644 3599; x_wconf 92' lang='lat' dir='ltr'><strong>rem</strong></span> <span class='ocrx_word' id='word_1_282' title='bbox 1667 3547 1878 3603; x_wconf 85' lang='lat' dir='ltr'><strong>omnem</strong></span> 
     </span>
    </p>
   </div>
   <div class='ocr_carea' id='block_1_38' title="bbox 291 3631 1879 3707">
    <p class='ocr_par' dir='ltr' id='par_1_38' title="bbox 291 3631 1879 3707">
     <span class='ocr_line' id='line_1_38' title="bbox 291 3631 1879 3707; baseline 0.009 -25"><span class='ocrx_word' id='word_1_283' title='bbox 291 3631 518 3686; x_wconf 82' lang='lat' dir='ltr'><strong>feliciter</strong></span> <span class='ocrx_word' id='word_1_284' title='bbox 537 3633 876 3688; x_wconf 86' lang='lat' dir='ltr'><strong>confecturus</strong></span> <span class='ocrx_word' id='word_1_285' title='bbox 901 3649 1069 3702; x_wconf 91' lang='lat' dir='ltr'><strong>eram,</strong></span> <span class='ocrx_word' id='word_1_286' title='bbox 1102 3635 1206 3690; x_wconf 89' lang='lat' dir='ltr'><strong>nisi</strong></span> <span class='ocrx_word' id='word_1_287' title='bbox 1235 3635 1438 3705; x_wconf 78' lang='lat' dir='ltr'><strong>eje‘ctus</strong></span> <span class='ocrx_word' id='word_1_288' title='bbox 1465 3635 1708 3694; x_wconf 81' lang='lat' dir='ltr'><strong>fuissem.</strong></span> <span class='ocrx_word' id='word_1_289' title='bbox 1728 3639 1879 3707; x_wconf 88' lang='lat' dir='ltr'><strong>Quod</strong></span> 
     </span>
    </p>
   </div>
   <div class='ocr_carea' id='block_1_39' title="bbox 290 3723 1878 3796">
    <p class='ocr_par' dir='ltr' id='par_1_39' title="bbox 290 3723 1878 3796">
     <span class='ocr_line' id='line_1_39' title="bbox 290 3723 1878 3796; baseline 0.007 -22"><span class='ocrx_word' id='word_1_290' title='bbox 290 3723 334 3774; x_wconf 87' lang='lat' dir='ltr'><strong>si</strong></span> <span class='ocrx_word' id='word_1_291' title='bbox 367 3723 640 3777; x_wconf 90' lang='lat' dir='ltr'><strong>dominum</strong></span> <span class='ocrx_word' id='word_1_292' title='bbox 689 3739 867 3779; x_wconf 91' lang='lat' dir='ltr'><strong>meum</strong></span> <span class='ocrx_word' id='word_1_293' title='bbox 908 3724 1192 3795; x_wconf 86' lang='lat' dir='ltr'><strong>Cyriacum</strong></span> <span class='ocrx_word' id='word_1_294' title='bbox 1229 3728 1537 3796; x_wconf 90' lang='lat' dir='ltr'><strong>episcopum</strong></span> <span class='ocrx_word' id='word_1_295' title='bbox 1571 3727 1878 3794; x_wconf 53' lang='lat' dir='ltr'><strong>Constanti,-</strong></span> 
     </span>
    </p>
   </div>
   <div class='ocr_carea' id='block_1_40' title="bbox 295 3813 1878 3888">
    <p class='ocr_par' dir='ltr' id='par_1_40' title="bbox 295 3813 1878 3888">
     <span class='ocr_line' id='line_1_40' title="bbox 295 3813 1878 3888; baseline 0.006 -24"><span class='ocrx_word' id='word_1_296' title='bbox 295 3813 478 3879; x_wconf 79' lang='lat' dir='ltr'><strong>tmpoii</strong></span> <span class='ocrx_word' id='word_1_297' title='bbox 521 3829 641 3870; x_wconf 91' lang='lat' dir='ltr'><strong>esse</strong></span> <span class='ocrx_word' id='word_1_298' title='bbox 663 3816 996 3886; x_wconf 85' lang='lat' dir='ltr'><strong>cognoveris,</strong></span> <span class='ocrx_word' id='word_1_299' title='bbox 1026 3817 1199 3872; x_wconf 90' lang='lat' dir='ltr'><strong>scribe</strong></span> <span class='ocrx_word' id='word_1_300' title='bbox 1240 3817 1308 3873; x_wconf 90' lang='lat' dir='ltr'><strong>ad</strong></span> <span class='ocrx_word' id='word_1_301' title='bbox 1331 3833 1452 3873; x_wconf 87' lang='lat' dir='ltr'><strong>eum</strong></span> <span class='ocrx_word' id='word_1_302' title='bbox 1484 3818 1584 3874; x_wconf 89' lang='lat' dir='ltr'><strong>hac</strong></span> <span class='ocrx_word' id='word_1_303' title='bbox 1607 3819 1674 3874; x_wconf 92' lang='lat' dir='ltr'><strong>de</strong></span> <span class='ocrx_word' id='word_1_304' title='bbox 1697 3836 1878 3888; x_wconf 90' lang='lat' dir='ltr'><strong>causa,</strong></span> 
     </span>
    </p>
   </div>
   <div class='ocr_carea' id='block_1_41' title="bbox 291 3905 1882 3984">
    <p class='ocr_par' dir='ltr' id='par_1_41' title="bbox 291 3905 1882 3984">
     <span class='ocr_line' id='line_1_41' title="bbox 291 3905 1882 3984; baseline 0.006 -27"><span class='ocrx_word' id='word_1_305' title='bbox 291 3913 346 3957; x_wconf 87' lang='lat' dir='ltr'><strong>et</strong></span> <span class='ocrx_word' id='word_1_306' title='bbox 375 3905 630 3974; x_wconf 86' lang='lat' dir='ltr'><strong>perficere</strong></span> <span class='ocrx_word' id='word_1_307' title='bbox 666 3909 711 3962; x_wconf 91' lang='lat' dir='ltr'><strong>is</strong></span> <span class='ocrx_word' id='word_1_308' title='bbox 737 3907 915 3962; x_wconf 87' lang='lat' dir='ltr'><strong>omnia</strong></span> <span class='ocrx_word' id='word_1_309' title='bbox 945 3908 1466 3978; x_wconf 84' lang='lat' dir='ltr'><strong>poterit.Cohortare</strong></span> <span class='ocrx_word' id='word_1_310' title='bbox 1486 3923 1762 3976; x_wconf 90' lang='lat' dir='ltr'><strong>omnes,et</strong></span> <span class='ocrx_word' id='word_1_311' title='bbox 1788 3929 1882 3984; x_wconf 92' lang='lat' dir='ltr'><strong>po-</strong></span> 
     </span>
    </p>
   </div>
   <div class='ocr_carea' id='block_1_42' title="bbox 294 3997 1882 4072">
    <p class='ocr_par' dir='ltr' id='par_1_42' title="bbox 294 3997 1882 4072">
     <span class='ocr_line' id='line_1_42' title="bbox 294 3997 1882 4072; baseline 0.007 -23"><span class='ocrx_word' id='word_1_312' title='bbox 294 3997 559 4052; x_wconf 85' lang='lat' dir='ltr'><strong>tissimnm</strong></span> <span class='ocrx_word' id='word_1_313' title='bbox 587 4014 681 4054; x_wconf 90' lang='lat' dir='ltr'><strong>eos</strong></span> <span class='ocrx_word' id='word_1_314' title='bbox 719 4001 808 4071; x_wconf 92' lang='lat' dir='ltr'><strong>qui</strong></span> <span class='ocrx_word' id='word_1_315' title='bbox 850 4000 1098 4056; x_wconf 84' lang='lat' dir='ltr'><strong>fiduciam</strong></span> <span class='ocrx_word' id='word_1_316' title='bbox 1151 4003 1292 4072; x_wconf 90' lang='lat' dir='ltr'><strong>apud</strong></span> <span class='ocrx_word' id='word_1_317' title='bbox 1344 4003 1508 4058; x_wconf 90' lang='lat' dir='ltr'><strong>Deum</strong></span> <span class='ocrx_word' id='word_1_318' title='bbox 1555 4005 1773 4070; x_wconf 84' lang='lat' dir='ltr'><strong>habent,</strong></span> <span class='ocrx_word' id='word_1_319' title='bbox 1825 4016 1882 4060; x_wconf 91' lang='lat' dir='ltr'><strong>ut</strong></span> 
     </span>
    </p>
   </div>
   <div class='ocr_carea' id='block_1_43' title="bbox 293 4088 1880 4162">
    <p class='ocr_par' dir='ltr' id='par_1_43' title="bbox 293 4088 1880 4162">
     <span class='ocr_line' id='line_1_43' title="bbox 293 4088 1880 4162; baseline 0.007 -22"><span class='ocrx_word' id='word_1_320' title='bbox 293 4088 519 4142; x_wconf 89' lang='lat' dir='ltr'><strong>multmn</strong></span> <span class='ocrx_word' id='word_1_321' title='bbox 549 4099 604 4144; x_wconf 91' lang='lat' dir='ltr'><strong>et</strong></span> <span class='ocrx_word' id='word_1_322' title='bbox 636 4091 851 4147; x_wconf 90' lang='lat' dir='ltr'><strong>assidue</strong></span> <span class='ocrx_word' id='word_1_323' title='bbox 878 4102 1054 4158; x_wconf 90' lang='lat' dir='ltr'><strong>orent,</strong></span> <span class='ocrx_word' id='word_1_324' title='bbox 1091 4102 1148 4147; x_wconf 93' lang='lat' dir='ltr'><strong>ut</strong></span> <span class='ocrx_word' id='word_1_325' title='bbox 1178 4109 1414 4162; x_wconf 75' lang='lat' dir='ltr'><strong>prmsens</strong></span> <span class='ocrx_word' id='word_1_326' title='bbox 1438 4093 1586 4150; x_wconf 91' lang='lat' dir='ltr'><strong>orbis</strong></span> <span class='ocrx_word' id='word_1_327' title='bbox 1621 4105 1880 4152; x_wconf 89' lang='lat' dir='ltr'><strong>terrarum</strong></span> 
     </span>
    </p>
   </div>
   <div class='ocr_carea' id='block_1_44' title="bbox 293 4180 1876 4257">
    <p class='ocr_par' dir='ltr' id='par_1_44' title="bbox 293 4180 1876 4257">
     <span class='ocr_line' id='line_1_44' title="bbox 293 4180 1876 4257; baseline 0.005 -23"><span class='ocrx_word' id='word_1_328' title='bbox 293 4180 622 4252; x_wconf 76' lang='lat' dir='ltr'><strong>naufragium</strong></span> <span class='ocrx_word' id='word_1_329' title='bbox 665 4185 1026 4256; x_wconf 86' lang='lat' dir='ltr'><strong>conquiescat.</strong></span> <span class='ocrx_word' id='word_1_330' title='bbox 1074 4185 1432 4241; x_wconf 89' lang='lat' dir='ltr'><strong>lntolerabiiia</strong></span> <span class='ocrx_word' id='word_1_331' title='bbox 1484 4188 1628 4243; x_wconf 90' lang='lat' dir='ltr'><strong>enim</strong></span> <span class='ocrx_word' id='word_1_332' title='bbox 1673 4190 1876 4257; x_wconf 86' lang='lat' dir='ltr'><strong>Asiam,</strong></span> 
     </span>
    </p>
   </div>
   <div class='ocr_carea' id='block_1_45' title="bbox 292 4274 1880 4350">
    <p class='ocr_par' dir='ltr' id='par_1_45' title="bbox 292 4274 1880 4350">
     <span class='ocr_line' id='line_1_45' title="bbox 292 4274 1880 4350; baseline 0.006 -25"><span class='ocrx_word' id='word_1_333' title='bbox 292 4274 531 4345; x_wconf 78' lang='lat' dir='ltr'><strong>aliasque</strong></span> <span class='ocrx_word' id='word_1_334' title='bbox 557 4276 720 4331; x_wconf 88' lang='lat' dir='ltr'><strong>urbes</strong></span> <span class='ocrx_word' id='word_1_335' title='bbox 748 4287 804 4331; x_wconf 89' lang='lat' dir='ltr'><strong>et</strong></span> <span class='ocrx_word' id='word_1_336' title='bbox 831 4276 1105 4332; x_wconf 87' lang='lat' dir='ltr'><strong>Ecclesias</strong></span> <span class='ocrx_word' id='word_1_337' title='bbox 1142 4277 1449 4333; x_wconf 90' lang='lat' dir='ltr'><strong>invaserunt</strong></span> <span class='ocrx_word' id='word_1_338' title='bbox 1473 4278 1634 4346; x_wconf 87' lang='lat' dir='ltr'><strong>mala,</strong></span> <span class='ocrx_word' id='word_1_339' title='bbox 1663 4295 1780 4350; x_wconf 72' lang='lat' dir='ltr'><strong>qua:</strong></span> <span class='ocrx_word' id='word_1_340' title='bbox 1809 4281 1880 4334; x_wconf 85' lang='lat' dir='ltr'><strong>si-</strong></span> 
     </span>
    </p>
   </div>
   <div class='ocr_carea' id='block_1_46' title="bbox 290 4365 1884 4440">
    <p class='ocr_par' dir='ltr' id='par_1_46' title="bbox 290 4365 1884 4440">
     <span class='ocr_line' id='line_1_46' title="bbox 290 4365 1884 4440; baseline 0.006 -24"><span class='ocrx_word' id='word_1_341' title='bbox 290 4365 538 4434; x_wconf 79' lang='lat' dir='ltr'><strong>gillatim,</strong></span> <span class='ocrx_word' id='word_1_342' title='bbox 570 4383 638 4421; x_wconf 92' lang='lat' dir='ltr'><strong>ne</strong></span> <span class='ocrx_word' id='word_1_343' title='bbox 665 4368 923 4422; x_wconf 90' lang='lat' dir='ltr'><strong>molestus</strong></span> <span class='ocrx_word' id='word_1_344' title='bbox 947 4382 1068 4423; x_wconf 88' lang='lat' dir='ltr'><strong>esse</strong></span> <span class='ocrx_word' id='word_1_345' title='bbox 1092 4367 1299 4435; x_wconf 91' lang='lat' dir='ltr'><strong>videar,</strong></span> <span class='ocrx_word' id='word_1_346' title='bbox 1339 4384 1656 4426; x_wconf 89' lang='lat' dir='ltr'><strong>enumerare</strong></span> <span class='ocrx_word' id='word_1_347' title='bbox 1697 4385 1884 4440; x_wconf 82' lang='lat' dir='ltr'><strong>supcr-</strong></span> 
     </span>
    </p>
   </div>
   <div class='ocr_carea' id='block_1_47' title="bbox 291 4455 1879 4529">
    <p class='ocr_par' dir='ltr' id='par_1_47' title="bbox 291 4455 1879 4529">
     <span class='ocr_line' id='line_1_47' title="bbox 291 4455 1879 4529; baseline 0.006 -20"><span class='ocrx_word' id='word_1_348' title='bbox 291 4455 490 4511; x_wconf 84' lang='lat' dir='ltr'><strong>sedeo:</strong></span> <span class='ocrx_word' id='word_1_349' title='bbox 521 4465 681 4528; x_wconf 87' lang='lat' dir='ltr'><strong>atque</strong></span> <span class='ocrx_word' id='word_1_350' title='bbox 706 4473 870 4512; x_wconf 89' lang='lat' dir='ltr'><strong>unum</strong></span> <span class='ocrx_word' id='word_1_351' title='bbox 901 4457 1030 4514; x_wconf 90' lang='lat' dir='ltr'><strong>illud</strong></span> <span class='ocrx_word' id='word_1_352' title='bbox 1054 4459 1198 4529; x_wconf 89' lang='lat' dir='ltr'><strong>dico,</strong></span> <span class='ocrx_word' id='word_1_353' title='bbox 1225 4459 1388 4515; x_wconf 89' lang='lat' dir='ltr'><strong>multa</strong></span> <span class='ocrx_word' id='word_1_354' title='bbox 1418 4475 1562 4517; x_wconf 90' lang='lat' dir='ltr'><strong>nunc</strong></span> <span class='ocrx_word' id='word_1_355' title='bbox 1585 4471 1640 4518; x_wconf 91' lang='lat' dir='ltr'><strong>et</strong></span> <span class='ocrx_word' id='word_1_356' title='bbox 1667 4461 1879 4521; x_wconf 89' lang='lat' dir='ltr'><strong>assidua</strong></span> 
     </span>
    </p>
   </div>
   <div class='ocr_carea' id='block_1_48' title="bbox 292 4552 927 4637">
    <p class='ocr_par' dir='ltr' id='par_1_48' title="bbox 292 4552 927 4637">
     <span class='ocr_line' id='line_1_48' title="bbox 292 4552 927 4637; baseline 0.006 -37"><span class='ocrx_word' id='word_1_357' title='bbox 292 4562 429 4617; x_wconf 85' lang='lat' dir='ltr'><strong>opus</strong></span> <span class='ocrx_word' id='word_1_358' title='bbox 452 4563 574 4607; x_wconf 88' lang='lat' dir='ltr'><strong>csse</strong></span> <span class='ocrx_word' id='word_1_359' title='bbox 598 4552 927 4637; x_wconf 78' lang='lat' dir='ltr'><strong>precatione.</strong></span> 
     </span>
    </p>
   </div>
   <div class='ocr_carea' id='block_1_49' title="bbox 293 4676 1881 4761">
    <p class='ocr_par' dir='ltr' id='par_1_49' title="bbox 293 4676 1881 4761">
     <span class='ocr_line' id='line_1_49' title="bbox 293 4676 1881 4761; baseline 0.007 -28"><span class='ocrx_word' id='word_1_360' title='bbox 293 4676 572 4734; x_wconf 77' lang='lat' dir='ltr'><strong>CCXXII.</strong></span> <span class='ocrx_word' id='word_1_361' title='bbox 613 4681 784 4746; x_wconf 75' lang='lat' dir='ltr'><strong>Casio,</strong></span> <span class='ocrx_word' id='word_1_362' title='bbox 821 4681 1042 4749; x_wconf 81' lang='lat' dir='ltr'><strong>Valerio,</strong></span> <span class='ocrx_word' id='word_1_363' title='bbox 1073 4684 1384 4756; x_wconf 84' lang='lat' dir='ltr'><strong>Diophanto,</strong></span> <span class='ocrx_word' id='word_1_364' title='bbox 1409 4687 1642 4758; x_wconf 78' lang='lat' dir='ltr'><strong>Cyriaco,</strong></span> <span class='ocrx_word' id='word_1_365' title='bbox 1676 4690 1881 4761; x_wconf 80' lang='lat' dir='ltr'><strong>presby-</strong></span> 
     </span>
    </p>
   </div>
   <div class='ocr_carea' id='block_1_50' title="bbox 533 4774 1667 4850">
    <p class='ocr_par' dir='ltr' id='par_1_50' title="bbox 533 4774 1667 4850">
     <span class='ocr_line' id='line_1_50' title="bbox 533 4774 1667 4850; baseline 0.009 -26"><span class='ocrx_word' id='word_1_366' title='bbox 533 4774 652 4826; x_wconf 78' lang='lat' dir='ltr'><strong>teris</strong></span> <span class='ocrx_word' id='word_1_367' title='bbox 691 4775 1028 4830; x_wconf 72' lang='lat' dir='ltr'><strong>Amice/renis.</strong></span> <span class='ocrx_word' id='word_1_368' title='bbox 1066 4775 1310 4848; x_wconf 85' lang='lat' dir='ltr'><strong>(Cucuso</strong></span> <span class='ocrx_word' id='word_1_369' title='bbox 1337 4792 1479 4834; x_wconf 89' lang='lat' dir='ltr'><strong>anno</strong></span> <span class='ocrx_word' id='word_1_370' title='bbox 1507 4779 1667 4850; x_wconf 62' lang='lat'><strong>404.)</strong></span> 
     </span>
    </p>
   </div>
   <div class='ocr_carea' id='block_1_51' title="bbox 364 4905 1878 4982">
    <p class='ocr_par' dir='ltr' id='par_1_51' title="bbox 364 4905 1878 4982">
     <span class='ocr_line' id='line_1_51' title="bbox 364 4905 1878 4982; baseline 0.006 -22"><span class='ocrx_word' id='word_1_371' title='bbox 364 4905 436 4961; x_wconf 82' lang='lat' dir='ltr'><strong>Et</strong></span> <span class='ocrx_word' id='word_1_372' title='bbox 462 4906 603 4978; x_wconf 90' lang='lat' dir='ltr'><strong>quod</strong></span> <span class='ocrx_word' id='word_1_373' title='bbox 632 4908 696 4963; x_wconf 87' lang='lat' dir='ltr'><strong>ad</strong></span> <span class='ocrx_word' id='word_1_374' title='bbox 729 4924 824 4964; x_wconf 88' lang='lat' dir='ltr'><strong>nos</strong></span> <span class='ocrx_word' id='word_1_375' title='bbox 865 4909 1208 4981; x_wconf 82' lang='lat' dir='ltr'><strong>scripseritis,</strong></span> <span class='ocrx_word' id='word_1_376' title='bbox 1237 4921 1290 4966; x_wconf 90' lang='lat' dir='ltr'><strong>et</strong></span> <span class='ocrx_word' id='word_1_377' title='bbox 1317 4911 1458 4982; x_wconf 87' lang='lat' dir='ltr'><strong>quod</strong></span> <span class='ocrx_word' id='word_1_378' title='bbox 1489 4913 1655 4969; x_wconf 91' lang='lat' dir='ltr'><strong>literis</strong></span> <span class='ocrx_word' id='word_1_379' title='bbox 1678 4929 1776 4970; x_wconf 91' lang='lat' dir='ltr'><strong>nos</strong></span> <span class='ocrx_word' id='word_1_380' title='bbox 1801 4915 1878 4969; x_wconf 89' lang='lat' dir='ltr'><strong>la-</strong></span> 
     </span>
    </p>
   </div>
   <div class='ocr_carea' id='block_1_52' title="bbox 288 5001 1878 5075">
    <p class='ocr_par' dir='ltr' id='par_1_52' title="bbox 288 5001 1878 5075">
     <span class='ocr_line' id='line_1_52' title="bbox 288 5001 1878 5075; baseline 0.004 -21"><span class='ocrx_word' id='word_1_381' title='bbox 288 5011 510 5054; x_wconf 81' lang='lat' dir='ltr'><strong>cessere</strong></span> <span class='ocrx_word' id='word_1_382' title='bbox 534 5001 829 5065; x_wconf 82' lang='lat' dir='ltr'><strong>volueritis,</strong></span> <span class='ocrx_word' id='word_1_383' title='bbox 859 5017 922 5058; x_wconf 90' lang='lat' dir='ltr'><strong>ac</strong></span> <span class='ocrx_word' id='word_1_384' title='bbox 955 5004 1135 5059; x_wconf 85' lang='lat' dir='ltr'><strong>literas</strong></span> <span class='ocrx_word' id='word_1_385' title='bbox 1161 5020 1191 5058; x_wconf 90' lang='lat' dir='ltr'><strong>a</strong></span> <span class='ocrx_word' id='word_1_386' title='bbox 1217 5005 1370 5060; x_wconf 87' lang='lat' dir='ltr'><strong>nobis</strong></span> <span class='ocrx_word' id='word_1_387' title='bbox 1401 5014 1602 5075; x_wconf 88' lang='lat' dir='ltr'><strong>petere,</strong></span> <span class='ocrx_word' id='word_1_388' title='bbox 1632 5007 1878 5063; x_wconf 90' lang='lat' dir='ltr'><strong>modum-</strong></span> 
     </span>
    </p>
   </div>
   <div class='ocr_carea' id='block_1_53' title="bbox 285 5090 1878 5169">
    <p class='ocr_par' dir='ltr' id='par_1_53' title="bbox 285 5090 1878 5169">
     <span class='ocr_line' id='line_1_53' title="bbox 285 5090 1878 5169; baseline 0.008 -25"><span class='ocrx_word' id='word_1_389' title='bbox 285 5104 402 5160; x_wconf 77' lang='lat' dir='ltr'><strong>que</strong></span> <span class='ocrx_word' id='word_1_390' title='bbox 440 5090 680 5160; x_wconf 62' lang='lat' dir='ltr'><strong>epistolae</strong></span> <span class='ocrx_word' id='word_1_391' title='bbox 713 5093 975 5150; x_wconf 81' lang='lat' dir='ltr'><strong>excedere</strong></span> <span class='ocrx_word' id='word_1_392' title='bbox 1013 5095 1300 5164; x_wconf 88' lang='lat' dir='ltr'><strong>jusseritis,</strong></span> <span class='ocrx_word' id='word_1_393' title='bbox 1344 5097 1398 5152; x_wconf 91' lang='lat' dir='ltr'><strong>id</strong></span> <span class='ocrx_word' id='word_1_394' title='bbox 1437 5097 1750 5169; x_wconf 85' lang='lat' dir='ltr'><strong>argumento</strong></span> <span class='ocrx_word' id='word_1_395' title='bbox 1780 5101 1878 5157; x_wconf 90' lang='lat' dir='ltr'><strong>fuit</strong></span> 
     </span>
    </p>
   </div>
   <div class='ocr_carea' id='block_1_54' title="bbox 285 5179 1875 5259">
    <p class='ocr_par' dir='ltr' id='par_1_54' title="bbox 285 5179 1875 5259">
     <span class='ocr_line' id='line_1_54' title="bbox 285 5179 1875 5259; baseline 0.007 -25"><span class='ocrx_word' id='word_1_396' title='bbox 285 5194 394 5235; x_wconf 85' lang='lat' dir='ltr'><strong>vos</strong></span> <span class='ocrx_word' id='word_1_397' title='bbox 420 5179 750 5238; x_wconf 79' lang='lat' dir='ltr'><strong>insaturabiii</strong></span> <span class='ocrx_word' id='word_1_398' title='bbox 796 5195 852 5239; x_wconf 91' lang='lat' dir='ltr'><strong>et</strong></span> <span class='ocrx_word' id='word_1_399' title='bbox 877 5184 1067 5240; x_wconf 86' lang='lat' dir='ltr'><strong>insano</strong></span> <span class='ocrx_word' id='word_1_400' title='bbox 1111 5201 1236 5257; x_wconf 89' lang='lat' dir='ltr'><strong>erga</strong></span> <span class='ocrx_word' id='word_1_401' title='bbox 1285 5202 1381 5242; x_wconf 93' lang='lat' dir='ltr'><strong>nos</strong></span> <span class='ocrx_word' id='word_1_402' title='bbox 1408 5204 1590 5244; x_wconf 88' lang='lat' dir='ltr'><strong>amore</strong></span> <span class='ocrx_word' id='word_1_403' title='bbox 1635 5191 1875 5259; x_wconf 85' lang='lat' dir='ltr'><strong>ﬂagrare.</strong></span> 
     </span>
    </p>
   </div>
   <div class='ocr_carea' id='block_1_55' title="bbox 353 5335 1878 5406">
    <p class='ocr_par' dir='ltr' id='par_1_55' title="bbox 353 5335 1878 5406">
     <span class='ocr_line' id='line_1_55' title="bbox 353 5335 1878 5406; baseline 0.006 -22"><span class='ocrx_word' id='word_1_404' title='bbox 353 5335 431 5406; x_wconf 70' lang='grc' dir='ltr'><strong>(ᾳ)</strong></span> <span class='ocrx_word' id='word_1_405' title='bbox 462 5336 672 5406; x_wconf 51' lang='grc' dir='ltr'><strong>ξοηθώί</strong></span> <span class='ocrx_word' id='word_1_406' title='bbox 713 5337 910 5398; x_wconf 87' lang='lat' dir='ltr'><strong>inclusi,</strong></span> <span class='ocrx_word' id='word_1_407' title='bbox 956 5341 1038 5402; x_wconf 89' lang='lat' dir='ltr'><strong>qui</strong></span> <span class='ocrx_word' id='word_1_408' title='bbox 1077 5351 1192 5406; x_wconf 77' lang='lat' dir='ltr'><strong>sese</strong></span> <span class='ocrx_word' id='word_1_409' title='bbox 1231 5339 1479 5406; x_wconf 76' lang='lat' dir='ltr'><strong>incellula</strong></span> <span class='ocrx_word' id='word_1_410' title='bbox 1497 5343 1702 5406; x_wconf 80' lang='lat' dir='ltr'><strong>quadam</strong></span> <span class='ocrx_word' id='word_1_411' title='bbox 1725 5344 1878 5393; x_wconf 85' lang='lat' dir='ltr'><strong>abde-</strong></span> 
     </span>
    </p>
   </div>
   <div class='ocr_carea' id='block_1_56' title="bbox 285 5395 1880 5459">
    <p class='ocr_par' dir='ltr' id='par_1_56' title="bbox 285 5395 1880 5459">
     <span class='ocr_line' id='line_1_56' title="bbox 285 5395 1880 5459; baseline 0.007 -14"><span class='ocrx_word' id='word_1_412' title='bbox 285 5395 439 5459; x_wconf 48' lang='grc' dir='ltr'><strong>ως</strong></span> <span class='ocrx_word' id='word_1_413' title='bbox 473 5396 763 5459; x_wconf 79' lang='lat' dir='ltr'><strong>frequenter</strong></span> <span class='ocrx_word' id='word_1_414' title='bbox 806 5395 1132 5451; x_wconf 71' lang='lat' dir='ltr'><strong>memorantur</strong></span> <span class='ocrx_word' id='word_1_415' title='bbox 1175 5403 1224 5450; x_wconf 92' lang='lat' dir='ltr'><strong>in</strong></span> <span class='ocrx_word' id='word_1_416' title='bbox 1248 5403 1443 5453; x_wconf 86' lang='lat' dir='ltr'><strong>historia</strong></span> <span class='ocrx_word' id='word_1_417' title='bbox 1480 5395 1802 5454; x_wconf 74' lang='lat' dir='ltr'><strong>ecclesiastica</strong></span> <span class='ocrx_word' id='word_1_418' title='bbox 1828 5415 1880 5457; x_wconf 88' lang='lat' dir='ltr'><strong>et</strong></span> 
     </span>
    </p>
   </div>
   <div class='ocr_carea' id='block_1_57' title="bbox 286 5458 1873 5528">
    <p class='ocr_par' dir='ltr' id='par_1_57' title="bbox 286 5458 1873 5528">
     <span class='ocr_line' id='line_1_57' title="bbox 286 5458 1873 5528; baseline 0.007 -23"><span class='ocrx_word' id='word_1_419' title='bbox 286 5458 610 5528; x_wconf 45' lang='grc' dir='ltr'><strong>βορείῳ..ιῂ</strong></span> <span class='ocrx_word' id='word_1_420' title='bbox 635 5459 857 5528; x_wconf 76' lang='lat' dir='ltr'><strong>epistola</strong></span> <span class='ocrx_word' id='word_1_421' title='bbox 877 5467 1040 5512; x_wconf 88' lang='lat' dir='ltr'><strong>autem</strong></span> <span class='ocrx_word' id='word_1_422' title='bbox 1073 5464 1222 5528; x_wconf 81' lang='lat' dir='ltr'><strong>prima</strong></span> <span class='ocrx_word' id='word_1_423' title='bbox 1257 5464 1315 5513; x_wconf 90' lang='lat' dir='ltr'><strong>ad</strong></span> <span class='ocrx_word' id='word_1_424' title='bbox 1347 5463 1648 5528; x_wconf 80' lang='lat' dir='ltr'><strong>Theodorum</strong></span> <span class='ocrx_word' id='word_1_425' title='bbox 1674 5466 1873 5528; x_wconf 55' lang='lat' dir='ltr'><strong>farctum,</strong></span> 
     </span>
    </p>
   </div>
   <div class='ocr_carea' id='block_1_58' title="bbox 289 5519 1880 5638">
    <p class='ocr_par' dir='ltr' id='par_1_58' title="bbox 289 5519 1880 5638">
     <span class='ocr_line' id='line_1_58' title="bbox 289 5519 1880 5592; baseline 0.009 -28"><span class='ocrx_word' id='word_1_426' title='bbox 289 5524 442 5568; x_wconf 86' lang='lat' dir='ltr'><strong>Tomo</strong></span> <span class='ocrx_word' id='word_1_427' title='bbox 464 5526 498 5579; x_wconf 94' lang='lat' dir='ltr'><strong>l,</strong></span> <span class='ocrx_word' id='word_1_428' title='bbox 524 5519 768 5571; x_wconf 80' lang='lat' dir='ltr'><strong>historiam</strong></span> <span class='ocrx_word' id='word_1_429' title='bbox 786 5523 938 5573; x_wconf 85' lang='lat' dir='ltr'><strong>habes</strong></span> <span class='ocrx_word' id='word_1_430' title='bbox 959 5519 1172 5574; x_wconf 73' lang='lat' dir='ltr'><strong>monachi</strong></span> <span class='ocrx_word' id='word_1_431' title='bbox 1196 5528 1441 5588; x_wconf 63' lang='lat' dir='ltr'><strong>cujusdam</strong></span> <span class='ocrx_word' id='word_1_432' title='bbox 1463 5529 1546 5592; x_wconf 92' lang='lat' dir='ltr'><strong>qui</strong></span> <span class='ocrx_word' id='word_1_433' title='bbox 1589 5519 1769 5592; x_wconf 71' lang='lat' dir='ltr'><strong>lapsus,</strong></span> <span class='ocrx_word' id='word_1_434' title='bbox 1813 5519 1880 5578; x_wconf 60' lang='lat'><strong>)0;</strong></span> 
     </span>
     <span class='ocr_line' id='line_1_59' title="bbox 289 5543 1878 5638; baseline 0.007 -10"><span class='ocrx_word' id='word_1_435' title='bbox 289 5586 401 5628; x_wconf 75' lang='lat' dir='ltr'><strong>sica</strong></span> <span class='ocrx_word' id='word_1_436' title='bbox 417 5582 468 5628; x_wconf 86' lang='lat' dir='ltr'><strong>in</strong></span> <span class='ocrx_word' id='word_1_437' title='bbox 491 5580 663 5630; x_wconf 80' lang='lat' dir='ltr'><strong>cellam</strong></span> <span class='ocrx_word' id='word_1_438' title='bbox 686 5595 802 5633; x_wconf 86' lang='lat' dir='ltr'><strong>sese</strong></span> <span class='ocrx_word' id='word_1_439' title='bbox 825 5584 998 5636; x_wconf 81' lang='lat' dir='ltr'><strong>includi</strong></span> <span class='ocrx_word' id='word_1_440' title='bbox 1019 5588 1220 5638; x_wconf 81' lang='lat' dir='ltr'><strong>curavit.</strong></span> <span class='ocrx_word' id='word_1_441' title='bbox 1247 5596 1298 5638; x_wconf 88' lang='lat' dir='ltr'><strong>et</strong></span> <span class='ocrx_word' id='word_1_442' title='bbox 1320 5589 1412 5638; x_wconf 84' lang='lat' dir='ltr'><strong>hoc</strong></span> <span class='ocrx_word' id='word_1_443' title='bbox 1429 5604 1616 5638; x_wconf 72' lang='lat' dir='ltr'><strong>genere</strong></span> <span class='ocrx_word' id='word_1_444' title='bbox 1639 5591 1749 5638; x_wconf 72' lang='lat' dir='ltr'><strong>vitae</strong></span> <span class='ocrx_word' id='word_1_445' title='bbox 1775 5543 1878 5638; x_wconf 53' lang='lat' dir='ltr'><strong>[htt-</strong></span> 
     </span>
    </p>
   </div>
   <div class='ocr_carea' id='block_1_59' title="bbox 288 5580 1878 5654">
    <p class='ocr_par' dir='ltr' id='par_1_59' title="bbox 288 5580 1878 5654">
     <span class='ocr_line' id='line_1_60' title="bbox 288 5580 1878 5654; baseline 0.009 -27"><span class='ocrx_word' id='word_1_446' title='bbox 288 5582 468 5654; x_wconf 67' lang='lat' dir='ltr'><strong>steain</strong></span> <span class='ocrx_word' id='word_1_447' title='bbox 491 5580 802 5654; x_wconf 79' lang='lat' dir='ltr'><strong>cellamsese</strong></span> <span class='ocrx_word' id='word_1_448' title='bbox 825 5584 998 5636; x_wconf 81' lang='lat' dir='ltr'><strong>includi</strong></span> <span class='ocrx_word' id='word_1_449' title='bbox 1019 5588 1220 5646; x_wconf 81' lang='lat' dir='ltr'><strong>curavit,</strong></span> <span class='ocrx_word' id='word_1_450' title='bbox 1247 5580 1298 5640; x_wconf 77' lang='grc' dir='ltr'><strong>ἐι</strong></span> <span class='ocrx_word' id='word_1_451' title='bbox 1320 5589 1412 5643; x_wconf 82' lang='lat' dir='ltr'><strong>hoc</strong></span> <span class='ocrx_word' id='word_1_452' title='bbox 1428 5580 1616 5654; x_wconf 65' lang='lat' dir='ltr'><strong>genere</strong></span> <span class='ocrx_word' id='word_1_453' title='bbox 1638 5580 1878 5653; x_wconf 50' lang='lat' dir='ltr'><strong>&#39;t&#39;itze&#39;pitt-</strong></span> 
     </span>
    </p>
   </div>
   <div class='ocr_carea' id='block_1_60' title="bbox 294 5653 845 5694">
    <p class='ocr_par' dir='ltr' id='par_1_60' title="bbox 294 5653 845 5694">
     <span class='ocr_line' id='line_1_61' title="bbox 294 5653 845 5694; baseline 0.013 -7"><span class='ocrx_word' id='word_1_454' title='bbox 294 5653 436 5693; x_wconf 75' lang='lat' dir='ltr'><strong>unus</strong></span> <span class='ocrx_word' id='word_1_455' title='bbox 450 5654 590 5692; x_wconf 78' lang='lat' dir='ltr'><strong>anms</strong></span> <span class='ocrx_word' id='word_1_456' title='bbox 612 5653 689 5694; x_wconf 86' lang='lat' dir='ltr'><strong>est</strong></span> <span class='ocrx_word' id='word_1_457' title='bbox 709 5656 845 5693; x_wconf 76' lang='lat' dir='ltr'><strong>usus.</strong></span> 
     </span>
    </p>
   </div>
   <div class='ocr_carea' id='block_1_61' title="bbox 1973 329 3558 405">
    <p class='ocr_par' dir='ltr' id='par_1_61' title="bbox 1973 329 3558 405">
     <span class='ocr_line' id='line_1_62' title="bbox 1973 329 3558 405; baseline 0.007 -20"><span class='ocrx_word' id='word_1_458' title='bbox 1973 331 2148 401; x_wconf 76' lang='lat' dir='ltr'><strong>Atque</strong></span> <span class='ocrx_word' id='word_1_459' title='bbox 2184 329 2289 385; x_wconf 84' lang='lat' dir='ltr'><strong>hoc</strong></span> <span class='ocrx_word' id='word_1_460' title='bbox 2329 329 2514 396; x_wconf 77' lang='lat' dir='ltr'><strong>efficit,</strong></span> <span class='ocrx_word' id='word_1_461' title='bbox 2545 341 2602 386; x_wconf 94' lang='lat' dir='ltr'><strong>ut</strong></span> <span class='ocrx_word' id='word_1_462' title='bbox 2645 345 2708 387; x_wconf 85' lang='lat' dir='ltr'><strong>ea</strong></span> <span class='ocrx_word' id='word_1_463' title='bbox 2750 333 3000 396; x_wconf 82' lang='lat' dir='ltr'><strong>solitudo,</strong></span> <span class='ocrx_word' id='word_1_464' title='bbox 3043 350 3198 405; x_wconf 87' lang='lat' dir='ltr'><strong>quam</strong></span> <span class='ocrx_word' id='word_1_465' title='bbox 3246 336 3558 404; x_wconf 63' lang='lat' dir='ltr'><strong>incutimus,</strong></span> 
     </span>
    </p>
   </div>
   <div class='ocr_carea' id='block_1_62' title="bbox 1972 420 3567 487">
    <p class='ocr_par' dir='ltr' id='par_1_62' title="bbox 1972 420 3567 487">
     <span class='ocr_line' id='line_1_63' title="bbox 1972 420 3567 487; baseline 0.007 -11"><span class='ocrx_word' id='word_1_466' title='bbox 1972 420 2202 476; x_wconf 81' lang='lat' dir='ltr'><strong>solitudo</strong></span> <span class='ocrx_word' id='word_1_467' title='bbox 2230 422 2451 477; x_wconf 91' lang='lat' dir='ltr'><strong>minime</strong></span> <span class='ocrx_word' id='word_1_468' title='bbox 2487 422 2727 476; x_wconf 81' lang='lat' dir='ltr'><strong>videatur</strong></span> <span class='ocrx_word' id='word_1_469' title='bbox 2755 442 2768 478; x_wconf 92' lang='lat'><strong>:</strong></span> <span class='ocrx_word' id='word_1_470' title='bbox 2804 423 2905 478; x_wconf 86' lang='lat' dir='ltr'><strong>hoc</strong></span> <span class='ocrx_word' id='word_1_471' title='bbox 2933 425 3171 480; x_wconf 91' lang='lat' dir='ltr'><strong>diversas</strong></span> <span class='ocrx_word' id='word_1_472' title='bbox 3197 436 3250 482; x_wconf 92' lang='lat' dir='ltr'><strong>et</strong></span> <span class='ocrx_word' id='word_1_473' title='bbox 3274 431 3567 487; x_wconf 80' lang='lat' dir='ltr'><strong>continuas</strong></span> 
     </span>
    </p>
   </div>
   <div class='ocr_carea' id='block_1_63' title="bbox 1966 513 3551 583">
    <p class='ocr_par' dir='ltr' id='par_1_63' title="bbox 1966 513 3551 583">
     <span class='ocr_line' id='line_1_64' title="bbox 1966 513 3551 583; baseline 0.008 -17"><span class='ocrx_word' id='word_1_474' title='bbox 1966 513 2292 568; x_wconf 83' lang='lat' dir='ltr'><strong>calamitates</strong></span> <span class='ocrx_word' id='word_1_475' title='bbox 2320 514 2543 583; x_wconf 86' lang='lat' dir='ltr'><strong>mitigat.</strong></span> <span class='ocrx_word' id='word_1_476' title='bbox 2569 514 2704 582; x_wconf 84' lang='lat' dir='ltr'><strong>Quid</strong></span> <span class='ocrx_word' id='word_1_477' title='bbox 2733 515 2876 569; x_wconf 86' lang='lat' dir='ltr'><strong>enim</strong></span> <span class='ocrx_word' id='word_1_478' title='bbox 2903 532 3023 570; x_wconf 92' lang='lat' dir='ltr'><strong>cum</strong></span> <span class='ocrx_word' id='word_1_479' title='bbox 3054 520 3275 574; x_wconf 85' lang='lat' dir='ltr'><strong>caritate</strong></span> <span class='ocrx_word' id='word_1_480' title='bbox 3319 522 3551 578; x_wconf 91' lang='lat' dir='ltr'><strong>conferri</strong></span> 
     </span>
    </p>
   </div>
   <div class='ocr_carea' id='block_1_64' title="bbox 1969 604 3554 677">
    <p class='ocr_par' dir='ltr' id='par_1_64' title="bbox 1969 604 3554 677">
     <span class='ocr_line' id='line_1_65' title="bbox 1969 604 3554 677; baseline 0.008 -20"><span class='ocrx_word' id='word_1_481' title='bbox 1969 606 2183 672; x_wconf 85' lang='lat' dir='ltr'><strong>potest?</strong></span> <span class='ocrx_word' id='word_1_482' title='bbox 2209 604 2351 659; x_wconf 90' lang='lat' dir='ltr'><strong>Nihil</strong></span> <span class='ocrx_word' id='word_1_483' title='bbox 2379 607 2553 675; x_wconf 89' lang='lat' dir='ltr'><strong>plane.</strong></span> <span class='ocrx_word' id='word_1_484' title='bbox 2597 607 2720 660; x_wconf 63' lang='lat' dir='ltr'><strong>Haec</strong></span> <span class='ocrx_word' id='word_1_485' title='bbox 2745 616 2798 662; x_wconf 90' lang='lat' dir='ltr'><strong>et</strong></span> <span class='ocrx_word' id='word_1_486' title='bbox 2828 609 2999 674; x_wconf 62' lang='lat' dir='ltr'><strong>radix;</strong></span> <span class='ocrx_word' id='word_1_487' title='bbox 3040 619 3094 664; x_wconf 90' lang='lat' dir='ltr'><strong>et</strong></span> <span class='ocrx_word' id='word_1_488' title='bbox 3132 622 3320 677; x_wconf 89' lang='lat' dir='ltr'><strong>mater,</strong></span> <span class='ocrx_word' id='word_1_489' title='bbox 3352 625 3408 669; x_wconf 91' lang='lat' dir='ltr'><strong>ct</strong></span> <span class='ocrx_word' id='word_1_490' title='bbox 3434 614 3554 671; x_wconf 88' lang='lat' dir='ltr'><strong>fons</strong></span> 
     </span>
    </p>
   </div>
   <div class='ocr_carea' id='block_1_65' title="bbox 1971 700 3555 769">
    <p class='ocr_par' dir='ltr' id='par_1_65' title="bbox 1971 700 3555 769">
     <span class='ocr_line' id='line_1_66' title="bbox 1971 700 3555 769; baseline 0.006 -17"><span class='ocrx_word' id='word_1_491' title='bbox 1971 708 2052 753; x_wconf 75' lang='lat' dir='ltr'><strong>t-st</strong></span> <span class='ocrx_word' id='word_1_492' title='bbox 2080 700 2363 766; x_wconf 86' lang='lat' dir='ltr'><strong>bonorum,</strong></span> <span class='ocrx_word' id='word_1_493' title='bbox 2394 702 2561 756; x_wconf 84' lang='lat' dir='ltr'><strong>virtus</strong></span> <span class='ocrx_word' id='word_1_494' title='bbox 2607 703 2827 759; x_wconf 90' lang='lat' dir='ltr'><strong>minime</strong></span> <span class='ocrx_word' id='word_1_495' title='bbox 2872 705 3156 769; x_wconf 88' lang='lat' dir='ltr'><strong>laboriosa,</strong></span> <span class='ocrx_word' id='word_1_496' title='bbox 3187 708 3354 763; x_wconf 89' lang='lat' dir='ltr'><strong>virtus</strong></span> <span class='ocrx_word' id='word_1_497' title='bbox 3400 708 3555 762; x_wconf 88' lang='lat' dir='ltr'><strong>volu-</strong></span> 
     </span>
    </p>
   </div>
   <div class='ocr_carea' id='block_1_66' title="bbox 1971 791 3555 867">
    <p class='ocr_par' dir='ltr' id='par_1_66' title="bbox 1971 791 3555 867">
     <span class='ocr_line' id='line_1_67' title="bbox 1971 791 3555 867; baseline 0.007 -24"><span class='ocrx_word' id='word_1_498' title='bbox 1971 799 2114 858; x_wconf 92' lang='lat' dir='ltr'><strong>ptate</strong></span> <span class='ocrx_word' id='word_1_499' title='bbox 2157 791 2374 859; x_wconf 86' lang='lat' dir='ltr'><strong>referta,</strong></span> <span class='ocrx_word' id='word_1_500' title='bbox 2406 808 2626 864; x_wconf 74' lang='lat' dir='ltr'><strong>qumque</strong></span> <span class='ocrx_word' id='word_1_501' title='bbox 2665 797 2881 849; x_wconf 86' lang='lat' dir='ltr'><strong>multam</strong></span> <span class='ocrx_word' id='word_1_502' title='bbox 2924 798 3008 864; x_wconf 91' lang='lat' dir='ltr'><strong>iis,</strong></span> <span class='ocrx_word' id='word_1_503' title='bbox 3033 799 3136 867; x_wconf 80' lang='lat' dir='ltr'><strong>qui</strong></span> <span class='ocrx_word' id='word_1_504' title='bbox 3183 799 3350 866; x_wconf 82' lang='lat' dir='ltr'><strong>ipsam</strong></span> <span class='ocrx_word' id='word_1_505' title='bbox 3395 813 3555 854; x_wconf 79' lang='lat' dir='ltr'><strong>exer-</strong></span> 
     </span>
    </p>
   </div>
   <div class='ocr_carea' id='block_1_67' title="bbox 1967 884 3549 959">
    <p class='ocr_par' dir='ltr' id='par_1_67' title="bbox 1967 884 3549 959">
     <span class='ocr_line' id='line_1_68' title="bbox 1967 884 3549 959; baseline 0.005 -23"><span class='ocrx_word' id='word_1_506' title='bbox 1967 891 2110 947; x_wconf 89' lang='lat' dir='ltr'><strong>cent,</strong></span> <span class='ocrx_word' id='word_1_507' title='bbox 2139 884 2462 953; x_wconf 78' lang='lat' dir='ltr'><strong>voluptatem</strong></span> <span class='ocrx_word' id='word_1_508' title='bbox 2491 886 2648 955; x_wconf 89' lang='lat' dir='ltr'><strong>parit.</strong></span> <span class='ocrx_word' id='word_1_509' title='bbox 2678 887 2820 954; x_wconf 86' lang='lat' dir='ltr'><strong>Quas</strong></span> <span class='ocrx_word' id='word_1_510' title='bbox 2850 888 2919 942; x_wconf 92' lang='lat' dir='ltr'><strong>ob</strong></span> <span class='ocrx_word' id='word_1_511' title='bbox 2943 903 3030 942; x_wconf 88' lang='lat' dir='ltr'><strong>res</strong></span> <span class='ocrx_word' id='word_1_512' title='bbox 3061 891 3258 959; x_wconf 88' lang='lat' dir='ltr'><strong>gratias</strong></span> <span class='ocrx_word' id='word_1_513' title='bbox 3286 891 3434 944; x_wconf 84' lang='lat' dir='ltr'><strong>vobis</strong></span> <span class='ocrx_word' id='word_1_514' title='bbox 3464 893 3549 944; x_wconf 86' lang='lat' dir='ltr'><strong>in-</strong></span> 
     </span>
    </p>
   </div>
   <div class='ocr_carea' id='block_1_68' title="bbox 1968 975 3559 1050">
    <p class='ocr_par' dir='ltr' id='par_1_68' title="bbox 1968 975 3559 1050">
     <span class='ocr_line' id='line_1_69' title="bbox 1968 975 3559 1050; baseline 0.008 -24"><span class='ocrx_word' id='word_1_515' title='bbox 1968 982 2156 1041; x_wconf 87' lang='lat' dir='ltr'><strong>gentes</strong></span> <span class='ocrx_word' id='word_1_516' title='bbox 2183 975 2410 1044; x_wconf 89' lang='lat' dir='ltr'><strong>agimus,</strong></span> <span class='ocrx_word' id='word_1_517' title='bbox 2441 976 2582 1046; x_wconf 91' lang='lat' dir='ltr'><strong>quod</strong></span> <span class='ocrx_word' id='word_1_518' title='bbox 2607 977 2742 1032; x_wconf 91' lang='lat' dir='ltr'><strong>adeo</strong></span> <span class='ocrx_word' id='word_1_519' title='bbox 2777 978 3038 1034; x_wconf 89' lang='lat' dir='ltr'><strong>sinceram</strong></span> <span class='ocrx_word' id='word_1_520' title='bbox 3083 996 3203 1050; x_wconf 89' lang='lat' dir='ltr'><strong>erga</strong></span> <span class='ocrx_word' id='word_1_521' title='bbox 3247 996 3346 1036; x_wconf 93' lang='lat' dir='ltr'><strong>nos</strong></span> <span class='ocrx_word' id='word_1_522' title='bbox 3394 982 3559 1038; x_wconf 88' lang='lat' dir='ltr'><strong>bene-</strong></span> 
     </span>
    </p>
   </div>
   <div class='ocr_carea' id='block_1_69' title="bbox 1971 1066 3560 1143">
    <p class='ocr_par' dir='ltr' id='par_1_69' title="bbox 1971 1066 3560 1143">
     <span class='ocr_line' id='line_1_70' title="bbox 1971 1066 3560 1143; baseline 0.006 -24"><span class='ocrx_word' id='word_1_523' title='bbox 1971 1066 2258 1121; x_wconf 87' lang='lat' dir='ltr'><strong>volentiam</strong></span> <span class='ocrx_word' id='word_1_524' title='bbox 2323 1069 2828 1124; x_wconf 84' lang='lat' dir='ltr'><strong>conservaveritis:</strong></span> <span class='ocrx_word' id='word_1_525' title='bbox 2882 1085 2979 1126; x_wconf 92' lang='lat' dir='ltr'><strong>nos</strong></span> <span class='ocrx_word' id='word_1_526' title='bbox 3041 1086 3172 1126; x_wconf 87' lang='lat' dir='ltr'><strong>vero</strong></span> <span class='ocrx_word' id='word_1_527' title='bbox 3237 1071 3560 1143; x_wconf 83' lang='lat' dir='ltr'><strong>ubicumque</strong></span> 
     </span>
    </p>
   </div>
   <div class='ocr_carea' id='block_1_70' title="bbox 1970 1159 3561 1233">
    <p class='ocr_par' dir='ltr' id='par_1_70' title="bbox 1970 1159 3561 1233">
     <span class='ocr_line' id='line_1_71' title="bbox 1970 1159 3561 1233; baseline 0.006 -21"><span class='ocrx_word' id='word_1_528' title='bbox 1970 1159 2206 1228; x_wconf 90' lang='lat' dir='ltr'><strong>gentium</strong></span> <span class='ocrx_word' id='word_1_529' title='bbox 2241 1159 2517 1227; x_wconf 88' lang='lat' dir='ltr'><strong>fuerimus,</strong></span> <span class='ocrx_word' id='word_1_530' title='bbox 2546 1161 2670 1216; x_wconf 90' lang='lat' dir='ltr'><strong>licet</strong></span> <span class='ocrx_word' id='word_1_531' title='bbox 2693 1163 2759 1217; x_wconf 92' lang='lat' dir='ltr'><strong>ad</strong></span> <span class='ocrx_word' id='word_1_532' title='bbox 2787 1164 2932 1233; x_wconf 92' lang='lat' dir='ltr'><strong>ipsos</strong></span> <span class='ocrx_word' id='word_1_533' title='bbox 2960 1164 3108 1219; x_wconf 84' lang='lat' dir='ltr'><strong>orbis</strong></span> <span class='ocrx_word' id='word_1_534' title='bbox 3138 1175 3396 1221; x_wconf 91' lang='lat' dir='ltr'><strong>terrarum</strong></span> <span class='ocrx_word' id='word_1_535' title='bbox 3426 1169 3561 1222; x_wconf 87' lang='lat' dir='ltr'><strong>lines</strong></span> 
     </span>
    </p>
   </div>
   <div class='ocr_carea' id='block_1_71' title="bbox 1971 1249 3558 1322">
    <p class='ocr_par' dir='ltr' id='par_1_71' title="bbox 1971 1249 3558 1322">
     <span class='ocr_line' id='line_1_72' title="bbox 1971 1249 3558 1322; baseline 0.007 -20"><span class='ocrx_word' id='word_1_536' title='bbox 1971 1249 2294 1317; x_wconf 87' lang='lat' dir='ltr'><strong>deferamur,</strong></span> <span class='ocrx_word' id='word_1_537' title='bbox 2328 1252 2452 1306; x_wconf 89' lang='lat' dir='ltr'><strong>licet</strong></span> <span class='ocrx_word' id='word_1_538' title='bbox 2480 1251 2546 1306; x_wconf 90' lang='lat' dir='ltr'><strong>ad</strong></span> <span class='ocrx_word' id='word_1_539' title='bbox 2595 1253 2772 1308; x_wconf 92' lang='lat' dir='ltr'><strong>locum</strong></span> <span class='ocrx_word' id='word_1_540' title='bbox 2821 1253 2926 1309; x_wconf 86' lang='lat' dir='ltr'><strong>hoc</strong></span> <span class='ocrx_word' id='word_1_541' title='bbox 2971 1256 3140 1310; x_wconf 90' lang='lat' dir='ltr'><strong>multo</strong></span> <span class='ocrx_word' id='word_1_542' title='bbox 3185 1256 3558 1322; x_wconf 87' lang='lat' dir='ltr'><strong>desertiorem,</strong></span> 
     </span>
    </p>
   </div>
   <div class='ocr_carea' id='block_1_72' title="bbox 1972 1342 3564 1418">
    <p class='ocr_par' dir='ltr' id='par_1_72' title="bbox 1972 1342 3564 1418">
     <span class='ocr_line' id='line_1_73' title="bbox 1972 1342 3564 1418; baseline 0.008 -26"><span class='ocrx_word' id='word_1_543' title='bbox 1972 1355 2069 1395; x_wconf 88' lang='lat' dir='ltr'><strong>vos</strong></span> <span class='ocrx_word' id='word_1_544' title='bbox 2110 1351 2291 1396; x_wconf 89' lang='lat' dir='ltr'><strong>mente</strong></span> <span class='ocrx_word' id='word_1_545' title='bbox 2335 1342 2772 1399; x_wconf 87' lang='lat' dir='ltr'><strong>circumferentes</strong></span> <span class='ocrx_word' id='word_1_546' title='bbox 2810 1345 3094 1411; x_wconf 89' lang='lat' dir='ltr'><strong>abibimus,</strong></span> <span class='ocrx_word' id='word_1_547' title='bbox 3136 1347 3429 1418; x_wconf 87' lang='lat' dir='ltr'><strong>insculptos</strong></span> <span class='ocrx_word' id='word_1_548' title='bbox 3465 1365 3564 1404; x_wconf 82' lang='lat' dir='ltr'><strong>vos</strong></span> 
     </span>
    </p>
   </div>
   <div class='ocr_carea' id='block_1_73' title="bbox 1977 1431 3563 1510">
    <p class='ocr_par' dir='ltr' id='par_1_73' title="bbox 1977 1431 3563 1510">
     <span class='ocr_line' id='line_1_74' title="bbox 1977 1431 3563 1510; baseline 0.007 -25"><span class='ocrx_word' id='word_1_549' title='bbox 1977 1431 2154 1486; x_wconf 88' lang='lat' dir='ltr'><strong>animo</strong></span> <span class='ocrx_word' id='word_1_550' title='bbox 2183 1442 2237 1486; x_wconf 92' lang='lat' dir='ltr'><strong>et</strong></span> <span class='ocrx_word' id='word_1_551' title='bbox 2267 1433 2464 1487; x_wconf 86' lang='lat' dir='ltr'><strong>incisos</strong></span> <span class='ocrx_word' id='word_1_552' title='bbox 2494 1444 2708 1503; x_wconf 90' lang='lat' dir='ltr'><strong>pectore</strong></span> <span class='ocrx_word' id='word_1_553' title='bbox 2748 1447 2932 1491; x_wconf 90' lang='lat' dir='ltr'><strong>nostro</strong></span> <span class='ocrx_word' id='word_1_554' title='bbox 2951 1448 3242 1507; x_wconf 86' lang='lat' dir='ltr'><strong>gestantes,</strong></span> <span class='ocrx_word' id='word_1_555' title='bbox 3275 1439 3448 1510; x_wconf 84' lang='lat' dir='ltr'><strong>neque</strong></span> <span class='ocrx_word' id='word_1_556' title='bbox 3473 1443 3563 1496; x_wconf 84' lang='lat' dir='ltr'><strong>iti-</strong></span> 
     </span>
    </p>
   </div>
   <div class='ocr_carea' id='block_1_74' title="bbox 1976 1521 3591 1603">
    <p class='ocr_par' dir='ltr' id='par_1_74' title="bbox 1976 1521 3591 1603">
     <span class='ocr_line' id='line_1_75' title="bbox 1976 1521 3591 1603; baseline 0.008 -29"><span class='ocrx_word' id='word_1_557' title='bbox 1976 1522 2118 1576; x_wconf 90' lang='lat' dir='ltr'><strong>neris</strong></span> <span class='ocrx_word' id='word_1_558' title='bbox 2145 1521 2523 1592; x_wconf 87' lang='lat' dir='ltr'><strong>longinquitas,</strong></span> <span class='ocrx_word' id='word_1_559' title='bbox 2543 1539 2717 1594; x_wconf 91' lang='lat' dir='ltr'><strong>ncque</strong></span> <span class='ocrx_word' id='word_1_560' title='bbox 2745 1528 3005 1596; x_wconf 90' lang='lat' dir='ltr'><strong>temporis</strong></span> <span class='ocrx_word' id='word_1_561' title='bbox 3033 1528 3375 1597; x_wconf 85' lang='lat' dir='ltr'><strong>diuturnitas,</strong></span> <span class='ocrx_word' id='word_1_562' title='bbox 3394 1547 3591 1603; x_wconf 65' lang='lat' dir='ltr'><strong>neque</strong></span> 
     </span>
    </p>
   </div>
   <div class='ocr_carea' id='block_1_75' title="bbox 1977 1616 3572 1693">
    <p class='ocr_par' dir='ltr' id='par_1_75' title="bbox 1977 1616 3572 1693">
     <span class='ocr_line' id='line_1_76' title="bbox 1977 1616 3572 1693; baseline 0.008 -24"><span class='ocrx_word' id='word_1_563' title='bbox 1977 1616 2128 1670; x_wconf 90' lang='lat' dir='ltr'><strong>turba</strong></span> <span class='ocrx_word' id='word_1_564' title='bbox 2153 1616 2516 1672; x_wconf 82' lang='lat' dir='ltr'><strong>calamitatum</strong></span> <span class='ocrx_word' id='word_1_565' title='bbox 2542 1620 2953 1690; x_wconf 89' lang='lat' dir='ltr'><strong>negligentiores</strong></span> <span class='ocrx_word' id='word_1_566' title='bbox 2979 1637 3102 1693; x_wconf 84' lang='lat' dir='ltr'><strong>erga</strong></span> <span class='ocrx_word' id='word_1_567' title='bbox 3130 1624 3444 1681; x_wconf 87' lang='lat' dir='ltr'><strong>suavitatem</strong></span> <span class='ocrx_word' id='word_1_568' title='bbox 3475 1641 3572 1682; x_wconf 82' lang='lat' dir='ltr'><strong>vo-</strong></span> 
     </span>
    </p>
   </div>
   <div class='ocr_carea' id='block_1_76' title="bbox 1975 1707 3566 1784">
    <p class='ocr_par' dir='ltr' id='par_1_76' title="bbox 1975 1707 3566 1784">
     <span class='ocr_line' id='line_1_77' title="bbox 1975 1707 3566 1784; baseline 0.008 -25"><span class='ocrx_word' id='word_1_569' title='bbox 1975 1718 2140 1760; x_wconf 90' lang='lat' dir='ltr'><strong>stram</strong></span> <span class='ocrx_word' id='word_1_570' title='bbox 2184 1721 2282 1761; x_wconf 91' lang='lat' dir='ltr'><strong>nos</strong></span> <span class='ocrx_word' id='word_1_571' title='bbox 2306 1707 2559 1773; x_wconf 89' lang='lat' dir='ltr'><strong>reddidit,</strong></span> <span class='ocrx_word' id='word_1_572' title='bbox 2590 1709 2686 1765; x_wconf 89' lang='lat' dir='ltr'><strong>sed</strong></span> <span class='ocrx_word' id='word_1_573' title='bbox 2713 1710 2864 1781; x_wconf 89' lang='lat' dir='ltr'><strong>quasi</strong></span> <span class='ocrx_word' id='word_1_574' title='bbox 2905 1727 3010 1768; x_wconf 91' lang='lat' dir='ltr'><strong>non</strong></span> <span class='ocrx_word' id='word_1_575' title='bbox 3041 1714 3112 1767; x_wconf 88' lang='lat' dir='ltr'><strong>ita</strong></span> <span class='ocrx_word' id='word_1_576' title='bbox 3156 1714 3360 1784; x_wconf 90' lang='lat' dir='ltr'><strong>pridem</strong></span> <span class='ocrx_word' id='word_1_577' title='bbox 3390 1717 3566 1772; x_wconf 83' lang='lat' dir='ltr'><strong>vobis-</strong></span> 
     </span>
    </p>
   </div>
   <div class='ocr_carea' id='block_1_77' title="bbox 1977 1798 3567 1876">
    <p class='ocr_par' dir='ltr' id='par_1_77' title="bbox 1977 1798 3567 1876">
     <span class='ocr_line' id='line_1_78' title="bbox 1977 1798 3567 1876; baseline 0.006 -24"><span class='ocrx_word' id='word_1_578' title='bbox 1977 1813 2098 1852; x_wconf 91' lang='lat' dir='ltr'><strong>cum</strong></span> <span class='ocrx_word' id='word_1_579' title='bbox 2125 1799 2321 1854; x_wconf 84' lang='lat' dir='ltr'><strong>versati</strong></span> <span class='ocrx_word' id='word_1_580' title='bbox 2347 1798 2627 1868; x_wconf 90' lang='lat' dir='ltr'><strong>fuerimus,</strong></span> <span class='ocrx_word' id='word_1_581' title='bbox 2653 1803 2762 1856; x_wconf 88' lang='lat' dir='ltr'><strong>itno</strong></span> <span class='ocrx_word' id='word_1_582' title='bbox 2791 1817 2919 1858; x_wconf 90' lang='lat' dir='ltr'><strong>vero</strong></span> <span class='ocrx_word' id='word_1_583' title='bbox 2951 1804 3103 1874; x_wconf 89' lang='lat' dir='ltr'><strong>quasi</strong></span> <span class='ocrx_word' id='word_1_584' title='bbox 3141 1804 3415 1860; x_wconf 88' lang='lat' dir='ltr'><strong>vobiscum</strong></span> <span class='ocrx_word' id='word_1_585' title='bbox 3446 1821 3567 1876; x_wconf 86' lang='lat' dir='ltr'><strong>per-</strong></span> 
     </span>
    </p>
   </div>
   <div class='ocr_carea' id='block_1_78' title="bbox 1976 1897 3564 1963">
    <p class='ocr_par' dir='ltr' id='par_1_78' title="bbox 1976 1897 3564 1963">
     <span class='ocr_line' id='line_1_79' title="bbox 1976 1897 3564 1963; baseline 0.004 -16"><span class='ocrx_word' id='word_1_586' title='bbox 1976 1902 2137 1962; x_wconf 90' lang='lat' dir='ltr'><strong>petuo</strong></span> <span class='ocrx_word' id='word_1_587' title='bbox 2161 1910 2457 1963; x_wconf 87' lang='lat' dir='ltr'><strong>versemur,</strong></span> <span class='ocrx_word' id='word_1_588' title='bbox 2485 1904 2546 1950; x_wconf 91' lang='lat' dir='ltr'><strong>ut</strong></span> <span class='ocrx_word' id='word_1_589' title='bbox 2572 1910 2632 1950; x_wconf 89' lang='lat' dir='ltr'><strong>re</strong></span> <span class='ocrx_word' id='word_1_590' title='bbox 2653 1910 2780 1950; x_wconf 87' lang='lat' dir='ltr'><strong>vera</strong></span> <span class='ocrx_word' id='word_1_591' title='bbox 2814 1910 3110 1963; x_wconf 88' lang='lat' dir='ltr'><strong>versamur,</strong></span> <span class='ocrx_word' id='word_1_592' title='bbox 3147 1897 3218 1951; x_wconf 87' lang='lat' dir='ltr'><strong>ita</strong></span> <span class='ocrx_word' id='word_1_593' title='bbox 3258 1912 3354 1953; x_wconf 90' lang='lat' dir='ltr'><strong>vos</strong></span> <span class='ocrx_word' id='word_1_594' title='bbox 3390 1900 3564 1953; x_wconf 87' lang='lat' dir='ltr'><strong>cerni-</strong></span> 
     </span>
    </p>
   </div>
   <div class='ocr_carea' id='block_1_79' title="bbox 1979 1987 3569 2060">
    <p class='ocr_par' dir='ltr' id='par_1_79' title="bbox 1979 1987 3569 2060">
     <span class='ocr_line' id='line_1_80' title="bbox 1979 1987 3569 2060; baseline 0.006 -24"><span class='ocrx_word' id='word_1_595' title='bbox 1979 2000 2134 2052; x_wconf 92' lang='lat' dir='ltr'><strong>mus,</strong></span> <span class='ocrx_word' id='word_1_596' title='bbox 2191 1995 2246 2040; x_wconf 92' lang='lat' dir='ltr'><strong>ct</strong></span> <span class='ocrx_word' id='word_1_597' title='bbox 2291 1987 2528 2042; x_wconf 89' lang='lat' dir='ltr'><strong>caritatis</strong></span> <span class='ocrx_word' id='word_1_598' title='bbox 2575 1987 2746 2042; x_wconf 90' lang='lat' dir='ltr'><strong>oculis</strong></span> <span class='ocrx_word' id='word_1_599' title='bbox 2793 1989 3240 2058; x_wconf 90' lang='lat' dir='ltr'><strong>contemplamur.</strong></span> <span class='ocrx_word' id='word_1_600' title='bbox 3291 1990 3569 2060; x_wconf 85' lang='lat' dir='ltr'><strong>Ejusmodi</strong></span> 
     </span>
    </p>
   </div>
   <div class='ocr_carea' id='block_1_80' title="bbox 1977 2078 3560 2148">
    <p class='ocr_par' dir='ltr' id='par_1_80' title="bbox 1977 2078 3560 2148">
     <span class='ocr_line' id='line_1_81' title="bbox 1977 2078 3560 2148; baseline 0.004 -18"><span class='ocrx_word' id='word_1_601' title='bbox 1977 2078 2122 2132; x_wconf 81' lang='lat' dir='ltr'><strong>enim</strong></span> <span class='ocrx_word' id='word_1_602' title='bbox 2144 2087 2228 2133; x_wconf 86' lang='lat' dir='ltr'><strong>est</strong></span> <span class='ocrx_word' id='word_1_603' title='bbox 2253 2079 2523 2134; x_wconf 86' lang='lat' dir='ltr'><strong>amicitia:</strong></span> <span class='ocrx_word' id='word_1_604' title='bbox 2549 2095 2654 2134; x_wconf 91' lang='lat' dir='ltr'><strong>non</strong></span> <span class='ocrx_word' id='word_1_605' title='bbox 2685 2079 2933 2135; x_wconf 88' lang='lat' dir='ltr'><strong>itine&#39;rum</strong></span> <span class='ocrx_word' id='word_1_606' title='bbox 2965 2081 3245 2136; x_wconf 88' lang='lat' dir='ltr'><strong>intervallo</strong></span> <span class='ocrx_word' id='word_1_607' title='bbox 3273 2081 3560 2148; x_wconf 90' lang='lat' dir='ltr'><strong>dirimitur,</strong></span> 
     </span>
    </p>
   </div>
   <div class='ocr_carea' id='block_1_81' title="bbox 1983 2168 3568 2239">
    <p class='ocr_par' dir='ltr' id='par_1_81' title="bbox 1983 2168 3568 2239">
     <span class='ocr_line' id='line_1_82' title="bbox 1983 2168 3568 2239; baseline 0.004 -17"><span class='ocrx_word' id='word_1_608' title='bbox 1983 2184 2090 2224; x_wconf 92' lang='lat' dir='ltr'><strong>non</strong></span> <span class='ocrx_word' id='word_1_609' title='bbox 2115 2168 2276 2239; x_wconf 92' lang='lat' dir='ltr'><strong>longo</strong></span> <span class='ocrx_word' id='word_1_610' title='bbox 2300 2169 2508 2225; x_wconf 89' lang='lat' dir='ltr'><strong>dierum</strong></span> <span class='ocrx_word' id='word_1_611' title='bbox 2537 2170 2708 2239; x_wconf 82' lang='lat' dir='ltr'><strong>spatio</strong></span> <span class='ocrx_word' id='word_1_612' title='bbox 2733 2171 3060 2238; x_wconf 88' lang='lat' dir='ltr'><strong>debilitatur,</strong></span> <span class='ocrx_word' id='word_1_613' title='bbox 3087 2187 3194 2227; x_wconf 85' lang='lat' dir='ltr'><strong>non</strong></span> <span class='ocrx_word' id='word_1_614' title='bbox 3218 2173 3568 2230; x_wconf 85' lang='lat' dir='ltr'><strong>afflictionum</strong></span> 
     </span>
    </p>
   </div>
   <div class='ocr_carea' id='block_1_82' title="bbox 1981 2264 3563 2335">
    <p class='ocr_par' dir='ltr' id='par_1_82' title="bbox 1981 2264 3563 2335">
     <span class='ocr_line' id='line_1_83' title="bbox 1981 2264 3563 2335; baseline 0.003 -17"><span class='ocrx_word' id='word_1_615' title='bbox 1981 2264 2134 2319; x_wconf 88' lang='lat' dir='ltr'><strong>turba</strong></span> <span class='ocrx_word' id='word_1_616' title='bbox 2161 2274 2461 2334; x_wconf 85' lang='lat' dir='ltr'><strong>superatur,</strong></span> <span class='ocrx_word' id='word_1_617' title='bbox 2500 2265 2595 2319; x_wconf 89' lang='lat' dir='ltr'><strong>sed</strong></span> <span class='ocrx_word' id='word_1_618' title='bbox 2644 2265 2696 2320; x_wconf 90' lang='lat' dir='ltr'><strong>in</strong></span> <span class='ocrx_word' id='word_1_619' title='bbox 2735 2267 2900 2320; x_wconf 87' lang='lat' dir='ltr'><strong>altum</strong></span> <span class='ocrx_word' id='word_1_620' title='bbox 2952 2275 3210 2335; x_wconf 89' lang='lat' dir='ltr'><strong>perpetuo</strong></span> <span class='ocrx_word' id='word_1_621' title='bbox 3253 2268 3474 2331; x_wconf 89' lang='lat' dir='ltr'><strong>tollitur,</strong></span> <span class='ocrx_word' id='word_1_622' title='bbox 3505 2277 3563 2322; x_wconf 89' lang='lat' dir='ltr'><strong>et</strong></span> 
     </span>
    </p>
   </div>
   <div class='ocr_carea' id='block_1_83' title="bbox 1979 2355 3568 2427">
    <p class='ocr_par' dir='ltr' id='par_1_83' title="bbox 1979 2355 3568 2427">
     <span class='ocr_line' id='line_1_84' title="bbox 1979 2355 3568 2427; baseline 0.004 -20"><span class='ocrx_word' id='word_1_623' title='bbox 1979 2355 2207 2410; x_wconf 86' lang='lat' dir='ltr'><strong>ﬂammae</strong></span> <span class='ocrx_word' id='word_1_624' title='bbox 2227 2369 2442 2411; x_wconf 89' lang='lat' dir='ltr'><strong>cursum</strong></span> <span class='ocrx_word' id='word_1_625' title='bbox 2473 2355 2730 2410; x_wconf 85' lang='lat' dir='ltr'><strong>imitatur.</strong></span> <span class='ocrx_word' id='word_1_626' title='bbox 2756 2356 2931 2426; x_wconf 82' lang='lat' dir='ltr'><strong>Atque</strong></span> <span class='ocrx_word' id='word_1_627' title='bbox 2961 2357 3064 2412; x_wconf 87' lang='lat' dir='ltr'><strong>hoc</strong></span> <span class='ocrx_word' id='word_1_628' title='bbox 3101 2372 3198 2412; x_wconf 90' lang='lat' dir='ltr'><strong>vos</strong></span> <span class='ocrx_word' id='word_1_629' title='bbox 3222 2372 3332 2427; x_wconf 74' lang='lat' dir='ltr'><strong>pra:</strong></span> <span class='ocrx_word' id='word_1_630' title='bbox 3357 2360 3568 2414; x_wconf 68' lang='lat' dir='ltr'><strong>caeteris</strong></span> 
     </span>
    </p>
   </div>
   <div class='ocr_carea' id='block_1_84' title="bbox 1980 2440 3570 2517">
    <p class='ocr_par' dir='ltr' id='par_1_84' title="bbox 1980 2440 3570 2517">
     <span class='ocr_line' id='line_1_85' title="bbox 1980 2440 3570 2517; baseline 0.003 -17"><span class='ocrx_word' id='word_1_631' title='bbox 1980 2440 2227 2502; x_wconf 75' lang='lat' dir='ltr'><strong>omnibus</strong></span> <span class='ocrx_word' id='word_1_632' title='bbox 2271 2446 2460 2514; x_wconf 91' lang='lat' dir='ltr'><strong>nostis,</strong></span> <span class='ocrx_word' id='word_1_633' title='bbox 2515 2446 2638 2516; x_wconf 87' lang='lat' dir='ltr'><strong>quia</strong></span> <span class='ocrx_word' id='word_1_634' title='bbox 2687 2461 2799 2517; x_wconf 66' lang='lat' dir='ltr'><strong>pra:</strong></span> <span class='ocrx_word' id='word_1_635' title='bbox 2849 2447 3059 2503; x_wconf 63' lang='lat' dir='ltr'><strong>exteris</strong></span> <span class='ocrx_word' id='word_1_636' title='bbox 3105 2449 3356 2504; x_wconf 91' lang='lat' dir='ltr'><strong>omnibus</strong></span> <span class='ocrx_word' id='word_1_637' title='bbox 3407 2451 3570 2505; x_wconf 89' lang='lat' dir='ltr'><strong>etiam</strong></span> 
     </span>
    </p>
   </div>
   <div class='ocr_carea' id='block_1_85' title="bbox 1979 2535 3568 2608">
    <p class='ocr_par' dir='ltr' id='par_1_85' title="bbox 1979 2535 3568 2608">
     <span class='ocr_line' id='line_1_86' title="bbox 1979 2535 3568 2608; baseline 0.004 -18"><span class='ocrx_word' id='word_1_638' title='bbox 1979 2551 2163 2592; x_wconf 88' lang='lat' dir='ltr'><strong>amare</strong></span> <span class='ocrx_word' id='word_1_639' title='bbox 2189 2535 2375 2594; x_wconf 85' lang='lat' dir='ltr'><strong>scitis:</strong></span> <span class='ocrx_word' id='word_1_640' title='bbox 2401 2537 2649 2608; x_wconf 89' lang='lat' dir='ltr'><strong>quocirca</strong></span> <span class='ocrx_word' id='word_1_641' title='bbox 2694 2553 2793 2593; x_wconf 89' lang='lat' dir='ltr'><strong>vos</strong></span> <span class='ocrx_word' id='word_1_642' title='bbox 2833 2553 3047 2608; x_wconf 86' lang='lat' dir='ltr'><strong>quoque</strong></span> <span class='ocrx_word' id='word_1_643' title='bbox 3092 2539 3277 2594; x_wconf 85' lang='lat' dir='ltr'><strong>beatos</strong></span> <span class='ocrx_word' id='word_1_644' title='bbox 3320 2540 3568 2596; x_wconf 83' lang='lat' dir='ltr'><strong>dicimus.</strong></span> 
     </span>
    </p>
   </div>
   <div class='ocr_carea' id='block_1_86' title="bbox 1980 2625 3592 2698">
    <p class='ocr_par' dir='ltr' id='par_1_86' title="bbox 1980 2625 3592 2698">
     <span class='ocr_line' id='line_1_87' title="bbox 1980 2625 3592 2698; baseline 0.002 -18"><span class='ocrx_word' id='word_1_645' title='bbox 1980 2625 2129 2680; x_wconf 87' lang='lat' dir='ltr'><strong>Licet</strong></span> <span class='ocrx_word' id='word_1_646' title='bbox 2151 2626 2298 2682; x_wconf 90' lang='lat' dir='ltr'><strong>enim</strong></span> <span class='ocrx_word' id='word_1_647' title='bbox 2343 2625 2675 2682; x_wconf 88' lang='lat' dir='ltr'><strong>miserabiles</strong></span> <span class='ocrx_word' id='word_1_648' title='bbox 2702 2627 2872 2683; x_wconf 91' lang='lat' dir='ltr'><strong>simus</strong></span> <span class='ocrx_word' id='word_1_649' title='bbox 2909 2643 2973 2682; x_wconf 92' lang='lat' dir='ltr'><strong>ac</strong></span> <span class='ocrx_word' id='word_1_650' title='bbox 3000 2629 3259 2698; x_wconf 86' lang='lat' dir='ltr'><strong>despecti,</strong></span> <span class='ocrx_word' id='word_1_651' title='bbox 3287 2639 3342 2684; x_wconf 93' lang='lat' dir='ltr'><strong>at</strong></span> <span class='ocrx_word' id='word_1_652' title='bbox 3386 2639 3592 2698; x_wconf 78' lang='lat' dir='ltr'><strong>potens</strong></span> 
     </span>
    </p>
   </div>
   <div class='ocr_carea' id='block_1_87' title="bbox 1980 2716 3590 2781">
    <p class='ocr_par' dir='ltr' id='par_1_87' title="bbox 1980 2716 3590 2781">
     <span class='ocr_line' id='line_1_88' title="bbox 1980 2716 3590 2781; baseline 0.002 -9"><span class='ocrx_word' id='word_1_653' title='bbox 1980 2725 2062 2772; x_wconf 91' lang='lat' dir='ltr'><strong>est</strong></span> <span class='ocrx_word' id='word_1_654' title='bbox 2082 2717 2240 2781; x_wconf 89' lang='lat' dir='ltr'><strong>Deus,</strong></span> <span class='ocrx_word' id='word_1_655' title='bbox 2262 2725 2316 2771; x_wconf 93' lang='lat' dir='ltr'><strong>et</strong></span> <span class='ocrx_word' id='word_1_656' title='bbox 2340 2716 2535 2772; x_wconf 88' lang='lat' dir='ltr'><strong>sufficit</strong></span> <span class='ocrx_word' id='word_1_657' title='bbox 2559 2717 2626 2771; x_wconf 91' lang='lat' dir='ltr'><strong>ad</strong></span> <span class='ocrx_word' id='word_1_658' title='bbox 2646 2718 3071 2773; x_wconf 90' lang='lat' dir='ltr'><strong>constituendam</strong></span> <span class='ocrx_word' id='word_1_659' title='bbox 3094 2721 3245 2775; x_wconf 88' lang='lat' dir='ltr'><strong>vobis</strong></span> <span class='ocrx_word' id='word_1_660' title='bbox 3268 2721 3590 2779; x_wconf 88' lang='lat' dir='ltr'><strong>mercedem.</strong></span> 
     </span>
    </p>
   </div>
   <div class='ocr_carea' id='block_1_88' title="bbox 1980 2807 3572 2878">
    <p class='ocr_par' dir='ltr' id='par_1_88' title="bbox 1980 2807 3572 2878">
     <span class='ocr_line' id='line_1_89' title="bbox 1980 2807 3572 2878; baseline 0.004 -16"><span class='ocrx_word' id='word_1_661' title='bbox 1980 2807 2083 2863; x_wconf 87' lang='lat' dir='ltr'><strong>hac</strong></span> <span class='ocrx_word' id='word_1_662' title='bbox 2105 2808 2329 2863; x_wconf 86' lang='lat' dir='ltr'><strong>caritate</strong></span> <span class='ocrx_word' id='word_1_663' title='bbox 2355 2808 2636 2878; x_wconf 88' lang='lat' dir='ltr'><strong>majorem,</strong></span> <span class='ocrx_word' id='word_1_664' title='bbox 2667 2814 2731 2864; x_wconf 82' lang='lat' dir='ltr'><strong>ac</strong></span> <span class='ocrx_word' id='word_1_665' title='bbox 2753 2809 2922 2864; x_wconf 93' lang='lat' dir='ltr'><strong>multo</strong></span> <span class='ocrx_word' id='word_1_666' title='bbox 2949 2811 3250 2867; x_wconf 89' lang='lat' dir='ltr'><strong>uberiorem</strong></span> <span class='ocrx_word' id='word_1_667' title='bbox 3283 2830 3296 2866; x_wconf 92' lang='lat'><strong>:</strong></span> <span class='ocrx_word' id='word_1_668' title='bbox 3327 2828 3449 2868; x_wconf 90' lang='lat' dir='ltr'><strong>nam</strong></span> <span class='ocrx_word' id='word_1_669' title='bbox 3479 2829 3572 2868; x_wconf 85' lang='lat' dir='ltr'><strong>eo-</strong></span> 
     </span>
    </p>
   </div>
   <div class='ocr_carea' id='block_1_89' title="bbox 1981 2898 3576 2970">
    <p class='ocr_par' dir='ltr' id='par_1_89' title="bbox 1981 2898 3576 2970">
     <span class='ocr_line' id='line_1_90' title="bbox 1981 2898 3576 2970; baseline 0.004 -18"><span class='ocrx_word' id='word_1_670' title='bbox 1981 2913 2100 2953; x_wconf 88' lang='lat' dir='ltr'><strong>rum</strong></span> <span class='ocrx_word' id='word_1_671' title='bbox 2123 2898 2372 2954; x_wconf 88' lang='lat' dir='ltr'><strong>meritum</strong></span> <span class='ocrx_word' id='word_1_672' title='bbox 2391 2899 2481 2969; x_wconf 89' lang='lat' dir='ltr'><strong>qui</strong></span> <span class='ocrx_word' id='word_1_673' title='bbox 2508 2899 2707 2967; x_wconf 86' lang='lat' dir='ltr'><strong>aliquid</strong></span> <span class='ocrx_word' id='word_1_674' title='bbox 2733 2899 2859 2954; x_wconf 89' lang='lat' dir='ltr'><strong>boni</strong></span> <span class='ocrx_word' id='word_1_675' title='bbox 2886 2901 3094 2970; x_wconf 89' lang='lat' dir='ltr'><strong>egerint</strong></span> <span class='ocrx_word' id='word_1_676' title='bbox 3116 2901 3436 2968; x_wconf 81' lang='lat' dir='ltr'><strong>dixerintve,</strong></span> <span class='ocrx_word' id='word_1_677' title='bbox 3454 2905 3576 2959; x_wconf 67' lang='lat' dir='ltr'><strong>suis.</strong></span> 
     </span>
    </p>
   </div>
   <div class='ocr_carea' id='block_1_90' title="bbox 1983 2989 3576 3064">
    <p class='ocr_par' dir='ltr' id='par_1_90' title="bbox 1983 2989 3576 3064">
     <span class='ocr_line' id='line_1_91' title="bbox 1983 2989 3576 3064; baseline 0.005 -22"><span class='ocrx_word' id='word_1_678' title='bbox 1983 2989 2219 3058; x_wconf 66' lang='lat' dir='ltr'><strong>praemiis</strong></span> <span class='ocrx_word' id='word_1_679' title='bbox 2246 2989 2408 3060; x_wconf 87' lang='lat' dir='ltr'><strong>longe</strong></span> <span class='ocrx_word' id='word_1_680' title='bbox 2443 3005 2703 3060; x_wconf 84' lang='lat' dir='ltr'><strong>superare</strong></span> <span class='ocrx_word' id='word_1_681' title='bbox 2746 2990 2905 3046; x_wconf 88' lang='lat' dir='ltr'><strong>solet.</strong></span> <span class='ocrx_word' id='word_1_682' title='bbox 2935 2992 3004 3046; x_wconf 85' lang='lat' dir='ltr'><strong>Et</strong></span> <span class='ocrx_word' id='word_1_683' title='bbox 3041 3001 3284 3063; x_wconf 89' lang='lat' dir='ltr'><strong>optarem</strong></span> <span class='ocrx_word' id='word_1_684' title='bbox 3327 2995 3576 3064; x_wconf 87' lang='lat' dir='ltr'><strong>equidem</strong></span> 
     </span>
    </p>
   </div>
   <div class='ocr_carea' id='block_1_91' title="bbox 1982 3079 3576 3156">
    <p class='ocr_par' dir='ltr' id='par_1_91' title="bbox 1982 3079 3576 3156">
     <span class='ocr_line' id='line_1_92' title="bbox 1982 3079 3576 3156; baseline 0.005 -22"><span class='ocrx_word' id='word_1_685' title='bbox 1982 3079 2114 3150; x_wconf 91' lang='lat' dir='ltr'><strong>ipsis</strong></span> <span class='ocrx_word' id='word_1_686' title='bbox 2140 3081 2310 3136; x_wconf 91' lang='lat' dir='ltr'><strong>oculis</strong></span> <span class='ocrx_word' id='word_1_687' title='bbox 2335 3095 2430 3136; x_wconf 93' lang='lat' dir='ltr'><strong>vos</strong></span> <span class='ocrx_word' id='word_1_688' title='bbox 2471 3092 2763 3151; x_wconf 72' lang='lat' dir='ltr'><strong>prmsentes</strong></span> <span class='ocrx_word' id='word_1_689' title='bbox 2803 3098 3048 3150; x_wconf 86' lang='lat' dir='ltr'><strong>cernere,</strong></span> <span class='ocrx_word' id='word_1_690' title='bbox 3075 3094 3130 3139; x_wconf 91' lang='lat' dir='ltr'><strong>et</strong></span> <span class='ocrx_word' id='word_1_691' title='bbox 3167 3100 3456 3156; x_wconf 87' lang='lat' dir='ltr'><strong>congressu</strong></span> <span class='ocrx_word' id='word_1_692' title='bbox 3485 3102 3576 3142; x_wconf 86' lang='lat' dir='ltr'><strong>ve-</strong></span> 
     </span>
    </p>
   </div>
   <div class='ocr_carea' id='block_1_92' title="bbox 1983 3173 3578 3245">
    <p class='ocr_par' dir='ltr' id='par_1_92' title="bbox 1983 3173 3578 3245">
     <span class='ocr_line' id='line_1_93' title="bbox 1983 3173 3578 3245; baseline 0.006 -21"><span class='ocrx_word' id='word_1_693' title='bbox 1983 3181 2095 3227; x_wconf 91' lang='lat' dir='ltr'><strong>stro</strong></span> <span class='ocrx_word' id='word_1_694' title='bbox 2119 3181 2516 3242; x_wconf 88' lang='lat' dir='ltr'><strong>conspectuque</strong></span> <span class='ocrx_word' id='word_1_695' title='bbox 2551 3173 2674 3241; x_wconf 90' lang='lat' dir='ltr'><strong>frui,</strong></span> <span class='ocrx_word' id='word_1_696' title='bbox 2717 3183 2876 3244; x_wconf 90' lang='lat' dir='ltr'><strong>atque</strong></span> <span class='ocrx_word' id='word_1_697' title='bbox 2914 3176 3016 3230; x_wconf 87' lang='lat' dir='ltr'><strong>hoc</strong></span> <span class='ocrx_word' id='word_1_698' title='bbox 3043 3184 3198 3245; x_wconf 87' lang='lat' dir='ltr'><strong>pacto</strong></span> <span class='ocrx_word' id='word_1_699' title='bbox 3231 3187 3408 3233; x_wconf 87' lang='lat' dir='ltr'><strong>vestra</strong></span> <span class='ocrx_word' id='word_1_700' title='bbox 3436 3179 3578 3233; x_wconf 88' lang='lat' dir='ltr'><strong>cari-</strong></span> 
     </span>
    </p>
   </div>
   <div class='ocr_carea' id='block_1_93' title="bbox 1985 3263 3579 3333">
    <p class='ocr_par' dir='ltr' id='par_1_93' title="bbox 1985 3263 3579 3333">
     <span class='ocr_line' id='line_1_94' title="bbox 1985 3263 3579 3333; baseline 0.006 -19"><span class='ocrx_word' id='word_1_701' title='bbox 1985 3269 2094 3316; x_wconf 89' lang='lat' dir='ltr'><strong>tate</strong></span> <span class='ocrx_word' id='word_1_702' title='bbox 2130 3263 2388 3317; x_wconf 88' lang='lat' dir='ltr'><strong>oblcctari</strong></span> <span class='ocrx_word' id='word_1_703' title='bbox 2420 3280 2433 3316; x_wconf 87' lang='lat'>:</span> <span class='ocrx_word' id='word_1_704' title='bbox 2467 3263 2680 3333; x_wconf 89' lang='lat' dir='ltr'><strong>quando</strong></span> <span class='ocrx_word' id='word_1_705' title='bbox 2725 3274 2903 3319; x_wconf 87' lang='lat' dir='ltr'><strong>autem</strong></span> <span class='ocrx_word' id='word_1_706' title='bbox 2948 3265 3000 3320; x_wconf 91' lang='lat' dir='ltr'><strong>id</strong></span> <span class='ocrx_word' id='word_1_707' title='bbox 3039 3281 3146 3320; x_wconf 93' lang='lat' dir='ltr'><strong>non</strong></span> <span class='ocrx_word' id='word_1_708' title='bbox 3187 3266 3327 3332; x_wconf 90' lang='lat' dir='ltr'><strong>licet,</strong></span> <span class='ocrx_word' id='word_1_709' title='bbox 3369 3284 3472 3322; x_wconf 91' lang='lat' dir='ltr'><strong>non</strong></span> <span class='ocrx_word' id='word_1_710' title='bbox 3505 3269 3579 3323; x_wconf 86' lang='lat' dir='ltr'><strong>ob</strong></span> 
     </span>
    </p>
   </div>
   <div class='ocr_carea' id='block_1_94' title="bbox 1984 3351 3598 3429">
    <p class='ocr_par' dir='ltr' id='par_1_94' title="bbox 1984 3351 3598 3429">
     <span class='ocr_line' id='line_1_95' title="bbox 1984 3351 3598 3429; baseline 0.004 -24"><span class='ocrx_word' id='word_1_711' title='bbox 1984 3351 2246 3422; x_wconf 88' lang='lat' dir='ltr'><strong>pigritiam</strong></span> <span class='ocrx_word' id='word_1_712' title='bbox 2271 3352 2500 3423; x_wconf 87' lang='lat' dir='ltr'><strong>aliquam</strong></span> <span class='ocrx_word' id='word_1_713' title='bbox 2539 3361 2595 3408; x_wconf 92' lang='lat' dir='ltr'><strong>et</strong></span> <span class='ocrx_word' id='word_1_714' title='bbox 2637 3355 3036 3426; x_wconf 85' lang='lat' dir='ltr'><strong>negligentiam,</strong></span> <span class='ocrx_word' id='word_1_715' title='bbox 3077 3359 3171 3412; x_wconf 88' lang='lat' dir='ltr'><strong>sed</strong></span> <span class='ocrx_word' id='word_1_716' title='bbox 3215 3359 3359 3429; x_wconf 75' lang='lat' dir='ltr'><strong>quod</strong></span> <span class='ocrx_word' id='word_1_717' title='bbox 3401 3361 3598 3415; x_wconf 79' lang='lat' dir='ltr'><strong>exsilii.</strong></span> 
     </span>
    </p>
   </div>
   <div class='ocr_carea' id='block_1_95' title="bbox 1986 3442 3604 3513">
    <p class='ocr_par' dir='ltr' id='par_1_95' title="bbox 1986 3442 3604 3513">
     <span class='ocr_line' id='line_1_96' title="bbox 1986 3442 3604 3513; baseline 0.006 -18"><span class='ocrx_word' id='word_1_718' title='bbox 1986 3442 2305 3497; x_wconf 87' lang='lat' dir='ltr'><strong>necessitate</strong></span> <span class='ocrx_word' id='word_1_719' title='bbox 2349 3443 2781 3513; x_wconf 65' lang='lat' dir='ltr'><strong>praepediamur:</strong></span> <span class='ocrx_word' id='word_1_720' title='bbox 2830 3446 2993 3502; x_wconf 89' lang='lat' dir='ltr'><strong>nolite</strong></span> <span class='ocrx_word' id='word_1_721' title='bbox 3034 3447 3222 3502; x_wconf 84' lang='lat' dir='ltr'><strong>saltem</strong></span> <span class='ocrx_word' id='word_1_722' title='bbox 3263 3463 3362 3504; x_wconf 89' lang='lat' dir='ltr'><strong>nos</strong></span> <span class='ocrx_word' id='word_1_723' title='bbox 3408 3450 3604 3504; x_wconf 54' lang='lat' dir='ltr'><strong>altera:</strong></span> 
     </span>
    </p>
   </div>
   <div class='ocr_carea' id='block_1_96' title="bbox 1985 3531 3574 3609">
    <p class='ocr_par' dir='ltr' id='par_1_96' title="bbox 1985 3531 3574 3609">
     <span class='ocr_line' id='line_1_97' title="bbox 1985 3531 3574 3609; baseline 0.006 -25"><span class='ocrx_word' id='word_1_724' title='bbox 1985 3531 2322 3602; x_wconf 87' lang='lat' dir='ltr'><strong>navigatione</strong></span> <span class='ocrx_word' id='word_1_725' title='bbox 2355 3533 2584 3602; x_wconf 87' lang='lat' dir='ltr'><strong>privare,</strong></span> <span class='ocrx_word' id='word_1_726' title='bbox 2629 3535 2723 3589; x_wconf 88' lang='lat' dir='ltr'><strong>sed</strong></span> <span class='ocrx_word' id='word_1_727' title='bbox 2757 3537 3024 3606; x_wconf 90' lang='lat' dir='ltr'><strong>ingentem</strong></span> <span class='ocrx_word' id='word_1_728' title='bbox 3069 3538 3279 3608; x_wconf 84' lang='lat' dir='ltr'><strong>ecpiam</strong></span> <span class='ocrx_word' id='word_1_729' title='bbox 3320 3540 3574 3609; x_wconf 86' lang='lat' dir='ltr'><strong>epistola-</strong></span> 
     </span>
    </p>
   </div>
   <div class='ocr_carea' id='block_1_97' title="bbox 1985 3624 3574 3698">
    <p class='ocr_par' dir='ltr' id='par_1_97' title="bbox 1985 3624 3574 3698">
     <span class='ocr_line' id='line_1_98' title="bbox 1985 3624 3574 3698; baseline 0.006 -20"><span class='ocrx_word' id='word_1_730' title='bbox 1985 3639 2100 3678; x_wconf 91' lang='lat' dir='ltr'><strong>rum</strong></span> <span class='ocrx_word' id='word_1_731' title='bbox 2126 3624 2192 3679; x_wconf 90' lang='lat' dir='ltr'><strong>ad</strong></span> <span class='ocrx_word' id='word_1_732' title='bbox 2223 3640 2320 3680; x_wconf 91' lang='lat' dir='ltr'><strong>nos</strong></span> <span class='ocrx_word' id='word_1_733' title='bbox 2346 3627 2559 3692; x_wconf 89' lang='lat' dir='ltr'><strong>mittite,</strong></span> <span class='ocrx_word' id='word_1_734' title='bbox 2589 3643 2708 3698; x_wconf 63' lang='lat' dir='ltr'><strong>quae</strong></span> <span class='ocrx_word' id='word_1_735' title='bbox 2757 3629 2824 3683; x_wconf 90' lang='lat' dir='ltr'><strong>de</strong></span> <span class='ocrx_word' id='word_1_736' title='bbox 2851 3639 3026 3684; x_wconf 88' lang='lat' dir='ltr'><strong>vestra</strong></span> <span class='ocrx_word' id='word_1_737' title='bbox 3081 3646 3180 3686; x_wconf 90' lang='lat' dir='ltr'><strong>nos</strong></span> <span class='ocrx_word' id='word_1_738' title='bbox 3207 3632 3400 3686; x_wconf 90' lang='lat' dir='ltr'><strong>faciant</strong></span> <span class='ocrx_word' id='word_1_739' title='bbox 3431 3633 3574 3688; x_wconf 91' lang='lat' dir='ltr'><strong>vale-</strong></span> 
     </span>
    </p>
   </div>
   <div class='ocr_carea' id='block_1_98' title="bbox 1986 3716 3575 3793">
    <p class='ocr_par' dir='ltr' id='par_1_98' title="bbox 1986 3716 3575 3793">
     <span class='ocr_line' id='line_1_99' title="bbox 1986 3716 3575 3793; baseline 0.006 -23"><span class='ocrx_word' id='word_1_740' title='bbox 1986 3716 2166 3772; x_wconf 90' lang='lat' dir='ltr'><strong>tudine</strong></span> <span class='ocrx_word' id='word_1_741' title='bbox 2187 3720 2465 3774; x_wconf 90' lang='lat' dir='ltr'><strong>certiores.</strong></span> <span class='ocrx_word' id='word_1_742' title='bbox 2496 3718 2628 3774; x_wconf 89' lang='lat' dir='ltr'><strong>Nam</strong></span> <span class='ocrx_word' id='word_1_743' title='bbox 2665 3721 2708 3776; x_wconf 92' lang='lat' dir='ltr'><strong>si</strong></span> <span class='ocrx_word' id='word_1_744' title='bbox 2749 3721 3011 3791; x_wconf 87' lang='lat' dir='ltr'><strong>ejusmodi</strong></span> <span class='ocrx_word' id='word_1_745' title='bbox 3050 3722 3230 3777; x_wconf 90' lang='lat' dir='ltr'><strong>literas</strong></span> <span class='ocrx_word' id='word_1_746' title='bbox 3267 3722 3575 3793; x_wconf 89' lang='lat' dir='ltr'><strong>frequenter</strong></span> 
     </span>
    </p>
   </div>
   <div class='ocr_carea' id='block_1_99' title="bbox 1983 3809 3571 3884">
    <p class='ocr_par' dir='ltr' id='par_1_99' title="bbox 1983 3809 3571 3884">
     <span class='ocr_line' id='line_1_100' title="bbox 1983 3809 3571 3884; baseline 0.006 -22"><span class='ocrx_word' id='word_1_747' title='bbox 1983 3809 2374 3878; x_wconf 90' lang='lat' dir='ltr'><strong>acceperimus,</strong></span> <span class='ocrx_word' id='word_1_748' title='bbox 2425 3811 2646 3864; x_wconf 91' lang='lat' dir='ltr'><strong>multam</strong></span> <span class='ocrx_word' id='word_1_749' title='bbox 2710 3813 3132 3867; x_wconf 87' lang='lat' dir='ltr'><strong>consolationem</strong></span> <span class='ocrx_word' id='word_1_750' title='bbox 3180 3815 3571 3884; x_wconf 88' lang='lat' dir='ltr'><strong>percipiemus,</strong></span> 
     </span>
    </p>
   </div>
   <div class='ocr_carea' id='block_1_100' title="bbox 1984 3901 3571 3978">
    <p class='ocr_par' dir='ltr' id='par_1_100' title="bbox 1984 3901 3571 3978">
     <span class='ocr_line' id='line_1_101' title="bbox 1984 3901 3571 3978; baseline 0.004 -22"><span class='ocrx_word' id='word_1_751' title='bbox 1984 3901 2322 3971; x_wconf 89' lang='lat' dir='ltr'><strong>quantumvis</strong></span> <span class='ocrx_word' id='word_1_752' title='bbox 2351 3903 2635 3973; x_wconf 92' lang='lat' dir='ltr'><strong>longinqua</strong></span> <span class='ocrx_word' id='word_1_753' title='bbox 2665 3912 2720 3958; x_wconf 87' lang='lat' dir='ltr'><strong>et</strong></span> <span class='ocrx_word' id='word_1_754' title='bbox 2748 3914 2932 3960; x_wconf 79' lang='lat' dir='ltr'><strong>extera</strong></span> <span class='ocrx_word' id='word_1_755' title='bbox 2961 3906 3012 3959; x_wconf 93' lang='lat' dir='ltr'><strong>in</strong></span> <span class='ocrx_word' id='word_1_756' title='bbox 3051 3906 3268 3977; x_wconf 89' lang='lat' dir='ltr'><strong>regione</strong></span> <span class='ocrx_word' id='word_1_757' title='bbox 3293 3905 3571 3978; x_wconf 89' lang='lat' dir='ltr'><strong>degamus.</strong></span> 
     </span>
    </p>
   </div>
   <div class='ocr_carea' id='block_1_101' title="bbox 1985 3991 3574 4066">
    <p class='ocr_par' dir='ltr' id='par_1_101' title="bbox 1985 3991 3574 4066">
     <span class='ocr_line' id='line_1_102' title="bbox 1985 3991 3574 4066; baseline 0.004 -21"><span class='ocrx_word' id='word_1_758' title='bbox 1985 3991 2116 4046; x_wconf 82' lang='lat' dir='ltr'><strong>Cum</strong></span> <span class='ocrx_word' id='word_1_759' title='bbox 2144 3993 2300 4062; x_wconf 86' lang='lat' dir='ltr'><strong>igitur</strong></span> <span class='ocrx_word' id='word_1_760' title='bbox 2325 3993 2476 4047; x_wconf 89' lang='lat' dir='ltr'><strong>vobis</strong></span> <span class='ocrx_word' id='word_1_761' title='bbox 2514 3993 2849 4064; x_wconf 80' lang='lat' dir='ltr'><strong>exploratum</strong></span> <span class='ocrx_word' id='word_1_762' title='bbox 2893 3995 2981 4059; x_wconf 90' lang='lat' dir='ltr'><strong>sit,</strong></span> <span class='ocrx_word' id='word_1_763' title='bbox 3006 4004 3204 4066; x_wconf 89' lang='lat' dir='ltr'><strong>quanto</strong></span> <span class='ocrx_word' id='word_1_764' title='bbox 3247 4012 3346 4052; x_wconf 91' lang='lat' dir='ltr'><strong>nos</strong></span> <span class='ocrx_word' id='word_1_765' title='bbox 3384 3998 3574 4054; x_wconf 91' lang='lat' dir='ltr'><strong>devin-</strong></span> 
     </span>
    </p>
   </div>
   <div class='ocr_carea' id='block_1_102' title="bbox 1984 4081 3573 4157">
    <p class='ocr_par' dir='ltr' id='par_1_102' title="bbox 1984 4081 3573 4157">
     <span class='ocr_line' id='line_1_103' title="bbox 1984 4081 3573 4157; baseline 0.004 -21"><span class='ocrx_word' id='word_1_766' title='bbox 1984 4082 2121 4137; x_wconf 89' lang='lat' dir='ltr'><strong>cturi</strong></span> <span class='ocrx_word' id='word_1_767' title='bbox 2147 4083 2263 4137; x_wconf 89' lang='lat' dir='ltr'><strong>sitis</strong></span> <span class='ocrx_word' id='word_1_768' title='bbox 2302 4081 2578 4148; x_wconf 84' lang='lat' dir='ltr'><strong>beneficio,</strong></span> <span class='ocrx_word' id='word_1_769' title='bbox 2613 4093 2917 4154; x_wconf 87' lang='lat' dir='ltr'><strong>quantaque</strong></span> <span class='ocrx_word' id='word_1_770' title='bbox 2946 4085 3126 4141; x_wconf 69' lang='lat' dir='ltr'><strong>ittztitia</strong></span> <span class='ocrx_word' id='word_1_771' title='bbox 3158 4087 3440 4157; x_wconf 87' lang='lat' dir='ltr'><strong>perfusuri,</strong></span> <span class='ocrx_word' id='word_1_772' title='bbox 3472 4105 3573 4143; x_wconf 87' lang='lat' dir='ltr'><strong>no-</strong></span> 
     </span>
    </p>
   </div>
   <div class='ocr_carea' id='block_1_103' title="bbox 1983 4174 3577 4248">
    <p class='ocr_par' dir='ltr' id='par_1_103' title="bbox 1983 4174 3577 4248">
     <span class='ocr_line' id='line_1_104' title="bbox 1983 4174 3577 4248; baseline 0.004 -19"><span class='ocrx_word' id='word_1_773' title='bbox 1983 4175 2075 4230; x_wconf 91' lang='lat' dir='ltr'><strong>iite</strong></span> <span class='ocrx_word' id='word_1_774' title='bbox 2105 4174 2242 4230; x_wconf 89' lang='lat' dir='ltr'><strong>hanc</strong></span> <span class='ocrx_word' id='word_1_775' title='bbox 2281 4177 2434 4231; x_wconf 91' lang='lat' dir='ltr'><strong>nobis</strong></span> <span class='ocrx_word' id='word_1_776' title='bbox 2463 4177 2786 4248; x_wconf 89' lang='lat' dir='ltr'><strong>voluptatem</strong></span> <span class='ocrx_word' id='word_1_777' title='bbox 2829 4179 3086 4235; x_wconf 87' lang='lat' dir='ltr'><strong>invidere.</strong></span> <span class='ocrx_word' id='word_1_778' title='bbox 3133 4181 3268 4236; x_wconf 89' lang='lat' dir='ltr'><strong>Dum</strong></span> <span class='ocrx_word' id='word_1_779' title='bbox 3311 4183 3451 4236; x_wconf 90' lang='lat' dir='ltr'><strong>enim</strong></span> <span class='ocrx_word' id='word_1_780' title='bbox 3480 4199 3577 4236; x_wconf 81' lang='lat' dir='ltr'><strong>vo-</strong></span> 
     </span>
    </p>
   </div>
   <div class='ocr_carea' id='block_1_104' title="bbox 1986 4265 3574 4342">
    <p class='ocr_par' dir='ltr' id='par_1_104' title="bbox 1986 4265 3574 4342">
     <span class='ocr_line' id='line_1_105' title="bbox 1986 4265 3574 4342; baseline 0.004 -22"><span class='ocrx_word' id='word_1_781' title='bbox 1986 4265 2189 4322; x_wconf 89' lang='lat' dir='ltr'><strong>biscum</strong></span> <span class='ocrx_word' id='word_1_782' title='bbox 2221 4283 2315 4337; x_wconf 91' lang='lat' dir='ltr'><strong>per</strong></span> <span class='ocrx_word' id='word_1_783' title='bbox 2337 4268 2516 4323; x_wconf 90' lang='lat' dir='ltr'><strong>literas</strong></span> <span class='ocrx_word' id='word_1_784' title='bbox 2542 4269 2932 4340; x_wconf 92' lang='lat' dir='ltr'><strong>colloquemur,</strong></span> <span class='ocrx_word' id='word_1_785' title='bbox 2963 4286 3058 4325; x_wconf 89' lang='lat' dir='ltr'><strong>vos</strong></span> <span class='ocrx_word' id='word_1_786' title='bbox 3087 4272 3232 4342; x_wconf 87' lang='lat' dir='ltr'><strong>ipsos</strong></span> <span class='ocrx_word' id='word_1_787' title='bbox 3259 4272 3344 4327; x_wconf 88' lang='lat' dir='ltr'><strong>hic</strong></span> <span class='ocrx_word' id='word_1_788' title='bbox 3382 4272 3574 4328; x_wconf 84' lang='lat' dir='ltr'><strong>adesse</strong></span> 
     </span>
    </p>
   </div>
   <div class='ocr_carea' id='block_1_105' title="bbox 1984 4357 3569 4433">
    <p class='ocr_par' dir='ltr' id='par_1_105' title="bbox 1984 4357 3569 4433">
     <span class='ocr_line' id='line_1_106' title="bbox 1984 4357 3569 4433; baseline 0.004 -22"><span class='ocrx_word' id='word_1_789' title='bbox 1984 4357 2381 4426; x_wconf 86' lang='lat' dir='ltr'><strong>arbitrabimur,</strong></span> <span class='ocrx_word' id='word_1_790' title='bbox 2414 4369 2468 4414; x_wconf 90' lang='lat' dir='ltr'><strong>et</strong></span> <span class='ocrx_word' id='word_1_791' title='bbox 2497 4359 2792 4416; x_wconf 89' lang='lat' dir='ltr'><strong>evidentius</strong></span> <span class='ocrx_word' id='word_1_792' title='bbox 2824 4370 3090 4430; x_wconf 83' lang='lat' dir='ltr'><strong>tamquam</strong></span> <span class='ocrx_word' id='word_1_793' title='bbox 3116 4362 3187 4418; x_wconf 92' lang='lat' dir='ltr'><strong>ob</strong></span> <span class='ocrx_word' id='word_1_794' title='bbox 3214 4363 3396 4418; x_wconf 90' lang='lat' dir='ltr'><strong>oculos</strong></span> <span class='ocrx_word' id='word_1_795' title='bbox 3427 4365 3569 4433; x_wconf 80' lang='lat' dir='ltr'><strong>posi-</strong></span> 
     </span>
    </p>
   </div>
   <div class='ocr_carea' id='block_1_106' title="bbox 1989 4451 3003 4523">
    <p class='ocr_par' dir='ltr' id='par_1_106' title="bbox 1989 4451 3003 4523">
     <span class='ocr_line' id='line_1_107' title="bbox 1989 4451 3003 4523; baseline 0.003 -21"><span class='ocrx_word' id='word_1_796' title='bbox 1989 4455 2074 4503; x_wconf 89' lang='lat' dir='ltr'><strong>tos</strong></span> <span class='ocrx_word' id='word_1_797' title='bbox 2104 4451 2398 4520; x_wconf 86' lang='lat' dir='ltr'><strong>poterimus</strong></span> <span class='ocrx_word' id='word_1_798' title='bbox 2424 4451 2604 4506; x_wconf 90' lang='lat' dir='ltr'><strong>animo</strong></span> <span class='ocrx_word' id='word_1_799' title='bbox 2631 4453 3003 4523; x_wconf 90' lang='lat' dir='ltr'><strong>contemplari.</strong></span> 
     </span>
    </p>
   </div>
   <div class='ocr_carea' id='block_1_107' title="bbox 2159 4582 3398 4655">
    <p class='ocr_par' dir='ltr' id='par_1_107' title="bbox 2159 4582 3398 4655">
     <span class='ocr_line' id='line_1_108' title="bbox 2159 4582 3398 4655; baseline 0.002 -16"><span class='ocrx_word' id='word_1_800' title='bbox 2159 4582 2468 4639; x_wconf 82' lang='lat' dir='ltr'><strong>CCXXIII.</strong></span> <span class='ocrx_word' id='word_1_801' title='bbox 2503 4583 2773 4655; x_wconf 75' lang='lat' dir='ltr'><strong>Hesychia.</strong></span> <span class='ocrx_word' id='word_1_802' title='bbox 2806 4582 3034 4655; x_wconf 86' lang='lat' dir='ltr'><strong>(Cucuso</strong></span> <span class='ocrx_word' id='word_1_803' title='bbox 3071 4599 3213 4640; x_wconf 87' lang='lat' dir='ltr'><strong>anno</strong></span> <span class='ocrx_word' id='word_1_804' title='bbox 3247 4584 3398 4651; x_wconf 70' lang='grc'><strong>404.)</strong></span> 
     </span>
    </p>
   </div>
   <div class='ocr_carea' id='block_1_108' title="bbox 2055 4718 3570 4791">
    <p class='ocr_par' dir='ltr' id='par_1_108' title="bbox 2055 4718 3570 4791">
     <span class='ocr_line' id='line_1_109' title="bbox 2055 4718 3570 4791; baseline 0.001 -17"><span class='ocrx_word' id='word_1_805' title='bbox 2055 4718 2341 4790; x_wconf 83' lang='lat' dir='ltr'><strong>Cupiebam</strong></span> <span class='ocrx_word' id='word_1_806' title='bbox 2368 4719 2616 4791; x_wconf 84' lang='lat' dir='ltr'><strong>equidem</strong></span> <span class='ocrx_word' id='word_1_807' title='bbox 2635 4761 2649 4786; x_wconf 95' lang='lat'><strong>,</strong></span> <span class='ocrx_word' id='word_1_808' title='bbox 2681 4729 2964 4790; x_wconf 83' lang='lat' dir='ltr'><strong>antequam</strong></span> <span class='ocrx_word' id='word_1_809' title='bbox 2993 4719 3060 4773; x_wconf 87' lang='lat' dir='ltr'><strong>ad</strong></span> <span class='ocrx_word' id='word_1_810' title='bbox 3081 4721 3393 4774; x_wconf 88' lang='lat' dir='ltr'><strong>suavitatem</strong></span> <span class='ocrx_word' id='word_1_811' title='bbox 3427 4732 3570 4775; x_wconf 85' lang='lat' dir='ltr'><strong>tuam</strong></span> 
     </span>
    </p>
   </div>
   <div class='ocr_carea' id='block_1_109' title="bbox 1986 4801 3568 4882">
    <p class='ocr_par' dir='ltr' id='par_1_109' title="bbox 1986 4801 3568 4882">
     <span class='ocr_line' id='line_1_110' title="bbox 1986 4801 3568 4882; baseline 0.001 -16"><span class='ocrx_word' id='word_1_812' title='bbox 1986 4801 2341 4882; x_wconf 86' lang='lat' dir='ltr'><strong>scripsissem,</strong></span> <span class='ocrx_word' id='word_1_813' title='bbox 2387 4811 2569 4866; x_wconf 87' lang='lat' dir='ltr'><strong>literas</strong></span> <span class='ocrx_word' id='word_1_814' title='bbox 2597 4812 2666 4867; x_wconf 91' lang='lat' dir='ltr'><strong>ab</strong></span> <span class='ocrx_word' id='word_1_815' title='bbox 2697 4826 2758 4866; x_wconf 91' lang='lat' dir='ltr'><strong>ca</strong></span> <span class='ocrx_word' id='word_1_816' title='bbox 2790 4812 2934 4880; x_wconf 93' lang='lat' dir='ltr'><strong>prior</strong></span> <span class='ocrx_word' id='word_1_817' title='bbox 2975 4811 3215 4879; x_wconf 90' lang='lat' dir='ltr'><strong>accipere</strong></span> <span class='ocrx_word' id='word_1_818' title='bbox 3245 4829 3258 4866; x_wconf 89' lang='lat'><strong>:</strong></span> <span class='ocrx_word' id='word_1_819' title='bbox 3285 4811 3386 4866; x_wconf 88' lang='lat' dir='ltr'><strong>hoc</strong></span> <span class='ocrx_word' id='word_1_820' title='bbox 3426 4813 3568 4868; x_wconf 89' lang='lat' dir='ltr'><strong>enim</strong></span> 
     </span>
    </p>
   </div>
   <div class='ocr_carea' id='block_1_110' title="bbox 1985 4902 3573 4974">
    <p class='ocr_par' dir='ltr' id='par_1_110' title="bbox 1985 4902 3573 4974">
     <span class='ocr_line' id='line_1_111' title="bbox 1985 4902 3573 4974; baseline -0.001 -14"><span class='ocrx_word' id='word_1_821' title='bbox 1985 4905 2435 4960; x_wconf 88' lang='lat' dir='ltr'><strong>vehementissimi</strong></span> <span class='ocrx_word' id='word_1_822' title='bbox 2483 4903 2680 4959; x_wconf 88' lang='lat' dir='ltr'><strong>amoris</strong></span> <span class='ocrx_word' id='word_1_823' title='bbox 2730 4911 2813 4958; x_wconf 91' lang='lat' dir='ltr'><strong>est</strong></span> <span class='ocrx_word' id='word_1_824' title='bbox 2860 4902 3130 4974; x_wconf 90' lang='lat' dir='ltr'><strong>proprium</strong></span> <span class='ocrx_word' id='word_1_825' title='bbox 3167 4913 3573 4959; x_wconf 86' lang='lat' dir='ltr'><strong>:vernmtamcu</strong></span> 
     </span>
    </p>
   </div>
   <div class='ocr_carea' id='block_1_111' title="bbox 1985 4995 3574 5066">
    <p class='ocr_par' dir='ltr' id='par_1_111' title="bbox 1985 4995 3574 5066">
     <span class='ocr_line' id='line_1_112' title="bbox 1985 4995 3574 5066; baseline 0 -14"><span class='ocrx_word' id='word_1_826' title='bbox 1985 4999 2166 5053; x_wconf 90' lang='lat' dir='ltr'><strong>literas</strong></span> <span class='ocrx_word' id='word_1_827' title='bbox 2197 5007 2310 5052; x_wconf 90' lang='lat' dir='ltr'><strong>tuas</strong></span> <span class='ocrx_word' id='word_1_828' title='bbox 2337 5011 2439 5051; x_wconf 91' lang='lat' dir='ltr'><strong>non</strong></span> <span class='ocrx_word' id='word_1_829' title='bbox 2465 4995 2910 5066; x_wconf 80' lang='lat' dir='ltr'><strong>exspectavimus,</strong></span> <span class='ocrx_word' id='word_1_830' title='bbox 2933 4995 3027 5050; x_wconf 89' lang='lat' dir='ltr'><strong>sed</strong></span> <span class='ocrx_word' id='word_1_831' title='bbox 3055 4996 3257 5066; x_wconf 88' lang='lat' dir='ltr'><strong>priores</strong></span> <span class='ocrx_word' id='word_1_832' title='bbox 3280 4995 3345 5050; x_wconf 88' lang='lat' dir='ltr'><strong>ad</strong></span> <span class='ocrx_word' id='word_1_833' title='bbox 3370 5007 3420 5052; x_wconf 94' lang='lat' dir='ltr'><strong>te</strong></span> <span class='ocrx_word' id='word_1_834' title='bbox 3439 4998 3574 5052; x_wconf 36' lang='lat' dir='ltr'><strong>serie</strong></span> 
     </span>
    </p>
   </div>
   <div class='ocr_carea' id='block_1_112' title="bbox 1987 5085 3576 5158">
    <p class='ocr_par' dir='ltr' id='par_1_112' title="bbox 1987 5085 3576 5158">
     <span class='ocr_line' id='line_1_113' title="bbox 1987 5085 3576 5158; baseline -0.001 -16"><span class='ocrx_word' id='word_1_835' title='bbox 1987 5090 2207 5158; x_wconf 88' lang='lat' dir='ltr'><strong>psimus,</strong></span> <span class='ocrx_word' id='word_1_836' title='bbox 2237 5099 2294 5142; x_wconf 90' lang='lat' dir='ltr'><strong>ut</strong></span> <span class='ocrx_word' id='word_1_837' title='bbox 2333 5087 2386 5141; x_wconf 90' lang='lat' dir='ltr'><strong>in</strong></span> <span class='ocrx_word' id='word_1_838' title='bbox 2427 5086 2526 5141; x_wconf 89' lang='lat' dir='ltr'><strong>hoc</strong></span> <span class='ocrx_word' id='word_1_839' title='bbox 2549 5087 2736 5141; x_wconf 77' lang='lat' dir='ltr'><strong>Saltem</strong></span> <span class='ocrx_word' id='word_1_840' title='bbox 2779 5085 3017 5141; x_wconf 89' lang='lat' dir='ltr'><strong>ardentis</strong></span> <span class='ocrx_word' id='word_1_841' title='bbox 3046 5087 3244 5141; x_wconf 85' lang='lat' dir='ltr'><strong>amoris</strong></span> <span class='ocrx_word' id='word_1_842' title='bbox 3271 5102 3395 5156; x_wconf 89' lang='lat' dir='ltr'><strong>erga</strong></span> <span class='ocrx_word' id='word_1_843' title='bbox 3427 5096 3576 5142; x_wconf 88' lang='lat' dir='ltr'><strong>tuam</strong></span> 
     </span>
    </p>
   </div>
   <div class='ocr_carea' id='block_1_113' title="bbox 1985 5177 3568 5249">
    <p class='ocr_par' dir='ltr' id='par_1_113' title="bbox 1985 5177 3568 5249">
     <span class='ocr_line' id='line_1_114' title="bbox 1985 5177 3568 5249; baseline -0.002 -12"><span class='ocrx_word' id='word_1_844' title='bbox 1985 5182 2297 5237; x_wconf 88' lang='lat' dir='ltr'><strong>suavitatem</strong></span> <span class='ocrx_word' id='word_1_845' title='bbox 2325 5181 2489 5235; x_wconf 90' lang='lat' dir='ltr'><strong>nostri</strong></span> <span class='ocrx_word' id='word_1_846' title='bbox 2517 5181 2786 5249; x_wconf 91' lang='lat' dir='ltr'><strong>specimen</strong></span> <span class='ocrx_word' id='word_1_847' title='bbox 2807 5177 3108 5234; x_wconf 84' lang='lat' dir='ltr'><strong>ederetnus.</strong></span> <span class='ocrx_word' id='word_1_848' title='bbox 3136 5179 3239 5234; x_wconf 84' lang='lat' dir='ltr'><strong>Sed</strong></span> <span class='ocrx_word' id='word_1_849' title='bbox 3261 5179 3362 5234; x_wconf 85' lang='lat' dir='ltr'><strong>hoc</strong></span> <span class='ocrx_word' id='word_1_850' title='bbox 3391 5187 3568 5234; x_wconf 86' lang='lat' dir='ltr'><strong>tamen</strong></span> 
     </span>
    </p>
   </div>
   <div class='ocr_carea' id='block_1_114' title="bbox 1987 5273 3576 5345">
    <p class='ocr_par' dir='ltr' id='par_1_114' title="bbox 1987 5273 3576 5345">
     <span class='ocr_line' id='line_1_115' title="bbox 1987 5273 3576 5345; baseline 0 -16"><span class='ocrx_word' id='word_1_851' title='bbox 1987 5275 2203 5330; x_wconf 88' lang='lat' dir='ltr'><strong>nomine</strong></span> <span class='ocrx_word' id='word_1_852' title='bbox 2231 5275 2322 5329; x_wconf 91' lang='lat' dir='ltr'><strong>tibi</strong></span> <span class='ocrx_word' id='word_1_853' title='bbox 2368 5276 2596 5345; x_wconf 89' lang='lat' dir='ltr'><strong>gratiam</strong></span> <span class='ocrx_word' id='word_1_854' title='bbox 2627 5273 2905 5340; x_wconf 88' lang='lat' dir='ltr'><strong>habemus,</strong></span> <span class='ocrx_word' id='word_1_855' title='bbox 2937 5282 2995 5327; x_wconf 93' lang='lat' dir='ltr'><strong>ut</strong></span> <span class='ocrx_word' id='word_1_856' title='bbox 3031 5273 3120 5342; x_wconf 90' lang='lat' dir='ltr'><strong>qui</strong></span> <span class='ocrx_word' id='word_1_857' title='bbox 3151 5274 3314 5342; x_wconf 89' lang='lat' dir='ltr'><strong>probe</strong></span> <span class='ocrx_word' id='word_1_858' title='bbox 3343 5274 3576 5329; x_wconf 88' lang='lat' dir='ltr'><strong>sciamus</strong></span> 
     </span>
    </p>
   </div>
   <div class='ocr_carea' id='block_1_115' title="bbox 1985 5363 3571 5435">
    <p class='ocr_par' dir='ltr' id='par_1_115' title="bbox 1985 5363 3571 5435">
     <span class='ocr_line' id='line_1_116' title="bbox 1985 5363 3571 5435; baseline -0.001 -15"><span class='ocrx_word' id='word_1_859' title='bbox 1985 5381 2090 5421; x_wconf 92' lang='lat' dir='ltr'><strong>non</strong></span> <span class='ocrx_word' id='word_1_860' title='bbox 2118 5382 2182 5420; x_wconf 79' lang='lat' dir='ltr'><strong>ex</strong></span> <span class='ocrx_word' id='word_1_861' title='bbox 2213 5373 2539 5435; x_wconf 90' lang='lat' dir='ltr'><strong>contemptu,</strong></span> <span class='ocrx_word' id='word_1_862' title='bbox 2573 5364 2666 5419; x_wconf 87' lang='lat' dir='ltr'><strong>sed</strong></span> <span class='ocrx_word' id='word_1_863' title='bbox 2696 5380 2804 5434; x_wconf 57' lang='lat' dir='ltr'><strong>prae</strong></span> <span class='ocrx_word' id='word_1_864' title='bbox 2841 5365 3003 5418; x_wconf 89' lang='lat' dir='ltr'><strong>nimia</strong></span> <span class='ocrx_word' id='word_1_865' title='bbox 3029 5363 3323 5418; x_wconf 87' lang='lat' dir='ltr'><strong>humilitate</strong></span> <span class='ocrx_word' id='word_1_866' title='bbox 3355 5364 3444 5418; x_wconf 88' lang='lat' dir='ltr'><strong>tibi</strong></span> <span class='ocrx_word' id='word_1_867' title='bbox 3471 5365 3571 5418; x_wconf 86' lang='lat' dir='ltr'><strong>hoc</strong></span> 
     </span>
    </p>
   </div>
   <div class='ocr_carea' id='block_1_116' title="bbox 1983 5455 3567 5528">
    <p class='ocr_par' dir='ltr' id='par_1_116' title="bbox 1983 5455 3567 5528">
     <span class='ocr_line' id='line_1_117' title="bbox 1983 5455 3567 5528; baseline -0.004 -16"><span class='ocrx_word' id='word_1_868' title='bbox 1983 5459 2294 5528; x_wconf 78' lang='lat' dir='ltr'><strong>contigisse.</strong></span> <span class='ocrx_word' id='word_1_869' title='bbox 2321 5457 2592 5512; x_wconf 80' lang='lat' dir='ltr'><strong>Audacter</strong></span> <span class='ocrx_word' id='word_1_870' title='bbox 2615 5456 2774 5526; x_wconf 88' lang='lat' dir='ltr'><strong>igitur</strong></span> <span class='ocrx_word' id='word_1_871' title='bbox 2799 5455 2938 5510; x_wconf 87' lang='lat' dir='ltr'><strong>hunc</strong></span> <span class='ocrx_word' id='word_1_872' title='bbox 2969 5464 3113 5510; x_wconf 89' lang='lat' dir='ltr'><strong>tuum</strong></span> <span class='ocrx_word' id='word_1_873' title='bbox 3136 5456 3186 5510; x_wconf 84' lang='lat' dir='ltr'><strong>in</strong></span> <span class='ocrx_word' id='word_1_874' title='bbox 3216 5472 3312 5509; x_wconf 84' lang='lat' dir='ltr'><strong>nos</strong></span> <span class='ocrx_word' id='word_1_875' title='bbox 3335 5471 3567 5509; x_wconf 85' lang='lat' dir='ltr'><strong>amorem</strong></span> 
     </span>
    </p>
   </div>
   <div class='ocr_carea' id='block_1_117' title="bbox 1983 5547 3566 5619">
    <p class='ocr_par' dir='ltr' id='par_1_117' title="bbox 1983 5547 3566 5619">
     <span class='ocr_line' id='line_1_118' title="bbox 1983 5547 3566 5619; baseline -0.004 -15"><span class='ocrx_word' id='word_1_876' title='bbox 1983 5550 2225 5612; x_wconf 88' lang='lat' dir='ltr'><strong>ostende,</strong></span> <span class='ocrx_word' id='word_1_877' title='bbox 2256 5565 2319 5604; x_wconf 90' lang='lat' dir='ltr'><strong>ac</strong></span> <span class='ocrx_word' id='word_1_878' title='bbox 2345 5549 2544 5615; x_wconf 85' lang='lat' dir='ltr'><strong>literas,</strong></span> <span class='ocrx_word' id='word_1_879' title='bbox 2573 5548 2762 5619; x_wconf 84' lang='lat' dir='ltr'><strong>quibus</strong></span> <span class='ocrx_word' id='word_1_880' title='bbox 2782 5549 2848 5604; x_wconf 93' lang='lat' dir='ltr'><strong>de</strong></span> <span class='ocrx_word' id='word_1_881' title='bbox 2880 5558 2964 5602; x_wconf 79' lang='lat' dir='ltr'><strong>tua</strong></span> <span class='ocrx_word' id='word_1_882' title='bbox 2995 5549 3297 5605; x_wconf 84' lang='lat' dir='ltr'><strong>valetudine</strong></span> <span class='ocrx_word' id='word_1_883' title='bbox 3312 5547 3566 5603; x_wconf 85' lang='lat' dir='ltr'><strong>certiores</strong></span> 
     </span>
    </p>
   </div>
   <div class='ocr_carea' id='block_1_118' title="bbox 1991 5631 3560 5708">
    <p class='ocr_par' dir='ltr' id='par_1_118' title="bbox 1991 5631 3560 5708">
     <span class='ocr_line' id='line_1_119' title="bbox 1991 5631 3560 5708; baseline -0.008 -12"><span class='ocrx_word' id='word_1_884' title='bbox 1991 5642 2194 5708; x_wconf 83' lang='lat' dir='ltr'><strong>fiamus,</strong></span> <span class='ocrx_word' id='word_1_885' title='bbox 2226 5642 2290 5696; x_wconf 90' lang='lat' dir='ltr'><strong>ad</strong></span> <span class='ocrx_word' id='word_1_886' title='bbox 2339 5657 2435 5697; x_wconf 90' lang='lat' dir='ltr'><strong>nos</strong></span> <span class='ocrx_word' id='word_1_887' title='bbox 2463 5641 2812 5697; x_wconf 84' lang='lat' dir='ltr'><strong>creberrimas</strong></span> <span class='ocrx_word' id='word_1_888' title='bbox 2841 5645 3006 5696; x_wconf 89' lang='lat' dir='ltr'><strong>mitte.</strong></span> <span class='ocrx_word' id='word_1_889' title='bbox 3043 5638 3098 5695; x_wconf 89' lang='lat' dir='ltr'><strong>Si</strong></span> <span class='ocrx_word' id='word_1_890' title='bbox 3129 5641 3269 5696; x_wconf 89' lang='lat' dir='ltr'><strong>enim</strong></span> <span class='ocrx_word' id='word_1_891' title='bbox 3311 5631 3560 5706; x_wconf 71' lang='lat' dir='ltr'><strong>ejusmodi</strong></span> 
     </span>
    </p>
   </div>
  </div>
