4064 6218
507 292 609 348 735

510 403 696 461 literas
733 397 1121 468 acceperimus,
1171 395 1296 452 licet
1336 397 1405 452 ad
1452 397 1598 466 ipsos
1638 394 1785 450 orbis
1833 404 2093 449 terrarum

1251 286 1310 342 S.
1349 283 1631 342 JOANNIS
1667 279 2074 338 CIIRYSOSTO

2189 280 2512 338 ARCHIEP.
2549 281 3088 341 CONSTANTINOP.

3680 288 3804 344 7‘6

2201 396 2473 453 suffecisse
2514 397 2661 454 illam
2699 401 3116 466 excusationem,
3145 415 3264 471 qua:
3308 405 3421 456 tum
3465 409 3802 476 suggereba-

507 496 640 547 “nes
679 489 947 546 amanda“
977 488 1166 554 Simus.
1197 475 1319 542 “de!
1365 485 1432 540 ad
1465 488 1641 569 locum
1686 485 1791 540 isto
1831 483 2095 540 desertio-
2124 511 2166 569 ε
2200 495 2307 553 tur,
2340 501 2441 542 vos
2468 503 2609 544 nunc
2637 489 2930 555 indicastis,
2951 505 3070 546 cum
3093 491 3329 547 nondum
3357 475 3593 566 acceptis
3614 498 3794 556 literis

504 598 636 648 rem,
678 581 849 635 multo
892 577 1083 634 solatio
1123 577 1335 632 tmdium
1377 567 1616 631 nostrum
1645 583 1836 630 vestra:
1861 573 2097 628 caritatis

501 671 735 727 officium
762 668 1038 740 mitigabit.
1071 667 1213 721 Nihil
1239 667 1380 721 enim
1411 667 1481 721 ita
1529 673 1704 736 potest
1727 664 1962 720 animum
1990 660 2096 718 eri-

496 779 656 832 gere,
704 761 976 831 multaque
1025 760 1302 829 voluptate
1349 758 1702 830 perfundere,
1753 771 1816 812 ac
1863 757 1907 810 si
1952 762 2094 810 amet

495 861 808 922 ameturque
848 851 1076 906 sincere.
1110 851 1284 919 Atque
1331 850 1432 904 hoc
1481 858 1536 904 tu
1579 847 1817 904 omnium
1863 846 2093 902 maxime

495 944 654 1009 nosti,
710 943 1141 1014 quandoquidem
1198 951 1253 998 tu
1295 956 1522 1012 quoque
1573 940 1812 996 omnium
1862 938 2092 994 maxime

498 1053 679 1092 amare
705 1037 866 1092 nosti.

493 1149 707 1206 CCXXI
725 1149 789 1203 γ.
820 1148 1091 1204 Marciano
1108 1159 1154 1204 et
1177 1149 1497 1203 Marcellino.
1530 1147 1759 1218 (Cucuso
1777 1162 1918 1202 anno
1937 1143 2086 1218 404.)

561 1259 826 1327 Quidnam
844 1274 1021 1314 causa:
1037 1268 1138 1323 est,
1163 1257 1534 1329 quamobrem,
1553 1273 1671 1312 cum
1694 1266 1968 1326 tantopere
1989 1272 2088 1313 nos

495 1351 686 1406 ametis
712 1351 908 1422 (neque
933 1350 1077 1406 enim
1111 1359 1258 1404 tanto
1286 1350 1409 1404 licet
1435 1363 1464 1402 a
1493 1349 1644 1403 vobis
1671 1349 1946 1403 intervallo
1975 1348 2086 1404 dis-

489 1442 701 1509 junctos
723 1441 850 1497 latet
880 1455 980 1496 nos
1007 1455 1159 1496 amor
1200 1449 1395 1504 vester,
1432 1439 1572 1508 quod
1615 1448 1670 1494 et
1698 1440 1989 1495 vehemens
2017 1441 2086 1496 sit

491 1541 546 1587 et
587 1532 989 1601 inflammatus),
1021 1533 1182 1586 silere
1229 1532 1508 1601 potuistis,
1540 1546 1604 1587 ac
1643 1547 1710 1587 ne
1752 1533 1918 1588 semel
1967 1533 2088 1603 qui-

487 1623 805 1678 tlemliteras
821 1623 884 1676 ad
908 1637 1006 1676 nos
1017 1621 1357 1690 dedistis,sed
1379 1637 1488 1677 rem
1510 1623 1662 1676 istam
1677 1623 1902 1678 similem
1923 1625 2085 1695 amig-

493 1713 621 1768 mati
654 1713 1008 1769 reddidistis?
1033 1713 1218 1782 Neqttc
1253 1713 1392 1767 enim
1431 1713 1664 1783 legitima
1690 1714 1786 1768 fuit
1805 1715 1893 1770 illa
1922 1731 2084 1771 excu-

489 1804 647 1871 satio,
675 1820 833 1875 quam
875 1805 928 1858 in
954 1805 1178 1875 epistola
1207 1803 1274 1859 ad
1317 1793 1770 1874 religiosiSsimum
1802 1805 2082 1878 presbyte-

491 1909 609 1948 rum
651 1893 1021 1950 Constantium
1075 1895 1239 1949 missa
1290 1896 1652 1963 expressistis.
1701 1894 2079 1952 Verumtamen

485 1982 784 2055 uolim'htec
811 1996 998 2042 exacte
1031 1986 1347 2056 disquirere.
1379 1985 1460 2042 Sit
1487 1987 1556 2041 ita
1584 2003 1735 2056 sane,
1761 1996 1920 2060 atque
1941 1993 2080 2047 hanc

485 2074 650 2130 fuisse
676 2091 890 2130 causam
919 2075 1114 2131 silentii
1145 2075 1334 2130 demus
1367 2092 1380 2130 :
1415 2091 1539 2130 ecce
1565 2085 1620 2131 et
1659 2077 1772 2132 haec
1801 2079 1914 2147 ipsa
1940 2094 2082 2136 nunc

492 2167 648 2223 vobis
690 2167 933 2237 eripitur,
964 2178 1017 2222 et
1045 2167 1214 2221 literis
1256 2167 1457 2222 nostris
1475 2181 1595 2222 .Avos
1639 2168 1952 2224 lacessimus
1974 2211 1990 2238 ,
2018 2186 2080 2227 ac

487 2258 647 2312 simul
676 2259 876 2328 gratias
916 2257 1122 2327 agimus
1167 2257 1236 2311 ob
1281 2257 1545 2313 sinceram
1592 2257 1730 2313 hanc
1755 2259 2033 2314 caritatem
2060 2301 2076 2328 ,

484 2362 646 2417 quam
683 2362 808 2416 erga
836 2361 936 2401 nos
965 2348 1034 2401 ita
1061 2346 1340 2401 florentem
1368 2347 1716 2414 conservatis,
1740 2363 1802 2403 ac
1826 2350 2076 2418 petimus,

489 2449 545 2492 ut
570 2439 1008 2509 quotiescumque
1035 2439 1236 2504 licebit,
1260 2439 1477 2494 crebras
1496 2440 1561 2494 ad
1589 2455 1686 2494 nos
1711 2440 1892 2496 literas
1915 2443 2072 2496 detis.

487 2528 600 2584 Non
646 2529 787 2583 cnim
828 2528 1013 2582 dubito
1041 2529 1166 2599 quin
1199 2527 1305 2583 huc
1343 2529 1566 2598 impigre
1607 2529 1858 2585 advolare
1910 2531 2078 2600 parati

490 2618 745 2685 fuissetis,
789 2619 890 2673 nisi
917 2633 978 2672 ea
1027 2634 1146 2689 qua:
1192 2620 1654 2674 commemorastis
1699 2619 2075 2690 impedimenta

485 2709 958 2774 intercessissent;
989 2709 1096 2764 imo
1144 2724 1269 2763 vero
1311 2709 1490 2763 animo
1533 2707 1642 2778 jam
1693 2722 1757 2763 ac
1807 2709 2077 2767 voluntate

485 2801 795 2857 advolastis.
825 2799 932 2855 Sed
959 2800 1208 2871 quoniam
1257 2798 1308 2854 id
1336 2799 1510 2869 reipsa
1541 2799 1653 2854 fieri
1685 2800 1941 2868 tantisper
1970 2816 2074 2856 non

486 2900 678 2961 potest,
711 2892 983 2946 literarum
1030 2891 1220 2947 saltem
1270 2891 1460 2945 solatio
1503 2900 1744 2948 nostrum
1789 2905 2077 2946 maerorem

484 2984 668 3048 lenite,
700 2998 763 3037 ac
801 2982 868 3036 de
896 2991 1074 3038 vestra
1106 2982 1374 3052 totiusque
1412 2993 1604 3037 vestrae
1642 2982 1834 3037 domus
1874 2984 2078 3037 valetu-

483 3077 607 3130 dine
634 3090 733 3130 nos
764 3073 922 3129 facite
950 3075 1231 3129 certiores.
1263 3075 1318 3130 Si
1350 3075 1490 3129 enim
1522 3075 1782 3144 ejusmodi
1815 3076 1982 3130 litera:
2009 3075 2075 3130 ad

431 3175 436 3180 ’
480 3183 579 3224 nos
603 3183 633 3222 a
660 3167 815 3221 vobis
855 3167 1032 3221 missa:
1081 3167 1294 3231 fuerint,
1323 3167 1565 3236 quamvis
1595 3168 1645 3221 in
1692 3168 1948 3237 aspcriori
1979 3169 2074 3222 de-

478 3273 665 3331 gamus
707 3258 1011 3324 solitudine,
1056 3273 1215 3328 quam
1263 3259 1333 3312 sit
1378 3259 1497 3323 ista,
1543 3260 1764 3314 multam
1812 3275 1877 3314 ex
1907 3259 2074 3316 literis

481 3352 671 3408 vestris
693 3350 1112 3407 consolationem
1153 3349 1444 3420 capiemus.
1890 3341 1894 3346 ’

511 3462 774 3520 CCXXV.
803 3463 1099 3518 Constantio
1127 3461 1432 3534 presbytero.
1459 3461 1688 3533 (Cucuso
1717 3477 1857 3518 anno
1883 3463 2034 3533 Mli.)

548 3578 770 3635 Miratus
798 3591 915 3632 sum
941 3591 1038 3631 cur
1065 3586 1121 3630 tu
1149 3577 1240 3646 qui
1272 3584 1377 3630 tam
1407 3575 1755 3630 vehementer
1780 3590 1878 3631 nos
1903 3591 2070 3642 antas,

477 3671 672 3742 quique
697 3669 830 3723 nihil
875 3683 981 3723 non
1011 3682 1190 3737 agere,
1221 3666 1421 3732 dicere,
1450 3680 1513 3719 ac
1542 3665 1646 3734 pati
1690 3674 1870 3721 nostra
1914 3681 2075 3722 causa

479 3773 695 3834 paratus
719 3776 778 3816 es
801 3761 997 3833 (neque
1023 3759 1164 3814 enim
1211 3773 1308 3813 nos
1335 3756 1490 3826 fugit,
1521 3771 1695 3827 neque
1720 3757 1834 3812 fieri
1875 3767 2070 3827 potest,

481 3864 536 3908 ut
560 3853 770 3908 sincere
813 3859 1082 3905 amantem
1126 3847 1180 3904 id
1211 3847 1421 3919 fugiat),
1449 3862 1518 3903 ne
1558 3847 1725 3902 semel
1763 3848 1976 3917 quidem
2005 3848 2069 3902 ad

480 3960 580 4001 nos
629 3945 914 4008 scriberes,
968 3941 1128 4012 idque
1170 3956 1290 3996 cum
1339 3955 1438 3996 nos
1481 3939 1620 3996 haud
1663 3939 1818 4010 longe
1846 3954 1876 3992 a
1919 3939 2071 3994 vobis

479 4037 901 4102 advenissemus,
930 4044 984 4090 et
1006 4033 1139 4088 mihi
1162 4033 1448 4104 plurimum
1477 4030 1733 4087 colendus
1761 4041 1816 4086 et
1839 4031 2071 4086 clarissi-

477 4141 597 4183 mus
624 4127 788 4181 frater
824 4125 1078 4179 Libauius
1116 4123 1182 4178 ad
1223 4137 1322 4178 nos
1348 4131 1612 4194 pergeret.
1644 4121 1769 4176 llmc
1792 4138 1820 4174 a
1848 4135 1931 4175 me
1962 4136 2068 4175 non

475 4233 540 4272 co
569 4218 794 4272 consilio
840 4216 1110 4281 dicuntur,
1142 4224 1200 4269 ut
1224 4229 1320 4270 vos
1365 4229 1609 4269 accusem
1629 4254 1644 4279 ,
1674 4213 1767 4268 sed
1798 4221 1856 4266 ιιι
1895 4211 2068 4267 dolori

478 4325 598 4366 tneo
627 4307 968 4365 satisfaciam.
999 4306 1130 4362 Nam
1173 4304 1425 4376 quoniam
1455 4319 1648 4374 magno
1674 4303 1867 4358 affectu
1894 4302 2065 4373 pieta-

479 4411 585 4458 tem
632 4407 867 4453 vestram
917 4409 1229 4467 prosequor,
1259 4409 1364 4448 non
1407 4392 1567 4448 aliam
1609 4392 1679 4446 ob
1705 4407 1942 4454 causam,
1971 4390 2066 4446 sed

477 4491 725 4562 quonlam
753 4490 898 4544 omni
927 4487 1104 4542 studio
1132 4485 1200 4540 de
1229 4485 1422 4539 anima:
1461 4493 1566 4538 tuae
1608 4484 1779 4538 salute
1806 4483 2064 4540 sollicitus

478 4597 540 4637 es
561 4622 577 4649 ,
608 4589 666 4636 et
686 4580 750 4634 iis
777 4579 864 4649 qui
897 4576 1299 4633 necessitatibus
1321 4583 1632 4644 premuntur
1656 4589 1992 4629 communem
2018 4583 2068 4627 te

480 4681 690 4741 portum
733 4669 932 4735 offers,
979 4667 1105 4722 dum
1157 4667 1339 4736 egenis
1382 4665 1668 4732 succurris,
1716 4664 1841 4719 dum
1893 4663 2068 4719 viduis

476 4761 762 4826 subvenis,
807 4759 933 4814 dum
976 4765 1242 4813 sustentas
1280 4756 1587 4826 orphanos,
1628 4764 1684 4810 et
1725 4769 2066 4811 communem

475 4854 722 4910 omnibus
747 4861 802 4908 te
843 4861 1119 4922 parentem
1164 4849 1391 4920 praebes,
1423 4847 1524 4903 hac
1552 4848 1620 4904 de
1645 4863 1803 4902 causa
1831 4863 1954 4902 cum
1986 4848 2068 4902 in-

479 4946 622 5018 genti
648 4960 830 4998 amore
873 4944 946 4998 tui
991 4942 1212 5018 afficiar,
1244 4940 1430 4996 literas
1458 4941 1618 4994 etiam
1660 4939 1899 5009 recipere
1924 4954 1953 4993 a
1977 4949 2065 4995 tua

479 5017 673 5105 pietate
701 5035 966 5090 desidero.
992 5017 1140 5089 Hanc
1169 5031 1328 5104 igitur
1370 5032 1524 5087 nobis
1549 5030 1784 5087 concede
1820 5032 2064 5102 gratiam,

476 5145 538 5184 ac
581 5129 900 5183 desiderium
948 5136 1189 5182 nostrum
1235 5127 1410 5195 exple.
1455 5125 1573 5180 Non
1622 5125 1764 5180 enim
1809 5124 2066 5180 mediocri

479 5220 672 5275 solatio
716 5219 1049 5285 levabimur,
1095 5218 1219 5273 licet
1266 5217 1320 5272 in
1363 5216 1647 5272 solitudine
1683 5215 1975 5282 constituti,
2022 5213 2067 5268 si

480 5309 828 5365 amantissimi
857 5309 1018 5364 animi
1047 5309 1122 5363 tui
1149 5322 1444 5376 manusque
1473 5307 1656 5361 literas
1680 5307 2064 5374 acceperimus,

475 5418 596 5474 qua:
624 5416 723 5457 nos
762 5401 830 5455 de
859 5409 944 5454 tua
977 5400 1244 5473 totiusque
1277 5399 1466 5454 domus
1505 5407 1608 5454 tua:
1654 5397 1956 5454 valetudine
1990 5394 2067 5450 fas

475 5495 616 5548 ciant
645 5490 920 5548 certiores.

476 5603 661 5661 CCXX
677 5603 768 5658 Vl.
802 5601 1065 5675 Marciano
1091 5612 1136 5657 et
1157 5602 1473 5658 Marcellino.
1497 5601 1726 5674 (Cucuso
1752 5616 1892 5655 anno
1912 5597 2062 5668 404.)

549 5720 710 5778 Nobis
737 5718 958 5785 aenigma
1007 5715 1258 5770 solvistis.
1290 5713 1406 5770 Non
1434 5715 1575 5770 enim
1607 5711 1672 5767 ad
1705 5710 2070 5772 defensionem

2200 579 2400 635 nostris
2423 595 2522 636 nos
2565 581 2910 638 lacessendos
2953 586 3199 653 putastis.
3227 583 3304 640 Ea
3330 588 3526 658 quippe
3547 592 3790 649 caritatis

2199 678 2282 726 est
2321 679 2531 739 natura,
2561 681 2618 727 ut
2653 673 2813 728 silere
2851 674 3070 730 minime
3113 676 3300 745 possit,
3332 693 3514 734 verum
3543 684 3788 751 quamvis

2199 762 2493 833 periculum
2540 764 2612 820 sit
2657 780 2724 820 ne
2765 775 3044 822 accusetur
3094 767 3368 836 audaciai,
3415 786 3640 828 munere
3685 788 3790 829 suo

2199 853 2456 925 fungitur.
2485 853 2592 911 Nos
2616 871 2744 911 vero
2772 865 2976 912 tantum
3005 858 3174 923 abest,
3203 868 3263 914 ut
3286 859 3427 916 diem
3455 863 3606 918 vobis
3633 864 3785 922 dica-

2196 962 2336 1012 mus,
2363 947 2504 1018 quod
2543 948 2610 1003 ad
2638 963 2738 1004 nos
2782 951 2986 1019 priores
3029 952 3368 1021 scripseritis,
3401 964 3458 1010 ut
3499 957 3659 1012 etiam
3688 972 3786 1014 vos

2195 1040 2295 1097 hac
2323 1041 2390 1098 de
2431 1058 2592 1098 causa
2637 1059 2834 1100 corona
2881 1045 3172 1110 donemus,
3218 1062 3282 1111 ac
3325 1049 3697 1119 praedicemns,
3727 1064 3786 1107 et
3883 1055 3900 1063 '

2193 1138 2385 1192 sinceri
2413 1138 2612 1194 amoris
2637 1141 2802 1195 vestri
2845 1139 3134 1209 periculum
3166 1156 3305 1198 nunc
3332 1144 3564 1199 maxime
3591 1143 3784 1201 feceri-

2193 1245 2332 1292 mus,
2365 1246 2469 1286 non
2501 1232 2672 1286 solum
2721 1232 2863 1301 quod
2913 1232 3252 1302 scripseritis,
3297 1233 3392 1289 sed
3432 1236 3594 1290 etiam
3635 1239 3781 1307 quod

2192 1321 2396 1389 priores
2443 1322 2783 1390 scripseritis.
2850 1322 2996 1378 Deus
3042 1335 3221 1378 autem
3273 1340 3369 1380 vos
3412 1329 3558 1381 omni
3601 1339 3784 1398 potest

2191 1411 2504 1482 aegritudine
2546 1412 2794 1480 liberare,
2825 1429 3022 1484 vosque
3065 1415 3304 1484 pristinae
3329 1419 3605 1474 restituere
3630 1421 3785 1474 sani-

2193 1503 2308 1568 tati,
2337 1517 2400 1557 ac
2429 1502 2734 1559 facultatem
2781 1506 2960 1576 largiri
3001 1506 3300 1562 communis
3343 1507 3478 1562 inter
3501 1524 3597 1564 nos
3640 1525 3782 1566 eon-

2188 1607 2420 1661 gressus,
2450 1603 2505 1649 et
2531 1595 2584 1648 ih
2615 1605 2958 1666 conspectum
2995 1605 3235 1651 mutuum
3281 1599 3520 1653 veniendi
3553 1616 3567 1651 :
3597 1601 3744 1670 siqui
3755 1629 3786 1644 -

2187 1685 2308 1740 dem
2339 1703 2446 1742 non
2487 1687 2692 1759 vulgari
2717 1689 2908 1744 solatio
2954 1689 3332 1756 recreabimnr,
3364 1690 3406 1745 si
3451 1690 3516 1744 ab
3551 1691 3780 1748 homine

2187 1775 2322 1833 adeo
2345 1793 2608 1848 generoso
2649 1779 2832 1836 literas
2860 1781 3225 1851 acceperimus
3243 1825 3260 1848 ,
3291 1782 3386 1837 sed
3412 1791 3469 1838 et
3496 1783 3636 1838 illius
3663 1785 3778 1839 col-

2187 1865 2349 1936 loquii
2381 1867 2649 1926 desiderio
2674 1878 2937 1936 tenemur,
2967 1887 3073 1941 quo
3096 1871 3294 1926 utinam
3320 1889 3419 1929 nos
3445 1888 3604 1944 quam
3624 1876 3778 1931 citis—

2185 1959 2321 2014 sime
2347 1958 2446 2015 frui
2469 1961 2760 2032 contingat,
2779 1972 2836 2017 ut
2861 1963 3016 2018 nobis
3040 1961 3209 2020 inStar
3225 1965 3472 2022 maximae
3497 1967 3777 2035 cujusdam

2187 2045 2485 2105 festivitatis
2505 2066 2624 2107 esse
2649 2054 2839 2123 possit.

2361 2182 2690 2238 CCXXVII.
2719 2185 2977 2241 Carteriaz.
3010 2185 3240 2256 (Cucuso
3268 2203 3408 2244 anno
3429 2189 3586 2262 404.)

2254 2315 2393 2384 Quid
2419 2316 2541 2371 ais?
2579 2318 2826 2373 Continui
2856 2319 2948 2374 tibi
2978 2319 3148 2375 morbi
3176 2336 3281 2375 non
3308 2324 3689 2392 permiserunt,
3711 2335 3775 2381 ut

2184 2406 2251 2462 ad
2280 2423 2380 2463 nos
2403 2409 2660 2464 venires?
2685 2411 2845 2479 Atqui
2876 2411 3088 2479 venisti,
3116 2421 3172 2466 et
3197 2413 3472 2471 nobiscum
3515 2429 3594 2480 es,
3625 2417 3779 2471 etab

2184 2498 2349 2552 animi
2380 2500 2452 2553 tui
2475 2498 2666 2555 aﬂ‘ectu
2695 2515 2758 2555 ac
2783 2500 3055 2556 voluntate
3078 2510 3242 2557 totum
3272 2504 3398 2558 illud
3423 2483 3775 2568 obtinuimus,

2179 2602 2282 2642 nec
2314 2589 2418 2642 ulla
2449 2589 2539 2644 tibi
2589 2589 2689 2645 hac
2731 2591 2784 2645 in
2814 2607 2874 2646 re
2899 2593 3240 2648 excusatione
3266 2602 3350 2648 est
3375 2609 3532 2664 opus.
3563 2595 3775 2651 Etenim

2179 2681 2374 2737 ardens
2412 2697 2475 2736 ac
2520 2683 2727 2738 sincera
2756 2685 2971 2752 caritas,
3000 2701 3120 2755 qua:
3161 2685 3238 2740 sic
3288 2696 3544 2756 perpetuo
3587 2692 3774 2758 viget,

2181 2773 2334 2829 nobis
2359 2772 2558 2830 sufficit
2583 2774 2651 2831 ad
2690 2777 3076 2847 suggerendam
3117 2778 3345 2848 ingentis
3386 2779 3583 2835 laetitiae
3611 2797 3776 2836 oeca-

2181 2866 2405 2920 sionem.
2451 2865 2556 2922 Sed
2585 2868 2837 2938 quoniam
2866 2884 2971 2923 non
3015 2869 3337 2925 mediocrem
3383 2872 3538 2926 nobis
3569 2873 3774 2928 sollici-

2184 2955 2419 3011 tudinem
2449 2956 2699 3026 injecisti,
2728 2973 2849 3013 cum
2878 2958 2944 3014 de
2992 2968 3080 3012 tua
3109 2959 3422 3029 aegritudine
3450 2962 3611 3017 verba
3642 2962 3778 3018 feci-

2180 3046 2270 3110 Sli,
2298 3046 2344 3100 si
2375 3046 2511 3102 forte
2537 3047 2604 3103 ab
2648 3048 2736 3102 illa
2776 3047 2940 3104 fueris
2965 3049 3186 3105 liberata
3219 3052 3415 3120 (potest
3458 3055 3598 3108 enim
3631 3055 3778 3111 Deus

2180 3136 2270 3191 illa
2301 3146 2353 3192 te
2393 3137 2657 3203 liberare,
2705 3153 2768 3194 ac
2810 3141 3046 3209 pristina:
3089 3141 3372 3198 restituere
3415 3143 3672 3215 sanitati),
3704 3145 3779 3200 de

2179 3227 2365 3282 eadem
2412 3244 2470 3283 re
2512 3230 2770 3284 certiores
2817 3246 2917 3285 nos
2957 3230 3136 3297 facito,
3169 3240 3228 3286 ut
3273 3232 3375 3288 hac
3415 3234 3777 3291 sollicitudine

2181 3319 2491 3376 liberemur.
2522 3319 2676 3388 Quod
2697 3321 2839 3376 enim
2865 3336 3080 3393 semper
3108 3324 3276 3379 literis
3302 3326 3434 3380 meis
3453 3327 3772 3396 significavi,

2179 3426 2320 3465 nunc
2355 3425 2568 3482 quoque
2611 3411 2875 3482 significo,
2917 3414 3235 3484 ubicumque
3276 3431 3478 3482 verser,
3531 3417 3661 3473 licet
3698 3421 3769 3473 ad

2179 3502 2355 3556 locum
2406 3502 2509 3556 isto
2555 3501 2905 3558 desertiorem
2955 3504 3299 3575 ablegemur,
3351 3505 3418 3560 de
3465 3516 3517 3561 te
3561 3509 3778 3577 tuisque

2177 3595 2338 3648 rebus
2366 3592 2580 3647 solliciti
2607 3607 2728 3648 esse
2773 3608 2879 3648 non
2907 3595 3261 3652 cessabimus.
3314 3596 3589 3666 Ejusmodi
3616 3599 3777 3654 nobis

2177 3692 2280 3738 tua:
2306 3682 2563 3738 ferventis
2607 3692 2662 3739 et
2684 3684 2908 3739 sincera;
2949 3685 3185 3740 caritatis
3215 3687 3436 3756 pignora
3464 3688 3771 3757 reliquisti,

2175 3791 2294 3846 quae
2342 3790 2629 3846 numquam
2678 3775 2944 3846 exstingui
2997 3784 3261 3846 possunt,
3306 3793 3478 3847 neque
3527 3788 3776 3849 tempore

2175 3871 2439 3927 debilitari
2469 3888 2482 3925 :
2511 3870 2606 3926 sed
2636 3871 2750 3926 sive
2795 3881 2900 3926 tua:
2928 3870 3192 3925 nobilitati
3237 3871 3395 3946 vicini
3437 3871 3626 3936 simus,
3658 3873 3779 3928 sive

2175 3963 2242 4018 ab
2264 3963 2350 4017 illa
2371 3963 2581 4028 remoti,
2600 3962 2874 4018 caritatem
2893 3962 3136 4018 eamdem
3157 3977 3554 4028 conservamus,
3585 3973 3780 4033 utpote

2176 4054 2370 4125 quibus
2397 4054 2737 4125 exploratum
2769 4055 2860 4121 sit,
2887 4069 3045 4124 quam
3072 4054 3281 4110 sincera
3325 4055 3395 4108 sit
3422 4055 3639 4120 caritas,
3668 4070 3776 4124 qua

2175 4146 2322 4200 nullo
2370 4161 2475 4200 non
2531 4155 2774 4216 tempore
2819 4145 3064 4202 affectam
3111 4161 3239 4215 erga
3277 4159 3374 4200 nos
3419 4160 3542 4200 esse
3593 4148 3777 4201 sensi-

2173 4331 2360 4387 CCXX
2374 4331 2534 4387 VIII.
2563 4331 2826 4386 Theodoro
2853 4330 3065 4385 medico.
3091 4329 3320 4402 (Cucuso
3348 4343 3510 4394 anno,
3530 4338 3590 4384 ut
3618 4338 3779 4400 puta-

2814 4432 2919 4487 tur,
2947 4424 3095 4492 404.)
3400 4485 3411 4498 κ

2244 4514 2324 4569 Tu
2371 4513 2583 4584 quidem
2611 4515 2679 4569 ad
2725 4515 3059 4585 negotiorum
3101 4516 3477 4585 occupationes
3504 4514 3772 4586 confugis,

2173 4616 2334 4677 atque
2361 4605 2486 4662 inde
2514 4607 2676 4677 petita
2705 4607 3048 4662 excusatione
3085 4608 3270 4672 uteris,
3301 4607 3440 4678 quod
3470 4623 3578 4662 non
3603 4624 3776 4663 vene-

2173 4699 2249 4754 ris
2277 4717 2292 4754 :
2325 4714 2424 4769 ego
2451 4714 2580 4754 vero
2624 4699 2753 4753 nihil
2786 4699 2886 4754 hac
2912 4699 3154 4754 oratione
3184 4699 3275 4753 tibi
3319 4713 3454 4769 Opus
3480 4714 3604 4754 esse
3628 4699 3778 4754 arbi-

2173 4801 2306 4846 tror.
2336 4791 2468 4846 Nam
2501 4801 2555 4847 et
2575 4792 2782 4856 venisti,
2812 4799 2866 4846 et
2892 4800 3145 4861 quantum
3171 4790 3237 4845 ad
3261 4791 3534 4845 caritatem
3555 4791 3770 4854 attinet,

2175 4883 2343 4939 nihilo
2377 4882 2625 4938 inferiore
2669 4881 2809 4952 apud
2851 4895 2950 4935 nos
2990 4881 3107 4935 loco
3131 4895 3210 4944 es,
3252 4895 3408 4949 quam
3438 4881 3530 4950 qui
3575 4881 3645 4934 ad
3674 4895 3777 4935 nos

2176 4983 2438 5029 venerunt
2470 4989 2483 5026 :
2515 4972 2775 5042 siquidem
2823 4971 3111 5026 voluntatis
3167 4971 3380 5024 nomine
3446 4986 3553 5024 non
3615 4987 3776 5026 secus

2175 5076 2335 5137 atque
2386 5065 2506 5120 illos
2559 5073 2611 5119 te
2658 5062 3026 5134 prtedicamus,
3065 5071 3235 5132 atque
3285 5062 3424 5116 inter
3469 5063 3775 5131 prmcipuos

2175 5159 2377 5213 amicos
2400 5171 2762 5220 numeramus,
2789 5157 2986 5225 tibique
3014 5156 3209 5226 gratias
3229 5155 3454 5225 agimus,
3481 5155 3627 5224 quod
3649 5171 3770 5209 cum

2173 5248 2385 5307 modico
2415 5249 2671 5318 temporis
2714 5247 2887 5318 spatio
2915 5246 3191 5302 nobiscum
3223 5253 3464 5300 versatus
3492 5243 3679 5310 fueris,
3708 5259 3770 5299 ac

2173 5339 2399 5394 fortasse
2428 5354 2495 5393 ne
2523 5339 2736 5394 modico
2759 5338 2995 5409 quidem,
3029 5337 3194 5394 nihilo
3228 5337 3487 5391 minorem
3516 5351 3644 5407 erga
3672 5351 3768 5390 nos

2172 5445 2408 5488 amorem
2441 5446 2548 5500 prae
2580 5441 2630 5486 te
2671 5431 2876 5499 tuleris,
2920 5444 3078 5500 quam
3121 5429 3208 5500 qui
3235 5428 3485 5483 diuturno
3524 5435 3768 5496 tempore

2173 5523 2451 5581 nobiscum
2485 5524 2680 5579 fuerint
2706 5523 2936 5579 educati.
2969 5522 3138 5588 Quam
3165 5521 3236 5576 ob
3261 5535 3477 5576 causam
3523 5521 3766 5589 ingentes

2173 5615 2266 5670 tibi
2293 5615 2490 5686 gratias
2514 5616 2738 5685 agimus,
2769 5624 2928 5684 teque
2954 5615 3316 5673 obsecramus,
3349 5620 3405 5663 nt
3429 5610 3492 5664 ad
3523 5625 3626 5664 nos
3655 5609 3765 5663 fre-

2171 5717 2394 5778 quvntcr
2443 5707 2664 5762 scribas.
2715 5707 3039 5762 Praisentem
3095 5706 3234 5760 cnim
3281 5703 3507 5772 teipsum
3563 5692 3766 5751 intueri
