4064 6218
274 292 457 356 ,736

347 405 632 478 δεξώμεθα
667 406 994 478 γράμματα,
1027 407 1130 462 κᾶν
1159 408 1453 480 πρὸςμύτά
1479 408 1580 479 τῆς
1600 408 1927 481 οἰκουμένης

349 497 744 569 ἀπενεχθῶμεν
763 500 830 552 τὰ
852 498 1124 569 τέρματα,
1152 498 1255 553 κᾶν
1280 501 1360 565 είς
1385 500 1719 572 ἐρημότερον
1737 499 1926 554 τούτου

352 590 569 662 χωρίον,
610 588 816 660 πολλὴν
845 588 953 642 ἀπὸ
972 589 1073 659 τῆς
1093 589 1317 662 ἀγάπης
1344 589 1499 662 ὑμῶν
1521 589 1929 661 καρπωσόμεθα

349 685 450 753 τὴν
475 680 845 753 παράκλησιν.
872 680 1038 735 Οὐδέν
1059 681 1168 751 γάρ
1186 680 1329 735 οὓτω
1349 681 1527 752 ψυχὴν
1548 682 1759 753 ἀνέχειν
1773 680 1926 753 [724]

350 773 597 836 δύναται,
628 772 723 824 καὶ
751 771 814 823 ἐν
837 770 1004 842 πολλῇ
1036 771 1299 843 καθιστᾷν
1328 772 1513 843 ἡδονῇ,
1549 772 1625 835 ὡς
1660 772 1721 825 τὸ
1753 770 1927 841 φιλεῖν

353 866 448 919 καὶ
486 862 756 933 φιλεῖσθαι
790 862 1049 933 γνησίως.
1102 864 1214 919 Καὶ⁵
1264 865 1423 917 τοῦτο
1474 860 1633 917 οἶσθα
1692 864 1926 935 μάλιστα

352 955 571 1009 πάντων
615 952 797 1016 αὐτὸς,
836 951 1025 1024 ἐπειδὴ
1069 953 1307 1024 μάλιστα
1345 955 1563 1009 πάντων
1615 955 1708 1010 καί
1753 955 1925 1025 φιλεῖν

349 1042 527 1100 οἶσθα.

598 1139 770 1191 ΣΚΔν.
807 1135 1126 1205 Μαρκιανῷ
1155 1136 1254 1191 καί
1281 1137 1695 1205 Μαρκελλίνῳ.

422 1230 489 1283 Τί
525 1228 717 1295 τοῦτο;
761 1227 949 1292 Οὕτως
983 1227 1145 1299 ἡμῶν
1172 1227 1407 1299 ἐρῶντες
1437 1228 1578 1298 (οὐδὲ
1608 1228 1716 1298 γὰρ
1746 1229 1810 1281 ἐκ
1845 1246 1927 1282 το-

352 1321 545 1377 σούτου
571 1320 917 1392 καθημένους
947 1321 977 1372 ὑ
985 1321 1102 1391 μῶν
1124 1320 1495 1391 διαστήματος
1523 1318 1710 1373 ἔλαθεν
1734 1322 1882 1391 ἡμᾶς
1897 1321 1927 1374 ὀ

350 1414 511 1487 ἔρως,
545 1413 635 1467 διὰ
665 1414 729 1467 τὸ
760 1413 991 1484 σφοδρὸς
1019 1408 1159 1466 εἶναι
1189 1413 1285 1466 καὶ
1317 1414 1757 1484 πεπυρωμένος),
1794 1420 1924 1468 κατ-

350 1505 605 1571 εδέξασθε
627 1506 809 1577 σιγᾷν,
828 1503 923 1559 καὶ
937 1504 1059 1558 οὐδέ
1087 1503 1236 1569 ἅπαξ
1261 1506 1393 1576 ἡμῖν
1418 1506 1786 1571 ἐπεστείλατε,
1809 1506 1924 1560 ἀλλ’

350 1598 584 1669 αἴνιγμα
604 1597 667 1651 τὸ
698 1599 934 1669 πρᾶγμα
966 1598 1099 1668 ἡμῖν
1131 1598 1506 1668 πεποιήκατε;
1534 1598 1668 1651 Οὐδὲ
1693 1598 1803 1668 γὰρ
1832 1599 1927 1671 ἀρ-

351 1690 525 1744 κοῦσα
545 1688 839 1761 πρόφασις,
859 1690 926 1760 ἦν
955 1687 1232 1760 ἐγράψατε
1256 1688 1662 1754 ἐπιστέλλοντες
1680 1689 1817 1760 πρὸς
1833 1692 1925 1746 τὸν

353 1780 547 1854 κύριόν
579 1798 681 1852 μου
703 1780 794 1834 τὸν
821 1779 1213 1834 εὐλαϐέστατον
1244 1780 1616 1853 πρεσϐύτερον
1633 1782 1925 1837 Κωνστάν-

297 1862 301 1865 ’
350 1888 488 1925 τιον.
528 1869 676 1941 Πλὴν
710 1868 828 1923 ἀλλ’
876 1868 1029 1922 οὐδὲν
1066 1868 1550 1941 ἀκριϐολογοῦμαι.
1599 1870 1739 1924 Ἀλλ’
1787 1871 1925 1925 ἔστω

350 1961 511 2016 τοῦτο
530 1959 705 2025 οῦτως
729 1959 873 2030 ἔχον,
899 1960 994 2013 καὶ
1021 1959 1223 2013 κείσθω
1247 1961 1347 2032 τῆς
1369 1962 1528 2032 σιγῆς
1553 1961 1755 2033 ταύτην
1785 1958 1923 2018 εἶναι

348 2053 449 2127 τὴν
478 2051 692 2108 αἰτίαν·
733 2052 846 2106 ίδοὺ
879 2051 976 2106 καὶ
1006 2052 1146 2124 αὐτὴ
1178 2053 1308 2124 ὑμῖν
1340 2053 1630 2126 ἀνῄρηται,
1671 2054 1762 2108 καὶ
1793 2057 1926 2127 πρό-

348 2164 498 2220 τεροι
528 2149 649 2211 τοῖς
685 2144 825 2218 πρὸς
857 2145 1003 2216 ὑμᾶς
1028 2144 1451 2217 ἐπεπηδήσαμεν
1490 2146 1800 2219 γράμμασι³
1825 2149 1926 2220 χά..

352 2240 509 2312 ριτάς
540 2256 601 2292 τε
638 2239 766 2309 ὑμῖν
791 2236 1175 2309 ὁμολογοῦντες
1197 2238 1298 2308 τῆς
1325 2239 1554 2310 γνησίας
1587 2239 1826 2311 ἀγάπης,
1858 2242 1925 2312 ἢν

347 2330 525 2396 οὕτως
557 2328 915 2402 ἀκμάζουσαν
941 2329 1070 2401 περὶ¹
1098 2330 1248 2400 ἡμᾶς
1274 2328 1599 2401 διατηρεῖτε,
1632 2331 1729 2385 καὶ
1755 2348 1929 2405 παρα-

347 2421 666 2491 καλοῦντες,
698 2422 862 2493 ἡνίκα
892 2421 959 2477 ἀν
986 2421 1105 2494 ἐξῇ,
1148 2422 1244 2475 καὶ
1271 2422 1604 2477 ἐπιστέλλειν
1638 2425 1768 2495 ημῖν
1798 2442 1926 2478 συν-

348 2514 513 2585 εχῶς.
548 2514 671 2567 Ὅτι
706 2513 806 2586 μὲν
832 2514 941 2586 γάρ
978 2513 1074 2567 καὶ
1121 2512 1526 2585 παραγενέσθαι
1563 2514 1795 2570 ἐνταῦθα
1827 2516 1927 2570 οὐκ

349 2606 417 2659 ἂν
451 2603 759 2675 ὠκνήσατε,
800 2605 850 2660 εί
891 2604 968 2678 μὴ
1009 2605 1079 2659 τὰ
1128 2605 1393 2677 εἰρημένα
1431 2605 1732 2678 κωλύματα
1778 2606 1927 2680 παρά

347 2695 446 2767 τῆς
486 2694 846 2766 κοσμιότητος
878 2695 1031 2767 ὑμῶν
1056 2691 1147 2767 ἦν,
1195 2697 1350 2752 οὐδὲν
1401 2698 1754 2769 ἀμφιϐάλλω·
1786 2700 1925 2771 μᾶλ-

346 2786 439 2840 λον
489 2787 547 2841 δὲ
599 2787 710 2842 ἀπὸ
755 2789 853 2861 τῆς
906 2788 1133 2860 γνώμης
1178 2788 1274 2844 καὶ
1328 2790 1717 2863 παρεγένεσθε.
1784 2779 1925 2846 Ἀλλ’

349 2878 539 2949 ἐπειδὴ
566 2877 725 2932 τοῦτο
755 2878 901 2950 ἔργῳ
938 2879 1221 2951 πληρῶσαι
1258 2880 1396 2944 τέως
1420 2883 1520 2934 οὐκ
1561 2883 1661 2949 ἔνι,
1694 2884 1792 2955 τὴν
1818 2885 1926 2938 ἀπὸ

345 2965 458 3020 τῶν
486 2966 833 3038 γραμμάτων
862 2971 994 3040 ἡμῖν
1018 2969 1284 3040 παρέχετε
1311 2970 1676 3043 παράκλησιν,
1701 2973 1768 3026 τὰ
1798 2975 1926 3044 περὶ

346 3057 451 3125 τῆς
486 3058 676 3128 ὑγείας
706 3058 861 3130 ὑμῶν
893 3059 987 3112 καὶ
1035 3058 1127 3113 τοῦ
1166 3059 1314 3113 οίκου
1345 3062 1546 3127 παντὸς
1579 3064 1928 3133 εὐαγγελιζό-

350 3166 525 3220 μενοι.
551 3150 613 3203 Εί
640 3148 751 3222 γάρ
772 3149 1001 3204 τοιαῦτα
1028 3150 1322 3222 δεξαίμεθα
1354 3154 1593 3224 συνεχῶς
1622 3156 1750 3226 παρ’
1774 3156 1927 3227 ὑμῶν

346 3238 675 3310 γράμματα,
706 3239 811 3294 κᾶν
845 3242 904 3293 ἐν
930 3241 1287 3313 χαλεπωτέρᾳ
1314 3242 1518 3316 ταύτης
1555 3246 1759 3319 ἐρημίᾳ
1793 3248 1923 3303 καθ-

346 3330 552 3401 ήμεθα,
586 3330 787 3403 πολλὴν
829 3332 938 3386 ἀπὸ
976 3332 1085 3386 τῶν
1113 3334 1415 3389 ἐπιστολῶν
1446 3335 1600 3406 ὑμῶν
1638 3338 1921 3411 καρπωσό-

347 3420 495 3493 μεθα
528 3421 627 3493 τὴν
658 3421 1024 3494 παράκλησιν.

632 3515 810 3567 ΣΚΕἏ
831 3515 1224 3580 Κωνσταντίῳ
1244 3515 1642 3586 πρεσϐυτέρῳ.

433 3601 754 3673 Ἔθαύμασα
785 3602 904 3668 πῶς
942 3604 1084 3658 οὑτω
1112 3605 1341 3677 σφοδρὸς
1368 3608 1402 3678 η
1413 3606 1529 3678 μῶν
1564 3608 1639 3662 ὢν
1667 3610 1924 3681 ἐραστὴς,

349 3696 447 3749 καὶ
479 3696 659 3751 πάντα
680 3700 854 3752 ποιεῖν
881 3698 976 3752 καὶ
1003 3698 1183 3767 λέγειν
1217 3688 1358 3773 ὑπὲρ
1390 3702 1547 3773 ἡμῶν
1576 3705 1672 3757 καὶ
1699 3703 1926 3775 πάσχειν

350 3789 873 3861 παρεσκευασμένος
909 3791 1051 3875 (οὐδὲ
1077 3792 1187 3865 γὰρ
1217 3793 1364 3864 ἡμᾶς
1393 3793 1583 3849 ἔλαθεν
1608 3812 1622 3826 ·
1654 3796 1775 3849 οὐδὲ
1817 3796 1926 3870 γάρ

349 3878 431 3932 ἔνι
464 3879 706 3950 γνησίως
735 3878 992 3949 φιλοῦντα
1018 3879 1248 3950 λαθεῖν),
1297 3882 1418 3935 οὐδέ
1448 3883 1595 3949 ἂπαξ
1630 3886 1764 3956 ἡμῖν
1803 3888 1927 3942 ἐπέ-

350 3969 586 4034 στειλας,
624 3970 717 4023 καὶ
745 3969 917 4023 ταῦτα
946 3970 1174 4042 πλησίον
1206 3972 1452 4028 ἐλθοῦσιν
1488 3974 1663 4045 ὑμῶν,
1706 3977 1801 4030 καὶ
1830 3978 1924 4030 τοῦ

347 4059 532 4130 τιμίου
565 4076 656 4131 μοι
675 4061 771 4114 καὶ
789 4061 1133 4129 ἐνδοξοτάτου
1156 4062 1388 4133 ἀδελφοῦ
1416 4066 1672 4121 Δι6ανίου
1693 4067 1927 4124 ἐνταῦθα

350 4150 678 4221 ἀφιγμένου.
726 4152 838 4204 Καὶ
884 4152 1059 4205 ταῦτα
1112 4155 1212 4207 οὑκ
1262 4154 1529 4224 ἐγκαλῶν,
1580 4157 1697 4211 ἀλλ’
1742 4158 1925 4228 ἀλγῶν

349 4238 518 4308 λέγω.
561 4240 782 4313 Ἐπειδὴ
814 4241 921 4313 γὰρ
952 4244 1156 4316 σφόδρα
1178 4245 1459 4318 διάκειμαι
1490 4249 1618 4321 περὶ
1646 4250 1743 4322 τὴν
1764 4252 1926 4306 εὐλά-

350 4330 504 4384 ϐειαν
539 4331 712 4403 ὑμῶν,
756 4333 824 4386 δι’
873 4333 1060 4405 ἕτερον
1108 4337 1205 4407 μὲν
1248 4338 1422 4405 οὐδὲν,
1459 4340 1541 4394 ὃτι
1592 4341 1649 4396 δέ
1690 4360 1782 4396 σου
1828 4345 1926 4416 τῆς

349 4420 533 4491 ψυχῆς
561 4422 819 4492 φροντίδα
864 4427 1038 4488 ποιεῖς
1071 4424 1210 4495 μετά
1251 4438 1278 4467 ι
1313 4429 1493 4499 πάσης
1522 4433 1621 4500 τῆς
1667 4433 1921 4505 σπουδῆς,

351 4512 447 4566 καὶ
475 4512 641 4585 λιμὴν
684 4511 735 4567 εί
768 4515 948 4579 κοινὸς
983 4516 1091 4570 τῶν
1120 4519 1178 4571 ἐν
1207 4519 1474 4588 ἀνάγκαις
1500 4521 1689 4587 ὄντων,
1734 4525 1924 4579 πενίαν

348 4601 512 4667 λύων,
531 4604 758 4677 χηρείαν
782 4605 1183 4677 διορθούμενος,
1203 4611 1468 4680 ὀρφανίαν
1489 4613 1718 4684 ἀνέχων,
1747 4616 1924 4681 κοινὸς

348 4694 533 4765 πατὴρ
566 4695 820 4749 ἁπάντων
848 4694 945 4761 ὣν,
977 4697 1171 4751 τούτου
1203 4700 1365 4770 χάριν
1395 4701 1600 4772 σφόδρα
1632 4721 1726 4757 σου
1756 4706 1920 4778 ἐρῶν,

352 4782 447 4837 καὶ
500 4786 807 4856 γράμματα
844 4786 997 4859 παρά
1048 4789 1150 4859 τῆς
1191 4790 1290 4861 σῆς
1338 4792 1624 4859 εὐλαϐείας
1674 4794 1922 4869 δέχεσθαι

351 4879 625 4952 ἐπιθυμῶ.
677 4881 829 4935 Δίδου
879 4882 945 4953 δὴ
992 4882 1197 4954 ταύτην
1258 4886 1389 4956 ημῖν
1440 4887 1541 4958 τὴν
1597 4889 1779 4961 χάριν,
1827 4894 1924 4947 καὶ

350 4970 632 5042 ἔμπλησον
657 4971 813 5042 ήμῶν
842 4972 942 5044 τὴν
962 4973 1274 5045 ἐπιθυμίαν.
1304 4976 1378 5029 Οὐ
1406 4977 1515 5049 γὰρ
1535 4978 1632 5051 τὴν
1655 4982 1924 5053 τυχοῦσαν

353 5062 758 5134 καρταυσόμεθα
801 5064 1178 5136 παράκλησιν,
1240 5066 1335 5119 καὶ
1388 5067 1561 5123 ταῦτα
1614 5072 1673 5125 ἐν
1718 5075 1924 5149 ἐρημίᾳ

348 5153 743 5225 διατρίϐοντες,
789 5154 857 5209 ἀν
889 5157 989 5228 τῆς
1028 5156 1288 5227 ποθεινῆς
1333 5175 1427 5212 σου
1470 5162 1565 5215 καὶ
1607 5162 1787 5237 ψυχῆς
1829 5172 1924 5224 καὶ

344 5245 536 5317 χειρὸς
563 5245 844 5318 δεξώμεθα
884 5246 1209 5319 γράμματα,
1240 5252 1367 5322 περὶ
1386 5252 1485 5324 τῆς
1514 5258 1612 5325 σῆς
1645 5259 1923 5327 ἀπαγγέλ-

348 5332 513 5389 λοντα
538 5337 749 5405 ὑγείας,
781 5339 875 5393 καὶ
899 5338 994 5392 τοῦ
1022 5340 1172 5396 οἴκου
1208 5359 1301 5395 σου
1329 5344 1548 5408 παντός.

475 5424 627 5499 [725]
663 5429 852 5496 ΣΚΕΓ.
890 5428 1210 5497 Μαρκιανῷ
1248 5428 1346 5486 καὶ
1386 5434 1794 5500 Μαρκελλίνῳ.

434 5518 692 5574 Ἐλύσατε
718 5521 849 5591 ἡμῖν
874 5519 936 5573 τὸ
972 5521 1224 5593 αἴνιγμα.
1256 5522 1378 5576 Ὅτι
1401 5521 1511 5594 γάρ
1530 5524 1630 5577 οὐκ
1657 5527 1814 5597 ἤρκει
1844 5531 1924 5594 εἰς

419 5659 441 5680 ⁸
460 5671 587 5722 Tres
603 5685 718 5722 mss.
744 5674 816 5722 ὅτι
852 5674 905 5724 δέ
927 5690 1003 5724 σοι
1021 5681 1105 5735 τῆς
1125 5678 1278 5741 ψυχῆς
1301 5680 1429 5741 μέλει
1450 5686 1533 5740 τῆς
1556 5688 1642 5739 σῆς
1663 5684 1798 5744 μετά.

1790 289 2177 347 ΕΡΙΞΤΟΙΑΕ.

3500 287 3608 341 758

1996 477 2003 487 η
2040 410 2402 482 ἀπολογίανή
2456 411 2749 482 ἐγκειμένη
2795 410 2915 463 τότε
2964 409 3257 480 πρόφασις,
3306 406 3459 459 αὐτοὶ
3510 404 3609 460 νῦν

2036 503 2366 575 ἐδηλώσατε,
2393 505 2466 576 μὴ
2491 504 2774 575 δεξάμενοι
2789 504 3120 574 γράμματα,
3140 500 3234 553 καὶ
3260 495 3608 569 πρότεροιτῷ

2034 597 2267 669 γράφειν
2299 596 2756 669 ἐπιπηδήσαντες.
2797 594 3032 664 Τοιαύτη
3064 592 3174 663 γὰρ
3198 594 3297 662 τῆς
3325 592 3545 661 ἀγάπης
3570 591 3604 660 ἡ

2034 688 2224 759 φύσις·
2268 689 2369 743 οὐκ
2416 690 2667 759 ἀνέχεται
2715 689 2891 758 σιγᾷν,
2939 684 3076 740 ἀλλὰ
3118 684 3222 737 κᾶν
3269 681 3607 751 θρασύτητος

2036 779 2208 851 μέλλῃ
2240 778 2544 858 κρίνεσθαι,
2577 778 2640 832 τὸ
2659 778 2830 848 αὐτῆς
2863 776 3080 847 πληροῖ.
3126 774 3315 844 Ἡμεῖς
3339 772 3397 824 δὲ
3420 769 3610 824 τοσοῦ-

2030 886 2125 923 τον
2158 869 2435 942 ἀπέχομεν
2460 868 2553 922 τοῦ
2583 867 2897 940 γράψασθαι
2927 868 3071 938 ὑμᾶς
3106 864 3195 920 διὰ
3225 865 3285 922 τὸ
3306 862 3607 936 προτέρους

2033 960 2355 1025 ἐπιστεῖλαι,
2390 961 2472 1014 ὅτι
2516 957 3028 1028 καὶηστεφανοῦμεν
3069 957 3208 1027 ὑπὲρ
3261 955 3475 1015 τούτου,
3513 953 3610 1006 καὶ

2032 1052 2503 1125 ἀνακηρύττομεν,
2526 1052 2621 1106 καὶ
2641 1051 2735 1105 νῦν
2767 1050 2999 1122 μάλιστα
3019 1051 3146 1112 τοὺς
3169 1048 3425 1120 γνησίους
3450 1045 3609 1117 ἡμῶν

2033 1143 2280 1215 ἔγνωμεν
2316 1143 2574 1215 ἐραστὰς,
2608 1145 2709 1197 οὐκ
2752 1142 2861 1198 ἀπὸ
2887 1141 2982 1197 τοῦ
3012 1141 3220 1212 γράψαι
3254 1141 3434 1211 μόνον,
3470 1138 3609 1192 ἀλλὰ

2032 1237 2128 1290 καὶ
2158 1236 2267 1290 ἀπὸ
2291 1237 2387 1291 τοῦ
2416 1237 2713 1310 προτέρους
2738 1236 2969 1308 γράψαι.
3003 1234 3206 1297 Ἱκανὸς
3227 1233 3283 1286 δὲ
3305 1234 3333 1285 ὀ
3359 1231 3490 1294 Θεὸς
3511 1232 3606 1284 καὶ

2030 1329 2131 1401 τῆς
2163 1330 2474 1401 ἀρρωστίας
2509 1331 2653 1401 ὑμᾶς
2682 1328 3011 1393 ἀπαλλάξαι,
3048 1325 3143 1380 καὶ
3189 1324 3326 1397 πρὸς
3359 1320 3606 1392 καθαρὰν

2034 1421 2224 1490 ὑγείαν
2248 1423 2636 1490 ἐπαναγαγεῖν,
2668 1421 2762 1474 καὶ
2789 1419 2975 1474 δοῦναι
3002 1416 3253 1472 εὐκολίαν
3287 1415 3484 1484 πολλὴν
3514 1415 3608 1466 καὶ

2031 1511 2133 1581 τῆς
2157 1512 2278 1564 κατ’
2313 1511 2434 1581 δψιν
2477 1513 2609 1581 ἡμῖν
2658 1509 2977 1571 συνουσίας·
3015 1502 3215 1577 ἱκανὴν
3252 1504 3348 1575 μὲν
3379 1503 3473 1557 καὶ
3511 1501 3609 1556 νῦν

2033 1601 2397 1673 καρπούμεθα
2446 1601 2793 1673 παράκλησιν
2841 1600 2948 1653 ἀπὸ
2976 1597 3207 1667 γνησίας
3256 1595 3397 1648 οὑτω
3428 1593 3608 1663 ψυχῆς

2032 1692 2309 1762 δεχόμενοι
2353 1692 2693 1763 γράμματα·
2737 1686 3110 1758 ἐπιθυμοῦμεν
3157 1685 3215 1739 δὲ
3262 1684 3355 1737 καὶ
3390 1679 3609 1752 ἐκείνης

2028 1784 2129 1854 τῆς
2166 1784 2476 1854 συντυχίας,
2501 1779 2569 1855 ἧς
2599 1782 2811 1852 γένοιτο
2844 1778 2985 1852 μετά
3032 1776 3226 1832 πολλοῦ
3272 1774 3368 1830 τοῦ
3411 1774 3607 1845 τάχους

2031 1877 2180 1946 ἡμᾶς
2247 1875 2591 1940 ἀπολαῦσαι,
2659 1873 2803 1926 ὥστε
2835 1870 3121 1943 ’μεγίστην
3177 1869 3324 1940 ἡμᾶς
3379 1868 3609 1936 ἀγαγεῖν

2031 1968 2243 2041 ἑορτήν.

2546 2062 2724 2116 ΣΚΖ’.
2764 2057 3069 2128 Καρτερία.

2100 2154 2166 2207 Τί
2198 2154 2336 2225 φής;
2389 2153 2456 2207 Αἱ
2499 2155 2744 2224 συνεχεῖς
2772 2152 3074 2225 ἀρρωστίαι
3112 2150 3172 2203 οὐ
3222 2145 3607 2219 συνεχώρησάν

2031 2262 2114 2299 σοι
2143 2244 2549 2317 παραγενέσθαι
2580 2244 2716 2316 πρὸς
2755 2246 2936 2316 ἡμᾶςς
2981 2243 3175 2297 Καίτοι
3200 2240 3605 2312 παραγέγονας.

2030 2340 2126 2394 καὶ
2168 2338 2288 2409 μεθ’
2316 2337 2476 2410 ἡμῶν
2518 2334 2591 2402 εἴ,
2629 2338 2726 2391 καὶ
2756 2336 2865 2391 ἀπὸ
2892 2336 2991 2407 τῆς
3018 2333 3244 2404 γνώμης
3274 2348 3368 2384 σου
3408 2329 3472 2382 τὸ
3500 2329 3608 2382 πᾶν

2030 2428 2440 2500 ἀπειλήφαμεν,
2477 2428 2574 2481 καὶ
2594 2427 2751 2481 οὐδέν
2779 2443 2863 2480 σοι
2899 2426 3039 2495 ὑπὲρ
3064 2423 3269 2476 τούτων
3314 2418 3609 2487 ἀπολογίας

2029 2520 2130 2574 δεῖ.
2182 2519 2508 2598 Ἀρκεῖγάρ
2543 2520 2576 2591 ἡ
2609 2519 2787 2591 θερμή
2829 2535 2924 2572 σου
2971 2518 3067 2571 καὶ
3095 2514 3295 2586 γνησία
3327 2512 3540 2583 ἀγάπη,
3572 2512 3607 2581 ὴ

2030 2609 2205 2674 οὓτως
2233 2611 2559 2683 ἀκμάζουσα
2585 2609 2868 2681 διηνεκῶς,
2899 2609 3020 2664 ἀντὶ
3040 2607 3240 2679 πολλῆς
3269 2602 3607 2675 εὐφροσύνης

2032 2704 2165 2774 ἡμῖν
2210 2701 2487 2772 γενέσθαι.
2535 2700 2675 2754 Ἀλλ’
2715 2699 2903 2771 ἐπειδὴ
2952 2699 3053 2752 οὐκ
3084 2700 3164 2761 εἰς
3195 2695 3294 2767 τὴν
3335 2693 3608 2765 τυχοῦσαν

2032 2794 2288 2864 φροντίδα
2304 2795 2453 2865 ἡμᾶς
2477 2793 2746 2856 ἐνέϐαλες,
2774 2790 3024 2863 περὶτῆς
3049 2787 3358 2863 ἀρρωστίας
3379 2783 3610 2840 εἰποῦσα

2030 2888 2129 2957 τῆς
2165 2886 2288 2957 σῆς,
2314 2885 2394 2948 ,εί
2429 2902 2493 2954 γε
2527 2885 2731 2956 ταύτης
2775 2882 3151 2955 ἀπαλλαγείης
3194 2884 3400 2955 (ἱκανὸς
3445 2884 3553 2954 γὰρ
3579 2886 3608 2934 ο

2030 2980 2164 3043 Θεὸς
2194 2977 2501 3044 ἀπαλλάξαι
2541 2994 2625 3041 σε,
2661 2977 2755 3030 καὶ
2793 2976 2930 3047 πρὸς
2985 2975 3173 3044 ὑγείαν
3201 2975 3447 3046 καθαρὰν
3505 2976 3607 3026 ἐπ-
3706 3022 3715 3035 η

2033 3070 2379 3140 ἀναγαγεῖν),
2398 3068 2458 3135 ἐξ
2473 3068 2653 3139 αὐτῆς»
2670 3070 2798 3140 ἡμῖν
2821 3068 3083 3139 δήλωσον,
3103 3065 3244 3121 ὥστε
3265 3068 3411 3137 ἡμᾶς
3430 3066 3609 3121 ἁπαλ-

2030 3160 2264 3232 λαγῆναι
2298 3160 2399 3229 τῆς
2428 3158 2729 3231 φροντίδος.
2767 3158 2943 3229 Ὅπερ
2968 3156 3078 3227 γὰρ
3111 3156 3197 3210 ἀεῖ
3239 3156 3466 3227 γράφων
3495 3156 3611 3227 ἐδή-

2031 3252 2201 3317 λωσα,
2248 3249 2406 3304 τοῦτο
2436 3249 2530 3303 καὶ
2557 3248 2652 3302 νῦν
2694 3246 2858 3318 δηλῶ,
2894 3247 2998 3312 ὅτι,
3030 3248 3273 3319 ὅπουπερ
3317 3247 3385 3301 ἀν
3434 3241 3607 3318 ὦμεν,

2032 3343 2133 3398 κᾶν
2173 3344 2253 3407 είς
2290 3342 2624 3413 ἐρημότερον
2649 3339 2840 3394 τούτου
2875 3340 3074 3412 χωρίον
3103 3338 3514 3412 ἀπενεχθῶμεν,
3547 3341 3609 3394 σέ

2032 3434 2127 3488 καὶ
2155 3432 2225 3487 τὰ
2256 3433 2327 3487 σά
2372 3428 2756 3504 μεριμνῶντες
2784 3432 2845 3485 οὐ
2885 3430 3337 3503 διαλιμπάνομεν.
3372 3431 3611 3485 Τοιαῦτα

2031 3529 2162 3599 ἡμῖν
2203 3527 2437 3598 ἐνέχυρα
2483 3526 2585 3596 τῆς
2616 3526 2826 3599 θερμῆς
2864 3526 2959 3580 καὶ
2988 3527 3217 3598 γνησίας
3246 3543 3339 3580 σου
3387 3527 3650 3601 ἀγάπης(

2030 3617 2316 3683 ἐναπέθου,
2365 3618 2509 3688 ἆπερ
2552 3616 2807 3670 οὐδέποτε
2848 3617 3140 3688 σϐεσθῆναι
3186 3603 3427 3680 δύναται,
3487 3620 3610 3673 οὐδὲ

2031 3709 2520 3781 καταμαρανθῆναι
2563 3708 2642 3781 τῷ
2687 3708 2896 3781 χρόνῳ·
2942 3708 3082 3764 ἀλλά
3117 3708 3221 3764 κᾶν
3251 3710 3478 3781 πλησίον
3509 3725 3608 3763 σου

2030 3796 2179 3873 ὦμεν
2211 3802 2310 3872 τῆς
2343 3800 2643 3870 εὐγενείας,
2675 3799 2778 3854 κᾶν
2809 3800 3115 3873 πόρρωθεν,
3146 3802 3233 3854 ἀεὶ
3261 3800 3607 3871 διαφυλάττο-

2033 3910 2133 3965 μεν
2172 3894 2273 3964 τὴν
2322 3893 2491 3965 αὐτὴν
2538 3893 2780 3965 ἀγάπην,
2828 3894 3031 3959 εἰδότες
3062 3894 3123 3949 τὸ
3167 3895 3194 3935 ιι
3249 3898 3472 3967 γνήσιον
3511 3897 3609 3950 καὶ

2030 3985 2322 4057 εἰλικρινὲς
2353 3986 2453 4057 τῆς
2483 3985 2774 4050 διαθέσειῖκ
2813 4003 2930 4051 σου,
2959 3981 3027 4058 ἧς
3054 3986 3347 4052 διαπαντὸς
3376 3987 3610 4046 ἀπελαύ-

2033 4093 2208 4147 σαμεν
2236 4076 2329 4131 τοῦ
2368 4077 2583 4150 χρόνου.

2422 4193 2603 4246 ΣΚΗν.
2647 4190 2924 4262 Θεοδώρῳ
2948 4191 3125 4262 ἰατρῷ
3151 4206 3200 4250 ι.

2059 4278 2074 4286 ’
2102 4282 2276 4351 Αὐτὸς
2304 4283 2405 4354 μὲν
2428 4283 2508 4346 είς
2537 4280 2635 4354 τὴν
2657 4281 2767 4337 τῶν
2787 4286 3130 4355 πραγμάτων
3145 4286 3410 4357 ἀσχολίαν
3438 4304 3607 4340 κατα-

2031 4376 2272 4446 φεύγεις,
2300 4376 2395 4430 καὶ
2415 4375 2712 4445 ἀπολογίαν
2738 4376 2988 4431 ἐντεῦθεν
3007 4377 3254 4447 ὑφαίνεις
3280 4378 3373 4432 τοῦ
3403 4379 3477 4449 μὴ
3500 4395 3607 4433 πα-

2034 4466 2387 4540 ραγενέσθαι·
2417 4466 2528 4537 ἐγὼ
2554 4466 2613 4521 δὲ
2657 4464 2811 4538 οἶμαι
2861 4468 3016 4522 οὐδὲν
3059 4468 3265 4525 τούτων
3299 4487 3359 4523 σε
3391 4470 3601 4525 δεῖσθαι

2027 4559 2136 4613 τῶν
2168 4558 2363 4630 λόγων.
2402 4561 2515 4613 Καὶ
2555 4559 2665 4633 γὰρ
2706 4559 3111 4631 παραγέγονας,
3139 4562 3234 4616 καὶ
3281 4561 3391 4616 τῶν
3419 4563 3606 4633 ἀφικο-

2032 4653 2209 4725 μένων
2242 4652 2380 4725 πρὸς
2419 4653 2568 4723 ἡμᾶς
2603 4652 2755 4707 οὐδὲν
2780 4653 2997 4707 ἔλαττον
3034 4654 3181 4725 ἔχεις
3210 4654 3351 4708 κατὰ
3383 4655 3474 4708 τὸν
3500 4655 3604 4725 τῆς

2028 4743 2248 4814 ἀγάπης
2285 4741 2441 4808 λόγον
2466 4758 2478 4769 ·
2525 4742 2633 4796 ἀπὸ
2660 4742 2770 4815 γὰρ
2805 4743 2903 4813 τῆς
2935 4742 3162 4815 γνώμης
3205 4761 3267 4803 σε
3296 4746 3605 4817 ἀνακηρύτρ

2028 4849 2212 4898 τοντες
2246 4834 2448 4905 ὁμοίως
2492 4830 2657 4906 [726}
2688 4834 2937 4898 ἐκείνοις,
2986 4838 3067 4899 είς
3104 4837 3231 4899 τοὺς
3259 4836 3511 4907 πρώτους
3544 4855 3604 4892 σε

2026 4922 2137 4976 τῶν
2186 4923 2357 4994 φίλων
2400 4924 2706 4995 γράφομεν,
2742 4925 2837 4979 καί
2889 4942 2971 4979 σοι
3013 4927 3244 4998 χάριτας
3293 4927 3472 5000 ἴσμεν,
3521 4931 3604 4985 ὅτι

2027 5015 2182 5084 ὀλίγα
2225 5015 2622 5086 συγγενόμενος
2655 5016 2809 5086 ἡμῖν,
2841 5016 2984 5087 τάχα
3021 5018 3081 5072 δὲ
3120 5018 3228 5073 οὐδ’
3274 5019 3452 5090 ὀλίγα,
3494 5023 3605 5077 τῶν

2030 5107 2197 5164 πολὺν
2220 5109 2354 5179 ἡμῖν
2389 5109 2803 5181 συντραφέντων
2827 5110 3019 5182 χρόνον
3047 5112 3149 5166 οὐκ
3186 5111 3447 5169 ἐλάττονα
3475 5119 3606 5188 περὶ

2028 5199 2177 5270 ἡμᾶς
2228 5196 2602 5252 ἐπιδείκνυσαι
2637 5198 2838 5270 ἔρωτα.
2885 5199 2985 5253 Διά
3030 5200 3328 5257 ταῦτάρσοι
3372 5204 3604 5277 χάριτας

2029 5294 2189 5364 ἴσμεν
2230 5291 2451 5356 πολλὰς,
2492 5292 2585 5346 καί
2628 5310 2690 5347 σε
2732 5294 3164 5366 παρακαλοῦμεν
3197 5298 3437 5370 συνεχῶς
3471 5302 3605 5371 ἡμῖν

2028 5385 2383 5440 ἐπιστέλλειν.
2435 5384 2841 5457 Ἐπιθυμοῦμεν
2883 5387 2990 5458 γὰρ
3030 5388 3194 5444 αὐτὸν
3248 5390 3493 5462 παρόντα
3539 5409 3600 5445 σε

2030 5476 2331 5533 θεάσασθαι
2355 5496 2370 5510 ·
2388 5477 2505 5532 ἀλλ’
2528 5478 2615 5533 ἵνα
2640 5479 2714 5551 μὴ
2736 5480 2966 5545 πολλοὺς
2989 5481 3341 5555 ἀδικήσωμεν
3364 5485 3488 5547 τοὺς
3509 5487 3604 5537 καὶ

2090 5566 2119 5607 ιι
2144 5568 2278 5632 Sic};
2296 5566 2482 5619 Savilio
2523 5576 2820 5620 correctum.
2856 5569 3053 5620 Edilum
3106 5572 3258 5622 fuerat
3305 5575 3454 5625 ὅτιτὸ
3488 5585 3610 5632 ρει·-

2028 5641 2215 5692 peram.
2237 5630 2374 5679 Ευιτ.

2094 5693 2115 5721 ε
2144 5691 2295 5741 Valic.
2322 5698 2374 5743 cl
2396 5692 2540 5745 Coisl.
2570 5693 2800 5756 Θεοδώρῳ
2816 5694 3076 5757 ἀρχιατρῷ.
