4064 6218
466 289 574 352 ⁸157

470 411 576 463 τῶν
602 407 799 481 χειρῶν
825 409 939 462 τῶν
974 426 1082 464 σων
1111 408 1207 464 καὶ
1234 409 1334 481 τῆς
1361 408 1608 485 γλώττης
1640 412 1928 484 δεομένους
1946 413 2044 483 τῆς

471 499 593 568 σῆς,
641 498 740 554 καὶ
773 500 1029 552 τοσοῦτον
1063 500 1250 564 αὐτοῖς
1282 502 1693 576 προσχώσωμεν
1721 505 1934 576 λιμένα,
1983 505 2046 558 οὐ

467 589 757 662 τολμῶμεν
789 590 1029 644 ἐνταῦθά
1070 608 1129 644 σε
1167 592 1418 649 ἑλκύσαι.
1474 596 1614 649 Ἀλλ’
1646 598 1806 668 ἡνίκα
1838 596 1904 651 ἂν
1929 595 2044 668 ἐξῇ,

467 683 895 754 παρακαλοῦμεν
923 683 1162 753 συνεχῶς
1189 687 1321 756 ἡμῖν
1343 687 1679 741 ἐπιστέλλειν
1708 688 1804 743 καὶ
1829 688 1897 744 τά
1917 689 2045 760 περὶ

465 772 562 841 τῆς
601 771 791 840 ὑγείας
829 772 931 842 τῆς
966 773 1068 842 σῆς
1120 772 1592 844 εὐαγγελίζεσθαι.
1627 777 1784 832 Οὐτω
1815 779 1925 850 γὰρ
1949 779 2044 834 καὶ

466 864 748 935 πόρρωθεν
775 864 927 928 ὄντες
958 866 1160 938 πολλὴν
1187 868 1596 940 καρπωσόμεθα
1626 868 1724 939 τὴν
1764 870 2045 941 παράκλη-

463 971 568 1016 σιν,
600 955 666 1008 ἂν
694 957 951 1020 τοιαύτας
977 957 1261 1030 δεχώμεθα
1299 960 1453 1030 παρὰ
1489 961 1590 1031 τῆς
1616 962 1717 1032 σῆς
1748 962 2044 1033 ἐμμελείας

460 1047 773 1112 ἐπιστολάς.

1031 1146 1208 1197 ΣΚθθ.
1250 1145 1504 1214 Σευήρᾳ.

543 1249 684 1318 Ἐγὼ
720 1252 820 1322 μέν
850 1271 947 1306 σου
967 1255 1065 1325 τὴν
1091 1255 1378 1322 εὐγένειαν
1404 1250 1545 1309 εἶδον
1577 1255 1832 1310 οὐδέποτε
1858 1263 2044 1329 σωμαι

459 1341 632 1403 τικοῖς
653 1339 976 1414 ὀφθαλμοῖς,
990 1347 1105 1408 τοῖς
1125 1345 1182 1398 δέ
1213 1348 1305 1417 τῆς
1327 1346 1548 1418 ἀγάπης
1572 1347 1789 1401 πάντων
1809 1348 2041 1419 μάλιστα

459 1429 806 1503 ἐθεασάμην
849 1435 1170 1508 ἐπειδήπερ,
1223 1437 1329 1490 κᾶν
1371 1437 1508 1490 πολὺ
1548 1439 1609 1492 τὸ
1643 1442 1807 1510 μέσον
1931 1440 2041 1496 τῶν

457 1521 864 1592 διαστημάτων,
890 1526 1095 1596 ταύτην
1127 1527 1380 1582 οὐδέποτε
1410 1531 1640 1601 διείργει
1666 1532 1764 1603 τὴν
1786 1531 2036 1602 Θεωρίαν.

469 1616 526 1668 Ὀ
545 1615 654 1687 γὰρ
688 1616 878 1688 κύριός
912 1637 1015 1689 μου
1040 1623 1068 1674 ό
1101 1621 1490 1686 ποθεινότατος
1516 1623 1771 1688 Λιϐάνιος
1797 1624 2040 1696 ὑπογρά-

455 1721 572 1770 φων
598 1707 733 1776 ἡμῖν
755 1707 847 1760 τὸν
873 1707 1035 1780 ζῆλον
1063 1712 1164 1781 τῆς
1200 1711 1300 1782 σῆς
1332 1710 1635 1780 εὐγενείας,
1661 1713 1752 1766 τδν
1773 1714 1913 1785 ὑπὲρ
1938 1715 2040 1784 τῆς

453 1793 619 1865 ὀρθῆς
657 1797 932 1864 πίστεως,
965 1801 1058 1854 καὶ
1087 1800 1190 1871 τὴν
1225 1803 1484 1874 σπουδὴν,
1523 1804 1726 1875 σφόδρα
1767 1806 1916 1876 ἡμᾶς
1941 1806 2038 1859 ἀν·-

451 1883 751 1956 επτὲρωσε.
784 1888 875 1940 Διὸ
904 1890 997 1956 καὶ
1021 1891 1290 1961 μηδέποτέ
1319 1909 1378 1945 σε
1405 1894 1732 1964 ἑωρακότες,
1765 1895 2041 1967 ἐπεπηδὴ-

454 1990 628 2045 σαμεν
654 1975 861 2046 πρῶτοι
880 1981 992 2041 τοῖς
1016 1979 1152 2050 πρὸς
1168 1981 1266 2050 τὴν
1291 1981 1390 2051 σὴν
1420 1981 1708 2034 εὐλάϐειαν
1725 1981 2036 2052 γράμμασι.

453 2065 902 2138 παρακαλοῦντες
931 2070 1028 2125 καὶ
1051 2071 1223 2141 αὐτὴν
1257 2072 1389 2142 ἡμῖν
1417 2072 1758 2126 ἐπιστέλλειν
1787 2073 1950 2143 ἡνίκα
1972 2073 2038 2126 ἂν

449 2157 567 2228 ἐξῇ.
600 2158 664 2210 Εί
693 2158 804 2230 γὰρ
831 2160 974 2214 ἐλθοι
1007 2163 1160 2232 παρὰ
1188 2163 1291 2232 τῆς
1323 2164 1422 2234 σῆς
1453 2163 1752 2235 ἐμμελείας
1780 2163 2037 2236 ἐπιστολὴ

449 2249 871 2318 ἀπαγγέλλουσα
900 2253 1031 2322 ἡμῖν
1073 2253 1142 2307 τά
1168 2255 1298 2326 περὶ
1325 2254 1425 2325 τῆς
1464 2255 1650 2324 ὑγείας
1680 2273 1793 2319 σου,
1818 2256 1912 2310 καὶ¹
1941 2257 2036 2310 τοῦ

448 2337 600 2393 οίκου
633 2357 726 2394 σου
763 2343 987 2407 παντὸς,
1023 2344 1310 2416 μεγίστην,
1348 2347 1444 2400 καὶ
1469 2349 1527 2401 ἐν
1550 2348 1810 2421 ἀλλοτρίᾳ
1833 2351 2039 2422 διατρί-

450 2431 662 2495 ϐοντες,
693 2425 946 2488 ἐντεῦθεν
987 2437 1404 2508 καρπωσόμεθα
1451 2450 1479 2481 ι
1527 2441 1629 2512 τὴν
1669 2443 2034 2514 παράκλησιν.

463 2521 706 2594 Ἀγάπης
728 2522 840 2595 γάρ
866 2523 980 2578 ῐσον
1005 2525 1183 2580 οὐδέν.

819 2639 952 2692 ΣΛ’.
1009 2638 1292 2705 Ἐλπιδίῳ
1323 2640 1651 2710 ἐπισκόπῳ.

519 2723 728 2790 Πολλὰς
762 2724 874 2796 ἔχω
908 2726 1143 2798 χάριτας
1167 2728 1247 2800 τῷ
1295 2730 1470 2801 κυρίῳ
1525 2748 1627 2802 μου
1675 2731 1754 2804 τῷ
1801 2734 2036 2790 ποθεινο⁶

447 2816 593 2887 τάτῳ
619 2816 882 2890 Λιϐανίῳ,
909 2819 993 2872 ὅτι
1025 2819 1120 2872 καὶ
1148 2819 1360 2876 οἴκοθεν
1409 2821 1632 2895 ἀνέστη,
1668 2824 1763 2878 καὶ
1802 2825 2035 2881 ἐνταῦθα

449 2906 804 2976 παρεγένετο,
833 2907 929 2960 καὶ
977 2907 1144 2962 πάλιν
1171 2908 1308 2979 πρὸς
1344 2909 1445 2980 τὴν
1486 2909 1586 2982 σὴν
1621 2911 1908 2967 εὐλάϐειαν
1935 2915 2036 2983 ἀφ-

451 2998 618 3063 ίκετο,
641 2999 736 3052 καὶ
757 2997 932 3065 τούτῳ
971 2999 1250 3069 μάλισταὶδ
1273 3000 1502 3070 χάριτας
1531 3000 1678 3072 αὐτῷ
1704 2999 1842 3059 οἶδα.
1885 3004 2037 3074 Ἐμοὶ

448 3089 557 3161 γάρ
579 3091 728 3142 πᾶσα
756 3089 984 3162 σπουδὴ,
1003 3108 1054 3142 τι
1063 3091 1168 3160 μῆς
1203 3108 1260 3142 σε
1306 3091 1400 3144 καὶ
1425 3091 1723 3164 θεραπείας
1742 3095 2035 3151 ἀπολαύειν

447 3179 666 3250 ἀπάσης
700 3179 852 3250 παρά
883 3180 1103 3234 πάντων
1121 3197 1134 3210 ·
1159 3181 1258 3234 οὐκ
1299 3183 1490 3253 ἐπειδὴ
1518 3184 1669 3254 αὐτῷ
1713 3187 1797 3238 σοὶ
1825 3186 2034 3240 τούτων

446 3273 544 3338 δεῖ,
567 3270 679 3326 ἀλλ’
704 3271 890 3344 ἐπειδὴ
906 3271 1063 3326 τοῦτο
1091 3271 1361 3344 συμφέρει
1386 3275 1504 3337 ταῖς
1529 3274 1896 3346 Ἐκκλησίαις,
1917 3281 2034 3341 ταῖς

447 3380 508 3416 τε
541 3363 987 3436 χειμαζομέναις,
1027 3367 1147 3427 ταῖς
1171 3381 1229 3418 τε
1263 3365 1637 3436 ἀχειμάστοις.
1679 3369 2035 3441 Ἀποδεχόμε-

447 3474 536 3520 νος
567 3455 746 3510 τοίνυν
768 3457 929 3510 αὐτὸν
954 3457 1053 3527 τῆς
1083 3455 1314 3520 εὐνοίας,
1348 3457 1583 3512 δέσποτά
1607 3476 1708 3529 μου
1736 3460 2032 3530 τιμιώτατε

449 3547 542 3600 καὶ
564 3545 965 3616 θεοφιλέστατε,
997 3547 1090 3599 καὶ
1123 3547 1302 3601 πάντα
1330 3549 1457 3618 παρ’
1489 3548 1654 3602 αὐτοῦ
1686 3549 1870 3620 μαθὼν
1896 3550 2032 3621 μετά

449 3634 755 3707 ἀκριϐείας,
791 3634 860 3688 τά
893 3631 951 3688 τε
983 3637 1041 3689 ἐν
1083 3635 1404 3707 Ἀντιοχείᾳ,
1430 3637 1523 3690 καλ⁸
1553 3638 1619 3690 τὰ
1644 3638 1887 3710 ἡμέτερα
1917 3641 2034 3697 (καὶ

451 3726 557 3798 γὰρ
591 3727 687 3780 καὶ
725 3725 900 3781 ταῦτα
933 3727 1069 3796 ἐρεῖ,
1108 3727 1288 3796 ὀλίγον
1325 3728 1424 3798 μὲν
1471 3730 1602 3799 ἡμῖν
1641 3732 2034 3801 συγγενόμενος

449 3817 656 3889 χρόνον,
707 3817 892 3889 μαθὼν
933 3817 990 3871 δέ
1036 3818 1186 3882 ὅπως
1215 3818 1518 3890 διάγομεν),
1568 3819 1847 3891 ἔκπεμψον
1872 3821 2032 3875 αὐτὸν

449 3907 708 3977 χαίροντα
736 3908 829 3962 καὶ
855 3909 1303 3980 εὐφραινόμενον.
1329 3911 1438 3963 Καὶ
1462 3909 1571 3978 γὰρ
1595 3912 1689 3965 καὶ
1715 3912 1812 3982 τῆς
1848 3912 2031 3968 θεοσε-

449 3998 602 4063 ϐείας
627 4000 969 4072 ἐκκρέμαται
1000 4001 1100 4071 τῆς
1141 4001 1265 4071 σῆς,
1297 4003 1390 4056 καὶ
1419 4001 1574 4073 ἡμῶν
1621 4004 1848 4076 σφοδρός
1887 4007 2031 4058 ἐστιν

449 4092 706 4162 ἐραστής.
739 4092 844 4146 Τὸν
877 4093 1146 4163 δεσπότην
1177 4111 1277 4164 μου
1309 4093 1400 4146 τὸν
1431 4094 1805 4148 ποθεινότατον
1835 4096 1927 4148 καὶ
1951 4113 2033 4149 τι-

452 4180 720 4249 μιώτατον
773 4183 1150 4253 Ἀσυγκρίτιον
1187 4184 1280 4237 τὸν
1334 4184 1670 4257 πεσϐύτερον
1723 4189 2032 4256 προσειπεῖν

451 4273 600 4346 [727]
634 4275 764 4344 παρ’
795 4273 950 4344 ἡμῶν
982 4275 1364 4346 παρακλὴθητι
1401 4276 1537 4347 μετά
1581 4277 1688 4330 τῶν
1724 4277 2033 4332 ποθεινοτάο

448 4383 556 4420 των
590 4365 759 4419 αὐτοῦ
810 4365 1037 4430 τέκνων,
1073 4367 1167 4420 καὶ
1213 4368 1391 4422 πάντα
1431 4384 1525 4420 σου
1559 4367 1648 4419 τὸν
1701 4367 1920 4440 κλῆρον,
1973 4368 2032 4420 ὃν

448 4456 776 4520 ἐπαίδευσας
814 4457 872 4509 ἐν
921 4456 1112 4528 βραχεῖ
1143 4457 1232 4512 τὸν
1266 4458 1356 4512 σὺν
1397 4459 1526 4528 περὶ
1563 4460 1708 4528 ἡμᾶς
1750 4460 2031 4528 μιμεῖσθαι

448 4547 646 4617 ἔρωτα.
675 4548 811 4602 Οὐδέ
838 4548 946 4620 γάρ
969 4549 1126 4602 τοῦτο
1152 4551 1302 4618 ἡμᾶς
1327 4549 1536 4609 ἔλαθεν,
1561 4549 1691 4619 δσην
1725 4550 1853 4620 περὶ
1886 4552 2032 4620 ἡμᾶς

448 4639 846 4694 ἐπιδείκνυνται
879 4639 1124 4710 ἀγάπην,
1175 4642 1270 4694 καὶ
1305 4641 1420 4703 πῶς
1469 4641 1648 4695 πάντα
1696 4641 1789 4694 καὶ
1840 4643 2030 4695 παθεῖν

447 4732 540 4786 καὶ
589 4731 811 4798 ποιῆσαι
870 4732 1062 4784 τούτου
1107 4732 1293 4784 ἐνεκεν
1335 4733 1848 4804 παρεσκευασμένοι
1900 4734 2026 4788 εἰσί.

451 4815 622 4872 Τοῦτο
647 4819 705 4873 δὲ
733 4819 854 4872 ὅλον
887 4819 1218 4891 κατόρθωμα
1248 4820 1346 4891 τῆς
1377 4819 1687 4884 θεοσεϐείας
1707 4820 1806 4889 τῆς
1840 4820 1958 4892 σῆς.

1005 4937 1186 4989 ΣΛΑ⁸.
1240 4934 1472 5002 Ἀδολίᾳ

522 5021 788 5088 Πολλάκις
829 5025 930 5096 μέν
973 5025 1392 5097 ἐπεστάλκαμέν
1440 5043 1534 5079 σου
1565 5024 1702 5096 πρὸς
1730 5024 1829 5097 τὴν
1867 5027 2028 5082 εὐλα-

451 5113 625 5178 ϐειαν,
656 5115 771 5170 ἀλλ’
801 5119 901 5170 οὐκ
931 5118 1095 5188 ἀρκεῖ
1130 5118 1290 5173 τοῦτο
1329 5119 1393 5171 τὸ
1429 5118 1689 5182 πολλάκις
1715 5120 1870 5191 ἡμῖν,
1913 5120 2028 5174 ἀλλ’

451 5201 781 5275 ἐϐουλόμεθα
813 5207 910 5276 μὲν
954 5208 1076 5262 καθ’
1121 5209 1359 5280 ἑκάστην
1390 5209 1602 5280 ἡμέραν
1629 5208 1788 5262 τοῦτο
1835 5213 2026 5264 ποιεῖν.

452 5289 627 5350 Οἶσθα
654 5295 764 5367 γὰρ
795 5300 944 5364 ὅπως
970 5300 1290 5372 διακείμεθα
1319 5303 1448 5375 περὶ
1480 5303 1579 5372 τὴν
1611 5302 1908 5374 ἐμμέλειαν
1932 5303 2032 5374 τὴν

453 5388 574 5458 οὴν.
625 5388 839 5461 Ἐπειδὴ
879 5392 936 5446 δέ
981 5393 1141 5446 τοῦτο
1167 5396 1270 5448 οὐκ
1301 5394 1402 5457 ενι,
1451 5394 1614 5466 ἡνίκα
1647 5395 1713 5448 ἀν
1749 5394 1867 5466 ἐξῇ,
1900 5396 2032 5466 ἡμῖν

451 5479 633 5543 αὐτοῖς
652 5479 722 5532 τὰ
746 5480 976 5550 μέγιστα
1002 5484 1354 5554 χαριζόμενοι
1384 5485 1486 5556 τὴν
1509 5483 1865 5554 ὀφειλομένην
1893 5481 2031 5535 ἀπο-

516 5682 540 5708 “
562 5679 757 5729 Cmslin.
786 5678 990 5728 ἐντεῦθεν
1017 5679 1258 5741 δεξόμεθα.

516 5741 546 5783 δ
564 5744 662 5793 Ali)
682 5743 762 5790 καὶ
780 5743 950 5790 τούτου
973 5741 1194 5802 μάλιστα.

1135 288 1191 344 S.
1231 287 1516 346 JOANNIS
1553 289 2037 350 CHRYSOSTOMI
2076 293 2398 356 ARCHIEP.
2438 297 2980 357 CONSTANTINOP.

3617 301 3720 359 738

2158 410 2473 483 πληροῦμεν
2499 414 2822 486 πρόσρησιν,
2862 417 3100 485 συνεχῶς
3129 416 3223 470 καὶ
3244 416 3506 489 διηνεκῶς
3539 418 3738 490 βουλό-

2161 519 2308 571 μενοι
2345 504 2632 574 μανθάνειν
2654 507 2720 560 τά
2747 507 2875 576 περὶ
2895 507 2994 577 τῆς
3026 507 3215 576 ὑγείας
3229 508 3326 578 τῆς
3356 509 3475 580 σῆς,
3497 513 3593 565 καὶ
3624 513 3730 584 τῆς

2157 591 2439 664 εὐθυμίας.
2483 596 2792 666 Παρακαλῶ
2819 597 3019 662 τοίνυν,
3057 599 3227 652 εἰδυῖα
3255 599 3421 669 ἡλίκα
3451 604 3583 673 ἡμῖν
3632 624 3733 676 χα-

2160 682 2283 755 ρίζη
2334 685 2506 740 ταῦτα
2542 687 2945 753 ἐπιστέλλουσα,
2993 689 3152 761 ἔργον
3199 692 3526 763 ποιήσασθαι
3571 696 3730 753 τοῦτο

2155 776 2552 847 Μρακλὴθητι,
2611 778 2670 832 τὸ
2706 780 2941 850 συνεχῶς
2983 782 3115 852 ἡμῖν
3147 781 3320 836 ταῦτα
3368 785 3728 846 ἐπιστέλλειν.

2168 866 2319 920 Ἐπεὶ
2350 869 2441 921 καὶ
2469 869 2563 923 νῦν
2589 871 2687 940 οὐχ
2712 871 2788 949 ιξος
2831 872 3019 943 ἔτυχεν
3049 873 3384 946 ἡλγὴσαμεν,
3413 879 3494 932 ὅτι
3533 880 3732 954 ἀνδρὸς

2155 959 2339 1023 πᾶσιν,
2393 959 2471 1023 ὡς
2506 963 2701 1025 εἰπεῖν,
2753 964 3052 1036 γνωρίμου,
3097 967 3192 1020 καὶ
3237 971 3372 1039 ἡμῖν
3415 971 3724 1045 ἀγαπητοῦ,

2156 1047 2441 1117 μέλλοντος
2461 1051 2695 1104 ἐνταῦθα
2718 1055 3141 1124 παραγενέσθαι,
3170 1058 3264 1111 τοῦ
3294 1061 3482 1132 κυρίου
3506 1081 3608 1133 μου
3629 1066 3730 1119 106

2153 1141 2479 1208 τιμιωτάτου
2534 1143 2816 1207 Λιϐανίου,
2849 1145 2948 1199 οὐκ
2983 1147 3300 1212 ἐπέστειλας
3338 1152 3489 1222 ἡμῖν,
3528 1155 3731 1227 ἀγνοὴ-

2155 1246 2295 1282 σασα
2331 1231 2427 1301 μὲν
2453 1231 2583 1298 ἴσως
2602 1250 2615 1265 ·
2644 1233 2782 1305 πλὴν
2810 1236 2946 1290 ἀλλά
2973 1239 3068 1292 καλ⁸
3098 1239 3166 1292 δι’
3191 1241 3322 1294 αὐτὸ
3349 1242 3508 1297 τοῦτο
3533 1245 3731 1314 ἀλγοῦ-

2157 1337 2277 1389 μεν,
2301 1322 2384 1376 ὅτι
2405 1325 2620 1392 ἀγνοεῖς
2644 1325 2770 1389 τοὺς
2790 1327 3000 1381 ἐκεῖθεν
3033 1331 3172 1402 πρὸς
3199 1333 3346 1402 ἡμᾶς
3375 1335 3725 1406 ἐρχομένους.

2163 1411 2354 1483 Ἡμεῖς
2385 1414 2493 1486 γὰρ
2522 1417 2583 1469 οὐ
2609 1417 2893 1487 παυόμεθα
2927 1423 3411 1494 περιεργαζόμενοι
3438 1429 3531 1482 καὶ
3561 1429 3730 1484 πολυ-

2152 1507 2596 1576 πραγμονοῦντες
2635 1511 2762 1574 τοὺς
2795 1511 3043 1566 ἐντεῦθεν
3071 1515 3208 1586 πρὸς
3241 1517 3384 1587 ὑμᾶς
3417 1536 3730 1590 παραγενο-

2154 1597 2369 1666 μένους,
2400 1599 2561 1669 ἡνίκα
2576 1599 2644 1654 ἂν
2670 1599 2787 1672 ἐξῇ,
2817 1603 2884 1657 δι’
2914 1605 3133 1659 ἐκείνων
3155 1608 3287 1678 ἡμῖν
3313 1608 3409 1681 τὴν
3427 1611 3730 1684 ἐπιθυμίαν

2149 1687 2247 1758 τὴν
2295 1688 2504 1742 ἐαυτῶν
2553 1690 2914 1764 πληροῦντες·
2955 1695 3091 1767 αὐτη
3119 1697 3177 1750 δέ
3220 1700 3340 1752 ἐστι
3391 1699 3454 1756 τὸ
3486 1702 3730 1774 συνεχῶς

2150 1777 2482 1834 ἐπιστέλλειν
2510 1781 2644 1853 πρὸς
2674 1783 2773 1855 τὴν
2802 1785 2900 1856 σὴν
2933 1785 3248 1857 ἐμμέλειαν.

2673 1918 2851 1970 ΣΛΒ¹.
2890 1919 3198 1987 Καρτερία.

2221 2019 2283 2072 Εἰ
2322 2022 2508 2090 σαφῶς
2542 2023 2691 2094 ᾔδεις
2723 2028 2856 2097 ὅσην
2895 2029 3025 2100 ἡμῖν
3051 2031 3206 2096 δίδως
3243 2033 3422 2106 χάριν,
3456 2037 3553 2090 καὶ
3588 2038 3729 2110 γρά-

2150 2127 2346 2179 φουσα,
2381 2113 2476 2166 καὶ
2507 2116 2745 2187 συνεχῶς
2785 2119 3094 2189 γράφουσα,
3129 2123 3222 2176 καὶ
3251 2123 3345 2178 τοῦ
3380 2126 3596 2197 μέλιτός
3629 2147 3732 2183 σου

2146 2204 2246 2273 τῆς
2274 2202 2494 2276 ἀγάπης
2539 2207 2930 2279 ἀναχρωννῦσα
2957 2211 3026 2265 τὰ
3067 2213 3387 2285 γράμματα,
3438 2220 3618 2275 πάντα
3658 2223 3731 2277 ἂν

2149 2293 2446 2364 ἐποίησας,
2496 2295 2636 2350 ὥστε
2685 2298 2976 2372 δυνηθῆναι
3035 2303 3156 2357 καθ’
3209 2307 3446 2380 ἑκάστην
3508 2311 3728 2382 ἡμέραν

2149 2384 2389 2454 πέμπειν
2427 2385 2716 2452 ἐπιστολὰς
2749 2391 2900 2461 ἡμῖν.
2942 2392 3134 2447 Οὐκέτι
3167 2396 3274 2468 γάρ
3308 2400 3613 2455 Κουκουσδν
3649 2405 3729 2456 οἱ·

2147 2477 2264 2528 κεῖν
2311 2476 2624 2548 νομίζομεν,
2676 2479 2796 2533 οὐδὲ
2827 2483 2885 2534 ἐν
2929 2483 3134 2556 ἐρημίᾳ
3178 2486 3403 2556 διάγειν,
3455 2491 3727 2565 τοσαύτην
3817 2527 3821 2530 -

2145 2569 2255 2622 ἀπὸ
2299 2570 2407 2625 τῶν
2455 2573 2802 2644 γραμμάτων
2841 2593 2935 2630 σου
2973 2579 3068 2631 καὶ
3113 2579 3212 2649 τῆς
3247 2583 3478 2654 γνησίας
3503 2586 3727 2659 ἀγάπης

2146 2662 2517 2734 καρπούμενοι
2555 2665 2655 2736 τὴν
2684 2667 3039 2739 εὐφροσύνην.
3076 2669 3148 2723 Τὸ
3177 2669 3232 2724 δέ
3271 2674 3346 2743 μὴ
3391 2674 3553 2743 μόνον
3599 2677 3725 2730 ἐπι·-

2148 2753 2340 2818 στολὰς
2367 2754 2598 2826 πέμψαι,
2633 2757 2767 2810 ἀλλά
2793 2759 2886 2812 καὶ
2913 2759 3003 2812 τὸν
3028 2758 3215 2831 κύριόν
3243 2779 3344 2832 μου
3366 2763 3456 2818 τὸν
3487 2765 3731 2821 ποθεινό-

2147 2861 2308 2898 τατον
2342 2845 2569 2916 ἀδελφὸν
2601 2848 2760 2919 ἡμῶν
2807 2851 3060 2906 Λιϐάνιον
3093 2854 3278 2906 πεῖσαί
3320 2872 3380 2908 τε
3424 2857 3729 2928 ἀναστῆναι

2147 2937 2379 3000 ἐκεῖθεν,
2403 2939 2498 2993 καὶ
2517 2941 2614 3010 τὴν
2633 2941 2941 3013 ἀποδημίαν
2967 2944 3277 2999 στείλασθαι
3301 2947 3526 3020 ταύτην,
3551 2951 3729 3022 πόσης

2145 3027 2437 3092 διαθέσεὼς
2468 3032 2621 3098 ἐστι;
2655 3032 2826 3103 πόσης
2855 3035 3210 3105 κηδεμονίας;
3238 3037 3336 3091 Διά
3367 3038 3540 3093 ταῦτα
3571 3058 3728 3112 σκιρο

2145 3118 2326 3189 τῶμεν
2360 3121 2454 3174 καὶ
2483 3122 2907 3194 εὐφραινόμεθα.
2935 3127 3182 3198 Ἀγάπης
3208 3128 3317 3200 γὰρ
3344 3130 3575 3202 γνησίας
3612 3131 3728 3186 ἴσον

2145 3210 2318 3263 οὐδέν.
2354 3210 2459 3264 Καὶ
2499 3214 2637 3286 αὐτὴ
2687 3216 2786 3286 μὲν
2819 3217 2988 3282 ἀξιοῖς
3019 3218 3114 3289 τὴν
3146 3220 3314 3291 αὐτην
3345 3223 3491 3290 ἡμᾶς
3527 3222 3729 3277 διασὼο

2147 3300 2261 3365 ζειν
2311 3303 2570 3369 διάθεσιν,
2609 3307 2674 3377 ἢν
2704 3308 2763 3372 ἐξ
2807 3310 2986 3386 ,ἀρχῆς
3017 3311 3410 3382 ἐπεδειξάμεθα
3452 3314 3586 3386 περὶ
3626 3316 3728 3386 τὴν

2148 3389 2246 3460 σὴν
2271 3391 2588 3462 ἐμμέλειαν.
2642 3382 2836 3466 Ἡμεῖς
2884 3398 2940 3451 δὲ
2983 3400 3083 3453 οὐκ
3139 3401 3441 3472 ἀνεχόμεθα
3477 3382 3572 3456 ἐπὶ
3632 3382 3729 3459 τόϋ

2149 3482 2348 3553 μέτρου
2380 3483 2562 3554 μένειν
2584 3486 2795 3554 τούτου,
2824 3489 2957 3543 ἀλλά
2985 3493 3078 3544 καὶ
3105 3493 3223 3546 καθ’
3247 3495 3483 3564 ἑκάστην
3507 3496 3732 3568 ἡμέραν

2145 3573 2462 3646 προσθήκας
2505 3587 2527 3615 ο
2566 3577 2931 3652 ἐπιζητοῦμεν
2960 3583 3060 3652 τῆς
3115 3584 3241 3656 περὶ
3295 3586 3355 3638 σέ
3408 3585 3726 3653 διαθέσεως,

2143 3663 2275 3732 ἡμῖν
2305 3666 2487 3730 αὐτοῖς
2511 3667 2580 3721 τὰ
2616 3669 2846 3739 μέγιστα
2875 3673 3240 3744 χαριζόμενοι.
3269 3677 3345 3730 Οὐ
3371 3677 3479 3749 γὰρ
3511 3678 3729 3750 διαλιμ-

2144 3759 2385 3827 πάνομεν
2425 3763 2662 3834 συνεχῶς
2699 3767 2830 3836 παρ’
2878 3769 3089 3833 ἑαυτοῖς
3134 3770 3458 3841 στρέφοντες
3485 3773 3550 3826 τὸ
3573 3775 3734 3843 εὐγε-

2144 3848 2233 3912 νές
2265 3867 2359 3904 σου
2381 3852 2480 3922 τῆς
2500 3853 2699 3924 ψυχῆς,
2729 3855 2790 3908 τὸ
2809 3857 3100 3922 ἄπλαστον,
3134 3858 3283 3933 [728]
3310 3861 3372 3914 τὸ
3391 3862 3727 3934 ἐλευθέριον,

2141 3937 2203 3989 τὸ
2227 3939 2458 4007 φιλικὸν,
2487 3943 2548 3995 τὸ
2572 3946 2813 4014 γνήσιον,
2845 3947 2905 3999 τὸ
2931 3948 3314 4019 ἀνυπόκριτον,
3340 3953 3435 4005 κα)⁵
3459 3955 3733 4026 μεγίστην

2143 4027 2250 4082 ἀπὸ
2287 4029 2384 4099 τῆς
2419 4034 2638 4104 μνὴμης
2677 4036 2786 4089 τῶν
2819 4037 3094 4110 λογισμῶν
3127 4041 3332 4096 τούτων
3362 4044 3730 4116 καρπούμεθα

2141 4120 2242 4190 τὴν
2293 4123 2652 4196 εὐφροσύνην.
2699 4128 2792 4180 Διὸ
2833 4133 3258 4204 παρακαλοῦμεν
3310 4135 3728 4207 θαρῤἡσασανά

2144 4209 2298 4278 ἡμῶν
2324 4215 2388 4282 τῇ
2416 4214 2624 4285 ἀγάπῃ,
2653 4219 2817 4288 μηδὲν
2839 4220 3073 4290 ἀλγῆσαι
3104 4223 3242 4294 ὑπὲρ
3266 4223 3373 4276 τῶν
3390 4226 3727 4281 ἀποσταλέν-

2140 4316 2246 4352 των
2279 4304 2428 4372 παρὲι
2451 4305 2548 4374 τῆς
2578 4308 2674 4378 σῆς
2709 4311 3038 4380 τιμιότητος,
3077 4315 3159 4366 ὅτι
3189 4312 3250 4383 δὴ
3283 4314 3458 4368 ταῦτα
3477 4317 3728 4388 ἀνεπέμ-

2140 4389 2338 4460 ψαμεν.
2392 4393 2468 4464 Τῇ
2523 4397 2622 4466 μὲν
2666 4399 2775 4468 γάρ
2827 4401 3064 4456 διαθέσει
3120 4405 3212 4456 καὶ
3255 4405 3580 4476 ἐδεξάμεθα,
3632 4411 3729 4463 καὶ

2142 4483 2527 4555 ἀπελαύσαμεν
2555 4489 2760 4542 αὐτῶνθ
2793 4492 2982 4564 ἐπειδὴ
3016 4493 3072 4546 δέ
3096 4498 3154 4548 ἐν
3177 4497 3338 4568 χρεία
3362 4499 3422 4550 οὐ
3456 4499 3729 4571 καθεστή-

2141 4591 2336 4645 καμεν,
2386 4577 2734 4650 ἐδηλώσαμεν
2763 4583 2904 4636 αὐτά
2927 4586 3211 4655 τηρεῖσθαι
3244 4589 3395 4659 παρά
3432 4594 3499 4662 τῇ
3536 4595 3605 4662 σῇ
3639 4595 3730 4648 εὐ-

2140 4664 2344 4736 γενείᾳ.
2395 4667 2513 4720 Κάν
2543 4685 2674 4722 ποτε
2709 4672 3067 4744 καταστῶμεν
3107 4677 3165 4728 ἐν
3217 4678 3397 4748 χρείᾳ,
3427 4679 3550 4748 ὄψει
3604 4683 3730 4751 μεθ’

2139 4754 2272 4825 ὅσης
2322 4759 2637 4830 παρρησίας
2679 4764 2774 4815 καὶ
2813 4764 2906 4816 106
2939 4765 3162 4838 θαρρεῖν
3209 4768 3551 4840 γράψαιμεν,
3581 4771 3730 4827 ὥστε

2141 4846 2273 4916 ἡμῖν
2305 4847 2701 4922 ἀποσταλῆναι,
2745 4855 2848 4908 κάν
2887 4856 3061 4929 τούτῳ
3113 4859 3174 4912 τὸ
3220 4861 3312 4914 σὺν
3354 4863 3731 4930 φυλάσσοντες

2141 4938 2313 5008 ῥῆμα.
2345 4939 2489 5012 Πρὸς
2516 4942 2624 5012 γάρ
2650 4943 2728 5015 τῷ
2747 4945 2889 4998 τέλει
2915 4948 3014 5018 τῆς
3043 4949 3331 5020 ἐπιστολῆς
3356 4951 3513 5021 ἔρηςο
3538 4954 3727 5018 Δεῖξον

2138 5030 2220 5084 ὄτι
2250 5034 2499 5100 καταξιοῖ
2532 5053 2623 5089 σου
2670 5038 2702 5109 ἡ
2735 5038 3015 5093 θεοσέϐεια
3038 5041 3262 5114 θαρρεῖν
3293 5045 3446 5114 ἡμῖν,
3482 5045 3581 5098 καὶ
3613 5049 3730 5109 τοῖς

2137 5125 2429 5196 ἡμετέροις
2455 5129 2530 5194 ὡς
2562 5131 2713 5196 ἰδίοις
2741 5133 3062 5204 κεχρῆσθαι.
3087 5136 3149 5188 Εί
3173 5135 3350 5190 τοίνυν
3377 5137 3522 5190 οὕτω
3544 5137 3727 5208 βούλει

2139 5214 2444 5271 διακεῖσθαι
2476 5221 2646 5290 ἡμᾶς,
2673 5221 2864 5293 ῶσπερ
2892 5219 2984 5278 οὖν
3009 5225 3102 5278 καὶ
3129 5225 3328 5295 βούλει,
3359 5227 3455 5280 καὶ
3478 5230 3592 5291 τοῖς
3611 5230 3727 5289 σοῖς

2139 5305 2214 5368 ὡς
2234 5305 2384 5370 ἰδίοις
2406 5311 2729 5382 κεχρῆσθαι,
2759 5315 2922 5386 ἡνίκα
2953 5315 3020 5369 ἀν
3037 5317 3345 5379 ἐπιστείλω,
3368 5318 3489 5370 τότε
3510 5319 3724 5388 πέμπε.

2141 5396 2248 5450 T06
2280 5399 2388 5469 γάρ
2436 5401 2544 5454 ῖδια
2578 5403 2717 5458 αὐτά
2766 5406 3029 5478 νομίζειν,
3085 5409 3243 5462 τοῦτο
3289 5409 3548 5480 μέγιστόν
3604 5411 3724 5463 ἐστι

2203 5618 2227 5682 ﬁ
2254 5618 2364 5682 .090
2385 5631 2502 5682 mss-
2524 5621 2816 5682 προσθήκην.

2164 5739 2185 5746 _
2201 5676 2376 5802 ᾶὰἓίι.
2390 5676 2707 5745 θαρῥήσασαν.
2729 5676 2881 5734 Sui).
2909 5689 2962 5732 el
2984 5697 3112 5734 unus
3133 5685 3241 5735 cod.
3255 5685 3572 5749 θσρῤήσαντες
3587 5685 3724 5744 δειῶ

2131 5756 2185 5800 τη
2311 5755 2394 5802 ης
