4064 6218
299 317 404 377 757

297 434 585 506 cupimus;
631 429 727 486 sed
772 442 840 484 ne
889 426 1086 483 multos
1128 424 1414 490 ladamus,
1441 423 1532 492 qui
1559 425 1616 477 et
1642 416 1888 475 manibus

288 526 399 581 tuis
434 522 697 592 indigent,
725 527 782 575 et
807 519 981 589 lingua
1005 528 1115 584 tua,
1137 516 1373 585 tantique
1401 519 1586 584 portus
1611 525 1675 565 ac
1699 508 1885 578 refugii

298 616 502 671 aditum
548 612 655 667 illis
703 609 1137 675 intercludamus,
1170 606 1277 661 huc
1323 612 1376 660 te
1423 602 1732 675 pertrahere
1778 614 1885 654 non

296 708 576 764 audemus.
609 705 717 761 Sed
755 703 1193 774 quotiescumque
1235 697 1458 754 facultas
1480 697 1712 756 dabitur,
1738 702 1796 748 nt
1820 691 1886 746 ad

298 816 400 856 nos
428 813 571 868 sape
597 797 781 853 literas
824 795 920 850 des
947 794 1316 858 obsecramus,
1349 789 1524 860 deque
1567 797 1653 844 tua
1681 787 1888 841 valetu-

297 893 424 948 dine
448 891 706 946 certiores
733 903 832 944 nos
869 885 1052 941 facias.
1083 885 1174 941 Sic
1215 885 1357 940 enim
1383 895 1699 954 quamquam
1729 880 1886 949 longo

297 981 578 1037 intervallo
629 977 840 1044 dissiti,
870 976 1158 1045 acceptisa
1185 983 1274 1030 tua
1319 973 1580 1028 suavitate
1625 969 1886 1041 ejusmodi

298 1073 489 1138 literis,
517 1070 738 1126 multam
770 1068 1187 1124 consolationem
1218 1064 1586 1135 percipiemus.

509 1178 805 1237 CCXXIX.
850 1179 1073 1235 Severw.
1103 1177 1334 1250 (Cucuso
1360 1189 1500 1229 anno
1525 1173 1676 1243 404.)

368 1314 632 1387 Equidem
679 1322 822 1368 tuam
864 1311 1194 1367 nobilitatem
1221 1307 1493 1378 corporeis
1533 1306 1701 1361 oculis
1728 1321 1888 1358 num-

297 1423 456 1478 quam
485 1405 616 1472 vidi,
659 1403 900 1458 caritatis
943 1411 1121 1456 autem
1164 1399 1333 1455 oculis
1380 1398 1615 1453 omnium
1657 1396 1887 1450 maxime

298 1498 556 1569 conspexi
589 1514 604 1552 :
636 1493 1064 1566 quandoquidem
1115 1491 1262 1547 nullo
1313 1488 1650 1560 quantumvis
1695 1501 1888 1557 magno

299 1590 573 1661 regionum
612 1586 897 1642 intervallo
929 1591 1102 1654 potest
1148 1579 1410 1650 ejusmodi
1434 1586 1752 1648 conspectus
1783 1577 1888 1630 im-

297 1679 488 1749 pediri.
535 1678 672 1734 Cum
702 1677 844 1732 enim
875 1676 1046 1730 zelum
1079 1690 1140 1729 ac
1166 1673 1398 1728 studium
1424 1671 1577 1726 nobis
1606 1679 1710 1725 tua:
1735 1668 1890 1724 nobi-

298 1773 462 1826 litatis
516 1785 613 1840 pro
659 1779 802 1824 recta
857 1767 962 1822 fide
1005 1766 1252 1822 dominus
1297 1778 1447 1819 meus
1492 1761 1887 1818 amantissimus

296 1863 548 1918 Libanius
583 1860 764 1916 verbis
793 1858 1180 1928 expressisset,
1211 1869 1532 1926 magnOpere
1557 1867 1657 1908 nos
1693 1852 1884 1908 erexit.

293 1955 414 2020 Quo
453 1953 651 2008 factum
682 1962 785 2019 est,
819 1960 877 2006 ut
906 1950 1119 2006 tametsi
1156 1962 1447 2017 numquam
1478 1956 1531 2001 te
1555 1944 1881 2011 viderimus,

294 2045 502 2116 priores
530 2043 598 2098 ad
627 2043 882 2113 pietatem
912 2049 1054 2096 tuam
1095 2038 1484 2108 scripserimus,
1515 2036 1684 2106 ipsam
1729 2050 1886 2090 oran-

296 2144 400 2202 tes,
448 2145 506 2188 ut
533 2133 749 2203 quando
788 2129 1011 2186 facultas
1052 2129 1282 2194 dabitur,
1331 2126 1398 2181 ad
1443 2141 1542 2181 nos
1569 2125 1792 2181 scribas.
1827 2123 1884 2179 Si

293 2225 437 2280 enim
464 2241 495 2281 a
538 2234 626 2280 tua
677 2225 937 2280 suavitate
989 2222 1300 2278 transmissa
1345 2219 1644 2291 perferatur
1690 2218 1756 2272 ad
1786 2232 1886 2273 nos

299 2319 524 2388 epistola
548 2359 564 2384 ,
594 2332 714 2388 quae
743 2316 810 2372 de
841 2325 928 2371 tua
955 2315 1254 2370 valetudine
1283 2313 1538 2369 certiores
1565 2327 1662 2368 nos
1688 2311 1882 2379 faciat,

294 2408 552 2472 maximo,
581 2406 706 2462 dum
735 2407 787 2461 in
813 2405 913 2462 hac
943 2414 1124 2461 extera
1152 2405 1371 2476 regione
1399 2404 1661 2474 degimus,
1690 2402 1885 2458 solatio

293 2511 582 2554 maerorem
627 2506 867 2552 nostrum
908 2495 1190 2564 mitigabit.
1236 2493 1378 2550 Nihil
1421 2494 1565 2549 enim
1593 2501 1712 2558 est,
1742 2490 1884 2563 quod

296 2603 420 2642 cum
447 2588 668 2642 caritate
694 2585 922 2642 coitferri
953 2587 1142 2656 possit.

259 2763 276 2770 -
365 2715 628 2772 CCXXX.
672 2715 880 2788 Elpidio
911 2717 1169 2786 episcopo.
1212 2713 1444 2786 (Cucuso
1476 2729 1618 2770 anno
1659 2713 1812 2802 404.)
1887 2719 1897 2727 â€œ

364 2849 604 2921 Magnam
629 2848 847 2904 domino
877 2862 1001 2906 meo
1025 2849 1392 2903 amantissimo
1413 2848 1636 2904 Libanio
1659 2848 1884 2918 gratiam

298 2941 498 3007 habeo,
527 2941 669 3010 quod
691 2949 746 2995 et
777 2939 939 2995 domo
965 2954 1061 2994 sua
1088 2940 1352 3007 excessit,
1373 2949 1426 2995 et
1458 2939 1562 2994 huc
1590 2941 1770 3007 venit,
1820 2953 1885 2994 ac

293 3046 480 3090 rursus
505 3031 572 3086 ad
591 3033 943 3087 reverentiam
973 3039 1115 3085 tuam
1145 3030 1411 3100 profectus
1436 3039 1518 3086 est
1543 3050 1556 3084 :
1586 3041 1746 3101 atque
1769 3029 1886 3099 ejus

294 3123 373 3178 rei
406 3137 567 3178 causa
592 3123 824 3178 maxime
867 3122 1091 3194 gratiam
1123 3123 1199 3176 illi
1233 3122 1423 3177 habeo.
1466 3121 1523 3177 ld
1565 3123 1707 3177 enim
1740 3122 1888 3177 omni

295 3213 460 3268 animi
502 3213 841 3269 contentione
869 3212 1080 3280 studeo,
1114 3223 1172 3267 ut
1213 3213 1307 3268 tibi
1329 3212 1398 3267 ab
1416 3213 1665 3268 omnibus
1713 3213 1887 3268 honor

295 3306 716 3376 obsequiumque
742 3305 1014 3361 deferatur
1041 3320 1057 3360 :
1084 3319 1190 3360 non
1220 3305 1363 3375 quod
1387 3314 1443 3359 tu
1469 3306 1585 3360 istis
1609 3305 1845 3376 indigeas
1866 3347 1883 3372 ,

297 3397 393 3453 sed
417 3397 667 3466 quoniam
694 3397 796 3452 hoc
820 3397 1074 3452 Ecelesiis
1103 3407 1186 3452 est
1212 3397 1363 3465 utile,
1389 3411 1508 3451 cum
1537 3397 1602 3451 iis
1620 3412 1738 3466 quae
1767 3411 1889 3465 per-

298 3491 668 3560 sequutionem
721 3490 1011 3559 patiuntur,
1043 3499 1153 3544 tum
1195 3488 1298 3543 illis
1336 3503 1455 3558 quae
1505 3489 1887 3558 tranquillitate

299 3567 564 3636 fruuntur.
605 3581 823 3637 Gratam
867 3582 1024 3652 igitur
1060 3588 1114 3635 et
1162 3589 1433 3650 acceptam
1477 3579 1680 3635 habens
1726 3581 1891 3649 ipsius

299 3676 753 3744 benevolentiam,
779 3677 994 3731 domine
1024 3676 1095 3729 mi
1127 3674 1570 3730 reverendissime
1596 3689 1659 3729 ac
1677 3675 1891 3744 religio-

299 3767 544 3830 sissime,
573 3783 692 3822 cum
721 3766 792 3822 ab
832 3781 898 3820 eo
928 3765 1210 3835 diligenter
1237 3774 1428 3820 cuncta
1465 3764 1743 3831 didiceris,
1772 3781 1890 3834 qua:

300 3856 636 3925 Antiochiae,
665 3871 891 3927 quazque
927 3857 1066 3926 apud
1094 3871 1192 3911 nos
1231 3865 1487 3924 geruntur
1512 3854 1674 3926 (nam
1713 3863 1767 3910 et
1792 3856 1892 3910 ista

302 3949 568 4016 narrabit,
617 3950 706 4019 qui
737 3948 948 4004 tametsi
990 3948 1280 4018 perexiguo
1323 3957 1561 4016 tempore
1615 3945 1891 4001 nobiscum

303 4050 547 4098 versatus
571 4049 683 4107 est,
705 4040 830 4110 quid
859 4051 1034 4094 tamen
1063 4054 1240 4093 rerum
1268 4053 1514 4107 geramus
1541 4036 1767 4106 didicit),
1797 4036 1893 4089 1:!!-

307 4143 416 4187 tum
455 4133 601 4186 illum
629 4131 961 4200 hilaremque
991 4129 1219 4185 dimitte.
1261 4129 1451 4199 Magno
1475 4128 1618 4183 enim
1646 4126 1895 4182 amicitiae

307 4234 411 4276 tuze
464 4221 730 4277 desiderio
778 4231 1008 4288 tenetur,
1053 4235 1118 4274 ac
1158 4219 1461 4274 vehementi
1509 4218 1677 4272 nostri
1712 4231 1896 4273 amore

306 4315 514 4384 flagrat.
555 4312 991 4367 Amantissimum
1019 4325 1082 4364 ac
1100 4309 1601 4365 reverendissimum
1622 4307 1896 4362 dominum

307 4421 488 4461 meum
544 4405 902 4476 Asyncritium
953 4402 1322 4474 presbyterum
1360 4401 1494 4456 meis
1530 4401 1708 4455 verbis
1736 4399 1896 4454 velim

308 4497 530 4563 salutes,
547 4511 651 4550 una
677 4511 799 4551 cum
824 4492 1204 4549 amantissimis
1219 4492 1334 4562 ejus
1352 4491 1555 4555 liberis,
1579 4505 1899 4560 omnemque

311 4596 459 4641 tuum
501 4587 737 4650 clerum,
768 4599 924 4655 quem
959 4583 1106 4639 brevi
1150 4582 1404 4652 temporis
1446 4581 1617 4651 spatio
1659 4588 1806 4635 tuum
1847 4581 1900 4635 in

311 4693 412 4733 nos
437 4693 674 4732 amorem
697 4676 892 4731 imitari
913 4673 1159 4730 docuisti.
1197 4671 1384 4742 Neque
1408 4673 1550 4728 enim
1597 4671 1649 4726 id
1684 4687 1783 4727 nos
1823 4672 1903 4726 fu-

311 4770 408 4840 git,
437 4776 689 4838 quantam
718 4768 772 4821 in
800 4780 898 4820 nos
921 4765 1196 4820 caritatem
1223 4779 1333 4833 prae
1358 4778 1418 4818 se
1445 4762 1696 4830 tulerunt,
1719 4773 1772 4817 et
1797 4777 1902 4832 quo

314 4868 472 4927 pacto
495 4858 669 4931 parati
697 4859 804 4913 sint
844 4872 909 4912 eo
949 4858 1162 4910 nomine
1195 4863 1385 4909 cuncta
1412 4853 1650 4923 perferre
1685 4869 1749 4908 ac
1777 4868 1901 4924 per-

315 4967 495 5020 agere.
536 4949 670 5005 illud
698 4964 828 5005 vero
871 4947 1182 5020 praeclarum
1233 4945 1440 5002 facinus
1478 4956 1642 5001 totum
1685 4957 1767 5002 est
1797 4956 1902 5002 tua:

316 5043 501 5114 pietati
525 5051 800 5112 acceptum
827 5041 1124 5098 ferendum.

521 5153 816 5210 CCXXXI.
859 5153 1074 5207 Adoliaz.
1120 5149 1350 5223 (Cucuso
1380 5164 1521 5204 anno
1549 5148 1703 5217 404.)

394 5267 726 5338 Frequenter
759 5264 974 5336 quidem
1003 5263 1066 5319 ad
1095 5264 1344 5333 pietatem
1375 5271 1518 5316 tuatn
1549 5260 1731 5316 literas
1752 5259 1907 5315 dedi-

322 5372 465 5423 mus,
493 5358 587 5414 sed
618 5358 732 5411 haec
759 5356 1053 5426 frequentia
1084 5353 1236 5409 nobis
1258 5368 1364 5408 non
1386 5351 1613 5418 sufficit,
1640 5366 1826 5407 verum
1855 5351 1909 5407 id

324 5465 482 5521 agere
501 5449 724 5521 singulis
751 5449 940 5504 diebus
958 5461 1289 5516 cuperemus.
1310 5445 1427 5500 Scis
1442 5445 1585 5499 enim
1601 5460 1706 5516 quo
1730 5445 1910 5501 animo

318 5555 450 5611 erga
476 5549 620 5596 tuam
644 5540 958 5596 suavitatem
990 5539 1174 5594 simus.
1216 5535 1442 5604 Quando
1483 5545 1663 5592 autem
1704 5536 1757 5591 id
1799 5550 1910 5593 non

329 5632 474 5699 licet,
504 5632 712 5703 quoties
737 5631 959 5687 facultas
983 5630 1158 5696 datur,
1187 5627 1419 5682 maximo
1450 5641 1547 5680 nos
1579 5626 1720 5696 ipsos
1747 5625 1912 5682 afï¬ci-

328 5741 444 5780 mus
472 5713 733 5782 beneficio
750 5766 767 5794 ,
790 5725 914 5780 dum
938 5721 1270 5779 salutationis
1296 5720 1531 5776 debitum
1563 5736 1757 5776 munus
1783 5735 1906 5792 pcr-

1748 298 2122 358 EPISTOLE.

3469 293 3570 355 758

1993 415 2268 481 solvimus,
2300 429 2364 471 ac
2386 415 2454 471 de
2473 425 2649 472 vestra
2676 416 2980 475 valetudine
3005 405 3164 491 atque
3184 419 3446 478 hilaritate
3461 426 3576 480 sine

1996 506 2386 562 intermissione
2413 522 2476 562 ac
2509 516 2766 579 perpetuo
2793 509 3062 579 quidpiam
3102 511 3289 569 audire
3327 517 3576 584 percupi-

1994 613 2132 652 mus.
2175 599 2304 654 Cum
2347 597 2504 668 igitur
2530 599 2790 670 intelligas
2816 609 3064 670 quantam
3093 617 3124 657 a
3172 603 3325 658 nobis
3353 606 3574 675 gratiam

1993 691 2192 746 initura
2235 691 2341 758 sis,
2370 692 2578 761 quoties
2606 706 2668 746 ea
2705 691 2772 746 de
2793 708 2851 746 re
2872 692 2942 747 ad
2969 708 3066 748 nos
3092 695 3292 750 scribes
3313 737 3328 762 ,
3361 712 3456 751 oro
3487 707 3570 765 te,

1994 797 2208 838 omnem
2239 797 2456 852 operam
2504 783 2719 848 adhibe,
2751 792 2810 838 ut
2830 799 2972 855 saepe
2992 785 3058 840 ad
3089 801 3186 841 nos
3209 787 3278 843 de
3303 805 3369 844 eo
3395 790 3576 847 literas

1993 875 2174 930 mittas
2205 891 2219 928 :
2251 875 2512 946 siquidem
2554 891 2661 930 non
2707 876 3029 932 mediocrem
3067 879 3207 934 istud
3248 880 3401 936 nobis
3425 882 3577 939 dolo-

1991 983 2106 1023 rem
2133 969 2353 1035 inussit,
2383 968 2525 1039 quod
2548 984 2670 1024 cum
2697 970 2781 1024 vir
2805 970 3054 1025 omnibus
3079 986 3246 1041 prope
3285 984 3442 1029 notus
3479 990 3577 1030 no-

1993 1059 2178 1128 bisque
2203 1074 2452 1129 percarus
2474 1059 2578 1115 huc
2595 1060 2927 1130 profecturus
2943 1071 3084 1117 esset
3098 1064 3577 1122 reverendissimus

1991 1149 2238 1204 dominus
2266 1165 2418 1206 mens
2445 1151 2718 1216 Libanius,
2747 1151 2814 1206 ad
2840 1167 2936 1206 nos
2967 1152 3239 1207 literarum
3256 1155 3384 1210 nihil
3409 1155 3575 1212 dede-

1993 1242 2090 1308 ris,
2119 1242 2344 1298 fortasse
2383 1244 2524 1314 quod
2569 1245 3048 1316 ignorareszatqui
3098 1245 3199 1302 hoc
3247 1249 3418 1318 ipsum
3469 1257 3573 1316 est,

1991 1336 2131 1405 quod
2150 1351 2248 1391 nos
2277 1337 2416 1392 male
2443 1336 2624 1401 habet,
2645 1337 2789 1408 quod
2817 1339 2905 1408 qui
2933 1339 3148 1394 veniant
3170 1339 3326 1396 istinc
3351 1341 3419 1396 ad
3441 1356 3539 1398 nos
3555 1383 3572 1409 ,

1992 1430 2222 1498 ignores.
2261 1427 2374 1484 Nos
2401 1429 2542 1484 enim
2565 1429 2822 1484 sciscitari
2842 1444 2907 1484 ac
2933 1430 3145 1485 curiose
3170 1431 3440 1501 inquirere
3463 1447 3570 1486 non

1953 1571 1957 1575 .
1991 1533 2282 1587 cessamus,
2314 1520 2532 1589 quinam
2587 1519 2712 1574 hinc
2755 1520 2823 1574 ad
2873 1536 2970 1575 vos
3024 1530 3277 1591 pergant,
3306 1529 3364 1576 ut
3390 1537 3576 1577 eorum

1990 1624 2150 1678 opera
2189 1609 2512 1665 desiderium
2557 1617 2798 1665 nostrum
2842 1609 3154 1680 expleamus
3183 1626 3197 1663 :
3231 1611 3282 1664 id
3326 1611 3575 1665 nimirum

1992 1701 2098 1756 tale
2125 1710 2227 1766 est,
2256 1713 2315 1754 ut
2348 1700 2417 1756 ad
2471 1710 2615 1756 tuam
2647 1700 2958 1756 suavitatem
3010 1700 3127 1756 sine
3182 1701 3578 1758 intermissione

1990 1791 2307 1848 scribamus.

2167 1926 2300 1982 CCX
2301 1926 2406 1982 XX
2408 1927 2470 1982 Î™Î™
2481 1967 2496 1982 .
2537 1927 2794 1983 Carteriw.
2820 1928 3054 2000 (Cucuso
3080 1944 3220 1985 anno
3246 1928 3400 2003 404.)

2061 2059 2118 2116 Si
2147 2058 2314 2130 probe
2341 2075 2560 2126 nosses,
2592 2067 2845 2131 quantam
2887 2075 2918 2115 a
2955 2061 3109 2116 nobis
3135 2063 3358 2131 gratiam
3397 2063 3575 2130 ineas,

1990 2149 2118 2204 dum
2145 2149 2213 2204 ad
2242 2165 2341 2206 nos
2368 2150 2578 2217 scribis,
2607 2159 2663 2206 et
2682 2149 3110 2220 frequentissime
3139 2151 3328 2206 scribis
3347 2193 3364 2221 ,
3386 2167 3450 2207 ac
3474 2163 3577 2207 tua:

1989 2239 2224 2294 caritatis
2251 2239 2411 2295 melle
2437 2239 2617 2294 literas
2641 2239 2839 2294 oblinis
2858 2280 2874 2305 ,
2905 2254 3118 2296 omnem
3161 2255 3380 2310 Operam
3421 2242 3577 2297 adbi-

1989 2329 2164 2396 heres,
2197 2339 2255 2385 ut
2291 2330 2515 2400 singulis
2555 2329 2745 2385 diebus
2772 2329 2842 2384 ad
2882 2344 2982 2384 nos
3023 2330 3279 2399 epistolas
3317 2331 3578 2387 mitteres.

1989 2421 2105 2477 Non
2130 2421 2273 2477 enim
2295 2422 2404 2491 jam
2439 2419 2706 2477 Cucusum
2746 2435 2845 2476 nos
2867 2419 3110 2476 habitare
3145 2435 3456 2488 censemus,
3488 2437 3582 2477 ne-

1988 2527 2093 2582 que
2117 2513 2172 2566 in
2195 2511 2482 2566 solitudine
2500 2511 2695 2580 degere
2713 2551 2728 2574 ,
2755 2519 2957 2565 tantam
2985 2525 3050 2565 ex
3077 2510 3246 2566 literis
3275 2514 3378 2566 tuis
3403 2527 3466 2568 ac
3492 2521 3582 2568 tua

1990 2605 2202 2658 sincera
2230 2603 2452 2658 caritate
2491 2603 2815 2672 voluptatem
2847 2601 3140 2656 haurimus.
3197 2602 3349 2670 Quod
3398 2612 3578 2659 autem

1991 2709 2097 2749 non
2145 2694 2328 2748 literas
2366 2700 2571 2747 tantum
2619 2681 2849 2758 miseris,
2878 2690 2972 2746 sed
3001 2692 3160 2745 etiam
3187 2691 3406 2746 domino
3457 2708 3580 2748 meo

1989 2783 2337 2840 dilectissimo
2389 2781 2538 2837 fratri
2590 2790 2776 2837 nostro
2824 2780 3045 2835 Libanio
3095 2782 3424 2850 persuaseris
3449 2823 3466 2848 ,
3525 2794 3583 2838 ut

1989 2875 2146 2930 istinc
2171 2875 2434 2936 solveret,
2457 2881 2513 2927 et
2537 2871 3014 2942 peregrinationem
3060 2872 3215 2926 istam
3259 2873 3578 2941 susciperet,

1990 2973 2203 3033 quantae
2231 2962 2370 3018 istud
2396 2972 2477 3017 est
2495 2961 2878 3017 benevolentia:
2893 2962 2918 3013 á¼¸
2933 2970 3146 3030 quanue
3166 2961 3576 3017 sollicitudinis?

1992 3056 2105 3112 Hac
2127 3055 2197 3111 de
2225 3068 2386 3109 causa
2415 3053 2657 3108 laetantur
2671 3061 2725 3107 et
2747 3052 3094 3107 exsultamus.
3134 3052 3278 3107 Nihil
3305 3054 3448 3108 enim
3472 3063 3579 3121 est,

1990 3149 2132 3220 quod
2184 3163 2306 3202 cum
2351 3146 2574 3202 caritate
2609 3143 2841 3200 conferri
2893 3144 3083 3214 possit.
3122 3143 3298 3214 Atque
3344 3159 3374 3198 a
3426 3144 3584 3200 nobis

1991 3240 2204 3310 quidem
2235 3239 2347 3308 ipsa
2370 3236 2604 3307 postulas
2620 3277 2636 3302 ,
2659 3244 2718 3290 ut
2740 3234 2982 3290 eamdem
3003 3249 3384 3290 conservemus
3412 3235 3580 3290 bene-

1994 3332 2280 3385 volentiam
2302 3369 2317 3394 ,
2344 3343 2502 3396 quam
2531 3342 2564 3380 a
2601 3325 2859 3395 principio
2882 3339 3009 3394 erga
3036 3332 3090 3379 te
3119 3340 3229 3394 prae
3263 3324 3418 3380 nobis
3455 3326 3580 3380 tuli-

1994 3436 2113 3476 mus
2142 3437 2155 3472 :
2182 3430 2236 3473 at
2266 3433 2364 3472 nos
2388 3415 2574 3471 eadem
2628 3415 2717 3468 illa
2763 3428 3011 3469 mensura
3046 3414 3282 3468 contenti
3323 3429 3444 3470 esse
3473 3430 3581 3470 non

1995 3525 2308 3582 possumus,
2348 3508 2443 3563 sed
2496 3506 2732 3577 quotidie
2764 3521 3022 3560 conamur
3059 3507 3307 3562 affectum
3345 3507 3495 3562 illum
3528 3516 3584 3563 et

1994 3600 2278 3654 amicitiam
2299 3612 2424 3668 erga
2452 3606 2502 3651 te
2527 3610 2660 3651 nova
2681 3595 2927 3666 quapiam
2953 3596 3260 3652 accessione
3287 3597 3579 3664 cumulare,

1995 3691 2136 3763 quod
2162 3691 2288 3747 dum
2319 3692 2522 3761 agimus
2543 3730 2558 3753 ,
2581 3688 2844 3744 beneficio
2868 3703 2966 3743 nos
2996 3689 3140 3758 ipsos
3177 3687 3438 3742 afficimus
3469 3703 3583 3742 ma-

1996 3786 2160 3838 ximo.
2191 3782 2306 3838 Non
2355 3782 2499 3836 enim
2550 3779 2842 3835 desinimus
2881 3788 3060 3833 mente
3096 3793 3308 3833 versare
3343 3793 3464 3847 qua:
3514 3779 3582 3833 sit

1998 3877 2247 3932 nobilitas
2275 3875 2469 3930 animae
2500 3881 2622 3940 tute,
2654 3887 2772 3942 quae
2801 3870 3100 3932 sinceritas,
3129 3869 3426 3939 ingenuitas
3451 3871 3586 3924 ami-

1998 3969 2157 4034 citiae,
2188 3975 2242 4021 et
2259 3965 2462 4020 candor
2481 3964 2550 4016 ab
2565 3963 2710 4017 omni
2729 3960 3150 4016 dissimulatione
3169 3959 3395 4025 alienus,
3413 3969 3468 4015 et
3490 3975 3584 4015 co-

2000 4057 2309 4129 gitationum
2337 4055 2558 4108 istarum
2588 4053 2843 4108 memoria
2868 4052 3097 4106 maxima
3123 4051 3305 4106 iaztitia
3333 4066 3432 4106 nos
3458 4067 3586 4122 per-

2000 4148 2189 4202 fundit.
2229 4145 2487 4212 Quocirca
2521 4153 2572 4198 te
2599 4143 2963 4208 obsecramus,
2987 4150 3044 4196 ut
3072 4141 3141 4196 de
3161 4151 3341 4197 nostra
3365 4143 3588 4198 caritate

2002 4252 2210 4302 secura,
2233 4235 2451 4290 minime
2473 4233 2657 4289 doleas
2675 4234 2690 4264 â¸
2714 4241 2933 4303 propter
2953 4247 3016 4287 ea
3041 4247 3162 4302 quae
3181 4248 3210 4287 a
3238 4241 3326 4288 tua
3355 4249 3586 4289 venera-

2004 4329 2148 4383 tione
2179 4326 2489 4381 transmissa
2516 4332 2659 4387 sunt,
2686 4323 2827 4394 quod
2847 4338 2910 4378 ea
2935 4322 3183 4377 nimirum
3201 4323 3586 4377 remiserimus.
3624 4392 3631 4399 â€˜

2003 4417 2273 4487 Siquidem
2301 4415 2492 4472 affectu
2517 4415 2630 4485 ipso
2663 4423 2717 4468 et
2738 4415 3039 4483 accepimus
3057 4454 3072 4481 ,
3100 4422 3153 4467 et
3182 4413 3284 4468 illis
3323 4413 3472 4482 potiti
3501 4428 3591 4466 su-

2007 4526 2159 4576 mus;
2189 4500 2282 4565 sed
2318 4509 2566 4577 quoniam
2596 4506 2738 4561 nulla
2766 4514 3001 4575 egestate
3031 4503 3354 4574 premimur,
3385 4503 3588 4573 signifi-

2007 4595 2262 4667 cavimus,
2287 4609 2345 4653 ut
2369 4599 2616 4654 nobilitas
2642 4607 2726 4651 tua
2755 4597 2842 4651 illa
2869 4604 3191 4651 conservet:
3226 4595 3365 4664 quod
3382 4595 3426 4648 si
3457 4595 3590 4651 forte

2007 4706 2312 4763 premamur
2327 4695 2582 4760 egestate,
2597 4687 2804 4742 videbis
2823 4693 3018 4756 quanta
3035 4684 3278 4739 libertate
3294 4683 3590 4754 fiduciaque

2009 4784 2342 4846 scribemus,
2371 4789 2431 4836 ut
2473 4779 2541 4834 ad
2583 4793 2682 4834 nos
2725 4779 3031 4842 mittantur,
3077 4776 3213 4830 etin
3253 4774 3356 4829 hoc
3381 4789 3592 4844 quoque

2010 4877 2116 4931 tuis
2141 4875 2301 4931 dictis
2333 4873 2656 4944 parebimus.
2696 4870 2784 4926 Sic
2819 4869 2960 4924 enim
2994 4868 3094 4922 sub
3145 4869 3306 4922 finem
3353 4867 3593 4938 epistola:

2011 4964 2464 5033 dixisti,0stcnde
2503 4973 2646 5018 tuam
2694 4962 2945 5033 pietatem
2994 4959 3148 5014 nobis
3185 4958 3478 5026 confidere,
3530 4973 3595 5014 ac

2016 5057 2179 5112 rebus
2210 5057 2406 5114 nostris
2428 5064 2693 5125 tamquam
2726 5052 2955 5122 propriis
2974 5051 3068 5106 uti.
3093 5049 3316 5118 Quando
3341 5050 3501 5121 igitur
3517 5049 3596 5106 sic

2015 5147 2196 5202 animo
2233 5161 2330 5201 nos
2357 5144 2576 5200 affectos
2607 5159 2728 5199 esse
2757 5144 2870 5209 vis,
2909 5151 2965 5197 ut
3000 5140 3182 5211 procul
3219 5140 3382 5196 dubio
3404 5141 3484 5195 vis
3503 5181 3519 5205 ,
3541 5149 3598 5196 et

2015 5239 2120 5293 tuis
2151 5239 2312 5293 rebus
2340 5245 2606 5306 tamquam
2630 5233 2858 5304 propriis
2878 5233 2973 5297 uti,
2992 5246 3112 5287 cum
3139 5231 3204 5284 ad
3231 5240 3282 5287 te
3305 5230 3597 5302 scripsero,

2083 5341 2101 5374 á½·
2127 5340 2277 5390 Savil.
2301 5347 2350 5388 et
2374 5353 2501 5388 unus
2519 5337 2646 5400 cod,
2667 5335 2894 5400 quocirca
2921 5335 3244 5400 obsecramus,
3266 5340 3445 5400 castris
3459 5333 3591 5400 cari-

2020 5399 2109 5465 tati
2128 5400 2436 5465 conï¬dentes,
2458 5399 2658 5465 minime
2676 5395 2859 5448 dolere.
2891 5413 2907 5444 Îµ
2942 5399 3157 5465 [traque
3184 5399 3351 5465 I_ectio,
3383 5412 3412 5465 Â»Î”
3434 5395 3594 5464 inquit

2022 5457 2248 5522 Ducasus,
2295 5477 2313 5509 Î¹
2353 5461 2469 5511 ferri
2495 5466 2878 5522 potestztamen
2907 5457 3123 5520 amplexi
3160 5459 3372 5522 alteram
3392 5457 3590 5522 fuimus,

2019 5523 2151 5585 quod
2192 5519 2356 5572 minus
2399 5519 2630 5572 usitiatum
2673 5520 2740 5570 sit
2766 5519 3128 5585 (1hr3'sosttitno,
3156 5534 3304 5585 unum
3330 5519 3593 5585 pluraliter

2021 5576 2225 5647 alloqui,
2251 5593 2303 5635 ut
2330 5587 2382 5633 tit
2409 5598 2501 5647 per
2521 5596 2705 5647 vocem,
2731 5576 2905 5647 castris
2932 5576 3124 5647 (suam),
3148 5576 3381 5647 quodque
3413 5576 3461 5627 in
3491 5584 3594 5628 tota

2020 5645 2112 5756 hic
2136 5640 2345 5756 epistola
2382 5640 2669 5708 pronomina
2694 5640 3203 5708 'singularisâ€˜ntttneri
3233 5640 3418 5694 tantum
3449 5651 3590 5692 uauh

2024 5721 2056 5756 Î¹)
2115 5743 2125 5754 .

2024 5720 2125 5770 pet.
2154 5720 2174 5756 Î¹
