4064 6218
521 281 622 338 739

525 406 638 450 tmn
669 394 985 452 transmitte.
1029 393 1140 446 lloc
1168 391 1308 445 enim
1332 389 1619 443 maximum
1636 396 1720 442 est
1746 388 1996 442 indicium
2025 402 2112 441 me

528 487 616 544 illa
647 487 856 557 propria
886 499 1125 546 censere,
1154 482 1196 536 si
1222 497 1342 536 cum
1369 482 1585 536 voluero
1606 523 1621 545 ,
1651 490 1762 535 tum
1788 481 1872 535 illa
1895 479 2111 533 mittan-

530 588 634 642 tur,
659 591 766 632 non
794 591 913 630 cum
943 575 1046 630 illis
1089 588 1194 628 non
1234 573 1464 644 indigeo.
1507 572 1560 626 In
1591 574 1693 628 hoc
1732 587 1860 642 ergo
1901 587 2110 642 quoque

533 669 796 722 sinceram
821 675 962 720 tuam
1006 665 1230 720 ostende
1267 665 1568 730 caritatem,
1595 674 1649 720 et
1681 679 1783 735 qua
1812 664 2108 718 reverentia

527 774 624 814 nos
650 758 920 820 observes,
965 757 1105 825 quod
1158 757 1213 814 in
1253 756 1352 811 hac
1396 772 1454 810 re
1507 771 1606 810 nos
1659 756 2004 818 toleraveris;
2056 766 2110 810 et

523 851 916 921 quamprimum
940 851 1119 905 literas
1151 851 1320 914 mitte,
1346 865 1464 919 quae
1515 859 1565 904 te
1607 849 1822 903 minime
1853 864 1993 918 aegre
2023 858 2108 901 tu-

521 943 648 998 lisse
674 943 992 1012 significent.
1035 941 1145 996 Nisi
1175 941 1316 996 enim
1339 940 1440 994 hoc
1466 940 1657 995 feceris
1675 980 1690 1004 ,
1716 939 1768 994 in
1792 947 2104 1008 perpetuam

519 1033 838 1087 anxietatem
853 1041 910 1086 et
927 1030 1336 1086 sollicitudinem
1366 1045 1464 1084 nos
1487 1029 1738 1098 conjicies
1768 1045 1782 1081 :
1816 1043 1921 1082 non
1958 1027 2102 1082 enim

518 1125 735 1180 solliciti
761 1139 877 1179 esse
901 1124 1205 1179 desinemus
1243 1139 1368 1177 num
1396 1122 1529 1177 forte
1557 1123 1766 1177 molesti
1804 1121 2098 1176 fuerimus:

519 1215 782 1284 siquidem
812 1215 978 1269 multo
1003 1213 1178 1268 studio
1199 1215 1434 1268 caritatis
1457 1223 1558 1268 tua:
1584 1223 1847 1278 tenemur,
1877 1221 1930 1267 et
1957 1223 2099 1266 tuam

521 1307 849 1362 nobilitatem
897 1306 1194 1361 recreandi.
1236 1306 1520 1375 Postquam
1565 1306 1722 1375 igitur
1755 1304 2100 1359 excusatione

515 1399 596 1452 usi
633 1414 837 1465 sumus,
867 1415 973 1469 quo
1000 1409 1152 1468 pacto
1178 1400 1318 1452 illam
1343 1402 1616 1468 acceperis
1648 1399 1800 1453 nobis
1834 1397 2094 1467 significa.

518 1489 648 1544 Nam
690 1499 747 1544 ut
777 1491 1070 1560 intelligere
1117 1501 1290 1560 potest
1337 1493 1568 1545 suavitas
1609 1500 1718 1558 tua,
1765 1491 1918 1546 nobis
1956 1492 2096 1560 apud

514 1580 649 1634 alios
695 1581 784 1650 qui
835 1580 1061 1650 idipsutn
1100 1582 1491 1650 praestiterant,
1521 1582 1781 1652 nobisque
1809 1583 2093 1638 admodum

514 1670 622 1724 cari
651 1679 822 1737 erant,
857 1671 996 1725 nulla
1026 1672 1179 1726 nobis
1201 1671 1455 1727 utendum
1483 1675 1822 1727 excusatione
1845 1673 1973 1740 fuit,
1999 1674 2094 1729 sed

512 1760 643 1815 satis
684 1760 780 1814 fuit
815 1761 1096 1830 repudiare
1136 1763 1442 1817 transmissa
1475 1778 1696 1817 :vernm
1749 1765 1890 1833 apud
1948 1774 2092 1819 tuam

511 1854 908 1908 venerationem
934 1863 989 1909 et
1014 1855 1366 1910 excusatione
1397 1856 1611 1920 utimur,
1643 1864 1779 1910 etne
1799 1871 1941 1926 :egre
1955 1857 2094 1912 feras

509 1945 871 2009 obsecramus,
905 1961 1076 2014 neque
1103 1948 1246 2014 prius
1275 1945 1389 2000 hinc
1420 1945 1704 2001 identidem
1725 1947 1903 2002 dicere
1931 1947 2094 2001 inter-

510 2034 781 2088 mittenius
801 2075 815 2098 ,
843 2034 1014 2089 donec
1048 2044 1098 2090 te
1120 2035 1272 2089 nobis
1304 2036 1519 2090 minime
1535 2039 1904 2092 succensuisse
1923 2038 2087 2107 signi-

509 2125 774 2180 ficaveris.
813 2125 963 2194 Quod
1017 2128 1061 2180 si
1115 2126 1416 2195 hujusmodi
1462 2127 1642 2182 literas
1677 2127 2086 2193 obtinuerimus,

507 2217 671 2286 duplo
699 2233 761 2272 ac
791 2217 948 2286 triplo
987 2232 1048 2272 ac
1076 2217 1344 2272 multoties
1369 2219 1569 2288 majora
1593 2234 1750 2288 quam
1778 2234 1897 2289 quae
1926 2220 2086 2274 missa

509 2315 653 2372 sunt,
691 2322 790 2360 nos
838 2309 1106 2376 accepisse
1159 2308 1554 2363 arbitrabimur.
1597 2308 1652 2363 ld
1687 2309 1828 2364 enim
1857 2312 2088 2366 maxime

417 2381 432 2394 โท
513 2405 687 2465 potest
723 2406 1036 2467 argumento
1060 2413 1207 2463 esse,
1237 2409 1431 2468 quanta
1474 2401 1772 2456 reverentia
1800 2409 1856 2456 et
1883 2400 2087 2477 honore

503 2500 602 2542 uos
627 2487 792 2542 colas.

679 2621 1040 2678 CCXXXIII.
1071 2624 1151 2678 Ad
1176 2623 1488 2696 Episcopum
1516 2626 1903 2683 Antiochenam.

533 2757 826 2827 Oportebat
837 2758 1049 2828 quidem
1068 2760 1316 2829 pietatem
1342 2773 1574 2816 vestram
1587 2778 1692 2818 non
1705 2765 1880 2819 verbis
1895 2779 2080 2820 eorum

495 2852 582 2918 qui
605 2850 806 2922 loquuti
833 2858 975 2915 sunt,
1003 2859 1178 2906 mente
1203 2853 1456 2922 subverti,
1486 2855 1580 2910 sed
1607 2856 1659 2909 in
1688 2864 1829 2910 tanta
1857 2858 2081 2912 menda-

499 2943 702 2995 ciorum
729 2943 882 3010 copia
904 2945 1066 2996 multa
1087 2958 1207 2997 cum
1234 2945 1526 3000 attentione
1553 2947 1826 3003 veritatem
1862 2949 2080 3005 investi-

495 3045 638 3097 gare.
680 3030 735 3087 Si
758 3032 900 3086 enim
937 3033 1114 3085 omnia
1145 3049 1265 3102 quae
1294 3035 1451 3104 vulgo
1477 3037 1744 3104 jactantur
1782 3054 1908 3094 vera
1952 3055 2078 3095 cen-

493 3133 633 3184 seas,
658 3117 708 3172 in
741 3120 1029 3187 periculum
1069 3123 1281 3176 venient
1308 3138 1494 3178 omnes
1518 3126 1534 3156 ยน
1565 3143 1578 3178 :
1610 3126 1691 3179 sin
1722 3137 1896 3182 autem
1927 3129 2074 3199 judi-

493 3210 579 3263 cio
599 3218 655 3264 et
683 3209 884 3280 legibus
910 3226 972 3265 ea
1001 3227 1118 3281 qua:
1146 3213 1309 3267 latent
1338 3216 1782 3285 pervestigentur,
1813 3218 2069 3286 judicium

490 3313 520 3351 a
543 3299 694 3354 vobis
719 3314 819 3369 ego
840 3299 1008 3355 libens
1038 3307 1379 3370 postularem,
1418 3305 1517 3359 nisi
1539 3305 1656 3375 quis
1682 3307 1782 3361 alia
1808 3323 1993 3364 rursus
2018 3311 2072 3366 in

491 3403 577 3443 me
601 3389 876 3444 calumnia:
905 3390 1009 3445 tela
1033 3391 1318 3460 jaculetur.
1364 3389 1547 3450 Timeo
1600 3411 1850 3467 namque,
1901 3399 2071 3456 timeo

488 3477 596 3547 jam
626 3479 841 3534 umbras
860 3490 915 3534 et
935 3481 1239 3550 simulacra,
1258 3491 1536 3553 postquam
1558 3500 1654 3542 vos
1678 3487 1745 3541 ita
1768 3487 2066 3558 judicastis.

487 3571 657 3624 Amici
685 3572 930 3626 amicitia:
959 3573 1201 3628 nmttium
1228 3577 1566 3643 remiserunt,
1593 3579 1682 3648 qui
1700 3579 1850 3648 juxta
1879 3591 2064 3648 erant,

485 3678 514 3716 a
563 3663 719 3733 longe
745 3672 1025 3729 steterunt,
1054 3673 1110 3719 et
1159 3667 1247 3734 qui
1288 3667 1444 3735 longe
1485 3677 1636 3722 erant
1681 3669 2066 3726 calumniarum

483 3753 655 3822 jacula
683 3763 1057 3810 contorserunt
1085 3755 1282 3825 ,(Psal.
1325 3759 1412 3812 57.
1465 3758 1576 3828 12).
1633 3759 1896 3817 Effecistis
1923 3773 1982 3818 ut
2010 3765 2065 3822 in

485 3845 662 3899 medio
685 3855 838 3914 portu
866 3846 1198 3916 naufragium
1221 3857 1450 3917 paterer.
1491 3849 1595 3905 Sed
1616 3853 1857 3920 quamvis
1880 3854 2066 3925 ejiciar

482 3949 549 3988 cx
572 3934 719 3999 urbe,
745 3945 900 4005 atque
925 3937 992 3991 ab
1022 3937 1256 3992 Ecclesia
1283 3938 1532 4009 sejungar
1554 3981 1568 4005 ,
1594 3941 1659 3995 ad
1689 3944 1910 4011 quodvis
1937 3961 2064 4016 sup-

484 4025 694 4092 plicium
721 4025 996 4081 ferendum
1018 4043 1104 4082 me
1132 4030 1289 4084 statui
1319 4046 1649 4100 comparare.
1691 4035 2061 4108 Philosophari

480 4115 608 4168 mihi
638 4131 701 4170 ac
741 4118 1002 4184 patienter
1039 4118 1262 4175 adversa
1300 4121 1441 4176 ferre
1489 4122 1758 4179 decretum
1788 4135 1871 4182 est
1902 4145 1915 4180 :
1946 4130 2061 4185 scio

479 4205 642 4271 cutim,
673 4206 785 4260 scio
814 4209 1131 4273 certissime,
1164 4211 1378 4266 civitate
1407 4211 1693 4269 firmiorem
1725 4231 1843 4272 esse
1871 4219 2058 4274 solitu-

476 4294 676 4364 dinem,
708 4305 762 4351 et
783 4297 979 4352 bestias
1001 4299 1113 4368 agri
1140 4302 1529 4358 mansuetiores
1553 4305 1763 4360 amicis.
1799 4307 1942 4362 Vale.

475 4425 743 4480 CCXXXI
763 4427 820 4482 V.
861 4427 1064 4483 Brisoni
1092 4428 1184 4502 (ฮฑ).
1228 4431 1537 4502 (Postquam
1577 4435 1843 4534 Cucusum
1867 4455 2055 4510 perve-

1002 4534 1150 4576 nerat
1171 4537 1308 4577 anno
1328 4525 1480 4590 404.)

540 4652 878 4722 Septuaginta
907 4653 1076 4710 ferme
1111 4661 1437 4728 consumptis
1483 4661 1536 4715 in
1594 4663 1784 4721 itinere
1838 4667 2046 4736 diebus,

471 4745 610 4800 unde
639 4754 814 4815 potest
853 4748 1144 4817 amplitudo
1184 4759 1272 4805 tua
1297 4753 1545 4824 colligere
1568 4797 1583 4822 ,
1615 4767 1744 4826 quot
1770 4767 1826 4814 et
1847 4771 2047 4831 quanta

468 4837 603 4889 mala
633 4838 772 4904 passi
815 4840 1066 4895 fuerimus
1091 4883 1105 4906 ,
1139 4857 1258 4896 cum
1291 4852 1343 4898 et
1389 4845 1685 4902 Isaurorum
1731 4863 1905 4906 metus
1947 4871 2046 4911 nos

467 4925 700 4995 undique
725 4942 1028 4998 premeret,
1060 4941 1113 4987 et
1141 4949 1260 4988 cum
1293 4935 1638 4995 intolerandis
1664 4940 1898 5000 febribus
1927 4956 2044 5002 cot-

465 5016 806 5087 luctaremur,
837 5023 1100 5079 Cucusum
1133 5029 1294 5082 totius
1322 5029 1465 5085 orbis
1493 5041 1752 5089 terrarum
1785 5037 2043 5096 desertis-

464 5105 658 5161 simum
681 5110 854 5166 locum
884 5116 1092 5171 tandem
1125 5119 1406 5189 aliquando
1437 5127 1794 5192 pervenimus.
1838 5133 1901 5187 Et
1927 5133 2042 5190 hmc

529 5305 916 5389 :โtjgglโomaiq,
955 5326 1055 5373 pro,
1095 5326 1270 5388 omnes:
1304 5317 1450 5389 infra.
1477 5333 1894 5389 pervestigaveris,
1933 5342 2036 5389 pro,

461 5372 852 5446 psittestigetttur.
879 5372 987 5422 Haec
1023 5389 1168 5446 porro
1193 5380 1407 5446 epistola
1528 5372 2036 5446 Porphfriumnlโm'tio:

458 5426 968 5503 chentttlnfepisoppum
1005 5426 1116 5485 data
1155 5426 1845 5503 est.defusionem'riziiiiiiรฉ

459 5489 800 5570 ๏ฌngefugam
814 5489 1083 5570 invaserat,
1105 5507 1155 5548 et
1177 5489 1307 5551 inter
1329 5489 2034 5570 acรฉiriiiib's'di๏ฌรฉa's'๏ฌi๏ฌiiโtiรฉ'l

455 5557 561 5597 stes
576 5553 934 5603 numerabatur.
1069 5553 1079 5558 โท
1546 5553 1553 5555 แผก
1574 5553 1581 5554 แฝท
1678 5553 1715 5570 โทโธ
1732 5553 1745 5554 แฝท
1763 5553 1876 5584 โโโโโต

456 5667 493 5720 L
803 5617 1022 5680 epistola:
1068 5629 1253 5683 partem
1298 5626 1450 5676 refert
1492 5627 1782 5689 bicephorus
1816 5630 2033 5684 Callistus

569 5711 646 5732 ฮฟฮฝ.
670 5711 747 5726 -ฮนฮฟ

1250 277 1306 334 S.
1349 275 1625 333 JOAโNNIS
1669 271 2144 331 CllliYSOSTOMl
2188 270 2504 328 ABCIIIEP.
2545 262 3085 337 CONSTANTISOP.

3703 294 3818 350 แผจฮ

2221 385 2341 443 dico
2368 403 2473 443 non
2501 405 2695 462 rogans
2724 401 2781 446 ut
2820 393 3027 448 molesti
3061 395 3151 450 ulli
3179 394 3333 463 sitis,
3371 413 3434 456 ac
3481 403 3703 474 petatis,
3763 414 3825 460 ut

2220 477 2344 534 hinc
2369 480 2751 538 transferamur
2783 502 2796 537 :
2821 485 2960 555 quod
2990 488 3131 541 enim
3163 497 3279 543 erat
3304 493 3676 560 gravissimum
3693 497 3805 565 jam

2219 568 2552 638 pertulimus,
2581 589 2776 645 nempe
2805 578 2902 631 vim
2923 579 3222 634 molestiam
3257 597 3271 635 :
3303 582 3398 637 sed
3429 583 3566 640 hanc
3593 602 3621 639 a
3651 591 3804 646 vobis

2219 669 2340 727 peto
2383 663 2646 730 gratiam,
2681 675 2736 718 ut
2785 666 2850 719 ad
2899 684 2997 722 nos
3045 671 3258 726 assidue
3307 673 3573 740 scribatis,
3629 694 3802 748 neque

2217 761 2496 821 propterea
2523 755 2660 824 quod
2678 756 2884 827 longius
2913 774 2942 811 a
2971 762 3119 815 vobis
3139 763 3351 834 relegati
3375 781 3586 833 sumus,
3601 770 3802 827 idcirco

2214 861 2308 899 nos
2338 844 2437 900 ista
2457 847 2822 903 consolatione
2851 852 3087 919 privetis.
3121 844 3277 908 Scitis
3307 858 3448 910 enim
3477 871 3681 929 quanto
3701 880 3800 920 nos

2211 934 2351 990 istud
2373 938 2562 991 solatio
2609 940 2764 1006 levet,
2798 945 3137 1010 quantumvis
3180 945 3362 1001 afflicti
3388 949 3556 1004 simus
3575 964 3630 1006 et
3655 969 3801 1008 mru-

2210 1028 2348 1081 muis
2370 1028 2597 1096 obsessi,
2620 1046 2742 1085 cum
2773 1032 2839 1086 de
2857 1035 3159 1090 valetudine
3184 1046 3357 1093 vestra
3383 1042 3680 1098 amicorum
3696 1061 3799 1098 no-

2207 1126 2437 1173 strormn
2468 1122 2726 1177 certiores
2757 1125 2871 1178 fieri
2915 1141 3197 1194 possumus
3225 1171 3239 1194 ,
3281 1145 3344 1185 ac
3382 1148 3476 1187 vos
3507 1133 3704 1190 hilares
3740 1147 3796 1192 et

2207 1209 2502 1267 incolumes
2531 1229 2672 1280 esse,
2704 1230 2767 1270 ac
2788 1217 2942 1286 plane
2971 1235 3208 1273 securos.
3237 1222 3301 1276 Ut
3336 1223 3494 1293 igitur
3523 1227 3645 1282 hinc
3685 1247 3793 1284 non

2205 1303 2525 1360 mediocrem
2545 1309 2808 1376 possimus
2825 1325 3046 1379 carpere
3067 1313 3407 1381 voluptatem,
3428 1317 3592 1374 dehis
3608 1321 3795 1377 ad'nos

2202 1395 2414 1450 assidue
2434 1397 2625 1453 scribe.
2653 1399 2767 1454 Non
2790 1401 2930 1455 enim
2961 1402 3147 1457 leviter
3174 1421 3270 1460 nos
3299 1411 3581 1473 recreabis,
3611 1414 3796 1468 sedet

2203 1485 2404 1556 ingenti
2423 1489 2616 1544 solatio
2645 1489 2857 1545 taedium
2887 1503 3126 1548 nostrum
3148 1496 3336 1564 lenies,
3370 1515 3485 1554 cum
3513 1519 3615 1557 non
3641 1504 3798 1573 igno-

2200 1593 2304 1644 res,
2335 1589 2587 1648 quantum
2616 1583 2718 1636 tuis
2746 1586 3039 1640 commodis
3059 1589 3290 1657 gaudere
3312 1593 3586 1650 soleamus.

2190 1690 2510 1776 โCCXXXV.
2556 1693 2844 1767 Porpliyrio
2884 1700 3114 1769 episcopo
3159 1702 3406 1758 R/tosensi
3437 1703 3786 1776 (a).(Cucuso

2829 1803 2970 1842 anno
2989 1788 3142 1860 404.)

2263 1895 2434 1962 Quam
2457 1897 2625 1964 firma,
2659 1915 2816 1969 quam
2842 1903 3124 1969 constanti,
3152 1921 3306 1974 quam
3330 1907 3545 1964 immota
3562 1913 3787 1969 caritate

2195 1985 2289 2046 sis.
2321 2001 2428 2042 non
2452 2003 2538 2044 me
2568 1988 2716 2060 fugit,
2744 2006 2842 2046 nec
2868 1993 3027 2047 ullam
3059 1997 3389 2064 negotiorum
3415 2000 3782 2060 difficultatem

2194 2077 2338 2132 illam
2361 2094 2515 2147 posse
2544 2082 2899 2140 labefactare:
2925 2085 2975 2141 id
3010 2103 3138 2142 vero
3166 2099 3217 2143 tu
3260 2092 3419 2148 rebus
3444 2095 3573 2165 ipsis
3598 2108 3784 2156 osten-

2192 2168 2337 2223 disti.
2377 2169 2545 2238 Quam
2571 2172 2641 2226 ob
2663 2189 2876 2230 causam
2907 2193 3004 2232 nos
3033 2194 3261 2250 quoque,
3292 2183 3418 2237 licet
3440 2187 3624 2242 morbo
3651 2205 3779 2244 eor-

2191 2262 2348 2330 rcpti,
2381 2271 2541 2332 atque
2569 2265 2618 2319 in
2645 2266 2818 2321 locum
2843 2269 3002 2324 totius
3032 2270 3191 2341 hujus
3218 2277 3384 2330 nostri
3403 2278 3554 2350 orbis
3591 2281 3780 2337 desero

2193 2350 2454 2407 tissimum
2483 2352 2642 2409 delati
2673 2355 2956 2424 Cucusum,
2984 2371 3038 2415 et
3061 2363 3357 2419 Isaurorum
3385 2367 3779 2429 incursionibus

2188 2444 2561 2511 circumsessi,
2585 2461 2646 2501 ac
2671 2450 2852 2505 multis
2871 2455 3123 2508 mrumnis
3160 2457 3330 2510 vexati
3352 2499 3366 2522 ,
3389 2469 3443 2514 et
3469 2463 3776 2532 scribimus,

2188 2544 2244 2591 et
2268 2536 2503 2593 debitam
2532 2540 2902 2597 salutationem
2931 2555 3031 2598 tum
3053 2547 3233 2614 pietati
3260 2553 3631 2620 persolvimus,
3654 2572 3779 2611 cor-

2187 2644 2315 2698 pore
2335 2631 2546 2700 quidem
2569 2631 2814 2702 sejuncti,
2835 2635 2928 2690 sed
2953 2639 3131 2692 animo
3147 2641 3397 2710 cepuIati,
3421 2659 3776 2718 magnamque

2186 2722 2309 2776 inde
2332 2724 2747 2780 consolationem
2777 2729 3118 2798 percipimus.
3158 2731 3306 2788 Licet
3330 2736 3473 2792 enim
3500 2754 3606 2792 non
3637 2740 3769 2794 levi-

2185 2815 2284 2870 bus
2318 2815 2434 2873 haec
2454 2821 2799 2874 commutatio
2825 2821 3222 2881 difficultatibus
3246 2828 3314 2881 sit
3341 2829 3582 2895 obsessa,
3601 2835 3770 2887 maxi-

2184 2921 2327 2986 mum
2351 2917 2527 2963 tamen
2563 2910 2688 2966 inde
2714 2912 2958 2968 solatium
2986 2916 3276 2985 haurimus,
3308 2921 3447 2988 quod
3479 2937 3581 2976 non
3609 2923 3773 2995 longe

2182 3013 2211 3051 a
2229 2998 2379 3053 vobis
2399 3000 2673 3069 absumus,
2696 3017 2758 3058 ac
2783 3005 3086 3075 frequenter
3116 3023 3413 3077 possumus,
3443 3014 3654 3069 modico
3682 3018 3772 3070 in-

2181 3088 2402 3159 terjecto
2439 3091 2648 3147 itineris
2699 3092 2857 3164 hujus
2905 3096 3202 3166 intervallo,
3251 3108 3305 3154 et
3348 3102 3413 3156 ad
3443 3118 3538 3158 vos
3583 3105 3770 3160 literas

2178 3179 2308 3236 dare
2331 3190 2386 3236 et
2409 3196 2440 3236 a
2472 3182 2625 3238 vobis
2652 3185 2913 3255 accipere.
2956 3187 3087 3242 Nam
3132 3190 3176 3244 si
3205 3191 3303 3245 hac
3335 3192 3614 3249 festivitate
3641 3213 3769 3265 per-

2176 3272 2416 3329 fruamur
2447 3276 2804 3345 (festivitatem
2855 3280 2996 3334 enim
3047 3282 3146 3337 hoc
3175 3299 3272 3354 ego
3313 3300 3538 3352 censeo,
3571 3305 3636 3344 ac
3677 3306 3765 3344 so-

2175 3362 2502 3421 lemnitatem
2526 3409 2540 3432 ,
2573 3377 2626 3423 et
2669 3369 2899 3439 ingentis
2939 3371 3226 3442 voluptatis
3277 3377 3660 3449 occasionem),
3697 3397 3766 3436 ne

2173 3457 2452 3512 minimum
2478 3460 2688 3528 quidem
2715 3476 2929 3517 sensum
2957 3462 3112 3534 hujus
3137 3466 3454 3533 solitudinis,
3484 3479 3684 3538 metus,
3707 3483 3766 3527 et

2171 3549 2453 3604 anxietatis
2472 3552 2763 3620 capiemus.

2243 3663 2482 3719 CCXXX
2497 3664 2592 3719 VI.
2618 3664 2844 3721 Carterio
2868 3668 3090 3737 prasidi.
3116 3667 3344 3741 (Cucnso
3367 3686 3505 3726 anno
3529 3673 3679 3743 401.)

2245 3776 2650 3834 Desertissimus
2688 3777 2901 3849 quidem
2945 3780 3136 3833 mirum
3166 3782 3216 3834 in
3249 3783 3464 3836 modum
3493 3784 3644 3839 locus
3673 3795 3758 3841 est

2168 3868 2409 3926 Cucusus
2451 3888 2465 3923 :
2508 3881 2875 3927 verumtamen
2923 3870 3060 3926 haud
3105 3874 3177 3928 ita
3207 3889 3305 3928 nos
3338 3876 3622 3932 solitudine
3656 3893 3754 3932 sua

2167 3962 2475 4024 eontristat.
2525 3977 2587 4018 ac
2631 3963 2812 4032 quiete
2855 3963 3154 4032 exhilarat,
3197 3965 3444 4036 quodque
3487 3968 3630 4021 nulla
3679 3985 3752 4023 ex

2166 4062 2316 4121 parte
2366 4052 2518 4108 nobis
2555 4054 2828 4122 negotium
2883 4053 3114 4109 facessit.
3168 4055 3424 4124 Quocirca
3476 4070 3752 4128 tamquam

2165 4141 2232 4197 ad
2278 4151 2487 4212 portum
2531 4143 2812 4213 quemdam
2844 4145 2908 4198 ad
2935 4145 3273 4201 solitudinem
3304 4148 3441 4204 hanc
3465 4149 3627 4205 delati
3659 4167 3751 4206 se-

2163 4231 2372 4297 demus,
2408 4242 2462 4288 et
2481 4249 2510 4287 a
2541 4235 2694 4288 malis
2714 4250 2831 4304 qua}
2856 4236 2908 4288 in
2941 4235 3023 4290 via
3053 4237 3366 4306 pertulimus
3394 4241 3746 4310 respiramus,

2105 4316 2110 4319 โ
2161 4333 2217 4379 et
2245 4327 2413 4381 morbi
2443 4335 2600 4397 atque
2628 4329 2892 4383 malorum
2933 4345 3051 4398 qua:
3099 4333 3445 4388 sustinuimus
3489 4335 3748 4406 reliquias

2161 4414 2261 4471 hac
2284 4418 2460 4487 quiete
2488 4419 2821 4488 depellimus.
2867 4421 2976 4476 lloc
3000 4422 3136 4491 apud
3167 4426 3565 4494 amplitudinem
3597 4439 3744 4485 tuam

2159 4522 2408 4564 sermone
2431 4510 2628 4566 idcirco
2653 4521 2794 4577 utor,
2823 4513 2962 4582 quod
2991 4515 3278 4585 inlclligatlt
3309 4518 3528 4572 mirifice
3559 4527 3608 4574 te
3641 4536 3743 4573 no-

2157 4611 2266 4658 stra
2293 4603 2470 4672 quiete
2494 4603 2681 4666 laetari,
2725 4606 3149 4675 quandoquidem
3201 4609 3342 4663 nulla
3397 4625 3492 4664 nos
3548 4627 3744 4680 capere

2157 4703 2337 4765 potest
2386 4710 2570 4749 eorum
2617 4695 2847 4760 oblivio,
2901 4713 3018 4766 qua:
3071 4697 3190 4752 istic
3232 4715 3261 4752 a
3315 4708 3366 4752 te
3406 4713 3526 4753 sunt
3554 4713 3738 4770 gesta,

2155 4784 2280 4840 dum
2328 4794 2681 4854 prmpostcros
2711 4785 2828 4840 illos
2855 4796 2906 4841 et
2935 4787 3261 4856 importunus
3298 4791 3553 4845 tumultus
3584 4794 3744 4845 seda-

2153 4893 2262 4944 rcs,
2316 4888 2371 4932 et
2410 4893 2621 4931 omnem
2671 4877 2894 4947 lapidem
2942 4895 3202 4946 moveres,
3260 4891 3315 4935 ut
3355 4881 3404 4935 in
3453 4885 3742 4941 securitate

2152 4983 2510 5033 versaremur,
2545 4978 2598 5023 et
2625 4985 2742 5038 qua:
2773 4979 2974 5024 tuarum
3017 4983 3170 5025 erant
3199 4975 3424 5042 partium
3448 5015 3462 5036 ,
3513 4979 3738 5030 onmin

2153 5069 2454 5128 praestares.
2500 5060 2625 5115 litec
2665 5076 2761 5116 nos
2808 5061 2946 5130 apud
2988 5078 3194 5127 omnes,
3227 5079 3563 5134 quocumque
3601 5084 3733 5137 gen-

2150 5153 2282 5203 tium
2324 5149 2647 5213 deferamur,
2695 5151 3063 5220 prmdicamus,
3111 5154 3309 5223 tibique
3348 5156 3574 5224 gratiam
3628 5174 3735 5212 non

2150 5241 2473 5296 mediocrem
2521 5243 2795 5312 habemus,
2846 5245 3060 5300 domine
3104 5247 3172 5299 mi
3226 5247 3506 5314 plurnnmn
3560 5253 3727 5319 suspi-

2146 5335 2355 5401 ciende,
2385 5335 2455 5390 ob
2479 5345 2672 5389 tantam
2700 5337 2834 5392 hanc
2860 5339 3266 5395 sollicitudinem
3301 5359 3312 5394 :
3341 5356 3524 5395 verum
3551 5352 3606 5396 ut
3626 5359 3732 5397 non

2205 5510 2278 5572 (ฮฑ)
2299 5520 2348 5577 tu
2372 5510 2488 5560 Edtt.
2500 5511 2666 5577 saviiโ
2693 5511 2959 5577 Porpltyrio
2971 5513 3205 5576 episcopo,
3220 5513 3522 5577 simpliciter,
3540 5519 3731 5577 nonad-

2141 5572 2258 5637 dito,
2285 5573 2526 5637 Rhoscnsi,
2555 5587 2664 5634 qua:
2703 5572 2871 5622 tamen
2910 5572 3055 5624 lectio
3079 5572 3374 5624 in'onmibus
3393 5589 3593 5637 prorsus
3617 5575 3738 5627 Mss.

2140 5633 2366 5743 ๏ฌngetur.
2392 5641 2452 5683 Ea
2495 5633 2640 5686 dere
2665 5637 2777 5688 vide
2810 5651 2920 5700 qua:
2942 5637 3152 5687 diximus
3190 5649 3334 5702 supra
3365 5633 3425 5687 ad
3471 5637 3733 5701 epistolam
