4064 6218
318 259 423 315 759

326 375 555 446 σημεῖον
579 372 670 437 τδ,
690 372 853 446 ἡνίκα
877 372 944 429 ἂν
967 372 1078 444 ἐγὼ
1108 371 1375 446 βουληθῶ,
1403 372 1523 427 τότε
1554 369 1888 443 πέμπεσθαι,

322 468 462 524 ἀλλά
493 467 567 539 μὴ
586 466 728 531 τότε,
758 466 847 519 ὅτε
868 465 929 519 οὑ
951 466 1161 536 δέομαι.
1191 463 1373 531 Δεῖξον
1392 464 1570 517 τοίνυν
1598 464 1700 517 κάν
1722 462 1894 532 τούτῳ

324 560 423 632 τὴν
450 558 679 630 γνησίαν
705 574 799 609 σου
825 555 1026 626 φιλίαν,
1049 555 1143 609 καὶ
1163 554 1261 625 τὴν
1281 552 1414 607 αίδῶ
1433 552 1531 624 τὴν
1561 552 1693 624 περὶ
1724 553 1892 622 ἡμᾶς,

324 651 404 722 τῷ
435 650 531 703 καὶ
573 651 630 702 ἐν
662 647 837 718 τούτῳ
862 646 1018 717 ήμῶν
1048 644 1401 717 ἀνασχέσθαι’
1438 645 1531 698 xal
1562 643 1772 714 πέμψον
1795 658 1897 695 τα-

326 743 467 813 χέως
481 737 767 808 ἐπιστολὴν
794 735 1242 805 ἀπαγγέλλουσαν
1258 737 1391 806 ήμῖν
1414 733 1488 798 ὡς
1511 734 1608 787 οὑκ
1630 733 1891 805 ἤλγησας.

332 836 430 886 Ἂν
453 832 561 902 7&9
587 829 661 901 μὴ
686 826 842 882 τοῦτο
869 827 1119 899 ποιήσῃς,
1152 828 1210 880 ἐν
1234 825 1472 897 διηνεκεῖ
1498 825 1733 896 φροντίδι
1764 823 1889 878 κιθ-

328 923 482 994 ιστᾷν
515 921 663 992 ἡμᾶς
704 917 949 990 μέλλεις
986 917 1046 970 οὑ
1095 917 1203 989 γὰρ
1235 915 1553 987 παυσόμεθα
1589 916 1894 986 μεριμνῶν·

324 1032 439 1079 τες,
468 1014 541 1084 μή
575 1028 704 1065 ποτε
726 1011 1106 1081 ἐλυπήσαμενο
1137 1009 1270 1063 πολὺ
1295 1009 1404 1081 γάρ
1434 1026 1526 1062 σου
1553 1009 1652 1079 τῆς
1677 1008 1897 1079 ἀγάπης

324 1104 684 1175 ἀντεχόμεθα,
729 1101 945 1155 καὶτοῦ
978 1099 1274 1154 ἀναπαύειν
1317 1117 1411 1152 σου
1451 1098 1547 1170 τὴν
1592 1098 1893 1167 εὐγένειαν.

340 1197 494 1250 Ἐπεὶ
518 1190 611 1248 οὑν
644 1191 847 1255 ίκανῶς
872 1190 1353 1263 ἀπελογησάμεθα,
1400 1189 1635 1260 δήλωσον
1661 1190 1790 1259 ἡμῖν
1820 1188 1896 1251 ώς

328 1287 493 1355 ἐδέξω
518 1285 617 1357 τὴν
644 1282 938 1352 ἀπολογίαν
965 1281 1143 1354 ἡμῶν.
1184 1282 1294 1336 Kal
1324 1282 1432 1353 7&9
1459 1279 1633 1345 ἔξεστί
1663 1296 1754 1332 σου
1792 1295 1895 1349 μα-

326 1381 440 1434 θεῖν
470 1377 570 1447 τὴν
606 1373 901 1447 ἐμμέλειαν
935 1391 984 1440 ι,
1013 1375 1095 1428 ὅτι
1128 1373 1263 1441 πρὸς
1308 1372 1633 1444 μένιάλλους
1662 1371 1724 1424 τὺ
1762 1370 1895 1425 αὑτὸ

325 1470 392 1540 δή
431 1467 591 1521 τοῦτο
635 1466 1026 1535 πεποιηκότας,
1069 1464 1164 1518 καὶ
1209 1462 1415 1535 σφόδρα
1450 1461 1702 1533 γνησίους
1737 1463 1890 1533 ἡμῖν,

327 1562 427 1613 οὑκ
453 1558 674 1630 ἐδέησεν
699 1558 831 1629 ἡμῖν
853 1554 1173 1623 ἀπολογίας,
1200 1554 1314 1608 ἀλλ’
1346 1554 1548 1625 ἤρκεσε
1569 1553 1629 1605 τὸ
1646 1550 1895 1623 διακρού-

329 1650 524 1704 σασθαι
552 1650 624 1704 τά
648 1647 1000 1720 πεμφθέντα·
1036 1645 1127 1698 ἐπὶ
1155 1645 1213 1699 δέ
1226 1645 1325 1716 τῆς
1356 1645 1453 1715 σῆς
1477 1643 1783 1715 τιμιότητος
1803 1640 1897 1695 καὶ

330 1740 764 1814 ἀπολογούμεθα,
812 1741 913 1793 καὶ
954 1735 1380 1809 παρακαλοῦμεν
1437 1735 1602 1807 μηδὲν
1637 1735 1895 1805 ἀλγῆσαι,

327 1838 423 1890 καὶ
449 1835 510 1889 οὑ
540 1834 802 1905 πρότερον
818 1828 1239 1901 ἀποστησόμεθα
1256 1826 1493 1897 συνεχῶς
1515 1823 1688 1880 ταῦτα
1715 1824 1899 1894 λέγον-

326 1946 441 1993 τες,
473 1928 578 1990 ἐως
612 1926 678 1980 ἀν
704 1926 836 1996 ἡμῖν
861 1921 1251 1994 δηλοποιήσης,
1277 1920 1361 1972 ὅτι
1384 1918 1484 1972 οὑκ
1508 1917 1770 1989 ήλγησας.
1799 1918 1896 1969 Ἂν

327 2022 439 2093 γὰρ
484 2017 738 2073 τοιούτων
777 2013 1122 2084 ἐπιτύχωμεν
1161 2002 1524 2081 γραμμάτων,
1563 2006 1896 2070 διπλασίονα,

329 2115 425 2168 καὶ
461 2094 835 2183 τριπλασίονα,
867 2105 963 2159 καὶ
992 2102 1425 2157 πολλαπλασίονα
1466 2101 1494 2141 δ
1522 2100 1629 2153 τῶν
1657 2100 1897 2153 ἀποστα-

328 2204 530 2257 λέντων
547 2197 827 2273 ἡγούμεθα
846 2193 1111 2265 δεδέχθαι.
1140 2192 1344 2245 Ἱκανὸν
1359 2190 1468 2261 7&9
1492 2190 1722 2261 μάλιστα
1742 2186 1900 2241 τοῦτο

327 2293 504 2353 δεῖξαι
535 2291 631 2345 καὶ
654 2289 754 2360 τὴν
796 2286 955 2354 αίδῶ,
995 2286 1091 2339 καὶ
1120 2283 1220 2356 τὴν
1247 2282 1431 2353 τιμὴν,
1473 2282 1540 2352 ἢν
1587 2279 1731 2351 ἔχεις
1761 2277 1899 2349 πρὸς

413 2388 499 2451 ἇς.

413 2389 499 2451 ἅς.

328 2389 412 2459 ml
644 2494 827 2551 ΣΛιν.
869 2493 1024 2563 Πρὸς
1054 2491 1162 2546 τὸν
1210 2487 1582 2558 Ἀντιοχείας.

406 2625 554 2679 Ἔδει
590 2623 687 2696 μὲν
714 2608 816 2694 τὴν
843 2620 1115 2693 ὑμετέραν
1138 2617 1423 2683 εὐλάϐειαν
1457 2613 1531 2685 μὴ
1555 2614 1667 2676 τοῖς
1698 2611 1762 2681 ρή
1772 2626 1901 2679 μασι

328 2716 439 2770 τῶν
467 2713 766 2786 εἰρηκότων
798 2708 1243 2783 παρατρέπεσθαι
1280 2707 1378 2778 τήν
1406 2704 1661 2768 διάνοιαν,
1696 2701 1809 2766 ἀλλῗ
1845 2700 1902 2754 ἐν

330 2804 408 2875 τῷ
436 2803 631 2875 πλήθει
659 2801 752 2855 τοῦ
777 2800 1007 2871 ψεύδους
1031 2799 1168 2871 μετὰ
1193 2797 1395 2866 πολλῆς
1417 2796 1515 2866 τῆς
1545 2793 1789 2862 σκέψεως
1816 2792 1904 2844 ἀν-

334 2894 637 2968 ιχνεύεσθαι
661 2894 759 2963 τὴν
783 2891 1059 2961 ἀλήθειαν.
1083 2891 1147 2944 Εἰ
1180 2889 1286 2961 γάρ
1315 2887 1529 2941 ἅπαντα
1547 2884 1615 2938 τά
1643 2882 1902 2954 θρυλλού-

335 3002 475 3057 μενα
494 2983 750 3055 ἀλήθειαν
779 2979 1090 3044 ὑπολάϐοις,
1125 2976 1526 3033 κινδυνεύσειαν
1548 2974 1615 3028 ἂν
1645 2972 1899 3035 ἅπαντες·

327 3079 381 3135 εί
416 3075 472 3130 δὲ
502 3076 680 3149 κρίσει
712 3074 808 3128 καὶ
836 3072 1020 3143 νόμοις
1046 3067 1380 3139 ἀνιχνεύεται
1408 3066 1475 3121 τά
1501 3076 1524 3105 ο
1545 3062 1899 3130 λανθάνοντα,

330 3168 613 3240 κριτήριον
636 3165 702 3221 ἂν
742 3164 919 3234 ἔγωγε
951 3162 1081 3234 παρ’
1107 3160 1262 3232 ὑμῶν
1287 3158 1616 3229 ἐπεζήτησα,
1641 3159 1689 3211 εί
1713 3157 1788 3228 μή
1818 3172 1903 3219 τις

330 3258 495 3328 ἔτερα
534 3251 690 3318 αὖθις
728 3254 868 3307 ὅπλα
907 3248 1275 3319 συκοφαντίας
1317 3264 1406 3319 μοι
1436 3244 1769 3299 ἐπιπνεύσει.
1801 3244 1899 3297 Δέ-

331 3347 489 3400 δοικα
521 3345 652 3415 γάρ,
682 3342 897 3396 δέδοικα
919 3339 1105 3394 λοιπὸν
1128 3337 1227 3401 τάς
1261 3335 1437 3399 σκιάς,
1464 3334 1559 3388 καὶ
1588 3333 1657 3386 τά
1694 3331 1900 3402 φαντά-

337 3452 543 3507 σματα,
592 3433 780 3505 ἐπειδὴ
813 3432 968 3486 αὑτοὶ
1015 3427 1371 3483 ἐδικαιώσατε
1417 3424 1610 3488 οὑτως.
1649 3426 1711 3477 Οί
1757 3423 1901 3493 φίλοι

332 3529 430 3598 τὴν
457 3525 639 3596 φιλίαν
676 3526 1005 3595 ἠρνήσαντο,
1049 3523 1098 3575 οἱ
1148 3518 1374 3590 πλησίον
1422 3516 1573 3579 ὅντες
1620 3513 1900 3587 πόρρωθεν

334 3617 487 3691 [729]
520 3616 775 3686 ἔστησαν,
810 3615 908 3667 καὶ
943 3608 1226 3685 πόρρωθεν
1253 3608 1406 3671 ὄντες
1436 3605 1504 3660 τά
1529 3604 1655 3677 βέλη
1680 3604 1783 3675 τῆς
1816 3620 1904 3656 συ-

330 3708 630 3778 κοφαντίας
672 3702 1110 3769 ἀποτοξεύουσιν.
1161 3698 1250 3754 Ἐν
1285 3698 1433 3770 μέσῳ
1458 3697 1516 3750 δὲ
1551 3695 1644 3749 τοῦ
1685 3693 1901 3765 λιμένος

330 3799 463 3853 ὂντα
508 3814 577 3869 με
602 3797 857 3865 ναυάγιον
894 3793 1181 3864 ὑπομεῖναι
1205 3791 1517 3859 ἐποιήσατε.
1559 3786 1696 3840 Ἀλλ’
1736 3786 1786 3839 εί
1807 3785 1901 3839 καὶ

328 3891 433 3962 τῆς
450 3891 656 3953 πόλεως
675 3887 1029 3958 ἐκϐάλλομαι,
1057 3884 1153 3939 καὶ
1179 3883 1278 3953 τῆς
1300 3880 1624 3951 Ἑκκλησίας
1643 3877 1902 3949 ἀπείργο-

336 3997 457 4052 μαι,
512 3980 769 4051 πείθομαι
799 3978 935 4052 πρὸς
986 3978 1166 4030 πᾶσαν
1209 3971 1575 4027 ἀποδύσασθαι
1605 3970 1896 4042 τιμωρίαν.

331 4072 600 4145 Κέκριται
622 4069 732 4141 γάρ
759 4085 848 4140 μοι
873 4066 1201 4137 φιλοσοφεῖν,
1226 4061 1320 4116 καὶ
1345 4062 1529 4134 φέρειν
1548 4060 1809 4129 γενναίως
1828 4058 1901 4113 τὰ

330 4162 589 4234 δυσχερῆ.
623 4156 754 4214 Οἶδα
779 4157 909 4229 γὰρ,
937 4153 1053 4210 οἶδα
1091 4154 1277 4224 σαφῶς
1300 4153 1398 4224 τὴν
1422 4151 1654 4224 ἐρημίαν
1681 4151 1903 4203 εὐτονω-

329 4251 497 4323 τέραν
525 4246 664 4303 εῖναι
689 4247 790 4318 τῆς
813 4246 1043 4309 πόλεως,
1074 4245 1167 4298 καὶ
1185 4243 1256 4297 τά
1283 4242 1450 4315 θηρία
1477 4241 1573 4296 τοῦ
1594 4238 1763 4311 ἀγροῦ
1788 4238 1905 4295 τῶν

331 4340 503 4410 φίλων
533 4338 880 4412 ήμερώτερα.
913 4336 1184 4407 Ἐρρωσο.

869 4457 1041 4513 ΣΛΔ’.
1094 4454 1369 4524 Βρίσωνι.

412 4582 819 4655 Ἐϐδομήκοντα
862 4576 1046 4649 σχεδὸν
1098 4574 1310 4647 ἡμέρας
1356 4569 1729 4635 ἀναλώσαντες
1760 4567 1900 4623 κατά

332 4676 433 4747 τὴν
461 4675 604 4738 ὁδὸν,
650 4672 773 4728 ὅθεν
830 4666 1141 4738 λογίζεσθαι
1183 4665 1357 4730 ἔξεστι
1386 4665 1453 4734 τῇ
1507 4659 1900 4733 θαυμασιότητί

333 4785 453 4830 σου,
506 4766 606 4821 δσα
630 4782 692 4818 τε
735 4762 829 4817 καὶ⁵
876 4760 1041 4833 ἡλίκα
1082 4755 1429 4827 πεπόνθαμεν
1460 4753 1624 4816 κακά,
1659 4752 1809 4823 φόϐῳ
1838 4769 1898 4807 τε

344 4854 632 4928 Ἰσαυρικῷ
681 4849 1131 4923 πολιορκούμενοι
1175 4843 1464 4917 πολλαχοῦ,
1509 4844 1604 4898 καὶ
1649 4844 1898 4915 πυρετοῖς

331 4948 628 5018 ἀφορήτοις
670 4944 1013 5006 παλαίοντες,
1060 4939 1158 5009 ὀψέ
1207 4954 1337 4991 ποτε
1387 4935 1775 5006 ἀπηντήσαμεν
1819 4935 1899 4998 είς

333 5038 431 5109 τὴν
457 5036 786 5099 Κουκουσὸν,
810 5035 871 5088 τὸ
901 5033 1080 5103 πάσης
1100 5031 1199 5102 τῆς
1222 5026 1544 5098 οἰκουμένης
1563 5025 1897 5097 ἐρημότατον

332 5128 552 5201 χωρίον.
590 5127 700 5180 Kal
735 5125 908 5179 ταῦτα
938 5122 1082 5192 λέγω
1112 5120 1211 5174 οὑκ
1239 5117 1404 5184 ἀξιῶν
1432 5116 1716 5188 ἐνοχλῆσαι
1754 5132 1893 5181 τινα,

330 5220 473 5277 ὥστε
497 5219 646 5290 ἡμᾶς
678 5218 1011 5289 μεταστῆσαι
1049 5212 1296 5269 ἐντεῦθεν
1334 5210 1415 5281 (τὸ
1444 5213 1554 5281 γὰρ
1583 5207 1884 5279 χαλεπώτα-

325 5327 419 5368 τον
465 5309 816 5382 διηνὺσαμεν,
864 5310 962 5374 τῆς
1005 5304 1124 5361 6δοὺ
1178 5304 1277 5374 τὴν
1319 5300 1735 5374 ταλαιπωρίαν),
1778 5299 1896 5355 ἀλλ’

397 5505 416 5531 ’
444 5525 549 5575 Duo
570 5533 683 5571 mss.
708 5527 766 5585 τῇ
786 5519 1030 5584 ἐμμελείᾳ.

388 5587 413 5624 δ
437 5585 1026 5647 (ἶοὶειίη.πο)ωπλασίον9·
1271 5636 1281 5647 ,
1422 5635 1435 5647 .
1579 5632 1594 5647 ρ
1771 5633 1782 5647 ο

388 5651 411 5678 ’⁵
444 5649 567 5699 πρε.
602 5645 933 5695 κινδυνεύσειεν
962 5642 1207 5692 ἅπαντα...
1233 5636 1392 5698 νόμοις
1413 5635 1702 5700 ἀνιχνεύσαιξ
1722 5635 1799 5684 τά.

1754 260 2138 319 EPISTOL/E.

2940 237 2972 255 Χ

3447 254 3561 312 740

1995 368 2138 439 ὑμᾶς
2192 367 2351 440 χάριν
2400 366 2574 432 αίτῶ,
2621 367 2682 422 τὺ
2724 370 2979 440 -συνεχῶς
3023 370 3153 443 ἡμῖν
3200 371 3551 443 ἐπιστέλλειν,

1996 460 2150 530 μηδὲ,
2189 460 2376 532 ἐπειδὴ
2422 460 2752 531 πορρωτέρω
2787 462 3201 534 μετῳκίσθημεν
3247 464 3420 536 ὑμῶν,
3458 468 3555 522 καὶ

1992 551 2194 622 ταύτης
2245 553 2393 623 ἡμᾶς
2434 553 2804 623 ἀποστερῆσαι
2838 553 2937 624 τῆς
2991 556 3361 625 παραμυθίας.
3410 559 3553 613 Ἴστε

1993 642 2102 713 7&9
2131 643 2233 712 ὅση
2260 632 2602 715 παράκλησις
2632 644 2762 715 ἡμῖν
2781 642 3008 711 γίνεται,
3034 647 3081 698 εί
3109 645 3202 699 καὶ
3227 646 3294 699 τά
3314 647 3552 720 ήμέτερσ

1994 730 2052 784 ἐν
2086 730 2258 801 θλίψει
2288 734 2381 786 καὶ
2404 732 2738 805 περιστάσει,
2767 734 2894 787 ὅταν
2914 733 3197 806 ἀκούωμεν
3214 735 3284 789 τὰ
3309 737 3435 809 περ)⁵
3458 739 3555 809 τῆς

1995 819 2184 888 ὑγείας
2217 820 2370 891 ὑμῶν
2397 822 2504 874 τῶν
2533 819 2869 889 ἀγαπώντων
2908 823 3075 892 ἡμᾶς,
3109 824 3190 877 δτι
3225 825 3282 877 ἐν
3326 824 3558 899 εὑθυμίᾳ

1995 913 2089 966 καὶ
2128 913 2286 986 ὑγεία
2323 914 2467 978 ἐστὲ,
2511 914 2605 973 καὶ
2645 914 2799 987 ἀδείᾳ
2827 916 3014 988 πολλῇ.
3045 917 3140 971 Ἵν’
3178 914 3270 974 οὖν
3312 920 3557 975 ἐντεῦθεν

1996 1003 2195 1075 πολλῆς
2235 1003 2596 1075 ἀπολαύωμεν
2626 1006 2725 1076 τῆς
2767 1005 3124 1077 εὐφροσύνης,
3172 1009 3350 1081 γράφε
3387 1009 3560 1064 ταῦτα

1997 1096 2231 1166 συνεχῶς
2277 1099 2433 1167 ἡμῖν.
2470 1097 2547 1152 Οὑ
2588 1097 2697 1169 γάρ
2724 1097 2799 1163 ώς
2836 1098 3023 1170 ἐτυχεν
3063 1101 3208 1171 ἡμᾶς
3241 1102 3556 1175 ἀνακτήσῃ,

1995 1185 2127 1239 ἀλλά
2156 1188 2353 1260 πολλῆς
2376 1190 2521 1260 ἡμᾶς
2541 1191 2979 1259 παρασκευάσεις
3004 1193 3305 1248 ἀπολαῦσαι
3324 1196 3422 1266 τῆς
3450 1213 3546 1250 πα-

1996 1277 2295 1349 ραμυθίας·
2325 1281 2420 1333 καὶ
2451 1280 2560 1351 7&9
2591 1283 2691 1335 οὑκ
2715 1283 2947 1351 ἀγνοεῖς,
2977 1286 3126 1350 ὅπως
3155 1286 3417 1359 χαίρομεν
3447 1290 3557 1350 τοῖς

1997 1371 2108 1432 σοῖς
2129 1368 2369 1438 ἀγαθοῖς.

2151 1547 2330 1598 ΣΛΕ’.
2370 1548 2682 1615 Πορφυρίς)
2713 1548 3021 1629 ἐπισκόπῳ
3058 1550 3278 1605 Ῥωσοῦ
3297 1550 3345 1605 ἀ.

2067 1650 2198 1708 Οἶδά
2220 1672 2310 1709 σου
2340 1657 2438 1727 τῆς
2461 1658 2678 1729 ἀγάπης
2696 1659 2757 1714 τὸ
2780 1662 3026 1734 στερρὸν,
3062 1662 3121 1715 τὸ
3144 1662 3563 1734 ἀπερίτρεπτον,

1999 1745 2059 1799 τὸ
2085 1746 2319 1812 ἀκλινές,
2349 1749 2441 1801 xal
2471 1749 2545 1813 ώς
2561 1750 2785 1821 οὐδεμία
2811 1754 3153 1824 πραγμάτων
3175 1754 3429 1810 δυσκολία
3449 1756 3562 1809 αὑ-

1993 1837 2092 1909 τὴν
2124 1840 2533 1910 παρασαλεῦσαι
2567 1840 2773 1895 δύναιτ’
2800 1844 2866 1929 ἀν
2886 1859 2901 1875 ο
2944 1844 3101 1897 τοῦτο
3126 1845 3214 1899 διά
3244 1847 3352 1899 τῶν
3382 1846 3559 1918 ἔργων

1996 1929 2224 1994 ἔδειξας.
2255 1931 2353 1985 Διά
2396 1931 2551 1984 τοῦτο
2589 1933 2683 1985 καὶ
2725 1935 2909 2003 ἡμεῖς,
2956 1935 3130 1989 καίτοι
3175 1936 3235 1988 ἐν
3280 1935 3561 2011 ἀρρωστία

1998 2021 2357 2087 καθεστῶτες,
2377 2023 2470 2076 καὶ
2495 2024 2576 2087 είς
2600 2022 2661 2075 τὸ
2680 2022 2859 2095 πάσης
2881 2024 2980 2094 τῆς
2996 2024 3117 2079 καθ’
3142 2026 3289 2096 ἡμᾶς
3305 2027 3561 2098 οἰκουμέ-

1999 2125 2097 2181 νης
2144 2112 2480 2184 ἐρημότατον
2510 2112 2708 2183 χωρίον
2755 2113 3158 2187 ἀπενεχθέντες.
3190 2116 3287 2187 τὴν
3322 2117 3558 2171 Κουκου-

2001 2198 2113 2265 σὺν,
2149 2200 2243 2254 καὶ
2274 2201 2378 2253 ὑπὸ
2405 2201 2502 2272 τῆς
2534 2201 2641 2255 τῶν
2679 2202 2938 2273 Ἰσαύρων
2962 2203 3149 2274 ἐφόδου
3172 2204 3563 2280 πολιορκούμε-

2000 2306 2102 2353 νοι,
2133 2290 2226 2343 καὶ
2249 2292 2307 2344 ἐν
2333 2291 2555 2355 πολλαῖς
2581 2291 2732 2355 ὄντες
2747 2292 3122 2362 περιστάσεσι,
3147 2296 3241 2348 καὶ
3258 2296 3560 2367 γράφομεν,

1999 2381 2092 2434 καὶ
2121 2382 2219 2453 τὴν
2244 2382 2596 2454 ὀφειλομένην
2629 2381 2950 2453 ἀποδίδομεν
2989 2384 3288 2455 πρόσρησιν
3311 2389 3376 2456 τῇ
3408 2387 3566 2441 εὑλα-

2000 2471 2122 2543 ϐείᾳ
2157 2475 2222 2543 τῇ
2272 2475 2370 2543 σῇ,
2410 2472 2489 2544 τῷ
2532 2472 2742 2544 σώματι
2793 2475 2890 2545 μὲν
2923 2475 3285 2547 διεστηκότες,
3319 2481 3387 2549 τῇ
3417 2479 3562 2551 ψυχῇ

1999 2561 2056 2614 δὲ
2088 2561 2478 2639 συνδεδεμένοι,
2512 2562 2608 2616 καί
2635 2563 2895 2634 μεγίστην
2926 2564 3171 2618 ἐντεῦθεν
3207 2567 3566 2637 καρπούμεθα

2000 2654 2099 2723 τὴν
2122 2654 2483 2726 παράκλησιν.
2516 2655 2579 2707 El
2604 2655 2715 2726 7&9
2744 2656 2836 2708 καὶ
2862 2655 3028 2727 πολλή
3051 2656 3150 2726 τῆς
3180 2656 3423 2710 ἐντεῦθεν
3448 2658 3566 2712 δια-

2000 2743 2192 2813 τριϐῆς
2219 2747 2251 2815 ή
2286 2743 2560 2806 δυσκολία,
2611 2744 2726 2798 ἀλλ’
2759 2744 2817 2798 ἓν
2851 2745 3008 2801 τοῦτο
3036 2746 3288 2816 μέγιστον
3319 2746 3567 2802 ἐντεῦθεν

2001 2837 2382 2908 καρπούμεθα,
2412 2836 2473 2890 τὸ
2500 2839 2565 2890 ἐκ
2590 2837 2843 2904 γειτόνων
2868 2839 2995 2907 ὑμῖν
3019 2833 3177 2901 εἶναι,
3211 2838 3303 2892 καὶ
3328 2840 3566 2909 συνεχῶς

2000 2928 2280 2994 δύνασθαι,
2320 2928 2502 2997 ὀλίγου
2533 2927 2628 2982 τοῦ
2669 2929 2837 2999 μέσου
2864 2930 2963 3000 τῆς
2993 2929 3116 2983 ὁδοῦ
3160 2931 3362 3002 ταύτης
3392 2932 3567 2997 ὄντος,

2001 3020 2097 3073 καὶ
2148 3019 2480 3073 ἐπιστέλλειν
2530 3019 2665 3091 πρὸς
2698 3019 2796 3091 τὴν
2826 3021 3096 3091 ὑμετέραν
3134 3020 3438 3089 ε’ὑλάϐειαν,
3472 3026 3568 3080 καὶ⁸

2000 3105 2250 3177 δέχεσθαι
2272 3109 2404 3179 παρ’
2430 3107 2584 3178 ὑμῶν
2613 3108 2937 3178 γράμματα.
2964 3111 3073 3164 Kal
3090 3111 3199 3184 7&9
3218 3113 3420 3183 ταύτης
3443 3115 3571 3168 ἀπο-

2000 3197 2253 3262 λαύοντες
2274 3198 2373 3269 τῆς
2394 3198 2588 3271 ἐορτῆς
2624 3198 2836 3271 (ἑορτὴν
2856 3200 2962 3272 γὰρ
2997 3200 3107 3270 ἐγὼ
3134 3202 3291 3256 τοῦτο
3326 3202 3567 3275 τίθεμαι,

1954 3345 1981 3355 ε
2002 3290 2095 3344 καὶ
2139 3291 2465 3362 πανήγυριν,
2517 3293 2613 3345 καὶ
2648 3291 2850 3363 πολλῆς
2881 3294 3074 3365 ήδονῆς
3117 3296 3415 3366 ὑπόθεσιν).
3448 3298 3568 3352 οὑδὲ

2003 3382 2207 3454 μικράν
2229 3382 2481 3454 αίσθησιν
2506 3383 2604 3454 τῆς
2626 3383 2883 3454 ἐρημίας,
2905 3385 2999 3438 καὶ
3023 3385 3116 3440 τοῦ
3142 3386 3326 3456 φόϐου,
3354 3387 3569 3458 καὶτῆς

1999 3472 2234 3541 ἀγωνίας
2264 3472 2563 3543 ληψόμεθα.

2280 3631 2427 3705 [7'50]
2461 3635 2650 3700 ΣΛετν.
2684 3634 2976 3703 Καρτερίῳ
3021 3635 3280 3706 ἡγεμόνι.

2083 3746 2450 3819 Ἐρημότατον
2501 3748 2599 3818 μὲν
2645 3748 2842 3820 χωρίον
2874 3749 2993 3819 μεθ’
3026 3749 3329 3821 ὑπερϐολῆς
3365 3751 3397 3821 ή
3426 3751 3568 3804 Κου-

2001 3837 2193 3901 κουσός
2217 3849 2240 3878 ο
2261 3855 2275 3869 ·
2313 3838 2451 3909 πλὴν
2492 3838 2605 3891 ἀλλ’
2633 3841 2730 3909 οὑχ
2760 3839 2932 3902 οὕτως
2963 3842 3107 3911 ἡμᾶς
3131 3843 3196 3911 τῇ
3232 3840 3437 3913 ἐρημίᾳ
3472 3841 3566 3894 λυ-

2001 3931 2112 3993 πεῖ,
2126 3930 2203 3993 ώς
2221 3929 2496 4001 εὐφραίνει
2517 3932 2582 4001 τῇ
2611 3930 2831 4001 ἠσυχίᾳ,
2862 3931 3055 4001 καὶτῷ
3083 3931 3391 4003 μηδαμόθεν
3434 3935 3566 4004 ἡμῖν

2000 4018 2299 4092 πράγματα
2353 4020 2628 4091 παρέχειν.
2664 4019 2754 4073 Διὸ
2800 4019 3048 4092 καθάπερ
3091 4022 3172 4085 είς
3211 4020 3406 4092 λιμένα
3444 4023 3567 4078 τινὰ

1999 4109 2096 4182 τὴν
2134 4110 2369 4182 ἐρημίαν
2412 4110 2615 4183 ταύτην
2659 4112 3053 4183 ἀπηντηκότες,
3099 4111 3242 4168 οὑτω
3276 4112 3567 4185 καθήμεθα

1998 4201 2107 4256 ἀπὸ
2133 4200 2242 4254 τῶν
2274 4200 2414 4255 κατά
2442 4200 2540 4273 τὴν
2583 4201 2700 4256 ὁδὸν
2726 4203 2911 4257 κακῶν
2948 4204 3326 4270 ἀναπνέοντες,
3358 4206 3448 4259 καὶ
3500 4208 3566 4276 τῇ

1999 4292 2199 4364 ἠσυχίᾳ
2228 4291 2402 4367 ταύτῃ
2430 4296 2531 4365 τῆς
2559 4294 2871 4367 ἀρρωστίας
2902 4294 2996 4348 καὶ
3025 4295 3134 4349 τῶν
3156 4294 3330 4349 ἀλλων
3358 4293 3564 4360 κακῶν,

1998 4375 2073 4437 ὧν
2108 4381 2500 4455 ὑπεμείναμεν,
2530 4384 2599 4439 τά
2630 4384 2851 4455 λείψανα
2875 4384 3226 4458 διορθοῦντες.
3259 4384 3368 4438 Kal
3395 4383 3567 4438 ταῦτα

1998 4476 2298 4547 εἰρήκαμεν
2330 4476 2468 4548 πρὸς
2493 4477 2591 4549 τὴν
2620 4477 2718 4545 σὴν
2752 4476 3128 4548 λαμπρότητα,
3155 4475 3341 4549 ἐπειδὴ
3364 4475 3566 4547 σφόδρα

2002 4566 2161 4639 ῐσμεν
2188 4569 2444 4639 χαίροντά
2476 4585 2536 4622 σε
2561 4571 2626 4640 τῇ
2657 4569 2836 4622 ἀνέσει
2868 4571 2935 4640 τῇ
2965 4567 3230 4640 ἡμετέρᾳ,
3260 4567 3385 4621 ἐπεὶ
3408 4567 3499 4622 καὶ
3528 4566 3566 4624 ἃ

2000 4660 2189 4715 αὑοόθι
2234 4661 2539 4734 πεποίηκας
2581 4661 2835 4715 οὐδέποτε
2874 4661 3218 4715 ἐπιλαθέσθαι
3270 4661 3562 4730 δυνάμεθα,

1999 4753 2125 4815 τοὺς
2160 4754 2448 4815 προπετεῖς
2489 4751 2727 4816 ἐκείνους
2765 4752 2858 4807 καὶ
2884 4752 3196 4820 ἀλογίστους
3222 4751 3564 4806 ἀναστέλλων

2000 4841 2281 4914 θορύϐους,
2335 4843 2427 4901 καὶ
2473 4844 2649 4897 πάντα
2691 4842 2879 4909 ποιῶν,
2929 4842 3071 4896 ὥστε
3128 4844 3275 4913 ἡμᾶς
3316 4844 3374 4895 ἐν
3409 4841 3563 4912 ἀδείᾳ

2000 4938 2368 5006 καταστῆσαι,
2401 4934 2496 4990 καὶ
2516 4934 2583 4988 τά
2607 4933 2803 4989 σαυτοῦ
2828 4933 3067 5004 πληρῶν.
3098 4934 3207 4988 Kal
3230 4932 3400 4991 ταῖὲτα
3429 4932 3564 5004 πρὸς

2000 5027 2243 5092 ἅπαντας
2294 5029 2535 5099 ὅπουπερ
2598 5026 2665 5081 ἂν
2721 5026 3043 5097 ἀφικώμεθα
3096 5025 3559 5098 ἀνακηρύττομεν,

2000 5118 2203 5183 πολλάς
2240 5136 2321 5172 σοι
2354 5120 2579 5191 χάριτας
2605 5118 2823 5182 εἰδότες,
2852 5117 3085 5172 δέσποτά
3118 5135 3219 5188 μου
3250 5115 3561 5187 θαυμασιώ-

1996 5229 2145 5276 τατε,
2169 5215 2267 5283 τῆς
2304 5210 2568 5281 τοσαύτης
2601 5211 2942 5281 κηδεμονίας.
2971 5210 3086 5265 Ἵνα
3116 5209 3173 5263 δὲ
3212 5209 3286 5282 μὴ
3310 5208 3468 5281 μόνον
3499 5210 3564 5261 ἐκ

1996 5301 2090 5356 τοῦ
2120 5301 2388 5372 φιλεῖσθαι
2408 5300 2559 5374 παρά
2587 5300 2702 5365 σοῦ,
2720 5301 2856 5355 ἀλλά
2884 5302 2975 5356 καὶ
3000 5303 3065 5356 ἐκ
3089 5300 3195 5356 τῶν
3220 5301 3562 5374 γραμμάτων

2056 5572 2083 5613 d
2112 5563 2259 5629 Sam.
2286 5564 2547 5629 nopqutqq
2566 5564 2827 5625 ἐπισκόπῳ,
2856 5575 2954 5613 non
2971 5561 3137 5617 addito
3163 5558 3369 5613 ςΡωσοῦ.

2063 5648 2086 5677 ε
2113 5626 2264 5677 Vatic.
2300 5626 2577 5681 Κοκκουσός
2595 5638 2682 5687 pro
2703 5635 2857 5674 more.
