4064 6218
501 299 602 354 761

495 407 788 470 ἀτωλαύειν
817 414 929 470 τῶν
966 413 1071 470 σῶν
1093 416 1237 486 ’περὶ
1266 417 1366 486 τῆς
1397 415 1580 482 ὑγείας
1603 417 1700 487 τῆς
1729 420 1826 487 σῆς
1852 435 2054 488 σημαι-

494 504 693 559 νόντων
726 504 927 576 πολλὴν
950 504 1367 575 καρπωσώμεθα
1399 504 1498 574 τὴν
1529 505 1882 577 εὐφροσύνην,
1914 508 2054 560 δίδου

489 595 695 664 ταύτην
731 594 864 664 ἡμῖν
888 593 986 664 τὴν
1019 593 1197 667 χάριν.
1226 595 1301 649 Οὐ
1332 592 1438 663 γάρ
1473 593 1572 664 τὴν
1602 596 1870 667 τυχοῦσαν
1912 597 2056 663 δεξό-

496 837 2249 853 .—————_———————_

1157 310 1216 365 S.
1255 311 1534 364 JUAMVIS
1569 307 2060 364 CHRYSOS'I‘ODII
2097 305 2414 363 ARCIIIEP.
2453 305 3000 364 CONSTANTINOP.

3618 303 3727 361 ’1η

2163 416 2300 486 μεθα
2324 415 2418 467 καὶ
2445 417 2504 466 ἐν
2526 414 2781 487 ἀλλοτρίᾳ
2807 417 2878 486 γῇ
2905 412 3267 486 διατρίϐοντες
3287 412 3650 488 παράκλησιν,
3671 421 3722 471 εί

2159 505 2386 559 τοιαῦτα
2407 505 2710 578 γράμματα
2734 505 3027 578 δεξαίμεθα
3058 505 3208 578 παρὰ
3233 510 3334 579 τῆς
3360 507 3732 581 θαυμασιότη-

2158 615 2250 660 τος
2284 613 2398 650 σου.

3155 857 3702 874 ——i

902 1167 984 1228 IN
1025 1166 1428 1228 EPISTOLAS
1464 1165 1800 1239 QUINQUE
1834 1163 2271 1237 SEQUENTES
2305 1165 2753 1227 CONSTANTII
2793 1165 3268 1226 PRESBYTER!

540 1394 599 1450 In
632 1393 776 1451 Edit.
807 1393 994 1458 Morel,
1033 1409 1098 1449 ex
1135 1395 1380 1465 quinque
1416 1395 1770 1464 sequentibus
1810 1395 2054 1464 epistolis

2157 1396 2258 1452 ima
2281 1397 2364 1452 sic
2407 1396 2744 1460 inscribitur.
2773 1397 3138 1468 Κωνσταντίῳ
3180 1399 3538 1471 πρεσϐυτέρῳ
3573 1402 3716 1470 rupit;

467 1511 569 1582 τὴν
603 1512 837 1583 μητέρα,
872 1522 928 1567 et
961 1511 1042 1567 sic
1067 1511 1230 1566 etiam
1260 1509 1457 1580 legitur
1496 1508 1550 1562 in
1579 1508 1782 1564 Codice
1817 1509 2006 1580 Regio,
2047 1526 2209 1581 quam
2254 1510 2542 1566 lectionem
2593 1526 2661 1566 ex
2709 1510 2910 1566 Codice
2944 1512 3180 1582 quodam
3228 1514 3591 1584 Antverpiano
3608 1530 3719 1570 ex-

467 1617 728 1699 cerptam,
753 1644 997 1685 asserere
1025 1622 1292 1684 nititurin
1314 1627 1460 1682 notis
1486 1625 1602 1682 suis
1631 1623 1836 1680 Fronto
1867 1625 2131 1694 Duczeus;
2167 1635 2332 1698 atque
2369 1627 2442 1682 ita
2479 1627 2593 1682 vult
2629 1626 2848 1682 titulum
2891 1626 3154 1699 intelligi,
3187 1636 3249 1684 ut
3278 1629 3722 1700 Chrysoslomus

467 1745 808 1810 Constantio,
833 1745 928 1815 qui
955 1743 1108 1799 lateri
1133 1759 1232 1800 suo
1253 1741 1512 1807 haerebat,
1542 1741 1645 1797 bas
1673 1741 1934 1812 epistolas
1960 1741 2268 1805 dictaverit,
2303 1741 2372 1796 ad
2404 1750 2631 1796 matrem
2661 1750 2716 1797 et
2748 1741 2818 1796 ad
2851 1755 3097 1797 sororem
3125 1742 3301 1812 ipsius
3319 1742 3623 1798 Constantii
3656 1754 3716 1800 et

470 1855 536 1909 ad
569 1855 774 1911 amicos
797 1855 917 1924 ejus
957 1854 1283 1921 mittendos;
1324 1862 1380 1908 et
1402 1867 1549 1917 vere,
1584 1852 1736 1907 addit
1767 1853 1994 1918 Fronto,
2029 1854 2205 1925 stylus
2224 1853 2674 1925 Chrysostomum
2705 1855 2865 1924 sapit.
2890 1853 2960 1909 At
2983 1853 3220 1911 Savilius
3245 1857 3544 1927 exemplari
3576 1873 3718 1912 usus

471 1965 840 2035 Bongarsiano
861 1965 1009 2020 hunc
1040 1966 1254 2020 titulum
1293 1963 1494 2033 posuit,
1527 1963 1907 2019 Κωνσταντίου
1943 1981 2054 2034 πρε

2157 1964 2316 2034 τέρου
2361 1962 2642 2017 ἐπιστολαί
2665 1981 2828 2028 τινες.
2862 1971 2934 2020 α’.
2982 1963 3121 2037 πρὸς
3162 1964 3258 2038 τὴν
3298 1949 3531 2038 μητέρα.
3577 1966 3720 2023 Huic

469 2079 667 2135 accinit
695 2078 878 2133 Codex
901 2077 1200 2133 Vaticanus
1233 2077 1328 2147 qui
1358 2077 1521 2132 habet
1544 2077 1956 2132 Κωνσταντῑνου
1987 2094 2054 2148 πρ

2157 2075 2363 2148 ἱυτέρου
2392 2075 2530 2146 πρὸς
2566 2075 2666 2144 τὴν
2695 2077 2912 2150 μητέρα
2948 2097 2962 2134 :
2997 2078 3144 2149 quod
3173 2080 3586 2135 Κωνσταντίνου
3613 2096 3722 2152 pro

470 2191 851 2245 Κωνσταντίου
879 2191 1138 2246 mendose
1166 2191 1432 2260 posuerit,
1461 2191 1598 2245 nihil
1621 2190 1825 2260 negotii
1854 2191 2074 2247 facessit
2107 2207 2122 2245 :
2153 2206 2278 2246 nam
2305 2189 2749 2260 frequentissima
2769 2198 2855 2247 est
2884 2191 2937 2247 in
2962 2194 3349 2266 manuscriptis
3370 2195 3486 2251 haec
3517 2210 3713 2251 vocum

471 2305 848 2362 commutatio.
873 2306 1059 2378 Stylus
1084 2315 1250 2371 certe,
1279 2316 1466 2364 contra
1488 2323 1660 2379 quam
1686 2308 1942 2378 opinatur
1973 2307 2054 2362 vir
2086 2308 2282 2364 doctus
2308 2306 2511 2365 Fronto
2544 2307 2795 2376 Ducmus,
2823 2323 2854 2363 a
2875 2307 3252 2381 Chrysostomi
3279 2310 3490 2366 dicendi
3516 2324 3720 2381 genere

492 2977 647 3056 [⁷⁸η
682 2990 944 3076 ΣΛΖ’.
985 2983 1778 3074 ΚΩΝΣΤΑΝΤΙΟΥ
1832 2983 2615 3072 ΠΡΕΣΒΥΤΕΡΟΥ
2669 2987 2956 3074 ΠΡΟΣ
2993 2989 3221 3076 ΤΗΝ
3249 2991 3729 3078 ΜΗΤΕΡΑ.

557 3633 724 3688 Τοῦτο
756 3633 938 3705 μήτηρ
966 3630 1312 3702 φιλόστοργος
1338 3628 1431 3684 καὶ
1469 3627 1740 3696 φιλόπαις,
1775 3627 1856 3694 τὸ,
1892 3629 2052 3698 ἡνίκα

487 3725 552 3779 ἂν
573 3725 668 3798 δέῃ
694 3740 747 3776 τι
766 3723 874 3776 τῶν
896 3721 1140 3784 δεόντων,
1181 3722 1465 3792 παραινεῖν
1483 3718 1561 3790 τῷ
1586 3719 1756 3782 παιδὶ,
1784 3718 1878 3772 καὶ
1896 3718 2053 3772 ἐλαύ-

487 3831 542 3867 νε
553 3831 600 3867 ιν
636 3812 797 3866 αὑτὸν
833 3811 1062 3875 οἴκοθεν,
1095 3811 1189 3864 κα)⁸
1217 3811 1406 3881 πράως
1428 3809 1614 3880 φέρειν
1641 3809 1733 3862 τὸν
1754 3808 2050 3880 χωρισμὸν,

489 3906 583 3958 καὶ
620 3905 846 3976 χάριτας
892 3902 1041 3974 αὐτῷ
1099 3901 1301 3966 πολλὰς
1345 3901 1542 3954 ειδέναι
1586 3900 1684 3970 τῆς
1726 3899 2050 3971 ἀποδημίας.

488 3996 804 4059 Κατέλυσας
831 3995 998 4066 αὐτὴν
1029 3995 1126 4066 τῆς
1157 3994 1372 4064 φύσεως
1401 3993 1498 4065 τὴν
1531 3991 1838 4063 τυραννίδα,
1873 3991 2057 4045 κελεύ-

491 4101 631 4140 σασα
651 4089 799 4158 ήμᾶς
825 4086 1028 4158 ἔρημον
1048 4086 1478 4153 ἀνταλλάξασθαι
1507 4084 1736 4150 πόλεως,
1768 4085 1861 4139 καὶ
1893 4083 2056 4154 φόϐον

501 4175 798 4246 Ἰσαυρικὸν
828 4176 1033 4240 ἀδείας,
1077 4176 1171 4229 καὶ
1195 4175 1284 4228 τὸν
1313 4173 1590 4246 χωρισμὸν
1619 4173 1774 4246 ἡμῶν
1807 4176 1904 4245 τῆς
1933 4191 2057 4227 συν-

487 4263 677 4330 ουσίας
726 4269 826 4337 τῆς
873 4265 990 4337 μεθ’
1035 4266 1210 4336 ὑμῶν,
1251 4265 1390 4318 ὥστε
1443 4264 1607 4336 μηδὲν
1647 4263 2056 4334 ἀναγκασθῆναι

488 4355 714 4428 ποιῆσαι
745 4355 852 4410 τῶν
894 4357 968 4428 μὴ
1008 4355 1413 4428 προσηκόντων.
1432 4355 1529 4408 Διά
1549 4355 1721 4409 ταῦτά
1746 4372 1826 4409 σοι
1859 4354 2058 4418 πολλὰς

486 4448 716 4522 χάριτας
738 4447 915 4518 ἴσμεν,
937 4447 1034 4518 οὐχ
1058 4448 1140 4502 ὅτι
1167 4446 1370 4513 ἔτεκες,
1400 4447 1515 4502 ἀλλ’
1534 4445 1618 4499 ὃτι
1641 4445 1813 4510 οὕτως
1837 4445 2058 4516 ἀνέθρε-

485 4542 613 4611 ψας,
651 4542 755 4596 κάν
785 4541 959 4612 τούτῳ
989 4540 1248 4612 γινομένη
1281 4541 1462 4610 μήτηρ
1498 4539 1614 4592 οἵαν
1655 4538 1897 4608 γίνεσθαι
1926 4537 2053 4608 χρή.

499 4631 588 4696 Ὠς
618 4632 680 4684 αῐ
701 4648 766 4700 γε
797 4629 876 4701 τῷ
908 4630 1066 4684 πάθει
1097 4629 1684 4702 καταμαλακιζόμεναι,
1714 4631 1808 4683 καὶ
1832 4628 1938 4700 πρὸ
1961 4627 2055 4681 τοῦ

491 4721 863 4793 συμφέροντος
888 4719 997 4774 τῶν
1026 4719 1230 4774 παίδων
1257 4719 1354 4790 τὴν
1384 4719 1682 4791 παρουσίαν
1719 4717 1897 4773 αὐτῶν
1935 4719 2056 4771 ἐπι-

486 4809 769 4882 ζητοῦσαι,
815 4811 876 4864 οὐ
909 4811 1162 4882 μητέρες,
1199 4809 1334 4864 ἀλλὰ
1365 4808 1699 4862 παιδοκτόνοι
1731 4807 1954 4872 δικαίως
1989 4806 2056 4862 ἂν

487 4901 757 4972 κληθεῖεν.
802 4902 942 4955 Ἀλλ’
972 4901 1159 4973 ὥσπερ
1185 4900 1415 4956 ἐνταῦθα
1447 4900 1663 4972 ἀνδρεία
1693 4899 1943 4970 γέγονας,
1961 4901 2056 4955 καὶ

488 4992 706 5064 σιδήρου
747 4993 1094 5066 στερροτέρα,
1129 4993 1334 5062 ἀφατον
1361 4991 1513 5064 παρὰ
1540 4991 1636 5045 τοῦ
1677 4991 2054 5064 φιλανθρώπου

486 5081 622 5136 Θεοῦ
656 5082 744 5136 διά
778 5085 878 5154 τῆς
910 5082 1135 5155 γνώμης
1165 5084 1366 5155 ταύτης
1395 5084 1811 5157 προαποθεμένη
1851 5101 1933 5138 σοι
1965 5085 2056 5138 τὸν

491 5171 698 5242 μισθὸν,
723 5171 864 5226 οὕτω
893 5173 1332 5245 παρακαλοῦμεν,
1364 5175 1457 5228 καί
1491 5191 1581 5228 σου
1610 5175 1841 5246 δεόμεθα
1875 5175 1968 5228 καὶ
1997 5175 2055 5229 ἐν

487 5264 596 5326 τοῖς
620 5261 798 5328 ἀλλοις
819 5263 988 5318 ἅπασι
1011 5265 1107 5337 τὴν
1127 5265 1295 5336 αὐτὴν
1319 5265 1686 5330 ἐπιδείξασθαι
1715 5266 2051 5335 φιλοσοφίαν,

489 5354 584 5410 καὶ
610 5352 805 5407 ειδέναι
833 5356 915 5409 ὅτι
939 5355 1036 5425 μία
1066 5355 1181 5409 ἐστὶ
1209 5355 1484 5428 συμφορὰ,
1509 5358 1751 5427 ἁμαρτία
1781 5357 1959 5427 μόνον,
1986 5356 2056 5410 τά

487 5442 544 5496 δέ
566 5439 702 5495 ἄλλα
728 5441 906 5496 πάντα
944 5442 1132 5512 μῦθος,
1164 5444 1492 5508 δυναστεῖαι,
1529 5446 1622 5499 καὶ
1653 5446 1820 5512 δόξαι,
1854 5447 1947 5498 καὶ
1974 5463 2054 5500 τι-

493 5533 612 5608 μαὶ,
649 5533 705 5584 αι
748 5533 899 5604 παρὰ
936 5533 1255 5604 ἀνθρώπων.
1299 5537 1407 5590 Καὶ
1443 5539 1474 5608 ή
1531 5535 1665 5607 πρὸς
1705 5537 1796 5589 τὸν
1832 5535 2055 5608 ούρανδν

490 5626 697 5692 ἄγουσα
718 5623 853 5690 ὁδὸς,
883 5622 1018 5694 αὕτη
1054 5625 1287 5695 μάλιστα
1331 5628 1365 5697 ὴ
1403 5627 1491 5680 διά
1517 5627 1624 5682 τῶν
1652 5627 1884 5696 θλίψεων
1915 5628 2051 5681 ἐστι.

493 5717 594 5778 Διὰ
607 5717 713 5792 γὰρ
725 5715 969 5772 πολλῶν
985 5716 1248 5786 θλίψεων
1262 5717 1357 5770 δεῖ
1365 5717 1520 5787 ἡμᾶς
1536 5717 1851 5786 εἰσελθεῖν,
1867 5718 2051 5791 φησιν,

2061 3315 2128 3328 ‘0‘

2151 3630 2240 3696 εις
2261 3628 2375 3696 τὴν
2401 3629 2728 3694 ,ϐασιλείαν
2757 3629 2862 3684 τοῦ
2878 3631 3047 3689 Θεοῦ.
3063 3629 3171 3684 Καὶ
3197 3627 3390 3692 πάντες
3414 3629 3470 3681 δέ
3492 3629 3542 3681 οἱ
3563 3630 3734 3697 ἆγιοι,

2152 3721 2206 3773 οῖ
2230 3737 2289 3773 τε
2309 3723 2366 3773 ἐν
2381 3722 2446 3790 τῇ
2465 3719 2698 3792 Παλαιᾷ,
2723 3720 2779 3774 οῖ
2791 3737 2850 3774 τε
2868 3721 2925 3773 ἐν
2943 3721 3010 3791 τῇ
3037 3721 3236 3790 Καινῇ,
3259 3719 3462 3789 ταύτην
3490 3719 3737 3774 ὥδευσαν

2151 3809 2251 3880 τὴν
2278 3809 2414 3874 όδδν,
2450 3811 2916 3882 ἐπιϐουλευόμενοι
2948 3811 3204 3881 συνεχῶς,
3229 3811 3597 3882 ἐλαυνόμενοι,
3631 3831 3738 3882 φυ-

2153 3901 2316 3970 γάδες
2357 3903 2452 3955 καὶ
2503 3903 2833 3972 μετανάσται
2893 3902 3186 3974 γινόμενοι,
3227 3902 3494 3965 ἀπόλιδες,
3531 3903 3732 3965 ἄοικοι,

2155 3991 2418 4056 θανάτους
2447 3991 2658 4064 ἀώρους
2685 3993 3068 4064 ὑπομένοντες,
3099 3993 3194 4046 καὶ
3231 3993 3358 4063 παρ’
3389 3986 3462 4045 ὧν
3494 3992 3735 4062 μάλιστα

2157 4083 2404 4154 οὐδαμῶς
2449 4085 2636 4155 ἐχρῆν.
2679 4084 2744 4137 Τί
2787 4083 2896 4155 γάρ
2931 4067 3336 4156 ὀδυνηρότερον,
3384 4084 3506 4136 εὶπὲ
3545 4101 3660 4154 μοι,
3697 4084 3732 4154 ἢ

2157 4176 2532 4250 χαλεπώτερον
2569 4177 2662 4231 τοῦ
2692 4178 2841 4249 παρὰ
2871 4175 3050 4241 δεξιᾶς
3079 4177 3372 4248 ἀδελφικῆς
3397 4177 3734 4248 κατενεχθῆ-

2156 4286 2264 4332 ναι,
2305 4269 2398 4323 καὶ
2434 4269 2609 4340 ἀωρον
2643 4269 2735 4322 καὶ
2765 4269 2932 4339 βίαιον
2961 4269 3252 4339 ὑπομεῖναι
3282 4269 3554 4340 τελευτὴν,
3592 4270 3737 4339 μετά

2161 4359 2454 4427 στεφάνους
2482 4359 2576 4412 καὶ
2611 4358 2956 4428 εὐδοκίμησιν
2983 4358 3288 4427 τοσαύτην;
3321 4358 3375 4412 τί
3401 4357 3458 4410 δέ
3483 4359 3736 4430 ὀδυνηρό-

2156 4465 2332 4521 τερον,
2357 4449 2452 4501 καὶ
2477 4448 2636 4516 μόνον
2669 4448 2762 4500 καὶ
2785 4449 2842 4500 ἐν
2877 4447 3090 4519 ἐσχάτῳ
3117 4449 3335 4502 δοθέντα
3363 4450 3510 4520 γήρᾳ
3531 4448 3734 4527 ἔκελευο

2159 4537 2350 4608 σθῆναι
2377 4536 2705 4605 σφάττεσθαι
2730 4536 2834 4589 ὑπὸ
2855 4538 3126 4607 πατρικῆς
3147 4535 3345 4606 χειρὸς,
3371 4535 3466 4588 καὶ
3497 4529 3735 4604 1637759-

2157 4627 2460 4700 νησάμενον
2493 4627 2735 4680 διάκονον
2763 4625 3014 4694 γενέσθαι
3046 4629 3146 4698 τῆς
3183 4625 3442 4696 τοιαύτης
3477 4630 3738 4698 σφαγῆς;

2157 4719 2249 4790 Μὴ
2273 4718 2382 4790 γάρ
2415 4737 2502 4789 μοι
2527 4717 2683 4771 τοῦτο
2703 4717 2848 4786 λέγε,
2873 4720 2955 4773 δτι
2980 4719 3115 4789 μετὰ
3137 4717 3309 4772 ταῦτα
3333 4718 3608 4772 ἀπέλαϐεν
3636 4719 3736 4772 αὺο

2157 4812 2250 4866 τὸν
2279 4814 2404 4884 ύγιῆ
2435 4812 2528 4865 καὶ
2551 4811 2707 4865 σῶον.
2730 4811 2898 4866 Οὐδὲν
2923 4811 3032 4881 γὰρ
3054 4811 3256 4864 τούτων
3285 4809 3441 4875 εἰδὼς
3469 4811 3498 4862 ό
3525 4809 3736 4874 δίκαιος

2159 4903 2384 4967 ἐκεῖνος,
2418 4902 2534 4956 ἀλλ’
2561 4901 2643 4955 ὅτι
2686 4901 2902 4964 πάντως
2937 4900 3098 4954 αὑτὸν
3119 4901 3423 4971 ἀναιρήσει,
3461 4897 3606 4952 οὕτω
3641 4901 3736 4954 καὶ

2157 4994 2433 5065 ἀνήγαγεν
2450 4993 2528 5056 είς
2555 4991 2614 5045 τὸ
2631 4991 2775 5062 ὅρος,
2795 4991 2962 5045 καὶτὸ
2987 4991 3368 5062 θυσιαστήριον
3385 4989 3734 5061 ᾠκοδόμησε,

2161 5086 2255 5138 καὶ
2281 5083 2353 5136 τὰ
2380 5082 2512 5149 ξύλα
2538 5082 2792 5154 ἐπέθηκε,
2827 5083 2919 5137 καὶ
2953 5081 3052 5153 τὴν
3079 5081 3351 5153 μάχαιραν
3371 5083 3612 5152 ἥρπασε,
3640 5083 3736 5136 καὶ

2161 5173 2222 5227 τὺ
2252 5173 2403 5242 ξίφος
2428 5173 2667 5244 διήλασε·
2696 5175 2789 5228 καὶ
2819 5172 2926 5245 γὰρ
2951 5173 3044 5226 καὶ
3068 5173 3308 5244 διήλασε,
3341 5172 3402 5226 τό
3433 5188 3496 5240 γε
3527 5175 3609 5234 είς
3634 5174 3735 5244 τὴν

2161 5261 2324 5318 αὐτοῦ
2351 5262 2576 5334 γνώμην
2615 5260 2769 5333 ἧκον·
2799 5264 2878 5317 διδ
2907 5263 3001 5317 καὶ
3039 5263 3312 5334 πανταχοῦ
3350 5267 3449 5334 τῆς
3480 5264 3732 5333 οἰκουμέ-

2160 5373 2258 5426 νης
2285 5355 2488 5426 ᾄδεται.
2508 5355 2605 5406 “Av
2630 5355 2686 5410 δὲ
2716 5355 2805 5409 τὸν
2834 5355 3052 5426 ἔκγονον
3085 5355 3224 5409 εἴπω
3257 5358 3349 5408 τὸν
3372 5354 3606 5416 ἐκείνου,
3638 5353 3730 5406 καὶ

2161 5448 2320 5502 αὑτὸν
2356 5447 2474 5516 ὄψει
2507 5448 2611 5501 ὑπὸ
2654 5447 2945 5520 ἀδελφικῆς
2977 5449 3273 5520 βασκανίας
3313 5449 3476 5502 πάλιν
3518 5448 3733 5518 φυγάδα

2162 5539 2256 5592 καὶ
2308 5538 2497 5592 ἄπολιν
2531 5540 2842 5611 γενόμενον,
2884 5541 2978 5594 καὶ
3013 5539 3218 5604 δοῦλον,
3255 5541 3348 5593 καὶ
3380 5539 3441 5593 ἐν
3474 5539 3733 5609 ἀλλοτρίᾳ

2161 5627 2476 5698 θητεύοντα,
2519 5629 2614 5682 καὶ
2639 5628 2733 5685 τὸν
2765 5629 2891 5701 περὶ
2919 5630 3026 5683 τῶν
3052 5631 3294 5699 ἐσχάτων
3324 5628 3596 5682 δεδοικότα
3635 5627 3733 5696 φό-

2161 5723 2274 5776 ϐον.
2317 5723 2414 5776 Ἂν
2449 5721 2504 5774 δὲ
2548 5721 2638 5774 τὸν
2684 5723 2880 5793 Ἰωσὴφ
2926 5722 3015 5776 τὸν
3059 5720 3352 5792 πραθέντα,
3385 5720 3475 5775 τὸν
3511 5719 3731 5774 δουλεύ-
