4064 6218
349 329 458 385 ΤΗἸ
1185 361 1200 373 .
1792 317 2164 378 EPISTULE.

348 443 531 494 solum
560 455 623 495 ex
646 452 732 506 eo,
758 444 897 509 quod
919 455 1160 496 amemur
1180 458 1208 497 a
1238 452 1309 507 te,
1337 440 1430 498 sed
1455 441 1616 498 etiam
1642 440 1784 513 quod
1814 441 1934 497 lite-

348 534 434 588 »ris
464 531 567 586 tuis
603 532 869 598 fruamur,
899 548 1018 602 quae
1049 534 1203 589 nobis
1230 534 1549 590 valetudinis
1590 543 1693 590 tuae
1732 543 1931 592 statum

344 634 648 694 exponant,
674 624 851 679 laetitia
876 624 1194 696 afficiamur,
1218 627 1355 683 hanc
1379 626 1535 683 nobis
1555 628 1789 685 concede
1808 618 1933 691 gra-

3501 305 3607 364 7“).

2039 443 2187 498 tiam.
2219 440 2333 497 Non
2363 442 2504 496 enim
2536 436 2738 509 vulgari
2766 435 2957 492 solatio
2980 428 3317 503 quantumvis
3346 428 3399 483 in
3431 436 3612 485 extera

2038 534 2254 603 regione
2299 534 2557 603 degentes
2604 530 2931 592 reficiemur,
2958 526 3000 579 si
3053 523 3121 576 ab
3164 520 3483 578 excellentia
3526 528 3614 573 tua

2037 623 2229 681 missas
2257 622 2516 692 ejusmodi
2549 622 2752 677 litteras
2770 614 3153 687 acceperimus.

1816 1271 2187 1332 MONITUM.

386 1503 550 1572 longe
587 1500 846 1563 deflectit,
881 1512 943 1556 ut
980 1504 1622 1576 quisquisChrysostomi
1654 1504 1921 1574 Epistolas
1945 1508 2154 1577 legerit,
2178 1507 2358 1563 statim
2389 1504 2796 1560 animadvertet.
2825 1500 2921 1553 llic.
2958 1498 3306 1553 Constantius
3341 1493 3614 1564 presbyter

394 1614 761 1670 Antiochenus
798 1630 862 1669 ex
894 1618 1177 1686 praecipuis
1217 1626 1332 1672 erat
1375 1617 1600 1673 Joannis
1628 1620 1999 1690 Cbrysostomi
2038 1623 2251 1685 amicis,
2295 1628 2348 1675 et
2390 1636 2420 1674 a
2466 1621 2697 1674 scelesto
2748 1616 2840 1670 illo
2882 1614 3203 1685 Porphyrio,
3247 1612 3339 1681 qui
3380 1610 3619 1681 indignis

395 1728 571 1782 modis
599 1728 990 1784 Antiochenam
1024 1731 1205 1784 sedem
1249 1731 1544 1797 invaserat,
1574 1733 1761 1787 multis
1784 1733 2009 1788 allectus
2048 1734 2328 1796 aerumnis,
2369 1732 2821 1802 Cbrysostomum
2867 1737 2996 1782 tunc
3031 1726 3230 1781 Cucusi
3279 1723 3617 1778 exsulantem

396 1843 619 1910 adierat,
654 1844 879 1915 ejusque
905 1844 1060 1900 lateri
1091 1845 1347 1909 haerebat,
1385 1855 1442 1899 ut
1476 1847 1618 1901 circa
1654 1846 1813 1900 tinem
1851 1848 2129 1916 sequentis
2163 1847 2404 1913 epistolae
2431 1846 2632 1898 indicat
2660 1860 2672 1894 :
2706 1841 2820 1894 Nos
2851 1841 2989 1894 enim
3027 1839 3111 1892 hic
3138 1837 3305 1891 multa
3346 1834 3610 1902 voluptate

397 1959 780 2031 perfundimur,
818 1960 943 2015 dum
972 1964 1291 2018 sanctissimi
1320 1966 1545 2035 episcopi
1574 1966 1966 2031 consuetudine,
2006 1981 2068 2018 ac
2103 1965 2208 2019 loci
2252 1964 2409 2033 hujus
2453 1963 2624 2033 quiete
2664 1961 2870 2031 otioque
2903 1974 3108 2012 summa
3134 1956 3475 2010 oblectamur.
3502 1951 3619 2006 Non

398 2073 823 2171 abre'Opinatur
858 2075 1233 2132 Tillemontius
1266 2077 1547 2145 epistolam
1579 2078 1648 2133 ad
1684 2079 2002 2148 episcopum
2038 2079 2437 2133 Antiochenum
2479 2076 2708 2147 (scilicet
2741 2071 3148 2142 Porphyrium),
3190 2084 3312 2139 qua:
3344 2076 3427 2123 est
3458 2079 3621 2135 supra

402 2204 550 2243 num.
572 2190 698 2252 253,
725 2205 845 2246 esse
877 2207 981 2244 non
1010 2189 1664 2281 Joannisphrysostomi,
1689 2192 1847 2263 cujus
1873 2201 2054 2247 tamen
2080 2206 2277 2247 nomen
2311 2205 2421 2261 pra:
2459 2203 2518 2245 se
2558 2187 2682 2251 fert,
2750 2185 2845 2241 sed
2880 2182 3121 2253 ejusdem
3163 2176 3466 2235 Constantii
3505 2191 3629 2240 prc-

398 2306 643 2377 sbyteri:
673 2322 799 2361 nam
825 2316 879 2362 et
900 2307 1114 2361 dicendi
1139 2310 1296 2374 ratio,
1319 2310 1532 2364 etiamsi
1563 2325 1670 2365 non
1693 2309 1989 2378 inelegans,
2014 2318 2068 2365 et
2097 2323 2185 2364 res
2212 2307 2340 2377 ipsa:
2376 2321 2499 2379 qua:
2535 2306 2811 2369 dicuntur,
2841 2299 3221 2358 Constantium
3246 2296 3626 2365 presbyterum

402 2426 575 2498 magis
602 2425 864 2495 referunt,
902 2442 1065 2498 quam
1092 2427 1564 2499 Chrysostomum.

2377 2738 3627 2770 _________..————-—-

1013 2758 2374 2786 _____.__________..______———

523 3157 1154 3268 CCXXXVII.
1237 3153 1927 3240 CONSTANTII
2002 3152 2721 3239 PRESBYTERI
2800 3151 2951 3234 AD
3030 3146 3567 3232 MATREM.

1909 3342 2173 3395 «oo-exp

478 3494 588 3550 Hoc
623 3492 835 3549 demum
874 3500 958 3548 est
996 3506 1179 3547 veram
1221 3504 1341 3547 esse
1364 3498 1589 3545 matrem
1614 3530 1629 3553 ,
1678 3502 1741 3544 ac
1784 3488 1979 3544 liberos

406 3588 673 3650 adamare,
724 3597 914 3653 nempe
939 3598 1060 3638 cum
1089 3581 1317 3638 defuerit
1344 3580 1612 3652 quidpiam
1650 3595 1833 3635 eorum
1864 3592 1984 3648 quae

407 3676 708 3732 necessaria
739 3684 883 3741 sunt,
933 3675 1097 3729 filium
1128 3689 1378 3740 monere,
1427 3672 1691 3742 domoque
1733 3671 1981 3740 exigere,

406 3775 566 3837 atque
609 3768 725 3836 ejus
769 3767 1063 3822 discessum
1111 3781 1265 3836 aequo
1310 3766 1490 3820 animo
1531 3763 1709 3827 ferre,
1764 3778 1826 3818 ac
1873 3778 1985 3817 ma-

407 3876 565 3931 gnam
596 3861 669 3915 illi
695 3861 763 3916 ob
793 3864 1094 3930 susceptam
1121 3859 1598 3930 peregrinationem
1639 3849 1861 3927 gratia'm
1894 3856 1987 3910 ba-

412 3958 560 4011 bere.
603 3953 867 4025 Subegisti
910 3953 1015 4009 vim
1053 3953 1406 4022 alfeetumque
1448 3959 1672 4013 naturae,
1722 3950 1846 4003 dum
1870 3949 1987 4018 jus-

410 4044 527 4101 sisti
548 4087 564 4110 ,
594 4052 653 4100 ut
676 4045 942 4101 civitatem
968 4042 1272 4107 solitudine,
1317 4042 1651 4097 securitatem
1682 4048 1825 4095 metu
1848 4039 1991 4093 lsau-

411 4139 563 4204 rieo,
616 4147 671 4194 et
725 4140 1051 4194 consortium
1093 4143 1329 4192 vestrum
1374 4135 1711 4206 separatione
1755 4141 1990 4188 mutare-

411 4250 554 4301 mus,
606 4251 675 4292 ne
723 4236 846 4304 quid
872 4235 1006 4289 forte
1034 4248 1188 4289 secus
1208 4274 1222 4296 ,
1254 4247 1316 4287 ac
1352 4232 1620 4297 convenit,
1651 4244 1809 4300 agere
1836 4243 1992 4297 coge-

412 4345 616 4384 remur.
664 4328 807 4397 Quas
847 4327 918 4381 ob
949 4342 1036 4381 res
1059 4340 1301 4394 magnam
1329 4323 1426 4378 tibi
1452 4321 1677 4393 gratiam
1703 4320 1992 4383 habemus,

414 4434 522 4473 non
552 4417 693 4489 quod
724 4418 1024 4487 pepereris,
1071 4415 1166 4471 sed
1208 4414 1347 4485 quod
1374 4415 1443 4468 ita
1469 4410 1798 4476 educaveris,
1848 4419 1902 4465 et
1943 4409 1995 4463 in

421 4508 524 4564 hoc
552 4524 764 4580 quoque
788 4509 969 4575 talem,
1015 4508 1223 4577 qualem
1248 4513 1476 4575 oportet,
1527 4513 1749 4557 matrem
1782 4509 1836 4556 te
1862 4516 1999 4571 prm-

420 4601 619 4656 hucris.
666 4599 938 4671 Siquidem
982 4600 1082 4654 illa».
1129 4613 1247 4669 qua:
1299 4596 1488 4651 ah‘eclu
1538 4594 1881 4664 franguntur,
1948 4600 2003 4647 et

418 4701 702 4761 antequam
753 4690 1021 4761 expediat,
1081 4689 1309 4743 filiorum
1341 4686 1679 4757 przesentiam
1724 4692 1998 4753 expetunt,

422 4797 528 4837 non
563 4783 674 4852 jam
704 4793 939 4846 matres,
988 4779 1083 4836 sed
1123 4779 1352 4833 filiorum
1398 4776 1675 4859 parricipaa
1731 4783 1856 4829 sunt
1905 4789 2003 4843 ap-

422 4875 705 4945 pellandzc.
738 4874 844 4929 Sed
874 4872 1317 4949 quemadmodum
1350 4870 1501 4924 fortis
1530 4870 1582 4923 in
1610 4868 1712 4922 hoc
1738 4867 1904 4933 fuisti,
1942 4882 2006 4922 ac

426 4967 569 5019 ferro
600 4966 821 5031 firmior,
868 4964 1067 5033 tibique
1112 4961 1413 5017 mercedem
1457 4975 1486 5014 a
1529 4960 1758 5027 benigno
1786 4959 1896 5013 Deo
1916 4973 2008 5013 eo-

426 5054 629 5124 piosam
675 5054 1032 5122 promeruisti,
1061 5054 1139 5107 sic
1179 5061 1232 5107 te
1272 5065 1486 5105 oramus
1522 5060 1583 5105 et
1628 5049 2005 5115 obsecramus,

428 5159 490 5205 ut
528 5150 582 5204 in
626 5149 836 5207 caneris
862 5149 1108 5203 omnibus
1132 5146 1373 5203 eamdem
1403 5144 1787 5216 philosophiam
1810 5150 1863 5197 et
1890 5157 2011 5198 con-

429 5242 678 5296 stantiam
709 5256 821 5312 prae
846 5250 898 5296 te
926 5240 1087 5307 feras,
1113 5249 1166 5296 et
1186 5239 1445 5310 intelligas
1469 5252 1629 5292 uuam
1655 5235 2009 5291 calamitatem

430 5349 572 5402 esse,
604 5341 879 5404 peccatum
920 5334 1114 5398 solum,
1140 5333 1343 5402 reliqua
1370 5346 1500 5386 vero
1522 5337 1713 5385 cuncta
1745 5327 1973 5381 fabulam
1991 5364 2009 5395 ,

436 5426 779 5495 principatus,
794 5426 1079 5495 przeeonia,
1097 5424 1328 5481 honores
1357 5424 1425 5479 ab
1450 5422 1751 5478 hominibus
1771 5420 2007 5475 delatos:

437 5516 574 5570 hanc
618 5527 792 5571 autem
827 5532 919 5586 per
942 5517 1150 5572 medias
1174 5515 1543 5571 tribulationes
1582 5527 1702 5568 esse
1728 5511 1867 5566 viam
1895 5526 2016 5581 qua:

435 5605 583 5660 ducit
603 5605 669 5660 ad
700 5608 907 5662 caelum.
962 5605 1064 5662 Per
1086 5607 1269 5662 multas
1289 5608 1429 5662 enim
1458 5605 1799 5660 tribulatione:
1825 5610 2018 5673 Oportet

442 5712 534 5749 nos
557 5698 747 5753 intrare
772 5698 826 5753 in
852 5716 1061 5771 regnum
1102 5698 1198 5756 Dei
1224 5700 1361 5769 (Act.
1389 5698 1473 5753 Η.
1505 5695 1620 5769 21).
1650 5694 1719 5751 Et
1746 5708 1874 5752 vero
1895 5706 2017 5749 san-

2088 3436 2157 3490 cti
2201 3447 2410 3495 omnes.
2461 3438 2515 3484 et
2558 3428 2645 3500 qui
2687 3427 2740 3481 in
2791 3424 2988 3487 Veteri,
3041 3430 3095 3476 et
3120 3421 3206 3492 qui
3233 3420 3286 3474 in
3311 3418 3460 3472 Novo
3486 3416 3668 3471 Testa-

2094 3534 2275 3581 mento
2331 3530 2731 3583 memorantur,
2783 3517 2920 3570 hanc
2976 3521 3258 3567 tenuerunt
3313 3510 3487 3572 viam,
3549 3507 3670 3561 dum

2093 3618 2311 3674 insidias
2342 3614 2484 3685 passi
2525 3619 2669 3677 sunt,
2712 3618 2971 3679 perpetuo
3016 3604 3210 3664 vexati,
3265 3602 3317 3656 in
3346 3600 3517 3669 fugam
3549 3598 3670 3663 acti,

2095 3711 2148 3765 in
2180 3708 2421 3763 exsilium
2465 3703 2622 3774 pulsi,
2656 3700 2788 3755 urbe
2829 3698 3093 3765 domoque
3130 3691 3323 3753 exacti,
3358 3698 3671 3759 praematura

2094 3810 2268 3856 morte
2294 3797 2508 3861 sublati,
2532 3803 2689 3863 atque
2719 3792 2786 3847 ab
2808 3790 2911 3845 illis
2935 3805 2961 3842 a
2985 3788 3175 3858 quibus
3195 3784 3411 3838 minime
3440 3781 3673 3836 omnium

2094 3892 2393 3964 oportebat.
2425 3887 2561 3956 Quid
2600 3885 2764 3947 enim,
2809 3895 3010 3950 qumso,
3040 3876 3353 3938 luctuosius,
3402 3881 3494 3926 aut
3552 3872 3675 3941 quid

2097 3985 2340 4040 acerbius
2386 3995 2543 4051 quam
2595 3993 2623 4030 a
2671 3975 2887 4030 dextera
2920 3972 3149 4026 fraterna
3180 3965 3421 4028 mactari,
3474 3976 3523 4018 et
3561 3976 3677 4033 post

2098 4088 2325 4130 coronas
2383 4078 2692 4136 tantamque
2760 4059 3275 4118 commendationem
3332 4070 3394 4109 ac
3464 4054 3675 4109 laudem

2101 4164 2421 4239 praematura
2469 4176 2531 4216 ac
2583 4158 2813 4213 violenta
2861 4162 3034 4210 morte
3074 4152 3236 4207 vitam
3284 4149 3478 4204 finire?
3554 4147 3679 4217 quid

2099 4238 2229 4315 vero
2276 4256 2540 4320 acerbius,
2590 4264 2795 4321 quaeso.
2851 4262 3008 4319 quam
3047 4245 3260 4299 unicum
3310 4242 3475 4296 filium
3527 4248 3583 4294 et
3627 4238 3680 4294 in

2102 4361 2341 4407 extrema
2389 4353 2661 4402 senectute
2707 4341 2886 4395 datum
2951 4352 2979 4390 a
3032 4346 3251 4405 paterna
3295 4347 3453 4386 manu
3496 4330 3683 4399 jubere

2104 4441 2364 4506 mactari,
2420 4449 2473 4492 et
2544 4443 2747 4505 patrem
2815 4431 2985 4500 ipsum
3039 4423 3298 4494 ejusmodi
3351 4421 3512 4476 caadis
3567 4419 3685 4475 fieri

2060 4540 2063 4545 ’
2106 4529 2523 4590 administrum?
2556 4526 2671 4581 Noli
2723 4522 2862 4578 enim
2910 4520 3013 4573 hoc
3066 4515 3193 4569 mihi
3247 4512 3447 4579 dicere,
3479 4511 3683 4565 salvum

2108 4630 2255 4685 illum
2306 4634 2358 4679 et
2416 4621 2734 4677 incolumem
2779 4622 2963 4686 postea
3012 4618 3279 4677 receptum
3321 4604 3503 4659 fuisse.
3556 4602 3687 4656 Nam

2109 4737 2229 4778 eum
2278 4717 2411 4773 nihil
2450 4715 2639 4769 borum
2693 4708 2855 4764 sciret
2893 4705 3065 4774 justus
3119 4700 3242 4766 ille,
3311 4697 3403 4751 sed
3469 4695 3689 4749 omnino

2111 4829 2170 4868 se
2222 4811 2367 4865 illum
2406 4805 2786 4876 jugulaturum,
2832 4796 2910 4851 sic
2938 4794 3083 4849 illum
3110 4791 3163 4846 in
3194 4797 3426 4844 montem
3449 4786 3690 4850 deduxit,

2111 4905 2281 4959 altare
2331 4896 2643 4959 construxit,
2674 4894 2813 4961 ligna
2844 4885 3117 4957 imposuit,
3150 4881 3381 4954 gladium
3426 4880 3651 4949 arripuit
3678 4921 3693 4945 ,

2114 5006 2169 5051 et
2213 4993 2452 5063 jugulum
2504 5002 2632 5043 ense
2682 4979 2983 5048 transegit;
3042 4991 3162 5030 nam
3204 4981 3260 5029 et
3300 4973 3589 5039 transegit,
3650 4972 3693 5025 si

2112 5088 2348 5142 animum
2388 5082 2504 5150 ejus
2532 5094 2593 5134 ac
2624 5077 2949 5132 voluntatem
2991 5076 3200 5139 spectes
3228 5082 3242 5120 :
3286 5080 3442 5135 quam
3470 5064 3541 5119 ob
3565 5078 3692 5119 cau-

2114 5196 2227 5236 sam
2258 5187 2312 5233 et
2340 5175 2510 5232 ubivis
2550 5171 2785 5244 gentium
2842 5166 2895 5221 in
2932 5171 3043 5218 toto
3072 5169 3333 5216 terrarum
3380 5157 3513 5213 orbe
3556 5155 3693 5211 cele-

2115 5276 2321 5331 bratur.
2371 5266 2525 5335 Quod
2562 5264 2607 5320 si
2647 5262 2799 5317 istius
2859 5263 3107 5327 nepotem
3155 5262 3592 5313 commemorem,
3644 5258 3694 5304 et

2117 5370 2287 5438 ipsum
2333 5360 2536 5416 videbis
2579 5356 2811 5411 fraterna
2862 5356 3110 5404 vexatum
3162 5341 3356 5397 invidia
3402 5353 3591 5394 rursus
3641 5337 3695 5392 in

2117 5432 2360 5517 exsilium
2408 5452 2722 5521 relegatum,
2750 5453 3040 5505 extorrem,
3087 5452 3150 5492 ac
3191 5434 3405 5489 civitate
3438 5432 3648 5503 pulsum
3673 5470 3691 5495 ,

2120 5563 2355 5609 servum,
2396 5545 2451 5600 in
2501 5550 2685 5595 extera
2733 5534 2951 5607 regione
2992 5526 3242 5585 mercede
3286 5538 3501 5594 cperam
3545 5535 3692 5575 suam

2122 5643 2408 5703 iocantem,
2459 5648 2522 5690 ac
2565 5631 2753 5702 capitis
2807 5626 2890 5682 sui
2942 5621 3233 5694 periculum
3264 5614 3691 5673 refortnidantem

2124 5734 2293 5803 (Gen.
2336 5699 2428 5787 29.
2480 5724 2602 5798 14).
2633 5699 2802 5791 ὀπιοὰ
2863 5717 2908 5773 si
2945 5712 3271 5784 Josephum,
3319 5721 3410 5770 qut
3453 5699 3689 5758 venditus
