4064 6218
476 321 577 380 ’715

473 438 588 503 fuit;
627 448 680 492 et
710 445 786 491 tot
830 439 986 490 annis
1047 455 1232 494 servus
1287 452 1448 511 atque
1497 443 1550 496 in
1607 441 1834 498 vinculis
1886 444 2036 510 fuit;

473 529 612 597 quod
653 529 697 582 si
741 528 939 582 Mosem
960 570 973 592 ,
1003 526 1092 596 qui
1125 535 1251 580 tota
1277 525 1474 580 Judieis
1499 541 1683 595 passus
1735 535 1816 580 est
1868 527 2036 591 mala;

473 636 594 675 nam
661 618 1022 688 apostolorum
1090 617 1402 672 afﬁictiones
1465 617 1703 672 oratione
1761 618 2040 686 complecti

472 723 628 762 nemo
676 715 852 771 potest
894 725 910 762 :
958 707 1074 762 hinc
1127 721 1253 776 ergo
1305 707 1598 776 colligens,
1677 715 1732 762 et
1789 708 1924 768 apud
1988 717 2040 760 te

471 797 802 867 perpendens
862 807 1055 866 quanta
1119 798 1188 850 sit
1253 812 1458 852 merces
1518 799 1808 867 patientiae,
1877 799 2042 853 sacri-

473 889 647 942 ﬁcium
677 888 807 942 oﬁ‘er
845 888 974 952 Deo,
1005 903 1261 957 generose
1308 888 1525 944 ferendo
1567 904 1911 959 qumcumque
1952 904 2041 944 ac-

470 980 672 1043 cidunt;
726 989 780 1034 et
822 980 876 1033 in
915 980 1161 1033 omnibus
1207 979 1353 1033 illum
1400 980 1654 1050 gloriiica.
1699 981 1902 1034 Etenim
1939 979 2039 1035 Job

473 1080 692 1141 propter
715 1069 1154 1140 ejusmodiverba
1182 1085 1431 1124 coronam
1461 1071 1708 1124 obtinuit.
1750 1070 1882 1124 Tum
1909 1085 2036 1125 vero

473 1172 722 1231 exspecta
751 1161 1094 1215 mutationem
1127 1162 1178 1216 in
1207 1163 1415 1227 melius,
1448 1176 1620 1230 neque
1643 1162 1844 1232 precari
1873 1162 2037 1216 Deum

470 1252 626 1323 hujus
655 1253 734 1306 rei
759 1253 924 1320 gratia
950 1251 1153 1314 desine.
1198 1263 1356 1320 atque
1385 1251 1576 1320 adipes
1601 1252 1833 1306 scribere
1859 1250 2034 1317 stude,

472 1359 569 1398 nos
621 1341 820 1412 aliquid
863 1342 1032 1396 literis
1077 1343 1271 1396 nostris
1314 1341 1623 1411 profecisse,
1666 1350 1723 1395 ut
1761 1342 1921 1396 animi
1963 1343 2038 1397 tui

472 1433 902 1502 tranquillitatem
927 1431 1247 1498 foveremus,
1269 1431 1366 1484 nisi
1384 1430 1522 1486 forte
1549 1431 1782 1484 laetitiam
1801 1441 2034 1487 nostram

473 1524 687 1578 turbare
725 1521 898 1576 malis.
937 1521 1044 1576 Nos
1082 1522 1223 1576 enim
1256 1521 1342 1577 hic
1380 1522 1544 1575 multa
1596 1523 1866 1591 voluptate
1913 1538 2034 1591 per-

471 1614 756 1678 fundimur,
788 1614 912 1669 dum
939 1613 1256 1668 sanctissimi
1287 1613 1520 1683 episc0pi
1543 1613 1942 1679 consuetudine,
1973 1629 2036 1669 ac

465 1703 570 1757 loci
601 1703 755 1772 hujus
791 1703 990 1772 quiete,
1034 1703 1248 1771 otioque
1277 1716 1485 1756 summo
1528 1703 1873 1758 oblectamur.
1903 1703 2035 1772 Nam

464 1803 519 1848 et
537 1759 834 1847 Isaurorum
873 1803 1044 1847 metus
1081 1795 1399 1864 conquievit,
1440 1793 1566 1847 dum
1591 1803 1811 1864 cogente
1839 1759 2032 1862 bienie,

467 1901 562 1942 sua
609 1886 822 1955 regione
867 1901 926 1940 se
976 1888 1269 1940 continent.
1297 1887 1373 1941 Ne
1412 1888 1571 1956 igitur
1610 1897 1846 1943 nostram
1900 1889 2036 1944 hanc

463 1976 699 2031 laetitiam
741 1977 1042 2032 conturbes.
1085 1977 1235 2044 Quod
1279 1979 1322 2033 si
1351 1979 1416 2032 ad
1447 1995 1543 2034 nos
1574 1980 1738 2034 litera:
1770 1980 2035 2050 perferan-

462 2078 569 2132 tur,
602 2084 718 2137 quze
746 2069 898 2122 nobis
927 2069 1242 2139 signiﬁcent,
1289 2079 1339 2124 te
1370 2080 1524 2140 prout
1566 2080 1617 2127 te
1664 2073 1838 2138 decet,
1866 2075 2030 2128 subli-

461 2160 637 2228 mique
661 2169 761 2212 tum
793 2161 955 2214 menti
981 2163 1246 2226 convenit,
1275 2176 1336 2215 ea
1365 2177 1480 2230 quae
1506 2163 1842 2234 contigerint,
1867 2165 2029 2233 ferre,

458 2247 558 2303 hac
585 2249 863 2303 occasione
893 2249 1069 2303 lzutilia
1101 2258 1279 2304 nostra
1309 2265 1413 2305 non
1448 2253 1701 2307 mediocri
1727 2256 2032 2310 accessione

461 2340 829 2393 cumulabitur.
877 2340 1162 2396 Enimvero
1207 2343 1429 2397 miriﬁce
1476 2359 1573 2398 nos
1621 2346 1880 2400 recreavit
1922 2345 2032 2400 fru-

458 2439 640 2484 ctuosa
681 2445 800 2484 cum
828 2433 1163 2486 sanctissimo
1187 2433 1436 2502 episcopo
1463 2436 1808 2502 consuetudo,
1854 2439 1930 2491 sic
1973 2447 2029 2492 ut

455 2535 552 2574 nos
581 2520 958 2589 propemodum
1000 2521 1050 2574 in
1090 2521 1222 2576 alios
1251 2523 1393 2576 viros
1427 2526 1727 2589 mutaverit,
1774 2541 1872 2580 nec
1920 2527 2025 2580 ullo

455 2609 754 2678 permiserit
805 2611 1094 2680 peregrina:
1136 2611 1366 2681 regionis
1413 2627 1574 2667 sensu
1630 2614 1769 2668 afﬁci
1819 2632 1831 2668 :
1883 2625 2024 2670 tanta

455 2699 712 2754 beiiorum
755 2700 1086 2768 jucunditate
1131 2703 1508 2768 redundamus,
1554 2714 1632 2760 tot
1667 2707 2025 2776 spiritualibus

451 2791 640 2858 opibus
665 2791 1100 2857 circumﬁuimus,
1143 2803 1197 2846 et
1225 2808 1339 2846 eam
1370 2793 1439 2848 ob
1464 2809 1674 2850 causam
1702 2797 1866 2850 Deum
1892 2813 2022 2852 con-

453 2883 598 2937 tinue
622 2882 916 2952 gloriﬁcare
941 2899 1044 2938 non
1074 2899 1362 2940 cessamus.

625 2996 863 3051 CCXXX
877 2997 1037 3052 VIII.
1073 2998 1311 3069 Eiusdem
1341 3001 1409 3054 ad
1435 3018 1654 3057 sororem
1679 3021 1842 3058 suam.

517 3107 625 3161 Nos
663 3108 874 3177 quidem
913 3109 1134 3164 caritate
1175 3111 1446 3180 conjungit
1496 3129 1617 3166 cum
1663 3126 1865 3168 natura:
1914 3115 2016 3184 lex,

449 3211 560 3256 tum
589 3201 728 3270 quod
757 3201 944 3256 eodem
974 3211 1125 3272 partu
1149 3203 1276 3256 editi
1306 3203 1560 3259 fuerimus
1610 3223 1624 3259 :
1677 3215 1731 3260 at
1771 3222 1870 3262 nos
1911 3223 2016 3261 non

444 3308 562 3346 eam
595 3301 796 3347 tantum
823 3293 890 3348 ob
915 3308 1146 3360 causam,
1179 3295 1271 3350 sed
1300 3296 1368 3349 ob
1393 3297 1570 3362 aliam,
1619 3307 1675 3353 et
1703 3314 1819 3368 qua:
1842 3300 2014 3354 maxi-

446 3396 534 3438 me
575 3385 745 3438 locuin
794 3384 988 3440 habere
1013 3385 1194 3451 debet,
1251 3395 1302 3441 te
1337 3402 1648 3442 reveremur
1670 3398 1724 3444 et
1750 3405 2012 3457 amamus,

447 3472 587 3542 quod
631 3474 878 3527 nimirum
927 3489 1014 3528 res
1059 3474 1216 3544 hujus
1255 3477 1435 3530 saeculi
1469 3492 1561 3547 pro
1589 3478 1754 3532 nihilo
1795 3478 2011 3545 habeas,

441 3562 584 3633 quod
613 3561 812 3618 fumum
855 3564 1116 3634 abegeris,
1172 3566 1438 3634 pulverem
1464 3571 1811 3637 oppresseris,
1846 3571 2012 3625 lutum

439 3656 787 3721 conculcaris,
827 3655 1077 3725 levesque
1116 3657 1208 3711 tibi
1237 3658 1348 3710 alas
1373 3657 1439 3711 ad
1468 3659 1819 3714 emetiendam
1847 3663 2009 3727 viam,

441 3762 557 3816 qua:
583 3746 752 3802 tendit
777 3746 842 3800 ad
866 3747 1072 3813 caelum,
1101 3749 1492 3818 comparaveris
1519 3768 1531 3802 :
1561 3760 1612 3804 et
1641 3766 1810 3822 neque
1837 3753 2009 3806 mariti

437 3851 586 3903 cura,
633 3853 802 3908 neque
829 3838 1116 3893 liberorum
1147 3839 1541 3894 educandorum
1569 3841 1889 3907 soilicitudo,
1919 3859 2010 3899 ne-

435 3943 537 3996 que
565 3927 756 3984 domus
783 3929 1188 3997 administratio,
1215 3946 1384 4000 neque
1415 3932 1689 4000 tumultus,
1721 3949 1878 4003 quem
1911 3935 2010 3988 ista

437 4021 665 4088 pariunt,
707 4035 920 4074 cursum
967 4030 1112 4075 tuum
1161 4022 1548 4092 interrumpere
1597 4033 1688 4078 aut
1739 4025 2009 4081 retardare

438 4117 741 4178 potuerunt,
769 4109 862 4163 sed
880 4110 964 4164 his
982 4111 1110 4179 ipsis
1129 4113 1317 4181 quibus
1345 4114 1583 4182 impediri
1607 4129 1762 4182 posse
1792 4116 2007 4188 videba-

435 4200 530 4266 ris,
573 4199 636 4254 ad
668 4199 920 4269 majorem
949 4216 1042 4255 usa
1083 4217 1142 4256 es
1170 4203 1374 4258 volatus
1403 4205 1726 4261 celeritatem
1771 4225 1785 4261 :
1833 4217 1886 4262 et
1915 4224 2008 4264 ne-

431 4309 537 4363 que
581 4293 664 4346 illa
718 4309 837 4363 quae
883 4293 1024 4348 viros
1064 4310 1353 4364 generosos
1414 4298 1656 4352 humiliat
1697 4299 2004 4370 (siquidem

433 4381 738 4454 Paupertas,
781 4385 950 4453 inquit
994 4384 1286 4458 Scriptura,
1324 4386 1486 4439 virum
1510 4389 1742 4441 humilia:
1772 4392 1790 4459 )
1823 4387 2002 4462 (Prov.

430 4477 516 4530 10.
545 4477 622 4543 4).
665 4476 894 4546 dejicere
925 4487 975 4530 te
1005 4479 1193 4546 potuit,
1221 4476 1316 4532 sed
1345 4486 1400 4532 et
1427 4479 1785 4535 sublimiorem
1807 4480 2000 4536 eil'ecit.

428 4566 503 4621 Ea
535 4583 762 4637 namque
796 4568 1006 4623 virtutis
1027 4578 1108 4622 est
1138 4569 1239 4634 vis,
1273 4579 1331 4623 ut
1354 4585 1457 4624 non
1488 4570 1556 4625 ab
1582 4571 1646 4626 iis
1670 4587 1786 4641 qua:
1811 4573 2000 4626 similia

424 4667 549 4712 sunt
596 4673 909 4714 aranearum
959 4658 1076 4713 telis
1130 4660 1514 4729 praepediatur,
1566 4662 1661 4717 sed
1716 4678 1779 4718 ea
1831 4664 2000 4719 multo

423 4748 648 4816 facilius,
687 4765 842 4819 quam
885 4749 1028 4819 ipsas
1051 4765 1360 4805 aranearum
1387 4751 1515 4806 telas
1543 4751 1826 4821 dissipans,
1855 4755 1998 4809 ntul-

424 4849 533 4894 tum
570 4841 691 4896 inde
738 4841 942 4897 lucrum
971 4841 1240 4913 decerpat.
1272 4843 1394 4897 llzec
1421 4857 1524 4897 non
1561 4844 1676 4899 sine
1709 4859 1866 4901 causa
1895 4855 1998 4902 tuae

421 4930 730 4998 scripsimus
781 4932 1129 4999 venerationi,
1198 4932 1292 4988 sed
1338 4935 1588 5004 quoniam
1641 4952 1761 4992 eum
1815 4949 1996 4998 nostro

420 5019 677 5084 discessu,
715 5031 822 5076 tum
858 5025 1082 5078 tumultu
1108 5024 1225 5081 istic
1251 5034 1438 5081 exorto
1469 5027 1752 5084 admodum
1783 5043 1996 5087 contur-

421 5113 532 5167 bari
562 5122 613 5168 te
641 5115 971 5184 conjicimus,
1017 5129 1070 5171 et
1113 5119 1322 5172 anxiam
1367 5134 1506 5185 esse,
1553 5131 1831 5190 pmpterea
1862 5125 1994 5178 scri-

420 5201 646 5256 bendum
690 5204 756 5258 ad
802 5205 1048 5274 pietatem
1104 5215 1245 5262 tuam
1298 5206 1584 5278 duximus,
1653 5221 1707 5266 et
1754 5214 1992 5284 cogitans

420 5293 558 5345 viam
611 5295 894 5363 quamdam
955 5311 1074 5352 esse
1122 5313 1207 5352 res
1252 5298 1538 5368 humanas,
1603 5310 1659 5356 et
1714 5314 1989 5372 angustam

418 5384 630 5454 quidem
655 5401 773 5441 eam
801 5403 918 5455 quze
945 5388 1152 5442 virtutis
1181 5399 1290 5458 est,
1339 5392 1623 5460 spatiosam
1661 5403 1836 5449 autem
1870 5409 1988 5463 quae

419 5476 548 5540 vitii,
576 5491 747 5546 neque
776 5477 912 5539 illos,
941 5479 1129 5547 quibus
1157 5495 1275 5534 cum
1300 5482 1528 5548 peccatis
1552 5480 1778 5536 feliciter
1798 5493 1986 5537 cuncta

417 5568 720 5636 sucoedunt,
752 5569 1032 5633 temuleris,
1080 5570 1174 5626 scd
1215 5572 1387 5641 potius
1430 5571 1676 5643 deplores
1704 5574 1981 5644 (quando.

474 5681 546 5743 (α)
578 5689 690 5741 Quae
725 5683 911 5732 uncinis
945 5679 1286 5733 claudunturin
1312 5682 1450 5734 Edito
1472 5682 1710 5744 deerant;
1749 5697 1811 5734 ex
1837 5685 1984 5745 Regio

414 5745 580 5794 indice
604 5745 853 5808 desumpta
874 5750 1000 5790 sunt.

1205 324 1262 378 S.
1285 322 1560 378 JOANNIS
1601 321 2065 380 CllllYSOSTOHl
2087 327 2396 384 ARCHIEP.
2429 330 2954 388 CONSTANTINOP.

3627 348 3734 402 7H

2145 443 2354 509 quidem
2403 444 2714 514 supplicium
2757 447 2862 500 illis
2913 449 3236 518 prosperitas
3271 453 3386 510 haec
3428 459 3720 530 accersit),

2146 545 2315 600 neque
2341 533 2429 600 qui
2455 534 2588 587 viam
2615 545 2890 605 angustam
2920 547 3206 607 sectantur,
3239 545 3464 601 miseros
3486 549 3721 604 arbitre-

2147 622 2242 686 ris,
2285 624 2378 677 sed
2406 624 2588 679 beatos
2627 629 2801 696 potius
2829 630 3102 698 praedices,
3131 633 3176 688 si
3215 649 3333 689 cum
3365 639 3556 694 virtute
3582 643 3724 697 viam

2145 724 2420 784 peragant.
2481 717 2612 771 Nam
2656 728 2708 772 et
2756 721 2868 775 istis
2902 722 3153 789 majorem
3182 727 3512 784 occasionem
3541 729 3721 793 aﬂert,

2147 812 2204 859 et
2229 805 2611 862 incrementum
2644 810 2900 866 honorum
2931 822 2986 868 et
3035 797 3371 886 coronarum,
3419 821 3568 876 istius
3599 825 3726 880 vitae

2145 895 2380 963 afﬂictio,
2429 900 2472 952 si
2519 915 2639 954 cum
2684 903 2892 956 virtutis
2921 905 3114 961 auxilio
3141 907 3722 983 tolereturzsiquidem

2144 998 2195 1042 et
2239 989 2387 1044 dives
2426 991 2514 1045 ille
2556 1008 2659 1046 non
2707 993 2904 1050 idcirco
2946 1005 3145 1052 tantum
3192 1002 3545 1070 cruciabatur,
3575 1009 3721 1076 quod

2142 1079 2370 1134 crudelis
2413 1089 2465 1135 et
2496 1081 2817 1139 inhumanus
2859 1095 3020 1150 esset,
3051 1087 3145 1142 sed
3168 1089 3308 1158 quod
3337 1092 3574 1160 pluribus
3604 1098 3722 1166 opi-

2143 1168 2239 1239 bus
2267 1172 2579 1240 abundaret,
2608 1184 2661 1228 et
2688 1175 2903 1244 opipara
2935 1193 3115 1231 mensa
3147 1178 3452 1245 frueretur;
3487 1184 3719 1241 Lazarus

2142 1277 2270 1317 vero
2300 1274 2578 1334 propterea
2602 1281 2797 1320 corona
2826 1267 3141 1333 donabatur,
3190 1272 3334 1339 quod
3379 1275 3544 1329 multa
3586 1292 3712 1332 cum
3804 1324 3810 1329 .

2141 1354 2389 1422 patientia
2433 1371 2647 1426 gravem
2688 1358 2925 1414 ulcerum
2965 1363 3253 1415 cruciatum
3286 1363 3462 1432 ferret,
3507 1379 3720 1437 egesta-

2143 1456 2243 1501 tem
2266 1487 2280 1512 ,
2337 1447 2673 1503 solitudinem
2703 1464 2884 1504 eorum
2911 1453 2997 1520 qui
3024 1453 3383 1521 subvenirent,
3431 1459 3571 1526 quod
3615 1461 3721 1514 ab-

2134 1535 2308 1605 jectus
2336 1546 2497 1605 esset,
2514 1539 2652 1609 quod
2673 1549 3120 1610 contemneretur,
3145 1545 3283 1614 quod
3311 1563 3492 1602 canum
3512 1549 3715 1620 linguis

2140 1627 2192 1682 in
2232 1629 2460 1697 praedam
2481 1633 2680 1700 jaceret
2711 1634 3002 1702 expositus.
3051 1635 3175 1690 Haec
3214 1639 3354 1691 enim
3381 1641 3556 1694 omnia
3585 1642 3714 1698 licet

2138 1727 2419 1789 antequam
2463 1731 2670 1777 nostras
2713 1724 2896 1778 literas
2944 1726 3232 1796 acciperes,
3272 1745 3376 1782 non
3417 1729 3711 1799 ignorares,

2139 1806 2440 1864 faciendum
2471 1811 2624 1865 nobis
2653 1821 2827 1866 tamen
2854 1814 3293 1882 existimavimus,
3340 1825 3402 1872 ut
3429 1819 3483 1872 in
3507 1836 3712 1876 memo-

2137 1898 2268 1952 riam
2297 1915 2360 1954 ea
2387 1901 2480 1954 tibi
2506 1901 2784 1957 scribendo
2820 1919 3212 1971 revocaremus,
3241 1923 3308 1962 ne
3331 1908 3469 1964 forte
3500 1911 3715 1970 tristitia

2138 1989 2333 2043 turbari
2361 1999 2412 2044 te
2437 1991 2656 2046 sineres.
2701 1993 2948 2060 Quamvis
2976 1996 3116 2049 enim
3145 1997 3310 2052 literis
3342 1999 3506 2053 nolim
3534 2003 3714 2056 omnia

2135 2082 2467 2150 consignare,
2509 2085 2672 2150 probe
2706 2085 2881 2140 tam'en
2911 2087 3030 2140 novi
3057 2086 3246 2156 quibus
3273 2089 3424 2145 malis
3463 2091 3703 2146 obsidea-

2135 2172 2302 2236 mini;
2367 2188 2524 2242 quam
2582 2174 2650 2228 ob
2709 2189 2921 2229 causam
2965 2184 3019 2230 et
3068 2179 3347 2246 epistolam
3393 2181 3588 2246 adjeci.
3642 2181 3712 2236 Ut

2134 2262 2313 2334 igitur,
2355 2265 2513 2318 etiam
2540 2263 2664 2318 dum
2696 2280 2918 2334 peregre
2942 2268 3187 2332 vivimus,
3235 2269 3399 2323 multa
3443 2271 3711 2340 voluptate

2133 2353 2524 2422 perfundamur,
2576 2354 2643 2408 ad
2693 2370 2790 2409 nos
2821 2357 3000 2411 literas
3027 2359 3196 2424 mitte,
3227 2360 3417 2428 quibus
3440 2361 3710 2430 signiﬁces

2135 2451 2334 2498 tantum
2379 2444 2516 2513 apud
2565 2454 2614 2498 te
2660 2454 2898 2499 nostram
2949 2446 3084 2501 hanc
3127 2449 3353 2504 valuisse
3382 2449 3710 2505 cohortatio-

2133 2549 2283 2597 ncm,
2329 2543 2581 2604 quantum
2642 2535 2904 2590 voluimus
2957 2544 3012 2591 et
3059 2538 3376 2607 optavimus.
3431 2538 3521 2594 Sic
3563 2541 3707 2594 enim

2129 2623 2238 2689 ﬁet,
2281 2634 2337 2678 ut
2380 2625 2502 2679 licet
2549 2625 2703 2695 longe
2735 2626 2960 2696 sejuncti
3007 2641 3036 2680 a
3083 2627 3270 2695 vobis,
3317 2629 3533 2682 multam
3583 2633 3707 2684 hinc

2127 2713 2360 2768 laetitiam
2420 2715 2746 2771 hauriamus.
2825 2716 3094 2786 Siquidem
3144 2733 3270 2783 nos,
3333 2718 3545 2772 tametsi
3596 2729 3705 2772 tam

2126 2804 2290 2858 multa
2332 2807 2492 2876 passi,
2539 2807 2667 2861 nihil
2691 2823 2878 2862 eorum
2914 2809 3193 2876 sentimus,
3239 2808 3366 2864 dum
3398 2811 3705 2864 mercedem

2126 2906 2304 2951 mente
2347 2899 2749 2968 complectimur
2794 2901 3136 2954 constitutam
3185 2901 3255 2955 ob
3301 2915 3364 2955 ea
3392 2917 3514 2970 qua:
3555 2901 3704 2970 passi

2125 3002 2328 3054 sumus,
2371 3000 2424 3044 et
2465 3000 2832 3059 exspectamus
2875 2992 3008 3058 fore,
3056 2999 3113 3046 ut
3161 2991 3386 3062 aliquam
3417 2993 3468 3046 in
3511 2994 3705 3047 melius

2124 3082 2468 3135 mutationem
2512 3081 2718 3152 negotia
2755 3083 3077 3149 sortiantur,
3125 3092 3180 3138 ut
3223 3094 3275 3138 et
3326 3084 3436 3152 ipsa
3481 3084 3700 3138 exordia

2121 3188 2233 3243 pra:
2261 3186 2319 3228 se
2350 3174 2538 3227 ierunt.
2575 3174 2696 3228 llrcc
2738 3175 2893 3244 igitur
2922 3177 3030 3244 ipsa
3060 3187 3231 3231 tecum
3257 3186 3528 3250 reputans,
3571 3175 3700 3228 dum

2120 3264 2380 3333 ejusmodi
2433 3265 2700 3334 patientia:
2744 3266 2965 3321 sudores
3012 3269 3242 3332 toleras,
3301 3267 3406 3321 noli
3458 3267 3700 3322 animum

2119 3355 2473 3426 despondere,
2515 3356 2605 3410 sed
2659 3371 2777 3410 cum
2821 3358 3054 3411 omnium
3103 3360 3326 3412 aliorum
3355 3373 3531 3412 curam
3562 3373 3700 3427 gere

2119 3446 2406 3501 liberorum
2439 3457 2647 3500 tuorum
2696 3448 2994 3518 (siquidem
3035 3449 3203 3518 major
3237 3457 3289 3504 te
3319 3463 3455 3503 nunc
3481 3463 3700 3502 merces

2118 3538 2357 3608 manet),
2403 3546 2510 3591 tum
2555 3537 2828 3606 pulchram
2859 3539 3232 3607 Epiphanium,
3266 3539 3696 3608 proutplacituni

2119 3629 2226 3684 Deo
2273 3628 2447 3694 fuerit,
2496 3630 2722 3685 educare
2761 3629 2933 3684 stude.
2961 3629 3074 3684 Non
3100 3631 3240 3684 enim
3269 3631 3478 3700 ignoras
3497 3643 3694 3700 quanta

2117 3723 2186 3776 sit
2235 3737 2267 3776 a
2306 3722 2416 3776 Deo
2441 3723 2728 3777 liberorum
2773 3723 3072 3778 educationi
3116 3738 3323 3778 merces
3377 3725 3692 3777 constituta.

2119 3813 2192 3867 Ita
2241 3827 2360 3868 cum
2405 3813 2522 3867 aliis
2566 3814 2834 3868 Abraham
2881 3815 3109 3868 nominis
3149 3814 3510 3868 celebritatem
3560 3815 3692 3868 ade-

2117 3914 2234 3979 ptus
2281 3912 2400 3970 est,
2452 3904 2523 3958 ita
2563 3904 2663 3958 Job
2719 3919 2968 3958 coronam
3013 3906 3306 3974 promeruit
3339 3915 3434 3958 :et
3471 3905 3692 3958 assidue

2113 3998 2298 4051 beatus
2339 3997 2529 4050 Paulus
2557 3995 2656 4050 hoc
2698 3997 2998 4065 parentibus
3027 3997 3260 4064 ρτωρίνὶι
3287 3995 3466 4050 dicens
3501 4013 3513 4049 :
3546 3995 3692 4048 Eda-

2111 4097 2218 4140 cale
2255 4088 2388 4155 ﬁlios
2433 4099 2619 4140 vestros
2661 4087 2712 4139 in
2747 4087 3013 4156 disciplina
3049 4095 3093 4138 et
3139 4087 3448 4154 correptione
3477 4084 3691 4138 Domini

2112 4178 2322 4250 (Ep/tes.
2351 4182 2402 4234 6.
2421 4177 2498 4248 4).
2532 4177 2865 4232 Vacatiunein
2890 4187 3042 4232 nacta
3073 4193 3152 4242 es,
3179 4193 3296 4246 qua:
3329 4177 3464 4230 tibia
3497 4191 3689 4246 super-

2111 4269 2290 4323 vacuis
2315 4278 2369 4323 et
2398 4269 2714 4338 importunis
2743 4269 2884 4322 curis
2909 4277 2960 4320 et
2989 4267 3157 4320 inutili
3199 4267 3462 4320 anxietate
3509 4275 3686 4333 potest

2109 4362 2492 4415 immunitatem
2518 4361 2832 4430 acquirere;
2879 4359 3232 4422 vacationem,
3283 4375 3401 4428 qua-
3453 4358 3682 4411 multum

2107 4463 2362 4523 quaestum
2392 4455 2546 4522 parit,
2589 4451 2727 4506 unde
2773 4451 2865 4505 tibi
2907 4451 3059 4504 multi
3088 4461 3308 4520 possunt
3335 4449 3542 4504 virtutis
3567 4450 3681 4504 fru-

2106 4555 2224 4598 ctus
2264 4543 2540 4612 pullulare,
2589 4544 2633 4597 si
2679 4542 2890 4612 quidem
2941 4542 3064 4596 huic
3103 4542 3178 4597 rei
3219 4558 3430 4596 omnem
3457 4557 3680 4610 operam

2103 4635 2334 4690 volueris
2378 4634 2649 4689 adhibere.
2700 4631 2830 4688 Nam
2857 4632 2923 4687 de
2949 4632 3162 4686 domina
3191 4648 3308 4686 mea
3336 4640 3504 4687 matre
3546 4631 3681 4686 nihil

2103 4742 2237 4796 opus
2280 4741 2400 4781 esse
2455 4725 2682 4779 arbitror
2707 4724 2772 4780 ad
2803 4735 2852 4780 te
2877 4725 3134 4788 scribere,
3181 4738 3300 4777 cum
3342 4723 3472 4776 satis
3509 4724 3680 4777 sciam

2102 4817 2242 4874 inter
2281 4817 2488 4873 stetere!
2517 4817 2770 4888 prmclara
2801 4817 3031 4871 facinora
3064 4816 3163 4869 hoc
3189 4831 3216 4868 a
3248 4825 3298 4869 te
3327 4815 3550 4880 editum,
3596 4825 3680 4868 at-

2101 4926 2203 4980 que
2251 4912 2521 4980 copiosum
2569 4909 2690 4962 inde
2739 4919 2788 4962 te
2837 4909 3062 4963 fructum
3125 4907 3492 4976 decerpsisse,
3549 4921 3679 4960 cum

2099 5003 2202 5056 tuis
2231 5003 2281 5055 in
2315 5001 2458 5054 illam
2508 4999 2698 5054 ofﬁciis
2725 5009 2778 5054 et
2807 5000 3074 5068 obsequiis
3105 4998 3398 5068 quamlibet
3423 4998 3676 5050 ancillam

2097 5091 2455 5164 superaveris.
2519 5093 2652 5158 Quia
2710 5100 2885 5146 tamen
2931 5089 3031 5144 hoc
3083 5105 3294 5160 quoque
3339 5105 3369 5144 a
3418 5103 3506 5143 me
3566 5105 3678 5142 non

2094 5186 2264 5241 omitti
2319 5200 2417 5254 par
2464 5194 2585 5252 est,
2640 5184 2775 5252 audi,
2825 5183 3037 5239 beatum
3089 5183 3308 5236 Paulum
3363 5180 3674 5246 dicentem,

2097 5278 2307 5332 Ilonora
2333 5287 2580 5346 parentes,
2603 5286 2656 5332 et
2675 5275 2976 5339 addentem,
3009 5275 3154 5342 Quod
3181 5283 3252 5327 est
3282 5273 3496 5344 primum
3526 5289 3676 5324 man.

2093 5369 2264 5420 datum
2295 5367 2346 5420 in
2377 5369 2787 5438 promissionibus
2826 5366 2934 5438 (Ib.
2975 5383 3020 5421 υ.
3050 5367 3130 5436 2).
3163 5365 3221 5420 Si
3250 5365 3321 5419 ita
3343 5373 3394 5419 te
3413 5365 3672 5434 gesseris,

2090 5474 2209 5514 cum
2243 5460 2433 5512 multas
2480 5459 2575 5512 tibi
2628 5475 2854 5514 coronas
2902 5459 3163 5528 acquires,
3207 5464 3318 5510 tum
3361 5455 3526 5509 multa
3573 5469 3672 5507 nos

2090 5553 2360 5620 voluptate
2382 5551 2686 5622 perfundes,
2711 5567 2883 5622 neque
2911 5552 3195 5622 quidquam
3219 5564 3315 5603 nos
3337 5564 3457 5603 esse
3484 5564 3670 5617 passos

2087 5642 2461 5697 arbitrabimur
2488 5658 2671 5698 eorum
2699 5659 2819 5714 quae
2845 5644 2984 5713 passi
3014 5641 3208 5696 fuimus
3254 5640 3350 5694 hac
3387 5639 3456 5694 de
3484 5655 3666 5700 causa,

2091 5734 2184 5789 sed
2218 5735 2576 5805 magnitudine
2611 5735 2805 5791 lmtitiaa
2834 5735 3076 5802 recreati,
3125 5750 3280 5805 quam
3308 5748 3372 5786 ex
3405 5740 3670 5786 DOImrtim
