4064 6218
292 352 403 407 Ἡῖ)

286 482 481 529 σαντα,
515 461 606 518 τὸν
633 457 858 514 δεθέντα
888 462 905 483 ·
942 451 1036 525 ἐτη
1066 445 1323 512 τοσαῦτα,
1345 442 1435 496 τὸν
1469 436 1639 512 μυρία
1670 433 1870 489 παθόν-

280 580 355 617 τα
376 526 546 614 δεινά·
585 555 651 610 ἂν
671 553 729 607 δὲ
754 550 846 604 τὸν
871 544 1025 620 [⁸752]
1046 542 1308 606 Μωῦσέα,
1329 537 1424 592 καὶ
1448 531 1686 589 τοσαῦτα
1718 526 1872 599 παρά

281 616 395 707 τῶν
440 644 708 703 Ἰουδαίων
742 616 985 695 παθό-ντα
1007 616 1187 689 κακά·
1222 631 1293 685 τά
1323 628 1433 699 γάρ
1472 623 1583 679 τῶν
1623 616 1874 676 ἀποστό-

283 745 396 799 λων
430 740 552 795 οὐδὲ
584 733 932 810 παραστῆσαι
954 728 1037 782 ἔνι
1062 725 1143 796 τῷ
1173 723 1336 793 λόγῳ·
1360 718 1509 772 ταῦτ’
1542 711 1634 770 οῦν
1653 712 1872 770 ᾶπαντα

283 803 691 901 συναγαγοῦσα,
721 827 815 879 καὶ
841 818 1168 891 λογιζομένη
1197 817 1294 885 τῆς
1321 810 1599 881 ὑπομονῆς
1648 803 1739 857 τὸν
1785 818 1872 872 μι-

285 895 447 989 σθδν,
471 895 665 975 θυσίαν
695 918 951 982 ἀνένεγκε
980 910 1060 981 τῷ
1083 907 1223 979 Θεῷ.
1255 906 1316 958 τὸ
1338 901 1597 973 γενναίως
1628 895 1872 964 ἐνεγκεῖν

278 1017 352 1073 τὰ
402 986 804 1086 συμπίπτοντα,
854 1007 949 1061 καὶ
1003 1002 1092 1058 διὰ
1146 997 1349 1061 παντὸς
1397 993 1559 1048 αὐτὸν
1603 986 1866 1055 δοξάζειν.

291 1109 448 1165 Ἐπεὶ
477 1080 582 1160 ’καὶ
617 1106 645 1157 0
688 1100 809 1154 Ἰὼϐ
830 1098 937 1152 ἀπὸ
964 1095 1073 1149 τῶν
1104 1090 1361 1145 τοιούτων
1391 1080 1734 1153 ἐστεφανώθη
1771 1081 1867 1148 ρη-

282 1204 493 1276 μάτων.
560 1195 820 1265 Ἀνάμενε
884 1190 950 1260 δὴ
1009 1187 1102 1241 καὶ
1150 1183 1250 1256 τὴν
1282 1181 1373 1234 ἐπὶ
1410 1178 1470 1232 τὸ
1507 1172 1870 1247 χρηστότερον

276 1262 607 1366 μεταϐολὴν.
673 1262 767 1339 καὶ
813 1279 888 1353 μὴ
937 1277 1186 1349 διαλίπῃς
1224 1274 1316 1327 τὸν
1343 1269 1474 1324 Θεὸν
1515 1265 1655 1336 ὑπὲρ
1676 1262 1867 1317 τούτου

278 1351 701 1456 παρακαλοῦσα,
741 1351 837 1427 καῖ
879 1370 1090 1443 γράψαι
1133 1368 1264 1438 ἡμῖν
1296 1360 1617 1420 σπούδασον,
1653 1357 1734 1409 ὅτι
1777 1351 1870 1421 γέ-

276 1441 405 1544 γούέ
438 1488 493 1524 τι
521 1467 683 1522 πλέον
714 1462 823 1518 ἀπὸ
843 1441 950 1514 τῶν
976 1455 1260 1528 ἡμετέρων
1290 1446 1742 1523 γραμμάτωνκείς
1779 1441 1870 1494 εὐ-

278 1532 484 1635 θυμίας
537 1575 620 1611 σοι
658 1555 841 1623 λόγον,
879 1550 993 1617 εἴγε
1029 1549 1103 1620 μὴ
1149 1544 1327 1616 βούλει
1363 1539 1550 1594 θολοῦν
1590 1534 1747 1606 ἡμῶν
1769 1532 1867 1604 τὴν

276 1624 643 1723 εὐφροσύνην.
688 1645 881 1715 Ἡμεῖς
917 1640 1026 1711 γάρ
1070 1635 1305 1692 ἐνταῦθα
1348 1631 1549 1701 πολλῆς
1602 1624 1869 1681 ἀπολαύο-

278 1717 626 1816 μενὴδονῆς,
653 1732 1028 1808 ἐντρυφῶντες
1048 1731 1116 1800 τῇ
1145 1724 1404 1795 συνουσία
1435 1721 1530 1775 τοῦ
1562 1717 1865 1789 ἀγιωτάτου

278 1809 607 1895 ἐπισκόπου,
642 1828 740 1882 καὶ
769 1828 836 1897 τῇ
869 1822 1071 1896 ἡσυχίᾳ
1096 1818 1190 1873 τοῦ
1219 1816 1420 1889 χωρίου
1445 1812 1657 1876 τούτου,
1681 1810 1775 1865 καὶ
1799 1809 1865 1880 τῇ

278 1926 450 1997 πολλῇ
493 1916 917 1994 ἀπραγμοσύνῃ.
966 1913 1076 1968 Καὶ
1115 1910 1222 1982 γάρ
1275 1910 1304 1963 0
1340 1907 1449 1961 τῶν
1483 1902 1739 1975 Ἰσαύρων
1774 1900 1868 1955 πέ-

279 2033 487 2072 παυται
534 2012 718 2083 φόϐος,
764 2007 860 2062 τοῦ
900 2003 1170 2077 χειμῶνος
1210 2000 1408 2062 αὐτοὺς
1454 1993 1867 2054 συνελαύνοντος

278 2115 362 2175 είς
384 2110 485 2181 τὴν
508 2106 708 2162 αὐτῶν.
727 2102 826 2174 Μὴ
848 2101 912 2173 δὴ
934 2097 1200 2169 τοσαύτην
1228 2092 1469 2163 θολώσῃς
1493 2091 1621 2162 ἡμῖν
1647 2086 1865 2159 ἡδονήν.

279 2208 361 2260 Εἰ·
396 2204 506 2275 γάρ
541 2200 687 2253 ἔλθοι
714 2196 1018 2271 γράμματα
1064 2188 1215 2262 παρά
1264 2190 1365 2259 τῆς
1415 2188 1515 2257 σῆς
1558 2180 1870 2254 τιμιότητος

280 2271 547 2369 δηλοῦντα
590 2293 742 2363 ἡμῖν,
786 2290 869 2343 ὅτι
898 2287 975 2350 ῶς
1020 2301 1101 2337 σοι
1135 2282 1345 2354 πρέπον
1390 2276 1528 2342 ἐστὶ,
1571 2274 1665 2327 καὶ
1704 2271 1871 2338 ἀξίως

280 2362 383 2460 cii;
410 2362 751 2456 04mm;000
783 2377 1009 2449 γνώμης
1027 2375 1098 2429 τὰ
1132 2371 1517 2444 συμπίπτοντα
1547 2366 1752 2438 φέρεις,
1776 2362 1871 2415 καὶ

279 2455 533 2532 ἐντεῦθεν
568 2455 765 2544 πολλὴν
797 2465 1204 2541 καρπωσόμεθα
1239 2461 1505 2531 εὐθυμίας
1529 2455 1867 2529 προσθήκην.

283 2569 400 2639 οὐχ
448 2566 520 2630 ὼς
569 2565 728 2635 ἔτυχε
776 2561 886 2633 γάρ
1127 2555 1464 2625 ἀνεκτήσατο
1509 2553 1542 2622 ἡ
1586 2547 1871 2617 ὲπωφελὴς

286 2655 544 2711 συνουσία
571 2653 665 2707 τοῦ
704 2651 1011 2720 ἀγιωτάτου
1046 2644 1373 2707 ἐπισκόπου,
1417 2641 1494 2703 ὡς
1527 2638 1717 2699 ἀλλους
1756 2633 1870 2689 ἀντ’

282 2750 461 2804 ἄλλων
495 2747 681 2818 σχεδὸν
718 2740 1079 2817 ἐργάσασθαι,
1118 2738 1213 2792 καὶ
1252 2735 1327 2807 μὴ
1354 2729 1707 2802 συγχωρῆσαι
1737 2725 1872 2797 μηδὲ

286 2841 539 2912 αἴσθησιν
554 2816 662 2909 τῆς
687 2816 846 2907 ξένης
874 2834 1078 2888 λαϐεῖν’
1105 2827 1340 2897 τοσαύτη
1372 2825 1521 2896 ἡμᾶς
1551 2816 1875 2891 περιστοιχί-

288 2911 445 2999 ζεται
466 2930 686 3000 ἀγαθῶν
713 2924 1044 2997 εὐφροσύνη,
1074 2923 1168 2976 καὶ
1195 2919 1419 2979 πλοῦτος
1446 2917 1478 2985 ἡ
1488 2914 1593 2984 μᾶς
1621 2911 1874 2981 περιρρεῖ

290 2996 681 3093 πνευματικὸς,
721 2996 931 3072 καὶτὸν
968 3013 1100 3067 Θεὸν
1132 3009 1223 3064 διὰ
1243 3005 1415 3061 ταῦτα
1436 2999 1696 3072 διηνεκῶς
1717 2996 1871 3062 δοξά-

289 3113 474 3180 (om;
503 3112 564 3165 00
587 3107 894 3178 παυόμεθα.

360 3248 543 3300 ΣΛΗ¹.
584 3243 701 3298 Τοῦ
731 3240 918 3296 αὐτοῦ
954 3237 1103 3308 πρὸς
1128 3235 1247 3306 τὴν
1286 3231 1563 3303 ἀδελφὴν
1593 3228 1800 3284 αὐτοῦ.

360 3385 592 3455 Συνάγει
623 3382 721 3454 μὲν
749 3380 896 3452 ἡμᾶς
922 3379 1003 3441 είς
1039 3375 1260 3443 ἀγάπην
1303 3371 1398 3425 καὶ
1439 3369 1657 3439 φύσεως
1686 3367 1873 3436 νόμος,

293 3478 387 3533 καὶ
409 3477 471 3530 τὸ
491 3474 652 3529 λῦσαι
679 3470 779 3535 τὰς
802 3468 972 3533 αὐτὰς
999 3466 1217 3528 ὠδῖνας
1248 3463 1406 3534 ἡμεῖς
1430 3460 1487 3514 δὲ
1508 3459 1607 3513 οὐκ
1627 3456 1875 3510 ἐντεῦθεν

296 3569 477 3641 μόνον,
513 3564 651 3620 ἀλλά
684 3563 782 3618 καὶ¹
827 3557 1118 3630 ἑτέρωθεν,
1164 3555 1261 3609 καὶ
1300 3553 1423 3606 ὅθεν
1470 3551 1703 3621 μάλιστα
1746 3549 1871 3621 χρὴ,

293 3663 391 3718 καὶ
420 3657 714 3731 αἰδούμεθα
756 3655 851 3709 καὶ
889 3648 1154 3722 φιλοῦμέν
1193 3663 1286 3699 σου
1312 3647 1409 3715 τὴν
1439 3643 1751 3714 τιμιότητα,
1792 3642 1876 3694 ὅτι

296 3774 380 3811 σοι
408 3754 519 3808 τῶν
543 3751 828 3821 παρόντων
860 3745 1017 3813 λόγος
1060 3738 1256 3803 οὐδεὶς,
1286 3736 1367 3790 δτι
1394 3734 1484 3789 τὸν
1509 3733 1713 3788 καπνὸν
1741 3733 1876 3804 ἡλα-

296 3862 417 3911 σας,
444 3843 538 3897 καὶ
575 3840 674 3913 τὴν
708 3838 859 3893 κόνιν
888 3834 1142 3895 ἔσϐεσας,
1182 3829 1279 3883 καὶ
1309 3827 1401 3880 τὸν
1435 3825 1603 3896 πηλὸν
1638 3823 1877 3877 κατεπά-

294 3952 493 4007 τησας,
539 3932 634 3987 καὶ
681 3928 883 3997 κοῦφόν
927 3941 1010 3979 σοι
1061 3921 1252 3992 γέγονε
1280 3918 1344 3972 τὸ
1381 3917 1579 3989 πτερὸν
1625 3914 1759 3985 πρὸς
1780 3913 1878 3985 τὴν

296 4004 416 4081 δδδν
441 4024 541 4096 τὴν
564 4025 645 4085 εἰς
670 4021 762 4075 τὸν
792 4016 1020 4090 οὐρανὸν
1061 4013 1352 4085 φέρουσαν,
1396 4009 1489 4063 καὶ
1529 4006 1653 4060 οὔτε
1687 4004 1879 4076 ἀνδρὸς

302 4119 566 4190 μέριμνα,
611 4112 735 4168 οὐτε
787 4106 1175 4179 παιδοτροφίας
1229 4102 1468 4173 φροντὶς,
1522 4099 1645 4152 οῦτε
1701 4098 1879 4160 οἰκίας

298 4187 609 4280 ἐπιμέλεια,
633 4203 758 4259 οὐτε
792 4204 821 4257 0
846 4198 1093 4255 ἐντεῦθεν
1121 4195 1436 4265 τικτόμενος
1465 4189 1692 4261 θόρυϐος
1724 4187 1875 4258 ἴσχυ-

304 4320 395 4357 σεν
434 4296 790 4355 ύποσκελίσαι
825 4311 908 4349 σοι
932 4292 1026 4347 τὸν
1057 4288 1257 4361 δρόμον
1292 4292 1386 4340 καί
1418 4283 1751 4357 βραδύτερον
1787 4282 1878 4352 ἐρ-

301 4388 596 4458 γάσασθαι,
624 4384 737 4440 ἀλλ’
763 4384 947 4445 αὐτοῖς
981 4380 1046 4451 δὴ
1078 4377 1288 4440 τούτοις
1316 4378 1429 4438 τοῖς
1456 4372 1705 4427 δοκοῦσιν
1738 4366 1878 4425 ε’ίναι

303 4478 622 4550 κωλύμασιν
647 4478 728 4540 είς
759 4474 942 4529 πλεῖον
968 4471 1136 4542 τάχος
1171 4469 1425 4540 πτήσεως
1453 4464 1741 4537 κέχρησαι·
1788 4461 1882 4516 καὶ

304 4568 428 4625 οὐδὲ
448 4569 481 4640 ἡ
504 4567 629 4630 τοὺς
648 4563 930 4634 γενναίους
956 4555 1211 4616 ταπεινοῦ
1219 4575 1287 4611 σα
1306 4557 1502 4628 ἀνδρας
1522 4554 1727 4625 (Πενία
1746 4551 1880 4622 γὰρ,

303 4660 493 4732 φησὶν,
511 4657 701 4726 ἄνδρα
728 4650 1017 4722 ταπεινοῖ)
1044 4650 1229 4721 ῐσχυσε
1245 4647 1613 4714 κατενεγκεῖν,
1631 4642 1770 4696 ἀλλά
1791 4639 1887 4695 καὶ

305 4729 644 4822 ὑψηλοτέραν
665 4745 978 4818 εἰργάσατο.
1012 4742 1263 4796 Τοιοῦτον
1297 4736 1404 4809 γάρ
1437 4738 1471 4807 ἡ
1494 4735 1688 4807 ἀρετήο
1709 4729 1886 4786 οὐδενὶ

441 4820 715 4917 ἀραχνίων
751 4838 956 4893 τούτων
977 4831 1349 4906 ἐμποδίζεται,
1384 4826 1518 4880 ἀλλά
1545 4824 1640 4878 καί
1667 4820 1887 4876 διασπά-

309 4954 454 4991 σασα
481 4910 628 4988 αὐτά
657 4928 1022 4999 εὐκολώτερον
1050 4925 1084 4995 ἡ
1109 4922 1206 4986 τὰς
1237 4919 1476 4991 ἀράχνας
1502 4912 1723 4976 ταύτας,
1755 4910 1886 4982 κέρ-

305 5026 399 5089 δος
436 5021 685 5077 ἐντεῦθεν
737 5018 959 5087 συνάγει
1005 5013 1163 5068 πολύ.
1208 5008 1394 5064 Ταῦτα
1428 5006 1526 5077 οὐχ
1563 5002 1748 5065 ἀπλῶς
1788 5002 1888 5053 ἐπ-

308 5114 651 5186 εστάλκαμέν
671 5130 763 5167 σου
778 5115 847 5184 τῇ
867 5108 1161 5181 τιμιότητι,
1183 5103 1295 5158 ἀλλ’
1314 5099 1498 5170 ἐπειδὴ
1520 5091 1892 5167 στοχαζόμεθα

309 5210 406 5265 καὶ
425 5212 494 5281 τῇ
524 5183 804 5277 ἀποδημίᾳ
822 5183 889 5274 τῇ
922 5199 1185 5272 ἡμετέρᾳ,
1210 5193 1290 5266 τῷ
1322 5209 1381 5247 τε
1415 5188 1628 5263 θορύϐῳ
1654 5185 1765 5240 τῶν
1792 5183 1891 5238 αὐ-

308 5300 429 5356 τόθι
462 5276 804 5371 πραγμάτων
834 5292 1037 5364 σφόδρα
1072 5305 1131 5342 σε
1168 5282 1530 5358 ταράττεσθαι
1564 5280 1659 5334 καὶ
1686 5276 1888 5338 ἀλύειν,

307 5370 691 5461 τούτουχάριν
732 5381 1087 5457 γεγράφαμέν
1123 5396 1216 5434 σου
1252 5379 1320 5449 τῇ
1358 5371 1633 5445 εὐλαϐείᾳ,
1673 5370 1762 5424 ίνα
1809 5371 1895 5422 ὲν-

310 5459 661 5556 νοὴσασαὸτι
681 5478 798 5542 ὁδὸς
823 5475 890 5530 τά
914 5474 1233 5546 πράγματα,
1268 5466 1427 5537 στενὴ
1460 5464 1558 5537 μὲν
1578 5465 1612 5535 ἡ
1638 5463 1735 5533 τῆς
1762 5459 1893 5531 ἀρε-

309 5550 432 5644 τῆς,
465 5572 693 5628 πλατεῖα
718 5568 871 5642 [7'53]
896 5566 953 5621 δὲ
982 5568 1017 5636 ἡ
1046 5566 1142 5637 τῆς
1177 5558 1392 5622 κακίας,
1436 5558 1570 5628 μήτε
1598 5553 1723 5616 τοὺς
1755 5550 1895 5622 μετά

378 5729 399 5749 ⁸
432 5734 565 5790 Haec.
583 5733 665 5782 τὸν
683 5723 1110 5787 δωλιύσαντα,τὸτ
1120 5722 1328 5781 δεθέντα,
1340 5716 1509 5780 quain
1523 5711 1867 5764 edilodeeranl

1977 5715 1989 5751 ι
2015 5701 2175 5763 Regio
2194 5694 2364 5747 codice

1737 327 2095 388 ΕριετοιΑε
2106 370 2118 383 .

3434 296 3542 349 τη

1973 420 2384 497 ἁμαρτημάτων
2408 416 2809 490 εὐημεροῦντας
2832 412 3099 486 ζηλώσῃς,
3118 408 3252 464 ἀλλά
3273 405 3549 479 δακρύσῃς

1977 516 2238 590 μειζόνως
2272 512 2503 585 (ἐφόδιον
2544 509 2651 580 γάρ
2698 508 2879 570 αὐτοῖς
2917 505 3016 576 τῆς
3060 500 3331 573 τιμωρίας
3382 500 3417 568 ἡ
3461 499 3553 552 εὐ-

1972 607 2175 681 ημερία
2227 602 2478 674 γίνεται),
2539 602 2675 672 μήτε
2725 599 2851 662 τοὺς
2892 595 2990 668 τὴν
3036 593 3227 663 στενὴν
3274 590 3554 651 ὁδεύοντας

1971 680 2286 770 ταλανίσῃς,
2342 695 2477 750 ἀλλά
2534 693 2627 747 καὶ
2677 688 2987 762 μακαρίσῃς
3031 682 3308 757 μειζόνως,
3343 680 3409 735 ἂν
3438 681 3555 750 μετ’

1972 794 2175 865 ἀρετῆς
2206 788 2487 843 ὁδεύσωσι.
2535 785 2645 837 Καὶ
2684 782 2792 854 γάρ
2828 781 2921 835 καὶ
2957 777 3163 839 τούτοις
3200 774 3430 842 ἐφόδιον,
3461 772 3556 825 καὶ

1976 862 2265 955 προσθήκη
2293 878 2468 949 τιμῶν
2497 875 2591 929 καί¹
2624 872 2921 942 στεφάνων,
2953 868 3089 940 μετά
3111 870 3209 938 τῆς
3230 865 3431 937 ἀρετῆς
3460 862 3555 916 καὶ

1971 953 2035 1047 ἡὴ
2069 971 2397 1044 στενοχωρία
2450 968 2657 1038 γίνεται
2715 964 2822 1018 τῶν
2879 961 3178 1034 παρόντων⁹
3230 956 3353 1011 ἐπεὶ
3400 953 3494 1009 καὶ
3528 957 3558 1007 0

1971 1065 2227 1128 πλούσιος
2260 1066 2464 1126 ἐκεῖνος
2497 1060 2557 1113 οὐ
2591 1056 2680 1111 διὰ
2713 1055 2872 1109 τοῦτο
2912 1054 3070 1125 μόνον
3102 1047 3555 1118 ἀπετηγανίζετο,

1969 1159 2052 1212 ὅτι
2086 1155 2235 1227 ὠμὸς
2264 1154 2358 1208 καὶ
2376 1149 2740 1222 ἀπάνθρωπος
2766 1142 2856 1218 ἦν,
2886 1143 3023 1198 ἀλλά
3045 1144 3129 1197 ὃτι
3148 1143 3243 1195 καὶ
3266 1141 3322 1193 ἐν
3342 1136 3557 1206 πλούτῳ

1971 1246 2152 1316 πολλῷ
2187 1244 2410 1316 μείζονι,
2447 1242 2541 1296 καὶ
2570 1239 2762 1309 δαψιλῆ
2797 1233 3225 1306 παρατιθέμενος
3253 1227 3554 1301 τράπεζαν·
3628 1228 3632 1233 ’

1971 1337 2000 1390 0
2027 1338 2084 1390 δὲ
2105 1337 2353 1407 Λάζαρος
2384 1332 2471 1387 διὰ
2500 1331 2654 1385 τοῦτο
2674 1326 3055 1403 ἐστεφανοῦτο,
3086 1325 3168 1377 ὅτι
3200 1320 3337 1394 μετά
3358 1319 3558 1389 πολλῆς

1971 1432 2072 1501 τῆς
2115 1426 2414 1497 καρτερίας
2458 1423 2550 1476 τὸν
2574 1419 2809 1492 χαλεπὸν
2834 1417 2940 1470 τῶν
2971 1414 3142 1469 ἐλκῶν
3169 1415 3366 1485 ἡνεγκε
3398 1410 3560 1475 πόλετ

1980 1537 2099 1591 μον,
2144 1517 2245 1586 τὴν
2285 1513 2493 1578 πενίαν,
2541 1511 2639 1582 τὴν
2680 1508 2915 1581 ἐρημίαν
2945 1507 3051 1559 τῶν
3078 1502 3557 1576 προστησομένων,

1971 1610 2033 1663 τὸ
2087 1604 2445 1679 ἀπερρῖφθαι,
2495 1603 2557 1656 τὸ
2600 1597 3079 1670 καταφρονεῖσθαι,
3122 1595 3184 1648 τὸ
3232 1593 3557 1665 προκεῖσθαι

1969 1697 2217 1772 τράπεζα
2249 1698 2368 1759 ταῖς
2403 1694 2511 1748 τῶν
2534 1690 2713 1746 κυνῶν
2742 1688 3034 1758 γλώσσαις.
3076 1685 3265 1740 Ταῦτα
3288 1684 3399 1756 γάρ
3423 1684 3562 1737 πάν-

1969 1809 2039 1844 τα
2078 1793 2126 1844 εί
2157 1790 2251 1843 καὶ
2284 1787 2392 1858 πρὸ
2415 1784 2523 1839 τῶν
2553 1782 2835 1855 ἡμετέρων
2864 1779 3154 1833 ἐπίστασαι
3189 1775 3558 1847 γραμμάτων,

1971 1882 2085 1936 ἀλλ’
2127 1880 2421 1948 ἀναγκαῖον
2464 1871 2603 1928 εἶναι
2630 1871 2972 1943 κνομίσαντες
3016 1868 3109 1921 καὶ
3154 1868 3284 1939 παρ’
3315 1864 3470 1938 ἡμῶν
3496 1880 3558 1918 σε

1974 1968 2508 2045 ἀναμιμνήσκεσθαι,
2546 1963 2975 2033 ἐπεστάλκαμεν,
3009 1960 3152 2013 ὥστε
3178 1961 3253 2031 μὴ
3279 1961 3344 2028 τῇ
3368 1973 3562 2029 τυραν-

1972 2066 2073 2121 νίδι
2101 2066 2202 2136 τῆς
2231 2060 2467 2132 ἀθυμίας
2497 2055 2802 2112 θολοῦσθαι.
2836 2055 2901 2108 El
2933 2052 3044 2124 γὰρ
3068 2052 3163 2106 καὶ
3189 2050 3265 2122 μὴ
3299 2049 3559 2121 βούλομαι

1974 2158 2153 2212 πάντα
2173 2155 2406 2208 ἐνθεῖναι
2424 2155 2536 2215 τοῖς
2557 2150 2900 2224 γράμμασιν,
2925 2143 3040 2201 οἶδα
3064 2144 3270 2214 σαφῶς,
3295 2145 3395 2198 ὅσα
3415 2144 3561 2214 ὑμᾶς

1974 2245 2302 2318 περιέστηκε
2361 2240 2599 2312 λυπηράο
2648 2239 2740 2292 καὶ
2783 2237 2870 2291 διά
2910 2234 3068 2289 τοῦτο
3101 2234 3421 2306 προσέθηκα
3456 2234 3561 2305 τὴν

1972 2337 2277 2408 ἐπιστολήν.
2327 2334 2424 2388 Ἴν’
2466 2330 2559 2387 οὖν
2621 2330 2717 2385 καὶ
2762 2330 2820 2383 ἐν
2868 2326 3125 2399 ἀλλοτρίᾳ
3170 2324 3558 2397 διατρίϐοντες,

1973 2429 2172 2501 πολλῆς
2192 2426 2588 2496 ἀπολαύσωμεν
2613 2425 2713 2493 τῆς
2739 2421 2952 2491 ἡδονῆς,
2984 2416 3199 2486 πέμψον
3219 2418 3355 2487 ἡμῖν
3382 2413 3563 2485 γράμ-

1976 2536 2142 2592 ματα,
2175 2516 2438 2589 δηλοῦντα
2466 2516 2618 2586 ἡμῖν,
2649 2513 2731 2566 ὅτι
2759 2511 2977 2583 ῐσχυσεν
3003 2507 3160 2579 ἡμῶν
3188 2506 3327 2581 αὕτη
3357 2507 3391 2578 ἡ
3422 2522 3564 2577 παρ-

1972 2614 2199 2674 αίνεσις,
2264 2610 2386 2663 ὅσον
2428 2603 2760 2676 ἐϐουλόμεθα
2810 2602 2904 2656 καὶ
2944 2599 3345 2669 ἐπεθυμοῦμεν.
3403 2595 3563 2651 Οὕτω

1973 2699 2081 2771 γὰρ
2121 2699 2215 2752 καὶ
2247 2697 2435 2769 πόρρω
2464 2693 2782 2765 καθήμενοι,
2818 2690 3019 2760 πολλὴν
3056 2687 3305 2741 ἐντεῦθεν
3329 2704 3561 2758 καρπωο

1976 2788 2181 2860 σόμεθα
2220 2788 2320 2858 τὴν
2362 2783 2719 2855 εὐφροσύνην.
2754 2782 2946 2852 Ἡμεῖς
2972 2778 3084 2850 γὰρ
3118 2777 3294 2832 καίτοι
3322 2775 3562 2832 τοσαῦτα

1975 2880 2325 2944 πεπονθότες,
2366 2876 2579 2939 οὐδενὸς
2615 2872 3003 2944 αἰσθανόμεθα,
3028 2870 3121 2925 τόν
3150 2887 3212 2923 τε
3250 2868 3439 2941 μισθὸν
3471 2869 3562 2922 tv-

1975 2974 2221 3033 νοοῦντες
2261 2966 2336 3025 ῶν
2368 2970 2663 3039 ἐπάθομεν,
2697 2965 2793 3020 καὶ
2831 2964 3092 3035 ταχίστην
3129 2962 3223 3016 ἐπὶ
3265 2961 3328 3015 τὸ
3357 2960 3564 3032 βέλτιον

1980 3064 2281 3138 μεταϐολὴν
2312 3063 2381 3117 τά
2406 3062 2707 3134 πράγματα
2737 3054 3144 3129 προσδοκῶντες
3175 3052 3461 3124 λήψεσθαι,
3487 3051 3564 3116 ὡς

1975 3160 2069 3214 καὶ
2094 3150 2236 3212 αὐτὰ
2267 3158 2337 3211 τὰ
2369 3155 2632 3227 προοίμια
2657 3152 2919 3206 δείκνυσι.
2956 3147 3128 3203 Ταῦτ’
3157 3142 3252 3200 οῦν
3287 3144 3382 3198 καὶ
3423 3144 3564 3216 αὐτὴ

1977 3251 2329 3322 λογιζομένη,
2383 3247 2546 3319 μηδὲν
2598 3241 3087 3315 καταμαλακισθῇς
3127 3238 3265 3311 πρὸς
3309 3235 3436 3300 τούς
3464 3238 3566 3308 τῆς

1977 3342 2252 3414 ὑπομονῆς
2295 3338 2543 3409 ἱδρῶτας,
2592 3335 2730 3389 ἀλλά
2753 3333 2879 3414 ,τῶν
2918 3348 2977 3384 τε
3009 3329 3185 3383 ἄλλων
3216 3344 3310 3381 σου
3337 3327 3565 3381 παιδίων

1978 3408 2239 3507 ἐπιμελοῦ
2271 3408 2493 3503 (πλείων
2522 3427 2632 3496 γάρ
2659 3408 2868 3478 σοι’νῦν
2899 3424 2928 3476 0
2964 3420 3201 3493 μισθὸς),
3224 3419 3318 3473 καὶ
3344 3418 3444 3491 τὴν
3468 3434 3565 3472 κα-

1976 3526 2074 3596 λὴν
2135 3521 2447 3592 Ἐπιφάνιον
2503 3518 2644 3572 κατά
2693 3515 2772 3587 τῷ
2818 3513 2937 3585 Θεῷ
2992 3511 3183 3566 δοκοῦν
3242 3510 3566 3582 ἀνατρέφειν

1979 3614 2268 3680 σπούδαζε.
2308 3609 2477 3666 υίσθα
2519 3610 2629 3680 γὰρ
2660 3609 2781 3670 ὅσος
2808 3603 3193 3675 παιδοτροφίας
3224 3601 3434 3672 μισθός.
3462 3600 3568 3653 Οὐ-

1976 3727 2085 3773 τως
2118 3708 2147 3760 ὁ
2179 3704 2432 3776 Ἀϐραὰμ
2459 3700 2792 3776 ηὐδοκίμησε
2826 3696 2964 3769 μετὰ
2996 3694 3105 3748 τῶν
3132 3693 3328 3753 ἄλλων,
3363 3691 3459 3744 καὶ
3489 3693 3570 3745 ἐν-

1976 3800 2167 3856 τεῦθεν
2212 3802 2240 3853 ὁ
2273 3795 2392 3850 Ἰὼϐ
2426 3790 2805 3862 ἐστεφανοῦτσ
2857 3788 2953 3841 καὶ
2996 3788 3108 3848 τοῖς
3158 3781 3376 3852 γονεῦσι
3410 3781 3569 3834 τοῦτο

1980 3888 2216 3959 συνεχῶς
2237 3890 2265 3940 0
2290 3884 2556 3957 μακάριος
2578 3877 2787 3939 Παῦλος
2814 3874 3091 3927 ἐπιτάττει
3110 3870 3302 3938 λέγων·
3345 3866 3570 3936 Ἐκτρέ-

1980 3999 2121 4053 saeta
2131 3980 2203 4034 τὰ
2214 3979 2393 4033 τέκνα
2408 3971 2574 4042 ὑμῶν
2582 3971 2651 4024 ἐν
2663 3965 2897 4031 παιδείᾳ
2911 3963 3008 4016 καί
3019 3960 3308 4026 νουθεσίᾳ
3319 3959 3564 4027 Κυρίου.

1984 4049 2168 4144 Ἔχεις
2212 4067 2406 4140 σχολὴν
2466 4060 2655 4131 ἱκανὴν
2698 4056 3009 4125 ἀπαγαγεῖν
3056 4069 3117 4105 σε
3157 4051 3267 4105 τῶν
3301 4049 3569 4122 περιττῶν

1981 4142 2086 4222 καῖ
2133 4163 2377 4233 ἀκαίρων
2428 4153 2722 4228 φροντίδων
2787 4149 2885 4204 καὶ
2932 4147 3034 4217 τῆς
3063 4147 3320 4217 ἀνονήτου
3365 4142 3566 4214 λύπης,

1986 4257 2181 4330 σχολὴν
2202 4253 2337 4307 πολύ
2369 4249 2638 4321 φέρουσαν
2657 4242 2871 4314 κέρδος,
2905 4238 3124 4311 μεγάλῳ
3146 4235 3226 4307 τῷ
3252 4236 3351 4307 τῆς
3369 4235 3568 4306 ἀρετῆς

1983 4324 2285 4419 δυναμένην
2318 4342 2501 4414 βρύειν
2527 4335 2744 4411 καρπῷ,
2775 4334 2892 4404 εῖγε
2923 4328 3243 4403 βουληθείης
3269 4326 3430 4399 ἔργον
3449 4324 3571 4378 τοῦε-

1981 4462 2044 4498 το
2071 4438 2419 4511 ποιήσασθαι.
2460 4432 2598 4504 Περὶ
2626 4429 2735 4501 γάρ
2762 4430 2861 4499 τῆς
2892 4424 3178 4493 δεσποίνης
3203 4438 3305 4492 μου
3331 4421 3433 4489 τῆς
3468 4434 3571 4489 μη-

1983 4536 2111 4609 τρὸς
2133 4533 2284 4587 οὐδὲν
2311 4525 2466 4601 οἶμαι
2489 4525 2599 4591 xiv
2628 4521 2749 4576 οὐδὲ
2776 4515 3136 4581 ἐπιστέλλειν,
3163 4511 3460 4584 ἐπειδήπερ
3486 4526 3568 4563 σοι

1986 4602 2201 4683 σύνοιδα
2244 4623 2383 4697 μετά
2417 4619 2529 4675 τῶν
2575 4615 2752 4672 ἀλλων
2792 4612 2890 4667 καὶ¹
2930 4608 3091 4663 τοῦτο
3118 4606 3183 4660 τὸ
3218 4602 3566 4675 κατόρθωμα,

1985 4721 2082 4776 καὶ
2116 4718 2208 4773 τδν
2239 4694 2443 4786 ἀφατον
2487 4708 2737 4765 ἐντεῦθεν
2757 4702 2989 4775 καρπὸν,
3024 4700 3119 4754 καὶ
3154 4698 3237 4752 ὅτι
3279 4694 3569 4763 παιδίσκην

1988 4815 2208 4870 ἃπασαν
2252 4785 2686 4879 ὑπερηκόντισας
2724 4799 2783 4851 ἐν
2821 4798 2890 4867 τῇ
2929 4793 3056 4865 περὶ
3081 4789 3250 4861 αὐτὴν
3281 4785 3563 4859 θεραπείᾳ.

1999 4903 2142 4960 Ἀλλ’
2168 4904 2317 4974 ὅμως
2349 4876 2535 4969 ἐπειδὴ
2565 4894 2774 4965 πρέπον
2801 4889 2924 4960 ἐμοὶ
2960 4884 3055 4940 καῖ⁵
3086 4882 3213 4954 ἰτερὶ⁵
3235 4878 3424 4934 τούτου
3451 4876 3568 4929 δια-

1985 4972 2263 5067 λεχθῆναι,
2298 4990 2527 5045 ἄκουσον
2556 4984 2647 5039 τοῦ
2683 4980 2947 5057 μακαρίου
2980 4975 3193 5031 Παύλου
3222 4972 3470 5040 λέγοντος
3489 4983 3571 5021 τι-

2121 5060 2246 5148 τοὺς
2262 5081 2475 5152 γονέας,
2494 5079 2589 5132 καὶ
2608 5072 3008 5150 προστιθέντος*
3033 5068 3195 5131 Ἦτις
3217 5062 3389 5118 ἐστιν
3406 5060 3571 5114 ἐντο-

2096 5175 2293 5246 πρώτη
2319 5173 2388 5227 ἐν
2423 5168 2826 5240 ἐπαγγελίαις.
2854 5164 2954 5217 “Av
2984 5159 3124 5214 οὕτω
3164 5153 3365 5226 σαυτὴν
3404 5152 3565 5225 ἄγῃς,

1989 5243 2217 5333 πολλοὺς
2265 5266 2363 5338 μὲν
2427 5264 2597 5334 σαυτῇ
2656 5255 3014 5332 προαπθὴσῃ
3068 5248 3196 5313 τοὺς
3250 5243 3565 5314 στεφάνους,

1991 5360 2190 5433 πολλὴν
2335 5359 2467 5430 ἡμῖν
2508 5333 2717 5425 ἐργάσῃ
2751 5349 2853 5420 τὴν
2885 5343 3102 5433 ἡδονὴν,
3144 5340 3236 5395 καὶ
3261 5336 3380 5392 οὐδὲ
3415 5333 3566 5409 [734]
3670 5349 3691 5376 \

1991 5425 2390 5506 πεπονθέναι
2411 5444 2613 5501 τούτων
2638 5438 2954 5513 ἡγησόμεθα
2978 5429 3053 5489 ὧν
3078 5430 3443 5501 πεπόνθαμεν,
3472 5425 3567 5481 καὶ

1990 5544 2078 5600 διά
2102 5542 2282 5610 τοῦτο,
2324 5538 2463 5594 ἀλλά
2506 5535 2585 5608 τῷ
2625 5532 2779 5605 ὄγκῳ
2815 5532 2917 5603 τῆς
2946 5523 3284 5599 εὐφροσύνης
3319 5520 3427 5576 τῶν
3460 5518 3568 5574 σῶν

2387 5692 2645 5751 desumpta
2667 5689 2800 5737 sunt.
