4064 6218
513 335 620 392 765

513 447 736 518 ἀγαθῶν
759 445 956 520 πτερού
967 461 1134 517 μενοι,
1158 443 1254 498 καὶ
1273 443 1355 505 είς
1375 440 1446 494 τά
1461 441 1634 493 οίκεῖα
1659 433 1817 500 εἶναι,
1845 436 1938 489 καὶ
1963 435 2081 505 μεθ’

513 539 669 611 ὑμῶν
701 537 926 605 διάγειν,
962 535 1056 589 καὶ
1092 533 1233 588 κατά
1259 533 1388 604 ῥοῦν
1411 532 1542 602 ἡμῖν
1577 530 1790 584 ἅπαντα
1821 525 2084 598 φέρεσθαι

513 628 859 702 ἡγησόμεθα.

512 725 690 780 ΣΛΘν.
732 719 842 774 Τοῦ
877 716 1062 773 αὐτοῦ
1094 716 1244 785 πρὸς
1271 714 1596 780 Οὐαλέριον
1627 710 1723 765 καί
1760 713 2087 780 Διόφαντον·

1059 785 1524 854 πρεσϐυτέρους.

581 882 836 937 Μάλιστα
885 881 982 952 μὲν
1027 879 1122 932 καὶ
1174 878 1248 948 μὴ
1301 877 1578 948 γράψαντι
1637 871 1840 944 γράψαι
1897 871 2081 939 ἐχρῆν·

511 973 749 1036 τοιοῦτος
818 971 923 1043 γὰρ
975 973 1074 1041 τῆς
1110 970 1328 1039 ἀγάπης
1381 971 1410 1022 ὀ
1459 966 1641 1037 νόμος’
1687 965 1787 1017 οὐκ
1838 962 2086 1032 ἀνέχεται

512 1064 888 1128 ἐλαττοῦσθαι,
925 1063 1038 1117 ἀλλ’
1068 1063 1156 1116 ἀεὶ
1193 1061 1486 1130 φιλονεικεῖ
1514 1061 1668 1129 νικᾷν
1702 1057 1826 1120 τούς
1857 1057 2082 1124 ἀγαπωο

515 1157 708 1227 μένους
725 1159 792 1227 τῇ
823 1154 1109 1226 περιουσίᾳ
1136 1152 1228 1205 τοῦ
1258 1151 1449 1221 φιλεῖνο
1481 1151 1575 1204 καὶ
1598 1149 1882 1221 γράψαντα
1907 1147 1962 1200 δὲ
1992 1145 2084 1200 καὶ

517 1243 678 1312 ἅπαξ,
720 1248 816 1301 καὶ
851 1247 952 1310 δὶς,
1003 1245 1122 1300 οὐδὲ
1164 1242 1338 1306 οὐτως
1371 1239 1640 1312 ἠξιώσατε
1678 1239 1785 1293 τῶν
1808 1237 2086 1309 ὑμετέρων

511 1338 872 1412 γραμμάτων,
899 1337 1013 1390 ἀλλ’
1035 1335 1323 1403 ἐσιγήσατε
1360 1332 1514 1401 σιγὴν
1545 1331 1688 1418 οὑτω
1715 1329 1929 1401 μακράν
1950 1329 2086 1400 πρὸς

513 1426 798 1496 ἄνθρωπον
847 1424 1218 1495 ἐπιθυμοῦντα
1267 1421 1516 1492 δέχεσθαι
1558 1421 1781 1489 νιφάδας
1823 1418 2086 1490 γραμμά-

511 1531 638 1568 των.
666 1515 777 1569 Kal
804 1515 973 1568 ταῦτα
995 1515 1095 1567 οὐκ
1115 1513 1363 1582 ἐγκαλῶν
1392 1511 1555 1578 λέγω·
1590 1512 1690 1580 οὐχ
1717 1509 1888 1572 οὕτως
1907 1509 2086 1577 ἀγνοῶ

519 1621 614 1676 μου
648 1606 716 1658 τά
755 1607 946 1676 μέτρα·
992 1605 1107 1659 ἀλλ’
1150 1603 1375 1675 ἀθυμῶν
1420 1604 1512 1656 καὶ
1551 1601 1903 1671 ὀδυνώμενος.
1937 1601 2086 1671 Ὀσῳ

460 1743 472 1751 .
510 1699 621 1769 γὰρ
657 1698 794 1769 μετά
819 1698 1016 1767 πολλῆς
1042 1701 1141 1768 τῆς
1171 1695 1479 1766 ὑπερῦολῆς
1507 1691 1888 1764 ἐπιθυμῶ“τῶν
1913 1710 2089 1764 γραμ·

515 1789 721 1860 μάτων,
747 1789 984 1858 τοσούτῳ
1021 1789 1118 1842 καὶ
1153 1787 1375 1841 πλείονα
1411 1786 1508 1856 τὴν
1535 1785 1728 1856 ὀδύνην
1755 1783 2086 1854 ἀποστερού-

513 1897 672 1950 μενος
701 1881 882 1933 αὐτῶν
914 1879 1192 1950 ὑπομένω.
1224 1879 1443 1946 Μικρᾶς
1479 1875 1656 1930 οίεσθε
1692 1874 2086 1946 παρακλήσεως

509 1971 658 2040 ἡμᾶς
689 1970 916 2034 δεῖσθαι,
965 1969 1170 2041 μητρὸς
1213 1969 1306 2022 καὶ
1345 1967 1578 2038 ἀδελφῆς
1629 1966 2084 2037 κεχωρισμένους,

507 2060 765 2131 πατρίδος
793 2057 1238 2120 ἐκπεπτωκότας,
1269 2055 1428 2126 χορὸν
1461 2053 1729 2108 τοσούτων
1760 2053 1997 2125 γνησίων
2023 2053 2084 2105 οὑ

505 2150 837 2220 δυναμένους
871 2149 1105 2219 βλέπειν,
1153 2149 1388 2219 ἐρημίαν
1427 2145 1709 2210 οἰκοῦντας
1739 2147 1919 2216 πάσης
1958 2147 2087 2216 ἐρη-

509 2242 640 2310 μίας
665 2243 1076 2312 χαλεπωτέραν,
1109 2241 1368 2312 Ἰσαύρων
1394 2241 1542 2310 φόϐῳ
1569 2238 2084 2309 πολιορκουμένους;

506 2331 661 2384 Μετά
696 2331 806 2384 τῶν
848 2331 997 2400 ἐμῶν
1037 2333 1132 2386 καὶ
1173 2332 1242 2384 τά
1277 2331 1434 2386 κοινά
1469 2332 1590 2385 καθ’
1615 2330 1850 2400 ἑκάστην
1875 2330 2087 2401 ἡμέραν

506 2419 691 2474 ἀκούω
753 2421 825 2473 τά
875 2420 1042 2484 κακά,
1106 2421 1200 2474 καὶ
1267 2421 1546 2491 πανταχοῦ
1606 2423 1703 2491 τῆς
1765 2422 2090 2492 οἰκουμένης

509 2510 896 2578 βλαστάνοντα,
937 2511 1032 2564 καὶ
1075 2512 1198 2566 καθ’
1227 2512 1464 2582 ἑκάστην
1497 2513 1708 2583 ἡμέραν
1749 2512 1887 2582 μετά
1915 2528 2088 2584 προσ-

507 2605 682 2675 θήκης
722 2597 1086 2672 αὐξανόμενα,
1121 2603 1216 2656 καὶ
1252 2602 1465 2672 χαλεπά
1480 2620 1601 2656 τινα
1631 2602 1886 2659 ὠδίνοντα
1920 2603 2090 2658 ναυά-

508 2706 628 2760 για.
659 2689 788 2744 Εῖθε
834 2709 925 2762 μοι
951 2692 1172 2746 δυνατὸν
1215 2688 1284 2762 ἦν
1329 2693 1679 2764 παραστῆσαι
1718 2694 1795 2765 τῷ
1825 2693 1967 2765 λόγῳ
1987 2694 2087 2764 τῆς

505 2781 744 2854 ἀθυμίας
785 2783 884 2855 τὴν
927 2784 1247 2855 τυραννίδα’
1295 2785 1419 2837 τότε
1453 2785 1540 2850 ἂν,
1585 2787 1680 2838 καὶ
1719 2785 1794 2856 μὴ
1821 2785 2086 2854 λεγόντων

505 2873 684 2944 ἡμῶν,
713 2873 868 2928 αὐτοὶ
887 2872 953 2927 ἂν
991 2873 1295 2944 μετέγνωτε
1327 2874 1418 2927 ἐπὶ
1441 2876 1507 2945 τῇ
1541 2876 1687 2944 σιγῇ.
1722 2876 1898 2928 Λυπεῖ
1923 2875 1982 2928 δέ
2017 2891 2087 2946 με

506 2968 643 3040 πρὸς
689 2969 901 3031 τούτοις
951 2969 1012 3022 τὸ
1055 2971 1193 3040 μήτε
1237 2971 1320 3033 είς
1365 2969 1854 3040 γραμματηφόρων
1887 2970 2086 3024 σπάνιν

507 3059 728 3127 ἔχοντας
771 3062 1109 3127 καταφυγεῖν
1145 3059 1304 3112 τοῦτο
1349 3060 1591 3129 ποιῆσαι.
1639 3061 1816 3132 Ὅπερ
1863 3060 2087 3132 σημεῖόν

506 3149 654 3200 ἐστιν
779 3147 894 3200 ἀλλ’
936 3147 1047 3215 ἐγὼ
1099 3147 1200 3218 μὲν
1246 3147 1398 3201 οὐδὲν
1447 3147 1512 3202 ἂν
1555 3149 1763 3218 εἴποιμι
1806 3149 2085 3218 δυσχερὲς,

507 3237 639 3307 ὑμῖν
683 3238 741 3290 δὲ
796 3239 1193 3308 καταλιμπάνω
1233 3240 1453 3304 εἰδέναι,
1491 3243 1540 3293 εἰ
1574 3241 1647 3311 μὴ
1679 3241 1880 3312 πολλῆς
1915 3241 2086 3295 ταῦτα

507 3326 820 3398 ὀλιγωρίας,
878 3329 973 3383 καὶ
1026 3329 1130 3399 τῆς
1183 3329 1306 3384 καθ’
1359 3331 1515 3402 ἡμῶν
1564 3332 1885 3402 ὑπεροψίας.
1947 3332 2085 3385 Ἀλλ’

507 3417 660 3471 οὐδέν
683 3435 772 3489 μοι
800 3419 956 3474 τοῦτο
995 3421 1146 3491 μέλει
1170 3418 1215 3485 ⁸,
1249 3420 1351 3476 κᾶν
1372 3423 1766 3494 καταφρονῆτε,
1795 3423 1895 3478 κᾶν
1921 3423 2087 3495 ὑπερ-

507 3514 672 3585 ορᾶτε
695 3502 799 3585 ’τῆς
832 3516 1106 3588 ἡμετέρας
1141 3516 1523 3588 σμικρότητος
1546 3518 1604 3572 ἓν
1631 3519 1872 3590 ἐπιζητῶ
1902 3519 2082 3590 μόνον,

508 3607 658 3669 ὅπως
705 3606 772 3661 ἂν
820 3607 1133 3679 διακέησθε,
1169 3610 1238 3664 τὰ
1289 3610 1592 3680 γράμματα
1637 3613 1736 3682 τῆς
1779 3610 2087 3676 θεοσεσείας

510 3695 687 3767 ὑμῶν,
731 3697 800 3752 τὰ
843 3698 1044 3769 πολλὴν
1077 3699 1266 3769 ἔχοντα
1302 3700 1664 3770 παράκλησιν.
1702 3701 1813 3754 Καὶ
1848 3701 1955 3773 γάρ
1990 3703 2085 3755 καὶ

510 3782 592 3850 εἷς
625 3788 720 3841 καὶ
749 3787 999 3858 δεύτερος
1032 3789 1290 3853 πολλάκις
1319 3789 1575 3858 ἀφίκοντο
1608 3791 1744 3862 πρὸς
1774 3793 1944 3862 ἡμᾶς,
1989 3793 2085 3846 καὶ

510 3875 606 3930 νῦν
632 3877 661 3930 ὀ
685 3875 874 3948 κύριός
905 3895 1007 3948 μου
1031 3881 1060 3932 ὀ
1085 3879 1411 3950 τιμιώτατος
1439 3881 1664 3951 ἀδελφὸς
1688 3884 1959 3950 Λιόάνιος,
1989 3886 2084 3940 καὶ

510 3969 610 4023 οὐκ
635 3968 902 4039 ἠξιώσατε
943 3971 1092 4041 ἡμᾶς
1131 3971 1242 4025 τῶν
1277 3973 1555 4045 ὑμετέρων
1588 3976 1948 4048 γραμμάτων.
1990 3978 2082 4049 Μὴ

510 4059 572 4128 δὴ
605 4059 901 4130 προσθῆτε,
952 4063 1277 4131 παρακαλῶ,
1317 4067 1384 4136 τῇ
1433 4065 1640 4138 ἀθυμίᾳ
1689 4085 1790 4139 μου
1845 4069 2085 4139 ἀθυμίαν

510 4147 724 4220 ἑτέραν.
781 4152 845 4204 El
892 4151 1002 4223 γὰρ
1059 4153 1192 4224 μηδὲ
1238 4157 1376 4222 μετά
1403 4157 1501 4228 τὴν
1545 4158 1834 4230 ἐπιστολὴν
1880 4159 2085 4230 ταύτην

512 4237 862 4310 βουληθείητε
892 4242 1024 4311 ἡμῖν
1050 4243 1374 4311 ἐπιστεῖλαι,
1403 4246 1436 4317 ἡ
1462 4247 1626 4317 ὄκνῳ,
1663 4248 1696 4318 ἡ
1736 4247 1978 4321 ῥᾳθυμίᾳ
1997 4253 2085 4304 ἐν-

514 4329 711 4395 δόντες,
765 4331 925 4402 ἡμεῖς
976 4333 1035 4385 οὐ
1077 4333 1400 4405 παυσόμεθα
1433 4335 1460 4376 δ
1491 4339 1586 4393 καὶ
1623 4339 1946 4411 γράφοντες,
1989 4342 2085 4396 καὶ

517 4419 657 4489 μετά
683 4419 777 4474 τοῦ
805 4422 1039 4493 γράφειν
1074 4424 1168 4477 καὶ
1201 4423 1584 4498 ὀλοφυρόμενοι
1621 4429 1716 4483 καὶ
1765 4430 2084 4502 θρηνοῦντες

515 4509 601 4565 διὰ
637 4510 736 4582 τὴν
772 4513 932 4584 σιγὴν
957 4515 1057 4586 τὴν
1091 4515 1379 4588 ὑμετέραν.
1402 4520 1604 4574 Τούτου
1642 4521 1751 4592 γάρ
1785 4523 1950 4592 ἐσμεν
1982 4522 2082 4576 κύ-

512 4616 641 4669 ριοι.
679 4601 753 4654 οὐ
790 4603 985 4674 μικρὸν
1017 4603 1074 4657 δὲ
1107 4605 1202 4657 καὶ
1234 4605 1388 4660 τοῦτο
1427 4609 1558 4678 ἡμῖν
1604 4611 1684 4673 είς
1717 4611 2080 4682 παράκλησιν,

515 4691 714 4762 μᾶλλον
752 4691 808 4744 δὲ
840 4695 933 4747 καὶ
965 4694 1153 4748 τούτου
1185 4697 1352 4767 χωρὶς
1383 4699 1416 4768 ἡ
1451 4699 1679 4769 μεγίστη
1715 4701 1872 4771 ἡμῶν
1904 4718 2084 4774 παρα-

515 4783 705 4855 μυθία,
736 4784 799 4838 τὸ
821 4785 982 4858 μέχρι
1006 4789 1104 4858 τῆς
1125 4789 1358 4858 ἐρημίας
1382 4790 1553 4861 αὐτῆς
1583 4793 1806 4846 καὶτῶν
1831 4795 2084 4860 περάτων

511 4880 612 4948 τῆς
639 4881 742 4950 γῆς
766 4880 923 4951 (πρὸς
944 4880 1052 4952 γάρ
1072 4881 1210 4936 αὐτά
1230 4881 1301 4935 τὰ
1325 4882 1538 4954 πέρατα
1563 4886 1745 4955 σχεδόν
1773 4888 1936 4959 ἐσμεν
1964 4891 2082 4964 νῦν)

514 4968 703 5038 φήμην
735 4970 888 5040 ὑμῶν
915 4971 1234 5026 διαδίδοσθαι
1257 4971 1534 5044 λαμπρὰν,
1571 4977 1900 5046 κομίζουσαν
1929 4980 2084 5050 ὑμῶν

515 5057 668 5131 [755]
692 5061 760 5114 τά
783 5062 1202 5134 κατορθώματα.
1239 5065 1444 5130 Πάντες
1467 5066 1574 5138 γάρ
1599 5068 1743 5139 ὑμᾶς
1773 5071 2083 5144 ἀνακηρύτο

513 5163 688 5214 τουσι,
724 5149 1082 5222 θαυμάζουσι,
1121 5155 1461 5222 στεφανοῦσι,
1489 5159 1849 5228 μακαρίζουσι
1870 5162 1970 5234 τῆς
1992 5164 2084 5218 ἀν-

513 5237 716 5308 δρείας,
747 5245 843 5314 τῆς
869 5247 1241 5319 στερρότητος,
1265 5250 1330 5320 ἢν
1358 5249 1444 5304 διὰ
1470 5250 1578 5305 τῶν
1601 5251 1775 5324 ἔργων
1807 5255 2085 5322 ἐπεδείξα-

517 5329 632 5394 σθε,
670 5332 732 5386 τὸ
761 5338 1030 5406 γραφικδν
1055 5340 1229 5395 ἐκεῖνο
1256 5342 1608 5415 πληροῦντες,
1641 5347 1794 5414 Ἕως
1822 5347 2082 5404 θανάτου

513 5420 802 5490 ἀγώνισαι
845 5428 996 5496 ὑπὲρ
1032 5429 1142 5499 τῆς
1175 5433 1478 5501 ἀληθείας,
1515 5435 1614 5489 καὶ
1651 5437 1863 5504 Κύριος
1898 5442 2080 5493 πολε-

509 5512 693 5580 μήσει
741 5516 893 5584 ὑπὲρ
921 5519 1036 5574 σοῦ
1065 5531 1113 5576 ε.
1159 5524 1289 5580 ’1δοὺ
1333 5527 1464 5595 γοῦν
1504 5528 1770 5584 τοσούτων
1823 5529 2080 5601 κυμάτων

577 5637 602 5702 ξ
773 5638 943 5702 τούτου
964 5641 1106 5702 μέλει.

580 5697 740 5762 P898
778 5697 1038 5762 παυόμεθα.

580 5756 601 5783 ⁸
631 5756 756 5824 Rei.
783 5756 1072 5825 ὐπὶ9’ὐμῶν.

1188 330 1248 383 S.
1286 324 1566 382 JOANNIS
1604 316 2088 379 CIIRYSOSTOMI
2125 314 2442 370 ABCHIEP.
2479 274 3030 370 COS’STANTINOP.

3646 305 3755 360 746

2184 431 2597 502 ἐπενεχθέντων,
2651 427 2914 497 τοσαύτης
2975 423 3142 494 ζάλης
3192 420 3572 489 διαναστάσης,
3625 420 3754 475 οὐτε

2184 522 2480 595 θορυϐῆσαί
2511 539 2594 586 τις
2627 522 2770 592 ὑμᾶς
2800 520 3038 588 ἴσχυσεν,
3073 515 3195 569 οὐτε
3240 517 3317 576 είς
3349 513 3528 567 ὁτιοῦν
3563 531 3750 585 παρα-

2183 613 2402 683 ϐλάψαι,
2434 613 2569 667 ἀλλά
2612 614 2705 666 καὶ
2751 608 3012 681 μειζόνων
3043 609 3170 678 ὑμῖν
3201 605 3489 676 ἐγκωμίων
3527 605 3752 669 ἄκοντες

2182 706 2466 774 γεγόνασιν
2499 707 2548 758 οἱ
2578 704 2762 768 κακῶς
2789 704 2932 772 ὑμᾶς
2969 700 3190 770 ποιῆσαι
3230 697 3538 768 βουλόμενοι
3563 699 3750 752 αίτιοι.

2182 794 2281 848 Διά
2330 794 2504 848 ταῦτα
2550 795 2790 865 χαίρετε,
2836 789 3155 865 παρακαλῶ,
3209 789 3303 840 καὶ
3369 788 3752 858 εὐφραίνεσθε,

2182 884 2383 940 καὶτὸν
2411 885 2542 939 Θεὸν
2581 885 2909 948 ἱκετεύοντες
2941 883 3014 954 μὴ
3038 880 3338 950 διαλίπητε,
3375 879 3466 932 τδν
3495 880 3754 933 ποιοῦντα

2182 976 2275 1030 καὶ
2316 977 2804 1047 μετασκευάζοντα.
2835 975 3056 1044 Ποιὴσει
3099 972 3208 1043 γὰρ
3234 971 3443 1041 ταχέως
3481 970 3622 1042 ὑπὲρ
3659 974 3755 1024 ἐκ-

2184 1064 2444 1136 περισσοῦ
2486 1059 2560 1120 ὧν
2600 1063 2898 1132 αἰτούμεθα
2936 1063 2970 1133 ἡ
3013 1063 3258 1132 νοοῦμεν,
3292 1062 3380 1114 διὰ
3422 1062 3520 1132 τὴν
3547 1064 3757 1115 οἰκείαν

2183 1157 2517 1228 ἀγαθότητα.

2289 1251 2426 1302 ΣΜ’.
2460 1246 2568 1300 Τοῦ
2596 1245 2781 1300 αὑτοῦ
2821 1246 2969 1312 πρὸς
2986 1244 3220 1299 Κάστον
3246 1245 3668 1312 πρεσϐύτερον,

2254 1339 2376 1402 Πῶς
2399 1339 2690 1409 διαλάμπει
2719 1337 2922 1407 σαφῶς,
2951 1337 3043 1390 καὶ
3065 1337 3245 1390 λαθεῖν
3267 1339 3326 1389 οὐ
3351 1336 3573 1389 δύναται
3594 1340 3627 1408 ἡ
3653 1338 3764 1406 ψυ-

2184 1425 2253 1498 χὴ
2287 1427 2493 1499 θερμὴν
2521 1429 2738 1498 ἀγάπην
2769 1428 3001 1496 ἔχουσαί
3032 1427 3168 1498 ὅπερ
3198 1426 3289 1479 ἐπὶ
3311 1430 3408 1496 τῆς
3441 1429 3537 1496 σῆς
3566 1427 3764 1495 γέγονε

2182 1514 2511 1588 τιμιότητος.
2539 1518 2672 1572 Οὐδὲ
2695 1519 2802 1589 γάρ
2824 1518 2978 1577 εἰδὼς
3006 1518 3088 1570 ὃτι
3123 1516 3524 1581 ἐπεστάλκαμέν
3555 1533 3652 1569 σου
3689 1521 3764 1587 τῇ

2183 1610 2436 1682 εὐλαὸείᾳ
2479 1610 2676 1682 (καίτοι
2714 1628 2776 1679 γε
2822 1610 3279 1680 ἐπεστάλκαμεν),
3315 1611 3456 1678 ὅμως
3489 1609 3647 1672 αὑτδς
3685 1610 3766 1661 τὰ

2184 1701 2335 1773 παρὰ
2384 1701 2581 1755 σαυτοῦ
2631 1701 2958 1771 πεποίηκας,
3009 1699 3226 1772 γράψας
3263 1716 3320 1751 τε
3351 1701 3501 1770 ἡμῖν,
3529 1701 3623 1752 καὶ
3653 1700 3764 1770 τὴν

2183 1789 2420 1844 διάθεσίν
2459 1807 2552 1843 σου
2592 1789 2690 1861 τὴν
2721 1789 2948 1860 γνησίαν
2979 1789 3073 1841 καὶ
3110 1790 3166 1840 ἐν
3204 1786 3377 1857 τούτῳ
3414 1787 3764 1857 ἐπιδειξάμε-

2184 1894 2292 1943 νος,
2320 1877 2414 1931 καὶ
2446 1877 2645 1946 πολλῆς
2671 1877 2817 1947 ἡμᾶς
2847 1875 3129 1946 ἐμπλήσας
3160 1875 3261 1945 τῆς
3297 1875 3632 1944 εὐφροσύνης
3665 1877 3764 1928 καὶ

2185 1972 2284 2040 τῆς
2308 1969 2725 2039 παρακλήσεως.
2758 1970 2852 2022 'Iv'
2873 1963 2964 2022 οὖν
2992 1967 3229 2038 συνεχῶς
3253 1966 3457 2038 ταύτης
3481 1968 3764 2020 ἀπολαύως

2189 2077 2287 2130 μεν
2323 2062 2422 2131 τῆς
2460 2060 2650 2130 ἡδονῆς
2699 2059 2792 2112 καὶ
2841 2057 3284 2131 εὐφραινώμεθα,
3324 2059 3562 2129 συνεχῶς
3603 2059 3766 2111 τοῦτο

2185 2153 2357 2203 ποιεῖν
2385 2149 2784 2222 παρακέκλησο,
2812 2149 2974 2220 ἡνίκα
3016 2150 3083 2203 ἂν
3120 2149 3235 2220 ἐξῇ.
3276 2150 3510 2220 Οἴδαμεν
3540 2150 3652 2220 γάρ
3673 2151 3762 2202 ὅτι

2185 2241 2244 2294 τὸ
2275 2243 2506 2312 πρᾶγμα
2543 2240 2817 2303 δύσκολον,
2863 2239 2940 2310 τῷ
2983 2239 3056 2312 μὴ
3109 2240 3306 2311 ῥᾳδίως
3349 2239 3500 2302 τινάς
3527 2239 3766 2292 ἐνταῦθα

2189 2331 2603 2403 παραγίνεσθαι’
2646 2333 2740 2385 καὶ
2767 2330 2874 2403 γάρ
2905 2331 2967 2384 τὸ
3009 2331 3110 2400 τῆς
3142 2330 3465 2400 οἰκουμένης
3489 2332 3767 2402 ἐρημόταο

2184 2440 2274 2476 τον
2295 2422 2491 2493 χωρίον
2519 2421 2674 2475 τοῦτό
2711 2423 2876 2474 ἐστιν·
2911 2420 3023 2474 ἀλλ’
3051 2421 3193 2490 ὅμως
3227 2423 3336 2482 τοῖς
3370 2419 3627 2488 ἀγαπῶσι
3665 2425 3767 2474 καὶ

2183 2513 2253 2566 τὰ
2280 2513 2512 2566 δύσκολα
2547 2512 2740 2565 εὔκολα
2767 2509 2995 2578 γίνεται.
3020 2511 3082 2563 El
3119 2511 3228 2582 γάρ
3264 2510 3579 2582 βουληθείης
3608 2529 3768 2582 περι-

2185 2601 2513 2674 εργάζεσθαι
2557 2602 2652 2655 καὶ
2692 2601 3183 2672 πολυπραγμονεῖν,
3213 2602 3340 2664 τούς
3371 2601 3580 2655 ἐκεῖθεν
3619 2604 3766 2656 κατά

2184 2691 2374 2763 χρείας
2408 2689 2542 2753 ιδίας
2569 2689 3000 2760 ἀφικνουμένους
3027 2690 3300 2760 εὑρήσεις,
3332 2690 3424 2743 καὶ
3444 2690 3584 2754 ὅλως
3607 2691 3765 2744 οὐδὲν

2183 2780 2459 2850 ἐπιλείψει,
2494 2779 2572 2850 τῷ
2618 2779 2802 2850 ζητεῖν
2851 2777 2972 2833 καθ’
3027 2778 3170 2833 ὁδοῦ.
3223 2780 3386 2833 Ταῦτ’
3419 2776 3514 2834 οῦν
3567 2779 3765 2845 εἰδὼς,

2182 2870 2422 2925 δέσποτά
2471 2887 2570 2941 μου
2614 2869 2927 2940 τιμιώτατε,
2961 2871 3203 2940 συνεχεῖς
3241 2872 3375 2940 ἡμῖν
3418 2871 3603 2942 πέμπε
3636 2873 3765 2926 ἐπιο

2185 2956 2396 3020 στολάς.
2433 2957 2506 3009 Τό
2537 2973 2596 3010 τε
2637 2955 2744 3028 γὰρ
2769 2957 3002 3027 πρᾶγμα
3029 2956 3312 3011 δυσκολίαν
3341 2959 3598 3029 οὐδεμίαν
3625 2960 3766 3031 ἔχει,

2183 3047 2308 3100 οὐτε
2352 3047 2539 3111 πόνον,
2594 3048 2627 3120 ἡ
2672 3048 2729 3101 δὲ
2772 3047 2832 3113 ἐξ
2876 3047 3040 3102 αὑτοῦ
3089 3048 3393 3120 εὐφροσύνη
3432 3051 3768 3121 πτεροῦσθαι

2185 3139 2334 3208 ἡμᾶς
2353 3143 2516 3202 ποιεῖ,
2539 3141 2632 3193 καὶ
2653 3139 2854 3208 πολλῆς
2882 3139 3233 3211 παραμυθίας
3256 3139 3510 3204 ὑπόθεσις
3529 3141 3763 3209 γίνεται.

2187 3234 2371 3286 ΣΜΑσ.
2417 3233 2528 3286 Τοῦ
2583 3232 2764 3287 αὑτοῦ
2817 3231 2965 3300 πρὸς
3000 3231 3296 3300 Κυριακόν
3333 3217 3761 3301 πρεσϐύτερον.

2254 3323 2365 3376 Καὶ
2391 3322 2449 3375 ἐν
2471 3321 2645 3392 τούτῳ
2687 3321 2973 3393 ἐθαύμασά
3003 3339 3096 3375 σου
3123 3323 3223 3393 τὴν
3261 3323 3479 3393 ἀγάπην
3510 3324 3610 3395 τὴν
3635 3325 3768 3396 θερ-

2186 3413 2313 3484 μὴν,
2351 3415 2443 3467 καὶ
2466 3412 2712 3484 γνησίαν,
2748 3413 2842 3466 καὶ
2872 3413 3084 3483 ἀκλινῆ,
3117 3413 3184 3466 δι’
3212 3407 3281 3485 ἦς
3320 3413 3538 3479 ἔδειξας,
3572 3415 3662 3466 ὅτι
3694 3417 3764 3468 οὐ

2183 3505 2464 3583 παρόντων
2489 3503 2665 3576 ἡμῶν,
2689 3503 2821 3557 ἀλλά
2853 3504 2944 3558 καὶ
2971 3504 3215 3557 ἀπόντων
3240 3505 3404 3558 πολὺν
3429 3507 3551 3575 ποιῇ
3571 3503 3762 3573 λόγον.

2183 3595 2354 3660 Αὐτὸς
2373 3595 2470 3666 μὲν
2491 3595 2600 3666 γάρ
2616 3596 2749 3666 ἔφης
2769 3595 2902 3665 μηδὲ
2919 3595 3304 3649 ἐπεσταλκέναι
3325 3596 3471 3665 ἡμᾶς
3496 3598 3560 3666 τῇ
3581 3597 3767 3665 τιμιόο

2180 3686 2304 3756 τητί
2327 3701 2442 3746 σου,
2472 3687 2566 3738 καὶ
2590 3685 2690 3737 οὐκ
2715 3685 2932 3753 ἐγένετο
2958 3683 3112 3737 τοῦτο
3140 3685 3321 3738 ἱκανὸν
3349 3684 3644 3754 ἐμποιῆσαι
3673 3703 3763 3738 σοι

2185 3777 2359 3848 σιγὴν,
2389 3775 2523 3830 ἀλλά
2552 3777 2729 3830 καίτοι
2776 3775 3001 3846 νομίσας
3030 3777 3177 3844 ἡμᾶς
3214 3776 3580 3845 σεσιγηκέναι,
3607 3779 3764 3846 τρεῖς

2181 3868 2470 3932 ἐπιστολὰς
2500 3867 2748 3938 ἔπεμψας
2790 3866 2926 3936 πρὸς
2964 3869 3129 3936 ἡμᾶς.
3166 3867 3354 3937 Ἡμεῖς
3376 3867 3433 3919 δὲ
3461 3867 3554 3920 καὶ
3587 3866 3763 3931 ἅπαξ,

2181 3963 2275 4015 καὶ
2317 3961 2418 4024 δὶς,
2449 3959 2544 4013 καὶ
2577 3961 2717 4029 τρὶς,
2755 3960 2850 4012 καὶ
2879 3958 3138 4022 πολλάκις
3177 3959 3610 4028 ἐπεστάλκαμεν.
3643 3959 3767 4014 Καὶ

2181 4052 2466 4124 ἀμφότερα
2493 4051 2700 4122 ἐδείχθη
2737 4050 2936 4114 καλῶς,
2965 4051 3000 4121 ἡ
3036 4068 3095 4104 τε
3118 4050 3304 4122 ἀγάπη
3335 4053 3369 4121 ἡ
3402 4051 3490 4122 σὴ,
3520 4049 3594 4120 μὴ
3625 4049 3762 4124 δεηο

2183 4144 2336 4197 θεῖσα
2381 4143 2490 4198 τῶν
2529 4144 2868 4215 γραμμάτων
2905 4143 3082 4214 ἡμῶν,
3117 4145 3152 4214 ἦ
3187 4160 3247 4195 τε
3291 4143 3677 4213 εὐγνωμοσύνη
3720 4145 3761 4214 ἡ

2182 4236 2445 4308 ἡμετέρα.
2488 4237 2638 4290 Ἐπε“ι⁵
2660 4231 2752 4290 οὖν
2784 4231 2960 4300 οἶσθα,
2992 4236 3142 4300 ὅπως
3161 4235 3478 4307 διακείμεθα
3509 4237 3638 4306 περὶ
3657 4236 3765 4306 τὴν

2182 4328 2469 4398 τιμιότητά
2501 4323 2614 4393 σου,
2643 4329 2723 4381 ὅτι
2750 4326 2828 4398 τῷ
2855 4327 3137 4399 κεφαλαίῳ
3156 4327 3263 4382 τῶν
3294 4328 3508 4396 ἀγαθῶν
3538 4326 3758 4397 βρύεις,

2182 4418 2258 4488 τῷ
2297 4418 2576 4490 συνδέσμῳ
2604 4419 2701 4488 τῆς
2741 4418 3096 4490 τελειότητος,
3136 4418 3506 4488 ἐπιδαψιλεύου
3545 4418 3761 4489 ταύτην

2184 4509 2333 4581 [756]
2363 4512 2490 4580 ἡμῖν
2514 4510 2612 4580 τὴν
2649 4509 3005 4582 εὐφροσύνην.
3043 4511 3216 4572 Ὅσας
3249 4509 3356 4580 γὰρ
3391 4509 3458 4563 ἂν
3498 4509 3762 4580 λάϐωμεν

2183 4601 2488 4666 ἐπιστολὰς,
2523 4601 2627 4654 κᾶν
2661 4601 2851 4654 πολλαὶ
2878 4595 2978 4654 ὦσι
3006 4601 3083 4671 τῷ
3125 4601 3362 4672 ἀριθμῷ,
3390 4602 3450 4654 οὐ
3474 4601 3755 4672 λαμϐάνο⁸

2186 4706 2284 4760 μεν
2311 4688 2491 4762 κόρον,
2518 4689 2606 4742 διὰ
2633 4689 2693 4742 τὸ
2718 4689 2920 4761 σφόδρα
2951 4689 3251 4743 διακεῖσθαί
3282 4708 3379 4744 σου
3400 4691 3528 4760 περὶ
3552 4689 3652 4752 τὴν
3669 4707 3759 4742 τι-

2185 4781 2431 4852 μιότητα.

2324 4876 2506 4930 ZMB’.
2559 4871 2666 4926 Τοῦ
2719 4875 3146 4943 Χρυσοστόμου
3195 4873 3482 4942 Χαλκιδίᾳ
3519 4878 3618 4928 καὶ

2781 4945 3167 5014 Ἀσυγκριτίᾳ.

2251 5035 2415 5088 Οὐδὲν
2444 5036 2571 5104 ὑμῖν
2606 5035 2898 5103 ἀπολογίας
2933 5035 3016 5087 δεῖ
3049 5032 3186 5104 πρὸς
3227 5031 3290 5085 τὸ
3323 5031 3398 5102 μὴ
3439 5034 3752 5104 παραγενέ-

2183 5124 2328 5178 σθαι·
2365 5126 2488 5193 ἐμοὶ
2519 5124 2626 5195 γὰρ
2655 5126 2761 5179 ἀπὸ
2801 5128 2900 5196 τῆς
2927 5123 3152 5195 γνώμης
3191 5124 3625 5195 παραγεγόνατε,
3660 5125 3753 5178 καὶ

2181 5213 2332 5270 οὐδὲν
2373 5216 2590 5270 ἔλαττον
2628 5216 2779 5287 ἔχετε
2810 5218 2938 5287 παρ’
2966 5218 3096 5288 ἡμῖν
3128 5215 3236 5269 τῶν
3274 5216 3626 5286 ἀφικομένων
3670 5217 3753 5268 ἑν-

2181 5305 2371 5360 ταῦθα.
2401 5307 2492 5360 Διὸ
2519 5310 2614 5362 καὶ
2656 5309 2815 5382 χάριν
2845 5309 2973 5379 ὑμῖν
3007 5308 3116 5378 ἔχω
3140 5308 3360 5379 πολλὴν,
3393 5308 3492 5378 τὴν
3521 5309 3752 5378 γνησίαν

2181 5397 2333 5468 ὑμῶν
2363 5397 2520 5463 εἰδὼς
2548 5400 2807 5465 διάθεσιν,
2843 5402 2936 5454 καὶ
2970 5399 3110 5471 ὑπὲρ
3131 5400 3228 5470 τῆς
3245 5399 3514 5462 ἀπουσίας
3547 5399 3751 5469 πολλὴν

2180 5487 2288 5558 [χω
2318 5490 2666 5562 συγγνώμην,
2700 5493 2788 5546 διά
2817 5510 2876 5545 τε
2905 5493 3004 5563 τὴν
3033 5492 3127 5546 τοῦ
3163 5491 3413 5562 σώματος
3438 5491 3748 5564 ἀρρωστίαι

2179 5579 2273 5633 καὶ
2314 5580 2411 5652 τὴν
2447 5581 2542 5635 τοῦ
2580 5583 2733 5648 ἔτους
2765 5585 2913 5655 ὤραν
2942 5584 3036 5637 καὶ
3063 5583 3153 5636 τὸν
3183 5583 3291 5637 τῶν
3319 5583 3530 5656 λῃστῶν
3562 5581 3748 5651 φόϐον.

2178 5671 2414 5744 Γράφειν
2439 5673 2504 5746 δὴ
2535 5675 2609 5747 μὴ
2637 5678 2946 5732 κατοκνεῖτε
2981 5675 3220 5748 συνεχῶς
3243 5678 3373 5748 ἡμῖν
3400 5676 3469 5730 τὰ
3497 5675 3749 5747 περὶτῆς
