4064 6218
356 264 457 321 7-55

349 392 563 438 tuorum
609 380 1037 437 consideratione
1086 382 1386 451 capiemus,
1439 377 1586 437 domi
1631 392 1754 437 esse
1802 393 1937 447 nos,

349 473 731 541 vobiscumque
759 472 961 527 versari
985 472 1384 542 arbitrabimur,
1428 480 1485 529 et
1508 485 1577 527 ex
1605 470 1769 527 animi
1810 483 1937 527 sen-

349 566 514 622 tentia
539 566 695 621 nobis
719 575 907 621 cuncta
938 549 1247 623 succedere.

349 698 481 777 CCX
484 697 678 754 XXIX
683 738 698 751 .
722 699 968 769 Ejusdem
995 700 1063 753 ad
1085 690 1346 754 Valerium
1372 710 1418 753 et
1436 698 1783 770 Diophantum
1812 716 1934 769 pre-

702 791 945 862 sbyteros.
975 790 1223 861 (Cucuso
1247 805 1388 845 anno
1413 791 1538 848 4οι.
1564 790 1582 862 )

414 920 559 978 Sane
587 921 801 992 quidem
848 921 971 977 licet
1015 937 1121 976 non
1161 923 1495 991 scripsissem
1519 965 1535 988 ,
1570 937 1667 978 vos
1702 924 1935 994 oportuit

343 1016 579 1070 scribere
610 1014 751 1069 :hoc
788 1014 930 1070 enim
957 1015 1117 1085 exigit
1156 1015 1240 1070 lex
1270 1016 1507 1069 caritatis
1536 1056 1550 1080 ,
1598 1030 1716 1085 quae
1760 1029 1935 1085 neque

346 1106 587 1175 superari
628 1121 688 1160 se
711 1106 875 1173 sinit,
918 1106 1014 1160 sed
1054 1107 1254 1161 amoris
1298 1122 1522 1162 excessu
1567 1108 1768 1161 amicos
1810 1121 1934 1160 suos

346 1199 556 1253 vincere
587 1206 844 1268 perpetuo
889 1195 1162 1252 contendit
1193 1215 1207 1253 :
1235 1214 1359 1253 cum
1388 1212 1515 1253 vero
1533 1197 1644 1268 jam
1685 1208 1740 1252 et
1766 1196 1932 1251 semei

343 1298 397 1340 et
422 1288 503 1341 bis
523 1287 850 1355 scripserim,
879 1302 946 1342 ne
971 1287 1050 1342 sic
1075 1287 1286 1357 quidem
1308 1287 1374 1341 ad
1394 1302 1493 1342 nos
1512 1289 1695 1343 literas
1723 1288 1933 1341 mittere

340 1378 540 1449 dignati
567 1379 725 1444 estis,
750 1378 844 1433 sed
870 1389 975 1433 tam
1001 1379 1251 1433 diuturno
1278 1380 1492 1435 silentio
1515 1380 1595 1433 usi
1628 1379 1759 1434 estis
1788 1379 1929 1448 apud

344 1471 611 1524 hominem
636 1511 651 1536 ,
694 1470 783 1539 qui
811 1470 1111 1539 frequentia
1141 1470 1412 1527 literarum
1451 1478 1746 1525 vestrarum
1776 1469 1929 1524 obrui

343 1561 609 1630 cupiebat.
654 1565 828 1630 Atque
858 1560 973 1615 haec
995 1577 1026 1615 a
1057 1576 1143 1616 me
1172 1561 1456 1628 dicuntur,
1487 1577 1594 1615 non
1623 1570 1680 1615 ut
1711 1576 1806 1615 vos
1835 1576 1926 1615 ac-

339 1668 554 1718 cusem;
584 1669 690 1707 non
715 1653 858 1707 enim
889 1668 1009 1707 meo
1032 1668 1117 1707 me
1141 1653 1277 1723 pede
1304 1654 1476 1709 metiri
1504 1655 1686 1709 nescio
1713 1671 1730 1707 :
1759 1654 1850 1707 sed
1874 1662 1931 1708 ut

339 1746 505 1799 animi
538 1746 641 1799 mei
685 1745 989 1800 mtestitiam
1022 1744 1371 1815 doloremque
1414 1745 1685 1801 testificor.
1719 1746 1928 1812 Quanto

338 1839 481 1891 enim
512 1836 700 1905 majori
729 1836 1019 1905 cupiditate
1045 1846 1231 1890 teneor
1256 1836 1551 1900 literarum,
1586 1846 1732 1889 tanto
1754 1836 1927 1903 major

338 1926 489 1990 mihi,
518 1926 642 1979 dum
676 1926 778 1979 illis
808 1926 1010 1994 privor,
1041 1924 1205 1978 animi
1232 1925 1386 1979 dolor
1413 1925 1659 1979 inuritnr.
1688 1926 1769 1979 Au
1800 1939 1928 1979 vero

336 2032 435 2072 nos
462 2017 649 2085 exigua
678 2015 1043 2070 consolatione
1072 2016 1266 2084 putatis
1295 2017 1552 2086 indigere,
1585 2016 1673 2086 qui
1702 2031 1731 2069 a
1759 2024 1928 2071 matre

335 2120 391 2166 et
418 2126 605 2165 sorore
631 2110 814 2179 procul
841 2109 1009 2164 simus
1028 2150 1044 2174 ,
1076 2110 1247 2179 patria
1277 2110 1652 2175 exciderimus,
1686 2120 1765 2165 tot
1788 2111 1926 2165 ami-

334 2219 520 2259 corum
571 2212 861 2273 conSpectu
925 2203 1196 2272 privemur
1225 2243 1239 2268 ,
1297 2204 1639 2259 solitudinem
1689 2205 1923 2259 omnium

333 2295 683 2364 asperrimam
724 2293 1020 2353 incolamus
1048 2335 1062 2357 ,
1107 2304 1161 2348 et
1195 2294 1499 2349 lsaurorum
1549 2305 1697 2349 metu
1749 2295 1918 2349 simus

333 2385 584 2441 obsessi?
614 2384 782 2438 Porro
836 2400 938 2437 una
984 2399 1106 2439 cum
1154 2385 1287 2439 meis
1313 2385 1543 2455 negotiis
1583 2385 1742 2440 audio
1786 2384 1923 2439 mala

333 2475 633 2531 communia
663 2491 781 2545 qua:
813 2475 1010 2545 ubique
1038 2486 1301 2531 terrarum
1338 2476 1575 2546 quotidie
1613 2477 1877 2547 pullulant
1904 2518 1920 2544 ,

333 2578 495 2638 atque
539 2569 590 2621 in
616 2568 735 2622 dies
764 2568 1148 2623 incrementum
1174 2569 1463 2639 accipiunt,
1492 2577 1545 2624 et
1569 2571 1749 2640 gravia
1775 2586 1923 2640 quaa-

331 2660 452 2714 dam
481 2659 751 2713 minantur
779 2658 1073 2730 naufragia.
1108 2658 1321 2716 Utinam
1350 2660 1618 2731 ingentem
1641 2662 1749 2716 vim
1779 2661 1922 2716 dolo-

332 2752 406 2806 ris
435 2766 646 2821 possem
672 2751 915 2806 oratione
955 2753 1277 2822 complecti;
1313 2761 1423 2807 tum
1467 2768 1595 2807 vero
1624 2752 1750 2807 licet
1789 2752 1920 2806 nihil

332 2846 429 2915 ipsi
452 2845 813 2913 loqueremur,
837 2844 994 2898 vestri
1016 2854 1189 2898 tamen
1204 2844 1399 2897 silentii
1422 2844 1728 2913 paeniteret.
1750 2845 1921 2913 Auget

333 2947 587 3006 przetcrea
627 2934 866 2990 dolorem
895 2950 1070 2989 meum
1094 2976 1108 2998 ,
1151 2935 1292 3004 quod
1321 2949 1442 2989 eum
1470 2949 1570 2988 nec
1594 2934 1660 2987 ad
1691 2934 1914 2988 tabella-

329 3028 530 3081 riorum
559 3026 833 3080 raritatem
860 3023 1146 3094 confugere
1175 3024 1391 3093 possitis
1411 3064 1427 3090 ,
1464 3023 1515 3077 id
1544 3023 1732 3091 agatis.
1765 3022 1919 3090 Quod

326 3125 642 3187 argumento
668 3115 932 3171 cst—sed
959 3115 1083 3170 nolo
1102 3116 1386 3185 quidquam
1405 3113 1683 3169 molestum
1703 3114 1915 3180 efferre;

326 3210 479 3265 vobis
515 3209 569 3263 id
612 3208 1017 3279 expendeudum
1065 3208 1347 3277 relinquo,
1392 3223 1520 3261 num
1544 3207 1647 3261 hoc
1686 3205 1916 3276 aliquem

326 3302 495 3356 nostri
521 3310 883 3371 contemptum
914 3299 1331 3369 despectumque
1358 3297 1619 3352 redoleat.
1661 3297 1804 3353 Nihil
1834 3308 1914 3351 ta-

326 3409 449 3448 men
477 3407 639 3459 curo,
667 3393 783 3448 sive
807 3391 1184 3455 contemnatis,
1212 3390 1325 3444 sive
1355 3388 1663 3460 despiciatis
1683 3389 1915 3443 tenuita-

326 3497 430 3541 tem
462 3496 696 3541 nostram
725 3502 739 3539 :
773 3502 935 3541 unum
977 3486 1026 3539 id
1058 3485 1271 3555 requiro
1291 3524 1306 3549 ,
1337 3499 1672 3554 quocumque
1703 3484 1912 3539 laudent

323 3578 484 3633 modo
508 3578 684 3633 affecti
708 3578 823 3632 sitis
845 3619 861 3643 ,
898 3588 955 3631 ut
986 3577 1156 3632 literis
1201 3576 1397 3631 vestris
1426 3574 1573 3630 fruar
1595 3617 1611 3642 ,
1658 3591 1775 3645 quze
1806 3591 1912 3631 non

322 3670 649 3725 mediocrem
695 3668 851 3723 nobis
896 3667 1316 3724 consolationem
1346 3670 1579 3736 pariunt.
1608 3665 1739 3721 Nam
1766 3680 1905 3720 unus

322 3772 482 3832 atque
508 3761 646 3815 alter
670 3775 812 3830 saepe
835 3760 900 3814 ad
929 3774 1027 3814 nos
1063 3757 1333 3828 profectus
1352 3766 1455 3824 est,
1483 3767 1538 3812 et
1566 3772 1708 3811 nunc
1732 3756 1907 3811 domi-

323 3869 423 3909 nus
448 3869 599 3909 meus
621 3852 1097 3908 reverendissimus
1124 3850 1289 3905 frater
1317 3849 1590 3915 Libanius,
1610 3864 1709 3903 nec
1726 3857 1904 3903 tamen

325 3947 515 4002 vestris
533 3962 632 4001 nos
657 3946 823 4002 literis
842 3945 1039 4015 dignati
1062 3944 1213 4000 estis.
1235 3943 1431 4008 Nolite,
1459 3957 1661 4013 (ιυωεο,
1689 3939 1909 3997 mcerori

318 4051 443 4096 meo
464 4042 686 4095 alterum
713 4056 997 4097 mcerorem
1018 4039 1235 4095 addere.
1257 4038 1312 4095 Si
1331 4039 1473 4094 enim
1498 4054 1668 4109 neque
1689 4046 1904 4108 accepta

320 4132 422 4188 hac
446 4133 671 4202 epistola
696 4132 931 4188 scribere
952 4131 1020 4186 ad
1046 4146 1146 4186 nos
1169 4130 1363 4197 velitis,
1388 4130 1503 4185 sive
1522 4129 1767 4200 pigritiae,
1794 4130 1906 4185 sive

317 4225 525 4280 inertiae
552 4223 737 4291 dediti,
771 4238 869 4278 nos
890 4232 1068 4278 tamen
1092 4221 1327 4278 scribere
1356 4236 1463 4276 non
1490 4220 1819 4287 desinemus,
1850 4228 1906 4275 et

315 4316 601 4372 scribendo
644 4325 864 4388 propter
909 4314 1013 4370 hoc
1037 4325 1275 4370 vestrum
1311 4313 1582 4369 silentium
1612 4311 1903 4383 fugabimus

314 4419 372 4465 et
408 4410 838 4487 ingemiscemus.
883 4408 996 4464 Hoc
1035 4408 1180 4464 enim
1210 4416 1295 4463 est
1336 4407 1389 4461 in
1426 4413 1690 4476 potestate
1720 4414 1901 4461 nostra

314 4500 499 4558 situm.
516 4499 632 4555 Non
660 4509 836 4555 tamen
858 4499 1200 4555 mediocriter
1218 4497 1374 4553 nobis
1394 4497 1459 4553 ad
1480 4496 1897 4553 consolationem

314 4592 497 4660 valet,
540 4593 647 4647 imo
676 4606 808 4648 vero
848 4591 951 4646 hoc
982 4591 1141 4646 etiam
1170 4590 1371 4645 omisso
1413 4589 1700 4644 maximum
1744 4587 1899 4643 nobis

310 4684 564 4741 solatium
594 4684 762 4754 parit,
791 4683 934 4755 quod
977 4682 1043 4737 ad
1070 4683 1238 4752 ipsam
1276 4696 1445 4751 usque
1478 4679 1818 4735 solitudinem
1845 4686 1900 4734 et

309 4776 379 4831 ad
403 4786 557 4833 teme
581 4777 711 4830 fines
741 4774 1034 4846 (siquidem
1058 4774 1110 4828 in
1134 4773 1264 4843 ipsis
1292 4772 1678 4843 propemodum
1701 4770 1895 4827 finibus

305 4870 420 4943 jam
441 4869 758 4940 versamur)
783 4867 1009 4924 celebris
1029 4875 1205 4921 vestra
1226 4864 1363 4919 fama
1391 4873 1648 4933 penetret,
1675 4872 1731 4918 et
1756 4879 1893 4932 pra:-

309 4964 455 5019 clara
487 4962 719 5017 facinora
751 4969 926 5016 vestra
955 4960 1207 5029 divulget.
1238 4956 1437 5013 Omnes
1465 4957 1607 5011 enim
1634 4971 1730 5010 vos
1749 4971 1889 5027 pra:—

306 5054 531 5119 dicant,
575 5051 830 5118 laudant,
871 5064 1068 5106 corona
1097 5050 1297 5105 donant
1320 5089 1336 5115 ,
1369 5049 1553 5102 beatos
1579 5056 1801 5102 censent
1824 5046 1894 5101 ob

308 5145 697 5211 fortitudinem,
725 5128 1101 5208 constantiam,
1131 5158 1290 5213 quam
1310 5141 1471 5196 rebus
1491 5140 1619 5211 ipsis
1645 5147 1890 5195 testatam

308 5252 430 5292 esse
455 5238 734 5292 voluistis:
763 5247 823 5292 ut
849 5236 975 5291 illud
1000 5236 1285 5305 Scriptura;
1312 5233 1618 5288 mandatum
1650 5233 1893 5302 implere-

306 5329 375 5383 tis
408 5346 420 5381 :
459 5326 629 5397 Usque
665 5328 734 5381 ad
758 5336 964 5381 mortem
988 5334 1122 5380 certa
1158 5342 1250 5395 pro
1278 5325 1481 5379 veritate
1502 5365 1518 5393 ,
1559 5334 1605 5377 et
1634 5323 1770 5377 Deus
1798 5340 1891 5394 pro

308 5434 357 5476 te
376 5424 617 5494 pugnabit
646 5421 849 5494 (Eccfi.
877 5422 929 5477 4.
960 5421 1031 5476 55
1050 5421 1091 5489 ).
1121 5419 1201 5474 Εη
1230 5420 1388 5489 igitur
1414 5428 1491 5473 tot
1517 5417 1764 5474 ﬂuctibus
1791 5418 1890 5472 im-

307 5526 488 5586 petum
552 5513 866 5569 facientibus
902 5553 921 5580 ,
971 5521 1113 5569 tanta
1174 5513 1479 5581 insurgente
1527 5518 1884 5581 tempestate,

313 5620 489 5674 neque
526 5605 847 5661 conturbare
890 5618 984 5658 vos
1015 5603 1152 5658 ullus
1199 5603 1408 5672 potuit,
1452 5616 1551 5657 nec
1583 5602 1634 5656 in
1684 5602 1789 5657 ulla
1829 5618 1887 5658 re

314 5695 526 5761 lmdere,
554 5698 645 5755 sed
668 5710 720 5754 et
747 5698 818 5752 illi
842 5697 929 5767 qni
956 5697 1103 5751 nobis
1135 5696 1378 5765 injuriam
1401 5694 1596 5751 inferre
1618 5695 1885 5751 conaban-

648 5816 923 5875 Pu‘noc.
963 5814 1080 5873 Gn.
1130 5811 1259 5872 ιιι.

1777 256 2156 317 ΕΡΙὸΤΟῘιιΕ.

3530 280 3634 337 766

2049 389 2135 436 tur
2160 423 2176 448 ,
2220 398 2317 438 nec
2345 384 2624 455 opinantes
2650 389 2912 461 majorum
2938 395 3089 449 venis
3131 395 3345 455 laudum
3385 412 3630 459 auctores

2045 472 2285 529 fuerunt.
2308 475 2451 544 Quas
2476 478 2547 533 ob
2585 494 2673 535 res
2697 482 2929 552 gaudete
2951 527 2968 551 ,
2994 501 3179 556 quaeso
3201 530 3218 557 ,
3250 500 3305 545 et
3327 494 3591 551 exsultate
3628 541 3637 560 .

2043 562 2318 635 Deumque
2351 570 2561 638 precari
2601 587 2707 626 non
2748 573 2979 631 desinite
3003 618 3017 638 .
3059 578 3150 648 qui
3175 595 3262 636 res
3290 583 3537 653 perficit,
3584 601 3640 644 et

2044 655 2310 712 immutat.
2361 659 2545 716 Faciet
2586 664 2730 718 enim
2765 665 2875 721 cito
2905 667 3024 738 plus
3051 685 3211 740 quam
3258 675 3489 743 petimus
3542 691 3635 736 aut

2036 747 2405 820 intelligimus,
2440 764 2656 824 propter
2683 756 2974 816 bonitatem
2995 777 3144 819 suam
3167 764 3186 834 (
3207 764 3399 836 Eph“.
3428 769 3485 825 5.
3515 770 3630 836 20).

2231 880 2430 938 CCXL.
2472 885 2715 955 Ejusdem
2742 891 2810 944 ad
2835 891 3039 949 Castam
3069 876 3441 971 presbyterum.

2109 1016 2278 1083 Quam
2310 1018 2455 1075 clare
2481 1021 2676 1092 fulget,
2705 1039 2805 1080 nec
2828 1026 2995 1084 latere
3022 1040 3194 1100 potest
3216 1035 3393 1091 anima
3421 1037 3625 1098 fervida

2039 1110 2259 1177 praedita
2280 1113 2536 1169 caritate!
2569 1130 2674 1185 quo
2713 1127 2868 1186 pacto
2899 1129 3001 1175 tuze
3039 1125 3258 1195 contigit
3286 1132 3621 1189 reverentius.

2035 1199 2167 1255 Nam
2187 1215 2306 1257 cum
2326 1204 2547 1259 necdum
2567 1208 2754 1274 scires,
2773 1225 2899 1265 num
2919 1212 3010 1268 tibi
3030 1216 3427 1287 scripsissemus
3448 1221 3624 1296 (tam-

2035 1292 2134 1346 etsi
2178 1294 2631 1367 scripseramus),
2680 1310 2853 1355 tamen
2896 1318 3015 1371 qure
3045 1312 3252 1361 tuarum
3297 1292 3467 1367 erant
3493 1329 3619 1383 par—

2034 1384 2165 1437 tium
2195 1384 2309 1453 ipse
2337 1387 2631 1455 praestitisti
2658 1431 2672 1454 ,
2703 1405 2822 1444 cum
2853 1402 2906 1445 et
2935 1393 3114 1449 literas
3158 1396 3224 1450 ad
3261 1414 3358 1454 nos
3386 1401 3579 1458 dedisti
3604 1445 3621 1469 ,

2035 1482 2088 1528 et
2114 1473 2166 1527 in
2192 1473 2295 1529 hoc
2318 1475 2538 1531 sincerae
2566 1488 2667 1531 tua:
2696 1479 3076 1538 benevolentiae
3096 1488 3365 1555 Specimen
3387 1490 3621 1559 edidisti,

2033 1577 2235 1633 nosque
2263 1579 2470 1619 summa
2500 1567 2679 1621 lzetitia
2706 1577 2761 1623 et
2784 1573 3148 1629 consolatione
3174 1578 3526 1647 complevisﬁ.
3552 1582 3623 1637 Ut

2032 1654 2191 1724 igitur
2231 1654 2332 1710 hac
2356 1656 2622 1727 voluptate
2652 1669 2907 1729 perpetuo
2935 1661 3211 1731 fruamur,
3240 1683 3304 1721 ac
3332 1669 3579 1726 hetetuur
3598 1713 3617 1740 ,

2031 1748 2467 1817 quotiescumque
2490 1748 2711 1805 facultas
2736 1752 2977 1819 dabitur,
3010 1757 3079 1809 ita
3111 1758 3227 1823 fac,
3258 1776 3460 1829 quaeso,
3493 1780 3617 1833 per-

2030 1847 2211 1907 petuo.
2240 1840 2449 1895 Scimus
2482 1842 2622 1896 enim
2647 1858 2757 1897 rem
2784 1859 2903 1899 esse
2928 1847 3313 1915 perdifficilem,
3339 1853 3481 1921 quod
3510 1870 3614 1910 non

2030 1927 2185 1984 facile
2209 1930 2368 2000 aliqui
2393 1931 2497 1986 huc
2525 1933 2847 2001 adventent;
2876 1938 3072 2007 quippe
3094 1941 3234 2010 quod
3261 1942 3346 1997 hic
3367 1944 3517 2001 locus
3546 1948 3618 2003 sit

2032 2021 2194 2076 totius
2262 2023 2407 2078 orbis
2454 2031 2717 2079 terrarum
2763 2026 3206 2084 desertissimus:
3248 2046 3617 2093 verumtamen

2028 2111 2329 2167 amantibus
2377 2114 2536 2168 etiam
2564 2130 2625 2169 ea
2651 2132 2769 2185 qua:
2794 2116 3029 2172 difficilia
3059 2132 3218 2187 sunt,
3248 2123 3420 2180 facilia
3460 2127 3613 2184 fiunt.

2027 2196 2083 2254 Si
2111 2202 2252 2255 enim
2290 2203 2548 2258 sciscitari
2574 2205 2803 2260 volueris
2827 2214 2884 2259 et
2908 2210 3117 2265 curiose
3147 2212 3418 2281 inquirere
3438 2257 3451 2281 ,
3481 2232 3574 2273 eos
3595 2260 3612 2285 ,

2026 2294 2117 2362 qui
2143 2308 2357 2348 suorum
2380 2295 2710 2365 negotiorum
2733 2313 2893 2354 causa
2916 2300 3072 2355 istinc
3091 2301 3397 2371 adveniunt,
3428 2310 3613 2362 nanci-

2027 2386 2195 2442 sceris
2222 2403 2236 2439 :
2267 2388 2401 2441 nihil
2421 2388 2650 2459 denique
2673 2390 2763 2444 tibi
2786 2393 2992 2458 deerit,
3024 2396 3069 2448 si
3090 2396 3179 2466 qui
3217 2410 3470 2468 peragant
3490 2401 3609 2465 iter,

2026 2477 2283 2553 inquiras.
2310 2477 2438 2533 Haec
2464 2479 2623 2549 igitur
2645 2480 2736 2535 tibi
2761 2496 2883 2537 cum
2905 2483 3178 2553 explorata
3204 2485 3310 2541 sint
3334 2528 3348 2552 ,
3394 2489 3609 2548 domine

2026 2570 2098 2624 mi
2126 2570 2600 2639 reverendissime,
2631 2573 2984 2629 creberrimas
3004 2574 3071 2629 ad
3099 2592 3197 2632 nos
3224 2578 3375 2633 mitte
3400 2581 3604 2639 literas.

2024 2661 2156 2716 Nam
2186 2671 2240 2717 et
2268 2678 2353 2717 res
2377 2662 2490 2732 ipsa
2514 2663 2660 2718 omni
2686 2662 3002 2722 difficultate
3027 2676 3117 2721 aut
3143 2667 3327 2723 labore
3354 2681 3523 2738 caret,
3553 2682 3608 2727 et

2024 2773 2142 2828 qua:
2167 2758 2404 2813 dimanat
2429 2774 2495 2814 ex
2527 2774 2590 2814 ea
2616 2760 2819 2827 laetitia,
2847 2777 2944 2818 nos
2988 2763 3211 2821 mirifice
3240 2767 3411 2822 reficit
3434 2784 3499 2824 ac
3522 2785 3608 2826 re.

2023 2856 2200 2915 creat,
2231 2858 2286 2904 et
2310 2849 2491 2905 multa:
2518 2851 2898 2907 consolationis
2923 2846 3259 2911 occasionem
3281 2860 3609 2929 suppeditat.-

2187 2976 2424 3035 CCXLI.
2464 2979 2712 3051 Ejusdem
2736 2983 2803 3036 ad
2827 2981 3095 3054 Cyriacum
3120 2987 3480 3060 presbyterum.

2096 3114 2151 3169 in
2179 3114 2284 3171 hoc
2310 3130 2522 3185 quoque
2550 3115 2813 3172 fervidam
2842 3127 2986 3174 tuam
3008 3159 3024 3183 ,
3065 3120 3330 3176 sinceram
3351 3164 3366 3187 ,
3394 3132 3447 3178 et
3470 3138 3605 3180 con-

2019 3216 2248 3263 stantem
2298 3208 2572 3263 caritatem
2618 3210 2842 3265 miratus
2882 3224 3039 3278 sum,
3088 3228 3192 3283 qua
3235 3214 3513 3271 ostendisti
3554 3227 3606 3273 te

2018 3298 2187 3353 nostri
2215 3313 2460 3368 magnam
2500 3314 2604 3354 non
2635 3300 2795 3355 modo
2821 3302 2948 3355 dum
2989 3301 3245 3361 adsumus
3268 3347 3282 3371 ,
3322 3308 3414 3361 sed
3445 3309 3605 3362 etiam

2017 3392 2143 3448 dum
2179 3391 2430 3446 absumus
2459 3392 2719 3446 rationem
2762 3393 2975 3447 habere.
3006 3392 3137 3448 Nam
3168 3396 3292 3451 licet
3320 3398 3451 3452 nihil
3498 3415 3597 3456 nos

2016 3482 2085 3536 ad
2122 3492 2265 3535 tuam
2308 3483 2662 3537 reverentiam
2706 3482 2979 3537 literarum
3024 3484 3237 3541 dedisse
3264 3487 3411 3543 dicas
3436 3530 3450 3552 ,
3494 3505 3600 3545 non

2017 3583 2194 3628 tamen
2238 3574 2409 3644 potuit
2452 3574 2581 3630 illud
2612 3575 2705 3630 tibi
2748 3576 2944 3631 silentii
2986 3591 3199 3641 causam
3246 3580 3476 3644 afferre.
3508 3583 3602 3639 sed

2015 3667 2256 3736 quamvis
2284 3682 2382 3722 nos
2412 3667 2622 3723 siluisse
2659 3683 2931 3736 censeres,
2958 3679 3069 3725 tres
3118 3672 3370 3741 epistolas
3394 3674 3460 3727 ad
3506 3691 3603 3731 nos

2014 3761 2226 3815 misisti.
2257 3762 2327 3816 At
2354 3777 2453 3816 nos
2480 3772 2535 3817 et
2562 3763 2730 3818 semel
2756 3772 2811 3818 et
2831 3764 3046 3831 iterum,
3071 3774 3124 3819 et
3150 3777 3231 3819 ter
3252 3775 3306 3820 et
3329 3768 3601 3823 multoties

2015 3851 2081 3905 ad
2114 3861 2165 3906 te
2209 3853 2540 3923 scripsimus.
2589 3854 2651 3908 Et
2694 3855 2971 3924 utriusque
3012 3856 3281 3924 specimen
3329 3859 3600 3927 egregium

2011 3951 2094 3997 est
2117 3943 2336 4007 editum,
2366 3960 2486 3998 eum
2516 3954 2619 3999 tua:
2650 3946 2906 4011 caritatis,
2929 3962 3048 4016 qua:
3073 3947 3244 4002 literis
3270 3950 3468 4003 nostris
3493 3967 3598 4005 non

2010 4033 2281 4104 indigeat,
2316 4043 2430 4089 tum
2467 4044 2665 4091 nostra:
2703 4035 2989 4107 :equitatis.
3032 4037 3259 4107 Quando
3295 4041 3452 4112 igitur
3490 4043 3643 4097 non"

2009 4126 2244 4197 ignoras,
2274 4137 2473 4199 quanta
2505 4130 2861 4184 reverentiam
2888 4139 3031 4186 tuam
3060 4132 3428 4189 benevolentia
3453 4149 3601 4190 com-

2007 4220 2322 4289 plectamur,
2352 4235 2474 4276 cum
2503 4236 2590 4287 eo,
2618 4221 2759 4291 quod
2780 4232 2940 4293 eaput
2964 4233 3047 4279 est
3072 4224 3357 4295 bonorum,
3386 4242 3447 4281 ac
3476 4228 3600 4281 vin-

2005 4310 2183 4367 culum
2206 4311 2544 4381 perfectionis
2562 4313 2580 4383 (
2599 4311 2709 4368 Col.
2736 4314 2789 4368 5.
2814 4314 2915 4385 M)
2937 4356 2950 4376 .
2974 4315 3236 4383 abundes,
3267 4316 3368 4383 fac,
3392 4332 3596 4387 quaeso,

2007 4403 2144 4458 hanc
2169 4404 2324 4459 nobis
2358 4404 2685 4475 voluptatem
2714 4405 3011 4475 impertias.
3037 4406 3170 4461 Nam
3216 4418 3595 4478 quantascmno

2004 4510 2107 4565 que
2135 4495 2315 4550 literas
2342 4497 2705 4569 acceperimus
2730 4539 2746 4565 ,
2795 4497 2919 4553 licet
2957 4514 3180 4554 numero
3201 4500 3382 4554 multa:
3423 4500 3532 4553 sint
3559 4540 3577 4563 ,

2002 4586 2147 4639 nulla
2194 4601 2292 4641 nos
2332 4602 2515 4642 earum
2560 4586 2702 4657 capit
2748 4589 2967 4643 satietas
2995 4629 3011 4653 ,
3056 4589 3197 4658 quod
3242 4589 3590 4646 reverentiam

2002 4690 2144 4735 tuam
2177 4680 2431 4750 singulari
2458 4695 2642 4735 amore
2672 4695 3077 4752 prosequamur.

1999 4814 2127 4872 CCX
2137 4815 2205 4870 ιι
2217 4814 2267 4869 1.
2291 4815 2633 4888 Chrysostomi
2653 4813 2928 4869 Chalcidite
2948 4824 2996 4869 et
3016 4814 3335 4886 Asyncrt'liae.
3358 4814 3590 4885 (Cucuso

2631 4922 2771 4962 anno
2793 4907 2942 4977 405.)

2068 5040 2209 5096 Nihil
2237 5054 2371 5109 Opus
2415 5048 2498 5094 est
2534 5047 2590 5092 ut
2617 5038 2725 5092 ulla
2764 5037 3106 5093 excusatione
3143 5038 3403 5105 utamini,
3435 5038 3577 5109 quod

1996 5151 2102 5191 non
2126 5134 2414 5191 veneritis:
2446 5148 2567 5187 nam
2597 5131 2725 5186 mihi
2754 5131 2967 5201 quidem
2989 5131 3169 5191 animo
3193 5141 3249 5187 et
3268 5134 3462 5192 aﬂectu
3487 5148 3582 5186 ve-

1996 5228 2149 5284 nistis
2170 5268 2186 5292 ,
2217 5237 2270 5281 et
2299 5224 2464 5280 nihilo
2492 5222 2741 5278 inferiore
2768 5223 2888 5278 loco
2921 5224 3059 5293 apud
3086 5238 3183 5279 nos
3220 5225 3348 5278 estis
3368 5265 3384 5289 ,
3413 5239 3576 5293 quam

1995 5320 2085 5390 qui
2126 5319 2230 5373 huc
2256 5326 2535 5372 venerunt.
2586 5315 2844 5382 Quocirca
2872 5330 2991 5369 cum
3034 5326 3311 5385 perspecta
3340 5315 3470 5370 mihi
3513 5315 3586 5370 sit

1994 5412 2214 5481 insignis
2230 5418 2403 5466 vestra
2422 5407 2806 5473 benevolentia,
2830 5416 2883 5461 et
2899 5407 3119 5480 gratiam
3141 5422 3244 5461 non
3265 5407 3586 5463 mediocrem

1992 5504 2144 5560 vobis
2165 5502 2354 5567 habeo,
2378 5510 2429 5555 et
2452 5500 2689 5569 impense
2712 5499 2919 5554 veniam
2936 5499 3005 5552 do
3027 5538 3042 5565 ,
3070 5498 3211 5568 quod
3243 5507 3351 5555 tum
3372 5510 3589 5569 prnpter

1993 5596 2232 5666 corporis
2247 5590 2630 5665 argritudinem,
2653 5602 2760 5646 tum
2777 5600 2992 5661 propter
3002 5590 3124 5645 anni
3140 5590 3586 5661 tetnpns,pratdo-

1996 5706 2229 5763 numque
2258 5696 2451 5745 metum
2472 5684 2761 5741 abfueritis.
2786 5682 2894 5738 Vos
2916 5695 3091 5739 tamen
3110 5682 3342 5738 scribere
3366 5682 3581 5737 minime

3192 5804 3269 5865 23
