4064 6218
429 252 545 309 πῃ
1180 236 1239 293 S.
1276 234 1565 294 JOA-NNIS
1598 235 2090 293 CHRYSOSTOMI
2126 231 2448 290 AKCHIEP.
2491 222 3035 285 CONSTANTINOP.
3595 225 3710 285 748

438 372 659 443 pigeat,
685 379 889 438 nosque
906 364 977 422 de
1016 370 1195 420 vestra
1218 358 1522 415 valetudine
1549 368 1914 427 saepenumero
1941 352 2020 409 fa-
2123 352 2395 423 voluptate
2416 349 2815 443 perfundemur.
2843 348 2970 443 Haec
3013 343 3320 443 igitur
3344 342 3500 443 vobis
3521 340 3715 412 explo-

436 436 561 519 cere
601 436 878 516 certiores.
905 457 1039 512 Nam
1067 462 1123 510 et
1148 453 1308 523 longo
1334 452 1576 506 locorum
1604 446 1881 503 intervallo
1904 445 2017 500 dis-
2121 454 2236 500 rata
2264 444 2391 510 sint,
2421 458 2581 514 quam
2605 442 2902 514 saepissime
2926 440 2995 496 de
3019 440 3102 496 his
3140 438 3301 494 rebus
3325 436 3582 492 certiores
3609 449 3713 490 nos

438 554 602 609 iuncti
644 567 678 607 a
718 549 869 606 vobis
897 548 966 604 de
992 546 1154 602 rebus
1174 543 1368 600 vestris
1395 555 1581 596 sumus
1608 536 1818 593 solliciti
1843 554 1856 589 :
1887 550 1949 590 ac
1976 532 2023 590 si
2126 537 2303 606 facite,
2326 552 2458 608 quas
2488 550 2648 592 nosse
2669 533 3058 598 desideramus,
3088 531 3325 587 utetiam
3346 531 3403 583 in
3422 526 3713 584 solitudine

440 648 583 701 forte
618 655 714 699 VOS
749 617 1168 696 intellexerimus
1192 632 1340 690 omni
1381 630 1612 687 tumultu
1639 642 1703 684 ac
1742 625 2022 698 perturba-
2126 630 2382 702 degentes
2406 630 2631 686 multam
2654 627 2777 684 inde
2800 625 3222 683 consolationem
3251 622 3580 679 ham-13mm.

442 738 588 793 tione
607 746 814 800 carere,
834 741 1200 803 prosperaque
1222 725 1325 783 frui
1343 722 1666 790 valetudine,
1696 733 1802 776 non
1822 717 2027 789 vulgari

1510 1633 1593 1696 IN
1640 1633 2060 1695 EPISTOLAM
2101 1633 2200 1695 AD
2240 1632 2640 1693 C/ESARTUM

1764 1919 2377 2013 MON'ITUM.

541 2294 783 2366 Epistola
810 2293 877 2349 ad
906 2290 1203 2349 Caesarium
1235 2304 1266 2345 a
1291 2288 1683 2360 Cbrysostoroo
1712 2284 1935 2342 secundi
1966 2285 2141 2356 ipsius
2173 2282 2352 2339 exsilii
2383 2292 2626 2353 tempore
2655 2284 2858 2354 scripta
2897 2282 3072 2340 fertur
3099 2284 3255 2341 initio
3287 2294 3342 2344 et
3369 2288 3497 2345 line.
3535 2290 3716 2348 Inter-

469 2408 830 2481 pretationem
859 2407 979 2478 ejus
1004 2406 1249 2462 Latinam
1285 2421 1354 2460 ex
1397 2405 1596 2461 Codice
1639 2405 1876 2475 quodam
1921 2402 2240 2458 Florentino
2281 2404 2643 2474 descripserat
2675 2404 2803 2459 olim
2840 2403 3035 2461 Petrus
3085 2405 3291 2479 Martyr
3334 2407 3714 2476 Florentinus,

469 2528 565 2600 qui
603 2543 634 2583 a
674 2527 943 2583 catholica
970 2525 1233 2597 religione
1258 2525 1506 2589 descivit,
1538 2539 1602 2580 ac
1630 2523 1863 2579 delatam
1898 2538 2082 2579 secum
2108 2524 2164 2579 in
2193 2524 2441 2595 Angliam
2472 2524 2526 2579 in
2560 2524 2841 2580 Cranmeri
2870 2526 3265 2598 archiepiscopi
3293 2527 3715 2587 Cantuariensis

475 2644 800 2703 bibliotheca
829 2644 1091 2715 reposuit.
1124 2643 1196 2697 At
1220 2652 1347 2714 post
1373 2641 1658 2697 Cranmeri
1694 2655 1881 2695 necem
1909 2640 2029 2711 ejus
2057 2640 2386 2697 bibliotheca
2415 2640 2624 2711 direpta
2661 2641 2786 2707 fuit,
2820 2649 2875 2697 et
2895 2641 3121 2712 epistola
3151 2641 3407 2713 deinceps
3433 2659 3715 2715 nusquam

472 2764 797 2833 comparuit.
827 2762 964 2818 Cum
992 2772 1175 2817 autem
1204 2761 1295 2815 illa
1323 2762 1392 2817 ab
1419 2762 1505 2827 iis,
1554 2759 1646 2830 qui
1680 2759 2326 2814 lranssubstantiationem
2376 2759 2663 2830 negabant,
2696 2760 2750 2814 in
2800 2760 3176 2817 testimonium
3213 2758 3446 2815 adducta
3489 2760 3712 2822 fuisset.

472 2877 542 2932 ab
573 2878 816 2949 ejusdem
853 2878 1462 2934 transsubstanliationis
1508 2877 2003 2948 propugnatoribus
2044 2888 2295 2947 negatum
2340 2886 2422 2932 est
2460 2891 2580 2933 eam
2621 2878 2833 2948 uSpiam
2884 2877 3191 2940 exstitisse,
3234 2876 3393 2946 cujus
3436 2877 3723 2947 exemplar

474 2990 687 3045 nullum
719 2989 951 3059 proferri
984 3000 1189 3061 posset.
1228 2990 1385 3046 Anno
1417 3000 1599 3045 autem
1628 2990 1765 3046 1680
1797 2990 1883 3043 vir
1926 2988 1993 3044 cl.
2031 2990 2312 3046 Emericus
2356 2990 2601 3060 Bigotius
2639 2990 3141 3061 interpretationem
3185 2990 3332 3044 illam
3368 2988 3614 3044 Latinam
3648 3006 3722 3044 ex

475 3084 663 3159 codice
688 3100 1005 3157 Florentino
1034 3102 1090 3157 in
1117 3102 1445 3157 bibliotheca
1472 3102 1953 3157 Dominicanorum
1985 3100 2049 3156 Ι).
2085 3101 2250 3158 Marci
2294 3102 2622 3171 descriptam
2651 3104 2819 3159 edidit
2847 3113 2970 3174 post
3013 3102 3238 3159 Palladii
3279 3103 3479 3159 librum
3510 3105 3575 3159 de
3603 3103 3715 3157 vita

478 3210 879 3284 Cbrysostomi.
908 3213 975 3268 At
1010 3227 1205 3268 censor
1233 3212 1503 3283 quispiam
1534 3210 1817 3281 epistolam
1843 3211 1956 3281 jam
1985 3226 2172 3267 cusam
2204 3214 2648 3284 supprimendam
2693 3230 2816 3272 esse
2845 3217 3074 3285 putavit,
3108 3232 3172 3272 ac
3201 3232 3387 3272 revera
3420 3218 3725 3287 suppressit

480 3343 604 3384 cum
637 3329 782 3385 notis
810 3306 1026 3399 Bigotii.
1056 3327 1215 3383 Anno
1245 3339 1426 3385 autem
1457 3327 1595 3384 1685
1626 3326 1935 3397 Stephanus
1968 3327 2043 3383 Le
2064 3327 2279 3400 Moyne,
2302 3329 2357 3383 in
2382 3329 2523 3385 libro
2557 3330 2645 3386 cui
2677 3330 2864 3386 titulus
2902 3328 3069 3386 Varia
3092 3331 3279 3399 Sacra,
3308 3331 3477 3389 Tomo
3504 3333 3720 3403 primo,

482 3450 625 3505 hanc
656 3449 937 3520 epistolam
969 3448 1036 3503 ad
1069 3447 1273 3503 calcem
1299 3446 1467 3503 edidit
1500 3456 1560 3503 ut
1586 3447 1641 3501 in
1669 3445 1771 3502 Ms.
1809 3446 2063 3513 habetur,
2094 3448 2285 3504 multis
2315 3449 2527 3505 mendis
2552 3465 2879 3521 respersam,
2905 3459 2958 3506 et
3002 3451 3212 3522 aliquot
3256 3451 3310 3505 in
3351 3452 3483 3508 locis
3528 3450 3725 3506 defor-

482 3573 710 3631 matam,
746 3573 807 3620 ut
836 3564 927 3619 vix
958 3563 1156 3633 aliquis
1184 3577 1380 3619 sensus
1409 3560 1530 3616 elici
1559 3561 1755 3631 possit.
1792 3560 1971 3617 Edidit
1994 3562 2157 3617 etiam
2193 3578 2247 3617 v.
2296 3563 2365 3619 cl.
2413 3562 2648 3620 Jacobus
2696 3564 2942 3637 Basnage
2984 3565 3328 3621 Roterodami
3362 3581 3505 3620 anno
3548 3564 3709 3628 1687,

480 3697 607 3738 cum
644 3690 798 3753 parte
821 3681 909 3737 illa
940 3680 1275 3752 praelationis
1312 3680 1626 3751 Bigotianaa,
1672 3695 1794 3749 qua:
1836 3680 1978 3735 hanc
2008 3680 2293 3750 epistolam
2328 3680 2668 3749 respiciebat,
2715 3698 2944 3753 quasque
2991 3698 3116 3739 cum
3160 3683 3387 3754 epistola
3432 3684 3499 3738 ad
3541 3686 3728 3740 Caesa-

481 3798 625 3852 rium
656 3804 926 3868 expuncta
954 3795 1151 3861 fuerat,
1185 3795 1411 3867 adjectis
1433 3795 1597 3849 etiam
1630 3792 1950 3865 fragmentis
1982 3793 2206 3860 Graecis,
2240 3810 2361 3867 quae
2384 3795 2627 3867 Bigotius
2649 3797 2958 3868 collegerat.
2986 3798 3121 3854 Alia:
3148 3814 3367 3870 quoque
3396 3800 3538 3870 apud
3571 3800 3733 3855 hete-

483 3915 724 3971 rodoxos
760 3915 1080 3985 prodierunt
1129 3914 1293 3984 hujus
1337 3913 1579 3985 epistolae
1631 3912 1919 3968 editiones.
1968 3910 2195 3968 Demum
2249 3914 2334 3969 vir
2380 3916 2628 3971 eruditus
2670 3913 2754 3970 Jo.
2810 3914 3120 3973 Harduinus
3162 3932 3231 3973 ex
3278 3915 3553 3973 Societate
3596 3917 3729 3973 Jesu

484 4046 630 4086 anno
682 4030 820 4087 1689
871 4032 1121 4088 eamdem
1176 4032 1491 4103 publicavit,
1538 4046 1764 4103 remque
1812 4030 2135 4087 catholicam
2196 4032 2459 4091 adversus
2511 4036 2889 4103 heterodoxos,
2932 4036 3027 4106 qui
3077 4036 3219 4092 hanc
3269 4036 3338 4092 ad
3388 4052 3486 4093 sua
3520 4036 3726 4092 tuenda

486 4147 741 4216 dogmata
790 4147 1147 4215 usurpabant,
1193 4155 1414 4202 strenue
1460 4145 1773 4202 vindicavit.
1828 4145 1929 4203 Hic
1982 4147 2180 4203 iterum
2232 4148 2379 4203 illam
2428 4146 2757 4219 proferimus
2807 4149 3012 4220 aliquot
3060 4149 3117 4205 in
3167 4150 3303 4206 locis
3347 4151 3731 4218 emendatam;

488 4259 792 4334 fragmenta
825 4269 1007 4317 autem
1041 4260 1249 4328 Gratca,
1285 4276 1407 4332 qua:
1441 4276 1511 4316 ex
1534 4261 1825 4317 Anastasio
1855 4262 2190 4333 presbytero,
2214 4278 2277 4319 ex
2307 4261 2518 4319 Joanne
2559 4263 2896 4321 Damasceno
2939 4273 2995 4320 et
3024 4279 3093 4320 ex
3124 4264 3247 4321 aliis
3280 4265 3563 4336 desumpta
3602 4265 3727 4321 fue-

487 4387 636 4448 rant,
667 4379 913 4435 auctiora
949 4379 1163 4444 damus,
1198 4377 1463 4434 beneﬂcio
1489 4376 1795 4433 doctissimi
1830 4377 2259 4448 amicissimique
2284 4379 2387 4433 viri
2436 4377 2718 4435 Michaelis
2766 4378 3003 4450 chuien
3055 4393 3122 4434 ex
3165 4379 3357 4435 ordine
3403 4377 3741 4434 Praedicato-

490 4513 636 4565 rum,
666 4497 760 4568 qui
785 4497 900 4553 haec
931 4510 998 4552 ex
1024 4495 1399 4552 Anastasioret
1428 4510 1495 4551 ex
1527 4493 1736 4552 Joanne
1759 4495 2096 4551 Damasceno
2131 4494 2445 4567 diligentius
2480 4494 2717 4565 collegit.

559 4637 681 4693 Jam
715 4636 806 4692 hic
830 4634 1063 4706 plurima
1084 4633 1435 4704 disquirenda
1458 4642 1620 4701 sunt;
1651 4634 1910 4690 nimirum
1944 4649 2014 4690 an
2040 4634 2130 4690 hic
2157 4633 2387 4704 scriptor
2408 4634 2484 4691 sit
2529 4632 2768 4689 Joannes
2813 4630 3253 4704 Cbrysostomus,
3300 4647 3370 4686 an
3403 4631 3546 4686 alius
3584 4630 3736 4708 [737]

493 4749 586 4820 qui
613 4748 730 4819 ejus
759 4761 959 4802 nomen
985 4744 1346 4810 ementiatur;
1384 4742 1477 4813 qui
1512 4742 1584 4799 sit
1605 4741 1850 4813 epistolae
1879 4756 2079 4813 scopus
2104 4761 2120 4810 ;
2155 4752 2209 4799 et
2237 4742 2369 4813 quid
2395 4742 2735 4800 sentiendum
2767 4743 2840 4800 sit
2865 4743 2932 4798 de
2958 4741 3082 4797 loco
3111 4741 3225 4809 illo,
3255 4740 3349 4811 qui
3381 4741 3527 4797 circa
3556 4752 3736 4796 trans-

493 4863 993 4919 substantiationem
1022 4870 1102 4917 tot
1131 4860 1628 4917 controversiarum
1668 4873 1859 4914 ansam
1892 4858 2061 4914 dedit.

566 5000 725 5068 Quod
769 5003 962 5058 attinet
998 5002 1067 5058 ad
1114 5002 1345 5074 primam
1393 4999 1785 5071 quaestionem,
1830 5008 2010 5054 utrum
2047 5000 2255 5056 scilicet
2276 4999 2389 5054 haec
2414 4998 2641 5070 epistola
2671 4998 2744 5054 sit
2792 5012 2919 5054 vere
2953 4995 3352 5068 Cltrysostomi,
3384 5010 3485 5051 nec
3516 5010 3591 5051 ne
3620 5012 3636 5049 :
3676 5009 3736 5049 ea

494 5128 593 5188 pro
621 5115 999 5186 Cbrysostomi
1021 5117 1133 5172 fetu
1164 5117 1351 5172 habita
1380 5124 1464 5171 est
1493 5130 1525 5170 a
1556 5113 1766 5171 Joanne
1794 5116 2146 5183 Damasceno,
2185 5116 2252 5170 ab
2275 5116 2567 5171 Anastasio
2590 5114 2934 5185 Presbytero,
2959 5128 2993 5167 a
3036 5111 3361 5183 Nicephoro,
3389 5112 3460 5167 ab
3502 5111 3741 5180 aliisque

497 5230 593 5297 qui
621 5230 688 5287 de
715 5233 929 5291 duabus
960 5236 1172 5291 naturis
1202 5236 1588 5308 disputarunt;
1623 5241 1757 5310 quin
1780 5248 1835 5294 et
1862 5238 1979 5309 ipse
2011 5237 2198 5292 titulus
2226 5232 2487 5290 Joannem
2510 5236 2824 5306 episcopum
2873 5230 3558 5301 Constantinopolitanum,
3591 5226 3746 5283 scili-

497 5353 583 5399 cet
608 5344 1079 5423 Chrysostomum,
1115 5361 1393 5408 auctorem
1428 5353 1645 5423 prodit:
1678 5352 1757 5407 sic
1783 5351 1926 5407 enim
1952 5350 2131 5417 habet,
2171 5348 2369 5418 Incipit
2398 5349 2620 5418 epistola
2650 5348 2789 5403 beati
2820 5346 3044 5403 Joannis
3083 5345 3312 5415 episcopi
3354 5342 3745 5398 Constantino-

496 5460 719 5531 politani
766 5462 835 5515 ad
890 5440 1183 5519 Gazam-iam
1229 5470 1543 5523 monac/mm
1592 5478 1816 5536 tempore
1876 5466 2089 5519 secundi
2137 5466 2313 5520 exsilii
2361 5467 2479 5530 sui;
2524 5466 2671 5537 quod
2721 5466 2900 5537 ipsum
2942 5472 3117 5520 totum
3164 5461 3428 5532 repetitur
3480 5458 3538 5513 in
3578 5457 3738 5512 ﬁne:

496 5573 740 5643 Explicit
762 5578 992 5648 epistula
1040 5576 1288 5648 Joannis,
1344 5588 1451 5635 etc.
1496 5582 1649 5637 Nihil
1690 5582 1889 5637 mirum
1942 5596 2071 5650 ergo
2120 5580 2165 5635 si
2213 5578 2526 5636 heterodoxi
2555 5580 2681 5636 hinc
2725 5596 2785 5636 se
2814 5580 3163 5652 praevalidum
3191 5587 3382 5635 contra
3414 5576 3745 5632 catholicam

499 5692 661 5749 fidem
695 5703 1075 5768 argumentum
1108 5697 1344 5753 mutuari
1376 5713 1539 5767 posse
1570 5706 1843 5768 putantes,
1875 5712 1995 5755 eam
2042 5700 2221 5775 quasi
2247 5698 2976 5777 gettuinuthbrysostomi
3009 5697 3207 5766 fetum,
3253 5695 3403 5753 nullo
3454 5693 3742 5767 premisso
