4064 6218
444 207 549 265 747
781 233 800 258 ο
1367 205 1707 265 EPISTOLA
1745 206 1836 261 AD
1869 200 2705 270 CxESARlUl—MONITUM.
3577 213 3681 268 748

441 322 630 391 ὑγείας
668 323 821 393 ὑμῶν
860 324 1361 398 εὐαγγελιζόμεναι.
1406 326 1516 379 Καὶ
1543 324 1652 393 γὰρ
1684 325 1778 378 καὶ
1817 325 2006 395 πόρῤω
2114 324 2297 397 σύνην.
2330 325 2493 380 Ταῦτ’
2518 324 2609 381 οὖν
2633 328 2849 395 εἰδυῖαι,
2882 327 3117 397 συνεχῶς
3148 329 3295 399 ἡμᾶς
3338 327 3685 398 εὐαγγελίζε-

444 412 745 483 καθήμενοι
790 415 1139 488 μεριμνῶμεν
1176 418 1244 470 τὰ
1280 416 1540 488 ὑμέτερα·
1586 416 1690 470 κᾶν
1727 416 2007 486 μάθωμεν,
2117 415 2211 469 σθε
2239 415 2434 482 ταῦτα,
2462 418 2608 489 ἅπερ
2644 416 3019 488 ἐπεθυμοῦμεν
3041 418 3354 489 μανθάνειν,
3384 419 3472 473 ἶνα
3499 419 3594 473 καὶ
3624 423 3681 472 ὲν

443 504 526 558 ὅτι
558 502 801 575 Θορύεων
829 506 985 570 ἐκτός
1005 508 1125 561 ἐστε
1153 508 1247 561 καὶ
1271 511 1511 579 ταραχῆς
1534 507 1628 561 καὶ
1657 507 1725 560 τὰ
1751 507 1879 578 περὶ
1910 509 2010 578 τῆς
2114 509 2321 581 ἐρημίᾳ
2343 508 2707 582 διατρίϐοντες
2746 508 2943 580 πολλὴν
2977 508 3225 564 ἐντεῦθεν
3262 508 3683 583 καρπωσώμεθα.

444 591 665 665 ῥώσεως
695 594 871 665 ὑμῶν,
908 598 970 651 οὗ
1000 597 1099 667 τὴν
1128 597 1395 669 τυχοῦσαν
1433 596 1787 670 καρπούμεθα
1814 597 2009 669 εὐφρο-
2114 598 2210 669 τὴν
2240 597 2601 669 παράκλησιν.

441 1519 720 1585 examine,
749 1517 1094 1589 protulerint.
1130 1516 1442 1576 Harduinus
1470 1523 1630 1578 etiam
1665 1523 1780 1593 ipse
1811 1530 1865 1577 et
1898 1521 2059 1577 titulo
2089 1528 2146 1577 et
2178 1530 2423 1579 veterum
2456 1525 2784 1582 testimoniis
2817 1524 3105 1590 abductus,
3148 1524 3524 1597 Chrysostomi
3559 1541 3689 1584 esse

444 1635 693 1701 putavit;
727 1632 780 1688 id
804 1633 950 1704 quod
973 1632 1075 1704 ipsi
1110 1634 1334 1691 stimulo
1367 1635 1494 1705 fuit,
1538 1645 1597 1693 ut
1634 1639 1829 1710 majori
1855 1648 2076 1705 conatu,
2113 1650 2167 1696 et
2204 1639 2431 1697 feliciori
2465 1643 2611 1698 exitu
2647 1642 3086 1699 adversariorum
3134 1644 3239 1700 tela
3267 1644 3560 1715 depelleret
3599 1659 3687 1699 ar-

444 1758 810 1820 gumentaque
835 1747 1161 1806 confutaret.
1194 1747 1308 1805 Sub
1337 1752 1450 1808 haec
1476 1762 1657 1809 autem
1703 1754 1955 1810 laudatus
1977 1756 2062 1811 vir
2095 1755 2323 1811 Michael
2373 1756 2615 1828 Lequien
2661 1759 2715 1813 in
2772 1757 3163 1815 Dissertatione
3206 1759 3365 1815 tertia
3410 1758 3466 1814 in
3510 1760 3689 1818 fronte

446 1864 681 1936 Operum
709 1866 767 1922 S.
795 1866 1024 1924 Joannis
1045 1867 1365 1925 Damasceni
1396 1869 1568 1940 posita
1600 1886 1654 1940 p.
1692 1870 1905 1926 XLVIII
1926 1881 1980 1927 et
2000 1887 2155 1944 seqq.
2192 1889 2251 1929 se
2275 1875 2401 1944 περὶ
2447 1853 2800 1947 γνησιότητος
2829 1878 3006 1947 operis
3046 1878 3296 1933 dubitare
3343 1875 3681 1933 testiﬁcatus.

444 1981 757 2053 huiusmodi
786 1993 1105 2055 argumenta
1129 1987 1410 2057 proposuit
1435 1987 1504 2042 ad
1531 2003 1652 2043 eam
1683 1989 2072 2059 Chrysostomo
2107 1966 2550 2060 abjudicandam:
2588 1991 2990 2065 Animadvertit
3042 2003 3221 2048 autem
3264 1992 3442 2063 primo
3482 2004 3604 2046 eam
3655 2003 3690 2043 a

444 2103 662 2159 nemine
687 2112 812 2158 ante
839 2101 1125 2158 Leontium
1148 2104 1423 2160 laudatam
1455 2103 1647 2173 fuisse,
1687 2107 1790 2162 etsi
1839 2106 2125 2177 perspicua
2174 2107 2295 2163 loca
2334 2123 2446 2178 prae
2491 2125 2555 2164 se
2598 2108 2734 2165 ferat
2759 2110 3018 2166 adversus
3050 2109 3445 2181 Eutychianos,
3474 2121 3689 2164 necnon

446 2217 609 2272 unius
643 2216 935 2273 voluntatis
969 2225 1023 2272 et
1043 2218 1378 2288 operationis
1409 2229 1751 2278 assertores:
1784 2238 1906 2293 qua:
1926 2237 2058 2278 sane
2084 2222 2203 2279 loca
2239 2239 2346 2279 non
2375 2225 2836 2295 prtetermittenda
2864 2235 3022 2282 erant
3060 2226 3113 2281 in
3148 2225 3383 2297 Synodis
3421 2224 3610 2296 quinta
3637 2233 3691 2277 et

445 2342 618 2398 sexta,
655 2347 761 2387 non
795 2331 865 2387 ab
889 2330 996 2387 illis
1020 2331 1114 2402 qui
1145 2346 1242 2388 eas
1267 2332 1503 2389 haereses
1526 2334 1936 2405 impugnarunt,
1961 2350 2069 2390 non
2101 2350 2133 2390 a
2162 2333 2401 2391 Nestorii
2427 2335 2775 2404 vindicibus;
2799 2346 2855 2393 et
2879 2346 3062 2393 tamen
3107 2338 3289 2392 nullus
3328 2352 3519 2393 eorum
3551 2336 3693 2392 hanc

445 2450 752 2527 epistolam,
785 2451 869 2506 vel
899 2448 1019 2519 ejus
1045 2448 1301 2505 laciniam
1331 2450 1634 2520 quamlibet
1661 2454 2125 2508 commemoravit.
2150 2452 2351 2523 Adjicit
2386 2452 2472 2508 vir
2498 2454 2691 2510 doctus
2733 2454 2834 2509 hos
2869 2453 3126 2525 loquendi
3173 2454 3396 2519 modos,
3428 2453 3582 2520 Quod
3611 2456 3695 2510 iu-

446 2573 653 2642 fernum
688 2578 910 2630 euomuit
945 2578 999 2631 in
1044 2577 1258 2634 Christo
1289 2580 1461 2634 dicere
1505 2597 1667 2635 unam
1704 2591 1950 2665 naturam
1990 2591 2107 2651 post
2160 2582 2499 2636 unitionem?
2525 2589 2581 2637 et
2607 2578 2809 2634 Iterum
2852 2580 3036 2634 dicunt
3065 2595 3085 2632 :
3115 2579 3244 2633 Post
3270 2580 3555 2636 unitionem
3586 2594 3693 2635 non

445 2708 646 2766 oportet
673 2700 845 2756 dicere
873 2702 1006 2757 duas
1037 2711 1281 2768 naturas,
1304 2714 1360 2759 et
1380 2702 1608 2769 similes,
1643 2710 1856 2767 tantum
1904 2701 2153 2772 usurpari
2194 2702 2425 2771 coepisse
2454 2707 2745 2770 postquam
2782 2698 3019 2769 Cyrillus
3056 2696 3457 2752 Alexandrinus
3498 2696 3692 2752 adver-

443 2831 543 2873 sus
562 2816 871 2876 Nestorium
900 2821 1157 2891 scripsit:
1191 2820 1275 2877 Em
1307 2823 1513 2878 duabus
1542 2824 1750 2877 naturis
1775 2822 2097 2892 ineﬂ‘abilem
2133 2823 2421 2875 unitionem
2461 2836 2574 2875 esse
2614 2820 2815 2890 factum
2837 2832 2859 2872 :
2900 2817 3212 2872 dividendus
3256 2832 3361 2871 non
3410 2832 3520 2872 esse
3566 2815 3691 2873 stib-

440 2933 675 2989 stantias
704 2942 823 3001 post
853 2935 1179 3002 unitionem;
1205 2952 1367 2991 unam
1405 2947 1521 3007 post
1553 2937 1841 2991 unitionem
1867 2950 1978 2990 esse
2002 2934 2101 2988 Dei
2139 2933 2294 2989 Verbi
2336 2943 2587 2989 naturam
2609 2934 2963 2999 incarnatam,
2999 2941 3051 2986 et
3072 2940 3361 3002 postquam
3403 2930 3550 2986 circa
3572 2930 3690 2986 haec

444 3049 611 3104 verba
640 3049 1001 3121 digladiantes
1022 3050 1243 3122 plurimi
1288 3064 1356 3105 eo
1394 3049 1755 3114 devenerunt,
1799 3057 1859 3104 ut
1907 3047 2152 3104 dicerent
2194 3048 2369 3119 ipsam
2411 3047 2667 3104 deitatem
2710 3062 2926 3118 passam
2959 3046 3162 3113 fuisse;
3200 3060 3306 3118 qua
3344 3055 3503 3103 aetate
3532 3047 3693 3103 edita:

444 3163 600 3219 fuere
631 3165 1049 3222 dissertationes
1076 3165 1204 3230 illae,
1229 3180 1353 3236 quae
1383 3164 1670 3221 Athanasii
1694 3165 1915 3220 nomine
1959 3165 2422 3221 circumferuntur
2465 3165 2640 3221 Tomo
2680 3165 2921 3222 secundo
2953 3181 3007 3236 p.
3055 3164 3181 3233 560,
3213 3164 3311 3220 56l
3344 3173 3399 3221 et
3426 3181 3605 3239 seqq.,
3632 3166 3695 3225 in

445 3283 646 3352 quibus
669 3283 870 3338 eaedem
895 3280 1065 3339 ferme
1093 3297 1183 3339 res
1216 3283 1584 3354 exagitantur,
1609 3296 1732 3351 quae
1763 3282 1815 3335 in
1858 3280 1960 3337 bac
1986 3280 2215 3351 epistola
2248 3281 2451 3349 passim
2486 3278 2757 3336 feruntur.
2809 3278 3022 3351 Pugnat
3050 3293 3269 3350 quoque
3313 3281 3395 3334 vir
3421 3280 3690 3346 eruditus,

446 3398 589 3455 hanc
611 3399 898 3471 epistolam
936 3414 1042 3455 non
1077 3400 1237 3457 modo
1258 3408 1382 3471 post
1428 3399 1803 3471 Cbrysostomi
1829 3398 2070 3465 obitum,
2116 3399 2211 3456 sed
2253 3398 2419 3455 etiam
2462 3406 2586 3469 post
2626 3396 2962 3453 Nestoriana:
3002 3395 3226 3452 hzeresis
3253 3405 3504 3453 exortum
3544 3396 3685 3455 scri-

444 3527 592 3588 ptam
621 3515 790 3571 fuisse
819 3531 834 3568 :
881 3532 900 3567 ι
927 3511 1065 3569 Nam
1096 3524 1280 3581 antea,
1311 3513 1508 3585 inquit,
1538 3513 1785 3569 auditum
1825 3524 1935 3568 non
1970 3520 2089 3567 erat
2121 3511 2401 3569 Christum
2433 3527 2542 3569 non
2590 3512 2754 3568 modo
2781 3527 2847 3568 ea:
2873 3513 3080 3568 duabus
3118 3514 3352 3579 naturis,
3393 3514 3490 3570 sed
3520 3513 3687 3569 etiam

446 3635 503 3690 in
532 3630 737 3686 duabus
771 3630 1041 3695 exsistere,
1085 3648 1105 3682 ι
1139 3629 1282 3699 quod
1318 3629 1553 3697 primum
1580 3628 1817 3702 Cyrillus
1869 3629 2086 3697 docuit;
2124 3630 2427 3700 deindeque
2463 3630 2717 3702 Synodus
2767 3629 3227 3687 Chalcedonensis
3272 3640 3460 3686 contra
3518 3628 3687 3700 Euty-

446 3749 606 3805 cltem
635 3748 912 3815 deﬁnivit;
945 3764 1068 3820 qua:
1094 3749 1258 3805 etiam
1291 3748 1544 3821 Synodus
1571 3766 1637 3808 ex
1669 3751 1875 3825 Cyrillo
1900 3752 2116 3823 adjecit,
2144 3750 2416 3808 Christum
2443 3752 2732 3823 perfectum
2762 3769 2874 3808 esse
2905 3755 2959 3808 in
2987 3753 3284 3820 divinitate,
3323 3762 3374 3807 et
3402 3752 3688 3822 perfectum

448 3868 505 3918 in
535 3866 904 3941 humanitate;
936 3866 992 3921 in
1018 3866 1248 3937 epistola
1275 3881 1407 3922 vero
1430 3866 1497 3921 ad
1521 3864 1820 3923 Caesarium
1847 3865 2043 3935 legitur
2071 3881 2085 3917 :
2113 3866 2511 3935 Agnoscendum
2535 3881 2648 3920 esse
2680 3865 2887 3919 Filium
2915 3882 3017 3921 non
3048 3866 3105 3920 in
3131 3882 3239 3920 una
3266 3865 3440 3919 solum
3466 3878 3687 3931 natura,

444 3982 536 4036 sed
566 3983 620 4036 in
648 3983 854 4038 duabus
877 3984 1145 4055 perfectis.
1178 3981 1483 4039 Notandum
1519 3992 1699 4039 tamen
1728 3994 1814 4040 est
1838 3985 2195 4041 Athanasium
2222 3984 2387 4039 Libro
2410 3983 2586 4052 primo
2617 3991 2807 4038 contra
2846 3982 3244 4053 Apollinarium
3274 3981 3482 4039 dixisse
3524 3980 3693 4039 Chri-

445 4108 591 4153 stum
617 4112 741 4154 esse
764 4098 1067 4169 perfectum
1100 4078 1275 4152 Deum,
1296 4106 1351 4151 et
1387 4097 1684 4168 perfectum
1708 4097 2008 4153 hominem.
2044 4096 2241 4152 Verum
2264 4095 2391 4151 licet
2423 4095 2506 4150 hae
2527 4109 2711 4160 voces,
2743 4094 2959 4161 ἒνωσις,
2990 4096 3187 4162 unitio,
3214 4106 3270 4151 et
3296 4097 3417 4152 duae.
3449 4098 3503 4151 in
3526 4094 3693 4152 Chri-

445 4225 533 4271 sto
574 4224 784 4270 naturae
824 4213 1097 4286 perfectae,
1142 4228 1250 4268 non
1296 4214 1493 4284 ignotae
1549 4229 1777 4284 prorsus
1806 4212 2013 4269 fuerint
2062 4220 2189 4268 ante
2225 4210 2602 4283 Cbrysostomi
2654 4225 2853 4275 aevum,
2880 4219 3089 4267 certum
3129 4220 3309 4267 tamen
3340 4222 3423 4269 est
3453 4227 3549 4269 eas
3582 4229 3689 4269 non

445 4334 618 4391 fuisse
638 4335 713 4389 ita
734 4332 1003 4405 frequenti
1028 4349 1130 4390 usu
1166 4343 1433 4405 receptas,
1458 4345 1517 4390 ut
1545 4334 1770 4389 fuerunt
1798 4332 2132 4404 temporibus
2155 4330 2389 4389 Nestorii
2419 4340 2477 4390 et
2500 4330 2793 4403 Eutychis;
2822 4342 2986 4401 atque
3008 4333 3147 4388 adeo
3184 4330 3363 4388 videri
3385 4333 3530 4390 hunc
3556 4336 3699 4390 εστὶ-ι

445 4458 682 4518 ptorem,
712 4448 806 4519 qui
836 4447 943 4505 illis
967 4450 1172 4519 passim
1199 4451 1390 4518 utitur,
1441 4450 1496 4505 in
1543 4449 1687 4506 istud
1731 4464 1905 4504 aevum
1950 4447 2340 4506 conferendum
2383 4462 2523 4503 esse.
2568 4446 2746 4503 Movet
2778 4446 2906 4502 item
2949 4461 3061 4501 rev.
3100 4455 3314 4518 patrem
3341 4447 3603 4518 Lequien,
3632 4456 3695 4501 ut

447 4570 736 4640 epistolam
767 4573 1162 4644 Chrysostomo
1199 4569 1494 4640 abjudicet,
1525 4569 1669 4641 quod
1695 4570 1752 4624 in
1784 4584 1849 4625 ea
1885 4569 2100 4624 dicatur
2133 4588 2146 4623 :
2190 4568 2252 4624 Si
2281 4568 2422 4623 enim
2469 4566 2638 4622 Deum
2673 4567 2873 4622 dixeris
2901 4565 3180 4636 pertulisse
3218 4565 3569 4638 qualicunque
3595 4578 3695 4621 co-

447 4684 722 4755 gitatione.
744 4686 883 4756 quod
912 4682 1234 4754 impossibile
1262 4691 1336 4737 est
1370 4682 1556 4737 dixisti
1585 4702 1604 4737 .'
1632 4684 1687 4737 id
1723 4683 1861 4754 quod
1891 4682 2250 4752 blasphemum
2281 4693 2359 4738 est
2382 4691 2430 4735 et
2461 4682 2722 4748 immane;
2771 4697 2897 4737 nam
2941 4682 3045 4739 etsi
3084 4682 3191 4738 hoc
3235 4683 3486 4754 loquendi
3518 4697 3689 4754 genus

445 4799 632 4869 aliquo
656 4799 817 4856 modo
846 4799 1128 4855 tolerabile
1149 4814 1273 4856 esse
1298 4800 1594 4868 videretur,
1624 4815 1733 4871 quo
1756 4809 1999 4871 tempore
2038 4815 2128 4858 res
2154 4800 2396 4857 nondum
2442 4800 2662 4857 deﬁnita
2711 4809 2850 4865 erat,
2891 4801 3081 4856 multis
3121 4801 3562 4857 existimantibus
3600 4800 3688 4856 id-

445 4910 627 4982 ipsum
656 4924 777 4967 esse
813 4911 993 4966 dicere
1021 4908 1185 4965 Deum
1220 4924 1461 4979 passum,
1489 4926 1555 4966 ac
1582 4925 1798 4981 passam
1828 4911 2083 4967 deitatem
2120 4930 2134 4965 :
2168 4920 2401 4966 attamen
2437 4911 2522 4966 his
2558 4909 2783 4966 adversa
2808 4910 2971 4965 tradit
2996 4910 3423 4982 Cltrysostomus
3441 4913 3687 4983 plurimis

446 5025 501 5081 in
526 5025 681 5081 locis.
709 5024 836 5081 ilice
856 5040 977 5096 qum
1002 5025 1139 5081 scite
1167 5024 1455 5081 observata
1485 5034 1635 5092 sunt,
1662 5024 1911 5095 pluribus
1956 5008 2315 5095 prosequitur
2347 5023 2598 5079 laudatus
2628 5024 2716 5080 ille
2744 5026 2848 5091 vir,
2882 5036 2936 5082 et
2982 5027 3090 5081 alia
3125 5026 3296 5082 multa
3332 5026 3538 5097 adjicit,
3570 5043 3691 5098 que

446 5141 667 5213 longum
693 5150 840 5200 esset
861 5157 1162 5201 recensere.

462 5354 467 5361 ι
516 5278 653 5335 Aliis
680 5282 814 5337 item
848 5282 1162 5341 nominibus
1187 5283 1303 5339 haec
1334 5284 1563 5355 epistola
1596 5283 1822 5339 omnino
1850 5281 1983 5338 mihi
2007 5283 2191 5355 spuria
2211 5297 2332 5341 esse
2362 5281 2595 5338 videtur.
2621 5281 2671 5337 Is
2697 5282 2765 5337 ad
2799 5297 2962 5353 quem
2996 5284 3274 5352 scribitur,
3302 5292 3388 5341 est
3414 5284 3689 5343 Caesarius

444 5397 771 5463 monachus,
799 5398 893 5469 qui
918 5398 1127 5469 jamdiu
1152 5416 1262 5456 una
1301 5416 1424 5457 cum
1455 5401 1697 5472 epistolae
1726 5401 1991 5473 scriptore
2018 5400 2159 5455 idem
2200 5399 2510 5455 institutum
2555 5398 2679 5454 vita:
2716 5408 3001 5467 tenuerat,
3045 5415 3240 5472 nempe
3284 5404 3687 5473 monasticum;

445 5529 575 5570 nam
607 5515 739 5571 illud
769 5516 1078 5589 signiﬁcant
1101 5520 1215 5576 haec
1239 5520 1401 5577 verba
1432 5521 1594 5591 paulo
1622 5528 1746 5591 post
1773 5519 1990 5576 initium
2019 5519 2264 5591 epistolae
2292 5538 2306 5575 :
2356 5517 2725 5574 Verumtamen
2767 5534 2860 5574 nos
2896 5518 3231 5575 recordantes
3265 5528 3372 5577 ture
3420 5523 3686 5578 nobiscum

445 5635 878 5704 conversationis,
919 5636 1016 5709 τῆς
1047 5639 1144 5711 σῆς
1175 5639 1293 5711 μεθ’
1322 5641 1479 5713 ἡμῶν
1510 5613 1804 5712 πολίτειας,
1836 5643 1950 5701 haec
1974 5644 2050 5700 hat

2086 5645 2117 5700 d
2151 5644 2315 5701 dubie
2339 5642 2526 5703 Graeca
2560 5652 2735 5713 erant,
2772 5640 2971 5718 quibus
3003 5639 3339 5713 signiﬁcatur
3375 5640 3543 5711 hujus
3571 5638 3685 5709 epi-
