4064 6218
474 178 580 234 749
1165 188 1219 236 ς.
1262 175 1547 234 ΙΟΑΝΝΙΞ
1583 173 2064 232 CHRYSOSTOMI

2126 175 2420 232 iRClllEP.
2461 174 3017 233 CONSTAIVTINOP.
3627 186 3731 243 750

474 329 626 387 stolae
653 326 972 397 scriptorem
1008 319 1245 390 idipsum
1274 319 1582 380 institutum
1622 321 1744 376 vita:
1774 321 2034 386 tenuisse,
2067 321 2212 390 quod
2256 321 2526 378 Carsarius
2566 323 2958 393 proﬁtebatur,
2983 338 3186 396 nempe
3234 330 3645 409 monasticum;
3686 337 3734 390 id

476 453 542 503 de
570 447 961 516 Chrysostomo
993 445 1214 514 quidem
1244 441 1350 496 dici
1378 449 1582 513 posset,
1613 455 1705 510 qui
1729 439 1944 509 juvenis
1971 439 2113 494 inter
2136 440 2430 496 monachos
2470 442 2814 505 versabatur,
2861 451 2915 496 et
2945 442 3247 498 asceticam
3291 445 3464 501 vitam
3496 450 3734 519 agebat:

476 567 570 622 sed
597 583 664 620 an
690 563 983 620 verisimile
1002 570 1105 626 est,
1147 559 1193 614 si
1239 573 1363 613 cum
1395 559 1634 612 Caesario
1673 557 1840 612 vitam
1886 557 2242 611 monasticam
2280 557 2472 628 egerit,
2519 558 2611 628 qui
2656 558 2933 613 Caesarius
2965 559 3035 614 ad
3070 574 3247 629 usque.
3277 566 3588 620 secundum
3621 569 3737 638 ejus

474 681 724 736 exsilium
755 685 1034 746 superstes
1063 673 1245 738 fuerit,
1277 673 1486 742 ipsique
1511 671 1716 726 litteras
1743 671 1982 726 scribere
2005 670 2526 734 consueverit,illius
2559 679 2742 724 tamen
2770 685 3044 740 nusquam
3077 669 3235 744 [738]
3269 677 3608 733 mentionem
3643 680 3737 733 ha-

475 795 706 851 bendam
741 792 877 856 fore,
901 791 986 846 vel
1026 791 1082 845 in
1116 789 1392 860 Epistolis,
1417 787 1502 843 vel
1521 788 1577 842 in
1600 787 1721 843 Vita
1748 785 2156 856 Chrysostomi;
2185 793 2330 841 certe
2350 786 2475 841 hinc
2497 785 2610 856 jam
2639 786 2830 841 nescio
2857 799 2981 858 quae
3020 787 3269 856 suspicio
3297 791 3566 846 nascitur.
3608 794 3734 866 Sty-

476 910 564 966 lus
589 911 788 964 mirum
820 916 1084 979 quantum
1121 923 1148 961 a
1181 903 1558 978 Chrysostomi
1590 903 1801 959 dicendi
1836 917 2028 972 genere
2064 902 2314 967 alienus;
2368 902 2514 972 quod
2563 919 2710 958 nunc
2753 903 2973 962 facilius
3006 906 3464 976 deprehenditur,
3509 926 3640 966 cum
3671 928 3734 968 ex

479 1027 684 1083 Grazcis
721 1027 876 1094 longe
901 1023 1058 1094 plura
1091 1035 1254 1092 quam
1280 1029 1436 1074 antea
1475 1017 1858 1088 publicantur:
1900 1017 1989 1071 hic
2027 1018 2209 1071 omnia
2244 1017 2588 1087 peregrinum
2628 1018 2800 1084 olent,
2842 1035 2947 1076 nec
2983 1021 3071 1076 vel
3111 1022 3413 1078 minimum
3449 1026 3733 1096 quidpiam

479 1149 820 1214 observatur,
845 1146 989 1217 quod
1017 1145 1465 1216 Chrysostomum
1501 1141 1708 1210 sapiat;
1738 1141 1811 1194 ita
1857 1148 1915 1194 ut
1941 1139 2034 1208 qui
2057 1155 2124 1194 ex
2160 1139 2282 1194 aliis
2320 1139 2536 1209 scriptis
2564 1149 2619 1195 et
2636 1141 2887 1210 epistolis
2913 1143 3299 1214 Chrysostomi
3334 1149 3403 1203 ad
3435 1150 3582 1206 hanc
3620 1152 3734 1220 epi-

480 1268 676 1323 stolam
725 1281 783 1322 se
821 1264 1085 1329 conferat,
1141 1263 1197 1317 in
1248 1262 1415 1316 alium
1451 1276 1510 1315 se
1562 1259 1749 1314 orbem
1804 1258 2126 1312 translatum
2179 1266 2350 1329 putet.
2400 1257 2535 1324 Quis
2591 1259 2735 1328 apud
2783 1259 3246 1331 Chrysostomum
3276 1264 3415 1319 vidit
3444 1267 3733 1339 τηλαυγῶς

480 1385 852 1457 διαγορεῦσαι,
908 1383 1031 1452 quis
1075 1382 1248 1436 ταῦτα
1301 1383 1683 1453 κατηγορεῖται
1712 1380 1843 1436 vidit
1886 1380 1993 1436 hoc
2030 1394 2085 1436 se

2122 1384 2215 1447 su,
2263 1379 2379 1437 hac.
2401 1380 2813 1450 pradicautur?
2844 1380 2950 1438 U‘bi
2991 1394 3101 1439 tam
3143 1383 3373 1454 jejunus
3412 1397 3598 1443 orator
3625 1390 3727 1446 fuit

480 1502 929 1570 Chrysostomus,
960 1511 1082 1551 cum
1112 1495 1178 1550 de
1207 1495 1357 1552 socio
1382 1495 1512 1549 olim
1549 1504 1601 1548 et
1622 1493 1996 1549 contubernali
2021 1494 2088 1549 ad
2119 1509 2308 1550 sanam
2337 1505 2571 1550 mentem
2610 1496 2922 1552 reducendo
2958 1501 3262 1568 ageretur!
3298 1503 3726 1573 Argumentandi

482 1623 655 1682 genus
685 1605 1059 1678 Chrysostomi
1096 1605 1272 1660 elucet
1301 1606 1354 1658 in
1385 1602 1726 1658 orationibus
1755 1612 1944 1658 contra
1970 1603 2264 1659 Anomaaos
2288 1613 2342 1659 et
2367 1614 2556 1659 contra
2596 1604 2857 1664 Judaeos:
2906 1625 3004 1664 eas
3055 1611 3248 1668 confer
3301 1629 3428 1670 cum
3475 1617 3578 1673 hac
3610 1621 3723 1688 epi-

481 1735 617 1790 stola
637 1773 652 1797 ,
683 1742 736 1786 et
760 1730 944 1785 statim
978 1727 1284 1797 conspicies
1311 1733 1573 1796 quantum
1600 1723 1674 1778 sit
1714 1724 1856 1778 inter
1889 1725 2029 1779 hanc
2056 1733 2109 1778 et
2147 1725 2268 1780 illas
2313 1725 2627 1782 discrimen.
2673 1727 2771 1784 Illis
2804 1732 3093 1799 perpensis
3134 1734 3431 1804 epistolam
3459 1743 3526 1797 ad
3553 1745 3732 1801 Caesa-

482 1851 626 1907 rium
656 1849 1028 1922 Chrysostomi
1056 1863 1178 1904 esse
1211 1861 1491 1916 nunquam
1515 1845 1864 1909 crediderim,
1893 1845 1986 1900 sed
2016 1845 2196 1916 potius
2217 1846 2524 1916 cujuspiam
2559 1849 2654 1918 qui
2681 1849 3143 1922 Chrysostomum
3169 1863 3469 1918 ementitus
3496 1865 3592 1920 sit.

552 1995 687 2062 Quis
714 2010 841 2049 vero
873 1993 944 2049 sit
972 1992 1080 2057 ille,
1106 1989 1202 2059 qui
1232 1989 1372 2044 hanc
1400 1986 1686 2058 epistolam
1715 1987 2108 2058 Chrysostomo
2137 1987 2448 2058 adscripsit,
2477 1988 2742 2044 incertum
2780 1994 3030 2048 omnino.
3065 1995 3197 2066 Ejus
3236 2008 3422 2056 autem
3459 2003 3738 2062 mittenda:

483 2115 701 2171 occasio
732 2128 796 2168 ea
829 2112 950 2179 fuit,
978 2119 1072 2167 aut
1097 2125 1160 2166 ea
1185 2125 1310 2166 esse
1337 2108 1647 2171 simulatur,
1686 2122 1807 2177 quae
1828 2106 1984 2162 initio
2012 2105 2258 2176 epistolae
2295 2115 2591 2162 narratur:
2638 2108 2854 2164 oblatus
2906 2108 3086 2166 fuerat
3121 2113 3366 2168 Caesarie
3407 2116 3739 2186 Apollinarii

486 2232 642 2297 liber,
668 2245 776 2299 quo
802 2229 1037 2299 perlecto
1071 2243 1248 2298 usque
1269 2225 1405 2282 adeo
1426 2225 1546 2294 ejus
1577 2224 1821 2280 doctrina
1847 2232 2124 2294 permotus
2143 2232 2246 2286 est.
2288 2232 2346 2278 ut
2369 2223 2595 2294 gratiam
2625 2223 2846 2280 haberet
2874 2226 2943 2282 iis
2989 2229 3084 2297 qui
3133 2229 3333 2284 librum
3378 2233 3484 2286 sibi
3524 2234 3739 2291 obtule-

487 2357 632 2412 rant,
657 2356 710 2402 et
739 2347 935 2401 librum
966 2345 1231 2416 Optimum
1257 2359 1381 2400 esse
1401 2343 1722 2414 praedicaret
1747 2342 1910 2397 etiam
1937 2341 1992 2395 in
2028 2341 2255 2411 epistola
2287 2340 2396 2408 illa,
2447 2354 2612 2409 quam
2651 2339 2719 2393 ad
2761 2339 3028 2397 Joannem
3080 2358 3148 2420 se
3180 2346 3398 2402 misisse
3449 2350 3737 2406 conﬁnxit.

487 2471 603 2526 Non
634 2471 832 2524 desunt
852 2466 953 2522 viri
981 2465 1147 2531 docti,
1182 2466 1276 2536 qui
1302 2472 1493 2534 putent
1533 2464 1675 2519 hanc
1709 2463 1992 2532 epistolam
2045 2477 2153 2518 non
2191 2473 2378 2518 contra
2418 2463 2836 2532 Apollinaristas
2878 2465 3140 2534 scriptam
3181 2465 3377 2532 fuisse,
3418 2471 3517 2524 sed
3547 2481 3742 2526 contra

487 2582 881 2655 Eutychiauos,
907 2594 1088 2651 exque
1104 2579 1422 2650 conjectura
1451 2559 1659 2632 tantum
1691 2578 1780 2633 hic
1801 2577 1927 2643 dici,
1959 2577 2159 2632 librum
2193 2577 2262 2631 de
2302 2591 2410 2646 quo
2447 2577 2535 2631 hic
2564 2577 2743 2647 agitur
2770 2577 3094 2647 Apollinarii
3127 2578 3298 2636 fuisse
3335 2599 3350 2634 :
3394 2598 3526 2637 nam
3570 2585 3740 2654 Apol-

490 2703 741 2763 linarius,
790 2697 1076 2769 inquiunt,
1127 2710 1409 2766 nunquam
1449 2693 1586 2749 dixit
1627 2709 1694 2750 ex
1736 2693 1946 2747 duabus
1985 2692 2197 2748 naturis
2239 2705 2400 2745 unam
2447 2689 2642 2745 factam
2676 2707 2799 2747 esse
2839 2701 3094 2748 naturam
3137 2703 3261 2763 post
3304 2697 3635 2754 unitionem.
3664 2702 3742 2755 Ac

491 2816 625 2871 nihil
653 2824 799 2871 certe
826 2812 977 2888 dubii
1007 2821 1110 2877 est,
1139 2811 1227 2866 hic
1248 2810 1316 2865 de
1349 2809 1669 2880 Apollinarii
1718 2808 1859 2862 libro
1892 2807 1977 2878 agi
2017 2815 2073 2861 et
2116 2805 2622 2876 Apollinaristarum
2669 2805 2975 2861 doctrinam
3015 2808 3224 2877 impeti.
3255 2809 3399 2866 Nam
3441 2824 3505 2869 ut
3548 2819 3739 2872 omnia

490 2931 797 2988 minutatim
844 2945 1257 3000 persequamur,
1305 2941 1427 2996 qua:
1477 2925 1632 2980 initio
1658 2925 1903 2995 epistola}
1930 2923 2186 2978 dicuntur
2223 2924 2277 2978 in
2311 2923 2452 2978 libro
2496 2921 2816 2991 Apollinarii
2845 2923 3130 2991 praedicari
3153 2927 3468 3000 συνδρομὴν
3499 2932 3740 3004 οὐσιώδη

491 3045 584 3098 καὶ
619 3043 763 3114 μίξιν
793 3040 1084 3095 θεσπεσίαν
1112 3040 1443 3110 γεγενῆσθαι
1472 3040 1724 3110 θεότητός
1749 3057 1811 3093 τε
1844 3041 1939 3094 καὶ
1970 3039 2192 3111 σαρκὸς,
2226 3038 2353 3109 μίαν
2381 3055 2439 3093 τε
2486 3037 2734 3091 ἐντεῦθεν
2779 3038 3210 3112 ἀποτελεσθῆναι
3251 3043 3418 3113 φύσιν
3449 3065 3464 3101 :
3505 3047 3742 3104 Concur-

491 3176 605 3217 runt
639 3159 970 3216 «satiatem
1000 3169 1050 3214 et
1077 3159 1376 3213 mixtionem
1415 3158 1644 3211 divinant
1667 3157 1864 3224 factum
1884 3172 1997 3210 esse
2021 3155 2315 3210 dirinitatis
2342 3165 2391 3210 et
2440 3157 2636 3216 carnis.
2669 3167 2717 3209 et
2745 3156 2866 3208 hinc
2886 3174 3052 3211 unum
3077 3159 3263 3228 perfici
3298 3172 3573 3228 naturam,
3599 3165 3738 3228 haec,

492 3281 739 3348 inquam,
767 3277 1041 3344 ipsissima
1071 3276 1184 3332 fere
1211 3275 1374 3330 verba
1407 3282 1536 3331 sunt
1561 3274 1904 3344 Apollinarii,
1945 3274 2127 3344 qualia
2155 3271 2464 3328 referuntur
2492 3272 2559 3327 ab
2584 3271 2834 3343 Eulogio,
2865 3274 3008 3344 apud
3040 3276 3302 3333 Photium
3327 3294 3448 3350 cap.
3472 3281 3738 3350 CCXXX,

493 3417 545 3473 p.
567 3402 708 3481 διε),
736 3413 984 3472 excerpta
1017 3415 1083 3457 ex
1118 3401 1255 3456 libro
1285 3398 1605 3473 Apnllinarii
1635 3397 1698 3452 de
1727 3395 2098 3452 Incomtione

2137 3413 2148 3451 .'
2181 3397 2228 3451 ὣ
2255 3399 2414 3469 καινὴ
2444 3398 2620 3461 κτίσις
2640 3440 2656 3463 ,
2687 3399 2781 3452 καὶ
2813 3397 2959 3468 μίξις
2988 3399 3277 3454 θεσπεσίαο
3305 3401 3438 3464 Θεὸς
3465 3403 3557 3454 καὶ
3589 3403 3742 3472 σὰρξ

493 3518 622 3589 μίαν
649 3515 981 3574 ἀπετέλεσαν
1010 3520 1170 3589 φύσιν
1203 3536 1216 3572 :
1257 3520 1302 3576 0
1329 3537 1462 3575 noro
1493 3491 1810 3574 creatura-et
1838 3513 2018 3573 dicina
2055 3534 2098 3570 nt

2135 3516 2281 3571 ﬂio!
2313 3513 2453 3571 Delta
2479 3524 2531 3570 et
2553 3530 2676 3570 caro
2720 3531 2880 3571 unum
2924 3515 3206 3583 perﬁciunt
3250 3527 3513 3571 naturam.
3567 3518 3740 3586 Quod

492 3636 669 3706 ipsum
701 3633 864 3691 refert
897 3634 1234 3704 Ephrtemius
1261 3633 1632 3689 Antiochenus
1661 3634 1716 3688 in
1746 3632 2003 3688 Biblioth.
2035 3631 2211 3686 Photii
2239 3647 2359 3703 cap.
2394 3630 2676 3697 CCXXIX,
2708 3649 2763 3704 p.
2798 3634 2921 3688 787.
2957 3629 3078 3690 Jam
3129 3632 3262 3708 quis
3325 3647 3488 3710 neget
3520 3639 3576 3695 in
3609 3641 3738 3712 epi-

491 3752 631 3809 stola
659 3749 878 3806 Caesarii
910 3749 978 3806 de
1011 3748 1113 3806 hoc
1142 3748 1463 3820 Apollinarii
1497 3748 1637 3804 libro
1671 3747 1804 3817 agi?
1830 3747 2038 3803 Caetera
2064 3761 2282 3820 quoque
2309 3747 2485 3817 capita
2517 3762 2900 3805 recenseamus
2929 3769 2943 3804 :
2992 3754 3297 3810 secundum
3326 3755 3737 3827 Apollinarium

491 3882 546 3927 et
574 3870 1008 3941 Apollinaristas,
1041 3879 1102 3924 ut
1129 3869 1182 3924 in
1220 3869 1320 3924 hac
1345 3869 1573 3938 epistola
1600 3867 1798 3923 dicitur
1829 3877 1983 3937 :poat
2021 3868 2312 3922 tuitionem
2340 3885 2442 3922 non
2471 3870 2741 3938 oportebat
2769 3871 2940 3926 dicere
2984 3884 3209 3930 natura:
3255 3879 3415 3932 dua.
3463 3879 3741 3938 Dicebant

489 3987 653 4042 etiam
684 3986 1101 4058 Apollinaristaz,
1137 4006 1157 4040 ι
1197 3986 1538 4042 Dominicum
1581 4002 1781 4057 corpus
1829 4001 1938 4041 non
1980 4002 2103 4043 esse
2153 4001 2342 4042 verum
2391 4003 2611 4059 corpus,
2652 3988 2783 4059 quia
2824 4004 3152 4047 conversum
3193 3994 3394 4050 eratin
3424 3995 3737 4054 deitatem:

488 4100 806 4158 Passionem
837 4104 1109 4159 divinitati
1159 4105 1561 4174 excogitahaut.
1612 4125 1632 4159 ι
1676 4105 1937 4162 Dicebant
1982 4121 2231 4177 quoque,
2264 4125 2286 4160 ι
2322 4106 2609 4162 Dominum
2652 4107 2837 4164 Jesum
2872 4123 3037 4165 carne
3083 4122 3272 4167 nostra
3308 4114 3598 4181 amictum,
3637 4117 3742 4173 sed

493 4211 811 4269 inanimata.
849 4231 869 4266 ι
902 4215 968 4271 lli
994 4226 1155 4271 erant
1184 4216 1504 4286 Apollinarii
1536 4226 1592 4272 et
1620 4217 2153 4287 Apollinaristarum,
2195 4220 2290 4289 qui
2321 4218 2652 4291 Synusiastae
2695 4221 3052 4289 vocabantur,
3099 4239 3358 4292 errores;
3406 4227 3446 4282 ii
3491 4244 3632 4284 vero
3666 4247 3740 4286 ex

488 4357 656 4412 supra
684 4341 849 4408 allato
876 4340 1194 4411 Apollinarii
1224 4340 1346 4396 loco
1377 4339 1851 4410 consequebantur
1878 4359 1894 4395 :
1925 4355 2052 4394 nam
2081 4341 2210 4410 quia
2235 4341 2535 4396 secundum
2559 4342 2953 4412 Apollinarium
2984 4359 3081 4412 per
3103 4347 3550 4403 commixtionem
3583 4349 3742 4404 diri-

489 4471 619 4511 nam
647 4456 793 4514 Deus
819 4467 876 4514 et
905 4472 1036 4514 caro
1069 4473 1234 4512 uuam
1269 4456 1617 4528 perﬁciebant
1645 4467 1919 4519 naturam,
1957 4457 2084 4510 hinc
2115 4455 2447 4526 sequebatur
2475 4465 2598 4526 post
2627 4457 2925 4514 unitioncm
2955 4474 3066 4515 non
3099 4470 3350 4530 oportere
3379 4462 3520 4520 duas
3544 4465 3742 4522 dicere

489 4581 756 4640 naturas;
792 4574 1035 4630 divinum
1061 4589 1262 4644 corpus
1289 4588 1400 4627 non
1432 4588 1554 4628 esse
1583 4588 1774 4628 verum
1807 4587 2028 4642 corpus,
2063 4573 2192 4642 quia
2211 4587 2534 4628 conversum
2559 4583 2678 4628 erat
2702 4574 2756 4628 in
2801 4574 3094 4643 deitatem;
3126 4578 3367 4634 divinam
3412 4583 3592 4652 ipsam
3631 4601 3743 4639 na-

490 4705 667 4746 turam
702 4707 798 4746 seu
830 4689 1167 4746 divinitatem
1197 4688 1438 4760 passioui
1467 4704 1590 4744 esse
1621 4687 1954 4753 obnoxiam;
1983 4702 2203 4743 carnem
2236 4687 2437 4745 Christi
2468 4691 2648 4745 anima
2674 4705 2798 4746 esse
2827 4691 3066 4748 humana
3106 4709 3359 4763 vacuam,
3393 4699 3528 4767 quia
3575 4698 3742 4758 Deus

487 4816 542 4860 et
569 4823 699 4862 caro
725 4822 889 4862 unam
922 4805 1272 4878 perﬁciebant
1297 4813 1571 4860 naturam.

557 4939 670 4993 llos
694 4941 858 4994 etiam
890 4939 1418 5010 Apollinaristarum,
1446 4954 1542 4994 seu
1581 4938 1981 4992 συνουσιαστῶν
2016 4954 2233 4996 errores
2261 4947 2692 4995 commemorant
2719 4938 3070 5003 Athanasius,
3102 4939 3401 5011 Gregorius
3431 4941 3746 5002 Nazianle.

486 5068 611 5115 nus.
644 5065 700 5109 et
728 5054 1085 5126 Epiphanius,
1112 5057 1208 5128 qui
1235 5067 1545 5128 postremus
1577 5071 1788 5112 necnon
1816 5068 1870 5111 ct
1897 5055 2136 5113 Joannes
2165 5058 2537 5113 Damascenus
2568 5057 2636 5113 de
2654 5055 2995 5120 Haresihus,
3035 5073 3091 5127 p.
3126 5057 3218 5121 ω,
3254 5059 3598 5130 διμιρξτας,
3631 5062 3743 5116 Di-

486 5169 737 5234 mrn‘tas,
762 5171 886 5226 illos
918 5181 1134 5227 vocant.
1159 5171 1335 5243 Hujus
1377 5188 1505 5228 vero
1551 5172 1926 5242 appellationis
1964 5187 2186 5226 causam
2231 5174 2404 5242 aperit
2437 5171 2731 5242 Gregorius
2777 5170 3158 5228 Nazianzenus
3188 5172 3340 5227 Orat.
3385 5173 3481 5237 ιδ.
3511 5191 3572 5245 p.
3599 5177 3746 5243 722,

486 5297 610 5337 eum
644 5284 720 5338 ait
753 5301 954 5358 corpus
985 5298 1040 5344 et
1063 5290 1302 5344 animam
1328 5305 1452 5345 esse
1486 5291 1542 5344 in
1573 5290 1794 5344 Christo
1825 5289 1887 5342 τὸ
1919 5290 2290 5360 τριτημόριον,
2325 5290 2537 5342 tertiam
2563 5300 2787 5351 partem.
2814 5289 3216 5359 Apollinarisu
3238 5289 3440 5360 quippe
3477 5291 3738 5354 aiebant,

491 5404 544 5456 in
572 5403 790 5460 Christo
817 5418 1025 5477 partem
1051 5425 1216 5466 unam
1245 5410 1502 5477 hominis,
1527 5409 1652 5464 γοῦν
1685 5410 1912 5473 scilicet,
1934 5425 2030 5464 seu
2063 5419 2306 5472 mentem,
2332 5424 2364 5462 a
2386 5405 2566 5463 Verbo
2595 5408 2858 5478 suppleri,
2892 5406 3182 5478 solumque
3200 5405 3440 5462 Verbum
3467 5407 3738 5476 junctum

494 5522 707 5590 corpori
741 5529 794 5576 et
820 5520 1016 5576 animae
1043 5525 1260 5593 (nempe
1289 5524 1581 5588 sensitive,
1609 5533 1669 5576 ut
1705 5521 2025 5578 dictitabant
2052 5521 2156 5592 illi)
2182 5530 2358 5578 totum
2391 5523 2732 5578 constituere
2761 5521 3059 5580 Christum.
3095 5522 3464 5590 Quamobrem
3493 5538 3626 5579 cum
3659 5537 3737 5578 ex
