4064 6218
386 441 490 508 15t
1329 451 1662 508 EPISTULA
1699 451 1791 505 AD
1827 448 2225 507 CESARIUM.
2264 481 2333 492 -
2383 448 2719 507 MONITUM.
3519 453 3627 509 752

387 585 795 643 Catholicorum
823 587 1089 642 sententia
1117 588 1288 643 tribus
1315 596 1594 644 constaret
1623 586 1897 651 Christus,
1933 586 2107 644 Verbo
2147 589 2372 655 scilicet,
2396 599 2574 644 mente
2601 589 2863 654 humana,
2890 597 2945 643 et
2979 602 3206 659 corpore
3238 589 3498 657 animato,
3527 591 3624 662 qui

393 715 556 754 unam
596 715 663 755 ex
697 699 808 754 illis
835 699 1118 754 demerent
1161 709 1392 768 partem,
1429 707 1664 754 mentem
1696 698 1972 756 scilicet.a
2012 699 2224 755 duabus
2256 700 2376 756 aliis
2433 716 2556 770 qua:
2592 710 2930 772 supererant,
2965 701 3259 772 διμοιρῖται
3289 703 3619 763 audiebant:

395 828 516 868 nam
539 813 784 885 δίμοιρον
804 813 1006 871 Graecis
1033 823 1118 871 est
1141 814 1260 870 duae
1289 811 1452 868 totius
1489 823 1688 885 partes,
1718 814 1877 884 cujus
1906 815 2316 884 signiﬁcationis
2344 818 2590 888 exempla
2621 819 2820 889 saepius
2853 818 3133 874 advertere
3159 827 3242 874 est
3266 821 3324 875 in
3351 820 3628 877 Analectis’

391 937 595 992 nostris
628 952 680 1007 p.
712 935 818 992 519
841 945 896 992 et
915 952 1068 1008 seqq.

457 1071 595 1125 Cum
630 1071 734 1128 hac
766 1070 934 1140 igitur
982 1071 1209 1141 epistola
1253 1081 1559 1127 consonant
1607 1084 1694 1137 ea,
1720 1085 1843 1140 qua:
1895 1069 2228 1127 Athanasius
2269 1071 2325 1126 in
2374 1073 2601 1142 epistola
2647 1073 2713 1128 ad
2765 1071 3070 1143 Epictetum
3100 1074 3166 1130 de
3196 1076 3623 1145 Apollinaristis,

388 1183 556 1238 tacito
585 1191 766 1238 tamen
795 1184 1038 1249 nomine,
1065 1184 1217 1251 dicit,
1251 1199 1415 1254 quam
1444 1184 1732 1254 epistolam
1757 1183 2095 1255 Epiphanius
2119 1184 2324 1241 Haeresi
2358 1187 2445 1248 77,
2474 1187 2567 1242 ubi
2616 1197 2805 1243 contra
2846 1188 3158 1245 Dimteritas
3207 1205 3304 1246 seu
3348 1192 3626 1262 Apollina-

390 1299 556 1353 ristas
590 1296 722 1367 agit,
754 1303 922 1351 totam
959 1296 1166 1351 retulit.
1194 1295 1326 1362 Quis
1356 1294 1592 1364 infernus
1620 1295 1898 1360 eructavit,
1926 1293 2106 1364 inquit
2132 1294 2484 1362 Athanasius,
2521 1299 2706 1366 corpus
2736 1312 2800 1350 ea:
2828 1296 3006 1352 Maria
3032 1301 3270 1368 genitum
3315 1316 3428 1355 esse
3470 1301 3628 1356 Verbi

390 1413 657 1468 divinitati
703 1412 1170 1478 consubstantiale,
1221 1410 1543 1483 ὁμοούσιοντ
1601 1409 1740 1465 Hinc
1779 1419 1958 1465 autem

2017 1410 2410 1480 Apollinaristae
2465 1413 2866 1478 συνουσιασταί,
2919 1412 3274 1484 Synusiastte,
3307 1417 3622 1482 audiebant,

389 1532 535 1601 quod
563 1532 921 1588 substantiam
960 1530 1124 1588 Verbi
1151 1547 1277 1588 cum
1308 1547 1472 1587 carne
1494 1531 1784 1587 miscerent
1802 1538 1856 1585 et
1881 1538 2175 1600 utrumque
2209 1547 2375 1585 unum
2420 1531 2675 1587 lacerent.
2708 1535 2813 1586 Aut
2864 1530 3105 1599 Verbum,
3142 1534 3318 1605 pergit
3368 1535 3613 1590 Athana-

390 1651 529 1716 sius,
561 1651 618 1725 in
645 1667 878 1716 carnem,
910 1666 1031 1710 ossa
1058 1658 1108 1705 et
1138 1649 1380 1720 capillos,
1410 1656 1459 1704 et
1502 1649 1559 1702 in
1595 1656 1764 1702 totum
1806 1663 1995 1716 corpus
2037 1656 2300 1702 mutatum
2337 1649 2532 1717 fuisse,
2570 1659 2618 1702 et
2664 1666 2696 1702 a
2740 1657 2934 1703 natura
2982 1648 3130 1720 [739]
3166 1649 3440 1705 descivisse
3487 1650 3629 1704 sua?

386 1759 492 1813 llic
523 1758 689 1814 babes
720 1759 868 1813 illam
897 1749 1389 1828 θεσπεσίαν’μίξιν,
1425 1772 1523 1813 seu
1553 1758 1861 1813 mixtionem
1885 1760 2118 1814 diuinam
2145 1760 2484 1831 Apollinarii,
2506 1776 2602 1832 per
2627 1777 2789 1832 quam
2825 1761 2966 1818 Deus
2997 1773 3052 1818 et
3071 1778 3201 1820 caro
3233 1775 3397 1818 unam
3431 1764 3632 1820 elﬁcie-

389 1872 522 1926 bant
544 1879 820 1927 naturam.
855 1871 986 1936 Quis
1019 1880 1222 1935 autem,
1253 1871 1330 1925 ait
1355 1869 1707 1936 Athanasius,
1733 1873 1793 1926 in
1817 1869 2060 1927 Ecclesia
2083 1881 2182 1926 aut
2207 1890 2239 1926 a
2271 1873 2594 1929 Christianis
2649 1889 2882 1944 unquam
2915 1875 3138 1941 audivit,
3171 1875 3455 1931 Dominum
3486 1876 3635 1946 posi-

389 1987 551 2050 tione,
581 2001 684 2039 non
717 1993 932 2050 natura,
972 1984 1117 2038 Θέσει
1145 1983 1242 2038 καὶ
1265 1984 1326 2038 οὐ
1364 1983 1545 2054 φύσει,
1577 1992 1808 2053 gestasse
1837 1986 2063 2054 corpus?
2090 1984 2217 2041 Haec
2236 1985 2573 2054 explicantur
2592 2001 2690 2056 per
2717 1987 2848 2041 illud
2871 1988 3018 2056 quod
3051 1988 3105 2042 in
3134 1987 3373 2058 Epistola
3407 1991 3474 2045 ad
3498 1990 3620 2046 Cte-

387 2104 598 2158 sarium
637 2103 864 2174 legitur:
901 2102 1155 2158 Dicebant
1176 2105 1316 2157 enim
1342 2102 1760 2172 Apollinarium,
1789 2104 1970 2174 inquit
2000 2104 2091 2161 hic
2119 2104 2372 2174 scriptor,
2397 2102 2729 2157 Dominicum
2773 2112 2960 2173 corpus
3004 2119 3108 2158 non
3140 2120 3252 2159 esse
3295 2120 3473 2158 verum
3511 2121 3629 2158 ιον-ο

387 2238 509 2291 pus,
533 2224 660 2292 quia
691 2238 997 2277 conversum
1019 2232 1134 2276 erat
1153 2223 1211 2275 in
1232 2223 1502 2277 deitatem.
1533 2222 1716 2292 Pergit
1739 2222 2071 2278 Athanasius
2099 2237 2113 2274 :
2156 2223 2261 2275 Aut
2302 2222 2419 2293 quis
2446 2237 2506 2276 eo
2541 2223 2792 2291 processit
2823 2221 3133 2292 impietatis,
3169 2232 3224 2274 ut
3247 2223 3439 2276 diceret
3463 2223 3630 2276 senti-

390 2339 568 2400 retque
589 2331 759 2400 ipsam
788 2331 1032 2385 deitatem
1059 2329 1214 2384 Patri
1240 2331 1776 2396 consubstantialem,
1810 2332 2177 2386 circumcisam
2221 2341 2271 2385 et
2311 2333 2688 2402 imperfectam,
2719 2349 2784 2386 et:
2831 2333 3063 2403 perfecta
3100 2335 3298 2404 factam
3341 2335 3506 2404 fuisse
3532 2351 3552 2389 :
3581 2346 3634 2391 et

387 2442 531 2512 quod
560 2444 704 2496 cruci
732 2443 944 2512 amatum
974 2452 1089 2497 erat
1111 2459 1217 2497 non
1246 2443 1409 2512 fuisse
1437 2458 1648 2510 corpus,
1669 2443 1760 2496 sed
1785 2443 1960 2512 ipsam
1997 2442 2285 2511 Sapientia
2323 2444 2681 2498 substantiam
2729 2462 2904 2499 rerum
2932 2446 3221 2515 Opiﬁcem.’
3260 2446 3384 2503 llaec
3431 2449 3639 2518 iterum

379 2559 743 2628 consentiunt
764 2574 887 2614 cum
911 2558 981 2615 iis
1006 2574 1130 2628 qua:
1153 2523 1314 2629 paulo
1339 2568 1463 2613 ante
1495 2557 1831 2622 dicebamus,
1885 2556 2228 2613 Dominicum
2267 2573 2467 2627 corpus
2517 2559 2819 2614 secundum
2855 2559 3273 2629 Apollinaristas
3314 2575 3420 2616 non
3461 2562 3634 2619 fuisse

391 2687 582 2726 verum
608 2687 831 2743 corpus.
861 2673 939 2727 Ex
972 2673 1058 2729 his
1107 2673 1237 2728 item
1277 2672 1442 2728 dictis
1491 2673 1753 2742 probatur
1785 2672 1838 2726 id
1870 2671 2016 2742 quod
2070 2672 2127 2727 in
2183 2672 2414 2742 epistola
2472 2689 2580 2728 non
2633 2672 2801 2729 semel
2845 2673 3069 2740 dicitur,
3102 2689 3296 2743 nempe
3327 2677 3631 2732 secundum

390 2787 809 2858 Apollinaristas
839 2789 1014 2859 ipsam
1038 2789 1291 2845 deitatem
1319 2803 1440 2844 esse
1473 2790 1814 2860 passibilem,
1845 2789 1992 2858 quod
2021 2789 2273 2858 pluribus
2310 2789 2546 2858 explicat
2566 2788 2861 2858 Gregorius
2884 2787 3257 2844 Nazianzenus
3281 2788 3514 2845 llomilia
3536 2791 3634 2855 46,

392 2899 486 2957 ubi
517 2902 593 2956 ait
617 2902 916 2957 secundum
951 2903 1370 2972 Apollinarium,
1407 2902 1743 2971 unigenitum
1774 2902 1944 2956 Deum
1975 2903 2028 2955 in
2060 2903 2276 2972 propria
2307 2918 2405 2956 sua
2437 2903 2720 2957 divinitate
2770 2919 2994 2972 passum
3031 2918 3187 2970 esse,
3219 2913 3382 2975 atque
3427 2906 3482 2962 in
3529 2910 3632 2964 tri-

392 3016 572 3071 duana
596 3016 687 3071 illa
715 3015 960 3086 corporis
986 3025 1160 3070 morte
1187 3012 1525 3069 divinitatem
1565 3028 1780 3083 quoque
1806 3014 1973 3068 simul
1996 3028 2119 3068 cum
2152 3029 2380 3082 corpore
2427 3024 2698 3070 mortuam
2752 3015 2940 3082 fuisse,
2987 3017 3174 3087 sicque
3218 3034 3412 3074 rursus
3456 3018 3640 3074 Patris

393 3146 560 3199 opera
595 3147 623 3185 a
659 3139 833 3186 morte
863 3131 928 3184 ad
956 3130 1123 3184 vitam
1156 3136 1464 3184 revocatam
1490 3127 1680 3182 fuisse.
1713 3127 2132 3184 Passihilitatem
2171 3144 2390 3199 quoque
2424 3130 2571 3185 illam
2611 3133 2828 3188 deitatis
2855 3133 3156 3188 secundum
3187 3127 3632 3205 Apollinaristas,

394 3250 788 3300 commemorat
829 3251 882 3297 et
915 3240 1161 3297 confluat
1208 3239 1542 3294 Athanasius
1598 3240 1651 3293 in
1705 3238 1856 3293 libris
1904 3249 2090 3294 contra
2144 3239 2564 3309 Apollinarium,
2608 3244 2729 3298 vide
2761 3259 2811 3314 p.
2844 3244 2970 3309 99.4,
2994 3254 3048 3300 ct
3076 3247 3239 3316 paulo
3270 3256 3414 3315 ante,
3441 3264 3636 3318 nempe

394 3375 448 3428 ρ,
484 3355 610 3421 99.3,
633 3355 707 3408 ait
737 3353 1035 3409 secundum
1069 3349 1488 3419 Apollinaristas
1518 3347 1756 3403 Verbum
1790 3351 2154 3420 assumpsisse
2176 3367 2376 3420 corpus
2403 3354 2610 3422 absque
2646 3364 2826 3410 mente
2861 3371 2872 3404 :
2907 3357 3000 3426 qui
3028 3366 3108 3412 cst
3137 3369 3444 3429 postremus
3478 3357 3636 3418 error

395 3476 453 3530 in
483 3473 708 3543 cpistola
741 3471 809 3526 ad
842 3469 1134 3525 Caesarium
1167 3475 1644 3532 commemoratus,
1676 3474 1730 3520 et
1759 3465 1874 3521 hazc
1903 3476 2023 3522 erat
2052 3469 2208 3538 quasi
2242 3478 2444 3524 tessera
2471 3469 3004 3538 Apollinaristarum.
3032 3473 3253 3530 Certum
3284 3477 3469 3549 itaque
3496 3488 3630 3549 pulo

397 3591 456 3645 in
492 3575 723 3659 epistola
755 3587 822 3642 ad
845 3585 1142 3642 Caesarium
1178 3593 1366 3640 contra
1395 3584 1593 3638 librum
1627 3584 1946 3654 Apollinarii
1971 3584 2078 3656 agi,
2116 3585 2379 3654 illumque
2413 3584 2590 3654 ipsum
2626 3585 2846 3651 librum,
2882 3596 2944 3641 ut
2993 3588 3226 3656 videtur,
3251 3606 3410 3660 quem
3455 3593 3522 3646 de
3545 3593 3634 3646 ln-

400 3703 719 3759 carnatione
747 3703 1063 3772 scripserat,
1090 3701 1156 3756 ab
1187 3699 1414 3771 Eulogio
1443 3715 1607 3770 supra
1641 3709 2148 3756 commemoratum.
2182 3699 2450 3756 Caeterum
2485 3702 2882 3771 Apollinarista:
2916 3722 3023 3759 non
3055 3706 3194 3760 inter
3221 3721 3280 3761 se
3327 3709 3636 3764 consentie-

395 3818 548 3884 bant,
576 3818 667 3873 sed
701 3817 793 3871 alii
817 3817 954 3872 alios
987 3832 1226 3882 errores,
1256 3831 1326 3886 eg
1353 3831 1462 3870 uno
1485 3815 1636 3870 fonte
1661 3826 1968 3882 manantes,
1991 3817 2427 3888 propugnabant,
2461 3826 2520 3873 ut
2560 3817 2742 3872 videre
2775 3829 2859 3874 est
2901 3819 2956 3873 in
2999 3820 3224 3888 epistola
3255 3820 3537 3877 Athanasii
3567 3823 3637 3878 ad

394 3928 726 4000 Epictetum,
756 3938 810 3984 et
841 3929 896 3983 in
924 3927 1170 3999 ejusdem
1203 3927 1487 3982 Athanasii
1518 3926 1671 3982 libris
1697 3937 1886 3982 contra
1917 3929 2349 3998 Apollinarium;
2377 3930 2616 4002 itemque
2649 3932 2790 4000 apud
2815 3929 3196 4012 _Epiphanium
3239 3931 3444 3988 Haeresi
3476 3934 3572 3989 77..

467 4064 655 4134 Neque
686 4072 864 4117 tamen
894 4060 1078 4131 negari
1109 4068 1288 4131 potest
1310 4059 1591 4128 probabile
1619 4059 1846 4112 omnino
1880 4073 2002 4114 esse
2040 4059 2188 4114 hunc
2228 4060 2546 4130 scriptorem
2587 4060 2679 4130 qui
2725 4061 2925 4115 saeculo
2964 4061 3304 4134 Entychiano
3343 4065 3546 4124 vixisse
3583 4079 3648 4126 et

399 4179 593 4233 haeresi
631 4177 705 4231 illi
741 4175 988 4231 infensus
1016 4173 1190 4229 fuisse
1218 4174 1452 4237 videtur,
1486 4181 1545 4227 ut
1580 4175 1718 4227 hanc
1746 4173 2028 4242 epistolam
2075 4174 2144 4228 ab
2185 4189 2243 4228 se
2275 4175 2609 4244 suppositam
2651 4153 3044 4248 Chrysostonto
3092 4179 3405 4237 adscribere
3433 4187 3639 4251 posset,

397 4290 731 4346 conﬁnxisse
764 4304 822 4344 sc
847 4295 1036 4343 contra
1059 4284 1382 4356 Apollinarii
1413 4284 1614 4338 librum
1659 4299 1840 4354 agere,
1866 4284 1960 4354 qui
2007 4285 2064 4338 in
2114 4285 2303 4340 multis
2343 4302 2465 4341 cum
2503 4287 2745 4360 Eutyche
2791 4293 3196 4357 consentiebat,
3239 4298 3497 4366 quoniam
3526 4313 3636 4353 ηοη

399 4413 614 4476 poterat
633 4405 1083 4473 Chrysostomum
1112 4408 1302 4456 contra
1334 4397 1593 4471 Eutychis
1621 4401 1853 4457 haeresin
1891 4412 2077 4472 aperte
2123 4403 2435 4475 loquentem
2470 4406 2746 4474 inducere,
2780 4409 2872 4478 qui
2914 4409 3006 4463 diu
3049 4419 3174 4467 ante
3204 4412 3350 4468 illam
3389 4427 3638 4470 exortam

398 4523 640 4577 obiisset.
672 4517 826 4586 Quod
861 4525 1041 4571 autem
1065 4516 1155 4571 hic
1183 4531 1308 4572 cum
1334 4516 1734 4586 Apollinaristis
1777 4517 2147 4589 Eutychianos
2182 4521 2420 4576 maxime
2461 4521 2725 4590 confutet,
2764 4525 2998 4593 probant
3034 4540 3194 4582 voces
3236 4528 3360 4596 illae,
3391 4536 3445 4584 et
3490 4528 3653 4585 modi.

400 4640 656 4712 loquendi
689 4639 1022 4708 frequentes,
1053 4651 1192 4706 quos
1222 4651 1387 4706 supra
1419 4639 1990 4706 commemoravimus,
2017 4641 2112 4710 qui
2143 4649 2381 4711 tempore
2407 4641 2782 4713 Chrysostomi
2805 4643 2895 4697 vix
2935 4643 3051 4698 noti
3081 4655 3258 4712 erant,
3283 4655 3336 4702 et
3375 4656 3554 4703 tamen
3580 4647 3646 4704 in

402 4757 506 4810 hac
535 4755 762 4824 epistola
788 4751 992 4824 passim
1016 4759 1348 4820 usurpantur
1369 4751 1558 4805 eodem
1583 4751 1745 4807 modo
1784 4767 1894 4822 quo
1923 4763 2114 4808 contra
2142 4753 2513 4826 Eutychianos
2549 4757 2776 4813 adhibiti
2814 4768 3001 4829 postea
3037 4758 3212 4815 fuere.

473 4889 662 4944 Restat
691 4897 750 4943 ut
777 4888 844 4942 dc
870 4883 1119 4942 clausula
1164 4884 1254 4938 illa
1303 4899 1528 4954 agamus
1557 4884 1704 4941 circa
1750 4901 1914 4956 quam
1946 4888 2133 4943 multa:
2175 4891 2504 4959 quaestiones
2542 4893 2755 4963 agitatae
2803 4904 2958 4961 sunt;
3013 4895 3102 4950 illa
3147 4909 3285 4950 vero
3316 4905 3439 4952 est:
3486 4894 3640 4951 Sicut

398 5007 541 5060 enim
565 5013 845 5074 antequam
871 5000 1230 5069 saneti/icetur
1256 5003 1429 5069 panis,
1461 5017 1648 5070 panem
1674 5004 2005 5058 nominamus
2035 5019 2054 5058 :
2100 5005 2279 5061 divina
2327 5017 2506 5062 autem
2552 5009 2706 5062 illum
2750 5011 3116 5081 sanctiﬁcante
3139 5013 3336 5082 gratia,
3374 5014 3637 5069 mediante

399 5123 689 5188 sacerdote,
726 5123 975 5178 liberatus
1003 5129 1082 5178 est
1104 5121 1312 5192 quidem
1339 5119 1404 5172 ab
1428 5121 1775 5192 appellatione
1794 5126 1979 5192 panis;
2017 5126 2207 5196 dignus
2237 5137 2411 5182 autem
2446 5129 2657 5185 habitus
2691 5130 2954 5186 Dominici
2991 5133 3224 5200 corporis
3267 5133 3636 5204 appellatione,

370 5235 608 5324 .etiamsi
633 5245 824 5289 natura
848 5235 999 5304 panis
1033 5233 1094 5287 in
1117 5233 1230 5301 ipso
1260 5233 1572 5300 permansit,
1594 5241 1644 5286 et
1670 5249 1773 5286 non
1805 5233 1910 5287 duo
1939 5250 2183 5305 corpora,
2214 5237 2306 5292 sed
2338 5255 2498 5292 unum
2529 5257 2716 5312 corpus
2758 5239 2892 5296 Filii
2928 5244 3277 5313 prwdicamus
3297 5259 3317 5298 :
3351 5246 3428 5300 sic
3468 5257 3518 5300 et
3554 5249 3643 5303 hic

401 5351 583 5406 diuina
608 5351 862 5406 insidente
888 5353 1096 5421 corpori
1123 5359 1340 5416 natura,
1368 5367 1530 5404 unum
1565 5349 1794 5417 Filium,
1835 5370 1997 5408 unam
2047 5371 2324 5424 personant
2360 5368 2642 5433 utrumque
2679 5364 2971 5432 constituit,
3007 5367 3272 5436 cognitum
3305 5371 3415 5425 sine
3456 5374 3642 5448 confu-

400 5467 567 5534 sione,
595 5467 904 5522 indivisibili
928 5468 1153 5534 ratione,
1180 5480 1291 5522 non
1315 5465 1371 5518 in
1397 5480 1502 5518 una
1532 5465 1702 5520 solum
1738 5476 1957 5532 natura,
1979 5467 2068 5521 sed
2103 5469 2158 5522 in
2201 5471 2405 5526 duabus
2442 5475 2710 5544 perfectis.
2757 5475 2898 5532 llinc
2951 5479 3265 5538 heterodoxi
3314 5486 3638 5540 acerrimum

387 5565 594 5640 contra
623 5585 783 5641 [idem
817 5587 1138 5643 catholicam
1169 5583 1339 5642 telum
1371 5597 1431 5638 se
1483 5586 1719 5641 mutuari
1754 5603 1915 5659 posse
1963 5593 2088 5661 rati,
2117 5595 2418 5649 secundum
2469 5593 2634 5664 hujus
2683 5596 2966 5668 scriptoris
3006 5611 3240 5658 mentem
3275 5603 3482 5680 absque
3533 5603 3657 5658 ulla.
3701 5563 3712 5575 ο

402 5705 706 5762 mutatione
734 5705 1053 5762 substantiae
1079 5703 1257 5774 panis,
1290 5699 1694 5758 Eucharistiam
1723 5705 1916 5761 confici
1952 5716 2193 5779 pugnant
2223 5727 2235 5762 :
2285 5707 2376 5763 alii
2428 5708 2657 5767 ulterius
2698 5713 3001 5784 progressi,
3039 5730 3231 5786 panem
3284 5716 3644 5786 appellatione
