4064 6218
423 402 532 459 755
1117 397 1176 452 S.
1211 366 1493 452 JCANNIS
1529 393 2020 452 CHRYSOSTOMI
2055 396 2376 453 ABCHIEP.
2414 399 2960 458 CONSTANTINOP.
3574 403 3687 458 758

422 545 535 597 sula
561 539 827 597 Dominici
857 541 1126 612 corporis,
1154 557 1262 596 non
1285 542 1574 612 prasentis
1596 542 1876 612 dignatam
1899 557 2023 598 esse
2045 543 2403 599 contendunt.
2446 543 2581 600 Illud
2624 559 2806 602 autem
2845 548 3006 618 quasi
3048 555 3256 602 certum
3304 547 3688 616 exploratum-

421 675 526 730 que
559 657 784 723 habent,
821 657 962 712 hanc
986 658 1271 727 epistolam
1297 674 1424 714 vere
1443 658 1674 715 Joannis
1701 659 2079 732 Chrysostomi
2133 677 2277 718 esse.
2333 662 2440 718 Sed
2483 680 2608 719 eum
2658 667 2875 721 abunde
2923 682 3089 735 supra
3143 667 3438 736 probatum
3493 666 3688 734 fuerit,

423 786 566 839 hanc
597 783 882 853 epistolam
913 798 1022 837 non
1047 796 1169 836 esse
1191 780 1592 852 Chrysostomi,
1623 781 1840 837 etiamsi
1873 781 2004 850 quid
2030 796 2097 836 ex
2132 781 2300 852 ignoti
2341 785 2628 854 scriptoris
2660 786 2822 841 dictis
2865 787 2918 840 in
2949 801 3139 841 eorum
3173 787 3406 856 gratiam
3436 802 3694 857 emerge-

421 910 525 966 ret,
557 901 700 971 quod
731 911 910 955 tamen
935 901 1094 970 longe
1122 875 1293 962 abest,
1330 898 1535 952 nullam
1563 898 1691 953 hinc
1721 899 1959 952 mutuari
1990 908 2213 968 possent
2257 901 2666 966 auctoritatem,
2701 916 2826 955 cum
2859 915 2959 955 nec
3001 901 3124 970 quis
3159 900 3247 953 ille
3295 900 3535 969 scriptor
3563 897 3692 952 fue-

421 1022 512 1086 rit,
549 1037 646 1076 nec
674 1037 742 1076 an
777 1020 1100 1082 catholicus,
1137 1018 1571 1073 heterodoxusve
1597 1017 1764 1073 fuerit
1792 1017 2124 1088 deprehendi
2156 1018 2368 1088 possit;
2406 1019 2517 1072 imo
2547 1033 2673 1072 vero
2709 1033 2772 1072 ex
2811 1017 2880 1073 iis
2911 1032 3033 1086 qua:
3056 1016 3124 1071 de
3155 1016 3378 1071 deitatis
3407 1016 3692 1086 passibili-

421 1144 532 1190 tate
561 1135 716 1199 dixit,
751 1133 998 1188 nonnihil
1027 1131 1268 1186 adversae
1296 1140 1556 1187 nascatur
1581 1131 1934 1201 suspicionis.
1976 1130 2179 1186 Verum
2210 1131 2460 1202 quisquis
2489 1132 2578 1187 ille
2607 1132 2699 1193 sit.
2729 1132 2842 1201 jam
2890 1131 3072 1186 locum
3114 1130 3489 1198 dispiciamus.
3515 1145 3692 1184 excu-

423 1255 737 1322 tiamusque
758 1253 934 1322 primo
956 1265 1060 1320 qua
1095 1255 1212 1303 arte
1241 1249 1420 1303 locum
1445 1247 1712 1316 ejusmodi
1743 1247 1810 1301 ad
1844 1247 2190 1316 praesentiam
2217 1245 2419 1301 Christi
2465 1247 2519 1301 in
2563 1245 2906 1302 Eucharistia
2952 1247 3258 1316 negandam
3299 1245 3688 1316 detorqueant.

425 1373 546 1437 Hic,
577 1371 851 1441 inquiunt,
883 1368 1040 1439 panis
1065 1368 1264 1438 dignus
1285 1367 1506 1422 habitus
1534 1381 1656 1422 esse
1680 1366 1882 1422 dicitur
1913 1363 2184 1419 Dominici
2217 1365 2468 1434 corporis
2493 1361 2854 1432 appellatione
2884 1376 2898 1412 :
2941 1359 3085 1413 unde
3126 1359 3388 1429 sequitur,
3424 1362 3545 1415 solo
3579 1376 3691 1416 no-

425 1479 570 1544 mine
599 1503 794 1559 panem
829 1487 881 1540 in
917 1485 1256 1539 Eucharistia
1278 1482 1621 1538 Dominicum
1646 1481 1904 1552 appellari
1930 1497 2129 1552 corpus
2156 1499 2172 1536 ε
2203 1481 2271 1534 ad
2307 1478 2437 1549 quid
2465 1478 2612 1533 enim
2643 1491 2840 1548 panem
2881 1475 3103 1544 dignum
3138 1475 3378 1530 habitum
3407 1476 3685 1534 Dominici

424 1605 674 1674 corporis
703 1601 1065 1671 appellatione
1094 1600 1314 1665 dixerit,
1353 1599 1399 1654 si
1427 1613 1552 1653 vere
1587 1598 1727 1652 adsit
1757 1595 2102 1652 Dominicum
2152 1596 2391 1666 corpus?
2433 1595 2541 1650 Sed
2588 1609 2851 1665 quorsum
2895 1594 3002 1647 illa:
3047 1593 3417 1658 circuitiones,
3457 1594 3686 1663 quando

428 1724 575 1776 clare
602 1718 838 1786 scriptor
869 1718 968 1772 iste
997 1716 1073 1770 ait
1096 1724 1348 1769 naturam
1379 1714 1541 1784 panis
1572 1723 1627 1769 et
1647 1713 1992 1768 Dominicum
2020 1726 2243 1782 corpus,
2271 1725 2380 1764 non
2411 1709 2522 1764 duo
2553 1723 2806 1778 corpora,
2832 1707 2928 1763 sed
2963 1723 3130 1762 unum
3165 1722 3369 1777 corpus
3399 1703 3520 1760 Filii
3546 1722 3691 1776 prte-

427 1840 843 1896 dicari?annon
869 1837 997 1891 hinc
1029 1836 1254 1890 omnino
1281 1833 1637 1904 consequitur
1687 1847 1886 1902 corpus
1919 1829 2042 1884 Filii
2076 1842 2204 1884 vere
2234 1828 2292 1883 in
2329 1825 2676 1882 Eucharistia
2718 1824 2952 1880 haberi?
2986 1839 3168 1879 annon
3218 1824 3309 1878 illa
3352 1827 3698 1896 comparatio

429 1955 655 2008 unitatis
687 1963 890 2008 natura:
916 1952 1063 2026 [740]
1096 1954 1253 2024 panis
1276 1962 1330 2008 et
1357 1951 1605 2022 corporis
1631 1949 1903 2006 Dominici
1939 1964 2064 2005 cum
2115 1956 2310 2003 natura
2355 1946 2536 2000 divina
2580 1952 2638 1998 et
2687 1944 2946 2005 humana,
2989 1959 3156 1998 unum
3202 1943 3403 2000 Filium
3445 1954 3501 2001 et
3526 1961 3700 2001 unam

430 2086 718 2142 personam
747 2067 1034 2133 eﬂiciente,
1067 2070 1292 2124 omnino
1320 2067 1493 2122 futilis
1518 2067 1644 2130 erit,
1676 2065 1722 2120 si
1749 2079 1950 2133 corpus
1975 2061 2181 2118 Christi
2203 2075 2308 2115 non
2341 2060 2413 2116 sit
2448 2073 2577 2114 vere
2616 2059 2674 2112 in
2704 2057 3095 2114 Eucharistia?
3135 2058 3296 2113 Aliud
3346 2060 3517 2114 telum
3560 2075 3705 2116 con-

431 2196 710 2257 torquent,
743 2187 1071 2256 graviusque
1097 2187 1322 2247 instant.
1352 2202 1416 2241 ac
1459 2183 2126 2240 transsnbstantiationem
2179 2179 2269 2236 hic
2317 2186 2503 2249 aperte
2549 2178 2733 2249 impeti
2778 2189 3041 2248 pugnant.
3083 2177 3242 2244 Nam,
3286 2181 3566 2251 inquiunt,
3597 2184 3695 2240 hic

433 2308 734 2361 luculenter
757 2307 956 2359 dicitur
978 2321 1172 2374 panem
1207 2305 1260 2358 in
1300 2304 1644 2358 Eucharistia
1697 2312 1824 2374 post
1871 2299 2360 2356 sanctilicationem
2408 2312 2729 2363 remanere,
2777 2298 2940 2368 idque
2994 2299 3080 2354 his
3131 2302 3312 2359 verbis
3361 2303 3705 2375 declaratur,

435 2425 667 2479 Etiamsi
693 2434 885 2477 natura
907 2423 1059 2491 panis
1083 2421 1135 2473 in
1164 2422 1276 2489 ipso
1297 2422 1607 2489 permansit,
1638 2431 1814 2474 etnon
1845 2419 1951 2471 duo
1974 2433 2216 2486 corpora,
2245 2416 2336 2470 sed
2377 2431 2537 2470 unum
2571 2433 2758 2486 corpus
2789 2414 2919 2470 Filii
2957 2419 3328 2488 prwdicomus.
3358 2422 3582 2493 Verum,
3633 2435 3712 2484 ut

436 2546 624 2600 multis
646 2544 910 2614 exemplis
933 2542 1126 2612 probat
1167 2540 1504 2608 llarduinus,
1543 2550 1737 2595 natura
1763 2547 1817 2594 et
1847 2537 2004 2591 οὐσία
2037 2537 2343 2608 cujuspiam
2374 2540 2450 2594 rei
2476 2556 2619 2610 saepe
2642 2539 2787 2610 apud
2816 2539 3004 2598 Patres
3037 2544 3309 2614 significat
3333 2552 3706 2620 proprietates

434 2663 715 2718 naturales
741 2662 819 2716 rei
845 2661 1087 2731 ejusdem
1116 2679 1130 2728 ;
1156 2670 1212 2714 at
1240 2661 1328 2714 hic
1355 2660 1717 2730 proprietates
1747 2672 1938 2712 omnes
1968 2659 2251 2713 naturales
2279 2658 2440 2729 panis
2469 2643 2808 2728 permanent,
2841 2672 2895 2717 et
2924 2665 3190 2734 quidquid
3216 2666 3270 2720 in
3305 2682 3441 2737 pane
3467 2685 3706 2728 sensum

437 2799 640 2854 movet,
667 2797 943 2858 aspectum
975 2785 1204 2849 scilicet,
1233 2792 1434 2838 tactum
1460 2794 1514 2838 et
1544 2792 1800 2853 gustum;
1828 2797 1956 2836 nam
1984 2781 2038 2836 id
2088 2780 2267 2835 solum
2310 2779 2363 2833 in
2402 2790 2595 2835 natura
2641 2782 2908 2854 cujusque
2952 2785 3028 2839 rei
3074 2787 3292 2842 s'cnsilis
3331 2790 3706 2860 percipimuS‘

437 2907 510 2959 ita
543 2913 603 2958 ut
629 2913 822 2957 natura
851 2901 1010 2971 panis
1034 2901 1123 2954 hic
1151 2909 1259 2954 tota
1287 2897 1674 2968 perspiciatur,
1701 2899 1829 2953 licet
1858 2897 1977 2967 ejus
2006 2897 2233 2950 materia
2265 2905 2320 2951 et
2349 2897 2656 2952 substantia
2693 2899 2746 2952 in
2775 2915 2973 2970 corpus
3001 2900 3209 2956 Christi
3259 2911 3462 2959 mutata
3510 2905 3709 2962 fuerit.

437 3022 696 3077 Naturam
721 3030 867 3074 certe
897 3019 1051 3090 panis
1083 3020 1162 3073 sic
1191 3018 1528 3072 intellexisse
1558 3017 1801 3086 oportuit
1832 3016 1978 3071 hunc
2002 3015 2348 3082 scriptorem,
2395 3018 2647 3088 quisquis
2693 3019 2910 3074 tandem
2955 3021 3044 3076 ille
3091 3021 3256 3078 fuerit
3291 3044 3305 3079 :
3343 3041 3467 3080 nam
3508 3043 3711 3097 panem

440 3145 496 3198 in
529 3159 729 3213 corpus
753 3143 955 3198 Christi
991 3142 1191 3197 mutari
1225 3152 1355 3196 tunc
1386 3142 1440 3195 in
1466 3140 1710 3196 Ecclesia.
1736 3141 1923 3196 Crtnca
1953 3143 2118 3212 vulgo
2145 3143 2448 3208 dicebatur,
2477 3161 2584 3214 qua
2619 3149 2922 3202 mutatione
2961 3145 3104 3201 facta
3153 3157 3284 3202 tunc
3329 3163 3437 3203 non
3471 3151 3709 3222 amplius

442 3261 746 3316 substantia
773 3263 1004 3332 panisiu
1036 3261 1382 3316 Eucharistia
1404 3268 1542 3315 erat.
1581 3259 1672 3314 Sic
1716 3269 1902 3314 autem
1947 3260 2331 3330 explicandum
2373 3261 2517 3317 hunc
2553 3263 2870 3332 scriptorem
2911 3280 3034 3320 esse
3080 3265 3342 3336 probatur
3381 3279 3447 3318 ex
3491 3263 3710 3322 Joanne

445 3387 805 3453 Damascenu,
832 3390 924 3459 qui
955 3389 1096 3443 hanc
1116 3387 1400 3458 epistolam
1429 3387 1662 3456 legebat,
1709 3357 1940 3456 eamque
1977 3400 2078 3456 pro
2099 3384 2329 3442 Joannis
2351 3385 2727 3458 Clnysostomi
2767 3386 2877 3442 fetu
2906 3387 3158 3452 habebat,
3187 3390 3392 3460 quique
3427 3391 3543 3459 ejus
3577 3405 3711 3459 par-

443 3518 552 3564 tem
587 3523 693 3562 non
724 3507 1005 3560 minimam
1036 3507 1239 3561 retulit.
1266 3476 1387 3576 Ipse
1419 3506 1620 3576 quippe
1647 3502 1888 3560 Joannes
1914 3503 2283 3561 Damasceuus
2323 3505 2390 3560 de
2431 3505 2749 3563 Orthodoxa
2805 3507 2910 3563 fide
2951 3509 3092 3565 libro
3140 3521 3338 3580 quarto
3389 3527 3443 3580 p.
3478 3509 3584 3564 9.Ἶο
3628 3509 3713 3565 sic

445 3627 607 3682 habet
640 3645 653 3680 :
688 3626 899 3696 Ὥσπερ
935 3625 1181 3694 φυσικῶς
1209 3625 1297 3677 διὰ
1327 3626 1425 3694 τῆς
1463 3623 1719 3694 βρώσεως
1748 3625 1776 3677 ὁ
1807 3623 1990 3694 ἄρτος,
2024 3623 2118 3678 καὶ
2148 3624 2176 3674 ὁ
2206 3619 2352 3688 οἶνος
2389 3627 2484 3678 καὶ
2511 3626 2572 3678 τὸ
2603 3626 2746 3697 ὕδωρ
2779 3627 2869 3681 διὰ
2898 3630 2999 3698 τῆς
3045 3629 3257 3693 πόσεως
3293 3631 3374 3692 εἰς
3421 3629 3583 3699 σῶμα
3617 3629 3716 3683 καὶ
3801 3649 3804 3654 ·

443 3738 582 3812 αἷμα
611 3741 704 3794 τοῦ
737 3739 1007 3804 ἐσθίοντος
1043 3740 1135 3792 καὶ
1166 3739 1411 3800 πίνοντος
1432 3737 1880 3807 μεταϐάλλονται,
1901 3737 1996 3790 καὶ
2027 3736 2086 3789 οὐ
2112 3737 2354 3800 γίνονται
2377 3738 2563 3809 ἕτερον
2589 3739 2749 3809 σῶμα
2772 3738 2925 3810 παρὰ
2959 3741 3020 3792 τὸ
3041 3741 3302 3811 πρότερον
3331 3739 3496 3793 αὑτοῦ
3529 3741 3720 3810 σῶμα,

443 3854 615 3915 οὕτως
632 3857 660 3907 ὁ
681 3856 781 3928 τῆς
806 3855 1116 3926 προθέσεως
1141 3855 1322 3924 ἄρτος.
1345 3850 1483 3915 οἶνός
1507 3869 1565 3904 τε
1592 3851 1687 3904 καὶ
1718 3851 1882 3922 ὕδωρ,
1914 3850 2002 3904 διὰ
2029 3852 2130 3918 τῆς
2159 3851 2495 3922 ἐπικλήσεως
2519 3853 2611 3906 καὶ
2642 3854 3040 3923 ἐπιφοιτήσεως
3074 3853 3166 3906 τοῦ
3192 3853 3347 3920 ἁγίου
3372 3852 3713 3920 Πνεύματος,

443 3965 741 4036 ὑπερφυῶς
777 3966 1198 4038 μεταποιοῦνται
1249 3969 1330 4030 εἰς
1382 3966 1442 4019 ab
1486 3966 1646 4037 σῶμα
1693 3965 1787 4019 τοῦ
1837 3964 2073 4036 Χριστοῦ
2109 3966 2204 4018 καὶ
2231 3967 2291 4018 τὸ
2338 3961 2501 4037 αἷμα,
2529 3968 2624 4019 καὶ
2669 3968 2768 4020 οὐκ
2806 3968 2912 4020 εἰσὶ
2936 3968 3050 4031 δύο,
3085 3970 3200 4021 ἀλλ’
3230 3968 3286 4020 ἓν
3317 3970 3410 4021 καὶ
3441 3969 3504 4020 τὸ
3533 3967 3666 4020 αὑτό
3698 3986 3714 4021 :

447 4079 906 4145 Quemadmodum
938 4080 1261 4133 naturaliter
1298 4080 1449 4149 panis
1478 4096 1569 4149 per
1600 4081 1992 4144 comestionem,
2024 4082 2302 4152 vinumque
2327 4091 2375 4135 et
2417 4100 2554 4151 aqua
2583 4100 2674 4152 per
2704 4085 2986 4151 potionem,
3015 4086 3069 4137 in
3097 4101 3284 4153 corpus
3316 4094 3363 4138 et
3397 4086 3716 4154 sanguinem.

447 4198 761 4254 comedentis
796 4206 844 4249 et
883 4197 1104 4250 bibentis
1142 4207 1593 4262 transmittuntur,
1627 4213 1718 4249 nec
1747 4214 1936 4268 corpus
1966 4199 2101 4266 [iant
2137 4198 2285 4250 aliud
2317 4215 2349 4250 a
2390 4215 2604 4268 corpore
2633 4200 2747 4269 ejus
2780 4200 2918 4270 quod
2949 4175 3097 4270 prius
3128 4201 3368 4254 exstabat
3397 4215 3415 4253 :
3444 4199 3520 4251 sic
3543 4198 3700 4266 panis

446 4313 537 4384 qui
561 4314 614 4366 in
641 4313 877 4382 pret/tesi
910 4321 1243 4382 pra'paratus
1281 4311 1406 4381 fuit,
1442 4313 1617 4366 vinum
1645 4313 1771 4366 item
1803 4324 1851 4366 et
1889 4329 2028 4383 aqua
2051 4329 2140 4372 per
2179 4315 2557 4368 invocationem
2589 4323 2637 4367 et
2669 4315 2953 4369 adventum
2986 4314 3218 4381 Spiritus
3250 4315 3424 4366 sancti
3453 4327 3714 4379 superna-

451 4432 697 4486 turaliter
728 4439 1002 4484 mutantur
1027 4431 1080 4483 in
1116 4446 1302 4500 corpus
1334 4440 1381 4482 et
1408 4431 1716 4500 sanguinem
1745 4430 1975 4492 Christi;
2004 4447 2094 4483 nec
2122 4431 2226 4486 duo
2251 4442 2394 4496 sunt,
2429 4433 2518 4485 sed
2549 4449 2711 4485 unum
2734 4443 2782 4485 et
2813 4433 2972 4487 idem.
2999 4433 3124 4487 Hinc
3156 4430 3393 4485 Joannes
3422 4428 3710 4482 Damasce-

450 4560 576 4608 nus,
611 4546 705 4615 qui
735 4548 881 4601 hunc
903 4562 1012 4616 quo
1040 4546 1106 4599 de
1135 4545 1366 4616 quaestio
1402 4551 1484 4598 est
1525 4544 1701 4597 locum
1736 4545 1786 4597 in
1816 4553 1997 4599 mente
2030 4546 2286 4600 habuisse
2315 4547 2528 4600 videtur
2563 4563 2687 4600 cum
2719 4547 2836 4602 haec
2877 4546 3156 4602 scriberet.
3197 4542 3314 4598 Nisi
3351 4543 3579 4598 dixisset
3617 4555 3718 4592 au-

451 4669 560 4712 tem
596 4672 789 4727 panem
831 4667 884 4713 et
919 4659 1102 4713 vinum
1136 4659 1624 4728 supernaturaliter
1655 4659 1852 4713 mutari
1889 4661 1941 4712 in
1977 4674 2176 4729 corpus
2202 4669 2256 4714 et
2305 4661 2622 4731 sanguinem
2663 4660 2903 4726 Christi,
2944 4676 3011 4715 ex
3051 4660 3439 4731 sequentibus,
3476 4675 3569 4712 nec
3611 4657 3718 4710 duo

453 4787 597 4845 sunt,
628 4780 719 4833 sed
752 4797 915 4834 unum
944 4790 988 4834 et
1020 4781 1178 4844 idem,
1216 4780 1480 4836 inferrent
1505 4781 1645 4834 haud
1681 4782 1843 4836 dubie
1871 4782 2226 4837 hctcrodoxi:
2269 4783 2314 4839 si
2339 4785 2496 4854 panis
2533 4792 2585 4839 et
2621 4785 2809 4838 vinum
2847 4783 3010 4839 simul
3057 4799 3182 4838 cum
3218 4797 3448 4851 corpore
3493 4791 3549 4835 et
3583 4795 3716 4833 san-

455 4904 616 4972 guine
641 4904 841 4961 Christi
871 4920 1039 4959 unum
1065 4914 1118 4958 et
1152 4904 1292 4959 idem
1326 4905 1435 4960 sint
1471 4905 1523 4957 in
1553 4903 1918 4969 Eueharistia,
1959 4921 2090 4976 ergo
2111 4914 2235 4976 post
2265 4905 2748 4960 sanctificationem
2787 4905 2940 4975 panis
2967 4915 3021 4960 et
3051 4904 3234 4958 vinum
3265 4910 3550 4957 remanent
3575 4918 3591 4967 ;
3623 4899 3720 4955 sed

455 5035 578 5074 cum
608 5023 761 5090 prius
796 5022 996 5076 dixerit
1028 5038 1218 5092 panem
1251 5035 1304 5077 et
1327 5022 1513 5075 vinum
1545 5023 1740 5076 mutari
1769 5023 1823 5076 in
1861 5039 2059 5094 corpus
2105 5034 2158 5079 et
2192 5027 2512 5096 sanguinem
2563 5026 2762 5081 Christi
2791 5045 2805 5080 :
2855 5027 3000 5096 quod
3047 5026 3329 5095 subjungit
3366 5032 3589 5094 postea,
3624 5038 3718 5076 nec

455 5136 560 5188 duo
591 5145 734 5199 sunt,
764 5136 854 5189 sed
880 5151 1042 5187 unum
1071 5144 1120 5187 et
1150 5135 1309 5199 idem,
1341 5150 1445 5188 non
1503 5135 1573 5188 ita
1632 5135 2042 5205 intelligendum
2094 5145 2198 5200 est,
2236 5145 2295 5190 ut
2341 5137 2456 5205 ipsa
2493 5139 2648 5206 panis
2707 5149 2759 5191 et
2813 5138 2922 5191 vini
2976 5139 3279 5194 substantia
3333 5147 3635 5203 remaneat,
3670 5146 3725 5191 et

458 5271 626 5309 unum
657 5255 878 5310 sitcum
902 5270 1130 5325 corpore
1160 5255 1360 5310 Christi
1390 5272 1405 5321 ;
1442 5255 1682 5324 alioquin
1717 5256 1860 5309 enim
1906 5271 2012 5308 non
2052 5264 2259 5310 mutata
2304 5253 2496 5308 fuisset
2541 5257 2592 5309 in
2629 5271 2828 5324 corpus
2877 5265 2932 5309 et
2980 5257 3301 5324 sanguinem
3359 5253 3598 5320 Christi;
3629 5253 3724 5308 sed

455 5378 602 5448 quod
641 5376 998 5445 proprietates
1027 5378 1131 5432 illre
1156 5392 1345 5431 omnes
1370 5391 1490 5446 quae
1522 5377 1651 5430 solzc
1684 5376 1736 5429 in
1774 5391 1908 5444 pauc
1938 5384 1991 5427 ct
2021 5374 2148 5426 vino
2177 5388 2338 5427 sensu
2371 5375 2746 5444 percipiuntur
2777 5386 3113 5439 remaneant,
3152 5385 3208 5431 et
3249 5392 3372 5431 cum
3407 5393 3643 5446 corpore
3668 5387 3724 5433 ct

459 5490 726 5561 sanguine
755 5489 955 5543 Christi
986 5507 1151 5543 unum
1188 5499 1592 5544 sacramentum
1616 5487 1851 5543 efficiant
1873 5495 1927 5541 et
1949 5489 2025 5540 sic
2055 5486 2408 5554 explicandus
2438 5499 2520 5542 cSt
2571 5499 2764 5544 auctor
2803 5491 3044 5561 epistola:
3085 5491 3153 5545 ad
3193 5491 3514 5558 Cmsarium,
3562 5507 3725 5562 quem

462 5621 573 5676 prae
598 5603 772 5659 oculis
803 5609 934 5656 tunc
959 5602 1152 5657 habuit
1172 5602 1412 5658 Joannes
1433 5601 1805 5658 Damascenus
1837 5617 1850 5653 :
1882 5600 2025 5671 quod
2050 5601 2194 5656 enim
2227 5601 2376 5669 dicit,
2421 5603 2650 5660 Etiamsi
2673 5617 2868 5660 natura
2894 5607 3047 5677 panis
3097 5616 3369 5670 remansit,
3397 5612 3465 5662 de
3509 5607 3726 5677 specie—

463 5725 568 5779 bus
597 5729 651 5779 et
671 5719 1092 5791 proprietatibus
1115 5728 1327 5774 tantum
1362 5719 1521 5789 panis
1556 5717 1965 5786 intelligendum
2001 5725 2105 5774 cst.
2127 5716 2314 5790 Ncqttc
2342 5721 2489 5776 enim
2526 5737 2721 5792 negare
2751 5724 2922 5778 voluit
2961 5724 3050 5780 illc
3083 5723 3440 5779 mutationem
3489 5726 3651 5793 panls
3676 5732 3731 5781 et
