4064 6218
349 273 452 330 ππ
517 310 520 312 ν
1032 276 1088 329 S.
1132 267 1417 330 JOANNIS
1449 271 1938 328 CHBYSOSTOMI
1977 272 2293 328 ARCHIEP.
2334 271 2882 328 CONSTANTINOP.
3466 254 3616 326 755’

1647 400 3563 432 Μ

1013 405 2072 432 mm

1587 603 2342 718 ΡΒᾹΞΡΑΤΙΟ

897 826 1007 887 CL.
1065 827 1138 888 V.
1201 826 1514 890 EMEBICI
1564 829 1848 890 BIGOTII
1899 828 1978 888 IN
2036 825 2459 887 EPISTOLAM
2513 825 3036 886 CHRYSOSTOMI

1518 1009 1602 1050 AD
1649 1007 1977 1051 CESARIUM
2032 1007 2420 1062 MONACHUM,
2509 1002 2512 1004 ⁷

352 1178 485 1246 Qut:
521 1176 623 1246 fuit
661 1191 937 1244 suppressa
975 1175 1026 1227 in
1067 1174 1291 1228 editione
1330 1173 1566 1228 Palladii
1620 1175 1684 1228 de
1747 1173 1868 1226 Vita
1911 1173 2304 1244 Chrysostomi,
2342 1163 2566 1227 Parisiis
2622 1174 2838 1242 uulgata
2890 1175 3030 1242 apud
3069 1163 3282 1227 viduam
3321 1174 3594 1230 Edmundi

1681 1265 1903 1320 Martini
1933 1283 2070 1320 anno
2102 1265 2260 1321 1680.

425 1444 572 1516 1741]
606 1441 757 1497 Hanc
780 1442 1078 1496 orationem
1106 1442 1350 1510 sequitur
1385 1440 1612 1509 epistola
1641 1439 1707 1494 ad
1739 1439 2033 1495 Caesarium
2074 1439 2402 1494 monachum
2422 1480 2437 1504 ,
2469 1456 2590 1510 quae
2619 1441 2747 1495 licet
2785 1440 2962 1494 nitore
3007 1456 3109 1495 suo
3139 1440 3352 1506 nativo,
3398 1441 3450 1494 id
3499 1449 3589 1496 est

353 1535 540 1590 Graeco
567 1534 806 1603 eloquio,
832 1535 1108 1598 destituta,
1144 1533 1498 1587 nihilominus
1528 1533 1630 1586 sub
1658 1531 1780 1586 velo
1809 1532 2009 1588 veteris
2043 1531 2248 1586 Latina
2278 1532 2743 1602 interpretationis
2774 1533 3036 1588 mirificos
3067 1533 3388 1603 eloquentiae
3416 1532 3590 1586 diser-

351 1630 548 1685 tissimi
578 1628 819 1684 doctoris
848 1628 1032 1683 radios
1053 1628 1291 1682 exhibet.
1323 1627 1539 1682 Primus
1567 1627 1661 1696 qui
1689 1627 1896 1682 ultimis
1925 1628 2259 1696 temporibus
2289 1626 2454 1695 hujus
2482 1627 2730 1680 meminit
2773 1627 3048 1696 epistola,
3093 1627 3194 1682 fuit
3229 1625 3422 1680 Petrus
3449 1623 3594 1677 Mar-

353 1738 439 1798 tyr
469 1725 835 1787 Florentinus,
866 1725 957 1794 qui
987 1739 1054 1778 ex
1083 1739 1148 1778 ea
1179 1724 1358 1777 locum
1385 1723 1674 1792 quemdam
1703 1723 1926 1792 protulit
1954 1724 2009 1777 in
2036 1721 2197 1778 Locis
2235 1724 2638 1778 communibus.
2675 1723 2929 1778 lnsolitus
2970 1723 3226 1792 loquendi
3268 1722 3337 1776 de
3380 1721 3600 1776 Eucha-

350 1817 505 1871 ristia
537 1817 753 1881 modus,
785 1815 879 1886 qui
907 1830 973 1870 ex
1002 1830 1065 1869 ea
1096 1813 1449 1880 referebatur,
1477 1829 1507 1869 a
1532 1813 1762 1870 Joannis
1790 1815 2167 1885 Chrysostomi
2217 1815 2404 1884 phrasi
2437 1831 2502 1870 ac
2550 1815 2709 1886 genio
2749 1829 2973 1884 prorsus
3016 1815 3246 1879 alienus,
3278 1813 3509 1867 lectores
3542 1811 3598 1865 in

351 1911 596 1966 diversas
625 1909 791 1964 traxit
820 1907 1150 1973 sententias;
1182 1909 1304 1963 aliis
1335 1908 1731 1978 supposititiam
1780 1923 1902 1964 esse
1946 1907 2360 1971 allirmantibus,
2412 1908 2536 1963 aliis
2583 1923 2680 1978 pro
2733 1909 2872 1962 virili
2919 1906 3372 1982 contendentibus
3411 1917 3596 1959 veram

350 2019 474 2060 esse
502 2019 567 2059 ac
617 2004 928 2073 genuinam,
986 2016 1178 2056 omnes
1233 2002 1497 2069 integram
1549 2001 1732 2056 videre
1779 2015 1991 2055 summe
2037 2000 2398 2069 concupivere
2428 2018 2443 2054 :
2473 2000 2870 2067 dolueruntque
2902 1999 3118 2054 Petrum
3161 1997 3474 2068 Martyrem,
3501 1994 3601 2065 qui

349 2079 561 2170 primus
596 2099 664 2155 de
691 2114 755 2153 ea
790 2098 1114 2152 mentionem
1148 2097 1430 2164 injecerat,
1462 2096 1687 2150 minime
1711 2097 1983 2150 indicasse
2010 2110 2117 2164 qua
2168 2095 2221 2149 in
2262 2095 2588 2149 bibliotheca
2639 2103 2876 2149 exstaret
2927 2094 3093 2148 codex
3152 2091 3252 2147 Ms.
3305 2090 3600 2162 Florentia:

351 2195 667 2250 delitescere
695 2193 939 2248 omnium
965 2201 1084 2247 erat
1118 2192 1378 2262 suspicio,
1406 2192 1535 2261 quia
1567 2191 1918 2245 Florentinus
1950 2189 2052 2244 fuit
2080 2189 2277 2245 Petrus
2306 2189 2529 2260 Martyr,
2565 2189 2660 2245 sed
2699 2189 2813 2254 ubi,
2845 2188 2914 2243 ab
2945 2188 3200 2243 omnibus
3229 2187 3594 2242 nesciebatur.

352 2283 481 2338 Mihi
510 2300 632 2354 quae
657 2283 873 2338 fortuna
913 2284 1120 2339 faverat
1149 2285 1204 2337 in
1232 2284 1554 2353 reperienda
1583 2293 1840 2339 contextu
1886 2284 2076 2341 Graeco
2107 2285 2164 2339 S.
2191 2283 2415 2340 Joannis
2458 2283 2864 2354 Chrysostomi,
2906 2283 2995 2338 hic
3036 2283 3198 2338 etiam
3242 2296 3352 2336 non
3397 2279 3593 2334 defuit.

350 2377 486 2447 Ejus
513 2377 790 2443 exemplar
820 2377 996 2445 reperi
1036 2377 1175 2445 apud
1209 2375 1322 2429 RR.
1348 2375 1452 2431 PP.
1486 2375 1894 2442 Dominicanos,
1929 2378 1983 2431 in
2017 2376 2348 2432 Monasterio
2393 2375 2450 2431 S.
2486 2375 2675 2430 Marci.
2723 2375 2894 2443 Cujus
2936 2383 2988 2430 te
3025 2375 3078 2429 in
3122 2383 3325 2444 partem
3365 2372 3598 2444 ὲρμαίου

351 2467 540 2523 venire
570 2466 746 2521 libens
777 2467 991 2536 patior;
1027 2481 1126 2521 nec
1161 2475 1419 2536 exspecto
1444 2477 1506 2521 ut
1534 2467 1668 2521 mihi
1701 2469 2003 2523 succlames
2049 2469 2104 2522 in
2156 2482 2467 2534 commune,
2519 2468 2697 2531 κοινὸς
2735 2469 2960 2540 Ἑρμῆς,
3002 2467 3046 2522 si
3087 2466 3252 2521 modo
3295 2464 3511 2520 exorari
3549 2471 3606 2518 te

353 2567 523 2632 sinas,
551 2576 609 2621 ut
637 2564 866 2631 benigna
899 2563 1342 2633 interpretatione
1371 2563 1637 2626 emollias,
1671 2579 1792 2634 qua:
1822 2565 2137 2620 duriuscule
2169 2574 2369 2620 sonant
2396 2565 2462 2620 de
2487 2564 2844 2620 Eucharistiae
2885 2572 3226 2620 sacramento
3249 2603 3265 2628 ,
3299 2572 3354 2617 et
3388 2562 3446 2616 in
3482 2575 3606 2615 me-

352 2658 584 2713 moriam
614 2671 837 2711 revoces
868 2663 946 2710 tot
967 2665 1022 2709 et
1047 2665 1156 2710 tam
1188 2655 1426 2724 insignes
1458 2655 1632 2716 locos,
1666 2655 1720 2709 in
1751 2656 1950 2725 quibus
1976 2656 2111 2711 adeo
2141 2657 2441 2711 luculenter
2477 2656 2544 2710 de
2588 2656 2691 2712 boc
2737 2665 3086 2711 sacrosancto
3126 2655 3388 2727 mysterio
3418 2651 3606 2724 loqui-

353 2756 444 2802 tur
483 2745 724 2802 Joannes
755 2755 975 2812 noster,
1007 2753 1069 2799 ut
1105 2745 1295 2800 doctor
1339 2745 1696 2800 Eucharistia:
1743 2747 1926 2800 vocari
1973 2748 2234 2802 meruerit
2265 2765 2279 2803 :
2316 2747 2456 2802 sicut
2509 2746 2566 2802 S.
2613 2747 2951 2817 Augustinus
2983 2747 3174 2807 doctor
3210 2745 3408 2801 Gratiae
3437 2748 3605 2817 vulgo

350 2841 695 2910 praedicatur.
730 2839 852 2894 Dixi
878 2839 1097 2895 Petrum
1125 2840 1418 2910 Martyrem
1447 2839 1741 2909 postremis
1773 2842 2110 2910 temporibus
2154 2842 2319 2911 hujus
2357 2843 2601 2912 epistola:
2649 2843 2986 2907 meminisse,
3033 2857 3155 2912 qua:
3190 2851 3349 2896 antea
3398 2841 3605 2897 Graecis

354 2929 603 2987 Patribus
634 2931 920 2987 notissima
953 2930 1156 2996 fuerat,
1184 2940 1370 3000 utpote
1406 2931 1501 3000 qui
1540 2932 1712 2985 multa
1741 2931 2053 2987 testimonia
2098 2949 2166 2988 ex
2211 2949 2274 2988 ea
2320 2934 2582 2989 adversus
2625 2934 3031 3006 Monophysitas
3066 2945 3120 2989 et
3153 2934 3458 3004 Acephalos
3503 2939 3607 2987 ad-

352 3023 640 3090 duxerunt,
675 3033 736 3078 ut
767 3024 1059 3079 observare
1092 3024 1217 3078 licet
1255 3025 1308 3076 in
1337 3023 1481 3076 notis
1511 3039 1648 3093 quas
1677 3024 1910 3096 margini
1944 3026 2194 3094 apposui,
2227 3026 2517 3080 indicando
2550 3027 2780 3082 Codices
2822 3043 2889 3081 ex
2941 3029 3141 3096 quibus
3198 3035 3403 3082 textum
3450 3027 3606 3082 Grae-

352 3128 480 3169 cum
517 3115 660 3184 apud
690 3115 813 3170 illos
841 3114 1029 3169 Patres
1063 3129 1091 3168 a
1125 3129 1214 3168 me
1242 3114 1523 3168 inventum
1555 3115 1842 3184 descripsi.
1883 3115 2150 3172 Craterum
2182 3117 2273 3170 ubi
2310 3119 2633 3172 deﬁciebant
2666 3120 2830 3174 verba
2855 3119 3062 3183 Graeca,
3107 3134 3275 3173 vacua
3313 3120 3606 3174 columna-

354 3225 477 3264 rum
514 3211 688 3279 spatia
721 3209 934 3280 reliqui,
968 3225 1065 3264 nec
1089 3225 1284 3279 passus
1314 3225 1434 3264 sum
1463 3225 1525 3264 ea
1547 3212 1784 3279 punctis,
1808 3220 1904 3264 aut
1936 3212 2170 3274 lineolis.
2201 3213 2344 3266 sicut
2371 3213 2715 3268 librariorum
2758 3230 2876 3270 mos
2916 3223 3018 3278 est,
3047 3215 3264 3283 repleri,
3298 3224 3356 3268 ut
3388 3215 3606 3283 possint

355 3304 488 3359 inihi
518 3304 616 3358 viri
648 3305 847 3360 eruditi
891 3306 1052 3360 verba
1077 3304 1260 3360 Graeca
1301 3305 1600 3370 ascribere,
1635 3306 1681 3359 si
1717 3308 1937 3374 quando
1965 3322 2027 3360 ea
2071 3307 2397 3361 invenerint.
2432 3307 2568 3362 Cum
2599 3309 2743 3361 enim
2787 3307 3158 3376 experimento
3189 3307 3451 3369 noverim,
3483 3320 3600 3375 quo

355 3418 508 3467 casu,
540 3415 713 3470 quave
742 3399 952 3453 fortuna
987 3397 1038 3451 in
1071 3414 1134 3452 ea
1162 3415 1284 3468 qua:
1313 3399 1521 3453 attexui
1557 3399 1868 3454 testimonia
1911 3398 2215 3462 ineiderim,
2260 3415 2366 3452 non
2419 3399 2647 3468 despero
2698 3399 2767 3454 ab
2813 3400 2936 3452 aliis
2989 3399 3097 3452 alia
3148 3414 3310 3469 posse
3343 3397 3597 3452 inveniri.

354 3491 597 3561 Quisque
628 3491 940 3560 experiatur
972 3491 1062 3544 cui
1095 3490 1309 3545 fortuna
1336 3493 1441 3545 erit
1471 3490 1736 3545 faventior
1763 3509 1778 3557 ;
1819 3501 1870 3545 et
1898 3491 1942 3546 si
1978 3492 2064 3546 cui
2095 3507 2156 3545 ea
2190 3493 2660 3554 obsecundaverit.
2705 3493 2751 3547 is
2779 3508 2846 3547 ne
2891 3470 3108 3562 publico
3133 3492 3391 3552 invideat,
3422 3504 3605 3559 neque

354 3583 495 3652 apud
529 3599 588 3638 se
622 3583 837 3636 inventa
869 3581 1119 3651 privatim
1145 3582 1403 3636 detineat.
1430 3581 1535 3648 Qui
1571 3592 1780 3636 veteres
1807 3583 1976 3636 libros
2001 3591 2270 3649 tractant,
2309 3593 2511 3638 norunt
2558 3585 2762 3637 nullam
2807 3583 3006 3638 veteris
3056 3583 3430 3652 cujuscunque
3473 3581 3606 3636 libri

355 3673 676 3737 editionem,
706 3691 828 3743 qua:
852 3691 917 3729 ex
958 3675 1120 3730 unico
1155 3676 1451 3745 exemplari
1503 3675 1667 3730 fuerit
1707 3684 1886 3741 eruta,
1933 3677 2218 3747 hucusque
2267 3678 2539 3748 prodiisse
2575 3677 2724 3732 omni
2771 3693 2837 3731 ex
2880 3688 3032 3747 parte
3068 3677 3387 3748 perfectam.
3438 3675 3605 3730 Manu

317 3831 320 3839 ν
356 3768 560 3819 exarati
590 3765 814 3847 Qodices
843 3775 1060 3822 mutuas
1090 3766 1322 3820 aliorum
1351 3777 1652 3838 expOscunt
1681 3782 1899 3837 operas,
1944 3776 2004 3822 ut
2035 3768 2182 3838 quod
2213 3769 2268 3823 in
2299 3784 2408 3824 uno
2433 3778 2753 3839 corruptum
2778 3779 2882 3831 est,
2909 3769 2978 3824 ab
3011 3769 3120 3824 alio
3142 3777 3405 3834 sanetur;
3449 3768 3603 3837 quod

2450 4130 3588 4157 ._____—_—————————,._——____—-—-

2442 4148 3594 4174 Ψ

324 4153 2437 4186 W

1473 4265 1900 4408 INCIPIT
1938 4314 2489 4401 EPISTOLA

322 4693 512 4738 ΒΕΔΤΙ
568 4697 826 4742 JOANNIS
897 4696 1176 4741 EPISCOPI
1235 4683 1967 4739 CONSTANTINOPOLITAN!
2039 4683 2122 4726 AD
2165 4677 2498 4722 CﬁSARIUM
2566 4672 2921 4719 MONACIIUM
2992 4669 3288 4712 TEMPORE
3331 4666 3604 4712 εεευιειη

1794 4781 2023 4826 EXSIIJI
2066 4780 2186 4823 SL‘l.

1893 5118 2053 5176 (ἔξω

2063 5139 2344 5154 σῂ-ἠ

1618 5142 1890 5156 Μ

389 5275 722 5345 Inspeximus
775 5277 956 5335 literas
1009 5287 1115 5334 tua;
1168 5274 1482 5332 reverentia:
1504 5314 1519 5339 ,
1579 5271 1907 5341 inspeximus
2017 5279 2154 5330 tem,
2181 5277 2233 5320 et
2257 5269 2548 5337 ἀκραιφνῶς,
2583 5263 2632 5318 id
2665 5271 2747 5318 est
2779 5267 3167 5321 consummate,
3196 5257 3336 5311 circa
3363 5256 3616 5324 pietatem

318 5377 495 5421 autem
527 5381 633 5422 non
661 5377 854 5437 praeter
873 5369 1170 5441 lacrymas;
1201 5366 1469 5438 quomodo
1510 5365 1652 5420 enim
1679 5378 1785 5418 non
1828 5362 1904 5415 la-
2014 5375 2072 5415 se
2102 5359 2405 5421 habentem,
2429 5355 2602 5409 subito
2633 5354 3001 5409 hmreticorum
3024 5349 3256 5420 jaetibus
3286 5345 3538 5419 lapsum?

319 5461 698 5530 crymabimur,
738 5469 792 5516 et
832 5461 1062 5515 animam
1113 5461 1281 5530 ipsam
1327 5459 1513 5514 dolore
1558 5455 1903 5519 conﬁcimus,

2012 5484 2192 5540 vitam;
2217 5481 2470 5544 imperitus
2492 5487 2754 5542 tnterprcs,
2778 5475 3076 5544 singulath
3102 5471 3249 5544 vitant
3270 5481 3293 5544 A:
3323 5467 3609 5544 quspsyi-

321 5528 560 5608 videntes
582 5551 796 5609 fratrem
825 5528 1148 5622 singularem
1171 5551 1337 5605 vitam
1359 5551 1376 5584 ¹
1403 5564 1435 5604 a
1458 5547 1684 5619 pueritia
1707 5545 1904 5616 cligen-
2583 5528 3612 5622 ξ]ξιίιθεινιξεξιιεξβίςὲᾖιθεῖ

2010 5610 2112 5659 sius
2133 5609 2182 5657 in
2205 5598 2417 5656 t'listoria'
2431 5598 2714 5654 Arianorum
2733 5603 2792 5651 ad
2831 5598 3107 5660 monachos,
3146 5613 3222 5654 ut;
3260 5606 3320 5644 τὸν
3364 5603 3499 5652 μιγείη
3533 5600 3611 5648 βίοι

385 5686 402 5716 ί
422 5681 470 5744 Ln
506 5684 671 5737 Graeco
690 5693 794 5738 erat
826 5685 954 5736 haud
987 5684 1156 5747 dubie,
1195 5695 1256 5734 saw
1295 5695 1427 5745 Mn
1467 5696 1574 5743 p2",
1596 5684 1904 5730 monasticam

1363 5695 1427 5745 ,επ
1467 5696 1543 5743 βὶον
1562 5721 1574 5739 ,
1596 5684 1904 5730 monasticam
2011 5683 2181 5732 ἐσιοῦσι,
2205 5667 2514 5720 monasticam
2536 5665 2681 5718 vitam
2703 5661 2968 5730 agentibus.
