4064 6218
306 390 416 446 ῗ55
1447 387 1541 443 ΑΙ)
1579 387 1911 445 CAESARIU

1934 389 1955 443 ί
1993 386 2396 444 MONACIIUM.
3435 397 3539 454 756

307 492 364 547 in
406 490 779 546 unolvetustas
803 491 1189 556 obliterarerit,
1224 492 1292 546 ab
1329 493 1437 547 alio
1486 501 1658 548 lucem
1693 493 1943 562 accipiat.
1994 492 2109 550 Hoc
2152 509 2340 550 verum
2381 510 2503 551 esse
2556 493 2624 551 de
2662 497 2860 554 Codice
2903 498 3066 570 hujus
3111 501 3351 573 epistola:
3393 498 3552 558 lateri

306 599 500 657 cogor;
535 587 627 658 qui
660 583 784 639 licet
807 594 877 640 stt
901 600 1168 639 utiliorum
1204 586 1327 653 500,
1360 604 1550 656 parum
1589 598 1766 642 tamen
1805 591 2088 644 emendate
2117 591 2354 660 scriptus
2388 599 2493 651 est.
2525 599 2581 647 et
2623 607 2778 662 opem
2829 610 2858 649 a
2907 594 3094 653 Crteco
3144 600 3415 667 praecipue
3447 599 3551 652 Co-

308 682 448 743 dice,
484 689 580 736 aut
601 683 670 737 ab
705 684 812 736 alio
843 685 1032 737 saltem
1065 683 1274 747 Latino,
1306 684 1566 752 postulat.
1599 684 1657 736 ln
1705 697 1773 738 eo
1819 698 1981 753 quem
2028 683 2159 749 vidi,
2207 683 2498 752 aliquando
2548 698 2708 738 voces
2750 686 3020 739 continua:
3058 696 3204 747 sunt,
3248 687 3541 756 aliquando

309 775 539 845 simplex
569 777 770 831 vocalis
809 776 847 828 E
881 793 977 844 pro
1010 778 1344 847 diphthongo
1372 775 1438 830 ΑΞ
1473 776 1675 844 scripta
1709 775 1848 841 fuit;
1877 773 1919 827 T
1949 789 2049 844 pro
2079 774 2143 839 ι),
2181 783 2236 829 et
2273 776 2390 829 vice
2415 789 2567 829 versa
2597 773 2640 826 D
2684 790 2782 844 pro
2809 774 2889 841 T;
2927 777 3107 832 verbis
3135 777 3423 847 aliquando
3465 779 3537 834 ita

309 871 606 939 corruptis,
642 882 700 926 ut
737 871 804 924 ad
837 872 1121 925 sanitatem
1161 872 1344 926 reduci
1378 871 1600 923 minime
1632 869 1844 938 possint
1874 869 2082 938 absque
2112 868 2358 923 subsidio
2383 869 2611 922 aliorum
2641 869 2924 924 Codicum.
2961 869 3092 935 Quae
3118 872 3420 926 scribarum
3452 871 3541 926 in-

306 963 462 1016 curia
494 963 776 1023 deterruit.
808 964 1021 1031 Opinor,
1050 963 1262 1016 Petrum
1295 961 1580 1032 Martyrem
1609 962 1678 1014 ab
1704 976 1768 1014 ea
1817 961 2044 1014 edenda.
2078 959 2257 1015 Taceo
2291 961 2808 1029 interpretationem,
2858 977 2980 1030 qua:
3034 964 3216 1018 minus
3266 973 3539 1031 accurata,

309 1056 422 1111 imo
451 1057 609 1126 plane
634 1057 862 1110 barbara
893 1057 1124 1110 videtur.
1156 1056 1266 1122 ligo
1291 1056 1376 1109 bis
1402 1056 1656 1109 omnibus
1687 1053 1854 1108 meris
1890 1054 2120 1108 lectores
2144 1054 2433 1109 benevolos
2466 1069 2806 1125 nequaquam
2841 1056 3102 1111 oll‘ensum
3143 1057 3205 1110 iri
3249 1058 3541 1114 arbitratus

309 1163 467 1214 sum;
501 1150 610 1203 imo
637 1165 755 1203 eam
783 1149 1011 1202 libenter
1047 1159 1368 1217 excepturos
1416 1157 1544 1216 puto
1577 1162 1739 1214 quam
1790 1145 1985 1199 datnus
2038 1145 2343 1214 epistolam,
2390 1146 2580 1200 Latine
2630 1162 2850 1217 quoque
2906 1147 3067 1202 modo
3099 1164 3329 1213 versam,
3383 1150 3541 1220 cujus

309 1241 672 1310 fragmentum
704 1256 734 1294 a
763 1239 924 1294 Petro
948 1239 1182 1310 Martyre
1204 1241 1430 1300 editum.
1456 1238 1793 1292 eruditorum
1829 1237 2040 1290 animos
2069 1238 2274 1306 pridem
2303 1238 2629 1293 sollicitavit.
2667 1238 2799 1304 Quis
2827 1240 2969 1295 enim
3001 1240 3132 1294 illud
3176 1257 3298 1296 cum
3329 1241 3538 1312 legerit,

306 1331 536 1387 Joannis
565 1332 937 1403 Chrysostomi
963 1346 1193 1386 mentem
1224 1333 1499 1400 percipere
1537 1340 1718 1401 queat,
1751 1347 1818 1385 ex
1850 1345 2026 1399 eoque
2078 1333 2528 1395 animadvertere.
2564 1348 2670 1402 qua
2715 1334 3023 1397 occasione,
3065 1351 3176 1403 quo
3209 1337 3392 1389 animo
3424 1337 3541 1406 ejus

304 1426 472 1480 verba
499 1425 699 1492 scripta
729 1424 900 1479 sunt?
930 1423 986 1477 In
1014 1439 1079 1480 ea
1107 1439 1270 1492 porro
1307 1424 1530 1490 epistola
1562 1424 1746 1476 mirari
1794 1423 1916 1477 licet
1951 1437 2234 1493 summam_
2268 1431 2322 1477 et
2348 1424 2625 1478 insolitam
2665 1423 2761 1479 Dei
2802 1425 3161 1480 amantissimi
3206 1427 3307 1480 viri
3347 1429 3544 1482 carita-

310 1532 442 1584 tem,
473 1519 567 1588 qui
598 1519 724 1573 licet
756 1518 1054 1572 innumeris
1076 1518 1332 1572 aerumnis
1365 1531 1658 1585 oppressus
1690 1525 1857 1580 esset,
1891 1523 2055 1585 atque
2089 1517 2365 1570 continuis
2400 1517 2699 1574 terroribus
2726 1520 2796 1572 ob
2830 1518 3136 1572 Isaurorum
3178 1519 3539 1586 incursiones,

310 1625 372 1672 ut
399 1616 516 1684 ipse
539 1615 728 1670 scribit
754 1615 806 1667 in
839 1613 1083 1682 epistolis
1106 1612 1171 1665 ad
1198 1610 1348 1682 [74:2]
1376 1610 1768 1681 Olympiadem,
1803 1625 1938 1680 pene
1964 1611 2392 1674 exanimaretur,
2429 1611 2783 1666 nihilominus
2815 1627 2937 1666 cum
2966 1611 3205 1666 audisset
3239 1609 3540 1668 Caesarium

309 1707 638 1763 monachum
669 1705 904 1760 amicum
940 1719 1099 1759 suum
1135 1705 1185 1755 iu
1226 1701 1557 1772 Apollinaris
1586 1712 1640 1755 et
1663 1699 2068 1754 Συνουσιαστῶν
2096 1701 2348 1755 haeresim
2374 1700 2649 1764 incidisse,
2687 1717 2810 1756 eum
2844 1717 2944 1771 pro
2973 1702 3274 1758 incredibili
3320 1720 3417 1758 sua
3447 1707 3538 1758 bo.

308 1804 478 1857 nitate
511 1801 578 1855 ab
607 1798 797 1853 ἥξεινεεί
824 1809 1067 1854 avertere
1096 1807 1258 1866 atque
1289 1798 1341 1850 in
1377 1796 1601 1850 sincerae
1630 1795 1844 1864 pietatis
1881 1792 2023 1849 viam
2056 1809 2312 1848 revocare
2342 1794 2442 1848 hac
2466 1795 2693 1864 epistola
2728 1795 2948 1850 molitus
2976 1804 3080 1850 est.
3110 1795 3381 1862 Quantum
3413 1813 3542 1853 vero

307 1893 638 1964 Apollinaris
670 1893 891 1947 haeresis
921 1902 1033 1946 tum
1061 1900 1418 1962 grassaretur,
1450 1896 1504 1944 et
1527 1905 1690 1959 quam
1719 1889 1918 1943 multos
1948 1889 2258 1953 invasisset,
2287 1903 2351 1942 ex
2384 1903 2448 1942 eo
2487 1889 2742 1959 colligere
2767 1889 2908 1953 licet,
2941 1889 3084 1959 quod
3119 1900 3302 1945 contra
3333 1890 3543 1961 Apolli-

309 1989 544 2043 naristas
571 1997 625 2042 et
664 1985 1013 2057 Synusiastas
1051 1986 1389 2054 scripserunt
1441 1983 1710 2038 Diodorus
1755 1981 2043 2036 Tarsensis
2091 1980 2399 2051 episcopus,
2455 1995 2618 2050 quem
2661 1997 2825 2050 supra
2874 1982 3186 2043 memoravi.
3242 1981 3535 2051 Gregorius

307 2077 607 2150 Nyssenus,
638 2077 874 2148 Cyr-illus
923 2077 1342 2140 Alexandrinus,
1377 2075 1696 2130 Theodorus
1744 2073 2177 2142 Mopsuestenus,
2224 2072 2555 2142 Theophilus
2599 2073 3016 2140 Antiochensis,
3064 2083 3124 2129 ut
3170 2075 3308 2130 alios
3355 2075 3538 2144 plures

307 2173 578 2227 omittam.
611 2171 786 2240 Atque
819 2180 880 2224 ut
911 2171 980 2224 ab
1008 2185 1072 2224 eo
1101 2185 1285 2224 errore
1308 2169 1602 2224 Caesarium
1630 2174 1904 2221 revocaret
1944 2164 2202 2231 Joannes,
2237 2179 2470 2234 eumque
2507 2165 2573 2218 ad
2608 2165 2928 2220 catholicam
2961 2165 3141 2231 iidem,
3171 2180 3293 2234 quae
3321 2165 3458 2218 duas
3487 2165 3541 2218 in

306 2265 530 2320 Christo
557 2273 781 2340 naturas
820 2262 1136 2317 ineoulusas
1159 2261 1262 2315 sub
1295 2275 1399 2314 una
1426 2273 1655 2329 persona
1687 2258 1997 2321 conﬁtetur,
2045 2257 2272 2326 epistola
2313 2256 2624 2321 reduceret,
2676 2255 3133 2325 comparationem
3173 2256 3241 2310 ab
3281 2255 3545 2309 Euchari-

307 2358 430 2414 stia:
451 2367 798 2412 sacramento
833 2364 1131 2419 mutuatur,
1160 2355 1213 2408 in
1244 2369 1354 2424 quo
1388 2353 1546 2423 panis
1575 2360 1698 2422 post
1728 2352 2223 2417 consecrationem,
2251 2366 2359 2405 non
2383 2351 2497 2421 jam
2527 2353 2704 2420 panis.
2735 2353 2828 2406 sed
2875 2365 3076 2420 corpus
3115 2351 3318 2406 Christi
3361 2350 3542 2436 appel-

294 2443 409 2508 lari
431 2450 628 2519 dignus
656 2450 922 2514 efﬁcitur;
953 2449 1179 2502 Etiamsi
1209 2457 1400 2502 natura
1425 2449 1602 2517 panis,
1639 2447 1832 2515 inquit,
1866 2447 1923 2500 in
1952 2448 2064 2515 ipso
2095 2448 2406 2514 permansit,
2436 2455 2485 2500 et
2515 2463 2618 2499 non
2645 2447 2750 2500 duo
2779 2463 3019 2515 corpora,
3051 2447 3140 2500 sed
3171 2463 3332 2498 unum
3361 2461 3548 2514 corpus

310 2533 441 2594 Filii
469 2541 813 2610 praedicatur.
843 2539 1051 2606 Quibus
1074 2539 1254 2594 verbis
1281 2547 1504 2594 sanctus
1535 2539 1724 2593 doctor
1750 2553 1930 2592 veram
1964 2553 2028 2592 ac
2057 2539 2280 2603 realem,
2312 2546 2373 2591 ut
2408 2546 2624 2602 vocant,
2656 2539 2903 2607 corporis
2939 2538 3241 2594 Christi-in
3286 2538 3549 2594 Euchari-

310 2635 414 2690 stia
445 2636 786 2706 praesentiam
816 2634 1090 2703 supponit,
1119 2645 1170 2688 et
1197 2633 1480 2703 agnoscit;
1521 2632 1656 2686 alias
1679 2641 1824 2687 certe
1850 2632 1996 2686 nulla
2031 2643 2176 2687 esset
2213 2649 2338 2688 cum
2389 2634 2623 2688 humana
2675 2649 2740 2688 ac
2778 2634 2958 2688 divina
3001 2634 3054 2688 in
3095 2634 3311 2689 Christo
3354 2643 3547 2690 natura

312 2729 674 2785 Eucharistite
697 2729 1052 2799 comparatio.
1075 2727 1194 2796 Ipse
1223 2727 1645 2798 Chrysostomus
1673 2725 1830 2780 Hom.
1855 2727 1890 2779 2
1913 2746 1917 2779 :

1949 2727 1978 2780 d
2003 2727 2187 2796 pepul.
2225 2727 2682 2782 Antiochensem:
2722 2727 2780 2780 '0
2811 2728 2909 2798 μὲν
2931 2727 3039 2798 γὰρ
3080 2727 3263 2791 Ἠλίας
3293 2727 3547 2798 μηλωτὴν

311 2820 492 2890 ἀφῆκε
520 2821 596 2891 τῷ
628 2821 862 2891 μαθητῇ,
893 2822 921 2873 ὁ
948 2819 1004 2872 δὲ
1033 2818 1160 2881 Υἱὸς
1187 2817 1278 2870 τοῦ
1307 2818 1440 2871 Θεοῦ
1471 2818 1797 2883 ἀναϐαίνων,
1827 2804 1926 2886 ’ἑὴν
1955 2817 2135 2888 σάρκα
2163 2819 2294 2887 ἡμῖν
2335 2817 2598 2870 κατέλιπε
2634 2817 2732 2887 τὴν
2779 2816 2991 2870 ἑαυτοῦ·
3037 2817 3150 2871 ἀλλ’
3177 2819 3206 2871 ὁ
3236 2818 3334 2887 μὲν
3363 2819 3550 2882 Ἠλίας

310 2914 738 2983 ἀποδυσάμενος,
769 2915 798 2966 ὁ
827 2913 885 2966 δὲ
915 2911 1146 2982 Χριστὸς
1175 2912 1272 2964 καὶ
1300 2913 1434 2982 ἡμῖν
1463 2911 1738 2973 κατέλιπε,
1769 2913 1863 2964 καὶ
1891 2911 1915 2963 ἒ

1946 2928 2030 2980 [ων
2063 2911 2234 2980 αὐτὴν
2257 2910 2454 2978 ἀνῆλθε
2481 2929 2493 2964 :
2529 2909 2713 2963 Ilelias
2742 2911 2880 2964 enim
2908 2911 3130 2980 pallium
3159 2912 3368 2982 reliquit
3395 2913 3551 2966 disci-

311 3003 436 3071 pulo
465 3021 582 3070 suo,
615 3004 710 3058 Dei
741 3014 914 3058 autem
947 3005 1122 3059 Filius
1152 3003 1433 3057 ascendens
1465 3002 1516 3055 in
1548 2997 1735 3054 ca'lum
1764 3001 1908 3053 nobis
1938 3017 2147 3054 carnem
2177 3017 2327 3054 suam
2366 3000 2576 3070 reliquit
2606 3014 2626 3055 :
2669 3002 2760 3056 sed
2800 3001 2986 3056 Helias
3014 3019 3067 3056 se
3094 3004 3276 3069 exuit;
3309 3003 3550 3059 Christus

312 3110 435 3148 vero
461 3107 510 3149 et
542 3112 751 3148 carnem
781 3113 931 3149 suam
964 3097 1110 3149 nobis
1142 3094 1372 3163 reliquit,
1403 3095 1672 3162 ipsamque
1700 3093 1894 3146 habens
1923 3093 2177 3147 ascendit.
2210 3090 2278 3145 Et
2311 3091 2468 3148 Hom.
2500 3093 2570 3148 85
2608 3093 2662 3148 in
2698 3093 3004 3148 Matthzeum
3035 3113 3049 3149 :
3107 3094 3262 3149 Οὕτω
3315 3097 3410 3151 καὶ
3461 3097 3554 3150 ἐπὶ

313 3185 423 3236 τῶν
459 3185 768 3254 μυστηρίων
797 3185 1059 3256 ποιῶμεν,
1078 3187 1137 3238 οὐ
1168 3188 1278 3247 τοῖς
1306 3185 1576 3254 κειμένοις
1607 3183 1765 3254 μόνον
1795 3185 2173 3254 ἐμϐλέποντες,
2193 3185 2324 3239 ἀλλὰ
2340 3186 2408 3238 τὰ
2438 3188 2658 3256 ῥήματα
2684 3185 2850 3239 αὐτοῦ
2879 3186 3216 3258 κατέχωμεν.
3244 3188 3302 3242 Ὀ
3320 3189 3417 3259 μὲν
3446 3191 3555 3261 γὰρ

314 3275 474 3344 λόγος
502 3276 666 3330 αὑτοῦ
696 3277 1150 3347 ἀπαραλόγιστος,
1180 3279 1212 3347 ὴ
1245 3275 1300 3328 δὲ
1331 3274 1583 3345 αἴσθησις
1614 3276 1771 3345 ἡμᾶν
1801 3275 2219 3346 εὐεξαπάτητος.
2251 3272 2418 3341 Οὗτος
2445 3279 2698 3332 οὐδέποτε
2725 3278 2958 3340 διέπεσε,
2993 3279 3128 3351 αὕτη
3157 3281 3214 3334 δε
3241 3281 3310 3334 τὰ
3337 3281 3556 3335 πλείονα

319 3368 632 3438 σφάλλεται.
675 3367 828 3421 Ἐπεὶ
855 3364 947 3422 οὖν
976 3371 1004 3422 ὁ
1033 3368 1202 3438 Λόγος
1227 3367 1380 3438 φησι,
1415 3366 1586 3419 Τοῦτό
1618 3368 1735 3420 ἐστι
1762 3366 1824 3420 τὸ
1852 3366 2012 3435 σῶμά
2042 3383 2168 3435 μου,
2200 3368 2295 3420 καὶ
2324 3369 2659 3439 πειθώμεθα,
2689 3372 2784 3423 καὶ
2831 3370 3194 3442 πιστεύωμεν,
3226 3373 3318 3425 καὶ
3345 3377 3555 3443 νοητοῖς

319 3461 450 3514 αὐτὸ
474 3461 758 3530 βλέπωμεν
787 3461 1084 3532 ὀφθαλμοῖς
1116 3480 1130 3516 :
1164 3461 1252 3516 Sic
1279 3463 1441 3516 etiam
1474 3462 1529 3514 in
1557 3462 1819 3531 mysteriis
1851 3463 1924 3530 {at

1952 3463 2133 3526 lamus,
2166 3478 2268 3516 non
2298 3462 2392 3516 illa
2421 3480 2536 3532 quia
2578 3476 2699 3519 ante
2741 3482 2834 3520 nos
2853 3467 3032 3535 jacent
3062 3467 3387 3522 solummodo
3414 3469 3557 3538 aspi-

321 3554 534 3617 cientes,
565 3553 656 3606 sed
693 3553 847 3606 verba
887 3571 1086 3623 quoque
1123 3555 1237 3616 eius
1277 3563 1522 3606 tenentes.
1567 3551 1711 3604 Nam
1748 3563 1797 3606 et
1840 3554 2006 3607 verbis
2039 3554 2152 3622 ejus
2191 3553 2502 3621 defraudari
2535 3571 2636 3608 non
2671 3570 2970 3623 possumus,
3011 3573 3194 3612 sensus
3231 3575 3350 3613 vero
3380 3570 3558 3615 noster

320 3643 535 3709 decepta
567 3642 855 3708 facillimus
889 3652 966 3696 est
997 3659 1015 3696 :
1046 3644 1142 3695 illa
1171 3643 1308 3712 falsa
1337 3658 1448 3697 esse
1477 3658 1580 3696 non
1607 3651 1844 3711 possunt,
1873 3643 1956 3696 hic
1980 3643 2172 3712 sepius
2196 3653 2350 3712 atque
2379 3645 2568 3713 saepius
2591 3645 2817 3715 fallitur.
2844 3645 3105 3712 Quoniam
3135 3665 3256 3719 ergo
3278 3649 3369 3703 ille
3395 3651 3553 3705 dixit.

323 3735 438 3790 Hoc
468 3745 555 3791 est
587 3752 785 3805 corpus
819 3754 1021 3804 meum,
1049 3738 1352 3791 obediamus
1381 3746 1430 3792 ct
1458 3739 1756 3803 credamus,
1787 3747 1836 3790 et
1865 3738 2030 3791 oculis
2060 3737 2355 3791 intellectus
2385 3739 2440 3790 id
2469 3740 2866 3808 perspiciamus.
2895 3741 3166 3812 [ntegrum
3199 3743 3397 3796 librum
3425 3757 3557 3797 con-

323 3831 563 3898 ticerem,
596 3834 640 3888 si
675 3850 738 3888 ex
775 3833 1166 3904 Chrysostomo
1202 3835 1353 3888 locos
1381 3849 1570 3887 omnes
1594 3847 1961 3900 excerperem,
1991 3833 2044 3886 iu
2069 3833 2266 3902 quibus
2293 3833 2360 3888 de
2388 3835 2758 3890 sacratissima
2798 3833 3137 3890 Eucharistia
3181 3836 3430 3892 similiter
3471 3836 3556 3890 lo-

323 3927 544 3995 quitur;
578 3926 671 3980 sed
694 3926 870 3982 laetius
901 3940 964 3980 ac
989 3925 1264 3980 salubrius
1304 3925 1399 3978 tibi
1426 3925 1533 3979 erit
1559 3939 1653 3980 eos
1682 3925 1736 3978 in
1774 3923 1923 3978 fonte
1953 3924 2171 3995 legisse.
2241 4000 2256 4008 -

335 4268 3524 4307 ww

232 4547 245 4561 ,
311 4439 591 4518 [τδδοπε]
638 4483 664 4512 ι
694 4451 1192 4541 ΙΩΑΝΝΟΥ
1242 4399 2165 4536 ΑΡΧΙΕΠΙΣΚΟΠΟΥ
2201 4445 3522 4534 ΚΩΝΣΤΑΝΤΙΝΟΥΠΟΛΕΩΣ

732 4805 802 4860 ἐκ
851 4803 960 4874 τῆς
1003 4805 1153 4874 πρὸς
1204 4803 1528 4874 Καισάρων
1592 4802 1866 4872 μοναχὸν
1917 4801 2247 4872 ἐπιστολῆς
2293 4802 2443 4874 μετὰ
2479 4803 2592 4872 τὴν
2645 4803 2930 4874 δευτέραν
2968 4802 3154 4858 αὐτοῦ

1836 4899 2094 4968 ἐξορίαν.

1621 5227 1904 5303 (sumes
1946 5227 2264 5299 ossuum

342 5793 344 5796 ν
394 5764 426 5798 ³
448 5763 643 5816 Titulus
680 5763 850 5812 linere
876 5775 936 5810 rx
960 5767 1052 5808 'ms
1110 5761 1422 5815 bibliotheca
1455 5761 1670 5815 Colbert.
1699 5775 1758 5814 ex
1795 5769 1912 5816 ιη-

333 5835 465 5877 ctotu
490 5825 754 5889 Nic-ephori
775 5833 940 5875 contra
960 5823 1219 5874 “animus.
