4064 6218
317 345 430 401 ’757

392 459 460 513 Et
487 457 636 513 dicas
676 456 900 513 fortasse
928 457 995 512 ab
1021 472 1202 514 errore
1243 458 1307 512 ad
1349 458 1400 513 id
1427 458 1566 528 quod
1594 458 1783 514 melius
1822 467 1905 514 est

323 551 535 605 venisse
559 556 613 603 te
636 591 651 613 ,
685 557 739 604 et
763 549 983 618 gratiam
1023 549 1265 604 conﬁteri
1297 551 1379 602 his
1405 549 1492 618 qui
1537 549 1904 604 admirabilem

322 630 639 712 protulerint
680 641 895 707 librum,
937 655 1096 709 quem
1129 655 1374 710 magnum
1425 654 1547 694 esse
1569 639 1766 708 optima
1815 647 1906 694 tua

320 732 599 786 nominant
665 732 914 801 scripta:
985 733 1072 801 qui
1126 731 1402 800 splendide
1469 732 1720 800 praedicat
1780 747 1908 786 con-

321 837 538 877 cursum
566 822 904 878 essentialem
932 831 987 878 et
1024 823 1334 876 mlxtionem
1372 837 1576 876 sacram
1622 821 1813 876 factam
1840 837 1905 876 cx

317 913 599 969 divinitate
621 922 676 968 et
702 928 882 968 carne.
908 913 1080 969 Unam
1110 922 1285 968 autem
1316 929 1382 969 ex
1408 913 1509 968 hoc
1537 913 1718 982 perlici
1747 923 1905 967 natu-

318 1018 435 1057 ram
462 1003 603 1058 istud
625 1003 904 1058 mirabitur
934 1005 951 1035 ⁸
984 1003 1282 1074 insipientis
1311 1003 1622 1073 Apollinarii
1663 1003 1901 1057 inconsi-

319 1095 576 1151 deratio:
616 1096 716 1151 ista
763 1110 945 1150 eorum
1001 1097 1089 1165 qui
1145 1095 1487 1150 introducunt
1540 1103 1909 1163 contempera-

317 1189 520 1242 tionem
545 1194 601 1242 et
625 1195 925 1260 συναλοιφὴν,
957 1188 1005 1242 id
1028 1197 1109 1242 est
1135 1188 1565 1244 commixtionem
1596 1187 1904 1256 impiissima

320 1277 547 1332 intentio
595 1279 654 1343 ³,
707 1292 827 1346 qua:
871 1277 1165 1347 procedens
1209 1278 1451 1331 immutat
1498 1277 1712 1347 quidem
1755 1277 1900 1340 Arii,

320 1368 658 1437 Apollinarii,
705 1368 944 1435 Sabellii,
993 1379 1047 1423 et
1101 1369 1323 1424 Manetis
1369 1369 1546 1423 nihil:
1603 1370 1902 1438 passionem

321 1468 500 1513 autem
531 1459 822 1528 excogitari
852 1469 905 1513 et
933 1458 1124 1528 adponi
1157 1459 1450 1513 secundum
1493 1458 1614 1512 illos
1639 1458 1902 1527 Unigeniti

319 1545 637 1619 imaginatur
659 1549 864 1614 deitati,
891 1548 1029 1618 quod
1053 1563 1082 1601 a
1112 1545 1427 1602 Christianis
1457 1548 1688 1602 alienum
1717 1556 1819 1602 est.

395 1657 615 1716 Posside
641 1661 799 1731 igitur
822 1661 1162 1730 temetipsum
1191 1661 1406 1730 iterum,
1437 1658 1782 1714 dilectissime
1807 1699 1821 1723 ,
1853 1665 1908 1711 et

319 1752 389 1808 ad
432 1754 665 1823 priorem
705 1753 989 1823 regredere
1025 1753 1285 1818 ordinem,
1319 1752 1387 1806 ab
1416 1751 1774 1813 abominabili,
1808 1750 1906 1804 ista

322 1843 595 1898 abstinens
642 1843 910 1911 Opinione,
962 1858 1081 1911 quae
1127 1851 1211 1897 est
1255 1841 1573 1911 Apollinaris
1624 1850 1678 1895 et
1721 1855 1906 1894 eorum

317 1932 411 2002 qui
450 1931 778 2003 Synusiastze
826 1931 848 1964 ³
894 1932 1162 1987 dicuntur.
1197 1932 1358 2002 impia
1404 1930 1652 2001 cogitatio
1692 1931 1908 1986 assidue

319 2023 469 2094 puris
496 2022 724 2078 inﬂuens
763 2037 956 2078 nocere
982 2025 1146 2089 novit,
1186 2024 1276 2094 qui
1325 2023 1616 2078 secundum
1659 2037 1757 2076 nos
1785 2029 1909 2078 sunt

317 2112 645 2180 simplicitati
693 2115 1051 2169 conviventes.
1112 2114 1356 2175 Doctoris
1402 2114 1542 2168 enim
1589 2127 1772 2166 corum
1827 2121 1909 2167 est

318 2202 490 2268 liber,
523 2203 874 2272 Apollinarii:
906 2205 1004 2259 etsi
1048 2208 1187 2258 hunc
1216 2204 1315 2258 sibi
1349 2215 1432 2257 tua
1473 2205 1770 2258 reverentia
1799 2218 1904 2258 non

317 2302 466 2347 recte
504 2293 700 2349 faciens
730 2293 996 2364 negotiata
1028 2303 1130 2350 est.
1158 2293 1537 2349 Verumtamen
1579 2307 1680 2347 nos
1719 2308 1923 2349 recor-.

317 2384 507 2439 dantes
543 2393 648 2440 tua:
676 2385 951 2440 nobiscum
989 2385 1451 2440 conversationis:
1485 2385 1772 2438 sentientes
1809 2397 1904 2438 au-

319 2485 428 2530 tem
456 2491 522 2531 ex
562 2477 646 2532 his
675 2493 794 2546 quae
832 2477 1140 2547 scripsisti‘
1178 2492 1412 2532 errorem
1461 2476 1749 2531 subsistere
1775 2491 1902 2546 erga

319 2573 464 2619 tuam
489 2565 848 2632 dilectionem,
882 2583 952 2622 ex
980 2567 1190 2621 illorum
1220 2566 1553 2637 insipientia;
1583 2581 1688 2620 non
1728 2565 1900 2621 solum

317 2673 444 2728 erga
478 2659 885 2728 dispensationis
915 2660 1223 2731 mysterium
1247 2673 1264 2712 :
1303 2659 1469 2729 magis
1494 2667 1670 2714 autem
1699 2669 1753 2713 et
1779 2673 1904 2728 erga

319 2751 596 2804 nominum
648 2751 1120 2820 conjunctionem,
1170 2750 1623 2821 excogitavimus,
1679 2739 1906 2804 Domino

319 2850 643 2911 cooperante
686 2851 882 2897 nostra:
936 2841 1252 2906 inﬁrmitati,
1311 2841 1379 2896 de
1433 2842 1681 2896 omnibus
1728 2841 1904 2894 mani-

319 2929 509 2988 festam
571 2934 980 2988 ostentationem
1048 2933 1070 2965 ⁸
1121 2933 1298 2988 facere
1356 2932 1422 2986 ad
1478 2933 1904 3002 redargutionem

319 3025 534 3094 quidem
576 3027 729 3080 malae
775 3026 1040 3095 opinionis
1080 3040 1265 3080 eorum
1323 3026 1414 3095 qui
1458 3025 1766 3080 lirereticum
1810 3025 1906 3079 tibi

322 3117 655 3184 protulerunt
698 3118 888 3172 librum
916 3134 931 3182 ;
957 3117 1340 3172 correctionem
1384 3126 1561 3172 autem
1597 3123 1703 3170 ture
1739 3130 1906 3171 vene-

319 3210 562 3264 rationis.

395 3316 559 3377 Deum
583 3339 709 3393 ergo
746 3323 958 3394 quando
984 3323 1146 3390 dicis,
1170 3323 1531 3388 dilectissime,
1563 3321 1820 3393 agnovisti
1855 3321 1905 3376 id

321 3414 458 3483 quod
492 3415 715 3484 simplex
745 3423 826 3470 est
854 3423 1054 3469 natura:
1073 3415 1114 3476 °,
1143 3414 1284 3484 quod
1310 3413 1742 3482 incompositum,
1763 3412 1904 3482 quod

323 3506 746 3572 inconvertibile,
770 3507 909 3576 quod
937 3507 1222 3573 invisibile,
1254 3506 1392 3576 quod
1419 3506 1738 3572 immortale,
1762 3504 1906 3576 quod

321 3599 874 3669 incircumscriptibile
898 3640 912 3664 ,
944 3599 1084 3669 quod
1112 3598 1678 3669 incomprehensibile,
1711 3606 1764 3652 et
1791 3597 1906 3652 istis

318 3690 536 3744 similia.
569 3690 845 3746 Hominem
875 3701 1050 3746 autem
1078 3691 1282 3755 dicens,
1306 3691 1609 3762 significasti
1640 3689 1778 3760 quod
1806 3705 1904 3744 na-

321 3791 454 3835 tura:
483 3789 566 3836 est
610 3781 898 3844 inﬁrmum,
928 3783 1271 3838 esuritionem
1295 3823 1310 3847 ,
1341 3782 1480 3836 sitim
1501 3821 1516 3848 ,
1550 3796 1712 3851 super
1736 3779 1904 3834 Laza-

319 3887 436 3924 rum
480 3871 762 3941 lacrymas,
805 3880 1026 3939 metum,
1070 3873 1281 3926 sudoris
1329 3872 1664 3940 eiectionem,
1716 3879 1771 3926 et
1821 3871 1905 3924 his

318 3960 534 4024 similia,
563 3961 754 4030 quibus
778 3961 830 4015 id
851 3961 989 4031 quod
1019 3961 1258 4016 divinum
1287 3970 1369 4016 est
1390 3969 1536 4016 extra
1565 3968 1666 4015 est.

389 4071 664 4129 Christum
698 4083 876 4129 autem
904 4073 1121 4144 quando
1145 4073 1278 4129 dicis
1297 4115 1314 4142 ,
1342 4073 1662 4144 conjunxisti
1701 4082 1906 4130 utrum-

402 4209 420 4239 ³
455 4208 541 4256 Hic
577 4215 774 4271 stupeas
811 4210 998 4259 veteris
1031 4209 1316 4270 Interpretis
1344 4211 1689 4271 ignorantiam,
1712 4213 1922 4261 oscitan-

327 4270 695 4333 tiam_ve,Aqui,
734 4282 934 4333 θαυμάσιι.
969 4282 1026 4318 ac
1061 4272 1100 4318 si
1138 4283 1328 4331 eam“
1352 4270 1638 4333 legeretur,
1661 4271 1919 4333 mirabitur

331 4331 495 4396 vertit.
522 4331 594 4396 sic
611 4339 774 4396 autem
800 4331 937 4396 legas
958 4339 1153 4396 oportet
1179 4345 1190 4379 :
1218 4341 1333 4380 meo
1356 4331 1444 4396 est,
1463 4343 1491 4380 0
1514 4331 1584 4396 vir
1608 4332 1914 4396 admirande,

329 4390 600 4452 insipientis
622 4390 901 4454 Apollmarii
922 4390 1196 4443 absurditas
1211 4427 1226 4450 ,
1250 4402 1305 4442 ut
1335 4395 1610 4444 observavit
1643 4409 1688 4442 ν.
1714 4394 1775 4444 cl.
1800 4390 1916 4446 Har-'-

329 4453 532 4527 duinus,
556 4454 655 4522 qui.
675 4454 848 4527 ait-hic
883 4455 929 4527 in
952 4454 1122 4527 codice
1155 4468 1245 4504 suo
1277 4455 1383 4527 legi
1405 4457 1916 4527 ixoinegtana_dotsm,

332 4512 615 4582 {pollinarii
637 4512 872 4582 impietas.
896 4515 1257 4582 Scdlnterpres
1277 4512 1468 4564 taﬁnus
1489 4512 1576 4578 qui
1596 4512 1917 4582 νεηίμᾼροιὲ

329 4574 496 4623 linart'i
518 4574 904 4641 inconsiderata),
931 4575 1124 4624 videtur
1144 4574 1330 4639 legisse
1352 4574 1536 4641 ἀτάςημᾷ.
1562 4584 1662 4626 Itox
1687 4579 1769 4626 ubi
1792 4574 1919 4641 legi-

329 4643 410 4704 tur
429 4636 924 4704 .eonttemperationem
941 4671 956 4694 ,
989 4645 1153 4687 Graece
1169 4671 1185 4698 ,
1203 4636 1354 4701 ἰρᾱσιν,
1377 4636 1644 4701 Stephanus
1665 4645 1727 4689 Le
1751 4636 1915 4704 Moyne

330 4695 503 4754 edidit,
528 4695 986 4759 contemplationem.

393 4761 414 4790 ¹
443 4761 495 4809 In
519 4764 704 4822 Graeco,
727 4766 756 4819 ἠ
782 4762 1137 4820 δυσσεϐεστάτη
1156 4763 1352 4825 αἵρεσις,
1379 4761 1669 4827 impiissima
1685 4761 1904 4815 Itwresis.

330 4820 590 4885 Interpres
612 4820 852 4885 imperite
881 4837 969 4885 pro
1002 4837 1140 4872 more
1163 4820 1420 4885 sequentia
1442 4820 1704 4874 convertit.

394 4884 416 4916 ³
438 4883 758 4948 δφιμδίαδιὼ,
798 4883 1154 4948 Συνὸυσιαστᾳί,
1197 4883 1490 4948 vocabantur
1527 4884 1905 4948 Apollinaristte.

331 4946 496 5010 Greg.’
515 4946 625 5010 Νη.
652 4949 786 4997 Orat.
815 4947 893 5010 ili,
935 4960 982 5007 p.
1024 4947 1116 4994 722
1140 4961 1156 5010 :_
1182 4946 1545 4995 Διαϐεϐαιοῦται
1575 4946 1683 5010 si;va
1703 4947 1790 4996 τοῦ
1816 4965 1908 4996 κα-

327 5008 506 5057 τελῡεῖν
532 5009 672 5056 αὐτὸν
708 5010 809 5056 υἱὸν
836 5009 1082 5070 ἀνθρώπου
1123 5008 1258 5066 εἶναι,
1289 5010 1370 5056 καὶ
1395 5008 1634 5057 κατελθεῖν
1673 5009 1797 5057 ἰδίαν
1824 5011 1910 5058 ἐπ-

327 5071 560 5130 αγόμενον
578 5071 739 5133 σάρκα
764 5070 962 5133 ἐκείνην,
997 5072 1054 5126 ἣν
1087 5070 1134 5116 ἐν
1155 5071 1253 5126 τοῖς
1276 5071 1488 5133 οὐρᾳνοίς
1515 5071 1637 5132 ἔχων
1665 5070 1905 5133 ἐςύγχαγε,

326 5129 614 5193 προαιώνιόν
652 5129 872 5198 λτινα-καὶ
910 5129 1450 5198 σιθςιουσιῳμᾴνην..ᾘοᾳ
1474 5129 1586 5198 ξεί]
1613 5129 1906 5198 ,Αηὶνῆιὶιραε

326 5190 440 5241 eum
468 5198 727 5256 antequam
752 5193 1092 5256 descendisset,
1122 5190 1279 5255 ﬁlium
1307 5190 1717 5256 hominisfuisse,
1752 5199 1796 5242 et
1820 5193 1907 5256 de-

325 5252 572 5322 scendisse
593 5251 789 5322 carnem
825 5251 1103 5322 propriam;
1117 5251 1472 5322 ζζιιιέιιιςβῃιρίιῃΔ
1489 5251 1651 5322 ilium1
1681 5251 1825 5322 Quam

325 5315 464 5364 ortis
486 5315 684 5364 habebat
707 5323 815 5364 ante
825 5315 1036 5374 'swi'ttla,
1069 5318 1103 5365 S
1114 5319 1150 5366 U
1162 5317 1220 5363 1E
1253 5320 1287 5365 S
1299 5318 1340 5365 U
1347 5317 1424 5364 BS
1435 5316 1566 5364 ΤΔΝ
1579 5317 1615 5363 T
1623 5315 1651 5363 Ι
1657 5317 1716 5364 Αἰ
1747 5316 1908 5365 COM-

327 5376 626 5443 ρζΙΙΤΑΜ.
663 5379 737 5427 De
771 5378 862 5443 hac
886 5391 1018 5443 Avo_ce
1054 5375 1234 5443 jamin
1264 5375 1446 5443 ilionito
1470 5385 1632 5443 actum
1658 5385 1752 5427 est.
1778 5377 1902 5443 ibid.

329 5438 444 5485 Mss.
475 5438 689 5502 assidua:
717 5439 856 5502 puris
879 5437 1102 5502 inﬂuens.
1127 5438 1354 5500 Bigotius
1382 5439 1453 5488 sic
1476 5439 1668 5502 _po_sui_t,
1703 5437 1904 5502 assidua

325 5497 516 5568 gnaris
551 5497 1336 5568 inﬂuens.Hard'uinus,__assntue
1374 5497 1766 5568 parisinﬂuens.
1793 5500 1905 5568 ilex

330 5560 557 5621 Bigotius
579 5560 639 5624 et
655 5562 953 5624 Harduinus,
978 5561 1251 5624 Apollinari
1270 5560 1399 5624 dico,
1416 5563 1502 5624 sed
1526 5560 1629 5613 haec
1642 5577 1753 5624 vox,
1776 5560 1904 5621 dico,

327 5635 424 5685 non
444 5630 526 5685 est
552 5627 599 5670 in
625 5623 854 5685 M8,,7nec
881 5622 1080 5685 prorsus
1105 5622 1392 5675 necessaria
1415 5622 1625 5678 videtur.

393 5683 414 5749 ξ
443 5684 492 5749 in
522 5685 630 5738 Ms.
661 5683 948 5749 scripsistis.

393 5747 413 5776 ⁸
446 5746 591 5794 Ιθυτιρ
613 5746 946 5798 οδιινηέίοηεηι.

393 5807 413 5838 ⁸
438 5807 728 5869 Legendum
762 5807 976 5871 videtur,
1002 5815 1191 5860 natura.

1425 346 1516 401 Al)
1553 344 1919 403 CASSARIUM
1955 344 2358 404 MONACHUM.

3487 342 3590 400 758

2010 475 2113 529 que
2137 477 2149 512 :
2181 460 2324 514 unde
2348 467 2404 515 et
2439 457 2697 528 passibilis
2719 457 2926 514 dicatur
2955 458 3096 515 idem
3127 459 3244 531 ipse
3267 469 3322 517 et
3347 460 3599 534 impassi-

2011 549 2166 604 bilis:
2209 549 2472 619 passibilis
2517 549 2727 619 quidem
2767 563 2966 615 carne;
3024 551 3362 620 impassibilis
3405 561 3586 609 autem

2012 638 2224 694 deitate.
2253 640 2451 694 Eadem
2473 639 2586 710 ipsa
2613 650 2668 694 et
2688 639 2753 694 de
2768 639 2924 706 Filio,
2952 649 3004 696 et
3025 640 3092 696 de
3110 641 3346 707 Christo,
3371 652 3426 698 et
3439 642 3588 710 Jesu,

2012 741 2066 785 et
2091 732 2313 785 Domino
2338 731 2729 800 praedicantur:
2757 731 3059 786 communia
3087 733 3231 787 enim
3259 741 3315 788 et
3342 737 3600 803 suscepti-

2013 822 2136 875 bilia
2159 821 2379 875 duarum
2406 824 2754 877 essentiarum
2786 823 2999 877 nomina
3025 832 3180 887 sunt,
3211 839 3434 894 quarum
3463 839 3600 880 con-

2006 910 2212 980 junctio
2241 913 2290 965 in
2322 912 2584 968 haereticis
2603 913 2813 982 quidem
2841 929 3076 968 errorem
3109 914 3230 969 facit
3257 916 3475 984 proprio
3500 929 3601 985 pro

2011 1002 2280 1055 communi
2313 1011 2520 1057 utentes
2558 1003 2772 1058 nomine
2800 1003 3017 1059 Christi.
3057 1004 3205 1060 Unos
3234 1014 3410 1060 autem
3446 1020 3598 1061 com-

2014 1094 2260 1147 munibus
2292 1095 2405 1149 istis
2433 1096 2753 1161 nominibus,
2783 1096 3435 1167 quandodispcnsationis
3463 1113 3599 1154 con-

2016 1183 2271 1239 ﬁtendum
2303 1195 2386 1240 est
2411 1188 2722 1258 mysterium
2752 1189 2791 1240 ί.
2822 1187 2878 1244 Si
2902 1189 3043 1244 enim
3071 1189 3236 1244 Deum
3261 1189 3459 1245 dixeris
3479 1204 3600 1260 per-

2014 1276 2202 1331 tulisse
2226 1277 2598 1347 qualicumque
2621 1278 2960 1348 cogitatione,
2992 1278 3132 1349 quod
3163 1279 3489 1349 impossibile
3512 1287 3598 1334 est

2013 1365 2228 1421 dixisti:
2263 1366 2314 1420 id
2353 1368 2493 1436 quod
2525 1367 2890 1437 blasphemum
2914 1377 2995 1423 est
3031 1377 3084 1424 et
3118 1369 3388 1424 immane:
3416 1368 3512 1424 sed
3538 1367 3593 1422 in

2013 1456 2236 1510 aliorum
2268 1457 2529 1512 lmresum
2554 1457 2831 1512 declinasti
2864 1458 3189 1528 impietatem
3217 1460 3241 1491 ¹
3271 1475 3286 1514 :
3318 1459 3363 1514 si
3403 1459 3598 1514 iterum

2017 1547 2282 1602 hominem
2323 1548 2521 1602 dixeris
2546 1549 2634 1618 qui
2665 1549 2912 1617 pertulit,
2943 1549 3200 1603 inveniris
3229 1564 3419 1618 purum
3460 1548 3598 1602 sedi-

2013 1638 2178 1695 ﬁrans
2212 1641 2467 1710 templum
2488 1682 2502 1704 ,
2533 1642 2785 1711 templum
2813 1641 2990 1696 carnis
3018 1641 3063 1696 ³.
3093 1642 3252 1696 Extra
3299 1640 3600 1696 inhabitan-

2015 1738 2120 1783 tem
2151 1746 2440 1800 numquam
2465 1730 2674 1796 dicitur,
2703 1733 2823 1800 quia
2845 1732 2954 1801 jam
2984 1747 3090 1787 non
3120 1739 3202 1787 est
3227 1731 3503 1802 templum.
3526 1731 3597 1787 Et

1943 1836 1961 1852 ·
2014 1819 2235 1901 forsitan
2263 1821 2480 1887 dicunt,
2515 1822 2584 1874 Et
2607 1821 2872 1891 quomodo
2900 1822 3154 1876 Dominus
3177 1821 3346 1889 dixit,
3381 1821 3450 1877 Ut
3471 1823 3595 1892 quid

2013 1927 2092 1965 me
2129 1912 2280 1965 vultis
2324 1913 2566 1980 occidere,
2610 1914 2861 1968 hominem
2901 1915 2987 1984 qui
3031 1915 3290 1969 veritatem
3333 1916 3469 1970 vobis
3509 1915 3594 1970 lo-

2012 2013 2198 2071 quutus
2223 2020 2339 2057 sum
2361 2021 2512 2074 quam
2536 2006 2710 2059 audivi
2732 2022 2765 2058 a
2792 2005 2900 2060 Deo
2926 2005 3107 2076 (Ioan.
3139 2007 3191 2062 8.
3215 2006 3310 2076 40)
3330 2008 3353 2060 ?
3375 2007 3516 2063 Bene
3537 2016 3596 2064 et

2012 2096 2230 2149 omnino
2258 2097 2526 2164 sapienter
2552 2096 2654 2152 hoc
2693 2098 2976 2153 dicendum
3004 2108 3114 2153 est:
3142 2113 3315 2168 neque
3342 2099 3482 2154 enim
3523 2115 3594 2154 ex

2014 2184 2329 2240 inhabitanti
2357 2185 2767 2242 defraudabatur
2789 2187 3022 2253 deitate;
3053 2188 3148 2243 sed
3173 2187 3472 2259 signiﬁcare
3499 2204 3596 2244 vo-

2013 2276 2128 2331 lens
2155 2277 2178 2308 ἰ
2208 2279 2493 2347 patientem
2522 2289 2786 2346 naturam,
2819 2279 3051 2334 hominis
3079 2281 3388 2336 memoriam
3418 2280 3543 2337 fecit
3576 2300 3591 2337 :

2014 2375 2230 2436 propter
2251 2369 2391 2438 quod
2416 2378 2471 2423 ct
2497 2370 2636 2424 Deus
2661 2380 2716 2424 et
2745 2371 2904 2424 homo
2927 2369 3190 2426 Christus.
3217 2370 3357 2426 Deus
3376 2381 3600 2442 propter

2014 2458 2528 2526 impassibilitatcm,
2583 2460 2761 2516 homo.
2793 2471 3012 2530 propter
3062 2460 3388 2531 passionem.
3444 2461 3596 2518 Unus

2014 2549 2199 2614 Filius,
2231 2567 2369 2606 unus
2404 2553 2684 2618 Dominus,
2717 2553 2857 2609 idem
2883 2555 2998 2622 ipse
3023 2553 3205 2622 procul
3233 2552 3394 2608 dubio
3415 2554 3595 2608 unita-

2011 2657 2129 2695 rum
2157 2651 2468 2696 naturarum
2495 2658 2654 2697 unam
2681 2643 3097 2698 dominationem
3117 2682 3131 2707 ,
3171 2657 3330 2696 unam
3359 2650 3592 2711 potesta-

2014 2742 2122 2788 tem
2139 2733 2437 2802 possidens,
2450 2734 2658 2788 etiamsi
2674 2748 2778 2788 non
2796 2732 3594 2800 consubstantiales'exsistunt,

2014 2835 2066 2880 et
2114 2838 2440 2894 unaquaeque
2487 2824 2882 2878 incommixtam
2928 2822 3266 2892 proprietatis
3315 2831 3598 2879 conservat

2013 2918 2355 2986 agnitionem,
2396 2925 2615 2986 propter
2655 2915 2756 2971 hoc
2799 2915 2942 2985 quod
2986 2915 3263 2971 inconfusa
3301 2923 3425 2970 sunt
3463 2915 3597 2973 duc.

2013 3007 2163 3064 Sicut
2189 3008 2332 3065 enim
2358 3018 2640 3078 antequam
2666 3008 3026 3062 sanctiﬁcetur
3051 3008 3204 3079 panis
3224 3049 3240 3074 ,
3271 3021 3462 3078 panem
3493 3022 3598 3062 noo-

2013 3099 2318 3154 minamus:
2356 3099 2535 3154 divina
2580 3109 2756 3154 autem
2801 3098 2950 3153 illum
3003 3097 3366 3154 sanctiﬁcante
3403 3099 3592 3169 gratia,

2012 3189 2280 3246 mediante
2303 3190 2578 3245 sacerdote
2593 3229 2608 3255 ,
2639 3191 2892 3245 liberatus
2916 3198 2999 3246 est
3025 3191 3238 3260 quidem
3259 3190 3327 3246 ab
3351 3191 3594 3260 appella-

2014 3281 2158 3335 tione
2183 3281 2361 3350 panis;
2394 3280 2583 3348 dignus
2611 3289 2788 3334 autem
2831 3279 3041 3335 habitus
3076 3280 3327 3334 dominici
3352 3279 3594 3350 corporis

2013 3373 2387 3443 appellatione,
2418 3372 2624 3426 etiamsi
2655 3381 2840 3426 natura
2865 3372 3018 3442 panis
3048 3371 3101 3426 in
3132 3373 3248 3442 ipso
3276 3373 3592 3442 permansit,

2013 3473 2068 3520 et
2096 3479 2200 3519 non
2229 3463 2337 3518 duo
2366 3479 2587 3534 corpora
2607 3454 2629 3530 ζ
2653 3464 2748 3520 sed
2777 3481 2938 3519 unum
2968 3479 3164 3536 corpus
3186 3464 3309 3521 Filii
3339 3464 3598 3536 praedica-

2012 3571 2150 3612 mus.

2086 3649 2176 3704 Sic
2201 3659 2254 3704 et
2278 3648 2365 3704 hic
2389 3649 2568 3705 divina
2585 3653 2882 3720 ἕνεδρυσάσης
2910 3649 2954 3715 ⁸,
2986 3647 3040 3704 id
3070 3657 3152 3704 est
3179 3647 3438 3703 insidente
3470 3661 3596 3702 cor-

2013 3742 2129 3812 pori
2157 3750 2363 3807 natura,
2414 3757 2574 3795 unum
2602 3741 2814 3802 Filium,
2844 3755 3000 3794 unam
3049 3753 3327 3810 personam
3369 3747 3596 3806 utraque

2013 3831 2130 3886 haec
2152 3833 2409 3888 fecerunt.
2436 3831 2842 3901 Agnoscendum
2865 3839 3040 3885 tamen
3066 3828 3395 3884 ineonfusam
3423 3837 3477 3884 et
3502 3829 3594 3882 in-

2013 3923 2329 3979 divisibilem
2356 3923 2615 3977 rationem
2635 3962 2651 3988 ,
2681 3937 2785 3976 non
2818 3922 2869 3976 in
2901 3936 3001 3976 una
3034 3921 3204 3976 solum
3241 3929 3429 3974 natura
3452 3961 3468 3986 ,
3498 3919 3594 3976 sed

2013 4013 2068 4069 in
2094 4013 2295 4070 duabus
2324 4013 2586 4083 perfectis.
2617 4012 2673 4068 Si
2701 4012 2842 4068 enim
2871 4012 3044 4071 unius.
3076 4009 3341 4080 quomodo
3366 4010 3418 4065 id
3448 4009 3593 4080 quod

2011 4105 2344 4161 inconfusum
2373 4114 2474 4168 est,
2505 4105 2770 4175 quomodo
2790 4103 2929 4174 quod
2957 4101 3294 4168 indivisibile,
3322 4103 3593 4173 quomodo

2077 4214 2094 4278 ε
2119 4213 2657 4278 _stephanusLemoyne
2673 4251 2688 4274 ,
2706 4226 2831 4278 unos
2853 4218 3016 4278 autem
3038 4212 3362 4278 communibus
3382 4212 3485 4278 istis
3506 4226 3592 4278 nos

2010 4272 2236 4340 minibus,
2250 4275 2442 4338 quando
2453 4272 2818 4340 dispimsa'tionis
2829 4272 3152 4340 confitendum
3161 4281 3230 4340 est
3240 4272 3594 4340 myst_er_ium;si

2011 4335 2186 4386 liceret
2208 4335 2320 4399 pro,
2338 4350 2486 4400 unos,
2512 4335 2718 4400 legere,
2744 4344 2878 4394 utor,
2910 4335 3154 4400 Sententia
3192 4335 3323 4400 bene
3355 4335 3591 4400 haberet;

2010 4395 2224 4460 Bigotius
2245 4401 2317 4448 sic
2338 4398 2488 4447 habet
2513 4413 2525 4446 :
2554 4395 2642 4460 ftis
2661 4395 2818 4447 autem
2842 4395 3169 4460 communibus
3191 4395 3296 4446 istis
3327 4396 3396 4446 uti
3411 4401 3594 4458 oportet

2012 4456 2298 4520 nominibus,
2314 4467 2430 4518 etc.,
2446 4461 2546 4515 ubi,
2565 4459 2685 4519 istis,
2713 4458 2984 4520 superﬂuit.
3003 4456 3208 4516 Mallem,
3226 4462 3350 4518 utor,
3376 4464 3430 4506 ut
3441 4456 3593 4519 supra

2009 4517 2109 4572 (ﬁxi
2125 4558 2139 4579 ,
2168 4529 2220 4570 et
2241 4517 2395 4583 omnia
2419 4517 2730 4583 quadrat-ent.

2073 4584 2093 4652 ξ
2125 4577 2294 4653 βίεςοςη
2320 4577 2520 4653 idquod
2559 4579 2883 4653 blasphemum
2903 4584 2975 4653 est
3001 4591 3020 4629 :
3041 4584 3089 4630 et
3130 4579 3182 4630 in
3218 4577 3418 4630 umetis
3454 4582 3503 4630 et
3533 4581 3588 4630 in

2008 4642 2461 4704 aliorwitbazresim
2485 4642 2736 4707 declinasti
2757 4642 3065 4707 impietatem.
3299 4697 3330 4707 ,,
3360 4699 3411 4707 __
3484 4694 3517 4707 _.

2067 4711 2090 4744 ⁸
2116 4700 2282 4761 ῐηιΜε.
2307 4715 2415 4760 erat
2431 4706 2658 4769 templum
2678 4699 2856 4769 crucis.
2880 4703 3149 4769 C_njusloc_o
3168 4699 3338 4768 posuit
3360 4699 3586 4769 Disp-tius

2009 4759 2280 4832 carnis,ietﬁ
2301 4759 2371 4820 sic
2390 4759 2637 4833 sententia
2648 4765 2873 4833 quadrat;
2885 4759 2966 4833 De
2981 4759 3337 4833 templocarnis
3346 4762 3417 4833 sic
3427 4759 3586 4832 Atha-

2007 4822 2349 4895 nasins'Epist.
2371 4833 2431 4880 ad
2450 4822 2822 4895 Adelphiump.
2846 4825 2962 4895 8l6._
2981 4825 3044 4874 de
3068 4822 3360 4895 quibusdam
3385 4822 3586 4895 insui;

2009 4895 2218 4956 loquens
2237 4884 2251 4943 ἶ
2279 4895 2352 4943 Οὐ
2375 4884 2632 4956 βούὶοντὰε
2645 4891 2726 4936 τὸν
2745 4887 2919 4956 Képtov
2943 4886 2992 4934 ἐν
3017 4884 3158 4956 capiti
3179 4889 3246 4956 ᾡς
3273 4886 3323 4956 ἐνί
3342 4884 3442 4956 νειῷ
3465 4884 3584 4956 oms.

2007 4943 2284 5019 πρᾷσέιύνεξν
2298 4968 2310 4979 ·
2339 4943 2595 5003 Dominum
2616 4949 2667 5000 in
2687 4943 3153 5019 cartte'ntanguant'in
3177 4945 3354 5019 tempto
3373 4943 3586 5019 adorare

2008 5007 2192 5066 nolunt.
2226 5016 2290 5066 Et
2321 5030 2434 5078 pag.
2473 5027 2580 5075 seq.
2606 5023 2804 5061 carnem
2832 5007 3038 5068 Christi,
3069 5007 3308 5070 templum
3331 5007 3586 5068 appellare

2010 5087 2197 5204 pe;
2216 5139 2265 5204 in
2289 5139 2377 5188 Ms.
2399 5131 2845 5204 ]e_gi_tur:i3igotiu§
2863 5137 3029 5204 autem
3050 5132 3116 5204 ita
3136 5128 3389 5204 restituit}
3404 5129 3587 5204 eque

2009 5187 2140 5251 enim
2156 5187 2222 5251 ex
2248 5202 2338 5251 hoc
2360 5197 2420 5248 ab
2443 5187 2729 5260 ii'iliabitanii
2751 5191 3132 5260 deﬂattdabatur
3155 5205 3173 5242 :
3193 5191 3278 5260 sed
3307 5187 3588 5260 signiﬁcare

2010 5261 2190 5318 volens,
2218 5270 2317 5311 etc.
2344 5263 2528 5311 Sensus
2550 5267 2654 5307 est:
2675 5256 2778 5306 Etsi
2800 5251 3020 5318 Christus
3038 5251 3371 5318 se‘hominem'
3381 5251 3585 5312 dixerit,

2010 5315 2198 5372 deitale
2228 5331 2391 5372 tamen
2416 5334 2509 5368 non
2536 5322 2774 5378 privatur,
2800 5330 2887 5364 seu
2913 5315 3246 5378 defraudatur.

2071 5387 2092 5417 ⁸
2118 5387 2298 5447 Petrus
2321 5375 2652 5447 Martyrlegit.
2672 5375 3154 5447 consubstantiaiiter.
3169 5376 3351 5447 Locum
3367 5385 3590 5447 sequen-

2013 5453 2114 5495 tem
2141 5462 2152 5491 τ
2181 5445 2315 5496 sicut
2333 5436 2460 5495 enim
2479 5436 2735 5506 antiquam
2754 5438 3079 5505 sanctiﬁcetur
3100 5437 3258 5502 panis,
3285 5442 3405 5496 etei,
3427 5436 3594 5496 expli-

2011 5507 2226 5570 cavimus
2248 5510 2296 5556 in
2320 5508 2557 5570 Monito._
2806 5563 2825 5570 _
2899 5563 2910 5570 _
3073 5567 3081 5570 _
3213 5559 3243 5570 ,Δ
3339 5559 3371 5570 _O

2076 5569 2096 5599 ⁸
2121 5571 2206 5619 Sic
2233 5569 2353 5630 legit
2377 5575 2519 5616 vetus
2544 5563 3190 5630 interpresLalinus,atque
3211 5559 3277 5630 ita
3295 5559 3595 5630 _etiamnapnd

2012 5631 2190 5680 Joann.
2211 5620 2564 5691 Damasccnum
2590 5620 3594 5691 contraApollinai-istas,quibuncChry:

2011 5694 2212 5755 soslonni
2245 5691 2408 5755 locum
2434 5690 2589 5755 refert
2624 5687 2715 5755 hoc
2738 5682 3403 5755 μιυῖοεΤ‹›ὒ,)ιίρυσοὶςτόμ.ου3
3428 5682 3482 5755 ἐκ
3501 5682 3594 5755 δοῦ

2013 5756 2137 5817 κατᾴ
2171 5753 2588 5817 ’ᾼπςκξναρισςῷι
2617 5750 3004 5817 Apndyeterem
3028 5740 3350 5817 interpretem
3387 5740 3588 5817 legeba-

2015 5821 2098 5866 tur
2121 5801 2447 5879 ἐνιδρυσάσηξ,
2469 5812 2519 5864 id
2541 5818 2612 5865 est
2636 5801 2916 5874 mandante,
2939 5801 3176 5859 mendose
3199 5819 3306 5872 pro,
3329 5801 3587 5855 insidente.
