4064 6218
470 313 581 368 759

472 428 640 483 unitio
656 424 849 482 dicitur
865 424 1148 495 aliquando
1165 422 1481 493 sibimetipsi
1500 422 1637 478 uniri
1660 437 1780 493 quze
1807 436 1908 478 una
1938 429 2050 488 est;

469 526 562 573 aut
598 515 882 580 confundi,
912 525 1005 570 aut
1043 513 1207 569 dividi
1242 513 1570 582 impossibile
1610 522 1712 569 est.
1745 513 1896 582 Quod
1925 527 2055 583 ergo

471 607 734 662 infernum
763 606 998 661 evomuit
1024 620 1181 660 unam
1212 606 1264 660 in
1293 605 1504 660 Christo
1532 613 1774 659 naturam
1795 604 1974 660 dicere
1995 605 2053 661 ’ἲ

471 707 718 764 putamus
745 695 977 751 divinam
1023 695 1192 751 solam
1221 697 1558 752 nominantes
1599 712 1706 751 non
1743 695 2056 751 omnimodo

468 800 627 840 unam
654 796 883 856 negant,
922 796 1161 842 nostram
1189 787 1309 842 dico
1333 789 1594 854 salutem,
1633 797 1725 842 aut
1767 789 2051 842 humanam

468 875 758 930 retinentes
785 884 989 930 natura:
1022 876 1216 930 divina;
1254 877 1659 947 abnegationem
1694 876 1914 932 faciunt.
1957 877 2050 932 Di-

466 973 612 1031 cant,
657 981 776 1034 quae
824 965 1052 1035 perdidit
1093 966 1234 1037 quod
1275 968 1545 1038 proprium
1595 967 1752 1024 erat?
1799 967 1854 1024 Si
1909 969 2052 1023 enim

467 1071 606 1111 unus
629 1069 731 1123 est,
755 1057 897 1112 salva
925 1059 1078 1114 nobis
1099 1068 1180 1114 est
1211 1060 1379 1114 unitio
1397 1061 1540 1114 omni
1565 1061 1746 1123 modo,
1775 1072 1825 1114 et
1848 1075 1908 1114 ea
1930 1076 2052 1130 quae

465 1147 692 1203 unitioni
710 1159 833 1203 sunt
859 1151 1070 1218 propria
1100 1150 1292 1206 salvari
1320 1167 1540 1208 necesse
1561 1151 1726 1208 est.Si
1749 1152 1891 1208 enim
1919 1168 2048 1218 non,

467 1254 569 1294 nec
597 1240 798 1307 unitio,
840 1241 933 1295 sed
963 1241 1206 1296 confusio
1243 1250 1297 1298 et
1319 1243 1558 1298 abolitio.
1604 1243 1724 1298 Mox
1763 1252 1942 1298 autem
1983 1242 2052 1298 ad

467 1332 895 1403 interrogationis
924 1334 1240 1390 ﬁuctuantes
1278 1337 1678 1406 responsionem
1698 1377 1714 1402 ,
1745 1337 1812 1391 ad
1851 1335 2049 1406 aliquid

466 1422 606 1477 aliud
633 1425 902 1489 exsiliunt,
944 1423 1088 1494 quod
1113 1442 1218 1481 non
1247 1427 1319 1480 sit
1344 1428 1617 1496 proprium
1642 1427 1711 1482 ad
1747 1427 2050 1497 interroga-

467 1513 690 1577 tionem,
719 1523 776 1569 et
803 1515 1166 1571 inconstantes
1191 1517 1440 1572 emittunt
1459 1532 1636 1572 voces.
1662 1517 1886 1573 Pertulit
1911 1518 2050 1574 Deus

464 1613 520 1659 et
567 1620 674 1659 non
722 1606 961 1676 pertulit,
1013 1608 1137 1662 etsi
1181 1618 1430 1678 petantur
1471 1609 1687 1664 modum
1733 1609 1934 1678 dicere,
1981 1610 2050 1666 ad

465 1693 819 1763 ignorantiam
849 1697 1106 1752 recedunt
1135 1699 1480 1769 proferentes,
1515 1701 1783 1770 quomodo
1803 1703 1968 1757 voluit
1987 1705 2044 1757 ’τ

460 1784 661 1840 Christi
697 1785 838 1856 apud
864 1788 1008 1857 ipsos
1036 1789 1293 1844 memoria
1329 1790 1580 1860 fugiente.
1610 1792 1738 1846 Post
1764 1793 1880 1848 haec
1906 1794 2048 1848 vitu-

462 1878 632 1946 perati
665 1878 716 1932 in
749 1880 866 1945 hoc,
900 1894 1028 1934 mox
1055 1881 1256 1945 dicunt.
1283 1883 1350 1937 Et
1374 1883 1618 1939 Christus
1646 1901 1750 1940 non
1773 1894 1856 1941 est
1883 1887 2042 1952 Deus,

471 1966 566 2022 sed
583 1977 651 2038 et
681 1969 860 2024 homo.
886 1970 954 2025 Et
975 1971 1165 2027 iterum
1192 1973 1410 2028 dicunt’
1435 1991 1449 2028 :
1497 1975 1625 2030 Post
1649 1977 1901 2033 unitatem
1941 1993 2046 2034 non

462 2069 675 2126 oportet
717 2059 896 2116 dicere
920 2061 1055 2116 duas
1080 2073 1316 2118 naturas.
1351 2065 1581 2121 Attende
1607 2067 2046 2137 signiﬁcationem

463 2147 614 2203 dicti.
645 2148 946 2207 Unitionem
967 2153 1180 2208 dixisti?
1201 2154 1369 2210 Unius
1399 2158 1686 2212 unitionem
1713 2173 1818 2212 non
1843 2160 2048 2213 invenis

462 2239 600 2305 ﬁeri,
630 2243 899 2310 quomodo
940 2247 1325 2314 praevenientes
1362 2248 1614 2316 diximus,
1673 2249 1889 2304 Verbum
1927 2268 2047 2308 caro

464 2336 655 2402 factum
682 2344 756 2388 est
783 2334 962 2407 (Joan.
991 2339 1041 2392 1.
1085 2339 1210 2408 ﬂ):
1233 2341 1328 2396 sed
1365 2351 1419 2396 et
1446 2344 1884 2412 speculaneorttm
1911 2359 2046 2412 que-

461 2431 648 2478 rentur
694 2425 1058 2482 subtilitatem.
1104 2429 1289 2484 Intulit
1327 2433 1505 2501 enim,
1553 2433 1624 2487 Et
1662 2435 1958 2490 inhabitari!
1991 2437 2046 2491 in

461 2515 624 2571 nobis.
659 2517 927 2589 Numquid
970 2536 1074 2576 non
1107 2522 1199 2577 tibi
1239 2523 1448 2579 videtur
1471 2526 1593 2596 quia
1621 2525 1765 2582 aliud
1794 2538 1878 2584 est
1902 2529 2072 2599 quod.

461 2608 722 2665 inhabitat
749 2622 943 2681 prmter
972 2612 1389 2671 habitationem?
1420 2618 1483 2672 Si
1501 2621 1862 2690 cognovissent,
1895 2639 2047 2676 num-

459 2719 612 2771 quam
649 2702 924 2758 Dominum
969 2707 1148 2777 gloria!
1187 2709 1555 2778 cruci/inissent
1583 2712 1670 2782 (1.
1695 2710 1812 2766 Cor.
1852 2713 1908 2767 2.
1949 2713 2041 2784 8).

460 2793 743 2849 Dominum
770 2795 960 2851 iterum
996 2799 1210 2868 quando
1237 2799 1455 2867 dixeris,
1487 2818 1592 2856 non
1623 2805 1917 2874 proprium,
1948 2804 2044 2860 sed

459 2897 744 2939 commune
763 2885 1088 2955 signiﬁcatur
1114 2904 1307 2944 nomen
1339 2892 1600 2960 passionis
1623 2902 1678 2948 et
1701 2894 2043 2964 impassibili-

460 2974 584 3028 tatis
611 2978 969 3044 susceptibile.
995 2981 1401 3038 Consueverunt
1419 2983 1440 3014 ³
1459 2992 1635 3042 autem
1661 2996 1716 3041 et
1742 2987 1878 3043 istud
1902 3002 2044 3057 pra:-

461 3066 716 3122 tendere:
745 3068 999 3128 Putemus
1034 3087 1140 3126 non
1171 3088 1366 3144 corpus
1394 3077 1488 3131 Dei
1517 3086 1572 3132 et
1606 3081 1915 3150 sanguinem
1947 3097 2042 3136 ac-

458 3161 698 3228 cepimus
721 3161 945 3218 ﬁdeliter
970 3179 1037 3219 ac
1064 3165 1148 3233 pie
1176 3167 1590 3237 suscipiendum,
1623 3185 1728 3226 non
1769 3173 1892 3242 quia
1918 3187 2041 3228 eor-

523 3281 540 3312 ¹
565 3276 860 3344 Athanasius
881 3282 1048 3344 contra
1076 3276 1358 3344 Epictetum
1382 3291 1432 3340 p.
1445 3277 1574 3344 902:
1590 3279 1736 3344 110205
1755 3279 1871 3344 ᾅδης
1889 3279 2032 3344 ἠρεύ-

459 3343 589 3398 δτο,
612 3339 864 3411 discutiatur:
883 3340 1026 3388 εἰπεῖν
1046 3339 1103 3388 τὸ
1125 3341 1184 3388 ἐκ
1198 3339 1622 3411 μαρίαςίσῶμᾳητῇ
1635 3339 1732 3410 ’τοῦ
1753 3339 1910 3411 Λργου
1927 3339 2032 3390 θεό-

457 3419 562 3461 τητι
583 3415 597 3460 ;
622 3399 737 3458 Quis
761 3399 973 3462 infernus
994 3399 1228 3451 eructauit
1246 3399 1422 3464 Carpus
1441 3399 1505 3450 ea:
1519 3399 1676 3450 Maria
1697 3399 1909 3464 genitum
1927 3416 2030 3456 esse

463 3462 608 3533 Verbi
629 3459 872 3533 divinitati
893 3459 1327 3533 consubstantiate?
1339 3465 1874 3533 Qtt_aa_sequunturpost,
1886 3476 2031 3533 unum

457 3523 511 3574 in
533 3523 727 3574 Christo
749 3524 1321 3592 naturanrdicerejplav
1347 3523 1651 3592 ἐπὶ-Χριστῲ
1673 3523 1824 3586 λέγειν
1849 3526 2028 3587 φύσιν),

493 3600 569 3634 uas
595 3598 688 3632 non
713 3592 851 3632 erant
875 3586 925 3633 in
958 3585 1117 3645 Bigot.
1151 3585 1303 3645 Edit.,
1329 3597 1389 3631 ex
1425 3585 1566 3633 Joan.
1599 3587 1822 3645 Damasc.
1859 3585 2030 3635 contra

493 3601 569 3634 uas
595 3601 688 3632 non
713 3601 851 3632 erant
875 3601 925 3633 ιιι
958 3601 1117 3645 151801..
1151 3601 1303 3643 ιιωιη
1329 3601 1389 3631 8X
1425 3601 1566 3633 Joan.
1599 3601 1822 3634 uamasc.
1859 3601 2030 3635 contra

456 3601 703 3714 gacobitas
721 3646 976 3706 desumpta
997 3643 1356 3714 sunt._lbidem,
1381 3645 1617 3714 Putamus
1640 3644 2030 3714 divinant-solam

457 3707 773 3760 nominantes.
793 3720 892 3768 non,
908 3707 1185 3756 omnimodo
1203 3719 1350 3756 unam
1371 3711 1564 3768 negant,
1577 3712 1793 3768 nostram
1819 3707 1930 3757 dico
1951 3721 2033 3757 sa-

458 3771 624 3820 lutem.
654 3771 817 3819 Gmca
854 3767 926 3816 sic
952 3768 1188 3817 vertenda
1215 3782 1228 3817 :
1255 3772 1349 3818 Aut
1385 3767 1514 3818 enim
1548 3767 1766 3820 divinam
1805 3775 2030 3819 naturam

457 3835 669 3894 tenentes
688 3828 948 3879 humanam
966 3836 1160 3894 negant,
1175 3835 1386 3894 nostram
1405 3830 1517 3894 dico
1540 3828 1844 3894 salutem.aut
1858 3833 2032 3894 [mmo-

457 3905 570 3959 nam
578 3889 1042 3959 [etincntegtutturaE
1058 3890 1237 3959 diuina:
1254 3889 1613 3959 abnegationem
1629 3891 1829 3959 faciunt.
1857 3891 2032 3942 Latine

459 3948 739 4015 legebatur,
761 3948 854 4001 non
877 3949 1061 4001 divina:
1080 3948 1443 4016 abnegalione'm
1466 3948 1681 4016 faciunt;
1702 3954 1790 4002 sed
1816 3959 1962 4004 male.

519 4018 540 4047 ¹
555 4015 704 4082 inter
727 4010 1243 4082 propositioups‘illas,
1265 4028 1373 4082 quae
1394 4015 1454 4064 ab
1474 4020 1747 4082 Anonymi),
1768 4013 1856 4078 qui
1875 4017 2000 4082 sum

521 4031 540 4047 ¹
569 4031 704 4062 111181·
727 4031 1089 4082 ριόρρδιιιουεδ
1114 4031 1243 4070 Illas,
1265 4031 1373 4074 quae
1394 4031 1454 4064 30
1474 4031 1747 4075 ADOI)y1n0,
1768 4031 1856 4078 qut
1875 4031 2030 4067 Atua-

455 4075 586 4125 nasli
610 4087 804 4122 nomine
829 4073 1188 4135 circumfertur,
1201 4075 1529 4135 confutantur,
1539 4083 1709 4126 octava
1726 4079 1856 4128 hunc
1878 4078 2031 4130 habet

456 4135 657 4202 titulum
689 4149 702 4183 ;
737 4135 863 4197 Πρὸς
900 4133 1520 4202 τοὺς,λᾷγοντᾳς,-Ἐπαθεν⁷
1549 4139 1574 4185 ὁ
1599 4142 1716 4194 Θεὸς
1757 4142 1822 4194 ὡς
1859 4141 2029 4202 ἠθέλη-

455 4210 540 4261 ce;
585 4194 926 4261 Adgerstisgeos
948 4194 1241 4261 qttidicunt,
1274 4197 1460 4248 Passus
1490 4203 1560 4247 est
1589 4202 1737 4261 Deus,
1769 4205 1822 4249 ut
1854 4194 2022 4254 uoluit.

453 4257 637 4307 Athan.
658 4257 798 4304 Tom.
823 4257 868 4313 2,
893 4257 1078 4313 p.370.

511 4313 534 4346 ⁸
565 4318 623 4364 ιτ
655 4313 832 4384 item
853 4313 1416 4384 diem
1438 4329 1487 4378 ιις
1509 4325 1600 4384 «me
1621 4326 1893 4384 μσπηδοντις
1922 4345 2033 4384 τισι.

450 4377 718 4450 ᾕρηκε-(ξι
742 4375 879 4426 aliud
910 4377 1234 4450 transilientes
1268 4378 1452 4450 dicunt.
1476 4375 1569 4430 ’ttic
1598 4375 1718 4430 vero
1740 4375 2034 4450 lotmsnune

447 4438 603 4499 primo
623 4443 786 4486 Grece
809 4438 968 4499 prodit
989 4452 1054 4489 ex
1069 4447 1255 4490 Joanne
1276 4447 1570 4491 Damasceno
1588 4450 1754 4490 contra
1773 4445 2030 4493 Jacobitas.

509 4499 1074 4576 f.t‘i°.§t_9'9,!999§nunc
1095 4504 1249 4576 ρτίπιο
1271 4503 1431 4576 tradit
1454 4509 1724 4576 θιρρωξηθ
1739 4511 2034 4576 Pammene

447 4565 613 4607 centra
623 4561 859 4610 Jacobitas
872 4574 884 4610 :
898 4569 1058 4612 (ξι-και
1068 4561 1138 4613 sic
1147 4561 1496 4614 convertimus:
1513 4561 1668 4614 solent
1681 4571 1839 4614 autem
1849 4571 1892 4614 et
1902 4563 2032 4616 istud

449 4621 752 4690 praetendere
781 4634 800 4671 :
827 4635 991 4690 {nnon
1016 4637 1189 4688 corpus
1204 4626 1546 4690 et‘sangninem
1559 4625 1650 4675 Dei
1665 4625 1875 4690 ﬁdeliter
1892 4634 2034 4689 atque

447 4677 526 4741 pie
549 4680 855 4750 deﬁnimus?
876 4684 1031 4734 Etiam
1059 4677 1445 4750 respondendum
1471 4700 1602 4750 :non
1623 4677 1752 4750 quod
1776 4697 1902 4738 Deus
1925 4677 2034 4737 car-
2063 4705 2066 4707 λ

448 4753 558 4815 nem
581 4744 929 4815 etsanguinem
951 4753 1062 4815 ante
1098 4744 1478 4815 Iricarnationem
1499 4744 1721 4815 habuerit
1738 4762 1804 4815 ea;
1826 4757 2034 4815 natura;

449 4804 536 4875 sed
559 4804 673 4875 quia
695 4804 754 4855 ea
786 4819 894 4875 qtae
915 4808 1078 4875 carnis
1098 4817 1209 4875 sunt
1225 4810 1544 4875 fstbipropn'ar
1571 4810 1686 4875 facil
1701 4846 1718 4870 ς
1742 4809 1922 4875 dim!"
1934 4804 2034 4875 ha;

448 4857 691 4940 gerente.
717 4876 756 4915 ο
773 4857 1207 4940 umquam;
1432 4857 1814 4940 ἱῇὶεὶιῖἷόἱιὲηἶῖ
1824 4857 2034 4940 Fertili-

443 4925 726 5036 ({ggﬁemm
773 4932 907 4995 apud
927 4931 1036 4986 illus
1058 4933 1149 4986 Dei
1172 4925 1400 5002 dignitas.
1439 4925 1622 4990 Cétera
1651 4943 1708 4988 ut
1729 4938 1779 4987 in
1802 4925 2033 4990 versione

1185 312 1243 366 S.
1283 307 1560 366 JOANNIS
1587 302 2066 365 CIIRYSOSTOMI
2103 301 2420 361 ARCHIEP.
2459 303 2994 362 CONSTANTINOP.

3644 310 3754 367 760

2160 433 2258 490 pus
2286 427 2342 474 et
2364 419 2672 490 sanguinem
2700 419 2969 490 possidet,
2997 418 3051 474 id
3089 419 3232 490 quod
3260 418 3498 475 divinum
3527 432 3612 476 est
3641 438 3740 476 na-

2161 519 2317 566 tura:
2361 511 2458 566 sed
2506 511 2628 582 quia
2672 527 2793 582 qua:
2837 511 3016 567 carnis
3059 519 3184 566 sunt
3232 511 3446 581 propria
3491 513 3658 568 facit!
3696 514 3744 570 0

2157 601 2606 660 inconsideratio!
2635 602 2680 659 Ο
2717 603 2876 673 impia
2903 601 3186 672 cogitatio!
3228 603 3566 659 Periclitatur
3592 606 3746 661 enim

2157 693 2296 762 apud
2344 694 2486 764 ipsos
2521 693 2934 762 dispensationis
2962 693 3304 765 mysterium,
3330 701 3387 749 et
3413 693 3606 748 iterum
3641 695 3742 751 dn-

2155 784 2405 838 minicum
2431 799 2626 853 corpus
2650 785 2787 839 sicut
2812 799 2997 839 verum
3025 791 3220 854 corpus
3238 783 3482 840 conﬁteri
3513 801 3619 839 non
3647 802 3752 854 pa-

2157 873 2377 928 tiuntur.
2405 873 2510 930 Per
2549 875 2926 944 cogitationum
2967 875 3110 930 enim
3139 874 3242 930 dici
3269 890 3588 931 conversum
3617 892 3744 934 esse

2156 963 2257 1018 hoc
2282 964 2334 1018 in
2360 963 2610 1020 deitatem
2637 964 3010 1036 imaginantur,
3034 980 3192 1020 unam
3221 966 3348 1022 hinc
3367 976 3743 1026 construentes

2156 1065 2395 1112 naturam
2415 1099 2431 1123 ,
2463 1067 2518 1113 et
2543 1058 2710 1126 ipsam
2736 1057 2888 1128 cujus
2917 1059 2987 1113 sit
3015 1073 3120 1113 non
3159 1058 3492 1116 invenientes
3519 1059 3736 1132 dicere,

2155 1158 2214 1203 ut
2242 1149 2542 1218 passionem
2580 1148 2843 1204 divinitati
2868 1149 3102 1219 undique
3135 1149 3428 1206 secundum
3457 1151 3739 1220 Apollinao

2154 1240 2292 1296 rium
2320 1241 2701 1312 excogitantes,
2726 1240 2976 1296 decidant
2996 1256 3026 1295 a
3056 1241 3335 1310 promissis
3365 1241 3539 1296 bonis.
3575 1243 3743 1296 Puta-

2153 1345 2272 1386 mus
2313 1345 2418 1386 non
2460 1331 2872 1386 contremiscent
2911 1331 3011 1386 ista
3049 1330 3231 1386 dicere
3269 1330 3582 1386 audientes?
3620 1349 3738 1388 non

2151 1422 2656 1492 cogitantaeternum
2672 1422 2951 1493 judicium,
2968 1429 3024 1477 et
3042 1422 3252 1484 Domini
3271 1437 3449 1477 vocem
3465 1423 3703 1479 dicentis
3717 1440 3736 1476 :

2152 1512 2266 1584 Ego
2302 1530 2434 1580 sum,
2461 1522 2508 1568 et
2551 1530 2654 1568 non
2687 1522 2852 1568 mutor
2876 1512 3105 1585 (Malae.
3138 1514 3193 1567 Ξ.
3223 1513 3305 1584 6).
3337 1513 3462 1568 Caro
3483 1516 3694 1584 inﬁrma
3715 1555 3752 1581 ,.

2150 1606 2358 1676 spiritus
2390 1616 2561 1660 autent
2598 1615 2881 1677 promptus.
2912 1605 3092 1673 Pater,
3122 1606 3168 1659 si
3192 1605 3426 1675 possibile
3462 1617 3552 1670 est,
3583 1619 3737 1660 tran-

2150 1708 2259 1754 seat
2297 1716 2330 1752 a
2367 1716 2448 1753 me
2486 1701 2623 1754 calix
2647 1699 2755 1754 iste.
2779 1697 2961 1752 Tristis
2998 1707 3071 1752 est
3105 1697 3279 1750 anima
3321 1715 3433 1751 mea
3474 1715 3628 1769 usque
3669 1697 3743 1750 ad

2150 1800 2360 1844 mortem
2388 1788 2597 1860 (Matth.
2623 1789 2714 1844 26.
2736 1789 2824 1844 M.
2851 1771 2945 1844 39.
2971 1788 3088 1858 58).
3112 1785 3333 1856 Palpate
3356 1798 3402 1840 et
3427 1788 3592 1841 videte
3617 1791 3746 1860 quia

2149 1882 2356 1952 spiritus
2384 1897 2585 1934 carnem
2619 1890 2668 1935 et
2695 1897 2810 1935 ossa
2833 1898 2933 1936 non
2962 1879 3129 1947 habet,
3169 1887 3299 1940 sicut
3326 1899 3407 1937 me
3432 1883 3612 1937 videtis
3637 1883 3725 1935 Iur-

2149 1974 2264 2027 bere
2287 1971 2438 2042 (an.
2473 1971 2563 2027 24.
2601 1971 2717 2044 59).
2759 1974 3012 2029 Putamus
3054 1975 3237 2031 deitati
3275 1977 3376 2031 ista
3414 1985 3537 2045 apta
3570 1973 3742 2028 sunt?

2149 2064 2379 2119 Audiam
2407 2072 2463 2119 et
2499 2064 2714 2118 Petrum
2743 2064 3006 2120 dicentem
3025 2106 3040 2130 ,
3069 2065 3265 2120 Christo
3295 2084 3387 2137 pro
3412 2066 3557 2120 nobis
3586 2081 3742 2136 passo

2149 2174 2300 2211 carne
2319 2157 2395 2228 (1.
2419 2155 2560 2211 Petr.
2579 2158 2636 2211 4.
2662 2155 2718 2229 1)
2737 2172 2752 2222 ;
2772 2166 2824 2212 et
2851 2174 2955 2211 non
2977 2157 3132 2224 dixit,
3159 2158 3395 2222 Deitate;
3423 2167 3479 2212 et
3505 2158 3736 2211 iterum:

2151 2248 2229 2304 Tu
2256 2266 2308 2303 es
2337 2247 2563 2302 Christus
2587 2247 2752 2302 Filius
2775 2247 2872 2302 Dei
2892 2249 2986 2302 sivi
3005 2247 3213 2318 (Matth.
3238 2248 3325 2302 16.
3355 2246 3468 2320 16).
3499 2245 3742 2302 Viventis

2148 2341 2301 2406 dixit,
2333 2356 2439 2396 non
2483 2340 2789 2405 Morientis;
2835 2349 2888 2395 et
2915 2356 3261 2412 quaecumque
3305 2340 3390 2395 his
3414 2341 3609 2394 similia
3647 2339 3738 2391 di-

2148 2435 2269 2489 vina
2297 2448 2394 2487 nos
2419 2433 2608 2488 edocet
2633 2431 2928 2503 Scriptura,
2959 2431 3046 2487 cui
3087 2431 3301 2487 violenti
3328 2446 3450 2488 esse
3495 2430 3744 2485 haeretici

2147 2543 2254 2583 non
2279 2525 2560 2581 desistunt.

2218 2616 2420 2672 Horum
2467 2616 2598 2672 istas
2643 2615 2906 2672 novitates
2947 2629 3139 2670 vocum
3169 2615 3520 2681 declinantes,
3559 2616 3742 2670 caris-

2145 2711 2302 2776 sime,
2331 2709 2396 2762 ad
2425 2707 2478 2763 id
2506 2707 2650 2779 quod
2677 2709 2925 2779 pra-jacet
2948 2719 3292 2773 revertamur,
3327 2709 3470 2778 pium
3496 2718 3550 2763 et
3577 2709 3740 2764 valde

2147 2802 2291 2872 pium
2317 2799 2585 2856 Christum
2615 2800 2704 2869 qui
2726 2808 2901 2855 morte
2925 2797 3286 2854 circumdatus
3304 2808 3385 2854 est
3410 2800 3654 2854 conliteri
3677 2798 3744 2852 in

2145 2897 2419 2952 divinitate
2466 2894 2758 2966 perfectum
2810 2903 2865 2951 et
2915 2895 2966 2948 in
3019 2893 3347 2948 humanitate
3401 2892 3740 2962 perfectum,

2147 3005 2308 3044 unum
2331 2988 2522 3042 Filium
2549 2986 2896 3058 unigenitum,
2926 2999 3033 3039 non
3059 2983 3398 3039 dividendum
3427 2984 3481 3036 in
3503 2982 3739 3037 ﬁliorum

2145 3077 2484 3132 dualitatem:
2531 3086 2828 3147 portantem
2872 3085 3048 3129 tamen
3078 3073 3130 3128 in
3160 3073 3446 3142 semetipso
3476 3071 3738 3126 indivisa-

2147 3184 2261 3224 rum
2274 3168 2498 3224 duarum
2517 3176 2824 3222 naturarum
2851 3164 3318 3220 inconvertibiliter
3346 3164 3700 3232 proprietates
3721 3179 3744 3227 ;

2143 3277 2251 3317 non
2287 3261 2511 3316 alterum
2542 3270 2596 3316 et
2619 3261 2869 3326 alterum,
2890 3259 3047 3322 absit,
3081 3258 3174 3313 sed
3206 3273 3369 3312 unum
3399 3266 3450 3309 ct
3476 3255 3734 3310 eumdem

2143 3354 2426 3409 Dominum
2454 3351 2634 3407 Jesum
2666 3351 2835 3406 Deum
2879 3349 3132 3414 Verbum,
3175 3363 3335 3403 carne
3372 3355 3547 3400 nostra
3584 3346 3739 3398 ami»

2141 3456 2284 3503 ctum
2306 3489 2322 3513 ,
2355 3455 2410 3502 et
2447 3446 2559 3514 ipsa
2589 3458 2694 3499 non
2723 3443 3008 3498 inanimata
3047 3450 3137 3495 aut
3167 3437 3546 3501 irrationabili,
3590 3436 3744 3492 sicut

2143 3539 2337 3610 impius
2373 3535 2730 3606 Apollinarius
2755 3533 2901 3588 dicit.
2933 3533 3050 3587 Istis
3088 3541 3321 3586 mentem
3355 3528 3733 3583 intendamus:

2141 3631 2401 3700 fugiamus
2429 3643 2524 3684 eos
2549 3627 2636 3698 qui
2662 3625 2904 3681 dividunt
2930 3637 3192 3678 naturam.
3219 3621 3331 3676 Etsi
3359 3619 3503 3674 enim
3534 3619 3734 3688 duplex

2141 3732 2353 3788 natura,
2384 3728 2748 3774 verumtamen
2779 3715 3113 3771 indivisibilis
3133 3723 3187 3768 et
3207 3711 3586 3780 indissipabilis
3613 3709 3737 3762 uui-

2143 3815 2238 3880 tio,
2270 3813 2322 3866 in
2351 3826 2452 3867 una
2481 3809 2750 3865 liliationis
2777 3806 3082 3862 conﬁtenda
3112 3819 3358 3875 persona,
3391 3812 3445 3858 et
3473 3817 3576 3855 una
3598 3801 3736 3854 sub-

2141 3905 2400 3961 sistentia.
2421 3903 2706 3973 Fugiamus
2729 3901 2821 3972 qui
2846 3914 3004 3954 unam
3028 3907 3266 3952 naturam
3289 3903 3408 3964 post
3432 3894 3733 3948 unitionem

2145 3992 2505 4068 prodigialiter
2529 3994 2747 4047 dicunt:
2777 3992 2937 4045 unius
2957 3988 3100 4045 enim
3125 3986 3446 4056 cogitatione
3477 3983 3733 4053 itnlnssi-

2139 4089 2233 4144 bili
2279 4088 2390 4142 Deo
2418 4084 2720 4154 passionem
2761 4081 3051 4151 adjungere
3092 4077 3454 4147 impelluntur,
3503 4073 3723 4141 dispen-

2139 4181 2400 4236 sationem
2427 4177 2752 4246 abnegantes
2769 4213 2787 4241 ,
2813 4182 2869 4230 et
2895 4171 3095 4228 diaboli
3124 4171 3423 4240 gehennam
3459 4166 3736 4233 arripien-

2142 4284 2243 4329 tes.
2270 4271 2372 4326 lsta
2396 4279 2610 4341 propter
2630 4281 2932 4324 mensuram
2961 4265 3203 4334 epistola:
3227 4261 3471 4317 sufﬁcere
3493 4259 3735 4313 arbitror

2139 4363 2206 4418 ad
2236 4361 2693 4418 conﬁrmationem
2720 4367 2823 4412 tua:
2848 4356 3165 4417 dilectionis,
3193 4369 3226 4407 ο
3248 4351 3526 4422 magniﬁce
3550 4349 3649 4419 (a).

2212 4453 2442 4524 Explicit
2467 4450 2704 4522 epistula
2737 4447 2857 4519 (sic)
2893 4447 3030 4502 beati
3060 4445 3279 4500 Joannis
3313 4443 3548 4514 episcopi
3585 4441 3734 4494 Con-

2139 4541 2595 4615 StantinOpolitani
2615 4540 2681 4596 ad
2705 4538 2992 4595 Caesarium
3018 4535 3337 4591 monachum
3367 4541 3612 4601 tempore
3641 4547 3734 4586 se-

2139 4637 2296 4696 cundi
2327 4635 2499 4693 exsilii
2527 4632 2630 4689 sui.
2661 4633 2864 4688 Amen:
2887 4631 2961 4685 ita
2984 4628 3175 4699 legitur
3196 4624 3440 4681 ﬁdeliter.

2203 4907 2275 4969 (a)
2309 4913 2417 4954 Itzec
2440 4916 2466 4952 a
2489 4903 2705 4960 vocibus,
2727 4907 2908 4969 (torum
2928 4895 3063 4969 istas,
3089 4886 3733 4969 exsnastasiomiccphoro

2142 4979 2193 5021 et
2208 4957 2393 5018 ‘Jo'anne
2417 4957 2710 5016 Damasceno
2729 4968 2892 5012 Graece
2914 4957 3216 5022 prodierunt.

1865 5310 2348 5335 ...ιο-,οφά
