4064 6218
510 218 611 277 761

1200 209 1256 264 S.
1296 203 1582 263 JOANNIS
1618 194 2110 258 CHRYSCSTOMI
2142 152 2457 248 ARClilEP.
2497 183 3042 243 CONSTA‘NTINOP.

3621 178 3732 231 762

517 394 3726 465 Μ

1141 839 1490 903 MONITUM
1519 838 1598 898 IN
1629 833 2082 908 SEQUENTEM
2108 839 2116 884 ι

2216 812 2546 892 'ATIONEM
2580 820 3105 885 CHRYSOSTOMI

1513 1038 1591 1097 IN
1625 1035 1929 1096 LAUDEM
1962 1031 2270 1092 DIODORI
2309 1027 2745 1099 TARSENSIS,

710 1274 787 1318 ΒΤ
827 1268 891 1316 ΙΝ
939 1265 1358 1314 FRAGMENTUM
1399 1261 1586 1307 ALIUD
1621 1260 1688 1306 IN
1730 1259 1981 1304 LAUDEM
2027 1255 2286 1300 DIODORI
2317 1255 2402 1299 EX
2443 1253 2731 1299 FACUNDO
2767 1249 3194 1297 HERMIANENSI
3228 1249 3543 1296 EDUCTUM.

534 1465 842 1524 Orationem
869 1459 1091 1514 Joannis
1116 1454 1470 1528 Cltrysostomi
1503 1453 1557 1507 in
1591 1451 1875 1505 Diodorum
1903 1446 2066 1502 edidit
2107 1447 2244 1500 idem
2280 1444 2549 1499 Emericus
2580 1443 2817 1516 Bigotius
2862 1452 2977 1514 post
3029 1441 3203 1496 Vitam
3248 1440 3598 1511 Chrysostomi
3653 1460 3754 1511 per

608 1578 937 1642 Palladium,
971 1584 1021 1630 et
1065 1583 1184 1628 ante
1229 1572 1503 1643 epistolam
1540 1570 1609 1623 ad
1652 1567 1964 1624 Cwsarium.
2006 1565 2106 1622 Cui
2134 1565 2289 1621 illam
2312 1565 2696 1636 subjungimus,
2731 1564 2798 1618 iis
2841 1560 3129 1633 praemissis
3177 1575 3297 1628 qua
3333 1559 3560 1630 Bigotius
3603 1577 3751 1629 prc-

607 1693 773 1762 fatur.

613 1944 631 1978 ι
663 1923 782 1980 Jam
815 1939 965 1991 vero,
1002 1921 1269 1993 inquit,ut
1285 1919 1504 1976 lectoris
1533 1919 1776 1975 animum
1802 1918 1872 1974 ab
1901 1916 2242 1974 atrocissima
2257 1923 2311 1971 et
2338 1915 2680 1987 iniquissima
2699 1913 3123 1985 conspiratione,
3152 1929 3260 1984 qua
3289 1913 3742 1984 Chrysostomum

541 2063 792 2127 obruere,
828 2060 1055 2130 ejusque
1088 2058 1288 2113 famam
1325 2072 1390 2112 ac
1426 2057 1746 2114 memoriam
1778 2056 2122 2124 exstinguere
2156 2063 2385 2109 conatus
2423 2061 2504 2109 est
2531 2051 2884 2122 Theophilus,
2917 2049 3179 2120 tantisper
3225 2058 3527 2103 averterem
3578 2062 3632 2103 et
3667 2064 3758 2102 re-

543 2219 804 2267 crearem,
825 2203 1051 2260 Joannis
1075 2201 1246 2258 nostri
1274 2201 1573 2257 orationem
1616 2198 1893 2268 subjunxi,
1919 2184 2084 2268 quam
2119 2197 2174 2253 in
2195 2196 2410 2253 laudem
2452 2195 2671 2252 Diodori
2706 2193 2990 2250 Tarsensis
3017 2192 3257 2262 episc0pi
3294 2191 3588 2260 aliquando
3619 2192 3760 2246 reci-

543 2343 698 2399 tavit.
724 2345 891 2415 Cujus
914 2345 1219 2416 eloquentia
1262 2354 1317 2400 et
1357 2344 1597 2400 suavitas
1618 2351 1848 2410 tantam,
1879 2353 1939 2398 ut
1963 2357 2144 2414 spero,
2182 2343 2486 2414 legentibus
2524 2344 2701 2414 pariet
2731 2342 3084 2412 voluptatem,
3123 2350 3183 2394 ut
3214 2338 3348 2392 nihil
3375 2338 3429 2392 in
3467 2354 3529 2393 ea
3564 2346 3758 2408 praeter
3821 2365 3844 2372 ί

544 2477 863 2532 brevitatem
903 2477 1012 2532 sint
1041 2477 1375 2532 damnaturi.
1413 2475 1687 2532 Orationis
1724 2483 2100 2546 argumentum
2130 2475 2239 2532 tale
2262 2484 2366 2532 est.
2395 2475 2724 2531 Concionem
2762 2475 3028 2529 habuerat
3059 2472 3350 2535 Diodorus,
3379 2478 3434 2525 et
3481 2469 3536 2522 in
3578 2469 3768 2524 laudes

545 2611 774 2670 Joannis
810 2622 983 2669 totum
1028 2629 1088 2672 se
1130 2616 1414 2683 ell'uderat,
1456 2632 1581 2673 cum
1629 2615 1840 2673 Joanne
1883 2616 2146 2687 Baptista,
2186 2627 2240 2672 et
2266 2617 2434 2673 Mosis
2464 2633 2634 2688 Virga,
2673 2625 2730 2672 et
2765 2631 2899 2673 voce
2939 2613 3197 2670 Ecclesiae
3246 2629 3373 2669 eum
3417 2609 3709 2667 conferens
3748 2629 3764 2663 -.

548 2749 665 2822 ipse
685 2751 914 2807 eximias
941 2761 994 2808 et
1027 2752 1305 2808 modestiae
1338 2768 1451 2809 suae
1493 2768 1754 2810 onerosas
1788 2752 1977 2809 laudes
2019 2761 2321 2820 aversatus,
2353 2768 2449 2810 eas
2489 2754 2545 2808 in
2588 2752 2898 2809 Diodorum
2919 2751 3208 2808 retundere
3242 2751 3433 2805 voluit.
3474 2751 3662 2820 Itaque
3709 2751 3766 2803 in

549 2888 798 2959 proxime
829 2891 1077 2960 sequenti
1111 2891 1376 2946 concione
1420 2891 1677 2958 ostendit,
1724 2891 1872 2947 tanta
1915 2889 2180 2961 praeconia
2223 2889 2460 2945 Diodoro
2493 2889 2805 2955 convenire,
2841 2904 2946 2945 non
2984 2888 3112 2944 sibi.
3163 2886 3487 2942 Contextum
3515 2883 3768 2940 Graecum

553 3024 862 3095 deprompsi
890 3041 956 3082 ex
994 3025 1322 3083 bibliotheca
1365 3023 1652 3093 Vaticana;
1691 3027 1787 3082 sed
1831 3041 1956 3082 eum
1993 3025 2172 3082 Latini
2209 3026 2352 3098 juris
2396 3025 2498 3082 feci
2531 3045 2546 3082 :
2579 3042 2611 3082 a
2642 3039 2751 3096 quo
2787 3025 2973 3082 labore
3005 3025 3233 3081 libenter
3281 3021 3684 3087 abstinuissem,
3725 3022 3773 3077 si

565 3280 3752 3312 Μ

1015 3683 1167 3758 [⁷4η
1221 3692 1799 3784 ΕΓΚΩΜΙΟΝ
1843 3698 2014 3784 ΕΙΣ
2071 3697 2624 3787 ΔΙΟΔΩΡΟΝ
2674 3700 3337 3788 ΕΠΙΣΚΟΠΟΝ

1602 3961 1709 4014 τὸν
1740 3961 2116 4028 προλαϐόντα
2157 3961 2255 4016 καὶ
2287 3963 2756 4034 ἐγκωμιάσαντα.

622 4557 691 4606 α’.
729 4552 788 4608 '0
813 4552 974 4624 σοφὸς
1003 4548 1155 4620 οὗτος
1183 4557 1276 4611 καὶ
1303 4560 1545 4626 γενναῖος
1564 4557 1898 4624 διδάσκαλος,
1926 4560 2116 4632 πρώην

551 4642 648 4716 τὴν
671 4646 980 4718 ἀρρωστίαν
1004 4646 1096 4712 τοῦ
1131 4646 1379 4718 σώματος
1411 4649 1764 4720 ἀποθέμενος,
1787 4651 1881 4703 καὶ
1903 4651 1994 4703 ἐπὶ
2025 4652 2114 4706 τὸν

550 4735 736 4808 Θρόνον
789 4737 972 4792 τοῦτον
1008 4739 1242 4803 ἀναϐὰς,
1271 4742 1391 4811 ἐμοὶ
1437 4741 1529 4794 τοῦ
1567 4741 1724 4810 λόγου
1766 4743 1877 4796 τῶν
1935 4762 2118 4815 προοι-

552 4827 689 4899 μίων
720 4830 1030 4902 ἀπήρξατο,
1071 4832 1162 4885 τὸν
1201 4832 1507 4903 Βαπτιστὴν
1551 4833 1836 4906 Ἰωάννην,
1876 4838 1969 4890 καὶ
2005 4854 2117 4906 φω-

548 4919 646 4990 νὴν
680 4921 780 4992 τῆς
814 4923 1159 4995 Ἑκκλησίας,
1185 4924 1278 4978 καὶ
1307 4924 1500 4996 ῥάϐδον
1528 4925 1788 4991 Μωσέως,
1832 4927 1927 4980 καὶ
1956 4928 2119 5000 ἕτερα

549 5008 769 5064 πλείονα
823 5015 963 5083 μετά
1006 5015 1210 5068 τούτων
1275 5013 1604 5088 προσειπών.
1655 5017 1765 5070 Καὶ
1813 5012 1964 5084 οὗτος
2019 5022 2116 5090 μὲν

549 5097 777 5169 ἐπῄνεσε
803 5102 945 5170 τότε,
978 5104 1137 5174 ὑμεῖς
1172 5105 1230 5158 δὲ
1271 5105 1637 5177 ἀνεκράγετε·
1676 5107 1786 5177 ἐγὼ
1827 5108 1884 5162 δὲ
1930 5109 2119 5177 πόρῤω

548 5189 858 5261 καθήμενος
909 5195 1106 5269 πικρὸν
1157 5198 1504 5264 ἀνεστέναξα.
1537 5200 1712 5265 Αὐτὸς
1749 5200 1859 5273 γὰρ
1894 5200 2114 5273 ἐπῄνει.

546 5277 647 5348 τὴν
689 5279 1024 5348 φιλοτεκνίαν
1061 5287 1497 5361 ἐπιδεικνύμενος
1519 5333 1534 5355 ,
1570 5292 1726 5360 ὑμεῖς
1761 5291 2114 5363 ἀνεκράγετε»

547 5368 647 5438 τὴν
674 5370 1020 5444 φιλαδελφίαν
1051 5379 1424 5448 ἐμφαίνοντες,
1458 5382 1568 5450 ἐγὼ
1595 5382 1650 5435 δὲ
1678 5382 1959 5448 ὲστέναξον
1991 5383 2116 5453 (sic)

548 5456 628 5527 τῷ
659 5457 767 5512 τῶν
805 5461 1040 5518 ἐπαίνων
1081 5466 1229 5539 ὄγκῳ
1258 5469 1592 5541 πιεζόμενος.
1649 5473 1967 5542 Ἐγκωμίων
2009 5474 2116 5545 γὰρ

549 5547 784 5616 μέγεθος
821 5552 1232 5626 ἁμαρτημάτων
1276 5561 1376 5614 οὐκ
1428 5561 1646 5616 ἔλαττον
1694 5561 1907 5616 δάκνειν
1960 5563 2118 5618 εἴωθε

552 5638 614 5694 τὸ
647 5643 884 5711 συνειδὸς
917 5663 930 5681 ·
971 5648 1066 5704 καὶ
1113 5650 1241 5708 ὅταν
1292 5669 1376 5718 τις
1403 5633 1596 5724 ’ἑαυτῷ
1656 5653 1822 5726 μηδὲν
1867 5654 2117 5722 συνειδὼς

2214 4561 2439 4630 ἀγαθὸν,
2473 4561 2643 4615 πολλά
2673 4560 2766 4616 καὶ
2822 4561 3033 4632 μεγάλα
3063 4560 3241 4630 ἀγαθά
3277 4559 3542 4630 λεγόντων
3585 4561 3799 4634 ἐτέρων

2215 4652 2388 4725 ἀκούῃ
2437 4655 2566 4724 περὶ
2615 4651 2814 4717 αὑτοῦ,
2847 4652 3296 4722 ἀναλογιζόμενος
3351 4653 3451 4723 τὴν
3503 4653 3794 4724 παροῦσαν

2217 4745 2480 4814 ὑπόληψιν
2505 4743 2598 4798 καὶ
2623 4744 2721 4814 τὴν
2754 4744 3050 4814 μέλλουσαν
3077 4745 3308 4816 ἡμέραν,
3346 4743 3467 4797 καθ’
3512 4745 3579 4815 ἦν
3612 4745 3796 4799 πάντα

2216 4837 2397 4907 γυμνὰ
2420 4836 2512 4890 καὶ
2536 4835 3006 4907 τετραχηλισμένα
3033 4848 3049 4864 ⁶
3081 4836 3174 4888 καὶ
3204 4838 3285 4889 ὅτι
3317 4838 3345 4889 ό
3373 4836 3494 4888 τότε
3527 4834 3792 4899 δικάζων,

2214 4928 2315 4983 οὐκ
2353 4927 2460 4980 ἀπὸ
2483 4927 2585 4996 τῆς
2624 4926 2733 4980 τῶν
2786 4925 2992 4979 πολλῶν
3020 4925 3292 4991 ὑπονοίας,
3329 4925 3444 4978 ἀλλ’
3473 4923 3648 4995 αὐτῆς
3681 4927 3796 4978 τῶν

2217 5019 2554 5087 πραγμάτων
2593 5019 2769 5088 κρινεῖ
2801 5016 2900 5086 τῆς
2931 5015 3185 5087 ἀληθείας
3208 5016 3315 5087 (οῠ
3343 5014 3453 5084 γὰρ
3484 5015 3637 5068 κατὰ
3676 5015 3797 5081 τὴν

2215 5107 2402 5173 δόξαν
2419 5109 2622 5177 κρινεῖ,
2639 5109 2821 5181 φησὶν,
2836 5107 2978 5164 οὐδὲ
2992 5109 3138 5163 κατὰ
3154 5107 3269 5176 τὴν
3278 5107 3499 5163 λαλιὰν
3508 5106 3793 5178 ἐλέγξει)’

2213 5201 2387 5252 ταῦτα
2409 5201 2587 5254 πάντα
2609 5201 2825 5265 ἐννοῶν,
2865 5199 3140 5270 ὀδυνῶμαι
3184 5203 3296 5264 τοῖς
3329 5199 3570 5262 ἐπαίνοις
3594 5199 3686 5251 καὶ
3720 5201 3788 5267 τῇ

2215 5291 2422 5361 χρηπῇ
2459 5289 2567 5343 τῶν
2590 5290 2799 5345 πολλῶν
2836 5291 3078 5363 ὑπονοίᾳ,
3125 5291 3259 5345 πολὺ
3296 5291 3360 5343 τὸ
3390 5289 3553 5361 μέσον
3585 5289 3790 5357 ταύτης

2217 5380 2352 5449 πρὸς
2377 5378 2475 5452 τὴν
2511 5381 2808 5451 μέλλουσαν
2839 5383 3018 5454 ψῆφον
3044 5383 3205 5455 ὁρῶν.
3235 5382 3348 5438 Νῦν
3388 5383 3485 5454 μὲν
3518 5381 3626 5452 γάρ
3657 5397 3792 5451 προ-

2219 5473 2473 5536 σωπείοις
2503 5474 2612 5528 τισὶ
2642 5478 2763 5540 ταῖς
2793 5477 2945 5548 παρὰ
2974 5476 3083 5530 τῶν
3113 5475 3321 5530 πολλῶν
3347 5475 3525 5544 δόξαις
3553 5471 3791 5545 κρυπτό-

2224 5563 2362 5635 μεθα
2389 5582 2403 5596 ο
2430 5566 2488 5618 ὲν
2511 5567 2694 5638 ἐκείνῃ
2717 5567 2773 5620 δὲ
2799 5570 2862 5639 τῇ
2895 5567 3097 5640 ἡμέρᾳ,
3123 5571 3304 5640 γυμνῇ
3327 5569 3393 5638 τῇ
3430 5564 3792 5636 κεφαλῇ.τῶν

2224 5657 2830 5737 προσωπείωνρτούτων
2883 5660 3330 5734 ἀφαιρεθέντων,
3380 5660 3487 5730 πρὸ
3547 5659 3793 5730 βήματος
