  <div class='ocr_page' id='page_1' title='image "/cluster/home/n/w/nwhite01/storage/ocr_20150623/52/hvd.32044073501918/380.png"; bbox 0 0 4064 6218; ppageno 0'>
   <div class='ocr_carea' id='block_1_1' title="bbox 3374 207 3401 235">
    <p class='ocr_par' dir='ltr' id='par_1_1' title="bbox 3374 207 3401 235">
     <span class='ocr_line' id='line_1_1' title="bbox 3374 207 3401 235; baseline 0 -7"><span class='ocrx_word' id='word_1_1' title='bbox 3374 207 3401 235; x_wconf 65' lang='grc' dir='ltr'><strong><em>ο</em></strong></span> 
     </span>
    </p>
   </div>
   <div class='ocr_carea' id='block_1_2' title="bbox 350 242 3592 310">
    <p class='ocr_par' dir='ltr' id='par_1_2' title="bbox 350 242 3592 310">
     <span class='ocr_line' id='line_1_2' title="bbox 350 242 3592 310; baseline 0.006 -22"><span class='ocrx_word' id='word_1_2' title='bbox 350 242 459 302; x_wconf 67' lang='grc'><strong>’161</strong></span> <span class='ocrx_word' id='word_1_3' title='bbox 1501 242 1571 295; x_wconf 83' lang='grc' dir='ltr'><strong>ΙΝ</strong></span> <span class='ocrx_word' id='word_1_4' title='bbox 1609 242 1970 297; x_wconf 77' lang='lat' dir='ltr'><strong>DIODORUM</strong></span> <span class='ocrx_word' id='word_1_5' title='bbox 2005 242 2437 299; x_wconf 78' lang='lat' dir='ltr'><strong>TARSENSEM.</strong></span> <span class='ocrx_word' id='word_1_6' title='bbox 3470 250 3592 310; x_wconf 61' lang='grc' dir='ltr'><strong>ηδε</strong></span> 
     </span>
    </p>
   </div>
   <div class='ocr_carea' id='block_1_3' title="bbox 356 376 3576 455">
    <p class='ocr_par' dir='ltr' id='par_1_3' title="bbox 356 376 3576 455">
     <span class='ocr_line' id='line_1_3' title="bbox 356 376 3576 455; baseline 0.002 -17"><span class='ocrx_word' id='word_1_7' title='bbox 356 382 572 452; x_wconf 81' lang='lat' dir='ltr'><strong>integra</strong></span> <span class='ocrx_word' id='word_1_8' title='bbox 612 378 757 450; x_wconf 92' lang='lat' dir='ltr'><strong>apud</strong></span> <span class='ocrx_word' id='word_1_9' title='bbox 790 377 1105 435; x_wconf 79' lang='lat' dir='ltr'><strong>Facundum</strong></span> <span class='ocrx_word' id='word_1_10' title='bbox 1148 376 1595 434; x_wconf 85' lang='lat' dir='ltr'><strong>Hermianensem</strong></span> <span class='ocrx_word' id='word_1_11' title='bbox 1636 381 1954 452; x_wconf 81' lang='lat' dir='ltr'><strong>episc0pum</strong></span> <span class='ocrx_word' id='word_1_12' title='bbox 1984 384 2253 442; x_wconf 82' lang='lat' dir='ltr'><strong>extitisset</strong></span> <span class='ocrx_word' id='word_1_13' title='bbox 2277 383 2539 439; x_wconf 88' lang='lat' dir='ltr'><strong>orationis</strong></span> <span class='ocrx_word' id='word_1_14' title='bbox 2580 383 2743 453; x_wconf 83' lang='lat' dir='ltr'><strong>hujus</strong></span> <span class='ocrx_word' id='word_1_15' title='bbox 2780 384 3175 455; x_wconf 73' lang='lat' dir='ltr'><strong>interpretatio.</strong></span> <span class='ocrx_word' id='word_1_16' title='bbox 3222 386 3359 443; x_wconf 89' lang='lat' dir='ltr'><strong>Cum</strong></span> <span class='ocrx_word' id='word_1_17' title='bbox 3394 396 3576 445; x_wconf 83' lang='lat' dir='ltr'><strong>autem</strong></span> 
     </span>
    </p>
   </div>
   <div class='ocr_carea' id='block_1_4' title="bbox 1501 240 2437 299">
    <p class='ocr_par' dir='ltr' id='par_1_4' title="bbox 1501 240 2437 299">
     <span class='ocr_line' id='line_1_4' title="bbox 1501 240 2437 299; baseline 0.004 -4"><span class='ocrx_word' id='word_1_18' title='bbox 1501 240 1571 295; x_wconf 82' lang='lat' dir='ltr'><strong>IN</strong></span> <span class='ocrx_word' id='word_1_19' title='bbox 1609 240 1970 297; x_wconf 75' lang='lat' dir='ltr'><strong>DIODORUM</strong></span> <span class='ocrx_word' id='word_1_20' title='bbox 2005 240 2437 299; x_wconf 77' lang='lat' dir='ltr'><strong>TARSENSEM.</strong></span> 
     </span>
    </p>
   </div>
   <div class='ocr_carea' id='block_1_5' title="bbox 356 521 3582 599">
    <p class='ocr_par' dir='ltr' id='par_1_5' title="bbox 356 521 3582 599">
     <span class='ocr_line' id='line_1_5' title="bbox 356 521 3582 599; baseline 0.002 -19"><span class='ocrx_word' id='word_1_21' title='bbox 356 524 433 581; x_wconf 91' lang='lat' dir='ltr'><strong>ibi</strong></span> <span class='ocrx_word' id='word_1_22' title='bbox 470 521 791 594; x_wconf 88' lang='lat' dir='ltr'><strong>imperfecta</strong></span> <span class='ocrx_word' id='word_1_23' title='bbox 817 523 909 589; x_wconf 89' lang='lat' dir='ltr'><strong>sit,</strong></span> <span class='ocrx_word' id='word_1_24' title='bbox 929 526 1094 579; x_wconf 89' lang='lat' dir='ltr'><strong>verba</strong></span> <span class='ocrx_word' id='word_1_25' title='bbox 1125 538 1246 578; x_wconf 87' lang='lat' dir='ltr'><strong>mea</strong></span> <span class='ocrx_word' id='word_1_26' title='bbox 1279 522 1461 578; x_wconf 82' lang='lat' dir='ltr'><strong>verbis</strong></span> <span class='ocrx_word' id='word_1_27' title='bbox 1492 523 1699 594; x_wconf 78' lang='lat' dir='ltr'><strong>antiqui</strong></span> <span class='ocrx_word' id='word_1_28' title='bbox 1739 525 2050 597; x_wconf 84' lang='lat' dir='ltr'><strong>interpretis</strong></span> <span class='ocrx_word' id='word_1_29' title='bbox 2078 529 2309 587; x_wconf 90' lang='lat' dir='ltr'><strong>miscere</strong></span> <span class='ocrx_word' id='word_1_30' title='bbox 2332 529 2466 584; x_wconf 90' lang='lat' dir='ltr'><strong>mibi</strong></span> <span class='ocrx_word' id='word_1_31' title='bbox 2500 528 2688 599; x_wconf 78' lang='lat' dir='ltr'><strong>religio</strong></span> <span class='ocrx_word' id='word_1_32' title='bbox 2713 527 2835 583; x_wconf 92' lang='lat' dir='ltr'><strong>fuit.</strong></span> <span class='ocrx_word' id='word_1_33' title='bbox 2860 529 2929 583; x_wconf 88' lang='lat' dir='ltr'><strong>At</strong></span> <span class='ocrx_word' id='word_1_34' title='bbox 2949 542 3078 583; x_wconf 88' lang='lat' dir='ltr'><strong>vero</strong></span> <span class='ocrx_word' id='word_1_35' title='bbox 3102 543 3171 584; x_wconf 93' lang='lat' dir='ltr'><strong>ne</strong></span> <span class='ocrx_word' id='word_1_36' title='bbox 3194 538 3307 584; x_wconf 90' lang='lat' dir='ltr'><strong>tam</strong></span> <span class='ocrx_word' id='word_1_37' title='bbox 3341 530 3582 599; x_wconf 79' lang='lat' dir='ltr'><strong>pretiosa</strong></span> 
     </span>
    </p>
   </div>
   <div class='ocr_carea' id='block_1_6' title="bbox 348 660 3584 738">
    <p class='ocr_par' dir='ltr' id='par_1_6' title="bbox 348 660 3584 738">
     <span class='ocr_line' id='line_1_6' title="bbox 348 660 3584 738; baseline -0.001 -17"><span class='ocrx_word' id='word_1_38' title='bbox 348 672 411 721; x_wconf 87' lang='lat' dir='ltr'><strong>et</strong></span> <span class='ocrx_word' id='word_1_39' title='bbox 447 672 557 721; x_wconf 87' lang='lat' dir='ltr'><strong>tam</strong></span> <span class='ocrx_word' id='word_1_40' title='bbox 580 664 904 732; x_wconf 54' lang='lat' dir='ltr'><strong>vetustafut</strong></span> <span class='ocrx_word' id='word_1_41' title='bbox 928 663 1002 719; x_wconf 89' lang='lat' dir='ltr'><strong>ita</strong></span> <span class='ocrx_word' id='word_1_42' title='bbox 1024 664 1239 734; x_wconf 87' lang='lat' dir='ltr'><strong>loquar,</strong></span> <span class='ocrx_word' id='word_1_43' title='bbox 1270 660 1569 734; x_wconf 89' lang='lat' dir='ltr'><strong>fragmenta</strong></span> <span class='ocrx_word' id='word_1_44' title='bbox 1604 664 1692 721; x_wconf 92' lang='lat' dir='ltr'><strong>hic</strong></span> <span class='ocrx_word' id='word_1_45' title='bbox 1724 665 2183 736; x_wconf 89' lang='lat' dir='ltr'><strong>desiderarentur,</strong></span> <span class='ocrx_word' id='word_1_46' title='bbox 2208 684 2269 725; x_wconf 89' lang='lat' dir='ltr'><strong>ea</strong></span> <span class='ocrx_word' id='word_1_47' title='bbox 2298 667 2592 738; x_wconf 89' lang='lat' dir='ltr'><strong>unicuique</strong></span> <span class='ocrx_word' id='word_1_48' title='bbox 2621 664 2829 737; x_wconf 71' lang='lat' dir='ltr'><strong>paginae</strong></span> <span class='ocrx_word' id='word_1_49' title='bbox 2854 663 3123 735; x_wconf 84' lang='lat' dir='ltr'><strong>subjicere</strong></span> <span class='ocrx_word' id='word_1_50' title='bbox 3143 678 3321 735; x_wconf 70' lang='lat' dir='ltr'><strong>operae</strong></span> <span class='ocrx_word' id='word_1_51' title='bbox 3347 662 3584 734; x_wconf 87' lang='lat' dir='ltr'><strong>pretium</strong></span> 
     </span>
    </p>
   </div>
   <div class='ocr_carea' id='block_1_7' title="bbox 352 802 542 859">
    <p class='ocr_par' dir='ltr' id='par_1_7' title="bbox 352 802 542 859">
     <span class='ocr_line' id='line_1_7' title="bbox 352 802 542 859; baseline 0 -2"><span class='ocrx_word' id='word_1_52' title='bbox 352 802 542 859; x_wconf 63' lang='lat' dir='ltr'><strong>duxi.»</strong></span> 
     </span>
    </p>
   </div>
   <div class='ocr_carea' id='block_1_8' title="bbox 422 938 3583 1017">
    <p class='ocr_par' dir='ltr' id='par_1_8' title="bbox 422 938 3583 1017">
     <span class='ocr_line' id='line_1_8' title="bbox 422 938 3583 1017; baseline -0.002 -18"><span class='ocrx_word' id='word_1_53' title='bbox 422 945 644 999; x_wconf 80' lang='lat' dir='ltr'><strong>Annum</strong></span> <span class='ocrx_word' id='word_1_54' title='bbox 690 958 801 1015; x_wconf 91' lang='lat' dir='ltr'><strong>quo</strong></span> <span class='ocrx_word' id='word_1_55' title='bbox 836 943 980 999; x_wconf 89' lang='lat' dir='ltr'><strong>hanc</strong></span> <span class='ocrx_word' id='word_1_56' title='bbox 1013 943 1333 1000; x_wconf 89' lang='lat' dir='ltr'><strong>concionem</strong></span> <span class='ocrx_word' id='word_1_57' title='bbox 1367 944 1557 999; x_wconf 85' lang='lat' dir='ltr'><strong>habuit</strong></span> <span class='ocrx_word' id='word_1_58' title='bbox 1588 943 2036 1017; x_wconf 82' lang='lat' dir='ltr'><strong>Chrysostomus,</strong></span> <span class='ocrx_word' id='word_1_59' title='bbox 2077 944 2267 1001; x_wconf 81' lang='lat' dir='ltr'><strong>statuit</strong></span> <span class='ocrx_word' id='word_1_60' title='bbox 2308 944 2686 1001; x_wconf 90' lang='lat' dir='ltr'><strong>Tillemontius</strong></span> <span class='ocrx_word' id='word_1_61' title='bbox 2734 943 2861 1009; x_wconf 70' lang='lat'><strong>392,</strong></span> <span class='ocrx_word' id='word_1_62' title='bbox 2913 959 3075 1013; x_wconf 90' lang='lat' dir='ltr'><strong>quam</strong></span> <span class='ocrx_word' id='word_1_63' title='bbox 3112 938 3365 1011; x_wconf 91' lang='lat' dir='ltr'><strong>temporis</strong></span> <span class='ocrx_word' id='word_1_64' title='bbox 3397 949 3583 996; x_wconf 88' lang='lat' dir='ltr'><strong>notam</strong></span> 
     </span>
    </p>
   </div>
   <div class='ocr_carea' id='block_1_9' title="bbox 352 1076 3584 1151">
    <p class='ocr_par' dir='ltr' id='par_1_9' title="bbox 352 1076 3584 1151">
     <span class='ocr_line' id='line_1_9' title="bbox 352 1076 3584 1151; baseline -0.002 -14"><span class='ocrx_word' id='word_1_65' title='bbox 352 1096 452 1137; x_wconf 90' lang='lat' dir='ltr'><strong>nec</strong></span> <span class='ocrx_word' id='word_1_66' title='bbox 481 1080 822 1151; x_wconf 77' lang='lat' dir='ltr'><strong>impugnare,</strong></span> <span class='ocrx_word' id='word_1_67' title='bbox 851 1094 954 1135; x_wconf 88' lang='lat' dir='ltr'><strong>nec</strong></span> <span class='ocrx_word' id='word_1_68' title='bbox 988 1090 1050 1136; x_wconf 89' lang='lat' dir='ltr'><strong>ut</strong></span> <span class='ocrx_word' id='word_1_69' title='bbox 1076 1080 1303 1136; x_wconf 91' lang='lat' dir='ltr'><strong>omnino</strong></span> <span class='ocrx_word' id='word_1_70' title='bbox 1327 1089 1529 1137; x_wconf 85' lang='lat' dir='ltr'><strong>certam</strong></span> <span class='ocrx_word' id='word_1_71' title='bbox 1554 1081 1842 1139; x_wconf 92' lang='lat' dir='ltr'><strong>defendere</strong></span> <span class='ocrx_word' id='word_1_72' title='bbox 1872 1083 2017 1139; x_wconf 89' lang='lat' dir='ltr'><strong>licet.</strong></span> <span class='ocrx_word' id='word_1_73' title='bbox 2050 1084 2362 1138; x_wconf 84' lang='lat' dir='ltr'><strong>Orationem</strong></span> <span class='ocrx_word' id='word_1_74' title='bbox 2386 1083 2499 1151; x_wconf 86' lang='lat' dir='ltr'><strong>jam</strong></span> <span class='ocrx_word' id='word_1_75' title='bbox 2536 1081 2801 1136; x_wconf 87' lang='lat' dir='ltr'><strong>habuerat</strong></span> <span class='ocrx_word' id='word_1_76' title='bbox 2828 1080 3095 1134; x_wconf 90' lang='lat' dir='ltr'><strong>Diodorus</strong></span> <span class='ocrx_word' id='word_1_77' title='bbox 3126 1080 3178 1133; x_wconf 92' lang='lat' dir='ltr'><strong>in</strong></span> <span class='ocrx_word' id='word_1_78' title='bbox 3204 1092 3306 1146; x_wconf 89' lang='lat' dir='ltr'><strong>qua</strong></span> <span class='ocrx_word' id='word_1_79' title='bbox 3321 1076 3584 1131; x_wconf 86' lang='lat' dir='ltr'><strong>Joannem</strong></span> 
     </span>
    </p>
   </div>
   <div class='ocr_carea' id='block_1_10' title="bbox 344 1209 3576 1291">
    <p class='ocr_par' dir='ltr' id='par_1_10' title="bbox 344 1209 3576 1291">
     <span class='ocr_line' id='line_1_10' title="bbox 344 1209 3576 1291; baseline -0.004 -17"><span class='ocrx_word' id='word_1_80' title='bbox 344 1219 808 1290; x_wconf 83' lang='lat' dir='ltr'><strong>Cbrysostomum</strong></span> <span class='ocrx_word' id='word_1_81' title='bbox 847 1219 1100 1276; x_wconf 86' lang='lat' dir='ltr'><strong>laudibus</strong></span> <span class='ocrx_word' id='word_1_82' title='bbox 1142 1221 1429 1289; x_wconf 83' lang='lat' dir='ltr'><strong>extulerat,</strong></span> <span class='ocrx_word' id='word_1_83' title='bbox 1468 1230 1531 1276; x_wconf 94' lang='lat' dir='ltr'><strong>ut</strong></span> <span class='ocrx_word' id='word_1_84' title='bbox 1562 1238 1724 1291; x_wconf 87' lang='lat' dir='ltr'><strong>supra</strong></span> <span class='ocrx_word' id='word_1_85' title='bbox 1763 1220 1969 1277; x_wconf 90' lang='lat' dir='ltr'><strong>dictum</strong></span> <span class='ocrx_word' id='word_1_86' title='bbox 2011 1228 2114 1277; x_wconf 89' lang='lat' dir='ltr'><strong>est.</strong></span> <span class='ocrx_word' id='word_1_87' title='bbox 2157 1220 2577 1291; x_wconf 81' lang='lat' dir='ltr'><strong>Cbrysostomus</strong></span> <span class='ocrx_word' id='word_1_88' title='bbox 2628 1234 2760 1273; x_wconf 82' lang='lat' dir='ltr'><strong>vero</strong></span> <span class='ocrx_word' id='word_1_89' title='bbox 2798 1216 3020 1271; x_wconf 89' lang='lat' dir='ltr'><strong>laudum</strong></span> <span class='ocrx_word' id='word_1_90' title='bbox 3074 1212 3298 1267; x_wconf 90' lang='lat' dir='ltr'><strong>minime</strong></span> <span class='ocrx_word' id='word_1_91' title='bbox 3327 1209 3576 1278; x_wconf 89' lang='lat' dir='ltr'><strong>cupidus,</strong></span> 
     </span>
    </p>
   </div>
   <div class='ocr_carea' id='block_1_11' title="bbox 348 1352 3579 1434">
    <p class='ocr_par' dir='ltr' id='par_1_11' title="bbox 348 1352 3579 1434">
     <span class='ocr_line' id='line_1_11' title="bbox 348 1352 3579 1434; baseline -0.005 -17"><span class='ocrx_word' id='word_1_92' title='bbox 348 1377 485 1418; x_wconf 84' lang='lat' dir='ltr'><strong>suas</strong></span> <span class='ocrx_word' id='word_1_93' title='bbox 528 1364 630 1434; x_wconf 88' lang='lat' dir='ltr'><strong>ipsi</strong></span> <span class='ocrx_word' id='word_1_94' title='bbox 670 1363 859 1419; x_wconf 89' lang='lat' dir='ltr'><strong>laudes</strong></span> <span class='ocrx_word' id='word_1_95' title='bbox 890 1363 1137 1432; x_wconf 67' lang='lat' dir='ltr'><strong>{reddidit</strong></span> <span class='ocrx_word' id='word_1_96' title='bbox 1177 1373 1231 1420; x_wconf 88' lang='lat' dir='ltr'><strong>et</strong></span> <span class='ocrx_word' id='word_1_97' title='bbox 1266 1365 1568 1421; x_wconf 88' lang='lat' dir='ltr'><strong>orationem</strong></span> <span class='ocrx_word' id='word_1_98' title='bbox 1616 1365 1787 1420; x_wconf 82' lang='lat' dir='ltr'><strong>texuit</strong></span> <span class='ocrx_word' id='word_1_99' title='bbox 1826 1364 2224 1429; x_wconf 84' lang='lat' dir='ltr'><strong>brevissimam,</strong></span> <span class='ocrx_word' id='word_1_100' title='bbox 2269 1362 2398 1431; x_wconf 90' lang='lat' dir='ltr'><strong>quia</strong></span> <span class='ocrx_word' id='word_1_101' title='bbox 2446 1370 2570 1431; x_wconf 90' lang='lat' dir='ltr'><strong>post</strong></span> <span class='ocrx_word' id='word_1_102' title='bbox 2614 1361 2764 1414; x_wconf 90' lang='lat' dir='ltr'><strong>illum</strong></span> <span class='ocrx_word' id='word_1_103' title='bbox 2816 1358 3003 1413; x_wconf 89' lang='lat' dir='ltr'><strong>eadem</strong></span> <span class='ocrx_word' id='word_1_104' title='bbox 3041 1355 3128 1409; x_wconf 92' lang='lat' dir='ltr'><strong>die</strong></span> <span class='ocrx_word' id='word_1_105' title='bbox 3154 1352 3579 1408; x_wconf 90' lang='lat' dir='ltr'><strong>concionaturus</strong></span> 
     </span>
    </p>
   </div>
   <div class='ocr_carea' id='block_1_12' title="bbox 348 1481 3585 1566">
    <p class='ocr_par' dir='ltr' id='par_1_12' title="bbox 348 1481 3585 1566">
     <span class='ocr_line' id='line_1_12' title="bbox 348 1481 3585 1566; baseline -0.006 -12"><span class='ocrx_word' id='word_1_106' title='bbox 348 1497 533 1554; x_wconf 84' lang='lat' dir='ltr'><strong>denno</strong></span> <span class='ocrx_word' id='word_1_107' title='bbox 562 1506 681 1554; x_wconf 89' lang='lat' dir='ltr'><strong>erat</strong></span> <span class='ocrx_word' id='word_1_108' title='bbox 726 1496 1014 1560; x_wconf 89' lang='lat' dir='ltr'><strong>Diodorus.</strong></span> <span class='ocrx_word' id='word_1_109' title='bbox 1045 1506 1105 1552; x_wconf 91' lang='lat' dir='ltr'><strong>ut</strong></span> <span class='ocrx_word' id='word_1_110' title='bbox 1135 1498 1280 1553; x_wconf 90' lang='lat' dir='ltr'><strong>clare</strong></span> <span class='ocrx_word' id='word_1_111' title='bbox 1302 1499 1417 1566; x_wconf 90' lang='lat' dir='ltr'><strong>ipse</strong></span> <span class='ocrx_word' id='word_1_112' title='bbox 1443 1498 1619 1552; x_wconf 86' lang='lat' dir='ltr'><strong>innuit</strong></span> <span class='ocrx_word' id='word_1_113' title='bbox 1649 1498 1703 1552; x_wconf 92' lang='lat' dir='ltr'><strong>in</strong></span> <span class='ocrx_word' id='word_1_114' title='bbox 1746 1496 1850 1553; x_wconf 89' lang='lat' dir='ltr'><strong>fine</strong></span> <span class='ocrx_word' id='word_1_115' title='bbox 1886 1497 2164 1565; x_wconf 79' lang='grc' dir='ltr'><strong>ὲγκωμίου</strong></span> <span class='ocrx_word' id='word_1_116' title='bbox 2205 1497 2319 1552; x_wconf 87' lang='lat' dir='ltr'><strong>sive</strong></span> <span class='ocrx_word' id='word_1_117' title='bbox 2359 1494 2734 1549; x_wconf 84' lang='lat' dir='ltr'><strong>oratiunculae.</strong></span> <span class='ocrx_word' id='word_1_118' title='bbox 2780 1492 2929 1546; x_wconf 83' lang='lat' dir='ltr'><strong>More</strong></span> <span class='ocrx_word' id='word_1_119' title='bbox 2968 1489 3164 1559; x_wconf 85' lang='lat' dir='ltr'><strong>quippe</strong></span> <span class='ocrx_word' id='word_1_120' title='bbox 3196 1493 3471 1553; x_wconf 86' lang='lat' dir='ltr'><strong>receptum</strong></span> <span class='ocrx_word' id='word_1_121' title='bbox 3502 1481 3585 1534; x_wconf 89' lang='lat' dir='ltr'><strong>vi-</strong></span> 
     </span>
    </p>
   </div>
   <div class='ocr_carea' id='block_1_13' title="bbox 354 1618 3585 1699">
    <p class='ocr_par' dir='ltr' id='par_1_13' title="bbox 354 1618 3585 1699">
     <span class='ocr_line' id='line_1_13' title="bbox 354 1618 3585 1699; baseline -0.006 -15"><span class='ocrx_word' id='word_1_122' title='bbox 354 1628 537 1684; x_wconf 79' lang='lat' dir='ltr'><strong>dimus</strong></span> <span class='ocrx_word' id='word_1_123' title='bbox 589 1627 915 1693; x_wconf 71' lang='lat' dir='ltr'><strong>Antiochiae,</strong></span> <span class='ocrx_word' id='word_1_124' title='bbox 968 1636 1029 1682; x_wconf 88' lang='lat' dir='ltr'><strong>ut</strong></span> <span class='ocrx_word' id='word_1_125' title='bbox 1072 1628 1262 1685; x_wconf 90' lang='lat' dir='ltr'><strong>eadem</strong></span> <span class='ocrx_word' id='word_1_126' title='bbox 1320 1628 1406 1683; x_wconf 93' lang='lat' dir='ltr'><strong>die</strong></span> <span class='ocrx_word' id='word_1_127' title='bbox 1450 1628 1506 1683; x_wconf 92' lang='lat' dir='ltr'><strong>in</strong></span> <span class='ocrx_word' id='word_1_128' title='bbox 1556 1630 1855 1699; x_wconf 90' lang='lat' dir='ltr'><strong>eademque</strong></span> <span class='ocrx_word' id='word_1_129' title='bbox 1885 1629 2116 1685; x_wconf 90' lang='lat' dir='ltr'><strong>ecclesia</strong></span> <span class='ocrx_word' id='word_1_130' title='bbox 2146 1629 2254 1685; x_wconf 92' lang='lat' dir='ltr'><strong>duo</strong></span> <span class='ocrx_word' id='word_1_131' title='bbox 2286 1628 2763 1685; x_wconf 87' lang='lat' dir='ltr'><strong>concionarentur.</strong></span> <span class='ocrx_word' id='word_1_132' title='bbox 2805 1624 3074 1679; x_wconf 91' lang='lat' dir='ltr'><strong>Diodorus</strong></span> <span class='ocrx_word' id='word_1_133' title='bbox 3119 1636 3248 1675; x_wconf 91' lang='lat' dir='ltr'><strong>vero</strong></span> <span class='ocrx_word' id='word_1_134' title='bbox 3296 1618 3585 1687; x_wconf 89' lang='lat' dir='ltr'><strong>episcopus</strong></span> 
     </span>
    </p>
   </div>
   <div class='ocr_carea' id='block_1_14' title="bbox 344 1754 3580 1841">
    <p class='ocr_par' dir='ltr' id='par_1_14' title="bbox 344 1754 3580 1841">
     <span class='ocr_line' id='line_1_14' title="bbox 344 1754 3580 1841; baseline -0.002 -23"><span class='ocrx_word' id='word_1_135' title='bbox 344 1763 665 1829; x_wconf 69' lang='lat' dir='ltr'><strong>Tarsensis,</strong></span> <span class='ocrx_word' id='word_1_136' title='bbox 695 1764 789 1835; x_wconf 85' lang='lat' dir='ltr'><strong>qui</strong></span> <span class='ocrx_word' id='word_1_137' title='bbox 827 1765 956 1819; x_wconf 89' lang='lat' dir='ltr'><strong>olim</strong></span> <span class='ocrx_word' id='word_1_138' title='bbox 987 1764 1163 1821; x_wconf 80' lang='lat' dir='ltr'><strong>fuerat</strong></span> <span class='ocrx_word' id='word_1_139' title='bbox 1193 1765 1420 1823; x_wconf 84' lang='lat' dir='ltr'><strong>Joannis</strong></span> <span class='ocrx_word' id='word_1_140' title='bbox 1454 1766 1832 1838; x_wconf 84' lang='lat' dir='ltr'><strong>Cbrysostomi</strong></span> <span class='ocrx_word' id='word_1_141' title='bbox 1874 1770 2155 1841; x_wconf 84' lang='lat' dir='ltr'><strong>magister,</strong></span> <span class='ocrx_word' id='word_1_142' title='bbox 2202 1770 2433 1825; x_wconf 87' lang='lat' dir='ltr'><strong>libenter</strong></span> <span class='ocrx_word' id='word_1_143' title='bbox 2462 1767 2528 1823; x_wconf 92' lang='lat' dir='ltr'><strong>ad</strong></span> <span class='ocrx_word' id='word_1_144' title='bbox 2570 1767 2622 1822; x_wconf 92' lang='lat' dir='ltr'><strong>id</strong></span> <span class='ocrx_word' id='word_1_145' title='bbox 2656 1764 2817 1821; x_wconf 78' lang='lat' dir='ltr'><strong>officii</strong></span> <span class='ocrx_word' id='word_1_146' title='bbox 2855 1760 3260 1821; x_wconf 85' lang='lat' dir='ltr'><strong>admittebatur,</strong></span> <span class='ocrx_word' id='word_1_147' title='bbox 3293 1755 3422 1827; x_wconf 87' lang='lat' dir='ltr'><strong>quia</strong></span> <span class='ocrx_word' id='word_1_148' title='bbox 3448 1754 3580 1810; x_wconf 85' lang='lat' dir='ltr'><strong>olim</strong></span> 
     </span>
    </p>
   </div>
   <div class='ocr_carea' id='block_1_15' title="bbox 349 1884 3582 1971">
    <p class='ocr_par' dir='ltr' id='par_1_15' title="bbox 349 1884 3582 1971">
     <span class='ocr_line' id='line_1_15' title="bbox 349 1884 3582 1971; baseline -0.005 -18"><span class='ocrx_word' id='word_1_149' title='bbox 349 1899 634 1971; x_wconf 81' lang='lat' dir='ltr'><strong>presbyter</strong></span> <span class='ocrx_word' id='word_1_150' title='bbox 663 1900 1036 1956; x_wconf 80' lang='lat' dir='ltr'><strong>Antiochenus</strong></span> <span class='ocrx_word' id='word_1_151' title='bbox 1069 1900 1123 1955; x_wconf 89' lang='lat' dir='ltr'><strong>id</strong></span> <span class='ocrx_word' id='word_1_152' title='bbox 1153 1899 1394 1956; x_wconf 87' lang='lat' dir='ltr'><strong>muneris</strong></span> <span class='ocrx_word' id='word_1_153' title='bbox 1429 1900 1520 1955; x_wconf 91' lang='lat' dir='ltr'><strong>diu</strong></span> <span class='ocrx_word' id='word_1_154' title='bbox 1556 1910 1873 1957; x_wconf 86' lang='lat' dir='ltr'><strong>exercuerat</strong></span> <span class='ocrx_word' id='word_1_155' title='bbox 1901 1919 1916 1956; x_wconf 90' lang='lat'><strong>:</strong></span> <span class='ocrx_word' id='word_1_156' title='bbox 1947 1916 2057 1971; x_wconf 92' lang='lat' dir='ltr'><strong>quo</strong></span> <span class='ocrx_word' id='word_1_157' title='bbox 2096 1911 2339 1971; x_wconf 89' lang='lat' dir='ltr'><strong>tempore</strong></span> <span class='ocrx_word' id='word_1_158' title='bbox 2368 1898 2557 1953; x_wconf 82' lang='lat' dir='ltr'><strong>Ariani</strong></span> <span class='ocrx_word' id='word_1_159' title='bbox 2591 1912 2714 1953; x_wconf 89' lang='lat' dir='ltr'><strong>cum</strong></span> <span class='ocrx_word' id='word_1_160' title='bbox 2752 1894 3076 1950; x_wconf 89' lang='lat' dir='ltr'><strong>auctoritate</strong></span> <span class='ocrx_word' id='word_1_161' title='bbox 3112 1889 3403 1961; x_wconf 87' lang='lat' dir='ltr'><strong>plurimum</strong></span> <span class='ocrx_word' id='word_1_162' title='bbox 3432 1884 3582 1939; x_wconf 86' lang='lat' dir='ltr'><strong>vale-</strong></span> 
     </span>
    </p>
   </div>
   <div class='ocr_carea' id='block_1_16' title="bbox 344 1990 3576 2109">
    <p class='ocr_par' dir='ltr' id='par_1_16' title="bbox 344 2026 3576 2109">
     <span class='ocr_line' id='line_1_16' title="bbox 344 2026 3576 2109; baseline -0.005 -18"><span class='ocrx_word' id='word_1_163' title='bbox 344 2044 492 2101; x_wconf 72' lang='lat' dir='ltr'><strong>rent,</strong></span> <span class='ocrx_word' id='word_1_164' title='bbox 528 2035 681 2109; x_wconf 74' lang='grc'><strong>[747]</strong></span> <span class='ocrx_word' id='word_1_165' title='bbox 709 2036 1018 2093; x_wconf 89' lang='lat' dir='ltr'><strong>Catholicos</strong></span> <span class='ocrx_word' id='word_1_166' title='bbox 1043 2037 1393 2095; x_wconf 78' lang='lat' dir='ltr'><strong>infestabant.</strong></span> <span class='ocrx_word' id='word_1_167' title='bbox 1420 2037 1493 2093; x_wconf 91' lang='lat' dir='ltr'><strong>lis</strong></span> <span class='ocrx_word' id='word_1_168' title='bbox 1521 2053 1647 2093; x_wconf 89' lang='lat' dir='ltr'><strong>cum</strong></span> <span class='ocrx_word' id='word_1_169' title='bbox 1680 2037 1894 2092; x_wconf 81' lang='lat' dir='ltr'><strong>fortiter</strong></span> <span class='ocrx_word' id='word_1_170' title='bbox 1930 2037 2223 2093; x_wconf 80' lang='lat' dir='ltr'><strong>obsisteret</strong></span> <span class='ocrx_word' id='word_1_171' title='bbox 2250 2036 2536 2101; x_wconf 90' lang='lat' dir='ltr'><strong>Diodorus,</strong></span> <span class='ocrx_word' id='word_1_172' title='bbox 2584 2034 2652 2088; x_wconf 90' lang='lat' dir='ltr'><strong>ab</strong></span> <span class='ocrx_word' id='word_1_173' title='bbox 2685 2031 2923 2097; x_wconf 82' lang='lat' dir='ltr'><strong>Arianis,</strong></span> <span class='ocrx_word' id='word_1_174' title='bbox 2954 2028 3129 2100; x_wconf 88' lang='lat' dir='ltr'><strong>inquit</strong></span> <span class='ocrx_word' id='word_1_175' title='bbox 3156 2026 3576 2096; x_wconf 79' lang='lat' dir='ltr'><strong>Chrysostomus</strong></span> 
     </span>
    </p>
   </div>
   <div class='ocr_carea' id='block_1_17' title="bbox 348 2159 3573 2240">
    <p class='ocr_par' dir='ltr' id='par_1_17' title="bbox 348 2159 3573 2240">
     <span class='ocr_line' id='line_1_17' title="bbox 348 2159 3573 2240; baseline -0.003 -19"><span class='ocrx_word' id='word_1_176' title='bbox 348 2165 516 2233; x_wconf 85' lang='lat' dir='ltr'><strong>infra,</strong></span> <span class='ocrx_word' id='word_1_177' title='bbox 542 2183 682 2238; x_wconf 68' lang='lat' dir='ltr'><strong>smpe</strong></span> <span class='ocrx_word' id='word_1_178' title='bbox 701 2168 891 2239; x_wconf 87' lang='lat' dir='ltr'><strong>pulsus</strong></span> <span class='ocrx_word' id='word_1_179' title='bbox 917 2176 1021 2235; x_wconf 89' lang='lat' dir='ltr'><strong>est,</strong></span> <span class='ocrx_word' id='word_1_180' title='bbox 1051 2184 1193 2240; x_wconf 73' lang='lat' dir='ltr'><strong>saepe</strong></span> <span class='ocrx_word' id='word_1_181' title='bbox 1223 2168 1279 2223; x_wconf 93' lang='lat' dir='ltr'><strong>in</strong></span> <span class='ocrx_word' id='word_1_182' title='bbox 1304 2169 1604 2239; x_wconf 89' lang='lat' dir='ltr'><strong>periculum</strong></span> <span class='ocrx_word' id='word_1_183' title='bbox 1627 2168 1823 2239; x_wconf 89' lang='lat' dir='ltr'><strong>capitis</strong></span> <span class='ocrx_word' id='word_1_184' title='bbox 1854 2170 2026 2236; x_wconf 89' lang='lat' dir='ltr'><strong>venit,</strong></span> <span class='ocrx_word' id='word_1_185' title='bbox 2048 2184 2111 2225; x_wconf 91' lang='lat' dir='ltr'><strong>ac</strong></span> <span class='ocrx_word' id='word_1_186' title='bbox 2132 2170 2177 2225; x_wconf 91' lang='lat' dir='ltr'><strong>si</strong></span> <span class='ocrx_word' id='word_1_187' title='bbox 2208 2185 2315 2224; x_wconf 90' lang='lat' dir='ltr'><strong>non</strong></span> <span class='ocrx_word' id='word_1_188' title='bbox 2346 2184 2426 2235; x_wconf 90' lang='lat' dir='ltr'><strong>re,</strong></span> <span class='ocrx_word' id='word_1_189' title='bbox 2456 2170 2647 2225; x_wconf 86' lang='lat' dir='ltr'><strong>saltem</strong></span> <span class='ocrx_word' id='word_1_190' title='bbox 2674 2168 2954 2238; x_wconf 89' lang='lat' dir='ltr'><strong>proposito</strong></span> <span class='ocrx_word' id='word_1_191' title='bbox 2977 2172 3179 2233; x_wconf 82' lang='lat' dir='ltr'><strong>martyr</strong></span> <span class='ocrx_word' id='word_1_192' title='bbox 3202 2160 3325 2225; x_wconf 92' lang='lat' dir='ltr'><strong>fuit,</strong></span> <span class='ocrx_word' id='word_1_193' title='bbox 3353 2167 3413 2215; x_wconf 93' lang='lat' dir='ltr'><strong>ut</strong></span> <span class='ocrx_word' id='word_1_194' title='bbox 3443 2159 3573 2214; x_wconf 90' lang='lat' dir='ltr'><strong>dicit</strong></span> 
     </span>
    </p>
   </div>
   <div class='ocr_carea' id='block_1_18' title="bbox 348 2298 3645 2375">
    <p class='ocr_par' dir='ltr' id='par_1_18' title="bbox 348 2298 3645 2375">
     <span class='ocr_line' id='line_1_18' title="bbox 348 2298 3645 2375; baseline -0 -21"><span class='ocrx_word' id='word_1_195' title='bbox 348 2299 467 2370; x_wconf 89' lang='lat' dir='ltr'><strong>ipse</strong></span> <span class='ocrx_word' id='word_1_196' title='bbox 491 2299 936 2372; x_wconf 80' lang='lat' dir='ltr'><strong>Cbrysostomus,</strong></span> <span class='ocrx_word' id='word_1_197' title='bbox 968 2311 1083 2358; x_wconf 90' lang='lat' dir='ltr'><strong>tum</strong></span> <span class='ocrx_word' id='word_1_198' title='bbox 1118 2302 1172 2357; x_wconf 93' lang='lat' dir='ltr'><strong>in</strong></span> <span class='ocrx_word' id='word_1_199' title='bbox 1203 2304 1453 2361; x_wconf 87' lang='lat' dir='ltr'><strong>oratione</strong></span> <span class='ocrx_word' id='word_1_200' title='bbox 1479 2305 1752 2375; x_wconf 89' lang='lat' dir='ltr'><strong>sequenti,</strong></span> <span class='ocrx_word' id='word_1_201' title='bbox 1796 2314 1912 2359; x_wconf 91' lang='lat' dir='ltr'><strong>tum</strong></span> <span class='ocrx_word' id='word_1_202' title='bbox 1944 2305 1998 2358; x_wconf 89' lang='lat' dir='ltr'><strong>in</strong></span> <span class='ocrx_word' id='word_1_203' title='bbox 2024 2303 2335 2375; x_wconf 86' lang='lat' dir='ltr'><strong>fragmento</strong></span> <span class='ocrx_word' id='word_1_204' title='bbox 2367 2306 2509 2374; x_wconf 89' lang='lat' dir='ltr'><strong>quod</strong></span> <span class='ocrx_word' id='word_1_205' title='bbox 2537 2304 2612 2358; x_wconf 89' lang='lat' dir='ltr'><strong>illi</strong></span> <span class='ocrx_word' id='word_1_206' title='bbox 2656 2303 3023 2373; x_wconf 88' lang='lat' dir='ltr'><strong>subjungitur.</strong></span> <span class='ocrx_word' id='word_1_207' title='bbox 3060 2301 3275 2356; x_wconf 88' lang='lat' dir='ltr'><strong>Partem</strong></span> <span class='ocrx_word' id='word_1_208' title='bbox 3302 2298 3567 2354; x_wconf 89' lang='lat' dir='ltr'><strong>orationis</strong></span> <span class='ocrx_word' id='word_1_209' title='bbox 3642 2320 3645 2321; x_wconf 49' lang='grc' dir='ltr'><em>ν</em></span> 
     </span>
    </p>
   </div>
   <div class='ocr_carea' id='block_1_19' title="bbox 347 2434 3575 2516">
    <p class='ocr_par' dir='ltr' id='par_1_19' title="bbox 347 2434 3575 2516">
     <span class='ocr_line' id='line_1_19' title="bbox 347 2434 3575 2516; baseline -0.001 -25"><span class='ocrx_word' id='word_1_210' title='bbox 347 2434 549 2494; x_wconf 83' lang='lat' dir='ltr'><strong>Latine</strong></span> <span class='ocrx_word' id='word_1_211' title='bbox 587 2453 905 2496; x_wconf 88' lang='lat' dir='ltr'><strong>conversam</strong></span> <span class='ocrx_word' id='word_1_212' title='bbox 934 2442 1119 2497; x_wconf 90' lang='lat' dir='ltr'><strong>retulit</strong></span> <span class='ocrx_word' id='word_1_213' title='bbox 1162 2442 1453 2501; x_wconf 80' lang='lat' dir='ltr'><strong>Factmdus</strong></span> <span class='ocrx_word' id='word_1_214' title='bbox 1484 2442 1895 2502; x_wconf 83' lang='lat' dir='ltr'><strong>Hermianensis</strong></span> <span class='ocrx_word' id='word_1_215' title='bbox 1918 2444 2207 2516; x_wconf 90' lang='lat' dir='ltr'><strong>episcopus</strong></span> <span class='ocrx_word' id='word_1_216' title='bbox 2237 2443 2332 2498; x_wconf 91' lang='lat' dir='ltr'><strong>lib.</strong></span> <span class='ocrx_word' id='word_1_217' title='bbox 2364 2443 2417 2509; x_wconf 80' lang='grc'><strong>4,</strong></span> <span class='ocrx_word' id='word_1_218' title='bbox 2451 2458 2500 2498; x_wconf 94' lang='lat' dir='ltr'><strong>c.</strong></span> <span class='ocrx_word' id='word_1_219' title='bbox 2530 2440 2586 2505; x_wconf 79' lang='lat'><strong>2,</strong></span> <span class='ocrx_word' id='word_1_220' title='bbox 2610 2456 2772 2511; x_wconf 89' lang='lat' dir='ltr'><strong>quam</strong></span> <span class='ocrx_word' id='word_1_221' title='bbox 2796 2454 2896 2495; x_wconf 88' lang='lat' dir='ltr'><strong>nos</strong></span> <span class='ocrx_word' id='word_1_222' title='bbox 2926 2440 2979 2493; x_wconf 93' lang='lat' dir='ltr'><strong>in</strong></span> <span class='ocrx_word' id='word_1_223' title='bbox 3011 2441 3117 2493; x_wconf 89' lang='lat' dir='ltr'><strong>ima</strong></span> <span class='ocrx_word' id='word_1_224' title='bbox 3145 2438 3342 2509; x_wconf 88' lang='lat' dir='ltr'><strong>pagina</strong></span> <span class='ocrx_word' id='word_1_225' title='bbox 3373 2434 3575 2491; x_wconf 87' lang='lat' dir='ltr'><strong>consti-</strong></span> 
     </span>
    </p>
   </div>
   <div class='ocr_carea' id='block_1_20' title="bbox 344 2544 2343 2648">
    <p class='ocr_par' dir='ltr' id='par_1_20' title="bbox 344 2574 1321 2648">
     <span class='ocr_line' id='line_1_20' title="bbox 344 2574 1321 2648; baseline 0.004 -19"><span class='ocrx_word' id='word_1_226' title='bbox 344 2574 580 2642; x_wconf 79' lang='lat' dir='ltr'><strong>tuimus,</strong></span> <span class='ocrx_word' id='word_1_227' title='bbox 606 2585 667 2631; x_wconf 90' lang='lat' dir='ltr'><strong>ut</strong></span> <span class='ocrx_word' id='word_1_228' title='bbox 686 2576 801 2648; x_wconf 88' lang='lat' dir='ltr'><strong>jam</strong></span> <span class='ocrx_word' id='word_1_229' title='bbox 832 2577 1074 2648; x_wconf 89' lang='lat' dir='ltr'><strong>Bigotius</strong></span> <span class='ocrx_word' id='word_1_230' title='bbox 1101 2578 1321 2635; x_wconf 88' lang='lat' dir='ltr'><strong>fecerat.</strong></span> 
     </span>
    </p>
   </div>
   <div class='ocr_carea' id='block_1_21' title="bbox 420 2684 3581 2784">
    <p class='ocr_par' dir='ltr' id='par_1_21' title="bbox 420 2684 3581 2784">
     <span class='ocr_line' id='line_1_21' title="bbox 420 2684 3581 2784; baseline 0.001 -19"><span class='ocrx_word' id='word_1_231' title='bbox 420 2710 665 2767; x_wconf 88' lang='lat' dir='ltr'><strong>Orationi</strong></span> <span class='ocrx_word' id='word_1_232' title='bbox 695 2712 824 2767; x_wconf 90' lang='lat' dir='ltr'><strong>buie</strong></span> <span class='ocrx_word' id='word_1_233' title='bbox 846 2711 1210 2784; x_wconf 83' lang='lat' dir='ltr'><strong>fragmentum</strong></span> <span class='ocrx_word' id='word_1_234' title='bbox 1247 2712 1393 2767; x_wconf 88' lang='lat' dir='ltr'><strong>aliud</strong></span> <span class='ocrx_word' id='word_1_235' title='bbox 1422 2713 1825 2783; x_wconf 87' lang='lat' dir='ltr'><strong>subjungimus,</strong></span> <span class='ocrx_word' id='word_1_236' title='bbox 1849 2727 1878 2765; x_wconf 89' lang='lat' dir='ltr'><strong>a</strong></span> <span class='ocrx_word' id='word_1_237' title='bbox 1898 2710 2157 2767; x_wconf 86' lang='lat' dir='ltr'><strong>Facundo</strong></span> <span class='ocrx_word' id='word_1_238' title='bbox 2179 2684 2552 2766; x_wconf 73' lang='lat' dir='ltr'><strong>Hermiauensi</strong></span> <span class='ocrx_word' id='word_1_239' title='bbox 2575 2709 2773 2765; x_wconf 90' lang='lat' dir='ltr'><strong>ibidem</strong></span> <span class='ocrx_word' id='word_1_240' title='bbox 2807 2710 3055 2765; x_wconf 90' lang='lat' dir='ltr'><strong>allatum.</strong></span> <span class='ocrx_word' id='word_1_241' title='bbox 3078 2711 3318 2765; x_wconf 90' lang='lat' dir='ltr'><strong>Pertinet</strong></span> <span class='ocrx_word' id='word_1_242' title='bbox 3352 2726 3481 2766; x_wconf 91' lang='lat' dir='ltr'><strong>vero</strong></span> <span class='ocrx_word' id='word_1_243' title='bbox 3511 2713 3581 2766; x_wconf 85' lang='lat' dir='ltr'><strong>ad</strong></span> 
     </span>
    </p>
   </div>
   <div class='ocr_carea' id='block_1_22' title="bbox 348 2852 3582 2925">
    <p class='ocr_par' dir='ltr' id='par_1_22' title="bbox 348 2852 3582 2925">
     <span class='ocr_line' id='line_1_22' title="bbox 348 2852 3582 2925; baseline -0.001 -14"><span class='ocrx_word' id='word_1_244' title='bbox 348 2854 639 2911; x_wconf 77' lang='lat' dir='ltr'><strong>Homiliam</strong></span> <span class='ocrx_word' id='word_1_245' title='bbox 655 2853 927 2924; x_wconf 88' lang='lat' dir='ltr'><strong>quandam</strong></span> <span class='ocrx_word' id='word_1_246' title='bbox 943 2852 1319 2925; x_wconf 89' lang='lat' dir='ltr'><strong>Cbrysostomi</strong></span> <span class='ocrx_word' id='word_1_247' title='bbox 1352 2855 1406 2910; x_wconf 90' lang='lat' dir='ltr'><strong>in</strong></span> <span class='ocrx_word' id='word_1_248' title='bbox 1436 2855 1775 2910; x_wconf 85' lang='lat' dir='ltr'><strong>solemnitate</strong></span> <span class='ocrx_word' id='word_1_249' title='bbox 1801 2854 2095 2925; x_wconf 84' lang='lat' dir='ltr'><strong>Martyrum</strong></span> <span class='ocrx_word' id='word_1_250' title='bbox 2133 2872 2148 2911; x_wconf 89' lang='lat'><strong>:</strong></span> <span class='ocrx_word' id='word_1_251' title='bbox 2180 2868 2409 2925; x_wconf 86' lang='lat' dir='ltr'><strong>quorum</strong></span> <span class='ocrx_word' id='word_1_252' title='bbox 2441 2852 2727 2909; x_wconf 89' lang='lat' dir='ltr'><strong>occasione</strong></span> <span class='ocrx_word' id='word_1_253' title='bbox 2772 2852 3064 2908; x_wconf 83' lang='lat' dir='ltr'><strong>Diodorum</strong></span> <span class='ocrx_word' id='word_1_254' title='bbox 3095 2853 3269 2923; x_wconf 91' lang='lat' dir='ltr'><strong>ipsum</strong></span> <span class='ocrx_word' id='word_1_255' title='bbox 3294 2862 3582 2925; x_wconf 79' lang='lat' dir='ltr'><strong>martyrem</strong></span> 
     </span>
    </p>
   </div>
   <div class='ocr_carea' id='block_1_23' title="bbox 344 2981 1229 3053">
    <p class='ocr_par' dir='ltr' id='par_1_23' title="bbox 344 2981 1229 3053">
     <span class='ocr_line' id='line_1_23' title="bbox 344 2981 1229 3053; baseline 0 -16"><span class='ocrx_word' id='word_1_256' title='bbox 344 2981 600 3053; x_wconf 86' lang='lat' dir='ltr'><strong>appellat,</strong></span> <span class='ocrx_word' id='word_1_257' title='bbox 635 2998 697 3038; x_wconf 89' lang='lat' dir='ltr'><strong>ac</strong></span> <span class='ocrx_word' id='word_1_258' title='bbox 722 2997 819 3052; x_wconf 91' lang='lat' dir='ltr'><strong>pro</strong></span> <span class='ocrx_word' id='word_1_259' title='bbox 850 2997 1001 3038; x_wconf 92' lang='lat' dir='ltr'><strong>more</strong></span> <span class='ocrx_word' id='word_1_260' title='bbox 1023 2983 1229 3039; x_wconf 90' lang='lat' dir='ltr'><strong>laudat.</strong></span> 
     </span>
    </p>
   </div>
   <div class='ocr_carea' id='block_1_24' title="bbox 363 3262 3557 3289">
    <p class='ocr_par' dir='ltr' id='par_1_24' title="bbox 363 3262 3557 3289">
     <span class='ocr_line' id='line_1_24' title="bbox 363 3262 3557 3289; baseline 0.006 -10"><span class='ocrx_word' id='word_1_261' title='bbox 363 3262 3557 3289; x_wconf 66' lang='lat' dir='ltr'><strong>-—————-—-——————_—u———_———I—-—</strong></span> 
     </span>
    </p>
   </div>
   <div class='ocr_carea' id='block_1_25' title="bbox 1201 3497 2730 3635">
    <p class='ocr_par' dir='ltr' id='par_1_25' title="bbox 1201 3497 2730 3635">
     <span class='ocr_line' id='line_1_25' title="bbox 1201 3497 2730 3635; baseline 0.005 -11"><span class='ocrx_word' id='word_1_262' title='bbox 1201 3497 1495 3630; x_wconf 80' lang='lat' dir='ltr'><strong>LAUS</strong></span> <span class='ocrx_word' id='word_1_263' title='bbox 1590 3538 2103 3633; x_wconf 82' lang='lat' dir='ltr'><strong>DlODORI</strong></span> <span class='ocrx_word' id='word_1_264' title='bbox 2190 3542 2730 3635; x_wconf 89' lang='lat' dir='ltr'><strong>EPISCOPI</strong></span> 
     </span>
    </p>
   </div>
   <div class='ocr_carea' id='block_1_26' title="bbox 882 3782 3043 3865">
    <p class='ocr_par' dir='ltr' id='par_1_26' title="bbox 882 3782 3043 3865">
     <span class='ocr_line' id='line_1_26' title="bbox 882 3782 3043 3865; baseline 0.003 -26"><span class='ocrx_word' id='word_1_265' title='bbox 882 3796 993 3849; x_wconf 83' lang='lat' dir='ltr'><strong>QUI</strong></span> <span class='ocrx_word' id='word_1_266' title='bbox 1032 3796 1219 3843; x_wconf 75' lang='lat' dir='ltr'><strong>PRIOR</strong></span> <span class='ocrx_word' id='word_1_267' title='bbox 1264 3801 1700 3847; x_wconf 66' lang='lat' dir='ltr'><strong>communes</strong></span> <span class='ocrx_word' id='word_1_268' title='bbox 1738 3802 2076 3848; x_wconf 64' lang='lat' dir='ltr'><strong>numam</strong></span> <span class='ocrx_word' id='word_1_269' title='bbox 2115 3790 2440 3865; x_wconf 62' lang='lat' dir='ltr'><strong>(somnum</strong></span> <span class='ocrx_word' id='word_1_270' title='bbox 2478 3782 3043 3863; x_wconf 70' lang='lat' dir='ltr'><strong>cnavsosrouum).</strong></span> 
     </span>
    </p>
   </div>
   <div class='ocr_carea' id='block_1_27' title="bbox 400 4393 1909 4470">
    <p class='ocr_par' dir='ltr' id='par_1_27' title="bbox 400 4393 1909 4470">
     <span class='ocr_line' id='line_1_27' title="bbox 400 4393 1909 4470; baseline 0.002 -21"><span class='ocrx_word' id='word_1_271' title='bbox 400 4393 456 4449; x_wconf 73' lang='grc'><strong>1.</strong></span> <span class='ocrx_word' id='word_1_272' title='bbox 477 4394 703 4467; x_wconf 84' lang='lat' dir='ltr'><strong>Sapiens</strong></span> <span class='ocrx_word' id='word_1_273' title='bbox 731 4395 821 4453; x_wconf 92' lang='lat' dir='ltr'><strong>ille</strong></span> <span class='ocrx_word' id='word_1_274' title='bbox 846 4412 909 4454; x_wconf 89' lang='lat' dir='ltr'><strong>ac</strong></span> <span class='ocrx_word' id='word_1_275' title='bbox 930 4413 1224 4470; x_wconf 89' lang='lat' dir='ltr'><strong>generosus</strong></span> <span class='ocrx_word' id='word_1_276' title='bbox 1245 4398 1451 4466; x_wconf 89' lang='lat' dir='ltr'><strong>doctor,</strong></span> <span class='ocrx_word' id='word_1_277' title='bbox 1474 4414 1644 4470; x_wconf 90' lang='lat' dir='ltr'><strong>nuper</strong></span> <span class='ocrx_word' id='word_1_278' title='bbox 1670 4397 1909 4469; x_wconf 85' lang='lat' dir='ltr'><strong>deposita</strong></span> 
     </span>
    </p>
   </div>
   <div class='ocr_carea' id='block_1_28' title="bbox 328 4484 1911 4561">
    <p class='ocr_par' dir='ltr' id='par_1_28' title="bbox 328 4484 1911 4561">
     <span class='ocr_line' id='line_1_28' title="bbox 328 4484 1911 4561; baseline 0.004 -21"><span class='ocrx_word' id='word_1_279' title='bbox 328 4484 637 4546; x_wconf 73' lang='lat' dir='ltr'><strong>inﬁrmitate</strong></span> <span class='ocrx_word' id='word_1_280' title='bbox 661 4491 923 4561; x_wconf 90' lang='lat' dir='ltr'><strong>corporis,</strong></span> <span class='ocrx_word' id='word_1_281' title='bbox 946 4507 1067 4547; x_wconf 91' lang='lat' dir='ltr'><strong>cum</strong></span> <span class='ocrx_word' id='word_1_282' title='bbox 1094 4493 1160 4548; x_wconf 91' lang='lat' dir='ltr'><strong>ad</strong></span> <span class='ocrx_word' id='word_1_283' title='bbox 1189 4494 1371 4549; x_wconf 90' lang='lat' dir='ltr'><strong>sedem</strong></span> <span class='ocrx_word' id='word_1_284' title='bbox 1396 4494 1534 4548; x_wconf 87' lang='lat' dir='ltr'><strong>hanc</strong></span> <span class='ocrx_word' id='word_1_285' title='bbox 1560 4493 1911 4559; x_wconf 89' lang='lat' dir='ltr'><strong>ascendisset,</strong></span> 
     </span>
    </p>
   </div>
   <div class='ocr_carea' id='block_1_29' title="bbox 2022 4392 3603 4477">
    <p class='ocr_par' dir='ltr' id='par_1_29' title="bbox 2022 4392 3603 4477">
     <span class='ocr_line' id='line_1_29' title="bbox 2022 4392 3603 4477; baseline 0.009 -30"><span class='ocrx_word' id='word_1_286' title='bbox 2022 4392 2433 4460; x_wconf 84' lang='lat' dir='ltr'><strong>exclamabatis,</strong></span> <span class='ocrx_word' id='word_1_287' title='bbox 2476 4395 2767 4452; x_wconf 88' lang='lat' dir='ltr'><strong>fraternum</strong></span> <span class='ocrx_word' id='word_1_288' title='bbox 2812 4413 3049 4455; x_wconf 88' lang='lat' dir='ltr'><strong>amorem</strong></span> <span class='ocrx_word' id='word_1_289' title='bbox 3096 4403 3471 4471; x_wconf 87' lang='lat' dir='ltr'><strong>ostendentes;</strong></span> <span class='ocrx_word' id='word_1_290' title='bbox 3502 4420 3603 4477; x_wconf 84' lang='lat' dir='ltr'><strong>ego</strong></span> 
     </span>
    </p>
   </div>
   <div class='ocr_carea' id='block_1_30' title="bbox 2024 4485 3601 4560">
    <p class='ocr_par' dir='ltr' id='par_1_30' title="bbox 2024 4485 3601 4560">
     <span class='ocr_line' id='line_1_30' title="bbox 2024 4485 3601 4560; baseline 0.008 -19"><span class='ocrx_word' id='word_1_291' title='bbox 2024 4485 2458 4557; x_wconf 87' lang='lat' dir='ltr'><strong>ingemiscebam,</strong></span> <span class='ocrx_word' id='word_1_292' title='bbox 2482 4491 2623 4560; x_wconf 91' lang='lat' dir='ltr'><strong>quod</strong></span> <span class='ocrx_word' id='word_1_293' title='bbox 2644 4492 2857 4546; x_wconf 90' lang='lat' dir='ltr'><strong>laudum</strong></span> <span class='ocrx_word' id='word_1_294' title='bbox 2890 4494 3031 4549; x_wconf 91' lang='lat' dir='ltr'><strong>mole</strong></span> <span class='ocrx_word' id='word_1_295' title='bbox 3059 4495 3334 4551; x_wconf 89' lang='lat' dir='ltr'><strong>obruerer.</strong></span> <span class='ocrx_word' id='word_1_296' title='bbox 3362 4497 3601 4554; x_wconf 86' lang='lat' dir='ltr'><strong>Laudum</strong></span> 
     </span>
    </p>
   </div>
   <div class='ocr_carea' id='block_1_31' title="bbox 326 4583 1911 4656">
    <p class='ocr_par' dir='ltr' id='par_1_31' title="bbox 326 4583 1911 4656">
     <span class='ocr_line' id='line_1_31' title="bbox 326 4583 1911 4656; baseline 0.004 -23"><span class='ocrx_word' id='word_1_297' title='bbox 326 4594 358 4633; x_wconf 87' lang='lat' dir='ltr'><strong>a</strong></span> <span class='ocrx_word' id='word_1_298' title='bbox 387 4596 474 4637; x_wconf 88' lang='lat' dir='ltr'><strong>me</strong></span> <span class='ocrx_word' id='word_1_299' title='bbox 503 4584 759 4640; x_wconf 89' lang='lat' dir='ltr'><strong>sermonis</strong></span> <span class='ocrx_word' id='word_1_300' title='bbox 784 4583 910 4639; x_wconf 89' lang='lat' dir='ltr'><strong>fecit</strong></span> <span class='ocrx_word' id='word_1_301' title='bbox 929 4586 1204 4641; x_wconf 82' lang='lat' dir='ltr'><strong>exordium</strong></span> <span class='ocrx_word' id='word_1_302' title='bbox 1226 4629 1240 4653; x_wconf 96' lang='lat'><strong>,</strong></span> <span class='ocrx_word' id='word_1_303' title='bbox 1282 4587 1542 4643; x_wconf 86' lang='lat' dir='ltr'><strong>Joannem</strong></span> <span class='ocrx_word' id='word_1_304' title='bbox 1583 4586 1870 4656; x_wconf 89' lang='lat' dir='ltr'><strong>Baptistam</strong></span> <span class='ocrx_word' id='word_1_305' title='bbox 1890 4626 1911 4653; x_wconf 95' lang='lat'><strong>,</strong></span> 
     </span>
    </p>
   </div>
   <div class='ocr_carea' id='block_1_32' title="bbox 328 4674 1911 4749">
    <p class='ocr_par' dir='ltr' id='par_1_32' title="bbox 328 4674 1911 4749">
     <span class='ocr_line' id='line_1_32' title="bbox 328 4674 1911 4749; baseline 0.003 -20"><span class='ocrx_word' id='word_1_306' title='bbox 328 4682 385 4729; x_wconf 84' lang='lat' dir='ltr'><strong>ct</strong></span> <span class='ocrx_word' id='word_1_307' title='bbox 406 4687 588 4729; x_wconf 77' lang='lat' dir='ltr'><strong>vocem</strong></span> <span class='ocrx_word' id='word_1_308' title='bbox 618 4674 874 4731; x_wconf 70' lang='lat' dir='ltr'><strong>Ecclesia:</strong></span> <span class='ocrx_word' id='word_1_309' title='bbox 894 4718 911 4743; x_wconf 92' lang='lat'><strong>,</strong></span> <span class='ocrx_word' id='word_1_310' title='bbox 936 4687 990 4732; x_wconf 88' lang='lat' dir='ltr'><strong>et</strong></span> <span class='ocrx_word' id='word_1_311' title='bbox 1013 4679 1213 4749; x_wconf 84' lang='lat' dir='ltr'><strong>virgam</strong></span> <span class='ocrx_word' id='word_1_312' title='bbox 1240 4679 1400 4735; x_wconf 81' lang='lat' dir='ltr'><strong>Mosis</strong></span> <span class='ocrx_word' id='word_1_313' title='bbox 1418 4722 1434 4746; x_wconf 93' lang='lat'><strong>,</strong></span> <span class='ocrx_word' id='word_1_314' title='bbox 1461 4689 1515 4735; x_wconf 91' lang='lat' dir='ltr'><strong>et</strong></span> <span class='ocrx_word' id='word_1_315' title='bbox 1552 4679 1653 4733; x_wconf 88' lang='lat' dir='ltr'><strong>alia</strong></span> <span class='ocrx_word' id='word_1_316' title='bbox 1678 4694 1798 4734; x_wconf 92' lang='lat' dir='ltr'><strong>cum</strong></span> <span class='ocrx_word' id='word_1_317' title='bbox 1828 4678 1911 4734; x_wconf 92' lang='lat' dir='ltr'><strong>his</strong></span> 
     </span>
    </p>
   </div>
   <div class='ocr_carea' id='block_1_33' title="bbox 324 4765 1909 4838">
    <p class='ocr_par' dir='ltr' id='par_1_33' title="bbox 324 4765 1909 4838">
     <span class='ocr_line' id='line_1_33' title="bbox 324 4765 1909 4838; baseline 0.001 -17"><span class='ocrx_word' id='word_1_318' title='bbox 324 4765 493 4821; x_wconf 85' lang='lat' dir='ltr'><strong>multa</strong></span> <span class='ocrx_word' id='word_1_319' title='bbox 518 4782 605 4823; x_wconf 91' lang='lat' dir='ltr'><strong>me</strong></span> <span class='ocrx_word' id='word_1_320' title='bbox 630 4769 920 4838; x_wconf 88' lang='lat' dir='ltr'><strong>appellans.</strong></span> <span class='ocrx_word' id='word_1_321' title='bbox 952 4768 1045 4825; x_wconf 89' lang='lat' dir='ltr'><strong>llle</strong></span> <span class='ocrx_word' id='word_1_322' title='bbox 1074 4779 1200 4825; x_wconf 91' lang='lat' dir='ltr'><strong>tunc</strong></span> <span class='ocrx_word' id='word_1_323' title='bbox 1226 4771 1482 4835; x_wconf 88' lang='lat' dir='ltr'><strong>laudavit,</strong></span> <span class='ocrx_word' id='word_1_324' title='bbox 1513 4786 1609 4827; x_wconf 90' lang='lat' dir='ltr'><strong>vos</strong></span> <span class='ocrx_word' id='word_1_325' title='bbox 1638 4771 1909 4827; x_wconf 88' lang='lat' dir='ltr'><strong>exclama-</strong></span> 
     </span>
    </p>
   </div>
   <div class='ocr_carea' id='block_1_34' title="bbox 326 4859 1913 4934">
    <p class='ocr_par' dir='ltr' id='par_1_34' title="bbox 326 4859 1913 4934">
     <span class='ocr_line' id='line_1_34' title="bbox 326 4859 1913 4934; baseline 0.004 -22"><span class='ocrx_word' id='word_1_326' title='bbox 326 4859 425 4913; x_wconf 87' lang='lat' dir='ltr'><strong>stis</strong></span> <span class='ocrx_word' id='word_1_327' title='bbox 457 4877 471 4913; x_wconf 92' lang='lat'><strong>:</strong></span> <span class='ocrx_word' id='word_1_328' title='bbox 503 4874 605 4931; x_wconf 85' lang='lat' dir='ltr'><strong>ego</strong></span> <span class='ocrx_word' id='word_1_329' title='bbox 652 4862 837 4929; x_wconf 92' lang='lat' dir='ltr'><strong>procul</strong></span> <span class='ocrx_word' id='word_1_330' title='bbox 893 4862 1089 4917; x_wconf 90' lang='lat' dir='ltr'><strong>sedens</strong></span> <span class='ocrx_word' id='word_1_331' title='bbox 1135 4878 1314 4919; x_wconf 88' lang='lat' dir='ltr'><strong>amare</strong></span> <span class='ocrx_word' id='word_1_332' title='bbox 1364 4864 1595 4934; x_wconf 89' lang='lat' dir='ltr'><strong>ingemui</strong></span> <span class='ocrx_word' id='word_1_333' title='bbox 1648 4864 1745 4933; x_wconf 92' lang='lat' dir='ltr'><strong>(a).</strong></span> <span class='ocrx_word' id='word_1_334' title='bbox 1793 4862 1913 4933; x_wconf 89' lang='lat' dir='ltr'><strong>Ipse</strong></span> 
     </span>
    </p>
   </div>
   <div class='ocr_carea' id='block_1_35' title="bbox 324 4949 1909 5026">
    <p class='ocr_par' dir='ltr' id='par_1_35' title="bbox 324 4949 1909 5026">
     <span class='ocr_line' id='line_1_35' title="bbox 324 4949 1909 5026; baseline 0.006 -25"><span class='ocrx_word' id='word_1_335' title='bbox 324 4963 555 5020; x_wconf 85' lang='lat' dir='ltr'><strong>namque</strong></span> <span class='ocrx_word' id='word_1_336' title='bbox 585 4949 855 5021; x_wconf 82' lang='lat' dir='ltr'><strong>laudabat,</strong></span> <span class='ocrx_word' id='word_1_337' title='bbox 877 4968 1115 5009; x_wconf 90' lang='lat' dir='ltr'><strong>amorem</strong></span> <span class='ocrx_word' id='word_1_338' title='bbox 1134 4969 1260 5026; x_wconf 87' lang='lat' dir='ltr'><strong>erga</strong></span> <span class='ocrx_word' id='word_1_339' title='bbox 1282 4954 1477 5011; x_wconf 89' lang='lat' dir='ltr'><strong>liberos</strong></span> <span class='ocrx_word' id='word_1_340' title='bbox 1501 4955 1787 5021; x_wconf 77' lang='lat' dir='ltr'><strong>exhibens;</strong></span> <span class='ocrx_word' id='word_1_341' title='bbox 1812 4969 1909 5011; x_wconf 86' lang='lat' dir='ltr'><strong>vos</strong></span> 
     </span>
    </p>
   </div>
   <div class='ocr_carea' id='block_1_36' title="bbox 384 5117 1914 5190">
    <p class='ocr_par' dir='ltr' id='par_1_36' title="bbox 384 5117 1914 5190">
     <span class='ocr_line' id='line_1_36' title="bbox 384 5117 1914 5190; baseline 0.007 -23"><span class='ocrx_word' id='word_1_342' title='bbox 384 5117 459 5181; x_wconf 84' lang='grc' dir='ltr'><strong>(α)</strong></span> <span class='ocrx_word' id='word_1_343' title='bbox 494 5120 622 5190; x_wconf 74' lang='lat' dir='ltr'><strong>Apud</strong></span> <span class='ocrx_word' id='word_1_344' title='bbox 635 5124 904 5173; x_wconf 73' lang='lat' dir='ltr'><strong>Facundum</strong></span> <span class='ocrx_word' id='word_1_345' title='bbox 924 5126 1321 5190; x_wconf 72' lang='lat' dir='ltr'><strong>Mennianensem</strong></span> <span class='ocrx_word' id='word_1_346' title='bbox 1344 5129 1514 5190; x_wconf 84' lang='lat' dir='ltr'><strong>eplsc.,</strong></span> <span class='ocrx_word' id='word_1_347' title='bbox 1535 5126 1568 5176; x_wconf 90' lang='grc' dir='ltr'><strong>Ι.</strong></span> <span class='ocrx_word' id='word_1_348' title='bbox 1583 5126 1914 5189; x_wconf 81' lang='lat' dir='ltr'><strong>Iv,fragmen-</strong></span> 
     </span>
    </p>
   </div>
   <div class='ocr_carea' id='block_1_37' title="bbox 319 5180 1906 5251">
    <p class='ocr_par' dir='ltr' id='par_1_37' title="bbox 319 5180 1906 5251">
     <span class='ocr_line' id='line_1_37' title="bbox 319 5180 1906 5251; baseline 0.008 -24"><span class='ocrx_word' id='word_1_349' title='bbox 319 5183 369 5228; x_wconf 87' lang='lat' dir='ltr'><strong>ta</strong></span> <span class='ocrx_word' id='word_1_350' title='bbox 412 5180 635 5251; x_wconf 62' lang='lat' dir='ltr'><strong>quaedam</strong></span> <span class='ocrx_word' id='word_1_351' title='bbox 672 5191 802 5251; x_wconf 89' lang='lat' dir='ltr'><strong>sunt_</strong></span> <span class='ocrx_word' id='word_1_352' title='bbox 825 5188 1013 5251; x_wconf 82' lang='lat' dir='ltr'><strong>veteris</strong></span> <span class='ocrx_word' id='word_1_353' title='bbox 1033 5186 1178 5249; x_wconf 87' lang='lat' dir='ltr'><strong>hujus</strong></span> <span class='ocrx_word' id='word_1_354' title='bbox 1221 5180 1424 5238; x_wconf 75' lang='lat' dir='ltr'><strong>Enconiii</strong></span> <span class='ocrx_word' id='word_1_355' title='bbox 1465 5180 1906 5251; x_wconf 71' lang='lat' dir='ltr'><strong>interpretationis;</strong></span> 
     </span>
    </p>
   </div>
   <div class='ocr_carea' id='block_1_38' title="bbox 318 5246 1908 5314">
    <p class='ocr_par' dir='ltr' id='par_1_38' title="bbox 318 5246 1908 5314">
     <span class='ocr_line' id='line_1_38' title="bbox 318 5246 1908 5314; baseline 0.01 -27"><span class='ocrx_word' id='word_1_356' title='bbox 318 5246 824 5314; x_wconf 50' lang='lat' dir='ltr'><strong>quze,‘quonlam___ab</strong></span> <span class='ocrx_word' id='word_1_357' title='bbox 868 5246 1273 5314; x_wconf 69' lang='lat' dir='ltr'><strong>interpretatione</strong></span> <span class='ocrx_word' id='word_1_358' title='bbox 1310 5265 1453 5314; x_wconf 91' lang='lat' dir='ltr'><strong>quam</strong></span> <span class='ocrx_word' id='word_1_359' title='bbox 1489 5246 1687 5313; x_wconf 76' lang='lat' dir='ltr'><strong>damus,</strong></span> <span class='ocrx_word' id='word_1_360' title='bbox 1735 5246 1908 5302; x_wconf 81' lang='lat' dir='ltr'><strong>saltem</strong></span> 
     </span>
    </p>
   </div>
   <div class='ocr_carea' id='block_1_39' title="bbox 318 5302 1357 5363">
    <p class='ocr_par' dir='ltr' id='par_1_39' title="bbox 318 5302 1357 5363">
     <span class='ocr_line' id='line_1_39' title="bbox 318 5302 1357 5363; baseline 0.013 -15"><span class='ocrx_word' id='word_1_361' title='bbox 318 5302 672 5363; x_wconf 86' lang='lat' dir='ltr'><strong>quoadverba,</strong></span> <span class='ocrx_word' id='word_1_362' title='bbox 695 5306 945 5363; x_wconf 81' lang='lat' dir='ltr'><strong>differunt,</strong></span> <span class='ocrx_word' id='word_1_363' title='bbox 969 5302 1045 5359; x_wconf 80' lang='lat' dir='ltr'><strong>hic</strong></span> <span class='ocrx_word' id='word_1_364' title='bbox 1060 5302 1357 5362; x_wconf 60' lang='lat' dir='ltr'><strong>referimus&#39;:</strong></span> 
     </span>
    </p>
   </div>
   <div class='ocr_carea' id='block_1_40' title="bbox 381 5362 1908 5485">
    <p class='ocr_par' dir='ltr' id='par_1_40' title="bbox 381 5362 1908 5485">
     <span class='ocr_line' id='line_1_40' title="bbox 381 5362 1908 5438; baseline 0.009 -25"><span class='ocrx_word' id='word_1_365' title='bbox 381 5362 578 5425; x_wconf 67' lang='lat' dir='ltr'><strong>Sapiens</strong></span> <span class='ocrx_word' id='word_1_366' title='bbox 598 5366 682 5417; x_wconf 78' lang='lat' dir='ltr'><strong>ille</strong></span> <span class='ocrx_word' id='word_1_367' title='bbox 704 5375 749 5417; x_wconf 79' lang='lat' dir='ltr'><strong>et</strong></span> <span class='ocrx_word' id='word_1_368' title='bbox 772 5362 1059 5431; x_wconf 76' lang='lat' dir='ltr'><strong>fortissimus</strong></span> <span class='ocrx_word' id='word_1_369' title='bbox 1094 5372 1278 5432; x_wconf 83' lang='lat' dir='ltr'><strong>doctor,</strong></span> <span class='ocrx_word' id='word_1_370' title='bbox 1311 5386 1375 5423; x_wconf 81' lang='lat' dir='ltr'><strong>nu</strong></span> <span class='ocrx_word' id='word_1_371' title='bbox 1438 5388 1463 5423; x_wconf 90' lang='lat' dir='ltr'><strong>r</strong></span> <span class='ocrx_word' id='word_1_372' title='bbox 1485 5372 1767 5438; x_wconf 72' lang='lat' dir='ltr'><strong>inﬁmitate</strong></span> <span class='ocrx_word' id='word_1_373' title='bbox 1799 5388 1908 5425; x_wconf 81' lang='lat' dir='ltr'><strong>cor-</strong></span> 
     </span>
     <span class='ocr_line' id='line_1_41' title="bbox 384 5388 1908 5485; baseline 0.007 -11"><span class='ocrx_word' id='word_1_374' title='bbox 384 5423 452 5474; x_wconf 76' lang='lat' dir='ltr'><strong>ris</strong></span> <span class='ocrx_word' id='word_1_375' title='bbox 474 5426 691 5485; x_wconf 69' lang='lat' dir='ltr'><strong>exposita</strong></span> <span class='ocrx_word' id='word_1_376' title='bbox 708 5429 767 5485; x_wconf 92' lang='lat' dir='ltr'><strong>(i.</strong></span> <span class='ocrx_word' id='word_1_377' title='bbox 788 5443 835 5478; x_wconf 92' lang='lat' dir='ltr'><strong>e.</strong></span> <span class='ocrx_word' id='word_1_378' title='bbox 851 5432 1114 5485; x_wconf 78' lang='lat' dir='ltr'><strong>demslta).</strong></span> <span class='ocrx_word' id='word_1_379' title='bbox 1134 5448 1277 5485; x_wconf 74' lang='lat' dir='ltr'><strong>super</strong></span> <span class='ocrx_word' id='word_1_380' title='bbox 1294 5388 1455 5485; x_wconf 47' lang='grc' dir='ltr'><strong>δείξῃ</strong></span> <span class='ocrx_word' id='word_1_381' title='bbox 1473 5436 1614 5485; x_wconf 78' lang='lat' dir='ltr'><strong>istam</strong></span> <span class='ocrx_word' id='word_1_382' title='bbox 1626 5438 1908 5485; x_wconf 75' lang='lat' dir='ltr'><strong>ascendens.</strong></span> 
     </span>
    </p>
   </div>
   <div class='ocr_carea' id='block_1_41' title="bbox 317 5423 1908 5497">
    <p class='ocr_par' dir='ltr' id='par_1_41' title="bbox 317 5423 1908 5497">
     <span class='ocr_line' id='line_1_42' title="bbox 317 5423 1908 5497; baseline 0.01 -24"><span class='ocrx_word' id='word_1_383' title='bbox 317 5423 452 5497; x_wconf 59' lang='lat' dir='ltr'><strong>goria</strong></span> <span class='ocrx_word' id='word_1_384' title='bbox 474 5423 1114 5497; x_wconf 44' lang='lat' dir='ltr'><strong>exposila‘(i.:e._deposita),</strong></span> <span class='ocrx_word' id='word_1_385' title='bbox 1294 5423 1455 5485; x_wconf 61' lang='lat' dir='ltr'><strong>sed&#39;em</strong></span> <span class='ocrx_word' id='word_1_386' title='bbox 1473 5423 1908 5497; x_wconf 23' lang='lat' dir='ltr'><strong>istaut-ascendens,</strong></span> 
     </span>
    </p>
   </div>
   <div class='ocr_carea' id='block_1_42' title="bbox 321 5484 1908 5568">
    <p class='ocr_par' dir='ltr' id='par_1_42' title="bbox 321 5484 1908 5568">
     <span class='ocr_line' id='line_1_43' title="bbox 321 5484 1908 5568; baseline 0.004 -27"><span class='ocrx_word' id='word_1_387' title='bbox 321 5484 1164 5568; x_wconf 42' lang='lat' dir='ltr'><strong>ifﬂl‘erecit‘érordium,</strong></span> <span class='ocrx_word' id='word_1_388' title='bbox 1191 5484 1451 5568; x_wconf 58' lang='grc' dir='ltr'><strong>ὶῑαρίἰδζωῄ</strong></span> <span class='ocrx_word' id='word_1_389' title='bbox 1472 5484 1908 5568; x_wconf 61' lang='grc' dir='ltr'><strong>ξιρἁὴὲἱιῖᾁίἓξςὴἓξ</strong></span> 
     </span>
    </p>
   </div>
   <div class='ocr_carea' id='block_1_43' title="bbox 317 5550 1911 5624">
    <p class='ocr_par' dir='ltr' id='par_1_43' title="bbox 317 5550 1911 5624">
     <span class='ocr_line' id='line_1_44' title="bbox 317 5550 1911 5624; baseline 0.009 -26"><span class='ocrx_word' id='word_1_390' title='bbox 317 5556 365 5624; x_wconf 61' lang='grc' dir='ltr'><strong>ει</strong></span> <span class='ocrx_word' id='word_1_391' title='bbox 570 5550 813 5624; x_wconf 62' lang='grc' dir='ltr'><strong>εξειςξὶᾳο,</strong></span> <span class='ocrx_word' id='word_1_392' title='bbox 833 5560 879 5604; x_wconf 72' lang='lat' dir='ltr'><strong>et</strong></span> <span class='ocrx_word' id='word_1_393' title='bbox 898 5554 1085 5624; x_wconf 68' lang='lat' dir='ltr'><strong>virgam</strong></span> <span class='ocrx_word' id='word_1_394' title='bbox 1110 5550 1294 5624; x_wconf 55' lang='lat' dir='ltr'><strong>pt&#39;ogst’,</strong></span> <span class='ocrx_word' id='word_1_395' title='bbox 1319 5565 1366 5609; x_wconf 84' lang='lat' dir='ltr'><strong>et</strong></span> <span class='ocrx_word' id='word_1_396' title='bbox 1385 5559 1481 5609; x_wconf 81' lang='lat' dir='ltr'><strong>alia</strong></span> <span class='ocrx_word' id='word_1_397' title='bbox 1503 5558 1677 5610; x_wconf 83' lang='lat' dir='ltr'><strong>horum</strong></span> <span class='ocrx_word' id='word_1_398' title='bbox 1698 5550 1911 5624; x_wconf 72' lang='lat' dir='ltr'><strong>plurimd</strong></span> 
     </span>
    </p>
   </div>
   <div class='ocr_carea' id='block_1_44' title="bbox 316 5609 1913 5693">
    <p class='ocr_par' dir='ltr' id='par_1_44' title="bbox 316 5609 1913 5693">
     <span class='ocr_line' id='line_1_45' title="bbox 316 5609 1913 5693; baseline -0.021 1"><span class='ocrx_word' id='word_1_399' title='bbox 316 5609 651 5693; x_wconf 59' lang='grc' dir='ltr'><strong>εειηεέέίξὲιι</strong></span> <span class='ocrx_word' id='word_1_400' title='bbox 675 5609 857 5693; x_wconf 63' lang='grc' dir='ltr'><strong>ξεέιέξε</strong></span> <span class='ocrx_word' id='word_1_401' title='bbox 878 5609 1073 5693; x_wconf 48' lang='lat' dir='ltr'><strong>eadem</strong></span> <span class='ocrx_word' id='word_1_402' title='bbox 1104 5609 1332 5692; x_wconf 65' lang='grc' dir='ltr'><strong>ιαυᾰιειίίς.</strong></span> <span class='ocrx_word' id='word_1_403' title='bbox 1371 5633 1450 5671; x_wconf 69' lang='lat' dir='ltr'><strong>vos</strong></span> <span class='ocrx_word' id='word_1_404' title='bbox 1482 5609 1644 5693; x_wconf 35' lang='lat' dir='ltr'><strong>am.</strong></span> <span class='ocrx_word' id='word_1_405' title='bbox 1664 5609 1913 5677; x_wconf 53' lang='lat' dir='ltr'><strong>eam;</strong></span> 
     </span>
    </p>
   </div>
   <div class='ocr_carea' id='block_1_45' title="bbox 312 5672 1659 5757">
    <p class='ocr_par' dir='ltr' id='par_1_45' title="bbox 312 5672 1659 5757">
     <span class='ocr_line' id='line_1_46' title="bbox 312 5672 1659 5757; baseline 0.01 -36"><span class='ocrx_word' id='word_1_406' title='bbox 312 5680 417 5725; x_wconf 71' lang='lat' dir='ltr'><strong>rm.</strong></span> <span class='ocrx_word' id='word_1_407' title='bbox 447 5672 538 5724; x_wconf 79' lang='lat' dir='ltr'><strong>sed</strong></span> <span class='ocrx_word' id='word_1_408' title='bbox 560 5686 669 5739; x_wconf 75' lang='lat' dir='ltr'><strong>ego,</strong></span> <span class='ocrx_word' id='word_1_409' title='bbox 876 5672 1065 5745; x_wconf 71' lang='lat' dir='ltr'><strong>sedem,</strong></span> <span class='ocrx_word' id='word_1_410' title='bbox 1408 5681 1659 5748; x_wconf 73' lang='lat' dir='ltr'><strong>suspiravi.</strong></span> 
     </span>
    </p>
   </div>
   <div class='ocr_carea' id='block_1_46' title="bbox 2018 4580 3603 4657">
    <p class='ocr_par' dir='ltr' id='par_1_46' title="bbox 2018 4580 3603 4657">
     <span class='ocr_line' id='line_1_47' title="bbox 2018 4580 3603 4657; baseline 0.009 -24"><span class='ocrx_word' id='word_1_411' title='bbox 2018 4580 2165 4634; x_wconf 83' lang='lat' dir='ltr'><strong>enim</strong></span> <span class='ocrx_word' id='word_1_412' title='bbox 2192 4581 2521 4651; x_wconf 79' lang='lat' dir='ltr'><strong>magnitudo,</strong></span> <span class='ocrx_word' id='word_1_413' title='bbox 2554 4598 2660 4638; x_wconf 90' lang='lat' dir='ltr'><strong>non</strong></span> <span class='ocrx_word' id='word_1_414' title='bbox 2690 4584 2868 4640; x_wconf 90' lang='lat' dir='ltr'><strong>minus</strong></span> <span class='ocrx_word' id='word_1_415' title='bbox 2895 4602 3053 4657; x_wconf 90' lang='lat' dir='ltr'><strong>quam</strong></span> <span class='ocrx_word' id='word_1_416' title='bbox 3086 4599 3323 4657; x_wconf 86' lang='lat' dir='ltr'><strong>peccata,</strong></span> <span class='ocrx_word' id='word_1_417' title='bbox 3354 4592 3603 4648; x_wconf 85' lang='lat' dir='ltr'><strong>mordere</strong></span> 
     </span>
    </p>
   </div>
   <div class='ocr_carea' id='block_1_47' title="bbox 2014 4672 3602 4747">
    <p class='ocr_par' dir='ltr' id='par_1_47' title="bbox 2014 4672 3602 4747">
     <span class='ocr_line' id='line_1_48' title="bbox 2014 4672 3602 4747; baseline 0.008 -22"><span class='ocrx_word' id='word_1_418' title='bbox 2014 4672 2159 4726; x_wconf 77' lang='lat' dir='ltr'><strong>solet</strong></span> <span class='ocrx_word' id='word_1_419' title='bbox 2200 4672 2615 4741; x_wconf 88' lang='lat' dir='ltr'><strong>conscientiam;</strong></span> <span class='ocrx_word' id='word_1_420' title='bbox 2664 4686 2717 4731; x_wconf 90' lang='lat' dir='ltr'><strong>et</strong></span> <span class='ocrx_word' id='word_1_421' title='bbox 2762 4693 2883 4732; x_wconf 92' lang='lat' dir='ltr'><strong>cum</strong></span> <span class='ocrx_word' id='word_1_422' title='bbox 2927 4679 3045 4747; x_wconf 91' lang='lat' dir='ltr'><strong>quis</strong></span> <span class='ocrx_word' id='word_1_423' title='bbox 3092 4680 3190 4734; x_wconf 89' lang='lat' dir='ltr'><strong>sibi</strong></span> <span class='ocrx_word' id='word_1_424' title='bbox 3239 4682 3433 4737; x_wconf 90' lang='lat' dir='ltr'><strong>nullius</strong></span> <span class='ocrx_word' id='word_1_425' title='bbox 3475 4681 3602 4737; x_wconf 91' lang='lat' dir='ltr'><strong>boni</strong></span> 
     </span>
    </p>
   </div>
   <div class='ocr_carea' id='block_1_48' title="bbox 2019 4765 3604 4845">
    <p class='ocr_par' dir='ltr' id='par_1_48' title="bbox 2019 4765 3604 4845">
     <span class='ocr_line' id='line_1_49' title="bbox 2019 4765 3604 4845; baseline 0.008 -28"><span class='ocrx_word' id='word_1_426' title='bbox 2019 4765 2266 4819; x_wconf 91' lang='lat' dir='ltr'><strong>conscius</strong></span> <span class='ocrx_word' id='word_1_427' title='bbox 2288 4765 2423 4821; x_wconf 90' lang='lat' dir='ltr'><strong>alios</strong></span> <span class='ocrx_word' id='word_1_428' title='bbox 2448 4767 2596 4822; x_wconf 89' lang='lat' dir='ltr'><strong>audit</strong></span> <span class='ocrx_word' id='word_1_429' title='bbox 2624 4769 2788 4823; x_wconf 87' lang='lat' dir='ltr'><strong>multa</strong></span> <span class='ocrx_word' id='word_1_430' title='bbox 2817 4785 3110 4841; x_wconf 85' lang='lat' dir='ltr'><strong>magnaque</strong></span> <span class='ocrx_word' id='word_1_431' title='bbox 3133 4772 3270 4827; x_wconf 92' lang='lat' dir='ltr'><strong>bona</strong></span> <span class='ocrx_word' id='word_1_432' title='bbox 3292 4773 3361 4829; x_wconf 93' lang='lat' dir='ltr'><strong>de</strong></span> <span class='ocrx_word' id='word_1_433' title='bbox 3382 4789 3442 4829; x_wconf 89' lang='lat' dir='ltr'><strong>se</strong></span> <span class='ocrx_word' id='word_1_434' title='bbox 3463 4789 3604 4845; x_wconf 73' lang='lat' dir='ltr'><strong>pra:-</strong></span> 
     </span>
    </p>
   </div>
   <div class='ocr_carea' id='block_1_49' title="bbox 2017 4854 3597 4932">
    <p class='ocr_par' dir='ltr' id='par_1_49' title="bbox 2017 4854 3597 4932">
     <span class='ocr_line' id='line_1_50' title="bbox 2017 4854 3597 4932; baseline 0.008 -22"><span class='ocrx_word' id='word_1_435' title='bbox 2017 4854 2284 4921; x_wconf 89' lang='lat' dir='ltr'><strong>dicantes,</strong></span> <span class='ocrx_word' id='word_1_436' title='bbox 2315 4868 2371 4913; x_wconf 92' lang='lat' dir='ltr'><strong>et</strong></span> <span class='ocrx_word' id='word_1_437' title='bbox 2399 4870 2716 4929; x_wconf 61' lang='lat' dir='ltr'><strong>pratsentem</strong></span> <span class='ocrx_word' id='word_1_438' title='bbox 2745 4862 3048 4932; x_wconf 89' lang='lat' dir='ltr'><strong>opinionem</strong></span> <span class='ocrx_word' id='word_1_439' title='bbox 3067 4905 3081 4927; x_wconf 87' lang='lat'><strong>,</strong></span> <span class='ocrx_word' id='word_1_440' title='bbox 3110 4873 3164 4919; x_wconf 90' lang='lat' dir='ltr'><strong>et</strong></span> <span class='ocrx_word' id='word_1_441' title='bbox 3193 4863 3428 4920; x_wconf 89' lang='lat' dir='ltr'><strong>futurum</strong></span> <span class='ocrx_word' id='word_1_442' title='bbox 3456 4866 3597 4923; x_wconf 91' lang='lat' dir='ltr'><strong>diem</strong></span> 
     </span>
    </p>
   </div>
   <div class='ocr_carea' id='block_1_50' title="bbox 2022 4948 3603 5027">
    <p class='ocr_par' dir='ltr' id='par_1_50' title="bbox 2022 4948 3603 5027">
     <span class='ocr_line' id='line_1_51' title="bbox 2022 4948 3603 5027; baseline 0.004 -22"><span class='ocrx_word' id='word_1_443' title='bbox 2022 4957 2232 5019; x_wconf 86' lang='lat' dir='ltr'><strong>reputat</strong></span> <span class='ocrx_word' id='word_1_444' title='bbox 2262 4948 2313 5003; x_wconf 91' lang='lat' dir='ltr'><strong>in</strong></span> <span class='ocrx_word' id='word_1_445' title='bbox 2354 4966 2460 5021; x_wconf 91' lang='lat' dir='ltr'><strong>quo</strong></span> <span class='ocrx_word' id='word_1_446' title='bbox 2488 4953 2665 5007; x_wconf 89' lang='lat' dir='ltr'><strong>omnia</strong></span> <span class='ocrx_word' id='word_1_447' title='bbox 2697 4953 2836 5008; x_wconf 91' lang='lat' dir='ltr'><strong>nuda</strong></span> <span class='ocrx_word' id='word_1_448' title='bbox 2864 4962 2920 5009; x_wconf 91' lang='lat' dir='ltr'><strong>et</strong></span> <span class='ocrx_word' id='word_1_449' title='bbox 2944 4964 3126 5024; x_wconf 89' lang='lat' dir='ltr'><strong>aperta</strong></span> <span class='ocrx_word' id='word_1_450' title='bbox 3153 4956 3603 5027; x_wconf 87' lang='lat' dir='ltr'><strong>erunt:quodque</strong></span> 
     </span>
    </p>
   </div>
   <div class='ocr_carea' id='block_1_51' title="bbox 2021 5038 3595 5119">
    <p class='ocr_par' dir='ltr' id='par_1_51' title="bbox 2021 5038 3595 5119">
     <span class='ocr_line' id='line_1_52' title="bbox 2021 5038 3595 5119; baseline 0.006 -24"><span class='ocrx_word' id='word_1_451' title='bbox 2021 5038 2067 5095; x_wconf 90' lang='lat' dir='ltr'><strong>is</strong></span> <span class='ocrx_word' id='word_1_452' title='bbox 2086 5038 2173 5109; x_wconf 91' lang='lat' dir='ltr'><strong>qui</strong></span> <span class='ocrx_word' id='word_1_453' title='bbox 2193 5041 2604 5109; x_wconf 89' lang='lat' dir='ltr'><strong>tunejudicabit,</strong></span> <span class='ocrx_word' id='word_1_454' title='bbox 2622 5057 2727 5098; x_wconf 93' lang='lat' dir='ltr'><strong>non</strong></span> <span class='ocrx_word' id='word_1_455' title='bbox 2744 5059 2810 5099; x_wconf 87' lang='lat' dir='ltr'><strong>ex</strong></span> <span class='ocrx_word' id='word_1_456' title='bbox 2837 5045 2972 5115; x_wconf 83' lang='lat' dir='ltr'><strong>vulgi</strong></span> <span class='ocrx_word' id='word_1_457' title='bbox 2988 5045 3257 5115; x_wconf 79' lang='lat' dir='ltr'><strong>Opinione,</strong></span> <span class='ocrx_word' id='word_1_458' title='bbox 3276 5047 3370 5103; x_wconf 86' lang='lat' dir='ltr'><strong>sed</strong></span> <span class='ocrx_word' id='word_1_459' title='bbox 3395 5062 3463 5104; x_wconf 81' lang='lat' dir='ltr'><strong>ex</strong></span> <span class='ocrx_word' id='word_1_460' title='bbox 3482 5048 3595 5119; x_wconf 87' lang='lat' dir='ltr'><strong>ipsa</strong></span> 
     </span>
    </p>
   </div>
   <div class='ocr_carea' id='block_1_52' title="bbox 2018 5132 3598 5208">
    <p class='ocr_par' dir='ltr' id='par_1_52' title="bbox 2018 5132 3598 5208">
     <span class='ocr_line' id='line_1_53' title="bbox 2018 5132 3598 5208; baseline 0.006 -25"><span class='ocrx_word' id='word_1_461' title='bbox 2018 5144 2197 5184; x_wconf 83' lang='lat' dir='ltr'><strong>rerum</strong></span> <span class='ocrx_word' id='word_1_462' title='bbox 2226 5132 2450 5186; x_wconf 86' lang='lat' dir='ltr'><strong>veritate</strong></span> <span class='ocrx_word' id='word_1_463' title='bbox 2475 5132 2769 5201; x_wconf 87' lang='lat' dir='ltr'><strong>judicabit:</strong></span> <span class='ocrx_word' id='word_1_464' title='bbox 2800 5134 2919 5189; x_wconf 86' lang='lat' dir='ltr'><strong>Non</strong></span> <span class='ocrx_word' id='word_1_465' title='bbox 2938 5136 3073 5188; x_wconf 85' lang='lat' dir='ltr'><strong>enim</strong></span> <span class='ocrx_word' id='word_1_466' title='bbox 3098 5137 3373 5191; x_wconf 72' lang='lat' dir='ltr'><strong>secundum</strong></span> <span class='ocrx_word' id='word_1_467' title='bbox 3396 5140 3598 5208; x_wconf 81' lang='lat' dir='ltr'><strong>opinio-</strong></span> 
     </span>
    </p>
   </div>
   <div class='ocr_carea' id='block_1_53' title="bbox 2019 5221 3600 5300">
    <p class='ocr_par' dir='ltr' id='par_1_53' title="bbox 2019 5221 3600 5300">
     <span class='ocr_line' id='line_1_54' title="bbox 2019 5221 3600 5300; baseline 0.007 -28"><span class='ocrx_word' id='word_1_468' title='bbox 2019 5236 2132 5273; x_wconf 84' lang='lat' dir='ltr'><strong>nem</strong></span> <span class='ocrx_word' id='word_1_469' title='bbox 2149 5221 2419 5291; x_wconf 82' lang='lat' dir='ltr'><strong>judicabit,</strong></span> <span class='ocrx_word' id='word_1_470' title='bbox 2452 5222 2641 5293; x_wconf 89' lang='lat' dir='ltr'><strong>inquit,</strong></span> <span class='ocrx_word' id='word_1_471' title='bbox 2673 5241 2829 5294; x_wconf 81' lang='lat' dir='ltr'><strong>neque</strong></span> <span class='ocrx_word' id='word_1_472' title='bbox 2851 5226 3125 5279; x_wconf 75' lang='lat' dir='ltr'><strong>secundum</strong></span> <span class='ocrx_word' id='word_1_473' title='bbox 3150 5244 3397 5281; x_wconf 83' lang='lat' dir='ltr'><strong>rumorem</strong></span> <span class='ocrx_word' id='word_1_474' title='bbox 3423 5239 3600 5300; x_wconf 78' lang='lat' dir='ltr'><strong>arguet</strong></span> 
     </span>
    </p>
   </div>
   <div class='ocr_carea' id='block_1_54' title="bbox 2019 5313 3596 5388">
    <p class='ocr_par' dir='ltr' id='par_1_54' title="bbox 2019 5313 3596 5388">
     <span class='ocr_line' id='line_1_55' title="bbox 2019 5313 3596 5388; baseline 0.007 -23"><span class='ocrx_word' id='word_1_475' title='bbox 2019 5313 2171 5383; x_wconf 79' lang='lat' dir='ltr'><strong>(Isai.</strong></span> <span class='ocrx_word' id='word_1_476' title='bbox 2204 5315 2289 5369; x_wconf 76' lang='lat' dir='ltr'><strong>ii.</strong></span> <span class='ocrx_word' id='word_1_477' title='bbox 2320 5315 2540 5382; x_wconf 76' lang='lat' dir='ltr'><strong>3):ba3c</strong></span> <span class='ocrx_word' id='word_1_478' title='bbox 2568 5318 2744 5371; x_wconf 90' lang='lat' dir='ltr'><strong>omnia</strong></span> <span class='ocrx_word' id='word_1_479' title='bbox 2773 5318 3044 5388; x_wconf 90' lang='lat' dir='ltr'><strong>cogitans,</strong></span> <span class='ocrx_word' id='word_1_480' title='bbox 3086 5320 3298 5375; x_wconf 89' lang='lat' dir='ltr'><strong>crucior</strong></span> <span class='ocrx_word' id='word_1_481' title='bbox 3325 5320 3596 5387; x_wconf 90' lang='lat' dir='ltr'><strong>laudibus,</strong></span> 
     </span>
    </p>
   </div>
   <div class='ocr_carea' id='block_1_55' title="bbox 2016 5405 3595 5483">
    <p class='ocr_par' dir='ltr' id='par_1_55' title="bbox 2016 5405 3595 5483">
     <span class='ocr_line' id='line_1_56' title="bbox 2016 5405 3595 5483; baseline 0.006 -24"><span class='ocrx_word' id='word_1_482' title='bbox 2016 5417 2071 5459; x_wconf 90' lang='lat' dir='ltr'><strong>et</strong></span> <span class='ocrx_word' id='word_1_483' title='bbox 2112 5405 2251 5460; x_wconf 88' lang='lat' dir='ltr'><strong>bona</strong></span> <span class='ocrx_word' id='word_1_484' title='bbox 2295 5408 2545 5477; x_wconf 89' lang='lat' dir='ltr'><strong>opinione</strong></span> <span class='ocrx_word' id='word_1_485' title='bbox 2584 5410 2725 5479; x_wconf 85' lang='lat' dir='ltr'><strong>vulgi</strong></span> <span class='ocrx_word' id='word_1_486' title='bbox 2760 5428 2773 5465; x_wconf 91' lang='lat'>:</span> <span class='ocrx_word' id='word_1_487' title='bbox 2805 5426 3052 5481; x_wconf 84' lang='lat' dir='ltr'><strong>magnum</strong></span> <span class='ocrx_word' id='word_1_488' title='bbox 3097 5412 3424 5483; x_wconf 88' lang='lat' dir='ltr'><strong>perspiciens</strong></span> <span class='ocrx_word' id='word_1_489' title='bbox 3453 5414 3595 5469; x_wconf 89' lang='lat' dir='ltr'><strong>illam</strong></span> 
     </span>
    </p>
   </div>
   <div class='ocr_carea' id='block_1_56' title="bbox 2017 5498 3596 5573">
    <p class='ocr_par' dir='ltr' id='par_1_56' title="bbox 2017 5498 3596 5573">
     <span class='ocr_line' id='line_1_57' title="bbox 2017 5498 3596 5573; baseline 0.005 -20"><span class='ocrx_word' id='word_1_490' title='bbox 2017 5498 2156 5554; x_wconf 88' lang='lat' dir='ltr'><strong>inter</strong></span> <span class='ocrx_word' id='word_1_491' title='bbox 2207 5509 2260 5556; x_wconf 91' lang='lat' dir='ltr'><strong>et</strong></span> <span class='ocrx_word' id='word_1_492' title='bbox 2309 5501 2538 5557; x_wconf 90' lang='lat' dir='ltr'><strong>futurum</strong></span> <span class='ocrx_word' id='word_1_493' title='bbox 2589 5502 2844 5573; x_wconf 83' lang='lat' dir='ltr'><strong>judicium</strong></span> <span class='ocrx_word' id='word_1_494' title='bbox 2895 5504 3202 5561; x_wconf 89' lang='lat' dir='ltr'><strong>discrimen.</strong></span> <span class='ocrx_word' id='word_1_495' title='bbox 3251 5506 3401 5563; x_wconf 84' lang='lat' dir='ltr'><strong>Nunc</strong></span> <span class='ocrx_word' id='word_1_496' title='bbox 3452 5508 3596 5562; x_wconf 88' lang='lat' dir='ltr'><strong>enim</strong></span> 
     </span>
    </p>
   </div>
   <div class='ocr_carea' id='block_1_57' title="bbox 2017 5591 3593 5667">
    <p class='ocr_par' dir='ltr' id='par_1_57' title="bbox 2017 5591 3593 5667">
     <span class='ocr_line' id='line_1_58' title="bbox 2017 5591 3593 5667; baseline 0.003 -22"><span class='ocrx_word' id='word_1_497' title='bbox 2017 5591 2413 5648; x_wconf 87' lang='lat' dir='ltr'><strong>existimatione</strong></span> <span class='ocrx_word' id='word_1_498' title='bbox 2457 5592 2599 5664; x_wconf 89' lang='lat' dir='ltr'><strong>vulgi</strong></span> <span class='ocrx_word' id='word_1_499' title='bbox 2639 5610 2735 5650; x_wconf 92' lang='lat' dir='ltr'><strong>ceu</strong></span> <span class='ocrx_word' id='word_1_500' title='bbox 2780 5595 3093 5664; x_wconf 89' lang='lat' dir='ltr'><strong>quibusdam</strong></span> <span class='ocrx_word' id='word_1_501' title='bbox 3136 5596 3297 5652; x_wconf 86' lang='lat' dir='ltr'><strong>larvis</strong></span> <span class='ocrx_word' id='word_1_502' title='bbox 3336 5597 3593 5667; x_wconf 76' lang='lat' dir='ltr'><strong>tegimur:</strong></span> 
     </span>
    </p>
   </div>
   <div class='ocr_carea' id='block_1_58' title="bbox 2018 5683 3601 5763">
    <p class='ocr_par' dir='ltr' id='par_1_58' title="bbox 2018 5683 3601 5763">
     <span class='ocr_line' id='line_1_59' title="bbox 2018 5683 3601 5763; baseline 0.001 -23"><span class='ocrx_word' id='word_1_503' title='bbox 2018 5683 2074 5740; x_wconf 87' lang='lat' dir='ltr'><strong>in</strong></span> <span class='ocrx_word' id='word_1_504' title='bbox 2104 5684 2195 5742; x_wconf 87' lang='lat' dir='ltr'><strong>illo</strong></span> <span class='ocrx_word' id='word_1_505' title='bbox 2220 5694 2398 5743; x_wconf 87' lang='lat' dir='ltr'><strong>autem</strong></span> <span class='ocrx_word' id='word_1_506' title='bbox 2428 5685 2537 5758; x_wconf 86' lang='lat' dir='ltr'><strong>die,</strong></span> <span class='ocrx_word' id='word_1_507' title='bbox 2568 5686 2709 5745; x_wconf 91' lang='lat' dir='ltr'><strong>nudo</strong></span> <span class='ocrx_word' id='word_1_508' title='bbox 2734 5688 2903 5760; x_wconf 85' lang='lat' dir='ltr'><strong>capite</strong></span> <span class='ocrx_word' id='word_1_509' title='bbox 2923 5730 2939 5759; x_wconf 92' lang='lat'><strong>,</strong></span> <span class='ocrx_word' id='word_1_510' title='bbox 2969 5690 3258 5763; x_wconf 83' lang='lat' dir='ltr'><strong>positisque</strong></span> <span class='ocrx_word' id='word_1_511' title='bbox 3286 5686 3448 5743; x_wconf 83' lang='lat' dir='ltr'><strong>larvis</strong></span> <span class='ocrx_word' id='word_1_512' title='bbox 3475 5696 3601 5742; x_wconf 88' lang='lat' dir='ltr'><strong>ante</strong></span> 
     </span>
    </p>
   </div>
  </div>
