4064 6218
539 180 648 240 763

542 295 771 351 tribunal
797 299 1033 353 sumtus.
1074 289 1206 344 nihil
1245 290 1312 343 ab
1338 288 1440 342 hac
1465 285 1857 342 existimatione
1881 285 1948 340 ad
1975 284 2120 340 illam

541 389 862 444 sententiam
885 383 1055 456 juvari
1087 383 1409 453 poterimus;
1439 379 1530 434 sed
1553 379 1623 432 ob
1643 378 1694 432 id
1720 380 1891 448 ipsum
1911 377 2122 448 gravius

546 481 828 551 punientur
846 517 861 541 ,
892 474 1032 546 quod
1057 483 1112 528 et
1138 471 1383 527 laudibus
1411 470 1591 525 multis
1620 468 1960 539 plurimisque
1985 482 2124 537 pra:-

540 572 713 626 coniis
741 571 807 624 ah
837 566 1139 622 hominibus
1166 563 1457 632 celebrati,
1501 579 1608 618 non
1647 563 1767 619 ideo
1803 571 1980 616 tamen
2009 576 2121 616 mc-

543 665 702 717 liores
727 659 897 715 ell‘ecti
925 659 1112 714 simus.

608 751 665 806 2.
689 751 812 806 Haec
837 751 994 820 igitur
1016 749 1191 803 omnia
1213 762 1418 802 mecum
1443 753 1713 816 reputans,
1735 759 1918 800 amare
1936 758 2120 814 geme-

543 843 684 897 bam.
715 840 840 896 Ideo
865 840 1110 896 celeriter
1137 838 1400 907 hodieque
1438 845 1631 906 prinsto
1659 851 1800 902 sum,
1830 845 1887 890 ut
1913 850 1944 889 a
1972 835 2123 890 vobis

539 933 874 989 auditoribus
903 930 1208 1003 hujusmodi
1253 931 1557 1002 Opinionem
1587 931 1874 986 excutiam.
1907 928 2121 984 Etenim

539 1042 737 1082 corona
765 1041 884 1081 cum
911 1025 1027 1094 ejus
1052 1024 1143 1095 qui
1171 1033 1458 1079 coronatur
1483 1023 1657 1091 capite
1684 1021 1857 1090 major
1880 1029 1983 1087 est,
2011 1035 2119 1075 non

540 1119 819 1189 adstringit
850 1127 1110 1187 tempora,
1140 1131 1246 1170 non
1273 1115 1468 1170 insidet
1493 1115 1684 1184 capiti;
1717 1113 1812 1168 scd
1839 1113 2001 1168 nimia
2039 1111 2122 1166 sui

543 1209 904 1279 magnitudine
948 1209 1116 1263 laxior
1163 1223 1258 1276 per
1299 1207 1484 1260 oculos
1529 1205 1896 1271 descendens,
1927 1204 2120 1259 collum

541 1300 743 1370 torquis
769 1315 918 1354 more
938 1299 1124 1364 ambit,
1146 1307 1200 1352 et
1217 1307 1375 1367 caput
1402 1297 1649 1366 relinquit
1669 1311 1880 1350 corona:
1901 1309 2120 1364 expers.

539 1393 690 1460 Quod
719 1402 770 1446 et
798 1392 950 1447 nobis
992 1406 1202 1461 quoque
1239 1389 1466 1451 accidit,
1512 1387 1637 1442 dum
1681 1402 1878 1442 corona
1909 1386 2120 1441 laudum

445 1507 449 1512 ·
539 1483 626 1538 illa
657 1481 880 1551 majori,
908 1497 1064 1551 quam
1098 1489 1337 1535 nostrum
1366 1480 1470 1542 sit,
1497 1479 1670 1548 capite
1697 1478 1852 1548 digna
1879 1478 1990 1532 visa
2017 1486 2118 1531 est.

539 1575 787 1627 Attamen
829 1587 948 1626 cum
994 1571 1108 1625 haec
1140 1571 1208 1623 ita
1238 1585 1297 1624 se
1335 1569 1595 1634 habeant,
1627 1584 1694 1622 ex
1722 1569 1921 1622 amoris
1948 1567 2121 1622 abun-

537 1663 718 1718 dantia
749 1672 898 1732 pater
925 1678 1030 1716 non
1057 1660 1257 1715 destitit
1281 1669 1404 1714 ante
1426 1701 1440 1724 ,
1483 1674 1639 1728 quam
1666 1674 1782 1713 eam
1814 1658 1964 1711 nobis
1991 1673 2124 1728 quo-

541 1752 930 1822 modocumque
980 1753 1295 1820 imponeret.
1331 1748 1428 1823 [Ita
1455 1759 1509 1803 et
1532 1765 1684 1819 reges
1710 1763 1853 1818 srepe
1882 1748 2081 1803 faciunt
2099 1788 2120 1817 ,

537 1851 594 1897 ct
659 1842 903 1896 diadema
966 1841 1065 1896 sibi
1105 1851 1284 1909 aptum
1355 1840 1586 1894 ﬁliorum
1635 1840 1894 1910 capitibus
1948 1841 2121 1910 impo-

538 1944 705 2000 nunt;
734 1934 927 1990 deinde
957 1934 1044 1988 ubi
1098 1933 1328 1988 viderint
1352 1947 1547 1986 corona
1575 1931 1746 1984 minus
1771 1941 1892 1986 esse
1922 1931 2122 2000 puerile

536 2036 694 2096 caput
713 2067 729 2092 ,
757 2041 876 2080 cum
917 2027 1046 2082 satis
1073 2024 1299 2078 habeant
1325 2022 1450 2077 illud
1474 2021 1966 2091 quomodocumque
1993 2021 2120 2090 ipsis

538 2117 858 2187 imposuisse
887 2158 902 2183 ,
957 2126 1228 2185 receptum
1275 2113 1530 2183 deinceps
1578 2112 1921 2182 sibimetipsis
1946 2112 2120 2182 impo-

538 2219 693 2264 nunt.

608 2299 662 2352 3.
691 2289 1129 2367 Quandoquidem
1161 2295 1318 2365 igitur
1347 2302 1496 2364 pater
1520 2309 1772 2348 coronam
1799 2294 1898 2348 sibi
1921 2309 2120 2349 conve-

535 2389 772 2444 nientem
811 2387 967 2444 nobis
995 2386 1285 2456 imposuit,
1323 2392 1380 2440 et
1417 2399 1482 2438 ea
1524 2385 1694 2452 major
1737 2385 1909 2454 capite
1937 2393 2122 2440 nostro

538 2479 650 2534 visa
677 2487 780 2542 est,
812 2477 911 2532 sibi
937 2487 1114 2531 autem
1146 2475 1288 2528 illam
1319 2490 1605 2544 numquam
1632 2475 1976 2544 impositurus
2001 2486 2117 2531 est:

538 2584 637 2640 age
663 2569 963 2638 ademptam
1009 2566 1163 2622 nobis
1201 2581 1318 2620 eam
1344 2607 1358 2632 ,
1402 2566 1565 2634 patris
1607 2567 1774 2620 nostri
1816 2568 2006 2637 capiti,
2035 2567 2120 2622 cui

537 2661 779 2731 apprime
807 2659 1092 2729 competit,
1123 2657 1476 2727 imponamus.
1504 2649 1634 2711 Nam
1660 2647 1878 2712 Joannis
1907 2657 2120 2727 quidem

539 2767 732 2807 nomen
759 2750 824 2805 ad
851 2765 949 2804 nos
970 2791 986 2818 ,
1026 2750 1233 2803 animus
1271 2747 1339 2802 ad
1383 2749 1556 2818 ipsum
1595 2749 1821 2818 pertinet
1843 2767 1857 2803 :
1883 2763 1980 2803 nos
2005 2749 2120 2819 ejus

541 2844 948 2916 appellationem
966 2843 1241 2906 habemus,
1258 2842 1370 2912 ipse
1391 2843 1506 2912 ejus
1527 2841 1913 2913 phil050phiam
1931 2854 2119 2898 nactus

537 2946 640 2993 est.
675 2937 1009 3007 Quapropter
1034 2935 1151 3006 ejus
1178 2935 1549 3005 appellationis
1573 2935 1782 3006 dignior
1820 2953 1975 3006 quam
2021 2953 2119 2992 nos

540 3027 698 3084 heres
723 3027 813 3083 ille
843 3027 1032 3081 fuerit:
1059 3027 1432 3096 cognominem
1458 3027 1654 3097 quippe
1683 3042 1790 3082 non
1821 3029 2116 3092 nominum,

539 3119 636 3175 sed
665 3129 877 3174 actuum
904 3120 1232 3173 consortium
1260 3117 1440 3172 facere
1463 3118 1636 3182 solet,
1669 3119 1878 3174 etiamsi
1904 3119 2118 3174 nomina

538 3207 1002 3281 dillerant'].l\'on
1043 3209 1186 3264 enim
1234 3215 1291 3262 ut
1326 3209 1533 3262 externi
1577 3208 1910 3278 philosophi,
1953 3210 2024 3264 ita
2065 3220 2120 3265 et

537 3302 807 3371 Scriptura
828 3301 894 3357 de
924 3300 1006 3355 bis
1028 3302 1164 3356 solet
1191 3300 1574 3369 philosophari.
1598 3299 1673 3354 llli
1703 3302 1844 3356 enim
1875 3302 1974 3357 nisi
1997 3317 2116 3357 cum

538 3394 831 3450 substantia
859 3394 1016 3449 etiam
1046 3392 1260 3446 nomina
1289 3394 1404 3461 ipsa
1422 3393 1723 3446 communia
1754 3392 1892 3459 sint,
1923 3408 2119 3462 cogno-

538 3486 709 3540 mines
732 3498 851 3539 esse
878 3498 984 3538 non
1013 3483 1216 3538 dicunt.
1240 3484 1310 3537 At
1337 3482 1609 3553 Scriptura
1639 3499 1745 3538 non
1773 3484 1883 3550 sic;
1909 3485 2003 3540 sed
2031 3484 2118 3540 ubi

542 3577 734 3632 viderit
761 3577 982 3630 multam
1026 3576 1078 3629 in
1125 3577 1248 3629 vita:
1289 3574 1530 3629 instituto
1573 3576 1972 3645 cognationem,
2019 3577 2118 3632 etsi

537 3671 638 3726 alia
682 3680 803 3724 sunt
853 3667 1097 3736 imposita
1143 3667 1356 3721 nomina
1405 3667 1470 3721 iis
1499 3666 1590 3736 qui
1634 3667 1870 3722 moribus
1894 3667 2032 3722 inter
2059 3682 2119 3722 se

537 3769 868 3827 congruunt,
914 3758 1102 3814 eodem
1154 3757 1296 3827 ipsos
1336 3757 1552 3811 nomine
1595 3756 1845 3827 appellat.
1886 3758 2119 3828 Ejusqne

539 3856 615 3911 rei
645 3869 750 3910 non
775 3853 932 3924 longe
957 3851 1338 3908 demonstratio
1365 3850 1618 3921 petenda;
1649 3851 1740 3905 sed
1769 3850 1914 3904 illum
1947 3851 2117 3920 ipsum

536 3945 798 4003 Jonnnem
849 3943 1120 4000 Zachariae
1169 3943 1334 3998 ﬁlium
1381 3942 1693 3997 adducimus
1740 3943 1792 3997 in
1844 3943 2116 3998 medium:

536 4052 658 4090 cum
697 4035 842 4091 enim
882 4034 1127 4105 discipuli
1175 4033 1594 4103 interrogassent
1633 4049 1700 4087 an
1749 4049 1933 4088 rursus
1975 4034 2118 4090 Elias

535 4137 792 4181 venturus
816 4133 994 4189 esset,
1035 4124 1339 4194 respondit,
1379 4122 1542 4178 Vultis
1575 4141 1690 4178 eum
1733 4125 1989 4194 recipere?
2012 4123 2121 4181 Iste

535 4228 607 4273 est
623 4214 767 4271 Elius
785 4217 872 4287 qui
891 4225 1124 4269 venturus
1140 4226 1212 4270 est
1231 4215 1440 4286 (Matth.
1467 4217 1555 4271 ll.
1576 4217 1690 4287 14).
1715 4219 1870 4287 Atqui
1885 4217 2120 4275 Joannes

537 4308 825 4363 vocabatur
857 4324 870 4360 :
900 4307 994 4363 sed
1044 4307 1165 4377 quia
1211 4307 1340 4362 Ειὶω
1384 4321 1561 4362 mores
1607 4308 1866 4376 habebat,
1921 4309 2118 4366 idcirco

535 4414 733 4455 nomen
759 4399 918 4453 etiam
947 4399 1045 4470 ipsi
1070 4397 1318 4468 imposuit
1342 4415 1354 4451 :
1377 4398 1497 4468 quia
1527 4397 1658 4452 Elia:
1684 4399 1924 4470 Spiritum
1956 4400 2119 4456 habe-

536 4492 648 4556 bat,
678 4491 797 4546 ideo
813 4499 867 4545 et
886 4505 1078 4544 nomen
1101 4489 1347 4544 obtinuit.
1369 4487 1500 4542 Nam
1521 4487 1730 4543 deserta
1756 4489 1870 4544 loca
1897 4503 2118 4562 uterque

536 4581 832 4649 habitavit,
864 4591 919 4636 et
946 4580 1032 4636 ille
1061 4581 1214 4634 ovina
1237 4580 1372 4650 pelle
1391 4620 1405 4643 ,
1435 4579 1521 4633 hic
1545 4579 1714 4650 pilosa
1737 4589 1883 4636 veste
1903 4581 2118 4639 indutus

595 4718 613 4750 ¹
649 4724 762 4776 Qua:
782 4715 972 4766 uncinis
992 4712 1277 4776 clauduntur
1297 4714 1368 4776 sic
1388 4713 1630 4764 habentur
1645 4713 1768 4776 apud
1805 4715 2073 4776 Facundum
2095 4729 2114 4771 ;

534 4785 592 4835 Et
615 4774 716 4841 post
739 4777 983 4841 aliquanta
1009 4774 1116 4826 :sic
1131 4774 1275 4841 etiam
1294 4774 1602 4841 imperatores
1617 4774 1798 4841 faciunt
1815 4775 2114 4841 aliquotiens,

532 4848 579 4908 et
601 4835 692 4891 sibi
713 4835 876 4908 aptum
899 4839 1132 4908 diadema
1150 4835 1436 4908 auferentes,
1449 4835 1658 4908 ﬁliorum
1676 4835 1920 4908 imponunt
1942 4835 2115 4902 capiti;

532 4901 651 4963 bas;
674 4899 816 4968 atque
837 4900 905 4971 ita
925 4899 1260 4971 cum'eiderint
1283 4899 1676 4971 minusjinfantite
1692 4899 1855 4964 caput,
2037 4915 2116 4953 σο..

532 4961 652 5013 rana
674 4961 762 5023 est,
786 4963 1072 5027 cupiwaeis
1088 4961 1415 5027 tantummodo
1435 4961 1937 5027 annonere.quamvis
1958 4963 2116 5015 utcon-

529 5038 669 5095 qrue,
707 5022 766 5075 eo
785 5022 905 5095 ipso
926 5023 1096 5096 solum
1113 5022 1458 5086 satisfacientes
1494 5022 1652 5094 animo
1681 5022 1812 5086 suo;
1845 5026 2114 5096 auferentes

533 5085 730 5144 deinde,
752 5086 1056 5150 sibimetipsis
1076 5092 1338 5150 imponunt.
1364 5094 1593 5150 Quoniam
1629 5098 1746 5150 ergo
1780 5091 1827 5150 et
1861 5093 1999 5150 pater
2033 5087 2114 5150 Inc

533 5100 730 5144 aemae,
752 5100 1056 5158 ammenpsts
1076 5100 1338 5154 imponunt.
1364 5100 1593 5146 quoniam
1629 5100 1746 5150 ergo
1780 5100 1827 5157 et
1861 5100 1999 5158 pater
2033 5100 2112 5158 Inc

531 5159 760 5219 coronant
781 5148 873 5198 sibi
893 5154 1231 5219 competentiam
1253 5154 1402 5219 atque
1425 5148 1670 5219 sedentem
1710 5148 1845 5199 nobis
1869 5156 2112 5219 nnpqsutt,

533 5213 581 5256 et
620 5212 780 5272 major
801 5217 959 5259 nostra
1001 5212 1156 5272 capite
1178 5212 1419 5272 apparuit,
1444 5222 1508 5272 ετξ
1529 5215 1689 5272 nostra
1707 5222 1817 5259 eam
1852 5212 2008 5272 capite
2031 5212 2114 5261 de-

532 5269 803 5335 trahentes,
826 5278 1000 5335 aptant
1024 5269 1168 5335 hujus
1203 5269 1356 5335 patris
1399 5269 1546 5334 capiti
1577 5269 1896 5335 imponamus.
1912 5269 2114 5324 Joannis

531 5330 1002 5400 etrimlnomen'apud
1018 5330 1119 5400 nos,
1139 5330 1402 5400 intellectus
1410 5330 1579 5400 autem
1597 5330 1731 5400 apud
1928 5339 1999 5384 est
2025 5346 2044 5383 :
2065 5341 2113 5385 et

534 5390 1116 5460 ᾳρρειιαιίρηβηιίιιάάεηί
1136 5406 1220 5460 ηρδ
1242 5392 1545 5460 suscitantes.
1568 5390 1916 5460 ριιῖιοξρριςίάηι
1951 5401 2112 5460 autem

531 5453 634 5521 ipse
933 5453 1143 5517 'Propter
1177 5454 1266 5504 hoc
1303 5462 1349 5505 et
1370 5453 1916 5521 'ipsius'appellatiatis
1956 5456 2112 5521 magis

532 5515 635 5581 ipse
653 5515 886 5588 sitheres,
904 5515 1048 5579 quam
1069 5529 1170 5567 nos:
1187 5515 1456 5588 3W
1477 5515 1722 5570 enimnon

529 5579 754 5706 Ζιόζήιῧα
754 5579 840 5631 sed
879 5579 1298 5652 τενωηιεοςηατὶο
1339 5579 1500 5643 facere
1532 5579 1787 5645 emacuit,
1807 5579 1897 5632 etsi
1918 5579 2112 5634 nuntiata

566 5654 582 5692 l
617 5656 670 5693 er
757 5678 771 5692 .
2103 5663 2106 5666 ’

566 5648 771 5694 dferant.
1210 5650 1212 5652 '
2103 5663 2106 5666 ’

1245 173 1301 228 5.
1339 171 1615 229 ιοΛΝΝιε
1653 165 2124 227 (ΣΗΒΥΞΟΒΤΟΜΙ
2163 167 2478 224 ARCIIIEP.
2517 168 3050 230 CONSTANTINOP.

3671 210 3676 215 -
3723 181 3828 236 765

2233 282 2366 349 luit;
2410 301 2594 341 mensa
2635 288 2767 357 ipsis
2794 289 3017 357 perinde
3045 290 3166 347 vilis
3191 305 3256 346 ac
3275 293 3450 350 tenuis
3475 304 3613 350 erat.
3642 295 3826 353 Ethic

2232 376 2446 448 quidem
2476 379 2666 446 prioris
2692 375 2952 434 adventus
2981 380 3224 437 minister
3249 382 3366 450 fuit,
3400 385 3488 440 ille
3513 397 3695 442 autem
3719 393 3826 444 erit

2233 469 2411 523 denuo
2435 468 2613 524 futuri.
2633 468 2856 535 Quando
2879 472 3035 541 igitur
3057 481 3113 528 et
3131 474 3302 529 victus
3328 477 3484 543 ratio,
3512 488 3568 534 et
3594 483 3820 538 vestium

2233 561 2482 628 amictus,
2510 570 2564 615 et
2592 562 2828 617 locorum
2853 563 3046 631 sedes,
3071 575 3128 620 et
3155 566 3508 624 ministerium
3542 588 3733 638 unum,
3764 587 3821 632 et

2232 652 2407 706 omnia
2450 652 2587 721 apud
2629 653 2814 709 ambos
2858 655 3005 724 paria
3044 657 3377 713 erantzideo
3416 675 3610 718 nomen
3651 680 3818 721 unum

2233 745 2441 812 utrique
2467 744 2674 810 indidit,
2694 747 2982 810 ostendens
3002 749 3160 804 ctiam
3180 766 3320 816 eum,
3340 753 3430 822 qui
3453 753 3596 810 aliud
3621 773 3819 815 nomen

2237 833 2462 900 haheat,
2506 851 2664 906 posse
2703 836 2780 892 illi
2821 839 3191 910 cognominem
3236 856 3388 912 esse,
3441 850 3595 916 cujus
3639 865 3821 910 mores

2231 926 2510 979 mtnulatus
2538 927 2626 980 sit.

2301 1017 2354 1071 4.
2395 1016 2526 1072 Cum
2546 1018 2739 1088 ‘igitur
2762 1020 2814 1074 in
2841 1019 3018 1076 divina
3040 1021 3309 1094 Scriptura
3332 1042 3395 1082 ea
3424 1029 3495 1083 sit
3519 1033 3818 1088 certissima

2230 1109 2432 1178 regula,
2465 1118 2517 1164 et
2543 1121 2787 1176 accurata
2811 1113 3467 1183 cognominumdeﬁnitio:
3492 1137 3607 1191 age,
3636 1137 3817 1178 osten-

2229 1198 2416 1254 damus
2460 1216 2566 1270 quo
2611 1212 2766 1270 pacto
2811 1205 3023 1272 sapiens
3067 1216 3217 1274 pater
3257 1207 3342 1263 hic
3378 1223 3559 1266 noster
3595 1213 3820 1271 Joannis

2231 1307 2407 1347 mores
2431 1295 2708 1349 minulatus
2733 1296 2820 1360 sit,
2851 1308 2906 1351 ut
2932 1297 3149 1353 discatis
3178 1315 3299 1355 eum
3332 1302 3485 1374 longe
3515 1307 3817 1376 digniorem

2227 1397 2347 1439 esse
2371 1386 2458 1455 qui
2484 1387 2696 1442 nomine
2719 1389 2858 1444 illius
2880 1391 3197 1460 appelletur.
3219 1393 3334 1450 Non
3363 1409 3468 1451 erat
3495 1399 3573 1454 illi
3597 1417 3815 1464 mensa.

2230 1490 2334 1528 nou
2358 1477 2543 1541 lectus,
2572 1493 2676 1532 non
2697 1481 2886 1535 domus
2911 1482 2962 1535 in
2985 1484 3158 1549 terris;
3182 1486 3275 1539 sed
3301 1502 3393 1541 nec
3410 1488 3528 1543 huic
3552 1507 3818 1561 umquam

2229 1565 2346 1622 fuit.
2395 1567 2461 1622 Et
2507 1569 2662 1638 hujus
2693 1571 2768 1625 rei
2813 1580 2974 1628 testes
3002 1590 3094 1628 vos
3119 1577 3264 1641 estis,
3298 1581 3555 1648 quomodo
3593 1583 3645 1636 in
3676 1601 3818 1655 apo-

2227 1662 2414 1715 stolica
2441 1661 2681 1717 ducenda
2707 1665 2811 1718 vita
2842 1669 2985 1721 omni
3016 1677 3254 1738 tempore
3280 1676 3649 1740 perseverarit,
3680 1677 3816 1734 nihil

2231 1753 2501 1821 proprium
2531 1753 2754 1822 habens,
2783 1757 2875 1811 sed
2898 1759 2965 1812 ab
2983 1759 3102 1813 aliis
3124 1761 3372 1815 alimenta
3389 1765 3675 1833 accipiens,
3701 1767 3816 1837 ipse

2231 1847 2282 1902 in
2313 1849 2553 1903 oratione
2589 1857 2645 1904 ct
2674 1851 2724 1903 in
2766 1850 3001 1906 doctrina
3029 1854 3180 1908 verbi
3203 1869 3572 1924 perseverans.
3611 1859 3815 1915 Praedi-

2227 1939 2366 1993 cavit
2391 1939 2480 1994 ille
2501 1949 2645 1994 trans
2666 1939 2884 2005 lluuten,
2899 1942 3092 2014 degens
3105 1945 3157 1999 in
3172 1947 3472 2003 solitudine:
3495 1950 3580 2005 hic
3596 1967 3719 2005 cum
3739 1954 3817 2006 ul-

2228 2042 2308 2085 tra
2326 2032 2518 2088 ﬂumen
2535 2036 2798 2089 civitatem
2821 2050 3030 2091 omnem
3048 2037 3328 2108 aliquando
3342 2043 3657 2110 accepisset,
3684 2060 3813 2101 sana

2227 2125 2369 2180 illam
2414 2125 2650 2180 doctrina
2681 2128 2928 2182 erudivit.
2982 2129 3241 2183 Habitavit
3274 2131 3366 2186 ille
3409 2133 3463 2187 in
3490 2150 3727 2200 carcere,
3759 2149 3814 2191 et

2227 2217 2399 2285 capite
2439 2207 2710 2272 truncatus
2745 2227 2830 2274 est
2871 2230 3085 2288 propter
3111 2221 3406 2277 libertatem
3433 2224 3686 2294 loquendi
3719 2244 3814 2296 pro

2229 2307 2344 2376 lege
2369 2325 2381 2360 :
2411 2306 2504 2361 sed
2531 2315 2584 2362 et
2613 2308 2712 2362 iste
2736 2324 2879 2378 stupe
2899 2311 3066 2380 patria
3097 2313 3312 2378 excidit,
3341 2315 3410 2368 ob
3441 2315 3662 2370 liberam
3688 2318 3811 2372 nilei

2228 2398 2688 2467 praedicationem;
2730 2416 2872 2470 szepc
2917 2411 3091 2457 autem
3129 2405 3302 2473 capite
3325 2414 3600 2462 truncatus
3627 2420 3709 2464 est
3743 2414 3812 2466 ob

2227 2504 2343 2542 eam
2370 2489 2536 2559 ipsam
2581 2505 2816 2557 causam,
2846 2493 2888 2546 si
2916 2508 2974 2548 re
2999 2493 3194 2562 minus,
3224 2506 3276 2550 at
3310 2499 3584 2568 proposito
3611 2510 3808 2555 tamen.

2225 2579 2340 2634 Non
2384 2581 2614 2638 ferentes
2661 2586 2802 2639 enim
2846 2587 3081 2641 veritatis
3113 2588 3291 2644 hostes
3331 2590 3522 2660 lingua:
3549 2595 3668 2662 ejus
3698 2595 3808 2648 elo-

2226 2675 2516 2743 quentiam,
2567 2675 2872 2731 innumeras
2914 2679 3144 2748 undique
3185 2682 3400 2737 insidias
3425 2688 3725 2752 struebant,
3757 2701 3810 2744 et

2226 2780 2290 2819 ex
2329 2766 2574 2822 onmibus
2611 2769 2805 2838 eripuit
2849 2784 2972 2824 eum
3018 2772 3290 2828 Dominus.
3321 2777 3433 2845 Age
3457 2778 3630 2848 igitur,
3670 2779 3812 2836 hanc

2226 2858 2456 2928 linguam
2501 2861 2795 2926 audiamus,
2841 2863 2909 2916 ob
2933 2880 3088 2934 quam
3118 2867 3438 2935 periclitatus
3468 2881 3517 2924 et
3560 2886 3810 2929 servatus

2227 2960 2328 3004 est.
2361 2951 2434 3005 De
2461 2967 2564 3022 qua
2595 2969 2699 3006 non
2727 2963 2909 3022 peccet
2950 2957 3040 3025 qui
3067 2957 3115 3010 id
3161 2958 3353 3013 dixerit
3395 2963 3534 3031 quod
3564 2964 3634 3018 de
3663 2975 3808 3020 terra

2226 3041 2593 3108 promissionis
2635 3042 2767 3097 dixit
2809 3043 3002 3099 Moses.
3047 3046 3181 3112 Quid
3215 3059 3390 3104 autem
3419 3052 3488 3106 de
3514 3053 3604 3108 illa
3635 3055 3806 3109 disit’

2227 3129 2432 3183 Terram
2470 3134 2706 3203 ﬂuentem
2733 3136 2861 3190 lacte
2888 3146 2935 3190 et
2964 3139 3108 3192 melle
3138 3138 3328 3211 (Exod.
3373 3143 3426 3198 5.
3459 3144 3541 3213 8).
3572 3146 3686 3202 Hoc
3711 3149 3807 3202 ita-

2288 3291 2304 3367 ξ
2337 3293 2422 3362 llic
2441 3305 2671 3367 numerus
2692 3302 2907 3367 quartus,
2943 3309 3100 3367 usque
3142 3299 3200 3347 ad
3240 3299 3326 3367 has
3348 3315 3506 3367 voces,
3537 3304 3658 3367 quia
3699 3306 3796 3367 ipsi

2222 3351 2403 3426 gloria,
2419 3357 2490 3404 sic
2527 3351 2854 3426 legitur'apud
2873 3351 3138 3426 Facundum
3162 3375 3175 3408 :
3197 3361 3315 3420 Quia
3336 3377 3448 3426 ergo
3467 3351 3805 3417 quam;

2222 3417 2316 3488 ista
2335 3422 2404 3465 est
2427 3417 2595 3488 regula
2616 3425 2662 3466 et
2684 3417 2871 3482 integra
2894 3419 3108 3488 deﬁnitio
3128 3417 3496 3488 agitant/morum
3514 3427 3649 3488 apud
3675 3431 3806 3480 Scri-

2222 3483 2417 3539 pturam
2439 3477 2670 3541 divinam,
2694 3477 2801 3542 age;
2834 3477 3136 3532 ostendamus
3153 3477 3373 3540 "qualiter
3396 3477 3574 3536 morem
3597 3477 3806 3540 cernula-

2222 3546 2299 3614 tus
2315 3546 2384 3614 est
2402 3548 2602 3614 domans
2623 3554 2812 3614 sapiens
2828 3543 2922 3614 iste
2937 3553 3095 3614 noster
3117 3552 3271 3614 pater,
3299 3554 3348 3595 ut
3366 3550 3666 3614 cognoscatis
3690 3567 3806 3614 quo-

2223 3600 2415 3670 niantet
2433 3600 2798 3665 appellationem
2819 3602 2950 3670 illius
2960 3605 3092 3666 juste
3112 3600 3222 3670 ipse
3249 3600 3493 3670 possidere
3523 3611 3684 3661 debet.
3703 3600 3806 3664 κὰτ

2223 3669 2327 3734 erat
2351 3663 2423 3713 illi
2817 3663 2983 3734 lectus,
3014 3663 3166 3734 neque
3179 3663 3359 3734 domus
3392 3685 3537 3734 super
3573 3663 3758 3724 terram
3784 3663 3807 3727 ὲ

2222 3723 2309 3799 sed
2499 3723 2889 3799 huiealiquando
2909 3728 3015 3799 fuit.
3033 3723 3246 3799 Et'hujus
3263 3732 3337 3782 rei
3354 3745 3438 3799 nos
3450 3723 3599 3784 'testes
3617 3723 3802 3799 sumus.

2222 3786 2428 3856 qualiter
2447 3800 2584 3856 omne
2605 3786 2791 3856 tempus
2806 3786 3008 3856 advixit,
3032 3786 3353 3856 apostolicam,
3371 3796 3715 3846 demonstravit
3735 3786 3812 3848 vi;

2223 3852 2339 3902 tant,
2500 3847 2750 3920 proprium
2771 3849 2963 3920 habens,
2987 3847 3073 3902 sed
3096 3853 3291 3920 a_sociis
3323 3855 3657 3920 (legitime...)
3675 3847 3802 3909 xm-

2223 3920 2311 3970 per
2332 3910 2557 3980 nutritus,
2590 3910 2698 3980 ipse
2720 3911 2769 3960 in
2788 3913 3000 3980 orgtiqne
3026 3921 3072 3964 et
3111 3910 3339 3980 doctrina
3353 3910 3482 3980 verbi
3504 3910 3807 3980 permanens

2223 3969 2538 4041 prwdicabat.
2568 3969 2652 4041 Ille
2674 3981 2808 4041 trans
2828 3972 3025 4041 ﬂuvium
3054 3976 3357 4041 prwdicabat
3395 3978 3446 4028 in
3478 3969 3685 4032 dssertis
3711 3969 3735 4031 έ
3755 3969 3804 4034 ἐξ

2221 4034 2479 4105 ξδιςρεναηδ
2499 4034 2696 4105 [Initium
2737 4034 2996 4105 aliquando
3019 4037 3256 4105 civitatem
3271 4052 3458 4105 omnem
3474 4042 3703 4101 educas,
3729 4059 3806 4096 sa-

2224 4093 2465 4170 (differant
2488 4093 2754 4170 doctrinam
2773 4093 3012 4170 docebat.”
3034 4099 3270 4170 ῃαςγίιαυίι
3305 4101 3387 4151 ille
3420 4102 3472 4152 in
3494 4093 3805 4170 ειςειοαξὲιζει

2223 4157 2377 4216 capite
2395 4157 2656 4227 diminutas
2677 4165 2748 4208 est
2769 4168 2962 4229 propter
3013 4160 3223 4221 duciam,
3247 4175 3394 4224 quam
3415 4177 3503 4225 pro
3531 4163 3637 4227 lege
3653 4157 3801 4218 halte-

2223 4159 3014 4299 2Ἧ;.Ξίίἕίμθίῖίὲῗέδὲίὲίελῧῖ⁴³1έῷ
3036 4222 3209 4299 ηωῖέα.
3233 4225 3487 4299 Γναὲιέλαίειδ
3507 4233 3584 4299 σεξ,
3602 4237 3800 4299 ΡτίξΡιεΓ

2221 4275 2469 4350 ﬁduciam,
2495 4293 2640 4350 quam
2661 4294 2750 4344 pro
2771 4275 2870 4350 ﬁde
2892 4282 3014 4348 gerit
3036 4275 3062 4333 ἐ
3091 4275 3264 4348 attritis
3287 4287 3432 4336 etiam
3460 4275 3618 4350 capite
3655 4275 3800 4342 dit-rii-

2222 4346 2362 4415 natas
2381 4349 2451 4391 est
2467 4348 2658 4415 propter
2680 4345 2910 4415 eamdem
2934 4358 3146 4415 causam,
3160 4345 3169 4348 ⁷
3181 4354 3269 4415 etsi
3287 4360 3382 4415 non
3403 4345 3603 4415 reipsa,
3623 4364 3801 4415 prapo-

2222 4364 2361 4408 ημιιω
2381 4364 2451 4391 «ιιι
2467 4364 2658 4405 propter
2680 4364 2899 4413 εᾳπωειιι
2934 4364 3146 4405 causam,
3181 4364 3269 4396 etSt
3287 4364 3382 4396 non
3403 4364 3456 4397 re
3477 4364 3603 4411 ipsa,
3663 4365 3801 4415 rapo-

2640 4407 3024 4480 ,enewrerwu
3047 4407 3257 4480 υενέιαξίε
3287 4409 3470 4480 me
3614 4364 3802 4475 ἔρραιε

2220 4464 2458 4533 virtutem,
2485 4464 2662 4533 decent
2671 4465 2825 4533 millia
2853 4464 3040 4533 semper
3063 4471 3407 4533 praestruebant
3429 4464 3654 4533 insidias,
3669 4464 3718 4526 et
3737 4464 3802 4528 ei

2217 4525 2441 4599 omnibus
2451 4539 2567 4597 eum
2610 4527 2826 4599 liberavit
2867 4525 3108 4580 Dominus.
3148 4543 3244 4594 Age
3276 4532 3437 4592 itaque
3447 4532 3560 4599 jam
3583 4525 3803 4599 linguam

2219 4587 2324 4659 ejus
2342 4587 2614 4659 audiamus,
2637 4588 2762 4659 Itane
2784 4590 2939 4655 ipsam
2958 4600 3154 4659 propter
3170 4587 3317 4659 quam
3331 4587 3377 4644 et
3391 4587 3694 4659 periclitatus
3711 4587 3801 4659 est,

2219 4655 2266 4718 et
2285 4648 2492 4700 salvatus
2512 4649 2692 4718 {illam
2711 4648 2940 4718 linguam,
2958 4648 3026 4704 'de
3048 4648 3144 4715 qua
3161 4648 3207 4705 si
3227 4655 3334 4718 quis
3371 4648 3556 4709 dixerit
3581 4663 3714 4718 quod
3742 4648 3802 4711 ité

2219 4715 2353 4760 terra
2757 4711 2887 4765 didit
2915 4711 3123 4782 μανεὶς,
3155 4711 3647 4782 nullalenuspeccat.
3676 4711 3805 4780 Quid

2218 4783 2335 4844 ergo
2356 4773 2418 4843 de
2438 4773 2527 4845 illa
2549 4775 2716 4846 dixitlf
2736 4783 2886 4827 Terra
2907 4773 3088 4848 ﬂue'ns.
3107 4775 3233 4829 lacte
3265 4787 3318 4829 et
3339 4773 3506 4828 melle.
3532 4790 3638 4831 Hoc
3657 4773 3803 4833 etiam

2219 4832 2283 4903 de
2296 4842 2433 4903 istius
2471 4835 2632 4903 lingua
2655 4837 2913 4903 dicendum
2931 4846 3018 4900 est,
3053 4839 3224 4903 lingua
3245 4839 3397 4903 ﬂuens
3421 4841 3542 4893 lacte
3564 4850 3614 4892 et
3636 4847 3798 4895 melle.

3755 4860 3798 4895 ε.

2225 4875 2285 4945 ixi
2298 4875 2452 4962 an.
2471 4875 3800 4969 aenigmata}?

2218 4970 2391 5026 sermo,
2414 4961 2668 5026 audiamus
2682 4961 2848 5026 lyram
2866 4971 2914 5013 et
2935 4961 3335 5026 tubam.me
3361 4961 3489 5016 enim

2217 5020 2367 5089 sentio
2388 5023 2656 5089 uerborum,
2674 5020 3040 5089 tjramgappetlo
3061 5020 3206 5089 hujus
3228 5038 3387 5076 vocem
3414 5039 3431 5077 :
3456 5029 3654 5089 quando
3691 5043 3800 5079 vero

2217 5081 2544 5150 fortitudinem
2565 5081 3188 5150 intelligentiarum,tubam
3208 5081 3733 5150 quamdam'belliann,
3754 5097 3800 5142 et

2217 5140 2380 5216 We!"-
2402 5144 2592 5216 {tuqlent
2606 5140 2836 5199 habebant
2857 5140 3035 5216 .(udaéi,
3059 5163 3171 5199 cum
3185 5140 3376 5216 Hierico
3393 5163 3558 5216 muros
3581 5140 3799 5203 dem-'39.

2217 5211 2352 5275 rent.
2366 5208 2492 5275 sicut
2513 5210 2641 5259 enim
2675 5219 2786 5275 tunc
2813 5208 3037 5262 tubarum
3065 5224 3237 5275 sonus,
3267 5209 3797 5275 ignervclocior,‘super

2218 5263 2404 5344 ﬂantes
2420 5267 2629 5344 irruens,
2652 5271 2812 5344 omnia
2835 5273 3154 5344 consumebat,
3282 5263 3328 5324 'ét
3344 5274 3455 5344 ejus
3476 5287 3566 5325 vox
3582 5263 3684 5344 ρίοη
3706 5263 3796 5325 in".

2216 5336 2306 5378 nus
2326 5342 2472 5393 quam
2497 5331 2584 5381 illa
2612 5333 2723 5404 tuba
2751 5347 2894 5406 super
3201 5331 3538 5386 Ita‘rett'eorum
3573 5337 3796 5406 irruens,

2216 5387 2304 5438 hoc
2327 5399 2414 5457 est,
2440 5393 2780 5457 disputationes
2808 5397 3003 5448 illorum
3023 5405 3206 5456 evertit,
3230 5405 3276 5448 et
3295 5409 3482 5448 onmem
3497 5397 3800 5448 alutam

2214 5436 3217 5529 ξΨιῐᾷρὲιῗεὲ⁷ῖάῖιὲῗειιῗεὲἓξνὶὶὲἇιῖιῖΒὲέο

2392 5514 2622 5588 [intimi
2643 5532 2787 5581 σααηι
2803 5533 2891 5588 mf
2913 5521 3056 5588 (titius
3077 5519 3182 5588 [uec
3205 5514 3464 5579 discamus,
3475 5514 3586 5577 "iam
3605 5520 3687 5588 ait:
3708 5534 3796 5588 na-

2215 5580 2311 5626 ster
2332 5580 2488 5651 sermo
2522 5580 2735 5643 quiescat
2762 5595 2780 5634 :
2804 5580 3018 5653 'gloriain
3053 5583 3220 5636 dantes
3246 5591 3345 5634 Deo
3389 5589 3506 5638 tales
3534 5580 3668 5635 nobis
3701 5583 3791 5630 trt~

2209 5642 2363 5695 lucenti
2383 5641 2610 5695 doctores.

2239 5654 2363 5695 uenti
2383 5654 2610 5696 αοαονεδ.
