4064 6218
283 319 394 385 7.65

284 444 389 493 que
413 428 480 480 de
507 427 664 496 hujus
687 425 860 496 lingua
902 425 1184 492 dicendum
1211 445 1223 480 :
1252 425 1428 498 lingua
1467 424 1636 487 ﬂuens
1660 423 1800 495 lacte
1823 435 1878 480 et

285 522 465 574 tut-lic.
501 519 566 588 _Ut
614 520 771 588 igitur
795 527 848 572 ιιι
875 519 1010 572 lacte
1032 521 1286 582 fruamur,
1319 528 1374 572 et
1413 517 1572 578 melle
1597 519 1876 583 satientur,

287 613 370 680 he
423 612 567 680 (inita
610 606 850 672 oratione
877 624 1076 675 nostra.
1102 611 1270 682 lyram
1298 621 1350 665 ct
1377 611 1556 664 tubam
1577 611 1874 676 audiamus.

284 705 416 770 tium
460 706 602 759 ettim
646 705 930 759 verborum
977 706 1286 759 suavitatem
1339 703 1657 767 considero,
1711 704 1878 775 lyram

287 798 404 868 eius
451 811 634 851 vocem
683 797 895 865 appello
928 815 942 851 :
974 796 1061 862 ubi
1107 805 1285 872 autem
1329 796 1436 860 vim
1477 797 1874 867 cogitationum,

286 890 534 952 bellicam
557 889 843 959 quamdam
867 890 1046 946 tubam
1073 904 1224 957 voco,
1257 888 1467 959 qualem
1498 889 1765 948 habebant
1785 889 1879 952 Ju-

284 979 412 1047 daei,
441 995 564 1040 cum
592 979 920 1035 Jerichuntis
943 995 1127 1035 muros
1164 980 1492 1050 dejeccrunt.
1520 981 1879 1048 Quemadmo-

284 1072 414 1136 dum
441 1072 585 1126 enim
614 1079 740 1126 tunc
779 1072 1026 1126 tubarum
1055 1087 1220 1140 sonus
1265 1075 1383 1144 igne
1428 1073 1795 1136 vehementius
1827 1073 1877 1126 iu

287 1162 490 1236 lapides
517 1163 780 1229 incidens,
822 1165 1001 1232 omnia
1030 1167 1381 1232 consumebat
1404 1175 1459 1220 et
1484 1165 1830 1226 labefactahat
1856 1182 1869 1216 :

307 1284 311 1287 ,
321 1282 1842 1293 -———————————————.—__—____.._—.—-—-—~—o——~——

313 1505 443 1567 qua!
457 1505 585 1551 sunt
619 1496 878 1560 hominis,
909 1506 963 1552 et
985 1511 1208 1552 sensum
1233 1496 1516 1552 habentem
1557 1499 1882 1568 angelicum.

311 1586 384 1657 Et
399 1603 512 1658 post
527 1589 831 1658 aliquanta:
849 1586 954 1642 Sed
973 1596 1309 1643 revertamur
1325 1587 1391 1641 ad
1414 1594 1701 1658 martyrem
1719 1589 1882 1643 istum

313 1657 548 1745 iterum,
592 1657 810 1748 propter
846 1693 1006 1748 quem
1053 1686 1109 1732 et
1155 1677 1256 1732 ista
1298 1657 1568 1734 diximus;
1600 1657 1883 1744 Quomodo

307 1770 499 1839 itaque
525 1779 769 1823 mortuus
798 1778 878 1824 est
907 1768 1237 1838 mortilicans
1266 1769 1508 1824 membra
1529 1785 1653 1836 sua,
1679 1779 1734 1824 et
1753 1784 1886 1824 con-

314 1862 540 1917 culcans
566 1871 774 1916 natura;
799 1861 1119 1931 cupiditates
1163 1862 1216 1916 in
1264 1861 1502 1927 humano
1546 1876 1794 1930 corpore,
1830 1869 1886 1917 et

309 1953 612 2024 angelicam
636 1954 793 2009 nobis
818 1954 1200 2022 demonstrans
1221 1954 1421 2024 vitam?
1443 1951 1498 2008 Si
1525 1965 1704 2008 autem
1725 1954 1887 2008 vultis

312 2042 519 2109 videre,
539 2043 668 2112 quia
687 2053 740 2113 et
762 2043 938 2112 reipsa
962 2053 1205 2116 mortuus
1229 2054 1332 2104 est,
1357 2044 1717 2108 recordamini
1741 2044 1886 2098 illius

315 2135 599 2205 temporis,
630 2137 848 2205 quando
878 2136 1077 2209 bellum
1111 2151 1364 2206 asperum
1398 2137 1660 2194 adversus
1695 2136 1884 2191 Eccle-

318 2227 456 2281 siam
483 2237 882 2298 exsurrexerat,
897 2237 949 2282 et
968 2229 1245 2295 exercitus
1267 2229 1642 2302 movebantur,
1661 2235 1715 2282 et
1732 2243 1884 2282 arma

318 2319 781 2389 praeparabantur,
812 2319 1030 2390 quando
1059 2330 1208 2376 trans
1237 2319 1458 2391 (luvium
1477 2319 1495 2350 ί
1526 2333 1718 2391 omnes
1745 2333 1878 2373 con-

1393 310 1627 381 uOMlL,
1671 307 1741 366 lN
1778 308 2100 378 smmum
2139 309 2429 377 msan,

3469 312 3574 375 ἴω

1983 425 2063 488 sic
2090 433 2147 486 ,et
2179 424 2294 494 ejus
2338 440 2439 484 vox
2487 439 2646 490 nunc,
2685 440 2795 481 non
2838 427 3016 491 minus
3047 441 3207 498 quam
3237 427 3358 482 Iuba
3401 427 3490 484 illa
3523 431 3574 494 in

1986 517 2358 584 haereticorum
2391 519 2716 574 munitiones
2758 520 3016 584 incidens,
3043 521 3318 575 ratiocinia
3348 520 3576 586 destruit

1985 619 2041 665 et
2064 624 2278 674 omnem
2307 609 2637 663 altitudinem
2664 627 2783 682 qnze
2809 628 2867 665 se
2897 612 3102 666 extollit
3122 613 3380 668 adversus
3403 614 3575 678 scien-

1986 702 2111 767 tiam
2160 701 2249 761 Dei
2277 700 2298 774 ⁸(
2319 701 2373 754 2.
2406 701 2521 754 Cor.
2552 702 2638 756 l0.
2669 704 2749 772 5).
2789 703 2980 762 \‘ernrn
3009 712 3065 757 ιιι
3091 718 3158 758 ne
3199 717 3298 776 per
3337 703 3576 774 linguam

1988 803 2247 862 nostram,
2294 791 2389 848 sed
2432 807 2526 860 per
2579 793 2742 865 ipsius
2807 793 2924 860 h:t-c
2968 793 3241 866 ediscatis,
3289 793 3376 862 hic
3414 795 3576 864 {iuetp

1985 885 2172 954 prandii
2223 884 2493 946 faciamus,
2535 885 2758 955 gloriam
2817 887 3110 941 referentes
3162 885 3270 950 D‘eo
3312 885 3402 956 qui
3443 886 3577 942 tales

1986 981 2234 1041 doctores
2259 978 2486 1050 prtebuit
2513 997 2526 1032 :
2554 979 2676 1050 quia
2719 979 2814 1047 ipsi
2855 979 3020 1049 gloria
3063 978 3113 1047 in
3159 978 3355 1048 saecula
3400 993 3573 1047 siccu-

1989 1076 2182 1143 lorum,
2231 1077 2421 1146 Amen.

1989 1495 2370 1568 gregabantur.
2401 1495 2554 1550 Tunc
2581 1497 2699 1567 ipse
2720 1497 2929 1562 exiens,
2961 1507 3015 1552 et
3042 1499 3188 1552 velut
3219 1499 3386 1554 turris
3411 1509 3558 1560 ante-

1989 1577 2188 1658 posita,
2218 1589 2302 1642 vel
2333 1589 2588 1657 seopultts
2631 1589 2853 1658 quidam
2891 1591 3032 1659 altus
3065 1601 3118 1644 et
3163 1606 3394 1662 magnus
3429 1601 3558 1646 ante

1991 1677 2126 1732 alios
2153 1689 2326 1743 stans,
2355 1687 2408 1732 et
2434 1681 2830 1733 contrariorum
2858 1681 3160 1749 suscipiens
3177 1679 3372 1736 ﬂuctus
3395 1690 3449 1734 et
3473 1697 3558 1736 re-

1989 1772 2226 1837 solvens,
2253 1771 2308 1826 in
2353 1772 2740 1843 tranquillitate
2772 1763 3024 1828 cancrum
3071 1788 3269 1844 corpus
3305 1773 3559 1832 Ecclesia:

1987 1863 2299 1924 custodivit.
2353 1865 2723 1939 repercutiens
2760 1873 3154 1940 tempestatem,
3198 1875 3251 1921 et
3297 1876 3558 1938 praestans

1988 1951 2146 2005 nobis
2176 1953 2418 2020 quietum
2450 1966 2685 2022 portum.
3293 1949 3298 1956 ’

2017 2206 2028 2215 υ
2055 2147 2071 2176 ¹
2097 2144 2176 2214 Sic
2187 2149 2242 2192 et
2258 2146 2309 2218 i_n_
2321 2143 2554 2210 oratione
2567 2145 2885 2218 praecedenti.
2905 2147 2958 2214 In
2975 2148 3133 2218 altera
3145 2147 3379 2199 videlicet
3400 2148 3561 2218 Gron,-

1993 2206 2058 2256 tis
2081 2206 2205 2267 ripa.
2230 2206 2313 2256 ubi
2334 2206 2391 2256 ea
2418 2220 2531 2275 pars
2553 2206 2692 2257 urbis
2713 2209 3146 2272 erat,qu:e‘P'alaea
3166 2223 3256 2259 seu
3280 2220 3422 2259 vetus
3444 2206 3560 2260 urbs

1993 2267 2348 2333 appellabatur,
2377 2269 2459 2333 ubi
2484 2276 2594 2333 erat
2620 2271 2831 2333 ecclesia
2863 2273 3022 2333 Palma
3053 2271 3171 2333 item
3207 2272 3354 2325 dicta.
3384 2270 3434 2320 in
3461 2287 3560 2333 qua

1989 2280 2348 2338 appettapatur,
2377 2280 2459 2326 unt
2484 2280 2594 2319 erat
2620 2280 2831 2340 ecclesia
2863 2280 3022 2320 t'alaaa
3053 2280 3171 2333 item
3207 2280 3354 2325 dicta.
3384 2286 3434 2320 tn
3461 2287 3556 2334 qua

1988 2341 2258 2396 convenire
2268 2329 2491 2381 solebant
2504 2330 2536 2380 ii
2547 2333 2631 2393 qui
2645 2332 2900 2383 Melettum
2911 2332 3195 2401 episcopum
3207 2333 3556 2403 sequebantur.

773 3029 879 3090 AD
916 3029 1296 3091 HOMILIAM
1335 3027 1416 3090 IN
1457 3025 1757 3088 PASCHA
1847 3025 2016 3098 QUIE
2057 3023 2401 3086 GENUINA
2441 3023 2620 3086 ESSE
2659 3024 3091 3086 PROBATUR.

333 3280 476 3340 locis
499 3282 938 3356 consarcinatum
977 3300 990 3336 :
1022 3295 1132 3338 non
1177 3283 1430 3354 cogitans
1467 3282 1922 3354 Chrysostomum
1960 3284 2152 3340 eadem
2202 3281 2322 3353 ipsa
2362 3297 2486 3352 qua:
2523 3281 2734 3351 pridem
2778 3281 2990 3342 dixerat
3027 3294 3170 3350 sepe
3210 3288 3472 3350 repetere,
3497 3289 3550 3341 ct

325 3395 618 3468 aliquando
650 3397 909 3453 homilias
939 3398 1180 3470 integras
1214 3410 1536 3470 retractatas
1577 3401 1912 3472 mutatisque
1939 3401 2112 3458 initiis
2151 3402 2219 3458 ad
2255 3401 2553 3457 conciones
2582 3399 2844 3454 adhibere
2869 3413 3018 3454 suas.
3053 3395 3170 3451 Non
3197 3397 3386 3452 dubito
3410 3407 3560 3454 certe

323 3517 468 3572 hanc
504 3515 782 3571 bomiliatn
815 3533 846 3572 a
869 3517 1261 3591 Chrysostomo
1291 3536 1419 3590 vere
1439 3521 1682 3592 habitam
1710 3521 2031 3592 dictamque
2059 3519 2248 3577 fuisse.
2289 3518 2429 3586 Cum
2473 3518 2619 3575 enim
2657 3517 2819 3582 annis
2857 3514 3158 3572 octodecim
3201 3514 3557 3580 concionatus

329 3637 420 3696 sit,
457 3647 771 3706 recurrepte
791 3637 1076 3706 Paschalis
1104 3640 1446 3713 solemnitate
1468 3642 1658 3701 eadem
1691 3643 1806 3712 ipsa
1837 3641 2133 3712 aliquando
2165 3639 2442 3711 repetiertt
2466 3655 2481 3691 :
2506 3652 2685 3709 neque
2725 3637 2873 3693 enim
2903 3635 2959 3691 in
2987 3645 3238 3706 promptu
3277 3641 3361 3700 est
3389 3627 3566 3696 cuivis

325 3755 722 3819 concionatori,
746 3757 841 3826 qui
868 3765 978 3811 tam
1002 3757 1165 3828 longo
1191 3759 1454 3829 temporis
1485 3758 1760 3816 curriculo
1784 3759 1838 3813 in
1865 3756 2132 3815 Paschate
2157 3756 2455 3828 quotannis
2469 3753 2726 3818 oraverit,
2765 3765 2906 3807 nova
2932 3763 3148 3819 semper
3177 3745 3390 3814 eferre,
3411 3746 3470 3798 fet
3497 3757 3568 3809 ex

331 3869 484 3941 prius
521 3871 682 3926 dictis
709 3871 841 3927 nihil
883 3888 1120 3944 unquam
1149 3874 1470 3931 admiscere.

401 3980 904 4052 lnterpretationem
943 3983 1194 4058 Latinam
1219 4001 1417 4058 novam
1441 3986 1851 4062 adornavimus,

341 4268 508 4282 ῃ

515 4246 3545 4284 “ww

1026 4573 1152 4678 IN
1225 4491 1770 4675 SAN‘CTUM
1843 4561 2282 4656 PASCHA
2399 4553 2881 4656 CONCIO:

1894 4814 1993 4824 ———

383 5079 436 5130 1.
476 5073 618 5128 Mors
645 5072 775 5126 victa
807 5087 841 5123 a
880 5067 1065 5124 Christi
1093 5076 1315 5135 tempore
1338 5079 1439 5116 non
1459 5062 1595 5114 ultra
1619 5074 1754 5112 mors
1774 5099 1788 5122 ,
1814 5058 1902 5110 sed

309 5182 517 5234 σρηιηιιε
538 5175 584 5220 et
604 5163 840 5218 dormitio
862 5171 1087 5215 vocatur.
1114 5187 1187 5198 —
1204 5156 1513 5225 Opportune
1534 5149 1694 5206 hodie
1717 5163 1903 5202 omnes

309 5272 436 5312 cum
467 5257 623 5311 beato
644 5253 843 5309 Davide
868 5253 1162 5306 clantemus
1195 5262 1209 5302 :
1241 5247 1366 5313 Quis
1403 5244 1630 5313 loquetur
1656 5240 1903 5311 potentias

318 5347 548 5413 Domini,
576 5346 776 5400 auditas
803 5344 952 5416 faciet
993 5357 1164 5395 omnes
1201 5338 1379 5394 laudes
1425 5337 1534 5406 ejus
1573 5330 1750 5404 (Psal.
1776 5329 1901 5385 105.

315 5438 437 5509 i3)?
463 5437 602 5494 Ecce
624 5439 764 5491 cnim
791 5434 1005 5490 advenit
1025 5431 1178 5486 nobis
1206 5429 1363 5483 hodie
1383 5425 1736 5481 desideratum
1767 5422 1905 5509 salu:

313 5505 538 5594 tamque
568 5522 758 5578 festum
784 5562 799 5585 ,
839 5521 954 5575 dies
979 5517 1229 5572 nimirum
1260 5509 1670 5569 resurrectionis
1697 5505 1903 5565 Domini

315 5616 486 5672 nostri
514 5615 642 5671 Jesu
666 5613 898 5678 Christi;
928 5610 1074 5682 pacis
1103 5615 1491 5678 argumentum,
1516 5599 1905 5657 reconciliatio-

317 5712 402 5766 nis
425 5721 606 5776 causa,
634 5720 758 5785 quae
785 5705 920 5772 bella
946 5701 1198 5772 sustulit,
1225 5709 1453 5773 mortem
1483 5693 1760 5761 dissolvit,
1792 5692 1908 5746 dia-

2010 5037 2190 5092 bolum
2223 5033 2526 5106 prostravit.
2559 5031 2727 5087 Hodie
2769 5030 3014 5085 homines
3049 5043 3174 5084 cum
3214 5028 3420 5098 angelis
3446 5041 3602 5092 com-

2009 5131 2160 5186 mixti
2199 5141 2344 5194 sunt,
2375 5137 2431 5182 ct
2457 5127 2546 5198 qui
2577 5140 2805 5195 corpore
2832 5132 2958 5177 sunt
2984 5121 3173 5186 induti,
3199 5137 3321 5176 cum
3352 5121 3602 5190 incorpo-

2010 5227 2117 5280 reis
2146 5223 2494 5291 potestatibus
2526 5219 2753 5290 hymnos
2781 5215 3110 5287 persolvunt.
3155 5214 3321 5270 Ilodie
3342 5215 3604 5272 evertitur

2010 5315 2204 5372 diaboli
2252 5315 2522 5387 tyrannis;
2576 5313 2732 5366 hodie
2778 5309 2982 5364 vincula
3026 5307 3215 5363 mortis
3256 5309 3428 5363 soluta
3455 5318 3600 5371 sunt.

2013 5410 2203 5466 inferni
2235 5408 2451 5464 victoria
2485 5405 2688 5460 sublata
2710 5414 2820 5466 est;
2851 5401 3008 5456 hodie
3035 5413 3331 5470 opportune
3359 5397 3600 5468 profera-

2013 5513 2100 5558 tur
2126 5500 2430 5572 prophetica
2462 5511 2561 5552 vox
2600 5497 2685 5552 illa
2717 5514 2728 5549 :
2763 5494 2861 5550 Ubi
2885 5504 2977 5558 est,
3007 5510 3162 5554 nwrs,
3187 5492 3420 5547 stimulus
3440 5502 3556 5544 tuus
3578 5491 3606 5543 ἵ

2014 5593 2098 5650 ubi
2121 5637 2136 5660 ,
2178 5594 2411 5664 inferne,
2453 5590 2661 5644 victoria
2705 5599 2790 5641 tua
2834 5585 3003 5654 (θείου
3028 5586 3111 5638 t3.
3148 5584 3247 5646 il;
3283 5585 3330 5637 l.
3361 5581 3478 5636 Cor.
3510 5579 3600 5634 I5.

2014 5687 2160 5761 55)?
2203 5687 2370 5743 Hodie
2411 5690 2592 5755 portas
2625 5691 2794 5734 arreas
2831 5675 3085 5764 confregit
3137 5673 3387 5748 Dominus
3427 5678 3604 5747 poste;
