4064 6218
507 297 609 350 Ήῖῗ

503 413 782 473 Christus,
829 407 1102 477 ipsamque
1147 401 1332 457 mortis
1375 411 1656 474 personam
1695 394 1910 448 delevit.
1952 389 2088 457 Quid

505 505 626 558 dico
651 497 974 572 personam?
1003 497 1171 568 Ipsius
1189 508 1400 565 quoque
1422 505 1612 546 nomen
1637 488 1856 542 mutavit
1882 505 1894 540 :
1920 499 2091 552 neque

507 595 647 649 enim
667 594 800 648 ultra
822 605 966 645 mors
988 597 1226 651 vocatur,
1251 585 1343 642 sed
1370 585 1619 640 dormitio
1643 592 1694 636 et
1720 593 1939 635 somnus
1966 575 2043 648 (ιι)
2074 594 2088 630 :

507 684 768 755 siquidem
811 690 935 737 ante
963 679 1158 736 Christi
1184 666 1471 732 adventum
1497 717 1510 739 ,
1560 674 1838 741 erucisque
1873 684 2089 724 ωοοηο-

505 779 690 842 miam,
736 776 906 846 ipsum
951 787 1161 844 quoque
1205 771 1393 825 mortis
1435 783 1628 824 nomen
1674 764 1913 820 terribile
1955 770 2088 819 erat.

504 868 662 922 Certe
690 866 890 936 primus
914 863 1076 921 homo
1101 862 1277 932 magni
1304 859 1546 930 supplicii
1585 858 1700 912 loco
1729 856 1863 909 hanc
1891 853 2092 908 audivit

505 956 825 1013 sententiam
871 975 884 1011 :
936 955 1261 1024 Quacumque
1300 953 1382 1007 die
1421 952 1730 1016 comederis,
1779 959 1938 1002 morte
1982 963 2092 1000 mo-

504 1051 653 1104 rieris
693 1049 844 1122 (Gen.
878 1049 934 1109 2.
975 1048 1085 1117 17).
1125 1046 1262 1113 Quin
1289 1055 1339 1100 et
1367 1044 1552 1099 beatus
1579 1041 1680 1096 Job
1708 1040 1843 1094 hanc
1881 1040 1970 1093 illo
1996 1054 2091 1092 no-

508 1142 651 1196 mine
695 1139 1020 1210 appellavit:
1056 1137 1197 1192 Mors
1240 1136 1346 1190 viro
1385 1133 1578 1209 requies
1619 1129 1742 1202 (Job
1791 1132 1842 1187 5.
1872 1131 1984 1199 25).
2028 1130 2094 1184 Et

509 1233 765 1305 propheta
806 1229 969 1286 David
1015 1230 1222 1284 dicebat
1267 1247 1279 1282 :
1326 1226 1470 1283 Mors
1517 1234 1833 1294 peccatorum
1880 1223 2094 1294 pessima

511 1323 680 1394 (Psal.
709 1322 934 1390 33.22).
964 1320 1078 1378 Non
1114 1319 1273 1375 modo
1307 1319 1497 1378 anima:
1537 1316 1764 1372 divulsio
1801 1331 1830 1369 a
1868 1329 2093 1384 corpore

511 1427 656 1467 mors
683 1411 998 1475 vocabatur;
1045 1411 1152 1464 imo
1187 1408 1344 1464 etiam
1372 1406 1626 1464 infernus.
1658 1405 1795 1460 Audi
1825 1405 1964 1460 enim
1995 1419 2091 1476 pa-

514 1506 798 1562 triarcham
853 1504 1018 1560 Jacob
1087 1505 1350 1559 dicentem
1405 1519 1419 1554 :
1474 1500 1741 1554 Deducetis
1794 1507 2092 1552 senectutem

511 1614 674 1650 nteant
693 1612 813 1650 cum
839 1595 1012 1650 dolore
1031 1595 1100 1648 ad
1121 1595 1307 1664 inferos
1337 1592 1487 1663 (Gen.
1516 1592 1604 1646 42.
1635 1590 1755 1659 38);
1787 1597 1840 1643 ct
1866 1587 2095 1658 prophe-

514 1699 620 1746 tam
662 1701 875 1757 quoque
904 1704 916 1739 :
944 1684 1184 1757 Infernus
1211 1683 1442 1738 dilatavit
1484 1699 1539 1736 os
1580 1697 1725 1736 suum
1754 1678 1852 1752 (Is.
1882 1679 1935 1735 5.
1967 1679 2091 1749 ll);

511 1779 646 1834 alius
669 1773 793 1834 item
815 1779 1071 1848 propheta
1094 1793 1108 1831 :
1135 1776 1331 1846 Eripiet
1352 1792 1429 1829 me
1452 1776 1514 1829 de
1533 1775 1648 1828 lacu
1667 1771 1891 1841 inferiari
1918 1770 2088 1840 (Psal.

508 1870 600 1927 85.
629 1867 748 1943 l5);
777 1870 830 1924 in
862 1869 1148 1939 multisque
1173 1867 1382 1924 Veteris
1406 1865 1735 1922 Testamenti
1763 1864 1894 1920 locis
1922 1872 2096 1918 trans-

513 1967 643 2020 itum
671 1979 738 2020 ex
766 1963 864 2018 hac
889 1963 1015 2027 vita,
1044 1969 1270 2020 mortem
1315 1969 1368 2016 et
1409 1957 1673 2018 infernum
1696 1956 1873 2012 vocari
1901 1955 2094 2024 depre-

513 2056 732 2111 hendes.
765 2054 1027 2122 Quoniam
1058 2065 1187 2109 vero
1214 2052 1457 2108 Christus
1487 2051 1624 2105 Deus
1645 2057 1826 2104 noster
1847 2049 1898 2102 in
1929 2047 2094 2102 sacri-

518 2149 692 2203 licium
723 2148 936 2203 oblatus
972 2155 1055 2203 est
1085 2155 1141 2202 et
1179 2144 1500 2206 resurrectio
1525 2153 1849 2213 consequuta
1874 2149 1974 2202 est.
2007 2139 2093 2194 illa

516 2240 726 2293 nortiina
757 2239 1017 2309 benignus
1047 2236 1301 2293 Dominus
1329 2235 1566 2300 sustulit,
1598 2247 1900 2303 novumque
1925 2239 1980 2286 et
2005 2245 2096 2285 ex-

514 2341 754 2384 traneum
780 2329 988 2386 vivendi
1017 2330 1313 2384 institutum
1346 2328 1396 2382 in
1429 2325 1681 2380 mumlum
1711 2324 1945 2387 induxit;
1979 2323 2094 2381 cxi-

513 2432 598 2475 tus
619 2437 682 2476 ex
713 2421 810 2475 hac
836 2422 940 2474 vita
961 2421 1068 2490 jam
1094 2435 1199 2473 non
1227 2433 1392 2481 mors,
1415 2417 1508 2472 sed
1536 2416 1785 2471 dormitio
1805 2425 1859 2470 ct
1880 2429 2096 2470 somnus

517 2523 754 2569 \ocatur.
801 2512 1074 2571 Undenam
1108 2511 1206 2566 hoc
1239 2509 1438 2579 liquet?
1468 2509 1602 2563 Audi
1626 2505 1890 2566 Christum
1913 2507 2096 2560 dicen-

516 2617 620 2662 tem
643 2623 656 2660 :
683 2606 903 2661 Lazarus
924 2606 1113 2660 amicus
1138 2613 1302 2659 noster
1319 2603 1522 2665 dormit,
1540 2601 1627 2656 sed
1648 2601 1774 2656 vado
1795 2610 1849 2655 ut
1869 2616 1900 2655 α
1920 2615 2096 2653 somno

513 2700 743 2756 suscitem
785 2716 896 2754 eum
944 2698 1134 2768 (Joun.
1165 2698 1250 2752 ll.
1285 2697 1410 2767 11).
1449 2692 1903 2762 Quemadmodum
1951 2690 2094 2747 enim

515 2791 668 2846 facile
689 2791 842 2846 nobis
859 2799 941 2848 cst
955 2790 1306 2846 dormientem
1329 2785 1731 2858 expergefacerc
1749 2793 1803 2841 ct
1822 2783 2060 2841 excitare
2079 2799 2093 2835 :

517 2883 596 2938 sic
621 2889 668 2936 et
699 2881 967 2937 communi
993 2881 1230 2936 omnium
1260 2879 1484 2933 Domino
1509 2893 1539 2931 a
1565 2875 1792 2932 mortuis
1819 2875 2094 2931 suscitare.

518 2973 650 3037 Quia
674 2988 799 3026 vero
821 2986 1012 3026 novum
1036 2980 1455 3039 extraneumque
1475 2974 1590 3023 erat
1619 2967 1692 3033 id,
1717 2966 1858 3036 quod
1887 2967 1955 3021 ab
1981 2966 2096 3034 ipso

518 3064 718 3117 dictum
743 3062 934 3128 fuerat,
965 3075 1138 3132 neque
1181 3060 1278 3130 ipsi
1324 3058 1566 3128 discipuli
1596 3057 1791 3112 dictum
1819 3056 2095 3112 intellexe-

516 3162 663 3220 runt,
685 3153 856 3206 donec
891 3151 959 3208 ad
997 3151 1205 3208 illorum
1237 3148 1597 3204 inﬁrmitatem
1629 3162 1687 3201 se
1709 3146 2012 3210 demittens,
2046 3145 2095 3200 id

516 3246 712 3300 clarius
744 3243 967 3299 diceret.
1010 3240 1320 3299 Communis
1355 3253 1484 3294 vero
1508 3237 1654 3293 orbis
1690 3237 1876 3292 doctor
1915 3236 2098 3291 beatus

517 3338 714 3394 Paulus
757 3337 824 3392 ad
871 3335 1374 3394 Thessalonicenses
1415 3332 1656 3388 scribens
1699 3330 1814 3385 ait:
1848 3328 1984 3382 Nolo
2014 3344 2098 3382 ros

514 3432 750 3502 ignorare
773 3430 836 3484 de
859 3427 1238 3489 dormientibus,
1271 3435 1326 3478 ut
1361 3441 1462 3478 non
1493 3421 1872 3481 contristemini,
1897 3421 2023 3474 sicut
2049 3430 2096 3473 et

513 3521 679 3576 caeteri
701 3521 787 3590 qui
809 3537 948 3591 spem
971 3535 1071 3572 non
1092 3517 1270 3572 habent
1294 3517 1374 3585 (Ι.
1401 3513 1576 3576 Thess.
1599 3514 1652 3573 4.
1678 3513 1786 3582 12).
1820 3511 1888 3567 Ει
1913 3527 2097 3568 rursus

515 3613 638 3666 alibi
674 3629 686 3663 :
720 3609 859 3682 Ergo
901 3610 989 3679 qui
1032 3608 1344 3664 dormierunt
1386 3608 1439 3661 in
1481 3605 1713 3671 Christo,
1742 3604 1993 3674 perierunt
2019 3603 2110 3690 (1.⁸

519 3703 640 3758 Cor.
667 3703 754 3758 15.
789 3701 899 3775 18).
929 3701 994 3756 Et
1017 3701 1209 3756 iterum
1239 3717 1252 3754 :
1287 3697 1400 3752 Nos
1422 3697 1508 3767 qui
1532 3697 1758 3762 uiuimus,
1788 3696 1874 3766 qui
1909 3693 2097 3755 residui

517 3811 710 3858 smnus,
746 3810 844 3847 non
882 3793 1239 3861 prmettientus
1263 3807 1347 3845 eos
1366 3791 1451 3860 qui
1475 3788 1784 3843 dormierunt
1807 3786 1881 3858 (l.
1911 3785 2095 3846 Thess.

519 3891 572 3946 4.
599 3889 704 3957 14).
741 3886 804 3944 Et
831 3886 956 3941 alibi
983 3901 1190 3940 rursum
1222 3901 1236 3939 ε
1265 3883 1324 3939 Si
1351 3882 1484 3937 enim
1503 3880 1770 3947 credimus,
1794 3877 2097 3948 quod‘Jesus

518 3991 743 4034 mortuus
761 3988 832 4034 est
851 3987 895 4033 et
916 3977 1206 4040 resurrexit,
1230 3976 1300 4029 ita
1328 3983 1374 4029 et
1399 3973 1536 4030 Deus
1553 3990 1639 4028 eos
1659 3972 1742 4044 qui
1764 3971 2094 4034 dormierunt,

518 4071 732 4123 adducet
761 4085 875 4122 cum
902 4065 1091 4139 eo(Ib.
1121 4084 1170 4121 υ.
1201 4067 1309 4135 15).

589 4161 625 4214 Ξ
677 4159 878 4218 Videtis
921 4169 1144 4215 mortem
1186 4158 1382 4229 passim
1412 4157 1585 4212 vocari
1628 4155 1999 4210 dormitionem
2041 4163 2095 4210 et

519 4268 786 4319 somnum,
813 4260 868 4307 et
896 4266 1013 4313 eam
1043 4265 1161 4320 qua:
1189 4259 1341 4305 antea
1372 4249 1624 4305 terribilis
1650 4257 1784 4310 erat.
1814 4261 1953 4302 nunc
1977 4254 2096 4316 post

521 4343 967 4401 resurrectionem
1016 4341 1168 4397 facile
1208 4340 1514 4396 contemni?
1561 4339 1719 4395 Vides
1763 4337 2097 4408 splendidum

521 4437 926 4495 resurrectionis
969 4435 1269 4505 tropaeum?
1318 4435 1421 4490 Per
1461 4434 1595 4488 hanc
1637 4433 1778 4491 enim
1825 4433 2098 4488 innumera

525 4530 676 4585 nobis
704 4529 840 4583 bona
867 4528 1201 4598 obtigerunt;
1242 4543 1336 4597 per
1373 4526 1511 4591 hanc
1552 4525 1851 4582 dmuumum
1893 4523 2097 4578 fallacia

522 4624 692 4684 Saluta
727 4631 837 4684 est;
889 4634 984 4687 per
1027 4617 1164 4675 hanc
1203 4626 1428 4672 mortem
1473 4616 1783 4679 irridemns;
1828 4609 1938 4684 per'
1964 4613 2100 4666 hanc

525 4721 840 4782 praesentem
871 4711 1030 4763 vitam
1057 4707 1462 4770 contemnimus,
1493 4722 1586 4774 per
1619 4705 1754 4763 hanc
1777 4705 1842 4758 ad
1895 4703 2099 4759 futuro-

523 4819 638 4857 rum
658 4799 978 4860 desiderium
999 4799 1318 4863 excitamur;
1349 4812 1442 4865 per
1469 4796 1604 4850 hanc
1621 4796 1744 4854 licet
1766 4810 1988 4864 corpore
2017 4796 2100 4855 in-

521 4894 768 4958 duamur,
796 4891 961 4950 nihilo
992 4888 1241 4944 inferiore
1268 4887 1572 4944 conditione
1599 4900 1802 4953 sumus,
1831 4901 1987 4955 quam
2018 4886 2100 4939 in-

519 4999 798 5056 corporea,
820 4984 865 5038 si
888 4993 1063 5038 tamen
1084 4981 1328 5037 velimus.
1350 4978 1518 5036 llodie
1539 4979 1846 5048 praeclarum
1869 4977 2103 5032 victoria:

525 5074 847 5144 triumphum
885 5073 1090 5144 agimus
1121 5090 1134 5125 :
1165 5071 1322 5126 hodie
1364 5071 1618 5126 Dominus
1664 5079 1863 5135 noster,
1901 5079 2103 5138 tropum

522 5178 708 5221 contra
735 5175 958 5221 mortem
985 5173 1198 5233 erecto,
1231 5163 1613 5236 tyrannideque
1637 5161 1832 5221 diaboli
1863 5161 2059 5216 calcata
2083 5198 2101 5226 ,

526 5273 622 5325 per
657 5257 1098 5312 resurrectionem
1129 5256 1268 5310 viam
1303 5255 1455 5310 nobis
1492 5254 1558 5308 ad
1597 5255 1820 5310 salutem
1861 5252 2100 5308 munivit.

526 5351 724 5404 Omnes
768 5348 991 5418 proinde
1033 5347 1392 5418 gaudeamus,
1421 5346 1746 5401 exsullemus
1764 5351 1819 5398 et
1845 5345 2102 5405 laetemur.

527 5442 656 5497 Nam
677 5441 778 5496 etsi
802 5439 1054 5498 Dominus
1077 5439 1189 5509 ipse
1209 5439 1280 5493 sit
1299 5439 1386 5508 qui
1409 5438 1533 5493 vicit
1556 5445 1611 5492 et
1637 5446 1890 5504 trepteum
1911 5434 2103 5494 erexit,

527 5533 824 5590 communis
845 5541 1020 5586 tamen
1048 5532 1248 5598 laetitia,
1269 5545 1553 5590 commune
1573 5526 1818 5599 gaudium
1841 5537 1942 5582 est.
1976 5524 2106 5582 Nam

471 5651 476 5660 ί
531 5634 746 5701 propter
783 5632 1018 5680 nostram
1067 5624 1289 5678 salutem
1333 5622 1511 5678 ouinia
1555 5621 1678 5676 fecit
1712 5638 1722 5670 :
1757 5629 1811 5673 et
1858 5634 1952 5687 per
1991 5633 2110 5687 qua:

579 5721 652 5784 (α)
675 5719 785 5775 llaec
799 5715 969 5769 iisdem
991 5728 1121 5775 pene
1143 5715 1305 5763 Verbis
1326 5714 1480 5762 habes
1501 5725 1646 5773 supra
1668 5719 1796 5762 'rom.
1817 5709 1866 5768 2,
1885 5709 1978 5759 col.
1995 5709 2104 5758 395.

1280 287 1337 342 S.
1379 283 1654 342 JOANNIS
1689 272 2166 337 CIIRYSOSTOMI
2213 274 2528 332 ARCHIEP.
2572 275 3106 333 CONSTANTINOP.

3665 277 3780 334 .768

2199 386 2439 441 diabolus
2467 404 2563 444 nos
2593 390 2914 458 exmignavit
2933 431 2948 454 ,
2988 405 3081 459 per
3109 406 3172 444 ea
3198 389 3308 459 ipsa
3337 389 3585 444 Christus
3614 391 3784 458 ipsum

2197 481 2484 546 Sllpcr‘JVll.
2517 479 2590 534 Ea
2623 482 2730 550 ipsa
2759 496 2905 536 arma
2928 483 3147 551 accepit.
3175 497 3238 536 ac
3268 498 3364 552 per
3388 483 3579 538 eadem
3613 484 3783 554 ipsum

2198 570 2480 638 prostravit
2507 589 2520 625 :
2543 572 2810 641 quomodo
2837 582 3051 638 autem,
3093 574 3236 628 audi.
3275 574 3465 644 Virgo,
3501 574 3706 644 lignum
3732 586 3785 632 et

2200 673 2342 712 mors
2369 669 2565 714 nostra:
2586 660 2756 716 cladis
2784 660 3025 734 symbola
3053 673 3222 716 erant.
3257 662 3466 717 Etenim
3492 664 3645 733 virgo
3672 674 3785 720 crat

2200 751 2304 806 Eva
2348 771 2361 805 :
2396 754 2628 808 nondum
2671 755 2812 809 enim
2852 754 3022 809 virum
3065 765 3298 819 noverat,
3327 755 3541 824 quando
3561 755 3784 811 seducta

2197 853 2310 906 est;
2349 844 2546 914 lignum
2573 855 2690 900 erat
2725 845 2919 904 arbor:
2965 860 3110 900 mors
3137 846 3452 916 supplicium
3479 845 3548 900 de
3578 847 3786 902 Adamo

2197 947 2483 1005 sumptum.
2514 935 2696 990 Viden‘
2724 936 2992 1006 quomodo
3013 937 3181 1007 virgo,
3206 936 3402 1007 lignum
3424 946 3476 991 et
3503 954 3654 992 mors
3679 941 3784 992 cla-

2198 1026 2279 1081 dis
2310 1027 2460 1082 nobis
2487 1028 2726 1098 symbola
2753 1027 2978 1084 fuerint?
3010 1028 3128 1086 Jam
3157 1029 3274 1084 vide
3294 1028 3564 1098 quomodo
3592 1030 3784 1087 eadem

2200 1117 2310 1185 ipsa
2347 1118 2500 1172 nobis
2526 1119 2759 1174 victorize
2785 1134 2944 1177 causa
2975 1121 3100 1174 sint.
3147 1121 3250 1175 Pro
3294 1123 3400 1174 Eva
3445 1121 3644 1187 Maria;
3690 1139 3786 1192 pro

2201 1208 2341 1278 ligno
2367 1209 2601 1264 scientiae
2625 1209 2750 1266 boni
2779 1221 2832 1265 et
2859 1210 3002 1277 mali,
3026 1211 3223 1280 lignum
3253 1213 3460 1276 crucis;
3491 1227 3589 1280 pro
3611 1226 3785 1267 morte

2199 1299 2406 1364 Adami,
2442 1314 2585 1354 mors
2626 1300 2850 1354 Domini.
2891 1300 3076 1356 Viden’
3107 1316 3229 1356 eum
3275 1302 3462 1361 iisdem
3505 1306 3670 1357 armis
3705 1305 3785 1359 rio

2199 1391 2357 1454 cisse,
2391 1401 2444 1445 et
2473 1391 2657 1445 iisdem
2685 1391 3015 1468 proﬂigatum
3046 1392 3199 1447 esse?
3246 1393 3348 1448 Per
3375 1395 3561 1462 lignum
3587 1395 3783 1450 diabo-

2200 1480 2281 1533 lus
2304 1481 2500 1535 vicerat
2524 1481 2804 1546 Adamum,
2835 1497 2930 1550 per
2968 1497 3183 1537 crucem
3221 1481 3459 1536 Christus
3499 1484 3782 1540 diabolum

2201 1569 2499 1628 debellavit.
2530 1571 2595 1625 Et
2623 1571 2747 1630 illud
2775 1571 2986 1641 quidem
3003 1571 3068 1630 ad
3089 1571 3352 1633 infernum
3378 1574 3639 1635 mittebat;
3668 1575 3781 1631 hoc

2201 1673 2377 1718 autem
2401 1664 2572 1718 crucis
2603 1665 2799 1734 lignum
2829 1664 3105 1724 defunctos
3124 1681 3190 1722 ex
3223 1665 3430 1721 inferno
3458 1667 3776 1722 reducebat:

2203 1757 2330 1812 illud
2369 1758 2517 1828 quasi
2552 1759 2817 1828 captivum
2853 1767 2909 1814 et
2946 1757 3146 1815 nudum
3189 1774 3310 1817 eum
3349 1761 3439 1833 qui
3485 1768 3783 1829 prostratus

2201 1849 2371 1906 fuerat
2390 1850 2704 1920 obtegebat;
2747 1850 2848 1905 hoc
2875 1860 3052 1906 autem
3082 1852 3338 1907 victorem
3366 1843 3564 1907 nudum
3591 1855 3642 1908 in
3672 1856 3782 1907 alto

2202 1939 2430 1995 deﬁxum
2471 1941 2715 1996 omnibus
2749 1941 3084 1997 ostendebat.
3131 1943 3200 1998 Et
3240 1958 3385 1998 mors
3429 1944 3517 2000 illa
3561 1946 3780 2016 quidem

2203 2030 2346 2101 prior
2369 2047 2556 2088 omnes
2584 2033 2634 2087 in
2662 2033 3055 2089 damnationem
3083 2033 3354 2100 trahebat;
3381 2034 3498 2090 hec
3526 2052 3657 2091 vero
3685 2053 3782 2106 po-

2201 2123 2394 2177 sterior
2431 2123 2590 2178 etiam
2635 2138 2749 2190 θος,
2793 2125 2881 2194 qui
2923 2133 3046 2179 ante
3089 2140 3147 2180 se
3186 2125 3425 2190 fuerant,
3471 2129 3782 2182 suscitabat.

2206 2214 2331 2288 Quis
2375 2217 2601 2284 loquetur
2635 2219 2880 2287 potentias
2919 2216 3144 2282 Domini,
3173 2218 3376 2272 auditas
3417 2218 3569 2289 faciet
3611 2236 3782 2278 omnes

2202 2308 2375 2364 laudes
2410 2309 2517 2382 ejus
2553 2307 2723 2381 (Psal.
2754 2309 2873 2363 l05.
2901 2309 3000 2377 9.)?
3042 2308 3144 2364 Per
3181 2321 3410 2367 mortem
3455 2309 3781 2366 immortales

2203 2401 2321 2453 laeti
2349 2415 2551 2470 sumus,
2579 2415 2676 2472 per
2701 2400 2904 2477 lapsum
2946 2403 3301 2467 surreximus,
3339 2416 3434 2472 per
3463 2401 3671 2457 cladem
3700 2404 3779 2455 vi-

2202 2502 2374 2550 ctores
2406 2493 2624 2555 fuitnus.

2271 2584 2325 2640 5.
2374 2584 2499 2639 llaec
2527 2586 2699 2642 crucis
2729 2586 2977 2656 prteclara
3006 2601 3189 2656 opera,
3230 2586 3345 2644 haec
3373 2589 3664 2642 maximum
3697 2603 3781 2643 re-

2202 2677 2546 2733 surrectionis
2597 2687 2988 2749 argumentum,
3032 2678 3201 2736 llodie
3237 2680 3404 2749 angeli
3443 2681 3642 2734 choros
3681 2661 3778 2734 dui-

2199 2778 2348 2832 cunt,
2369 2781 2553 2824 einues
2579 2769 2821 2825 caelestes
2851 2771 3072 2826 virtutes
3097 2769 3695 2840 exsultant,gandentes
3715 2772 3788 2826 de

2201 2859 2468 2914 communi
2506 2859 2676 2915 salute
2714 2859 2984 2921 hominum
3023 2861 3253 2930 generis.
3295 2859 3422 2921 Nam
3461 2861 3508 2914 si
3549 2861 3618 2916 de
3667 2877 3789 2917 uno

2206 2958 2479 3018 peccati“
2507 2950 2869 3020 penitentiam
2895 2962 3084 3026 agente
3103 2951 3354 3022 gaudium
3378 2952 3534 3007 estin
3563 2951 3702 3006 caelo
3729 2962 3785 3016 et

2203 3039 2255 3094 in
2289 3048 2424 3097 terra
2457 3040 2608 3110 (Luc.
2637 3043 2722 3098 l5.
2754 3043 2828 3113 7),
2860 3044 3028 3102 multo
3052 3043 3218 3114 magis
3255 3041 3322 3098 de
3363 3041 3533 3100 salute
3573 3043 3778 3106 mundi,

2206 3133 2373 3192 llodie
2400 3133 2683 3194 humanam
2710 3145 2970 3200 naturam,
2999 3151 3029 3189 a
3055 3134 3248 3190 diaboli
3276 3134 3555 3215 tyrannide
3583 3135 3778 3198 libera-

2205 3235 2332 3291 tam,
2357 3226 2422 3280 ad
2452 3227 2679 3295 priorem
2701 3225 3026 3283 nobilitatem
3049 3226 3279 3289 reduxit.
3305 3227 3438 3282 Cum
3459 3226 3604 3288 enim
3625 3225 3781 3281 video

2202 3315 2460 3384 primitias
2487 3332 2634 3377 meas
2669 3317 2737 3372 de
2777 3326 2946 3373 morte
2976 3316 3252 3378 victoriam
3279 3318 3543 3380 retulisse,
3569 3333 3682 3373 non
3713 3319 3782 3372 ti.

2205 3423 2356 3475 meo,
2390 3424 2493 3464 non
2532 3407 2726 3464 horreo
2757 3408 2986 3474 bellum;
3020 3424 3193 3479 neque
3218 3410 3572 3464 inﬁrmitatem
3599 3423 3781 3475 meam

2203 3497 2504 3565 considero,
2533 3500 2625 3554 sed
2658 3500 2968 3557 immensam
2997 3500 3245 3554 virtutem
3277 3515 3372 3570 pro
3401 3515 3484 3554 me
3513 3511 3783 3569 pugilatu.

2205 3601 2318 3644 ram
2343 3589 2591 3659 respicio.
2618 3591 2749 3645 Nam
2767 3592 2859 3662 qui
2887 3591 3073 3646 mortis
3098 3592 3430 3668 tyrannidem
3458 3591 3673 3658 devicit,
3706 3602 3787 3646 to-

2206 3693 2419 3751 tamque
2446 3681 2588 3738 illius
2614 3683 2718 3736 vim
2746 3683 2980 3746 sustulit.
3006 3683 3133 3753 quid
3160 3683 3216 3740 in
3245 3694 3517 3752 posterum
3561 3699 3670 3738 non
3711 3687 3786 3737 la-

2205 3787 2385 3830 cturus
2410 3784 2492 3829 est
2516 3791 2610 3846 pro
2633 3791 2827 3846 genere
2850 3790 2968 3842 suo,
2995 3776 3144 3848 cujus
3171 3775 3390 3838 formam
3417 3775 3488 3830 ob
3510 3777 3786 3847 ingentem

2205 3867 2539 3930 clementiam
2578 3883 2728 3924 suam
2769 3868 3014 3939 accipere
3051 3870 3294 3937 dignatus
3320 3877 3428 3933 est,
3457 3878 3511 3922 et
3538 3883 3635 3938 per
3663 3883 3783 3927 eam

2205 3970 2386 4020 contra
2415 3957 2682 4019 diabolum
2705 3961 2762 4014 in
2790 3974 3006 4015 arenam
3035 3958 3342 4014 descendit?
3387 3958 3554 4013 llodic
3591 3958 3787 4027 ubique

2207 4060 2466 4112 terrarum
2493 4049 2742 4120 gaudium
2772 4059 2827 4106 et
2862 4050 3042 4105 laetitia
3069 4059 3151 4105 est
3176 4048 3467 4118 spiritualis
3485 4051 3583 4119 (a).
3615 4048 3787 4103 llodie

2205 4155 2260 4201 et
2277 4145 2582 4215 angelorum
2607 4152 2793 4208 cretus,
2825 4152 2878 4211 et
2896 4144 3132 4208 omnium
3158 4157 3500 4215 supernarum
3528 4143 3785 4202 virtutum

2207 4237 2402 4290 chorus
2443 4246 2658 4311 propter
2700 4234 2972 4298 hominum
3016 4235 3241 4298 salutem
3267 4234 3549 4294 exsultant.
3598 4233 3788 4300 Cogita

2209 4329 2385 4400 igitur,
2432 4329 2655 4397 dilecte,
2697 4327 2872 4396 gaudii
2911 4325 3358 4400 magnitudinem,
3399 4321 3645 4396 quoniam
3694 4336 3788 4376 su.

2209 4438 2387 4492 perna:
2435 4437 2644 4493 quoque
2693 4429 2979 4491 potestates
3027 4419 3220 4474 festum
3263 4418 3532 4472 nobiscum
3577 4428 3784 4486 agunt:

2207 4513 2543 4584 congaudent
2564 4513 2759 4591 quippe
2777 4511 2979 4570 nostris
2997 4510 3174 4569 bonis.
3204 4508 3422 4563 Etiamsi
3448 4507 3592 4564 enim
3621 4513 3785 4576 gratis

2210 4606 2299 4659 illa
2326 4605 2549 4659 Domini
2598 4619 2695 4659 nos
2743 4604 2957 4675 proprie
3000 4602 3267 4676 respiciat,
3299 4601 3351 4659 in
3376 4609 3579 4670 partem
3610 4608 3785 4656 tamen

2210 4698 2383 4768 gaudii
2426 4696 2500 4750 illi
2537 4696 2776 4755 veniunt.
2819 4693 3174 4772 Quamobrem
3205 4707 3310 4746 non
3342 4691 3669 4748 erubescunt
3698 4705 3794 4745 no:-

2214 4794 2416 4848 biscum
2443 4790 2635 4847 festum
2657 4788 2947 4845 celebrare.
2980 4785 3049 4842 Et
3070 4783 3195 4857 quid
3215 4783 3356 4850 dico,
3379 4797 3673 4838 conservos
3699 4797 3790 4835 no-

2211 4896 2350 4940 stros
2379 4899 2487 4950 non
2517 4881 2832 4938 erubescere
2859 4879 3130 4935 nobiscum
3157 4875 3348 4935 festum
3377 4875 3693 4947 celebrare?
3718 4873 3794 4929 Ne

2213 4976 2468 5037 Dominus
2491 4973 2702 5044 quidem
2731 4979 2912 5027 noster
2934 4978 2989 5025 et
3014 4983 3200 5025 eorum
3231 4965 3457 5036 idipsum
3481 4980 3644 5036 agere
3671 4979 3794 5020 eru-

2214 5067 2399 5121 beseit.
2442 5065 2576 5133 Quid
2602 5064 2752 5132 dico,
2784 5079 2887 5117 non
2916 5059 3212 5118 erubescit?
3254 5057 3425 5120 Etiam
3467 5057 3796 5127 concupiscit

2215 5157 2490 5217 nobiscum
2515 5158 2704 5213 festum
2731 5155 3019 5212 celebrare.
3053 5150 3326 5214 Undcnam
3351 5149 3402 5202 id
3428 5149 3634 5218 liquet?
3661 5145 3795 5206 Audi

2216 5249 2385 5319 ipsum
2412 5247 2677 5303 dicentem
2703 5265 2715 5300 :
2741 5244 3004 5306 Desiderio
3026 5242 3303 5302 desideravi
3321 5241 3413 5293 hoc
3436 5240 3628 5308 pascha
3655 5255 3796 5292 mane

2215 5341 2402 5395 ducare
2425 5339 2675 5394 vobiscum
2703 5337 2852 5410 (Luc.
2881 5337 2974 5391 22.
3004 5335 3092 5406 i5)
3126 5353 3139 5390 :
3169 5337 3213 5390 si
3247 5332 3440 5402 pascha
3466 5331 3798 5385 manducare

2216 5431 2570 5499 desideravit,
2625 5431 2807 5500 utique
2837 5439 2891 5484 et
2933 5427 3126 5483 festum
3180 5425 3455 5479 nobiscum
3501 5423 3797 5477 celebrare.

2215 5527 2348 5582 Cum
2373 5536 2500 5596 ergo
2522 5524 2702 5580 videas
2729 5539 2833 5579 non
2871 5521 3088 5591 angelos
3120 5525 3323 5574 tantum
3347 5524 3402 5571 ct
3429 5516 3668 5570 omnium
3696 5529 3802 5568 ca:-

2277 5638 2351 5699 (a)
2386 5645 2497 5691 Ilaec
2518 5637 2661 5701 longa
2683 5638 2814 5689 serie
2836 5635 3078 5688 habentur
3098 5643 3243 5698 supra
3264 5637 3411 5689 Tom
3433 5629 3482 5692 2,
3506 5626 3602 5686 00L
3629 5627 3726 5681 156
3749 5634 3803 5688 ω

2219 5702 2556 5767 sequentibus.
