4064 6218
260 295 368 363 ’167

268 429 451 493 πύλας
500 413 882 482 συνέθλασενδ
933 418 1217 498 Δεσπότης
1258 427 1415 498 ήμῶν
1469 426 1722 500 Χριστὸς,
1753 429 1848 482 καὶ

267 514 404 571 αὐτὸ
426 510 520 567 τοῦ
553 510 788 566 Θανάτου
815 504 878 563 τὸ
905 510 1199 581 πρόσωπον
1235 508 1497 580 ἠφάνισε.
1520 508 1585 563 Τί
1623 508 1689 563 δέ-
1707 508 1850 579 λέγω

266 598 331 652 τδ
364 595 687 668 πρόσωπον;
735 591 909 648 Αὐτοῦ
938 592 1038 664 τὴν
1091 592 1463 665 προσηγορίαν
1518 592 1846 663 μετέϐαλεν·

268 683 369 738 οὐκ
402 680 483 734 ἐτι
534 678 644 750 γάρ
687 677 916 741 Θάνατος
968 676 1221 745 λέγεται,
1266 676 1405 731 ἀλλὰ
1441 677 1697 747 κοίμησις
1754 674 1849 731 καὶ

268 763 439 828 ὕπνος
458 781 472 794 ·
508 761 614 833 πρὸ
644 762 743 833 μέν
763 759 871 833 γάρ
897 760 995 831 τῆς
1024 757 1262 830 Χριστοῦ
1284 759 1607 831 παρουσίας,
1634 759 1727 813 καὶ
1752 760 1851 830 τῆς

267 846 363 902 τοῦ
386 836 623 917 σταυροῦ
650 842 981 914 οἰκονομίας,
1007 842 1101 897 καὶ
1130 842 1264 897 αὐτὸ
1276 842 1373 897 τοῦ
1399 841 1631 897 θανάτου
1659 840 1723 895 τὸ
1737 841 1851 896 δνο-

270 947 355 1001 μα
379 927 612 1001 φοϐερὸν
642 925 930 997 ἐτύγχανε.
971 926 1083 983 Kal
1111 923 1223 998 γάρ
1259 925 1289 977 6
1319 924 1533 996 πρῶτος
1563 923 1851 989 ἄνθρωπος

265 1013 558 1084 γενόμενος
591 1010 713 1064 ἀντὶ
766 1008 1003 1081 μεγάλου
1040 1010 1321 1079 ἐπιτιμίου
1364 1008 1526 1063 τοῦτο
1561 1006 1850 1062 κατεδικά-

266 1097 393 1161 ζετο
414 1092 649 1148 ἀκούων·
682 1085 765 1164 τῌ
793 1091 848 1145 δ’
876 1089 956 1146 ἂν
974 1090 1166 1161 ἡμέρᾳ
1199 1090 1395 1162 spurii,
1441 1089 1675 1158 θανάτῳ
1697 1091 1847 1146 ἀπο-

266 1176 444 1247 θανῇ.
474 1176 586 1230 Kal
608 1177 639 1229 6
660 1174 929 1246 μακάριος
955 1173 1014 1227 δέ
1056 1172 1178 1228 Ἰὼϐ
1210 1172 1386 1246 τούτῳ
1408 1173 1487 1245 τῷ
1511 1173 1735 1245 ὀνόματι
1752 1173 1850 1227 αύ-

269 1263 362 1317 τὸν
390 1259 824 1332 προσηγόρευσε.
852 1258 1054 1328 λέγων’
1085 1258 1354 1326 Θάνατος
1380 1257 1556 1327 ἀνδρί
1579 1255 1849 1312 ἀνάπαυ-

267 1362 389 1412 σις.
425 1343 538 1399 Kal
564 1344 594 1396 6
620 1344 905 1415 προφήτης
932 1340 1097 1395 Δαυῖδ
1132 1341 1285 1411 ἐλεγε
1310 1358 1324 1372 ·
1368 1340 1633 1408 Θάνατος
1660 1343 1845 1410 ἀμορ-

265 1424 475 1482 τωλῶν
522 1425 808 1493 πονηρός.
855 1424 932 1477 Οὐ
992 1424 1153 1494 μόνον
1185 1424 1242 1478 δὲ
1280 1423 1509 1487 θάνατος
1537 1424 1784 1479 ἐκαλεῖτο
1813 1425 1845 1495 ή

264 1508 507 1571 διάλυσις
535 1506 638 1577 τῆς
658 1507 837 1578 ψυχῆς
860 1505 969 1559 άπὸ
989 1504 1083 1559 τοῦ
1113 1505 1383 1577 σώματος,
1409 1505 1546 1560 ἀλλὰ
1574 1506 1667 1559 καὶ
1691 1506 1843 1577 ᾅδης.

270 1595 470 1647 ’Δκουε
501 1590 614 1663 γάρ
657 1589 752 1645 τοῦ
787 1590 888 1661 μὲν
939 1590 1280 1662 πατριάρχου
1331 1589 1528 1644 Ἰακὼϐ
1559 1590 1810 1659 λέγοντος
1829 1608 1843 1622 ο

264 1674 571 1742 Κατάξετε
618 1673 684 1728 τὸ
712 1671 903 1744 γῆράς
930 1690 1052 1743 μου
1097 1673 1252 1743 μετὰ
1297 1674 1501 1743 λύπης
1541 1676 1633 1741 εἰς
1658 1673 1808 1741 ᾅδου
1830 1691 1842 1705 ·

264 1759 361 1815 τοῦ
399 1758 457 1813 δέ
483 1758 764 1830 προφήτου
797 1756 960 1811 πάλιν
978 1772 993 1787 ·
1024 1757 1282 1826 Ἕχανεν
1309 1759 1343 1811 ό
1373 1754 1529 1825 ᾅδης
1561 1756 1627 1811 τὸ
1653 1758 1849 1825 στόμα

260 1842 488 1899 αὐτοῦς·
520 1841 615 1896 καὶ
638 1840 806 1895 πάλιν
833 1838 1023 1910 ἐτέρου
1051 1840 1336 1911 προφήτου
1381 1837 1633 1908 λέγοντος
1655 1856 1670 1870 ·
1718 1839 1847 1897 Ῥύ-

262 1927 441 1984 σεταί
457 1942 535 1996 με
554 1926 625 1990 ἐξ
654 1923 805 1992 ᾅδου
837 1922 1180 1977 κατωτὰτου
1199 1940 1214 1955 ο
1246 1923 1342 1977 καὶ
1386 1922 1655 1994 ⁸πολλαχοῦ
1681 1923 1845 1995 εὑρήσ-

258 2026 380 2074 σεις
404 2011 498 2065 ἐπὶ
514 2009 613 2079 τῆς
643 2007 887 2070 Παλαιᾶς
918 2006 1147 2061 θάνατον
1198 2006 1294 2061 καὶ
1338 1996 1473 2077 ᾅδην
1502 2005 1846 2077 καλουμένην

258 2094 363 2166 τήν
389 2091 641 2148 ἐντεῦθεν
672 2090 1025 2162 μετάστασιν.
1054 2088 1282 2163 Ἐπειδὴ
1305 2089 1365 2145 δὲ
1397 2090 1630 2162 Χριστὸς
1656 2090 1687 2145 6
1714 2088 1846 2153 Θεὸς

263 2177 424 2251 ήμῶν
465 2175 626 2230 θυσία
663 2171 1010 2246 προσηνέχθη
1037 2210 1054 2238 ,
1103 2171 1200 2231 καὶ
1247 2172 1317 2235 τά
1347 2172 1448 2244 τῆς
1493 2171 1845 2237 ἀναστάσεως

260 2258 655 2334 προεχώρησε,
702 2257 938 2329 περιῆρε
987 2255 1044 2311 δέ
1089 2255 1188 2321 τὰς
1216 2256 1592 2329 προσηγορίας
1616 2255 1786 2320 αὑτάς
1815 2258 1845 2311 6

261 2344 649 2416 φιλάνθρωπος
680 2340 981 2416 Δεσπότης,
1012 2340 1107 2395 καὶ
1138 2339 1331 2412 καινὴν
1366 2341 1461 2394 καὶ
1489 2337 1651 2411 ξένην
1692 2338 1846 2395 πολι-

260 2414 414 2485 τείαν
436 2414 518 2493 εἰς
548 2426 641 2480 τὸν
675 2414 791 2496 βίον
819 2424 1079 2495 εἰσήγαγε
1120 2422 1215 2477 τὸν
1244 2422 1543 2495 ήμέτερον·
1582 2422 1704 2476 άντί
1733 2421 1844 2493 γάρ

260 2511 496 2569 θανάτου
516 2509 703 2563 λοιπον
718 2508 975 2579 κοίμησις
998 2506 1093 2560 καὶ
1114 2504 1280 2570 ὕπνος
1303 2504 1519 2575 λέγεται
1541 2506 1574 2576 ή
1594 2503 1843 2559 ἐντεῦθεν

256 2596 620 2668 μετάστασις.
650 2593 761 2646 Kal
796 2590 959 2646 πόθεν
985 2587 1146 2643 τοῦτο
1197 2588 1395 2658 δῆλον;
1430 2586 1629 2643 Ἄκουε
1676 2586 1846 2643 αὐτοῦ

259 2672 360 2735 τοῦ
398 2674 638 2748 Χριστοῦ
667 2674 917 2744 λέγοντος
937 2690 952 2704 ⁶
980 2671 1241 2741 Λάζαρος
1269 2674 1305 2726 ό
1342 2671 1524 2741 φίλος
1550 2668 1722 2742 ἡμῶν
1746 2688 1845 2726 κε.

260 2762 539 2837 κοίμηται
568 2800 584 2824 ,
649 2757 814 2813 ἀλλὰ
873 2757 1198 2826 πορεύομαι
1249 2755 1576 2820 ἐξυπνισαι
1633 2756 1840 2816 αὐτόν.

261 2844 477 2915 Ὠσπερ
503 2844 612 2915 γάρ
648 2844 782 2914 ἡμῖν
809 2839 1030 2897 εὔκολον
1065 2838 1160 2893 τὸν
1192 2837 1523 2894 καθεύδοντα
1568 2837 1841 2893 διυπνίσαι

258 2929 360 2984 καὶ
390 2927 680 2998 διεγεῖραι,
711 2923 858 2978 οὕτω
884 2924 980 2977 καὶ
1000 2921 1094 2993 .τῷ
1125 2920 1292 2992 κοινῷ
1318 2921 1535 2979 πάντων
1563 2919 1719 2991 ήμῶν
1744 2922 1842 2974 As-

263 3013 442 3085 σπότη
468 3010 530 3065 τὸ
549 3011 874 3081 ἀναστῆσαι.
902 3007 1015 3061 Καὶ
1034 3004 1224 3077 ἐπειδὴ
1250 3004 1435 3059 καινὸν
1470 2998 1540 3075 ἦν
1578 3005 1673 3058 καὶ
1693 3003 1844 3072 ξένον

258 3097 327 3152 τὸ
353 3095 486 3167 παρ’
506 3093 675 3149 αὐτοῦ
695 3091 1013 3165 εἰρημένον,
1037 3088 1160 3144 οὐδὲ
1186 3091 1236 3143 οἱ
1260 3087 1502 3160 μαθηταὶ
1523 3087 1763 3159 συνῆκαν
1783 3088 1844 3145 τὸ

257 3176 474 3250 λεχθὲν,
505 3177 700 3249 μέχρις
729 3177 853 3230 ὅτου
882 3171 1336 3242 συγκαταϐαίνων
1376 3169 1557 3226 αὐτῶν
1579 3173 1647 3243 τῇ
1680 3171 1845 3225 ἀσθε-

261 3263 403 3333 νείᾳ,
437 3258 816 3333 φανερώτερον
845 3256 977 3312 αὐτὸ
1017 3255 1231 3328 εἴρηκε.
1269 3253 1383 3309 Kal
1418 3255 1447 3309 6
1472 3254 1571 3326 τῆς
1592 3254 1845 3325 οἰκουμέ..

258 3361 359 3415 νης
385 3343 445 3397 δὲ
467 3341 789 3405 διδάσκαλος
818 3343 849 3395 6
880 3338 1151 3412 μακάριος
1180 3336 1417 3404 Παῦλος,
1440 3338 1669 3407 γράφων
1709 3336 1843 3391 Θεσ-

261 3425 604 3482 σαλονικεῦσί
621 3441 787 3496 φησιν
802 3440 819 3456 ·
848 3424 931 3478 Οὐ
949 3422 1103 3477 θέλω
1124 3419 1281 3491 ὑμᾶς
1304 3419 1549 3490 ἀγνοεῖν
1568 3421 1700 3489 περὶ
1727 3418 1844 3474 τῶν

260 3507 728 3576 κεκοιμημένων,
756 3507 957 3576 ἵναμὴ
982 3501 1294 3572 λυπῆσθε,
1316 3504 1397 3570 ὡς
1422 3504 1523 3557 καί
1555 3506 1609 3559 οἰ
1640 3502 1843 3557 λοιποί

259 3596 319 3651 οι
360 3593 449 3664 μὴ
494 3594 742 3662 ἔχοντες
765 3588 1006 3645 ἐλπίδα.
1038 3589 1149 3642 Kal
1177 3587 1342 3642 πάλιν
1384 3586 1618 3658 ἀλλαχοῦ
1637 3605 1651 3618 ι
1695 3588 1844 3655 Ἀρα

258 3679 319 3734 οι
339 3671 725 3747 κοιμηθέντες
755 3674 828 3728 ἐν
855 3669 1088 3742 Χριστῷ
1105 3711 1122 3738 ,
1148 3670 1480 3727 ἀπώλοντο.
1506 3672 1618 3725 Kal
1649 3671 1809 3726 πάλιν
1826 3688 1838 3700 ·

274 3751 467 3832 Ἡμεῖς
494 3762 551 3813 οἰ
574 3756 808 3823 ζῶντες,
836 3757 893 3809 οἰ
938 3754 1439 3823 περιλειπόμενοι,
1469 3755 1544 3810 οὐ
1578 3753 1667 3824 μὴ
1697 3753 1844 3823 φθὰν

258 3859 467 3915 σωμεν
495 3841 637 3909 τοὺς
670 3837 1084 3910 κοιμηθέντας.
1116 3837 1227 3892 Καὶ
1257 3836 1483 3909 ἑτέρωθι
1517 3837 1679 3892 πάλιν
1701 3856 1714 3868 ο
1775 3836 1842 3891 Εἰ

259 3928 372 3999 γὰρ
387 3926 770 3994 πιστεύομεν,
789 3921 882 3976 ὅτι
908 3919 1149 3988 Ἰησοῦς
1166 3920 1451 3986 ἀπέθανε,
1468 3920 1567 3974 καί
1593 3919 1841 3987 ἀνέστη,

256 4011 415 4066 οὕτω
430 4010 533 4065 καί
560 4012 593 4063 ό
611 4007 753 4075 Θεὸς
776 4005 921 4072 τοὺς
947 4000 1341 4072 κοιμηθέντας
1355 4002 1484 4068 ἄξει
1512 4002 1634 4058 σὺν
1660 4001 1839 4068 αὐτῷ.

320 4160 383 4234 β’.
406 4160 560 4226 Εἶδες
583 4158 859 4232 πανταχοῦ
875 4157 1060 4213 λοιπὸν
1076 4157 1331 4228 κοίμησιν
1346 4156 1441 4208 καὶ
1463 4153 1630 4208 ῦπνον
1647 4156 1739 4209 τὸν
1756 4155 1845 4210 θά-

259 4256 420 4301 νατον
448 4243 614 4300 καλού
622 4260 816 4315 μενονς
837 4243 931 4297 καὶ
952 4241 1044 4295 τὸν
1066 4238 1172 4311 πρὸ
1186 4237 1376 4292 τούτου
1400 4237 1627 4309 φοϐερὸν
1649 4237 1843 4309 ἔχοντα

257 4326 322 4385 τὸ
354 4330 670 4403 πρόσωπον,
703 4327 797 4381 νῦν
818 4324 1297 4396 εὐκαταφρόνητον
1324 4319 1465 4392 μετὰ
1483 4320 1583 4392 τὴν
1606 4322 1841 4376 ἀνάστα-

261 4429 349 4468 σιν
398 4412 715 4495 γινόμενονς
769 4405 923 4495 Πίδες
948 4406 1228 4495 λαμπρὸν
1252 4405 1353 4495 τῆς
1398 4404 1741 4495 άναστάσεως
1780 4403 1841 4495 τὸ

257 4488 553 4570 τρόπαιονς
582 4495 681 4549 Διὰ
710 4492 916 4563 ταύτην
935 4493 1067 4563 ήμῖν
1098 4489 1169 4544 τά
1212 4488 1383 4562 μυρία
1415 4488 1598 4557 ἀγαθά
1626 4491 1840 4561 εἰσενή-

255 4596 479 4635 νεκται·
514 4576 667 4651 [752]
723 4575 811 4630 διὰ
840 4573 1047 4646 ταύτην
1078 4574 1113 4645 ή
1175 4573 1285 4626 τῶν
1335 4570 1606 4642 δαιμόνων
1654 4572 1837 4645 ἀπάτη

256 4662 564 4731 κατελύθηο
619 4659 708 4715 διὰ
757 4656 964 4730 ταύτην
1013 4653 1406 4725 καταγελῶμεν
1455 4653 1686 4708 θανάτου
1707 4672 1719 4686 ·
1751 4655 1839 4709 διά

255 4746 463 4817 ταύτην
487 4744 843 4817 ὐπερορῶμεν
870 4741 971 4811 τῆς
1001 4739 1283 4812 παρούσης
1308 4737 1454 4810 ζωῆς
1471 4754 1485 4768 -
1516 4738 1607 4792 διά
1636 4738 1838 4811 ταύτην

254 4830 396 4902 ’πρὸς
411 4828 509 4901 τὴν
530 4828 643 4881 τῶν
682 4824 984 4897 μελλόντων
1011 4820 1308 4892 ἐπιθυμίαν
1333 4820 1669 4892 ἐπειγόμεθα
1695 4838 1709 4853 ·
1748 4821 1839 4877 διὰ

253 4911 461 4982 ταύτην
482 4950 498 4977 ,
534 4910 695 4981 σῶμα
716 4907 1111 4979 περικείμενοι,
1140 4903 1292 4959 οὐδὲν
1318 4904 1539 4958 ἔλαττον
1560 4905 1669 4959 τῶν
1696 4905 1838 4959 ἀσω-

259 4981 446 5067 μάτων
498 4992 737 5065 έχομεν,
770 4992 866 5045 ἐὰν
905 4987 1245 5062 βουλώμεθα.
1299 4988 1546 5060 Σήμερον
1576 4981 1733 5060 ήμῶν
1768 4988 1838 5043 τὰ

254 5076 486 5150 λαμπρά
512 5077 807 5149 νικητήρια
840 5074 1063 5145 γέγονε·
1098 5074 1337 5144 σήμερον
1369 5071 1531 5143 ήμῶν
1555 5073 1584 5125 6
1629 5072 1836 5125 Δεσπό-

252 5178 355 5233 της
379 5161 444 5215 τὺ
474 5160 617 5216 κατὰ
656 5159 755 5215 τοῦ
780 5158 1013 5213 θανάτου
1057 5157 1319 5229 τρόπαιον
1350 5158 1572 5228 στήσας,
1601 5154 1694 5208 καὶ
1742 5154 1837 5209 τοῦ

253 5244 501 5300 διαϐόλου
526 5245 625 5317 τὴν
649 5243 941 5317 τυραννίδα
962 5240 1296 5307 καταλύσας,
1326 5241 1426 5312 τήν
1445 5240 1536 5294 διά
1571 5240 1671 5312 τῆς
1700 5240 1835 5294 ἁνα-

253 5329 498 5394 στάσεως
521 5330 640 5385 ὁδὸν
662 5331 743 5395 εἰς
777 5327 1052 5400 σωτηρίαν
1082 5326 1396 5398 ἐχαρίσατο.
1421 5327 1631 5391 Πάντες
1657 5326 1836 5380 τοίνυν

254 5415 569 5489 χαίρωμεν,
618 5411 953 5485 σκιρτῶμεν,
995 5409 1383 5479 άγαλλώμεθα.
1435 5410 1500 5462 Εἰ
1530 5408 1640 5479 γὰρ
1689 5409 1835 5463 καὶὸ

252 5494 535 5567 Δεσπότης
580 5495 739 5568 ήμῶν
773 5495 994 5566 ἐνίκησε
1027 5494 1123 5548 καὶ
1175 5493 1239 5547 τὸ
1268 5493 1530 5565 τρόπαιον
1584 5491 1832 5563 ἔστησεν,

249 5577 390 5633 ἀλλὰ
423 5578 580 5651 κοινὴ
615 5580 711 5633 καὶ
741 5579 899 5651 ήμῶν
928 5580 961 5651 ή
992 5576 1304 5650 εὐφροσύνη
1334 5574 1431 5631 καὶ
1474 5577 1508 5646 ή
1533 5574 1697 5647 χαρά.
1738 5575 1835 5628 me;

250 5663 363 5736 γάρ
391 5662 492 5736 τὴν
524 5662 802 5735 ήμετέραν
831 5662 1108 5733 σωτηρίαν
1150 5659 1328 5714 πάντα
1373 5658 1695 5732 εἰργάσατο·
1739 5656 1834 5710 καὶ

252 5747 317 5803 δι’
349 5739 426 5804 ὗν
460 5747 609 5817 ἡμᾶς
661 5745 1063 5805 κατεπάλαισεν
1109 5746 1138 5800 ό
1190 5742 1458 5810 διάϐολος,
1498 5740 1589 5795 διά
1624 5740 1831 5797 τούτων
1861 5824 1865 5827 Δ

1366 299 1603 367 ἰίὒὶίἰι.
1640 308 1712 367 IN
1752 306 2084 368 SANCTUM
2123 307 2428 367 PASCHA.

3417 304 3526 367 763

1954 425 2121 482 αὐτοῦ
2146 425 2491 495 περιεγένετο
2527 423 2557 478 ό
2584 423 2836 495 Χριστός.
2877 424 3025 479 Αὺτὰ
3061 423 3131 479 τά
3173 425 3314 479 ὅπλα
3346 424 3528 490 ἔλαϐε,

1952 511 2048 564 καὶ
2078 508 2291 571 τούτοις
2323 507 2487 565 αὑτὸν
2522 508 2963 579 κατηγωνίσατω
3006 508 3101 562 καὶ
3149 508 3290 573 πῶς,
3340 507 3529 564 ἄκουε.

1954 592 2228 665 Παρθένος
2253 593 2347 646 καὶ
2379 590 2534 656 ξύλον
2564 591 2659 644 καὶ
2690 591 2919 655 θάνατος
2943 591 3040 661 τῆς
3062 592 3336 663 ἡμετέρας
3361 594 3531 664 ἥττης

1950 679 2142 747 γέγονε
2169 676 2239 731 τά
2263 674 2530 746 σύμϐολα.
2588 674 2698 728 Kal
2746 673 2857 745 γάρ
2903 675 3171 747 παρθένος
3200 671 3269 747 ἦν
3317 679 3351 747 ή
3385 677 3526 731 Εῦα’

1948 761 2161 815 οὐδέπω
2186 759 2296 831 γάρ
2328 759 2497 832 ἄνδρα
2522 758 2841 825 ἐγίνωσκεν,
2888 760 2979 811 ὅτε
3014 758 3114 830 τὴν
3157 760 3380 830 ἀγάπην
3430 762 3531 814 ὑπ-

1952 845 2162 916 έμεινε’
2196 844 2351 910 ξύλον
2372 840 2441 916 ἦν
2465 843 2527 898 τὸ
2553 842 2788 916 δένδρον’
2822 843 3053 907 θάνατος
3077 844 3141 896 τὺ
3169 845 3446 915 ἐπιτίμιον
3470 847 3531 899 τὸ

1951 926 2095 981 κατὰ
2118 927 2214 982 τοῦ
2247 927 2436 997 Ἀδάμ.
2473 922 2624 989 Εἶδες
2651 926 2768 989 πῶς
2817 927 3087 997 παρθένος
3120 928 3214 980 καὶ
3247 925 3403 993 ξύλον
3436 931 3533 983 καὶ

1952 1008 2182 1074 θάνατος
2205 1010 2433 1081 γέγονεν
2453 1012 2586 1081 ἡμῖν
2616 1010 2718 1080 τῆς
2738 1010 2910 1082 ἥττης
2957 1009 3029 1063 τά
3072 1009 3356 1080 σύμϐολας
3389 1012 3531 1083 Ὅρα

1948 1092 2130 1147 τοίνυν
2155 1093 2274 1157 πῶς
2306 1093 2403 1149 καὶ
2434 1092 2535 1162 τῆς
2559 1092 2716 1163 νίκης
2741 1087 2882 1147 αὐτὰ
2915 1092 3076 1148 πάλιν
3100 1093 3291 1162 γέγονε
3326 1097 3530 1166 παραί-

1949 1193 2063 1233 τια.
2107 1177 2252 1232 Ἀντί
2292 1177 2388 1247 τῆς
2424 1175 2631 1246 Εὔαςή
2667 1174 2857 1246 Μαρία
2879 1190 2892 1207 ·
2928 1175 3049 1230 ἀντὶ
3081 1177 3174 1231 τοῦ
3219 1173 3380 1242 ξύλου
3434 1177 3529 1232 τοῦ

1951 1259 2151 1315 εἰδέναι
2204 1260 2446 1327 γνωστὸν
2495 1258 2661 1315 καλοῦ
2715 1260 2806 1313 καὶ
2838 1258 3103 1329 πονηροῦ,
3152 1259 3214 1314 τὸ
3255 1259 3408 1325 ξύλον
3437 1261 3531 1314 τοῦ

1952 1341 2188 1413 σταυροῦ
2208 1357 2223 1371 ’
2253 1343 2375 1396 ἀντὶ
2406 1341 2502 1395 τοῦ
2531 1340 2763 1396 θανάτου
2786 1341 2881 1395 τοῦ
2926 1341 3117 1413 Ἀδάμ,
3145 1345 3174 1396 6
3205 1344 3533 1409 Δεσποτικὸς

1951 1424 2198 1489 θάνατος.
2238 1422 2390 1489 Εἶδες
2408 1424 2478 1479 δι’
2517 1421 2592 1481 ὧν
2625 1422 2866 1496 ἐνίκησε,
2896 1424 2986 1480 διὰ
3011 1425 3216 1481 τούτων
3244 1427 3408 1481 αὑτὸν
3436 1429 3532 1498 ήτη

1948 1507 2223 1577 τώμενονς
2274 1508 2411 1580 Περὶ
2442 1500 2502 1561 τὸ
2531 1507 2746 1578 δένδρον
2801 1508 3214 1577 κατηγωνίσατο
3231 1510 3324 1563 τὸν
3361 1511 3533 1581 ’Δδάμ

1948 1595 1977 1648 ϐ
2002 1592 2246 1657 διάϐολος
2264 1609 2278 1623 ⁸
2301 1593 2433 1663 ’περί⁵
2456 1593 2549 1648 τὸν
2580 1593 2812 1664 σταυρὸν
2842 1593 3212 1649 κατεπάλαισε
3230 1595 3325 1651 τὸν
3353 1597 3532 1651 διάϐοο

1948 1676 2039 1730 λον
2068 1679 2098 1732 6
2130 1675 2381 1747 Χριστός.
2406 1673 2641 1731 Κάκεῖνο
2664 1676 2764 1746 μὲν
2791 1676 2853 1730 τὸ
2890 1673 3044 1742 ξύλον
3071 1679 3152 1741 εἰς
3191 1678 3326 1751 ᾅδην
3362 1680 3534 1750 ἐπεμε-

1950 1774 2039 1824 πε,
2068 1758 2229 1814 τοῦτο
2247 1758 2304 1813 δὲ
2336 1759 2397 1812 τὸ
2420 1758 2597 1824 ξύλον,
2620 1758 2683 1812 τὸ
2707 1758 2801 1813 τοῦ
2829 1760 3091 1831 σταυροῦ,
3109 1764 3207 1816 καὶ
3223 1763 3533 1827 τοὺςςάπελσ

1946 1842 2141 1907 θόντας
2166 1845 2235 1898 ἐκ
2264 1841 2360 1897 τοῦ
2389 1842 2515 1913 ᾅδου
2555 1842 2719 1896 πάλιν
2765 1842 3108 1896 ἀνεκαλεῖτο·
3161 1846 3384 1900 κάκεῖνο
3431 1846 3535 1916 μὲν

1948 1926 2200 1998 καθάπερ
2233 1925 2582 1998 αἰχμάλωτον
2606 1925 2698 1980 καὶ
2724 1922 2934 1997 γυμνὸν
2969 1926 3212 1998 ἔκρυπτε
3237 1928 3329 1982 τὸν
3361 1931 3531 2002 ήττη-

1944 2007 2130 2091 θέντα,
2175 2007 2334 2067 τοῦτο
2362 2007 2421 2061 δὲ
2451 2008 2544 2065 τὸν
2576 2008 2802 2080 νικητήν
2846 2010 3053 2080 γυμνὸν
3105 2012 3530 2091 προσηλωμένον

1950 2092 2033 2160 ἐφ’
2064 2090 2269 2162 ὑψηλοῦ
2316 2094 2486 2147 πᾶσιν
2533 2092 2771 2148 ἐδείκνυ.
2810 2094 2924 2148 Kal
2975 2093 3204 2161 θάνατος
3235 2097 3265 2149 6
3305 2097 3406 2168 μὲν
3434 2099 3529 2154 καί

1943 2176 2074 2241 τοὺς
2106 2177 2224 2253 μετ’
2250 2176 2413 2235 αὑτὸν
2436 2177 2761 2250 κατέκρινεν
2777 2195 2790 2209 ο
2821 2179 2849 2231 6
2870 2176 2927 2232 δὲ
2958 2180 3200 2244 καὶτοὺς
3229 2180 3336 2253 πρὸ
3363 2183 3529 2237 αὑτοῦ

1946 2251 2243 2332 άνέστηόεν
2281 2259 2520 2332 ἀληθῶς.
2563 2260 2660 2325 Τίς
2706 2260 2971 2327 λαλήσει
3021 2262 3127 2329 τὰς
3163 2251 3531 2335 δυναστείας

1944 2342 2055 2401 τοῦ
2076 2340 2322 2416 Κυρίου,
2339 2344 2655 2410 ,άκουστὰς
2701 2343 2943 2412 ποιήσει
2985 2345 3190 2412 πάσας
3237 2348 3348 2414 τὰς
3370 2350 3530 2403 αἰνέ-

1940 2442 2079 2494 acu:
2101 2428 2288 2486 αὐτοῦ
2301 2446 2321 2494 ;
2369 2429 2502 2485 ’Δπὺ
2524 2428 2761 2483 θανάτου
2782 2428 3089 2500 γεγόναμεν
3112 2431 3395 2497 ἀθάνατοι,
3421 2434 3533 2489 άπδ

1944 2502 2206 2577 πτώσεως
2233 2513 2561 2585 άνέστημεν,
2588 2512 2703 2567 ,ἀπὸ
2724 2514 3038 2585 ήττήματυς
3069 2515 3415 2588 κατέστημεν
3451 2535 3532 2572 νι-

1943 2595 2131 2666 κηταί.

2017 2745 2087 2818 γ’.
2111 2748 2297 2803 Ταῦτα
2318 2747 2411 2803 τοῦ
2440 2746 2674 2819 σταυροῦ
2694 2747 2770 2800 ,τά
2787 2746 3207 2817 κατορθώματα,
3232 2749 3404 2807 ταῦτα
3429 2751 3530 2818 τῆς

1944 2831 2293 2899 ἀναστάσεως
2352 2830 2583 2902 μεγίστη
2653 2829 2949 2895 ἀπόδειξις.
3007 2830 3256 2900 Σήμερον
3306 2832 3529 2901 ἄγγελοι

1946 2913 2232 2984 σκιρτῶσι,
2269 2913 2364 2967 καὶ
2398 2913 2570 2966 πᾶσαι
2601 2912 2661 2969 αἰ
2690 2913 2939 2983 οὐράνιαι
2976 2911 3242 2984 δυνάμεις
3267 2915 3530 2983 ἀγάλλον-

1944 3015 2054 3063 ται,
2080 2997 2438 3069 συνηδόμεναι
2465 2998 2559 3051 ἐπὶ
2588 2999 2655 3068 τῇ
2685 2996 2936 3069 σωτηρίᾳ.
2970 2995 3072 3051 τοῦ
3123 2998 3305 3052 κοινοῦ
3341 3000 3531 3067 γένους

1944 3081 2051 3139 τῶν
2076 3080 2399 3155 ἀνθρώπων.
2418 3083 2482 3137 Εἰ
2501 3079 2608 3154 γὰρ
2635 3082 2729 3136 ἐπὶ
2744 3080 2826 3138 ἐνὶ
2843 3080 3157 3154 ἁμαρτωλῷ
3178 3085 3531 3153 μετανοοῦντι

1946 3164 2091 3237 χαρὰ
2114 3166 2325 3235 γίνεται
2353 3168 2413 3220 ἐν
2443 3164 2662 3237 οὐρανῷ
2683 3164 2780 3220 καὶ
2807 3165 2902 3219 ἐπὶ
2934 3165 3059 3237 γῆς,
3095 3166 3278 3240 πολλῷ
3329 3170 3533 3240 μᾶλλον

1944 3250 2039 3303 ἐπὶ
2058 3252 2126 3322 τῇ
2150 3248 2396 3321 σωτηρίᾳ.
2417 3248 2519 3319 τῆς
2541 3248 2887 3320 οἰκουμένης.
2922 3249 3172 3321 Σήμερον
3196 3252 3296 3321 τήν
3316 3253 3531 3326 avom.

1945 3334 2107 3389 πείαν
2136 3333 2318 3403 φύσιν,
2346 3333 2447 3404 τῆς
2474 3331 2571 3387 τοῦ
2590 3333 2841 3388 διαϐόλου
2874 3334 3191 3404 τυραννίδος
3225 3335 3529 3409 ἐλευθερώ-

1947 3434 2067 3483 σας,
2094 3417 2230 3487 πρὸς
2242 3417 2341 3487 τήν
2357 3416 2632 3488 προτέραν
2658 3416 2943 3485 εὐγένειαν
2972 3418 3343 3491 ἐπανήγαγεν.
3363 3422 3531 3479 ὀταν

1944 3499 2055 3571 γάρ
2087 3499 2181 3554 ῖόω
2204 3499 2304 3570 τὴν
2353 3499 2609 3571 ἀπαρχὴν
2633 3499 2732 3571 τήν
2762 3501 2903 3572 ἐμήν
2957 3499 3101 3557 οὕτω
3141 3502 3239 3558 τοῦ
3296 3504 3531 3563 θανάτου

1946 3581 2453 3654 περιγεγενημένην
2476 3622 2492 3647 ,
2526 3584 2629 3637 οὐκ
2682 3583 2764 3637 ἔτι
2812 3583 3049 3650 δέδοικα,
3081 3585 3183 3641 οὐκ
3205 3586 3286 3641 ἔτι
3319 3589 3530 3660 φρίττω

1943 3666 2036 3720 τὸν
2068 3664 2304 3735 πόλεμον
2324 3683 2337 3697 ’
2361 3664 2484 3720 οὐδὲ
2505 3665 2643 3737 πρὸς
2671 3664 2770 3738 τὴν
2792 3665 3080 3722 ἀσθένειαν
3097 3669 3210 3742 όρῶ
3232 3670 3331 3743 τὴν
3356 3672 3527 3742 ἐμαυο

1944 3748 2063 3815 τοῦ,
2097 3747 2216 3803 ἀλλ’
2252 3747 2419 3802 ἐννοῶ
2450 3747 2545 3802 τοῦ
2601 3748 2888 3820 μέλλοντός
2925 3767 3017 3821 μοι
3080 3756 3391 3823 συμμαχεῖν
3425 3755 3530 3826 τὴν

1944 3831 2151 3902 ἄφατον
2174 3831 2423 3903 δύναμιν.
2465 3830 2527 3886 Ὀ
2558 3833 2667 3903 γάρ
2699 3834 2799 3903 τῆς
2831 3832 2926 3886 τοῦ
2954 3834 3187 3890 θανάτου
3211 3837 3525 3908 τυραννίδος

1946 3914 2385 3989 περιγενόμενος,
2424 3916 2519 3968 xal
2548 3917 2730 3969 πᾶσαν
2745 3914 2914 3969 αὐτοῦ
2943 3915 3042 3986 τὴν
3076 3918 3230 3986 ἰσχὺν
3258 3919 3525 3992 άφελόμε·

1945 4015 2055 4064 νος,
2081 3997 2136 4050 τί
2163 3996 2347 4050 λοιπον
2393 3998 2495 4051 οὐκ
2527 3998 2823 4070 ἐργάσεται
2862 3999 2991 4070 περὶ
3014 4000 3077 4053 τὸ
3118 4003 3398 4072 ὀμογενές.
3428 4006 3526 4060 καὶ

1944 4074 2006 4135 οὗ
2032 4080 2131 4152 τήν
2164 4080 2380 4152 μορφὴν
2409 4080 2701 4135 ἀναλαϐεῖν
2730 4082 2822 4137 διά
2853 4081 3053 4155 πολλήν
3110 4083 3527 4158 φιλανθρωπίαν

1945 4163 2096 4239 [755]
2126 4159 2458 4236 κατηξίωσε,
2484 4165 2579 4219 καὶ
2597 4165 2685 4220 διὰ
2714 4165 2919 4237 ταύτης
2935 4167 3037 4238 τὴν
3068 4164 3204 4240 πρὸς
3227 4169 3318 4225 τὸν
3344 4171 3527 4228 διάϐο⁴Ι

1943 4249 2033 4303 λον
2060 4248 2239 4320 πάλην
2269 4248 2639 4320 ποιήσασθαι;
2670 4246 2920 4323 Σήμερον
2950 4250 3096 4323 χαρά
3127 4254 3402 4325 πανταχοῦ
3426 4256 3525 4327 τῆς

1943 4333 2267 4406 οἰκουμένης
2293 4331 2389 4387 καὶ
2411 4333 2719 4407 εὐφροσύνη
2747 4336 3114 4406 πνευματική.
3150 4335 3399 4409 Σήμερον
3430 4339 3525 4394 καὶ

1942 4418 2051 4474 τῶν
2078 4417 2329 4487 ἀγγέλων
2349 4419 2379 4471 6
2408 4416 2580 4488 δῆμος
2612 4419 2708 4472 καὶ
2731 4419 2924 4472 πασῶν
2952 4417 3063 4472 τῶν
3098 4417 3214 4474 άνω
3237 4420 3525 4491 δυνάμεων

1945 4504 1975 4556 6
2000 4494 2159 4574 χορδς
2188 4500 2277 4555 διὰ
2294 4500 2393 4572 τήν
2413 4501 2523 4555 τῶν
2548 4499 2854 4573 ἀνθρώπων
2875 4499 3151 4573 σωτηρίαν
3174 4501 3518 4571 ἀγάλλονται.

1957 4580 2240 4654 Ἐννόησον
2276 4584 2477 4650 τοίνυν,
2503 4582 2778 4655 άγαπητέ,
2803 4586 2978 4654 χαράς
3018 4582 3268 4654 μέγεθος,
3311 4586 3394 4638 ὅτι
3429 4588 3519 4640 καὶ

1939 4668 1997 4723 αἰ
2028 4668 2141 4721 άνω
2178 4666 2438 4739 δυνάμεις
2488 4669 2623 4739 ήμῖν
2664 4664 3119 4739 συνεορτάζουσι·
3165 4669 3521 4741 συγχαίρουσι

1940 4751 2050 4823 γάρ
2080 4752 2194 4815 τοῖς
2218 4750 2507 4824 ήμετέροις
2527 4750 2774 4820 ἀγαθοῖς.
2803 4751 2916 4805 Kal
2947 4752 3057 4823 γάρ
3083 4751 3134 4805 εἰ
3164 4758 3256 4806 καὶ
3282 4754 3528 4825 ἡμετέρα

1940 4836 1976 4905 ή
2002 4834 2165 4906 χάρις
2186 4835 2220 4905 ή
2251 4834 2403 4907 παρὰ
2425 4834 2521 4888 τοῦ
2542 4835 2852 4895 (Δεσπότου.
2901 4834 3040 4889 ἀλλὰ
3067 4835 3164 4890 καὶ
3212 4835 3438 4890 ἐκείνων
3484 4843 3528 4909 ή-

1940 4916 2125 4989 ήδονή.
2174 4916 2273 4971 Διὰ
2318 4918 2478 4972 τοῦτο
2507 4918 2607 4972 οὑκ
2630 4917 3049 4990 ἐπαισχύνονται
3077 4920 3210 4991 ἡμῖν
3233 4922 3527 4992 συνεορτάο

1943 5016 2055 5054 σαι.
2079 4998 2190 5054 Kal
2216 4999 2269 5054 τί
2297 5000 2460 5070 λέγω,
2483 5001 2641 5055 ὃτιοί
2668 5000 2941 5057 σύνδουλοι
2968 5004 3100 5073 ήμῖν
3127 5003 3228 5056 οὐκ
3258 5003 3524 5074 ἐπαισχύ-

1938 5101 2121 5138 νονται
2164 5085 2555 5154 συνεορτάσαι;
2588 5086 2761 5150 Αὐτὸς
2781 5087 3106 5157 ὁΔεσπότης
3134 5087 3317 5141 αὐτῶν
3340 5105 3401 5143 τε
3430 5090 3523 5144 καὶ

1938 5166 2096 5238 ήμῶν
2110 5167 2211 5220 οὐκ
2231 5167 2619 5239 ἐπαισχύνεται
2640 5170 2771 5241 ήμίν
2793 5170 3165 5240 συνεορτάσαι.
3190 5168 3327 5224 Τίδέ
3343 5166 3516 5236 εἶπον,

1936 5250 2039 5304 οὐκ
2065 5249 2455 5321 ἐπαισχύνεται
2479 5266 2495 5317 ;
2523 5252 2635 5305 Kal
2663 5251 2924 5322 ἐπιθυμεῖ
2963 5254 3320 5323 συνεορτάσαι
3364 5255 3515 5325 ἡμῖν.

1940 5331 2111 5387 Πόθεν
2137 5331 2297 5386 τοῦτο
2322 5333 2514 5403 δῆλον;
2539 5335 2740 5389 Ἀκουε
2766 5334 2933 5388 αὐτοῦ
2959 5334 3210 5403 λέγοντος
3229 5351 3243 5367 ο
3288 5336 3521 5393 Ἐπιθυ-

1932 5415 2037 5486 μίᾳ
2057 5416 2410 5487 ἐπεθύμησα
2423 5416 2601 5472 τοῦτο
2624 5420 2688 5473 τὸ
2709 5417 2928 5488 Πάσχα
2941 5418 3157 5488 φαγεῖν
3176 5419 3305 5488 μεθ’
3328 5420 3516 5489 ὑμῶν*

1937 5501 1986 5552 εἰ
2016 5500 2073 5553 δέ
2104 5499 2166 5553 τὸ
2193 5498 2385 5572 Πάσχα
2422 5501 2739 5573 ἐπεθύμησε
2781 5505 2997 5572 φαγεῖν,
3033 5502 3127 5555 καί⁵
3165 5503 3519 5572 συνεορτάσαι

1934 5582 2195 5654 δηλονότι.
2220 5584 2391 5637 Ὅταν
2421 5579 2516 5639 οῦν
2546 5584 2661 5659 ἴδῃς
2685 5585 2763 5657 μή
2792 5586 2953 5657 μόνον
2972 5583 3238 5653 ἀγγέλους
3260 5586 3355 5639 καὶ
3381 5584 3519 5643 πάν-

1936 5681 2051 5718 των
2082 5663 2192 5718 τῶν
2224 5666 2491 5737 οὐρανίων
2542 5667 2827 5739 δυνάμεων
2878 5668 2969 5723 τὸν
2998 5668 3192 5739 δῆμον,
3250 5666 3388 5720 ἀλλὰ
3421 5666 3519 5731 καὶ

1936 5746 2099 5805 αὐτὸν
2121 5748 2209 5804 τὸν
2230 5750 2504 5823 Δεσπότην
2523 5751 2628 5806 τῶν
2648 5752 2895 5823 ἀγγέλων
2917 5753 3048 5826 ήμῖν
3069 5745 3515 5820 συνεορτάζοντα,
