4064 6218
526 280 629 355 τσο

520 411 575 466 τί
604 427 688 464 σοι
709 408 952 461 λείπεται
980 406 1164 460 λοιπὸν
1195 408 1276 470 είς
1305 405 1644 479 εὐφροσύνης
1668 405 1859 474 λόγον;
1895 405 2099 475 Μηδεὶς

521 493 700 548 τοίνυν
727 492 868 545 ἔστω
895 489 1144 560 κατηφὴς
1178 491 1417 561 σήμερον
1447 490 1536 544 διά
1565 492 1665 560 τήν
1686 487 1874 543 πενίαν
1895 505 1910 520 °
1939 490 2100 561 ἐορτὴ

522 577 632 648 γάρ
668 577 786 627 ἐστι
819 572 1184 642 πνευματική.

591 657 798 727 Μηδεὶς
831 654 1087 718 πλούσιος
1117 653 1431 726 ἐπαιρέσθω
1453 654 1541 708 616
1562 653 1656 708 :611
1680 652 1940 707 πλοῦτον·
1981 652 2102 706 οὐδέ

479 741 632 812 ’769
661 739 772 794 ἀπὸ
791 739 898 792 τῶν
925 739 1224 810 χρημάτων
1254 741 1586 808 εἰσενεγκεῖν
1629 740 1710 802 είς
1758 737 1859 810 τὴν
1910 736 2102 808 ἑορτὴν

519 823 727 895 ταύτην
761 822 1009 877 δύναται.
1060 823 1184 875 Ἐπὶ
1217 823 1317 893 μὲν
1352 823 1462 894 γὰρ
1487 823 1596 876 τῶν
1645 821 1844 886 ἔξωθεν
1876 819 2100 892 ἑορτῶν,

519 908 630 963 τῶν
661 907 932 978 βιωτικῶν
959 907 1124 975 λέγω,
1150 906 1282 960 ἔνθα
1310 907 1480 978 πολλὴ
1507 908 1541 978 ἡ
1572 906 1842 976 φαντασία
1879 905 1974 959 καὶ
2003 905 2103 973 τῆς

519 992 720 1058 ἔξωθεν
773 991 1091 1062 περιϐολῆς,
1128 990 1222 1044 1:61
1251 992 1350 1062 τῆς
1379 993 1437 1043 ἐν
1464 994 1531 1062 τῇ
1583 988 1829 1064 τραπέζῃ
1878 990 2102 1043 πολυτε-

519 1076 690 1140 λείας,
725 1076 953 1139 είκότως
984 1076 1148 1128 ἐκεῖό
1188 1073 1288 1145 μὲν
1318 1075 1488 1146 πένης
1519 1077 1578 1128 ἐν
1611 1074 1822 1146 ἀθυμία
1849 1073 1944 1126 καὶ
1969 1089 2101 1126 κατι

519 1162 692 1232 ηφείᾳ
721 1161 899 1222 ἐσται,
923 1162 951 1213 6
983 1160 1041 1213 66
1067 1159 1321 1222 πλούσιος
1354 1160 1412 1212 ἐν
1439 1159 1598 1229 ἡδονῇ
1629 1155 1725 1212 1:61
1757 1157 2097 1227 φαιδρότητι.

519 1244 585 1298 Τί
607 1245 806 1316 δήποτε
831 1244 993 1308 ;."0:1
1023 1242 1051 1294 6
1077 1243 1174 1312 μὶν
1196 1241 1454 1312 λαμπρὰν
1473 1241 1677 1312 ἐσθῆτα
1695 1239 2100 1311 περιϐάλλεται,

519 1331 612 1383 καὶ
639 1327 1051 1398 πλουσιωτέραν
1084 1324 1444 1396 παρατίθεται
1488 1325 1589 1397 τήν
1641 1324 1955 1396 τράπεζανο
1985 1324 2014 1374 ὀ
2045 1324 2102 1376 δὲ

519 1414 690 1480 πένης
737 1413 844 1466 61:6
877 1412 975 1482 τῆς
1009 1404 1203 1473 πενίας
1239 1409 1510 1464 κωλύεται
1546 1408 1646 1479 τὴν
1695 1409 1866 1479 αὐτὴν
1903 1408 2103 1477 φιλοτι-

523 1497 652 1566 μίαν
677 1493 1072 1558 ἐπιδείξασθαι.
1111 1492 1376 1546 Ἐνταῦθα
1397 1491 1454 1544 δέ
1485 1491 1637 1545 οὐδὲν
1673 1491 1934 1554 τοιοῦτον,
1969 1491 2103 1544 ἀλλὰ

521 1582 672 1634 πᾶσα
700 1577 840 1648 αῦτη
868 1581 901 1648 ἡ
929 1576 1216 1648 ἀνωμαλία
1240 1573 1507 1638 ἐκποδὼν,
1536 1575 1708 1646 μίαδέ
1728 1573 1980 1646 τράπεζα
2010 1576 2104 1628 1:61

521 1662 766 1732 πλουσίῳ
798 1661 893 1714 καὶ
923 1659 1135 1730 πένητι,
1180 1659 1275 1712 καὶ
1329 1657 1500 1728 δούλῳ
1544 1657 1638 1710 1:61
1671 1657 1958 1728 ἐλευθέρῳ.
1984 1657 2103 1710 K611

518 1744 776 1806 πλούσιος
797 1739 889 1815 ᾗς,
922 1741 1077 1795 οὐδὲν
1111 1739 1426 1803 πλεονάζεις
1458 1739 1554 1792 τοῦ
1581 1739 1813 1811 πένητος
1831 1756 1846 1770 ο
1876 1740 1978 1794 κᾶν
2004 1741 2104 1794 πέ-

519 1846 616 1899 νης
646 1823 734 1898 ᾗς,
758 1826 913 1879 οὐδὲν
945 1824 1166 1877 ἔλαττον
1215 1823 1358 1890 ἕξεις
1387 1822 1483 1876 τοῦ
1528 1822 1810 1885 πλουσίου,
1846 1823 1967 1876 οὐδὲ
2015 1823 2104 1876 διά

516 1912 616 1982 τὴν
648 1910 836 1964 πνίαν
861 1908 1182 1962 ἐλαττοῦταί
1211 1901 1306 1960 σου
1335 1907 1404 1961 :6
1439 1910 1534 1979 τῆς
1555 1907 1789 1978 εὐωχίας
1807 1907 1910 1978 τῆς
1943 1923 2106 1961 πνευ-

521 1993 762 2063 ματικῆς
785 2009 800 2021 ο
831 1991 955 2046 θεία
985 1991 1095 2062 γάρ
1117 1993 1264 2045 ἐστιν
1287 1993 1321 2062 ἡ
1343 1991 1523 2061 χάρις,
1553 1992 1648 2046 καὶ
1671 1991 1771 2044 οὐκ
1792 1988 1898 2045 εἶδε
1932 2009 2103 2060 προσ-

517 2075 688 2130 ώπων
720 2075 1004 2146 διαφοράν.
1040 2075 1152 2128 K61
1179 2075 1232 2127 τί
1263 2073 1428 2142 λέγω,
1453 2073 1695 2144 πλουσίῳ
1716 2074 1810 2126 καὶ
1851 2074 2042 2145 πένητι
2069 2076 2104 2144 ἡ

517 2161 656 2232 αὐτὴ
684 2161 932 2232 τράπεζα
960 2159 1281 2231 πρόκειται;
1329 2159 1439 2212 K61
1468 2158 1618 2230 αὐτῷ
1643 2158 1721 2229 τῷ
1763 2160 1824 2212 :6
1866 2159 2104 2230 διάδημα

518 2243 910 2315 περικειμένῳ,
941 2242 1036 2296 1:61
1055 2243 1155 2313 τὴν
1177 2241 1471 2312 ἁλουργίδα
1496 2241 1696 2311 ἔχοντι,
1725 2242 1803 2313 τῷ
1829 2243 1927 2314 τήν
1948 2242 2104 2309 ἐξουσ-

519 2327 644 2380 σίαν
669 2327 768 2396 τῆς
800 2326 1126 2396 οἰκουμένης
1153 2325 1506 2396 ἀνῃρημένῳ,
1557 2326 1654 2380 1:61
1679 2325 1756 2396 τῷ
1801 2325 2003 2396 πτωχῷ
2024 2325 2102 2397 τῷ

520 2410 658 2479 πρὸς
685 2409 788 2479 τὴν
810 2407 1182 2478 ἐλεημοσύνην
1221 2407 1540 2478 καθημένῳ,
1569 2409 1667 2479 μία
1688 2408 1937 2480 τράπεζα
1967 2409 2105 2480 πρό-

521 2509 719 2546 κειται.
757 2489 996 2544 Τοιαῦτα
1053 2489 1165 2560 γάρ
1210 2488 1280 2542 :6
1311 2489 1460 2560 δῶρα
1510 2492 1579 2544 τά
1628 2492 2006 2562 πνευματικά·
2040 2491 2103 2544 οὐ

517 2579 632 2640 τοῖς
652 2575 928 2647 ἀξιώμασι
953 2575 1154 2646 διαιρεῖ
1174 2574 1273 2646 τήν
1299 2573 1606 2638 κοινωνίαν,
1639 2574 1784 2635 ἀλλάΔ
1805 2578 1873 2646 τῇ
1908 2591 2102 2647 προαι-

523 2659 669 2732 ρέσει
694 2660 790 2713 1:61
821 2663 886 2731 τῇ
918 2658 1134 2730 γνώμῃ.
1169 2658 1323 2712 Μετά
1352 2658 1455 2728 τῆς
1478 2658 1651 2729 αὐτῆς
1673 2660 1988 2732 παρρησίας
2009 2662 2105 2714 1:61

517 2742 687 2814 τιμῆς
715 2743 809 2797 καὶ
839 2746 867 2796 6
889 2741 1142 2813 βασιλεὺς
1168 2742 1311 2796 1:616
1341 2742 1556 2812 πτωχὸς
1573 2741 1710 2814 πρὸς
1732 2743 1832 2815 τὴν
1865 2743 2104 2797 ἀπόλαυ-

520 2843 606 2883 σιν
638 2827 734 2882 1:61
765 2825 1050 2880 κοινωνίαν
1081 2824 1192 2878 τῶν
1221 2824 1382 2878 θείων
1427 2824 1635 2878 τούτων
1677 2825 1992 2897 μυστηρίων
2013 2829 2105 2899 69-

523 2912 687 2983 μῶσι.
713 2910 824 2963 K61
843 2908 895 2961 τί
929 2907 1094 2976 λέγω,
1129 2905 1267 2978 μετά
1294 2906 1396 2978 τῆς
1414 2908 1586 2980 αὐτῆς
1607 2909 1806 2980 τιμῆς;
1835 2909 2105 2974 Πολλάκις

519 2996 550 3046 6
580 2994 752 3063 πένης
799 2990 940 3062 μετά
988 2989 1232 3052 πλείονος
1266 2992 1364 3060 τῆς
1405 2991 1739 3064 παρρησίας.
1767 2992 1832 3044 Τί
1865 2993 2102 3064 δήποτε;

522 3075 646 3128 Ὅτι
675 3076 704 3127 6
737 3074 838 3144 μὲν
873 3072 1126 3142 βασιλεὺς
1155 3071 1526 3142 κυκλούμενος
1570 3074 1911 3144 πραγμάτων
1937 3092 2102 3146 φρον-

518 3159 654 3222 τίσι,
683 3158 778 3211 1:61
833 3155 939 3210 61:6
968 3155 1184 3208 πολλῶν
1225 3157 1602 3226 περιστάσεων
1635 3159 2104 3230 περιστοιχιζόμε-

522 3259 634 3306 νος,
665 3240 856 3308 ῶσπερ
884 3241 942 3292 ἐν
970 3237 1198 3306 πελάγει
1221 3238 1528 3307 τυγχάνων,
1565 3239 1710 3293 οῦτω
1766 3242 2104 3313 πανταχόθεν

523 3326 629 3378 ὐπὸ
659 3323 768 3376 τῶν
817 3321 1136 3392 ἐπαλλήλων
1166 3321 1429 3391 κυμάτων
1472 3323 1974 3394 περιῤῥαντίζεται,
2011 3326 2104 3378 καὶ

522 3409 695 3464 πολλά
717 3408 1105 3480 προστρίϐεται
1133 3405 1204 3459 :6
1234 3407 1640 3478 ἁμαρτήματα·
1684 3407 1833 3481 [754]
1860 3411 1888 3462 6
1913 3409 1970 3463 66
2004 3410 2104 3464 πέε

521 3511 640 3566 νης,
692 3493 911 3546 πάντων
941 3490 1145 3543 τούτων
1179 3490 1626 3560 ἀπηλλαγμένος,
1681 3491 1778 3544 1:61
1812 3492 1954 3564 61:69
2004 3493 2106 3563 τῆς

523 3577 834 3646 ἀναγκαίας
868 3575 1037 3645 μόνης
1075 3574 1379 3643 φροντίζων
1411 3575 1639 3646 τροφῆς,
1676 3575 1772 3628 καὶ
1802 3576 1895 3629 τὸν
1927 3579 2108 3648 ἀπρά-

523 3677 702 3730 γμονα
731 3659 826 3713 1:61
853 3657 1076 3731 ἡσύχιον
1101 3659 1214 3728 βίον
1246 3656 1466 3728 μετιὼν,
1499 3656 1690 3728 ῶσπερ
1724 3659 1782 3710 ἐν
1799 3657 1988 3729 λιμένι
2012 3658 2105 3714 καὶ

524 3743 735 3815 γαλήνῃ
786 3742 1113 3812 καθήμενος,
1161 3739 1302 3811 95:6
1333 3738 1538 3810 πολλῆς
1583 3740 1684 3810 τῆς
1725 3740 2010 3806 εὐλαϐείας
2037 3745 2104 3816 τῇ

523 3827 777 3898 τραπέζῃ
805 3826 1084 3896 πρόσεισι.

594 3911 656 3964 δ’.
677 3911 787 3964 K61
819 3910 879 3962 06
907 3908 1066 3962 :06:0
1085 3907 1264 3978 μόνον,
1295 3904 1433 3960 6116
1461 3906 1555 3961 καί
1581 3906 1642 3973 ἐξ
1665 3907 1868 3979 ἐτέρων
1895 3908 2106 3963 πολλῶν

525 3995 755 4064 ἀθυμίαι
794 3994 1041 4064 διάφοροι
1069 3992 1347 4045 τίκτον-ται
1391 3993 1504 4055 τοῖς
1543 3993 1672 4064 περὶ
1698 3993 1797 4057 τὰς
1845 3993 2107 4064 βιωτικάς

526 4078 722 4148 ἐορτάς
755 4076 1169 4146 ἡσχολημένοις.
1197 4074 1367 4128 Πάλιν
1392 4074 1501 4147 γὰρ
1530 4077 1649 4129 ἐκεῖ
1692 4077 1791 4146 μὲν
1841 4077 2010 4148 πένης
2046 4078 2108 4130 ἐν

527 4160 821 4230 κατηφείᾳ,
869 4161 898 4210 6
928 4159 986 4211 δέ
1021 4158 1275 4222 πλούσιος
1321 4161 1380 4212 ἐν
1417 4159 1757 4232 φαιδρότητι,
1791 4161 1852 4214 οὐ
1886 4161 1974 4214 διὰ
2003 4161 2105 4233 τὴν

525 4242 807 4314 τράπεζαν
836 4241 1022 4313 μόνην,
1073 4243 1169 4295 καὶ
1190 4243 1290 4313 τὴν
1320 4243 1696 4309 πολυτέλειαν,
1725 4245 1862 4298 ἀλλά
1889 4246 1985 4299 1:61
2016 4246 2108 4299 616

527 4328 596 4380 :6
623 4328 816 4397 ἱμάτια
836 4325 905 4378 :6
933 4325 1153 4395 φαιδρὰ,
1179 4325 1395 4396 καὶτῆς
1412 4327 1638 4398 ἐσθῆτος
1658 4329 1756 4401 τὴν
1783 4330 2104 4398 φαντασίαν.

528 4411 709 4483 Ὅπερ
757 4409 888 4479 γοῦν
935 4411 1028 4463 ἐπὶ
1055 4410 1156 4480 τῆς
1201 4411 1482 4482 τραπέζης
1513 4412 1799 4482 πάσχουσι,
1826 4414 1983 4468 τοῦτο
2012 4418 2107 4470 καὶ

527 4493 624 4547 ἐπὶ
677 4494 786 4547 τῶν
832 4493 1062 4564 ἱματίων
1109 4493 1489 4565 ὑπομένουσιν.
1544 4495 1714 4548 Ὅταν
1765 4492 1856 4549 οὖν
1903 4499 1985 4569 ῖδῃ
2014 4500 2107 4552 τὸν

529 4579 785 4633 πλούσιον
830 4579 860 4630 ό
910 4578 1081 4649 πένης
1128 4579 1590 4649 πολυτελεστέραν
1642 4581 2106 4652 περιϐεϐλημένον

529 4661 743 4733 στολήν,
771 4660 985 4732 ἐπλήγη
1013 4665 1080 4732 τῇ
1103 4662 1286 4736 ὀδύνῃ,
1337 4663 1651 4716 ἐταλάνισεν
1691 4664 1900 4727 ἐαυτὸν,
1938 4666 2106 4736 μυρία

529 4748 865 4819 ἐπηράσατο.
904 4745 1169 4799 Ἐνταῦθα
1203 4747 1260 4800 δὲ
1289 4749 1384 4800 καὶ
1423 4747 1618 4818 αὐτὴή
1665 4748 1871 4820 ἀθυμία
1897 4749 2106 4821 ἀνῄρη.

528 4849 618 4885 ται
639 4847 650 4859 ·
687 4831 746 4883 ἐν
775 4831 884 4901 769
921 4829 1123 4884 ἀπασίν
1149 4831 1297 4883 ἐστιν
1338 4829 1553 4900 ἱμάτιον
1584 4831 1644 4883 :6
1672 4831 1874 4903 ἔνδυμα
1906 4834 1966 4886 :6
2001 4840 2106 4888 σω-

528 4916 747 4985 τήριον*
775 4915 866 4967 καὶ
902 4913 1002 4985 βοᾷ
1027 4913 1239 4976 Παῦλος
1271 4912 1477 4982 λέγων’
1511 4913 1686 4968 ’Ὅσοι
1719 4920 1806 4980 εις
1849 4918 2108 4984 Χριστὸν

527 4997 925 5066 ἐϐαπτίσθητε
952 5037 968 5063 ,
1021 4998 1281 5065 Χριστὸν
1337 4996 1728 5053 ἐνεδύσασθε.
1786 4997 1878 5072 Μὴ
1930 5004 2108 5055 τοίνυν

529 5080 976 5151 καταισχύνωμεν
998 5081 1096 5151 τὴν
1115 5081 1370 5151 τοιαύτην
1391 5081 1604 5153 ἑορτὴν,
1626 5084 1947 5154 παρακαλῶ,
1971 5085 2110 5138 6116

528 5161 680 5228 ἄξιον
707 5165 959 5235 φρόνημα
983 5165 1092 5217 τῶν
1113 5164 1502 5236 δεδωρημένων
1528 5168 1660 5237 ἡμῖν
1706 5170 1858 5239 παρά
1887 5170 1983 5238 τῆς
2013 5171 2106 5222 τοῦ

529 5245 766 5314 Χριστοῦ
786 5248 1006 5317 χάριτος
1028 5247 1405 5318 ἀναλάϐωμεν.
1433 5252 1523 5321 Μὴ
1555 5251 1692 5322 μέθῃ
1717 5254 1810 5304 1:61
1831 5251 2109 5323 ἁδηφαγίξι

531 5326 758 5388 ἑαυτοὺς
793 5329 1140 5399 ἐκδώσωμεν,
1171 5330 1290 5384 ἀλλ’
1323 5335 1673 5402 ἐννοήσαντες
1697 5334 1792 5386 τοῦ
1836 5335 2107 5406 ἡμετέρου

531 5409 801 5463 Δεσπότου
824 5414 922 5483 τήν
957 5413 1290 5485 φιλοτιμίαν,
1330 5417 1530 5472 11616::
1563 5419 1657 5472 1:61
1702 5417 1985 5482 πλουσίους
2015 5420 2111 5472 1:61

532 5494 771 5564 πένητας
792 5496 992 5566 ὁμοίως
1017 5497 1243 5568 ἐτίμησε
1270 5501 1364 5552 καὶ
1391 5501 1614 5564 δούλους
1642 5503 1738 5554 1:61
1771 5502 2107 5573 ἐλευθέρους,

535 5577 631 5631 1:61
659 5579 739 5640 είς
764 5578 970 5641 πάντας
1018 5580 1202 5652 κοινὴν
1223 5583 1322 5652 τὴν
1354 5582 1564 5655 δωρεὰν
1605 5584 1840 5654 ἐξέχεεν,
1867 5585 2109 5654 69516:?»-

539 5660 681 5743 μεθα
713 5660 804 5715 :611
836 5663 1128 5731 εὐεργέτην
1152 5665 1249 5736 τῆς
1277 5669 1404 5736 περὶ
1442 5670 1590 5738 ἡμᾶς
1632 5670 1871 5731 εὐνοίας·
1905 5669 2100 5743 ἀμοιϐή

536 5741 859 5818 6669110616
911 5746 1152 5800 πολιτεία
1183 5747 1516 5820 ἀρίσκουσα,
1563 5753 1653 5806 καὶ
1687 5751 1831 5819 ψυχὴ
1866 5741 2110 5819 νῆφουσα

1164 295 1220 348 s.
1259 249 1545 349 JOANNIS
1574 287 2063 347 01111150510111
2097 289 2419 351 ARCHIEP.
2461 279 3008 353 00115111111109.

3690 291 3802 361 11’0

2207 408 2302 460 καὶ
2325 408 2748 482 διεγηγερμένη.
2787 411 2935 483 Αἱῦτη
2977 415 3010 483 ή
3050 407 3213 484 ἑορτὴ
3248 413 3342 466 1:61
3379 417 3695 487 πανήγυρις
3741 418 3805 474 οὐ

2204 491 2502 562 χρημάτων
2523 493 2713 558 δεῖταί,
2745 495 2805 547 οὐ
2827 495 3088 565 δαπάνης,
3111 495 3249 548 ἀλλά
3279 496 3672 568 προαιρέσεως
3712 503 3802 570 μό.

2203 589 2301 642 νης
2330 575 2424 626 καὶ
2455 575 2694 639 διανοίας
2746 577 3013 648 καθαρᾶς.
3070 578 3237 632 Οὐδὲν
3285 582 3621 650 σωματικόν·
3660 585 3802 636 ἐστιν

2203 657 2452 712 ἐντεῦθεν
2472 660 2808 731 ὠνήσασθαι,
2835 661 2969 714 ἀλλά
2992 661 3170 715 πάντα
3195 661 3578 733 πνευματικά·
3613 667 3804 736 ἀκρόα-

2205 758 2289 794 σιν
2319 741 2478 797 θείων
2515 744 2732 812 λογίων.
2775 745 2941 814 εὐχάς
2973 745 3255 816 Πατέρευν,
3291 746 3548 816 εύλογίσὶς
3588 749 3800 819 ἱερέων,

2202 824 2312 878 τῶν
2334 825 2494 879 θείων
2520 827 2615 878 καὶ
2644 827 2970 898 ἀπορρήτων
3001 829 3320 899 μυστηρίων
3347 831 3451 900 τὴν
3485 833 3801 898 κοινωνίαν,

2203 909 2426 980 εἰρήνην
2453 911 2546 962 καὶ
2570 909 2843 979 ὀμόνοὲαν,
2875 909 2971 964 1161
3000 912 3348 981 πνευματικά
3375 912 3530 982 δῶρα
3554 916 3659 967 1:61
3682 915 3802 980 ἴςια

2202 996 2302 1064 τῆς
2336 992 2430 1045 τοῦ
2462 993 2806 1064 δωρουμένου
2832 994 3162 1064 φιλοτιμίας.
3200 995 3594 1068 Ἐορτάσωμεν
3625 1000 3804 1053 τοίνυν

2203 1075 2302 1145 τὴν
2329 1074 2525 1146 ἐορτὴν
2562 1076 2768 1148 ταύτην
2808 1078 2866 1129 ἐν
2969 1078 3168 1146 ἀνέστη
3224 1080 3254 1129 6
3283 1078 3512 1150 Κύριος.
3571 1081 3805 1154 Ἀνέστη

2202 1159 2332 1227 γὰρ,
2367 1158 2466 1210 καὶ
2491 1159 2591 1226 τὴν
2650 1159 2980 1229 οίκουμένην
3031 1159 3211 1229 ἑαυτῷ
3243 1162 3640 1236 συνανέστησε.
3693 1167 3806 1220 Καὶ

2203 1241 2365 1303 αὐτὸς
2393 1241 2491 1310 μὲν
2525 1241 2746 1311 ἀνέστη,
2775 1240 2844 1294 τά
2864 1241 3042 1319 δεσμά
3077 1241 3170 1294 τοῦ
3195 1242 3431 1297 θανάτου
3465 1246 3802 1319 διαρρήξας·

2202 1325 2350 1393 ἡμᾶς
2375 1323 2432 1375 δὲ
2456 1324 2743 1394 ἀνέστησε.
2785 1325 2883 1387 :6;
2937 1325 3124 1395 σειρὰς
3153 1325 3266 1377 τῶν
3293 1327 3580 1397 ἡμετέρων
3609 1332 3805 1401 ἁμαρ..

2202 1406 2332 1458 τιῶν
2383 1405 2658 1469 διαλύσας.
2716 1407 3004 1477 ’Πμαρτεν
3051 1409 3080 1459 6
3124 1407 3316 1478 Ἀδὰμ,
3356 1410 3446 1461 καὶ
3478 1412 3802 1466 ἀπέθανενο

2202 1489 2300 1558 οὐχ
2327 1489 2575 1559 ἥμαρτεν
2621 1491 2650 1542 6
2682 1489 2937 1560 Χριστὸς,
2990 1491 3085 1543 1:61
3131 1491 3385 1544 ἀπέθανε.
3441 1493 3662 1547 Καινόν
3703 1498 3811 1550 καὶ

2204 1570 2509 1642 παράδοξον
2527 1587 2539 1600 ·
2565 1572 2773 1634 ἐκεῖνος
2794 1573 3034 1642 ἥμαρτε,
3060 1574 3156 1624 1:61
3179 1573 3473 1626 ἀπέθανεν
3505 1571 3670 1642 οὗτος
3694 1580 3811 1650 οὐχ

2203 1655 2444 1725 ἥμαρτε,
2466 1653 2560 1707 1:61
2587 1654 2847 1707 ἀπέθανε.
2882 1655 3038 1718 Τίνος
3072 1655 3281 1716 ἕνεκεν,
3311 1658 3404 1709 1:61
3433 1657 3519 1710 616
3553 1661 3608 1712 τί
3633 1677 3650 1725 ς
3671 1660 3808 1715 Ἵνα

2204 1741 2234 1791 ὀ
2265 1735 2527 1808 ἁμαρτὼν
2583 1739 2677 1792 καὶ
2731 1736 3053 1802 ἀποθανὼν,
3079 1737 3168 1791 διὰ
3195 1738 3292 1791 τοῦ
3335 1739 3412 1810 μή
3451 1742 3808 1814 ἁμαρτόντος

2205 1822 2300 1875 καὶ
2329 1819 2692 1883 ἀποθανόντος
2713 1819 2916 1890 δυνηθῇ
2940 1820 3050 1873 τῶν
3077 1819 3310 1874 θανάτου
3330 1822 3550 1893 δεσμῶν
3579 1825 3809 1880 ἐλευθε..

2209 1903 2469 1976 ρωθῆναι.
2500 1903 2658 1956 υῦτω
2714 1903 2979 1966 πολλάκις
3026 1905 3121 1958 1:61
3160 1907 3254 1959 61:1
3298 1906 3408 1959 τῶν
3436 1908 3509 1960 τά
3535 1912 3809 1982 χρήματα

2203 1988 2526 2056 ὀφειλόντων
2555 1987 2766 2054 γίνεται
2787 2005 2800 2019 ·
2831 1987 3039 2056 ὀφείλει
3087 1988 3174 2051 τίς
3218 2005 3324 2042 τινι
3357 1992 3654 2062 ἀργύριον,
3712 1994 3810 2049 καὶ

2203 2073 2304 2126 οὐκ
2341 2071 2453 2142 ἔχει
2482 2070 2828 2135 καταϐαλεῖν,
2851 2071 2946 2123 1:61
2973 2070 3062 2124 διὰ
3090 2071 3249 2124 τοῦτο
3279 2074 3606 2144 κατέχεται·
3641 2076 3807 2141 ἄλλος

2203 2157 2306 2210 οὐκ
2341 2155 2602 2225 ὀφείλων,
2659 2156 2960 2224 δυνάμενος
2990 2155 3048 2207 δὲ
3101 2155 3436 2210 καταϐαλεῖν
3463 2199 3481 2224 ,
3537 2163 3808 2228 καταθεὶς

2204 2240 2444 2296 ἀπέλυσε
2468 2240 2560 2292 τὸν
2579 2238 2900 2293 ὑπεύθυνον.
2925 2238 3084 2293 Οῦτω
3111 2241 3205 2292 1:61
3237 2241 3329 2294 61:1
3364 2241 3460 2295 τοῦ
3505 2244 3689 2316 Ἀδὰμ
3714 2247 3806 2314 γέ-

2205 2324 2472 2392 70115,1:61
2519 2322 2612 2375 ἐπὶ
2661 2322 2757 2375 τοῦ
2785 2320 3044 2391 Χριστοῦ.
3078 2322 3332 2391 Ὠφειλεν
3383 2324 3414 2376 ό
3479 2326 3662 2398 Ἀδὰμ
3710 2329 3807 2383 τὸν

2206 2408 2454 2473 θάνατον,
2481 2407 2574 2460 καὶ
2593 2405 2879 2475 κατείχετο
2907 2404 3015 2457 61:6
3042 2404 3134 2457 :06
3165 2404 3418 2460 διαϐόλου
3439 2422 3454 2436 °
3498 2409 3604 2462 οὐκ
3633 2409 3806 2480 ὠφει-

2203 2493 2294 2548 λεν
2325 2496 2354 2546 ὀ
2374 2493 2630 2563 Χριστὸς,
2657 2491 2779 2544 οὐδέ
2810 2489 3126 2560 κατείχετοο
3149 2486 3282 2562 ἦλθε
3313 2493 3371 2546 66
3393 2494 3488 2546 1:61
3522 2497 3801 2550 κατέϐαλε

2204 2578 2295 2631 τὸν
2323 2576 2551 2630 θάνατον
2575 2575 2716 2643 61:69
2737 2573 2831 2626 :06
2866 2575 3258 2644 κατεχομένου,
3291 2577 3380 2630 ἴνα
3418 2580 3632 2631 ἐκεῖνον
3663 2581 3803 2633 ἀπο-

2204 2659 2344 2732 λύσῃ
2369 2659 2479 2711 τῶν
2496 2657 2592 2710 τοῦ
2621 2656 2852 2711 θανάτου
2873 2656 3103 2726 δεσμῶν.
3134 2653 3288 2721 Εἶδες
3306 2659 3407 2728 τῆς
3440 2661 3803 2726 ἀναστάσεως

2204 2743 2272 2796 τά
2302 2740 2738 2812 κατορθώματα;
2773 2739 2926 2812 [755]
2955 2736 3092 2802 εῖδες
3111 2739 3206 2793 τοῦ
3235 2743 3506 2796 Δεσπότου
3528 2744 3636 2815 τὴν
3671 2745 3804 2815 φιλ..

2205 2826 2555 2896 ανθρωπίαν;
2587 2821 2726 2888 εἶδες
2765 2823 2996 2894 μέγεθος
3027 2825 3395 2894 κηδεμο.,ία;;

2276 2913 2368 2981 Μη
2397 2910 2578 2962 τοίνυν
2634 2906 2951 2977 ἀγνώμονες
2979 2907 3258 2978 γινώμεθα
3317 2911 3446 2982 περὶ
3496 2910 3588 2964 :611
3613 2911 3806 2979 οὕτως

2205 2992 2524 3065 εὐεργέτην,
2548 2989 2684 3061 μηδὲ
2721 2989 2910 3060 ἐπειδὴ
2933 2991 2966 3062 ἡ
2995 2991 3216 3060 νηστεία
3244 2993 3508 3063 παρῆλθε,
3550 2995 3804 3068 ῥαθυμό-

2205 3096 2352 3151 τεροι
2397 3075 2786 3146 καταστῶμεν
2832 3074 2970 3128 ἀλλά
3018 3075 3114 3127 νῦν
3174 3076 3375 3147 μᾶλλον
3435 3077 3467 3148 ἢ
3523 3080 3804 3152 πρότερόν

2207 3161 2430 3214 πλείονα
2454 3161 2558 3230 τῆς
2583 3158 2763 3229 ψυχῆς
2795 3156 3077 3228 ποιώμεθα
3105 3157 3206 3229 τὴν
3226 3160 3567 3231 ἐπιμέλειαν,
3599 3162 3692 3215 ῖνα
3725 3161 3805 3233 μὴ

2204 3244 2306 3315 τῆς
2345 3243 2547 3314 σαρκὸς
2570 3240 2947 3311 πιαινομένης,
2983 3240 3123 3312 αὕτη
3149 3241 3512 3313 ἀσθενεστέρα
3539 3245 3803 3316 γένηται,
3835 3275 3846 3286 ο

2206 3327 2294 3380 ἶνα
2325 3326 2400 3397 μὴ
2432 3326 2533 3395 τῆς
2568 3323 2762 3393 δούλης
2785 3323 3185 3393 φροντίζοντες,
3215 3325 3314 3396 τῆς
3351 3325 3650 3395 δεσποίνης
3697 3346 3807 3382 κα-

2206 3409 2551 3481 ταμελῶμεν.
2572 3409 2638 3460 Τί
2665 3407 2774 3476 γάρ
2803 3406 3015 3475 ὄφελος,
3044 3409 3166 3460 είπέ
3186 3425 3293 3477 μοι,
3318 3407 3451 3476 ύπέρ
3466 3407 3568 3476 τήν
3590 3410 3808 3478 χρείαν

2205 3492 2658 3565 διαρρήγνυσθαι,
2699 3496 2796 3548 1:61
2846 3491 2945 3561 τὴν
2997 3489 3332 3560 συμμετρίαν
3387 3489 3804 3562 ὑπερϐαίνεινς

2207 3576 2378 3629 Τοῦτο
2403 3576 2498 3628 1:61
2521 3575 2582 3628 :6
2624 3576 2784 3646 σῶμα
2811 3574 3151 3643 λυμαίνεται,
3196 3574 3290 3626 1:61
3337 3574 3434 3642 τῆς
3465 3571 3653 3644 ψυχῆς
3696 3576 3806 3646 τὴν

2207 3659 2484 3727 εὐγένειαν
2511 3658 2854 3730 προδίδωσιν.
2896 3656 3056 3709 Ἀλλά
3083 3659 3184 3725 τῆς
3211 3656 3546 3726 αὐταρκείας
3573 3657 3672 3709 1:61
3696 3659 3804 3730 τῆς

2205 3743 2395 3813 χρείας
2425 3741 2739 3812 γενώμεθα,
2769 3742 2858 3794 ἵνα
2885 3741 2979 3792 1:61
2998 3739 3142 3809 ψυχῇ
3165 3739 3258 3791 καὶ
3281 3738 3495 3808 σώματι
3529 3740 3593 3791 :6
3622 3757 3804 3812 προσ-

2205 3833 2340 3902 ῆκον
2365 3828 2876 3900 ἀποπληρώσωμεν,
2922 3829 3011 3880 ἵνα
3042 3825 3116 3897 μὴ
3143 3825 3212 3878 τά
3236 3826 3347 3878 ἀπὸ
3385 3825 3490 3895 τῆς
3535 3828 3803 3898 νηστείας

2209 3915 2535 3984 συλλεγέντα
2554 3913 2748 3984 ἀθρόον
2774 3915 2989 3966 ᾶπαντα
3017 3909 3319 3979 ἐκχέωμεν.
3339 3909 3430 3979 Μή
3453 3909 3564 3980 769
3595 3912 3803 3966 κωλύω

2207 3999 2498 4052 ἀπολαύειν
2543 3997 2751 4067 τροφῆς
2804 3996 2901 4050 καὶ
2941 3993 3182 4048 ἀνίεσθαι
3207 4010 3222 4056 ;
3252 3993 3327 4045 Οὐ
3363 3993 3558 4046 κωλύω
3606 3995 3798 4060 τοῦτ-σε

2207 4084 2343 4139 6116
2372 4083 2623 4154 παραινῶ
2651 4081 2750 4150 τῆς
2783 4080 2976 4150 χρείας
3015 4077 3284 4153 γίνεσθαι,
3317 4077 3414 4128 1:61
3451 4076 3552 4147 τὴν
3590 4077 3801 4150 πολλὴν

2208 4167 2416 4240 τρυφὴν
2445 4166 2753 4229 ἐκκόπτειν,
2778 4165 2872 4216 1:61
2906 4161 2982 4233 μὴ
3015 4161 3076 4213 :6
3117 4159 3317 4230 μέτρον
3339 4159 3796 4231 ὑπερϐαίνοντας,

2207 4252 2562 4323 λυμαίνεσθαι
2590 4251 2690 4320 τῆς
2720 4249 2897 4319 ψυχῆς
2933 4247 3030 4316 τὴν
3053 4245 3260 4313 ὑγείαν.
3289 4242 3426 4296 Οὐδὲ
3455 4244 3565 4314 γὰρ
3596 4243 3798 4316 ἡδονῆς

2208 4336 2395 4390 λοιπὸν
2425 4334 2794 4388 ἀπολαύσεται
2821 4335 2850 4386 6
2895 4330 3135 4392 :0:06:0;
3179 4325 3421 4398 ὐπερϐἀς
3450 4330 3549 4397 τῆς
3598 4327 3797 4396 χρείας

2208 4424 2333 4484 τοὺς
2356 4422 2513 4490 ὅρους
2533 4435 2547 4448 °
2583 4419 2677 4472 1:61
2707 4416 2864 4470 τοῦτο
2891 4415 3122 4486 μάλιστα
3151 4411 3332 4463 ἴσασιν
3355 4408 3599 4480 ἀκριϐῶς
3627 4410 3681 4461 οί
3703 4410 3796 4464 6:6

2208 4505 2304 4574 τῆς
2329 4503 2524 4572 πείρας
2553 4501 2721 4569 αὐτῆς
2751 4499 2999 4560 ἐλθόντες
3019 4515 3031 4526 ·
3061 4494 3158 4548 καὶ
3189 4493 3357 4564 μυρία
3388 4491 3642 4545 ἐντεῦθεν
3665 4494 3795 4546 ἐαυ-

2207 4592 2319 4652 τοῖς
2356 4587 2600 4648 τεκόντες
2635 4583 2958 4654 νοσημάτων
3013 4580 3152 4647 εῖδη,
3199 4578 3294 4630 1:61
3322 4575 3519 4644 πολλὴν
3552 4576 3654 4646 τὴν
3688 4577 3795 4646 61]-

2209 4672 2326 4726 δίαν
2378 4662 2781 4740 ὑπομείναντες.
2823 4663 2962 4718 Ἀλλ’
3007 4664 3089 4715 ὅτι
3126 4661 3222 4729 μὲν
3265 4659 3628 4740 πεισθήσεσθε
3671 4661 3792 4724 ταῖς

2210 4756 2509 4826 ἡμετέραις
2545 4751 2934 4824 παραινέσεσιν
2965 4747 3064 4799 οὐκ
3099 4742 3454 4814 ἁμφιϐἀλλω·
3509 4739 3631 4794 οἶδα
3682 4743 3792 4814 γάρ

2211 4840 2240 4892 6
2249 4839 2364 4910 μῶν
2397 4838 2457 4890 :6
2488 4833 2784 4906 πειθήνιον.

2279 4929 2342 4977 5'.
2370 4921 2479 4974 K61
2512 4921 2601 4972 διὰ
2627 4918 2785 4972 τοῦτο
2813 4915 3046 4972 ἐνταῦθα
3069 4912 3168 4984 τὴν
3195 4911 3322 4982 περὶ
3352 4909 3543 4963 τούτου
3585 4912 3790 4982 στήσας

2211 5006 2554 5077 παραίνεσιν,
2589 5003 2725 5074 πρὸς
2756 5003 2884 5066 :06;
2906 4999 3049 5055 116:6
3077 4999 3172 5069 τὴν
3213 4995 3382 5048 νύκτα
3409 4994 3509 5065 τήν
3540 4994 3788 5064 1901:0196-

2213 5108 2304 5161 ρον
2327 5087 2527 5158 ταύτην
2552 5085 2981 5153 καταξιωθέντας
3005 5079 3104 5153 τῆς
3128 5080 3220 5134 τοῦ
3240 5077 3385 5132 Θείου
3410 5077 3786 5148 βαπτίσματος

2208 5173 2415 5244 δωρεᾶς
2444 5171 2641 5242 τρέψαι
2675 5169 2934 5242 βούλομαι
2965 5169 3052 5222 :611
3081 5163 3260 5235 λόγον,
3301 5164 3368 5216 τὰ
3422 5164 3564 5217 καλά
3614 5163 3786 5217 ταῦτα

2207 5255 2304 5324 τῆς
2341 5253 2664 5324 Ἐὶὶκλησίας
2693 5255 2856 5322 φυτὰ,
2894 5253 2960 5305 :6
2998 5247 3134 5322 ἄνθη
3163 5249 3231 5301 τὰ
3259 5247 3630 5318 πνευματικὰ,
3661 5247 3786 5308 τοὺς

2209 5339 2361 5401 νέους
2384 5337 2476 5390 τοῦ
2506 5338 2743 5408 Χριστοῦ
2780 5337 3154 5408 στρατιώτας..
3173 5334 3286 5406 Πρὸ
3314 5334 3414 5404 τῆς
3453 5330 3585 5403 χθὲς
3634 5336 3663 5386 ό
3685 5334 3782 5383 Δε-

2211 5422 2413 5489 σπότης
2447 5422 2503 5472 ἐν
2527 5421 2745 5491 σταυρῷ
2770 5421 3082 5491 ἐτύγχανεν,
3114 5419 3227 5472 ἀλλ’
3254 5416 3454 5485 ἀνέστη
3489 5416 3585 5469 νῦν
3606 5433 3618 5444 '
3643 5415 3784 5467 οὕτω

2210 5504 2306 5558 1:61
2347 5501 2523 5567 οῦτοι,
2568 5505 2672 5574 πρὸ
2710 5505 2808 5574 τῆς
2843 5505 2969 5573 χθὲς
2998 5503 3102 5555 ὐπὸ
3149 5501 3247 5571 τῆς
3293 5500 3571 5570 ἁμαρτίας
3603 5497 3787 5551 κατεί-

2212 5602 2388 5656 χοντο,
2419 5585 2557 5638 ἀλλά
2590 5585 2685 5638 νῦν
2715 5585 3115 5650 συνανέστησαν
3158 5579 3235 5647 τῷ
3267 5578 3489 5650 Χριστῷ
3509 5594 3522 5607 ’
3578 5580 3786 5656 ἐκεῖνος

2215 5655 2418 5740 σώματι
2473 5669 2707 5721 ἀπέθανε
2738 5668 2831 5719 καὶ
2867 5666 3106 5734 ἀνέστη,
3155 5660 3297 5718 οῦτοι
3346 5661 3590 5734 ἁμαρτία
3642 5655 3787 5731 ἦσαν

2218 5754 2564 5827 τεθνηκότες,
2604 5757 2694 5806 καὶ
2725 5752 2829 5808 ἀπὸ
2883 5753 3153 5823 ἁμαρτίας
3205 5751 3526 5822 ἀνέστησαν.
3563 5746 3632 5800 Ἡ
3685 5745 3790 5815 μὲν
