4064 6218
334 216 439 270 769

344 435 461 472 rum
490 419 771 473 Dominum
808 418 1086 474 nobiscum
1120 417 1316 474 festum
1345 433 1525 489 agere,
1555 418 1680 489 quid
1707 418 1800 475 tibi
1821 418 1931 491 jam

1569 209 1799 269 HOMIL.
1837 209 1907 268 IN
1943 209 2262 269 SANCTUM
2301 209 2586 270 PASCHA.

342 325 553 380 les-tium
589 332 908 394 potestatum
932 332 1129 381 coetum
1152 368 1167 392 ,
1194 324 1291 382 sed
1318 326 1477 383 etiam
1507 325 1680 395 ipsum
1712 327 1928 397 angelo-
1974 352 1986 363 -
2047 280 2211 397 pecun

3526 223 3633 283 770

2047 329 2304 397 pecuniis,
2348 343 2454 384 non
2485 330 2783 399 sumptibus
2811 340 2950 403 eget,
3001 334 3098 391 sed
3128 336 3401 407 proposito
3429 348 3628 397 tantum

2043 427 2095 472 et
2142 435 2270 488 pura
2300 429 2497 475 mente.
2526 420 2664 476 Nihil
2692 421 2779 477 hic
2806 438 3124 492 corporeum
3168 428 3271 482 emi
3303 438 3496 499 potest,
3533 435 3627 487 scd

341 511 496 566 deest
536 509 602 565 ad
638 509 912 564 laetitiam?
935 508 1104 566 Nemo
1130 510 1200 565 ob
1219 518 1588 581 paupertatem
1619 509 1778 566 hodie
1802 525 1935 566 mte-
2042 510 2219 565 omnia
2268 512 2559 581 spiritualia
2592 530 2604 567 :
2631 515 2961 585 eloquiorum
3002 517 3267 587 doctrina,
3314 538 3502 590 preces
3534 542 3630 594 pa-

342 612 459 658 stus
485 612 600 658 esto
634 622 647 656 :
680 602 969 671 spiritualis
990 603 1185 674 quippe
1212 612 1297 659 est
1323 603 1625 659 celebritas.

417 692 601 748 Mensa
623 690 828 748 Domini
867 694 1074 763 perinde
1099 710 1345 765 pauperes
1372 704 1521 766 atque
1543 696 1720 750 divites
1742 694 1929 749 admit-

344 785 420 836 tit.
446 814 517 823 —-
540 783 710 839 Nemo
748 782 898 838 dives
933 783 1004 838 ob
1040 784 1344 839 divitiarum
1371 786 1579 855 copiam
1602 785 1887 840 extollatur
1916 804 1931 839 :

344 874 473 933 nihil
500 878 642 933 enim
680 877 1023 947 pecuniarum
1061 877 1128 933 ad
1171 878 1274 934 hoc
1319 878 1513 934 festum
1554 878 1746 934 aﬁ‘erre
1774 878 1932 934 valet.

345 964 403 1027 In
430 971 669 1026 externis
697 971 892 1041 quippe
914 971 1359 1036 solemnitatibus,
1401 972 1488 1027 ubi
1532 971 1697 1026 multa
1743 985 1932 1041 pompa

344 1075 399 1119 et
446 1071 764 1133 apparatus,
814 1062 1003 1133 ingens
1044 1077 1248 1119 mensae
1290 1063 1489 1130 laetitia,
1512 1062 1632 1132 jure
1662 1077 1859 1132 pauper
1881 1062 1933 1116 in

347 1168 579 1219 maerore
613 1163 669 1207 et
710 1153 998 1219 anxietate,
1030 1153 1181 1209 dives
1227 1154 1280 1208 in
1322 1153 1591 1222 voluptate
1634 1164 1689 1208 et
1732 1152 1931 1208 laetitia.

349 1243 560 1308 Quare?
604 1243 737 1313 Quia
772 1244 863 1299 ille
893 1243 1169 1315 splendida
1200 1253 1347 1300 veste
1373 1245 1636 1309 amicitur,
1663 1253 1717 1299 et
1743 1242 1933 1297 lautio-

347 1346 462 1392 rem
493 1350 732 1390 mensam
759 1337 1012 1406 apponit;
1042 1351 1246 1407 pauper
1267 1350 1394 1391 vero
1425 1337 1598 1407 inopia
1627 1335 1931 1405 impeditur,

347 1428 633 1498 quominus
659 1427 908 1483 eumdem
935 1428 1116 1483 luxum
1147 1436 1397 1484 ostentet.
1430 1428 1527 1483 llic.
1557 1442 1686 1483 vero
1708 1427 1838 1482 nihil
1863 1428 1935 1482 si—

348 1518 511 1582 mile;
556 1516 652 1573 sed
697 1518 783 1572 illa
824 1518 1000 1572 omnis
1039 1518 1371 1588 inaequalitas
1403 1519 1590 1583 abest;
1619 1533 1723 1573 una
1751 1530 1935 1572 mensa

346 1600 497 1663 diviti
528 1617 583 1663 et
612 1607 852 1678 pauperi,
881 1622 1039 1664 servo
1062 1617 1117 1663 et
1144 1608 1332 1663 libero.
1371 1607 1429 1665 Si
1476 1608 1625 1663 dives
1661 1609 1755 1671 sis,
1802 1607 1936 1662 nihil

348 1701 470 1770 plus
511 1699 727 1754 habebis
766 1714 924 1770 quam
965 1714 1194 1769 pauper;
1244 1699 1289 1754 si
1334 1713 1551 1768 pauper,
1595 1699 1722 1753 nihil
1761 1701 1937 1756 minus

349 1808 509 1863 quam
531 1786 677 1848 dives
710 1809 727 1848 :
755 1808 927 1863 neque
954 1803 1172 1863 propter
1197 1793 1469 1863 penuriam
1493 1794 1783 1864 spiritualis
1810 1811 1938 1851 con-

348 1888 476 1942 vivii
504 1886 705 1941 lautitia
733 1886 987 1941 minuitur
1012 1903 1025 1940 :
1056 1886 1231 1941 divina
1257 1885 1450 1957 quippe
1476 1890 1644 1958 gratia
1673 1898 1754 1944 est
1775 1931 1791 1956 ,
1818 1905 1937 1958 qua:

350 1992 701 2047 personarum
750 1976 1035 2033 discrimen
1076 1994 1183 2032 non
1231 1979 1468 2048 respicit.
1517 1979 1585 2033 Et
1625 1979 1748 2049 quid
1791 1981 1933 2047 dico,

348 2069 593 2132 eamdem
632 2069 848 2139 pauperi
892 2076 947 2124 et
981 2069 1131 2123 diviti
1166 2070 1357 2141 apponi
1384 2072 1662 2125 mensam?
1688 2071 1753 2126 Ei
1777 2071 1937 2126 etiam

349 2161 439 2230 qui
472 2159 771 2215 diademate
794 2160 1073 2216 redimitur
1091 2170 1145 2216 et
1165 2176 1395 2232 purpura
1414 2162 1656 2227 vestitur,
1681 2172 1840 2235 atque
1860 2172 1941 2218 to-

350 2253 456 2306 tius
480 2251 626 2308 orbis
654 2252 935 2322 imperium
966 2251 1246 2319 obtinenti,
1271 2261 1326 2308 et
1354 2253 1574 2323 pauperi
1600 2252 1667 2308 ad
1692 2254 1931 2309 eleemo-

350 2358 539 2414 synam
577 2343 819 2410 sedenti,
863 2358 965 2398 una
1009 2343 1295 2414 apponitur
1321 2359 1528 2401 mensa.
1572 2344 1719 2400 Talia
1744 2346 1940 2417 quippe

352 2444 479 2489 sunt
507 2436 648 2490 dona
677 2436 1002 2506 spiritualia;
1049 2451 1162 2492 non
1203 2436 1548 2507 dignitatibus
1572 2452 1759 2492 eorum
1787 2452 1940 2493 com-

352 2528 645 2582 municatio
664 2569 681 2595 ,
711 2528 806 2584 sed
835 2528 1091 2584 voluntati
1122 2537 1176 2584 et
1207 2530 1478 2600 proposito
1512 2529 1781 2586 tribuitur.
1827 2531 1936 2585 Ea-

353 2620 479 2673 dem
514 2619 734 2687 ﬁducia,
771 2620 960 2676 eodem
1005 2620 1210 2676 honore
1246 2620 1541 2691 Imperator
1565 2630 1621 2677 et
1648 2636 1849 2691 pauper
1872 2620 1940 2676 ad

356 2727 510 2765 usum
540 2720 592 2767 et
625 2711 1077 2781 participationem
1116 2710 1416 2766 divinorum
1449 2714 1829 2782 mysteriorum
1852 2728 1943 2767 ac-

354 2803 571 2857 cedunt.
618 2801 685 2857 Et
723 2802 847 2872 quid
875 2802 1018 2869 dico,
1052 2802 1242 2857 eodem
1272 2802 1512 2858 honore?
1552 2803 1708 2873 Saepe
1742 2819 1944 2875 pauper

356 2911 479 2949 cum
514 2896 704 2965 majori
734 2894 943 2949 ﬁducia.
993 2882 1201 2963 Quare?
1239 2894 1499 2962 Quoniam
1526 2893 1817 2963 Imperator
1844 2911 1941 2950 ne-

356 2988 620 3056 gotiorum
664 2988 806 3042 curis
840 2986 1121 3052 distentus,
1150 2994 1206 3041 et
1247 3000 1466 3041 casuum
1502 2984 1800 3056 frequentia
1838 2987 1943 3042 cir-

358 3076 659 3144 cumdatus,
685 3077 837 3149 quasi
864 3078 916 3132 in
938 3077 1070 3132 mari
1092 3091 1334 3145 versans,
1356 3077 1434 3132 sic
1454 3076 1685 3147 undique
1702 3078 1943 3147 ingruen-

358 3171 505 3225 tibus
546 3168 796 3225 ﬁuctibus
835 3170 1081 3238 agitatur,
1112 3176 1169 3224 et
1196 3168 1427 3238 peccatis
1456 3168 1636 3223 multis
1673 3168 1940 3229 fedatur;

361 3277 563 3331 pauper
603 3269 779 3317 autem
826 3260 889 3315 iis
934 3258 1234 3330 expeditus,
1278 3260 1451 3329 deque
1490 3259 1606 3313 solo
1644 3262 1945 3314 necessario

361 3353 615 3407 alimento
639 3353 922 3420 sollicitus,
953 3352 1179 3423 negotiis
1205 3366 1425 3405 vacuam
1452 3360 1506 3405 et
1524 3351 1757 3420 quietam
1783 3352 1942 3406 vitam

361 3446 588 3512 ducens,
614 3446 765 3515 quasi
803 3445 854 3499 in
896 3454 1050 3514 portu
1086 3452 1141 3498 et
1178 3444 1230 3499 in
1273 3442 1556 3512 tranquillo
1581 3443 1700 3498 loco
1727 3443 1943 3511 sedens,

363 3554 486 3592 cum
509 3539 670 3593 multa
695 3539 890 3609 pietate
913 3538 981 3593 ad
1000 3553 1239 3594 mensam
1269 3537 1464 3594 adstat.

433 3632 488 3687 4.
515 3631 701 3703 Neque
730 3648 859 3687 vero
887 3632 1010 3688 inde
1036 3632 1232 3699 solum,
1263 3632 1357 3687 sed
1384 3632 1544 3689 etiam
1571 3632 1787 3688 aliunde
1810 3646 1946 3687 mue-

365 3724 503 3780 roris
525 3726 834 3781 occasiones
862 3724 1152 3780 offeruntur
1174 3725 1237 3781 iis
1260 3725 1348 3794 qui
1373 3726 1647 3781 saecularia
1682 3725 1813 3781 festa
1839 3724 1946 3780 fre-

350 3824 641 3886 quentant.
670 3814 781 3872 lllic
804 3816 946 3872 enim
974 3831 1180 3871 rursum
1217 3831 1417 3887 pauper
1445 3816 1497 3870 in
1526 3816 1757 3881 tristitia,
1798 3816 1948 3872 dives

366 3908 419 3961 in
446 3909 638 3978 gaudio
665 3910 793 3979 agit,
826 3923 930 3963 non
964 3917 1164 3963 tantum
1190 3908 1261 3963 ob
1300 3923 1536 3963 mensam
1582 3908 1802 3979 ejusque
1833 3909 1947 3962 lau-

367 4001 557 4065 titiam,
586 4001 679 4056 sed
701 4003 859 4056 etiam
885 4001 955 4055 ob
983 4001 1298 4056 vestimenta
1322 4000 1617 4070 splendida,
1644 4008 1697 4055 et
1725 4002 1950 4056 amictus

366 4094 746 4163 prmstautiam.
773 4084 925 4162 Quod
951 4102 1169 4164 propter
1194 4107 1452 4156 mensam,
1472 4093 1700 4162 idipsum
1732 4102 1950 4164 pr0pter

368 4196 689 4239 vestimenta
747 4186 1034 4254 patiuntur.
1089 4183 1223 4239 Cum
1270 4199 1471 4254 pauper
1513 4183 1729 4239 divitem
1759 4185 1952 4239 vestitu

368 4277 658 4348 fulgentem
684 4277 845 4343 videt,
868 4276 1055 4332 dolore
1103 4278 1390 4342 cruciatur,
1431 4292 1491 4332 se
1537 4276 1790 4331 miserum
1836 4277 1951 4331 exi-

368 4369 570 4433 stimat,
590 4377 644 4423 et
665 4369 715 4423 in
745 4368 1020 4424 maledicta
1042 4368 1291 4435 erumpit.
1309 4367 1443 4423 Hinc
1455 4376 1631 4422 autem
1650 4366 1954 4437 hujusmodi

372 4474 572 4514 mmror
626 4460 929 4514 eliminatur
960 4476 973 4513 :
1008 4474 1110 4515 una
1155 4460 1350 4530 quippe
1385 4460 1632 4514 omnibus
1682 4460 1844 4514 vestis
1873 4467 1956 4514 est

370 4551 603 4606 mlutare
633 4550 995 4606 indumentum
1022 4568 1035 4604 :
1064 4550 1259 4605 clamat
1285 4551 1481 4620 quippe
1502 4550 1695 4605 Paulus
1725 4549 1809 4605 his
1834 4566 1954 4604 ver-

374 4641 453 4693 bis
484 4658 499 4694 :
532 4640 841 4710 Quicumque
881 4640 934 4692 iu
960 4639 1213 4694 Christum
1234 4640 1473 4710 baptizati
1510 4641 1648 4705 estis,
1700 4638 1955 4694 Christum

373 4732 608 4786 induistis
649 4730 792 4800 (Gal.
822 4733 876 4787 '5.
905 4731 974 4785 27
1009 4732 1050 4803 ).
1079 4730 1156 4786 Ne
1185 4732 1363 4801 igitur,
1396 4746 1600 4800 quiesn,
1655 4730 1956 4800 hujusmodi

372 4824 567 4879 festum
603 4822 1040 4887 dehonestemus,
1082 4822 1176 4878 sed
1211 4822 1373 4892 digno
1421 4822 1583 4875 animi
1632 4835 1790 4876 sensu
1838 4838 1957 4887 qua:

373 4916 531 4970 nobis
555 4915 693 4971 dona
722 4931 753 4969 a
779 4916 955 4970 divina
998 4915 1166 4986 gratia
1200 4913 1389 4968 collata
1421 4921 1573 4977 sunt,
1614 4911 1955 4982 accipiamus.

375 5008 455 5064 Ne
474 5008 719 5064 ebrietati
749 5018 805 5063 et
829 5009 966 5079 gula:
996 5024 1093 5063 nos
1122 5007 1398 5072 dedamus;
1429 5006 1521 5061 sed
1554 5007 1759 5062 Domini
1789 5007 1957 5061 nostri

375 5098 791 5154 muniﬁcentiam
820 5098 1095 5154 nobiscum
1149 5092 1487 5168 reputantes,
1533 5098 1673 5167 quod
1716 5097 1962 5152 videlicet

377 5192 490 5261 pari
544 5196 747 5247 honore
790 5192 982 5247 divites
1025 5202 1081 5247 et
1123 5206 1403 5261 pauperes,
1448 5206 1630 5245 servus
1666 5201 1718 5245 et
1767 5191 1961 5245 liberos

376 5284 642 5349 habuerit,
664 5292 719 5339 et
743 5298 1027 5339 commune
1055 5283 1300 5338 omnibus
1344 5284 1539 5338 donum
1571 5282 1833 5348 effuderit,
1865 5284 1961 5339 be-

379 5376 606 5439 neﬁcum
638 5376 786 5431 illum
812 5376 1028 5447 paribus
1049 5374 1674 5440 remuneremurofﬁciis,
1705 5377 1773 5432 ob
1796 5376 1962 5430 bene-

378 5467 665 5523 volentiam
707 5485 864 5540 quam
904 5468 1146 5524 exhibuit
1205 5468 1356 5523 nobis
1391 5484 1405 5533 ;
1448 5483 1745 5538 congruens
1785 5477 1961 5523 autem

381 5572 575 5615 munus
598 5560 755 5617 fuerit
778 5562 897 5617 vita:
922 5561 1216 5616 institutum
1244 5561 1340 5631 ipsi
1363 5561 1631 5631 placitum,
1651 5564 1965 5632 animusque

380 5653 605 5723 vigilans
626 5665 681 5711 et
706 5653 1005 5725 expeditus.
1030 5652 1138 5710 lloc
1176 5652 1393 5718 festum,
1414 5653 1525 5709 haec
1552 5652 1833 5710 celebritas
1857 5668 1960 5709 non

2046 610 2206 668 trum,
2230 602 2527 659 benedictio
2547 606 2903 674 sacerdotum,
2922 608 3225 666 divinorum
3246 622 3300 667 et
3314 629 3628 671 arcanorum

2044 694 2419 764 mysteriorum
2457 698 2784 765 communio,
2813 714 2916 768 pax
2941 711 2997 756 et
3034 703 3343 771 concordia,
3370 713 3425 758 et
3472 705 3629 775 spiri-

2044 784 2205 839 tualia
2233 784 2393 852 dona,
2426 786 2583 856 digna
2634 787 2901 859 largitoris
2942 791 3323 847 muniﬁcentia.
3377 795 3632 853 Cclebre~

2042 890 2161 930 mus
2189 876 2348 946 igitur
2369 877 2468 932 hoc
2498 878 2709 943 festum,
2741 879 2794 935 in
2819 895 2925 951 quo
2940 883 3169 938 surrexit
3191 884 3468 941 Dominus.
3499 887 3625 942 Sur.

2042 966 2359 1034 rexitenim,
2382 977 2433 1023 et
2460 968 2646 1024 orbem
2665 983 2847 1025 secum
2872 972 3166 1027 suscitavit.
3202 973 3271 1029 Et
3295 975 3385 1030 ille
3412 977 3628 1047 quidem

2044 1059 2294 1127 surrexit,
2344 1062 2532 1117 mortis
2554 1062 2777 1117 vinculis
2804 1064 3061 1135 disruptis
3090 1085 3102 1121 :
3130 1083 3227 1122 nos
3253 1079 3432 1124 autem
3462 1072 3632 1126 susci-

2046 1152 2192 1217 tavit,
2224 1162 2563 1223 peccatorum
2591 1164 2897 1210 nostrorum
2918 1157 3123 1213 catenis
3153 1160 3360 1215 solutis.
3384 1160 3630 1217 Peccavit

2043 1246 2234 1313 Adam,
2255 1256 2308 1320 et
2338 1259 2578 1302 mortuus
2592 1258 2705 1314 est;
2727 1247 2971 1306 Christus
3001 1266 3107 1306 non
3135 1255 3391 1322 peccavit,
3412 1263 3466 1310 et
3488 1271 3630 1310 mor-

2046 1348 2166 1393 tuus
2186 1348 2286 1392 est.
2311 1338 2416 1393 Res
2443 1353 2576 1393 nova
2605 1348 2660 1395 et
2685 1341 2968 1411 singularis
2992 1361 3006 1396 :
3030 1343 3118 1397 ille
3144 1346 3400 1412 peccavit,
3419 1354 3629 1401 etmor-

2045 1436 2167 1481 tuus
2189 1437 2309 1493 est;
2343 1428 2430 1483 hic
2452 1445 2554 1484 non
2580 1432 2840 1499 peccavit,
2868 1440 2922 1486 et
2941 1443 3182 1487 mortuus
3197 1444 3299 1488 est.
3322 1436 3431 1489 Cur
3455 1446 3507 1491 et
3528 1451 3631 1506 qua

2043 1515 2110 1573 de
2131 1533 2290 1573 causa
2315 1519 2338 1573 ?
2368 1518 2435 1574 Ut
2461 1520 2551 1589 qui
2581 1522 2819 1589 peccavit
2865 1531 2920 1577 et
2975 1532 3221 1578 mortuus
3250 1534 3356 1591 est,
3386 1541 3479 1595 per
3506 1542 3629 1582 eum

2043 1611 2133 1681 qui
2164 1628 2270 1668 non
2304 1613 2543 1684 peccavit
2562 1622 2617 1668 et
2642 1623 2884 1669 mortuus
2907 1624 3006 1681 est,
3041 1625 3220 1686 posset
3241 1633 3269 1669 a
3300 1619 3489 1673 mortis
3511 1620 3629 1672 vin-

2042 1703 2177 1758 culis
2208 1703 2441 1758 liberari.
2473 1704 2545 1758 lta
2574 1719 2785 1775 quoque
2812 1721 2955 1776 saepe
2993 1707 3045 1760 in
3074 1708 3395 1778 pecuniariis
3431 1710 3625 1765 debitis

2045 1793 2160 1848 ﬁeri
2190 1793 2373 1849 solet':
2429 1793 2588 1851 debet
2617 1797 2877 1866 quiSpiam
2908 1798 3065 1853 alicui
3094 1809 3394 1869 argentum,
3426 1811 3480 1855 et
3516 1803 3627 1855 sol-

2028 1900 2170 1943 :vere
2200 1886 2401 1956 nequit,
2434 1886 2660 1956 ideoque
2690 1887 3109 1958 apprehenditur
3140 1908 3153 1944 :
3185 1891 3319 1946 alius
3348 1907 3475 1947 vero
3496 1895 3629 1947 nihil

2043 1974 2266 2042 debetis,
2292 1976 2381 2046 qui
2405 1977 2662 2031 solvendo
2682 1992 2777 2046 par
2820 1987 2957 2045 erat,
2986 1991 3260 2035 numerata
3285 1983 3510 2052 pecunia
3537 1984 3630 2037 de-

2026 2065 2277 2127 bitorem.
2312 2081 2342 2119 a
2393 2066 2622 2122 vinculis
2672 2067 2936 2122 liberavit.
2991 2069 3119 2123 Tale
3166 2071 3433 2140 quidpiam
3498 2075 3635 2128 inter

2022 2155 2306 2227 ,Adamum
2328 2164 2383 2212 et
2401 2156 2671 2223 Christum
2701 2158 3021 2213 intercessit.
3047 2159 3281 2215 Adamus
3300 2162 3637 2217 eratdebitor

2047 2254 2105 2302 et
2120 2248 2272 2303 morti
2300 2249 2595 2315 obnoxius,
2612 2258 2669 2306 et
2703 2250 3039 2305 detinebatur
3059 2267 3089 2307 a
3109 2252 3321 2307 diabolo
3345 2269 3357 2305 :
3393 2253 3637 2307 Christus

2046 2360 2146 2401 nec
2165 2345 2412 2412 debebat,
2438 2362 2535 2402 nec
2555 2346 2894 2403 detinebatur
2918 2365 2933 2401 :
2966 2348 3109 2402 venit
3127 2355 3303 2401 tamen
3325 2356 3380 2401 et
3400 2347 3636 2401 debitum

2048 2438 2237 2493 mortis
2278 2439 2510 2507 explevit
2562 2453 2660 2507 pro
2702 2452 2767 2493 eo
2792 2440 2881 2508 qui
2919 2439 3258 2493 detinebatur
3303 2447 3359 2492 ut
3407 2439 3553 2493 illum
3604 2456 3634 2494 a

2048 2529 2233 2582 mortis
2270 2528 2497 2583 vinculis
2547 2529 2819 2584 liberaret.
2866 2528 3113 2584 Vidistin’
3167 2530 3421 2597 prmclara
3460 2544 3638 2584 resur-

2049 2619 2301 2673 rectionis
2347 2619 2546 2687 opera?
2579 2618 2812 2674 vldistin‘
2852 2618 3061 2672 Domini
3104 2618 3527 2687 benignitatem?
3554 2620 3634 2674 vi-

2048 2711 2226 2766 distin’
2252 2712 2668 2781 magnitudinem
2694 2711 3081 2781 providentiae?

2123 2800 2271 2855 Cibus
2289 2802 2652 2855 immoderatus
2674 2800 2925 2856 vitandus.
2942 2831 3013 2842 -—
3032 2801 3111 2857 Ne
3134 2802 3309 2873 itaque
3325 2804 3491 2858 simus
3511 2818 3635 2874 erga

2051 2901 2156 2945 tam
2191 2892 2486 2947 beneﬁcum
2527 2894 2738 2978 ingrati,
2772 2908 2941 2963 neque
2970 2894 3093 2964 quia
3122 2894 3379 2965 jejunium
3421 2884 3637 2965 praeter-

2049 2982 2164 3049 ivit,
2210 2984 2484 3053 segniores
2508 2984 2832 3051 evadamus;
2862 2985 2955 3040 sed
2983 3001 3124 3041 nunc
3171 2986 3427 3057 majorem
3474 3003 3634 3058 quam

2049 3074 2276 3129 antehac
2328 3076 2521 3130 animae
2574 3084 2771 3131 nostrae
2816 3075 3230 3132 sollicitudinem
3276 3092 3543 3148 geramus,
3571 3096 3638 3135 ne

2050 3166 2287 3236 saginata
2314 3182 2477 3222 carne
2523 3168 2699 3222 anima
2731 3167 2992 3223 inﬁrmior
3016 3170 3107 3235 sit,
3152 3184 3221 3224 ne
3260 3170 3509 3225 ancillam
3536 3186 3635 3225 cu-

2051 3270 2252 3327 rantes,
2296 3259 2562 3315 dominam
2618 3262 2966 3331 negligamus.
2995 3261 3124 3328 Qua:
3167 3262 3389 3330 utilitas,
3422 3279 3626 3331 quzeso,

2051 3351 2095 3404 si
2126 3350 2275 3406 obesi
2328 3350 2700 3421 dirumpamur
2750 3360 2805 3406 et
2848 3352 3065 3407 modum
3095 3351 3462 3409 excedamus?
3501 3354 3635 3409 llinc

2051 3441 2194 3496 enim
2224 3451 2279 3497 et
2315 3457 2508 3512 corpus
2538 3442 2911 3509 labefactatur,
2957 3452 3012 3499 et
3055 3445 3231 3499 anima
3263 3446 3493 3503 laeditur.
3527 3444 3634 3502 Sed

2054 3544 2258 3591 tantum
2301 3550 2574 3591 sumamus
2606 3545 2859 3606 quantum
2892 3538 3188 3593 necessitas
3214 3540 3461 3608 postulat,
3505 3544 3562 3592 ut
3585 3548 3639 3593 et

2053 3626 2244 3681 auimze
2260 3636 2314 3681 et
2340 3628 2551 3698 corpori
2578 3637 2831 3697 quantum
2854 3630 3103 3683 convenit
3145 3628 3458 3696 tribuamus,
3483 3644 3548 3683 ne
3575 3645 3637 3683 ea

2053 3731 2172 3785 qua:
2217 3730 2284 3772 ex
2307 3715 2508 3786 jejunio
2527 3716 2932 3786 collqeramus,
2963 3716 3237 3771 confestim
3279 3716 3635 3772 eﬁ‘undamus.

2058 3810 2208 3863 Anne
2235 3807 2493 3876 prohibeo
2534 3809 2636 3863 cibi
2675 3820 2728 3863 et
2777 3809 3118 3863 rccrcationis
3146 3808 3343 3862 usum?
3381 3808 3496 3863 Non
3521 3825 3644 3878 pro—

2057 3898 2233 3965 hibco,
2266 3901 2513 3969 inquam;
2559 3899 2653 3955 sed
2698 3899 2884 3953 hortor
2910 3910 2965 3953 ut
2993 3902 3363 3955 necessitatem
3394 3917 3460 3956 ue
3484 3917 3641 3957 exce«

2056 3993 2265 4058 damus,
2291 3993 2612 4061 nimiamque
2636 3992 2957 4062 voluptatem
2985 4007 3304 4059 reseccmus,
3333 4012 3397 4049 uc
3424 3997 3639 4050 modum

2057 4082 2410 4145 excedentes,
2457 4083 2649 4137 anima:
2687 4083 2968 4139 sanitatem
3016 4084 3409 4140 lahcfactemus.
3461 4086 3645 4157 Neque

2058 4174 2201 4229 enim
2242 4173 2513 4244 voluptate
2564 4174 2767 4228 fruetur
2820 4175 2909 4230 ille
2934 4176 3021 4245 qui
3060 4177 3394 4232 necessitatis
3450 4178 3644 4232 limites

2060 4267 2383 4336 praeteribit;
2413 4266 2572 4336 idque
2591 4266 2789 4335 optime
2817 4267 2992 4321 sciunt
3022 4267 3097 4321 illi
3127 4268 3216 4338 qui
3240 4268 3314 4323 rei
3347 4268 3637 4337 periculum

2059 4357 2301 4413 fecerunt
2333 4376 2346 4412 :
2369 4357 2677 4413 innumeras
2702 4359 2841 4412 enim
2863 4359 2962 4413 sibi
2990 4360 3296 4415 morborum
3321 4362 3528 4430 species
3555 4376 3644 4431 pe-

2062 4460 2333 4521 pererunt,
2367 4450 2659 4522 ingensque
2689 4460 2815 4505 sunt
2862 4450 3128 4506 fastidium
3152 4454 3411 4523 perpessi.
3444 4452 3641 4508 Verum

2062 4559 2168 4599 non
2202 4543 2408 4612 dubito,
2436 4546 2561 4614 quin
2602 4543 2990 4599 hortationibus
3016 4545 3148 4600 meis
3176 4560 3377 4602 morem
3406 4547 3643 4617 geratis:

2063 4636 2187 4690 novi
2213 4637 2355 4691 enim
2385 4651 2543 4705 quam
2573 4635 2927 4705 obsequentes
2953 4635 3088 4691 sitis.
3535 4632 3541 4639 “

2135 4730 2190 4784 5.
2212 4729 2567 4795 Quamobrem
2583 4728 2668 4783 hic
2683 4728 2839 4783 ﬁnem
2856 4728 3102 4784 hortandi
3126 4727 3323 4785 faciens
3339 4744 3645 4787 sermonem
3660 4753 3667 4765 ·

2065 4832 2378 4875 convertere
2430 4818 2557 4874 libet
2609 4818 2676 4873 ad
2726 4833 2841 4883 eos,
2893 4820 3070 4889 quiin
3119 4820 3218 4875 hac
3247 4821 3464 4877 lucifera
3489 4833 3650 4878 nocte

2064 4928 2208 4965 (iuno
2258 4910 2420 4965 divini
2461 4910 2791 4980 baptismatis
2818 4910 3017 4981 dignati
3046 4920 3205 4975 sunt;
3233 4911 3299 4966 ad
3330 4912 3425 4966 has
3454 4929 3649 4985 nempe

2067 5004 2313 5073 pulchras
2352 5002 2606 5057 Ecclesia:
2658 5002 2884 5072 plantas,
2939 5001 3007 5056 ad
3036 5002 3195 5057 ﬁores
3222 5003 3546 5073 Spirituales,
3578 5008 3644 5060 ad

2069 5114 2234 5152 novus
2253 5096 2446 5151 Christi
2478 5095 2689 5149 milites.
2738 5094 3127 5151 Nudiustcrtius
3176 5097 3417 5151 Christus
3454 5100 3651 5167 pende-

2069 5189 2160 5245 bat
2188 5191 2237 5243 in
2284 5190 2475 5253 CruCe,
2517 5186 2797 5242 sednunc
2844 5186 3172 5251 resurrexit;
3204 5188 3392 5242 eodem
3440 5206 3652 5259 quoque

2069 5279 2230 5334 modo
2286 5278 2338 5333 hi
2396 5278 2776 5332 nudiustertius
2839 5291 2867 5330 a
2946 5286 3164 5346 peccato
3233 5278 3604 5334 detinebantur
3635 5320 3652 5347 ,

2069 5372 2163 5427 sed
2219 5386 2360 5427 nunc
2407 5386 2526 5427 cum
2572 5369 2783 5425 Christo
2826 5380 3267 5436 resurrexerunt;
3300 5372 3388 5427 ille
3422 5388 3651 5443 corpore

2070 5474 2311 5521 mortuus
2350 5472 2432 5519 est
2482 5475 2535 5519 ct
2592 5462 2903 5529 resurrexit,
2944 5462 2996 5516 hi
3042 5477 3137 5531 per
3186 5473 3461 5533 peccatum
3504 5480 3649 5518 mor-

2074 5560 2147 5613 tui
2194 5564 2424 5613 erantet
2472 5571 2500 5609 a
2546 5565 2764 5626 peccato
2811 5565 3234 5609 resurrcxerunt.
3269 5555 3430 5610 Terra
3480 5559 3656 5623 itaque

2077 5650 2178 5707 hoc
2230 5660 2465 5711 tempore
2517 5648 2655 5705 veris
2695 5662 2881 5712 rosas,
2936 5647 3040 5702 lilia
3070 5658 3121 5704 et
3167 5648 3300 5702 alios
3354 5647 3507 5703 nobis
3557 5648 3654 5701 Ευ-
