4058 6222
498 254 600 338 in

498 396 583 451 res
637 389 841 464 profert
881 406 895 444 :
936 401 1087 457 aqua:
1138 392 1315 439 autem
1371 379 1530 435 hodie
1570 380 1684 449 ipsa
1729 387 1871 433 terra
1927 376 2086 446 longe

497 484 761 543 ammnius
820 480 972 535 nobis
1033 483 1239 547 pratum
1294 475 1603 528 ostendunt.
1660 470 1769 526 Nec
1824 469 2038 524 mireris
2066 508 2084 535 ,

496 580 711 643 dilecte,
762 573 808 629 si
856 588 923 627 ex
972 570 1124 639 aquis
1149 575 1297 637 prata
1336 565 1557 620 ﬂo'rlbus
1599 564 1848 619 distineta
1877 560 2090 631 prodie-

497 672 601 727 rint
620 667 697 741 (a)
721 684 735 721 :
755 679 925 736 neque
939 662 1081 718 enim
1105 660 1249 716 terra
1259 660 1327 715 ab
1344 657 1495 713 initio
1514 656 1806 712 sesundnm
1821 653 2089 725 propriam

496 774 743 819 naturam
798 757 1080 813 herbarum
1130 753 1367 825 germina
1408 749 1683 816 fundebat,
1728 747 1824 804 sed
1876 745 2091 801 Domini

495 856 658 913 cessit
707 852 954 923 imperio.
988 848 1121 919 Ipsa:
1173 851 1325 916 aqua:
1354 852 1479 900 tunc
1521 840 1669 898 motu
1723 840 1943 912 prmdita
1969 838 2087 894 ani-

496 947 653 1004 malia
680 944 978 1016 produxere
998 954 1118 995 cum
1141 937 1415 993 audissent
1436 952 1449 989 :
1471 932 1770 988 Producant
1797 946 1944 1001 aqua
1962 944 2084 1001 repa

497 1034 610 1095 tilia
634 1039 921 1093 animarum
950 1032 1217 1088 viventium
1248 1027 1400 1101 (Gen.
1423 1027 1478 1083 τ.
1503 1024 1597 1098 20)
1629 1044 1643 1081 :
1674 1039 1737 1080 at:
1766 1022 2089 1095 prcce‘ptnm

498 1134 552 1187 in
578 1140 713 1201 opus
737 1127 865 1184 exiit
896 1143 911 1179 :
937 1123 1223 1179 inanimata
1248 1116 1542 1175 substantia
1557 1117 1675 1171 viva
1690 1114 1936 1171 animalia
1965 1115 2092 1184 pro-

496 1222 636 1277 tulit.
666 1222 741 1275 Ita
772 1231 915 1274 nunc
951 1216 1163 1286 quoque
1207 1210 1334 1265 illttd
1360 1211 1535 1280 ipsum
1562 1214 1884 1279 prmoeptum
1911 1203 2092 1259 omnia

497 1320 773 1382 operatum
795 1317 898 1363 est.
920 1307 1070 1360 Tunc
1088 1302 1240 1367 dixit,
1278 1300 1573 1354 Producant
1596 1310 1741 1367 aqua:
1751 1296 1953 1367 reptilia
1976 1294 2092 1347 ani-

500 1418 700 1456 marum
726 1397 1037 1457 viventium:
1066 1407 1209 1449 nunc
1230 1395 1415 1469 autem
1464 1404 1569 1444 non
1608 1387 1839 1457 reptilia,
1871 1384 1967 1440 sed
1982 1383 2094 1454 spio'

503 1492 716 1549 ﬁtualia
749 1492 889 1545 dona
923 1486 1175 1541 fundunt.
1201 1474 1353 1540 Tunc
1376 1496 1527 1552 aqua:
1553 1480 1726 1551 pisces
1746 1477 1969 1533 rationis
1993 1489 2091 1532 ex-

501 1591 680 1655 pertes
739 1578 1135 1651 profuderunt;
1194 1587 1340 1629 nunc
1387 1582 1565 1627 autem
1634 1568 1979 1625 rationabiles
2038 1575 2095 1621 et

500 1671 809 1745 spirituales
856 1666 1031 1741 pisces
1078 1666 1233 1722 nobis
1280 1669 1626 1736 pepererunt,
1678 1676 1816 1730 quos
1867 1656 2093 1728 apostoli

507 1757 696 1831 piscati
718 1764 860 1810 sunt.
887 1753 1085 1818 Venite,
1108 1754 1301 1822 inquit,
1325 1761 1437 1823 post
1466 1768 1565 1819 nte,
1594 1759 1643 1805 et
1662 1751 1851 1821 faciant
1873 1768 1961 1807 eos
1982 1752 2089 1823 pis-

507 1845 986 1905 catbres’ltominunt
1011 1843 1227 1917 (Nam.
1254 1842 1308 1898 ιε
1342 1842 1460 1913 l9).
1489 1841 1668 1897 Novus
1696 1856 1825 1899 sane
1846 1840 2088 1913 piscandi

508 1938 721 1997 modus.
768 1936 901 1991 Nam
950 1936 1247 2005 piseato‘res
1286 1933 1521 1990 educunt
1563 1934 1735 2003 pisces
1762 1942 1829 1989 ex
1858 1934 2010 2005 aquis
2033 1942 2089 1990 et

507 2041 694 2101 captos
717 2036 948 2086 enecant
968 2045 984 2084 :
1006 2034 1105 2083 nos
1130 2022 1305 2083 a'utiem
1337 2028 1391 2080 in
1412 2039 1579 2095 aquas
1602 2024 1893 2095 injicimus,
1913 2034 1969 2082 et
1994 2026 2087 2096 qui

508 2120 792 2191 capiuntur
836 2118 949 2173 vita
974 2119 1259 2174 dona‘ntur.
1303 2116 1431 2172 Erat
1470 2116 1683 2185 quidem
1712 2117 1842 2172 olim
1868 2127 1923 2173 et
1949 2117 2091 2187 apud

499 2206 717 2269 Iudaeos
746 2209 948 2282 piscina
973 2222 1159 2279 aquai;
1190 2208 1375 2263 verum
1399 2204 1547 2260 disce
1572 2203 1700 2275 quid
1731 2204 1817 2259 illa
1842 2204 2095 2273 potuerit,

503 2298 561 2357 tit
586 2302 743 2371 plane
759 2299 1051 2371 perspicias
1061 2296 1364 2354 Iudaeorum
1381 2295 1637 2367 inapiam,
1655 2305 1710 2350 et
1731 2294 1888 2349 simul
1912 2292 2096 2350 videas

502 2390 804 2447 ubertatem
857 2398 1115 2444 nostram.
1141 2386 1510 2453 Descendebat,
1532 2386 1725 2456 inquit,
1766 2385 2004 2456 angelus,
2051 2389 2100 2439 et

503 2481 733 2536 turbabat
757 2484 963 2551 aquam,
981 2488 1027 2534 et
1050 2480 1135 2549 qui
1164 2479 1305 2548 prior
1317 2478 1645 2532 descendebat
1665 2486 1779 2548 post
1793 2493 1939 2548 aqua
1956 2488 2097 2531 com-

502 2573 772 2627 ntotibnem
801 2611 820 2639 ,
867 2571 1133 2626 sanitatem
1174 2569 1569 2639 consequebatur
1609 2567 1845 2640 (learnt;
1891 2569 1947 2624 5.
1990 2569 2027 2623 Δ
2051 2567 2095 2639 )‘.

502 2665 788 2723 Descendlt
812 2664 1124 2736 angelorum
1152 2662 1409 2717 Dominus
1438 2662 1490 2717 in
1520 2662 1768 2718 Iordanis
1790 2660 2013 2727 ﬂuenta;
2044 2666 2100 2717 et

502 2770 655 2830 aqua
696 2766 941 2812 naturam
980 2754 1343 2821 sanctiﬁcans,
1372 2754 1681 2808 univerSum
1709 2752 1894 2807 orbem
1936 2761 2097 2807 sana-

502 2850 599 2904 vit.
627 2848 752 2904 Ideo
774 2848 883 2902 illic
906 2846 1120 2918 quidem
1154 2845 1201 2900 is
1235 2844 1326 2915 qni
1373 2850 1497 2915 post
1532 2843 1765 2914 priorem
1801 2842 2097 2899 descende-

504 2932 629 3007 bat,
656 2956 761 2995 non
791 2940 1078 2995 sanabatur
1100 2955 1116 3005 ;
1142 2936 1345 2993 Iudaeis
1384 2937 1580 3008 quippe
1621 2935 1847 2991 inﬂrmis
1872 2945 1928 2991 et
1953 2934 2100 2990 humi

506 3031 818 3101 tepentibus
844 3029 1151 3099 huiusmodi
1182 3026 1409 3083 dabattir
1442 3028 1614 3099 gratia
1642 3044 1657 3094 ;
1706 3028 1794 3083 hic
1824 3042 1955 3083 vero
1979 3036 2101 3098 post

508 3124 742 3195 primum
781 3119 1050 3176 secundus
1074 3118 1384 3186 descendit,
1412 3128 1536 3189 post
1575 3118 1868 3174 secundum
1910 3119 2101 3175 tertius

510 3216 567 3271 et
587 3214 811 3286 quartii‘s
838 3228 854 3278 ;
881 3211 1096 3268 etiamsi
1120 3210 1405 3267 sexcentos
1433 3210 1656 3278 dixeris,
1683 3211 1893 3265 etiamsi
1932 3220 2099 3266 totum

508 3304 696 3362 urbem
742 3304 1004 3360 terrai-um
1056 3302 1110 3358 in
1140 3303 1255 3357 haec
1274 3301 1473 3357 ﬂuenta
1508 3302 1802 3373 spiritualia
1829 3302 2097 3372 injeceris,

510 3407 619 3452 non
645 3395 935 3451 insumitur
960 3395 1157 3464 gratia;
1176 3393 1377 3449 donum
1404 3408 1509 3449 non
1537 3392 1865 3461 exhauritdr,
1900 3394 2100 3451 ﬂuenta

510 3490 617 3544 non
647 3486 937 3555 ftedantur,
957 3486 1248 3543 liberalitas
1273 3502 1379 3542 non
1411 3487 1685 3542 minuitur.
1720 3485 1963 3543 Vidistin‘
1988 3502 2101 3543 ma-

510 3578 842 3652 gnitudinem
864 3578 991 3633 doni
1016 3577 1039 3630 ἲ
1060 3577 1254 3634 Audite
1287 3578 1378 3648 qui
1413 3578 1572 3634 hodie
1614 3576 1714 3634 hac
1753 3586 1907 3635 nOCte
1932 3580 1985 3634 in
2013 3591 2101 3634 sn-

513 3687 681 3743 perna
728 3670 1028 3727 Jerusalem
1068 3670 1219 3727 cives
1263 3671 1517 3741 adscripti
1567 3672 1731 3739 estis,
1780 3682 1837 3727 ct
1884 3671 2099 3743 dignam

516 3762 881 3836 magnitudine
924 3762 1192 3818 donorum
1234 3761 1531 3817 custodiam
1578 3762 1861 3831 exhibete,
1888 3770 1947 3817 ut
1973 3764 2102 3819 ube-

513 3856 710 3913 riorem
735 3855 961 3927 gratiam
978 3854 1289 3911 attrahatis:
1309 3869 1431 3910 nam
1449 3862 1631 3925 gratus
1651 3854 1720 3910 de
1733 3854 1844 3925 jam
1871 3853 2101 3925 receptis

514 3948 725 4005 animus
771 3946 980 4003 Domini
1024 3946 1443 4003 muniﬁcentiam
1488 3955 1760 4018 provocat.
1810 3945 1928 4003 Non
1978 3944 2103 4002 licet

574 4042 650 4105 (a)
666 4046 735 4094 De
756 4054 937 4093 recens
956 4041 1211 4105 baptizatis
1229 4042 1407 4105 agitur.

1274 270 1331 328 S.
1372 265 1650 325 JOANNIS
1673 260 2149 322 CHRYSOSTOMI
2191 260 2508 319 ARCHIEP.
2548 263 3079 322 CONSTANTINOP.

3682 262 3799 323 772'

2200 373 2317 442 tibi,
2348 374 2561 443 dilecte,
2590 391 2797 431 rursum
2838 375 3178 448 quoquoiibet
3220 377 3379 435 modo
3416 376 3598 435 vivere
3636 398 3651 435 :
3692 376 3796 435 sed

2196 464 2347 537 leges
2377 467 2473 521 tibi
2504 476 2559 522 et
2602 468 2810 539 regulas
2849 470 3164 538 praescribas
3190 511 3209 538 ,
3238 483 3296 526 ut
3325 482 3578 529 accurate
3604 476 3793 531 omnis”

2197 559 2466 629 perticias,
2499 567 2553 613 et
2574 576 2817 631 magnam
2840 562 3135 617 custodiam
3171 562 3426 619 adhibeas
3451 564 3617 620 etiam
3650 565 3792 621 circa

2199 665 2262 705 ea
2289 666 2409 721 qua:
2437 651 2571 705 levia
2610 660 2865 721 putantur
2903 662 3041 708 esse.
3076 654 3356 709 Certamen
3384 654 3583 725 quippe
3612 654 3791 710 lucta-

2195 747 2301 811 que
2326 748 2411 797 est
2430 742 2606 797 omnis
2629 741 2738 796 vita
2778 742 3033 813 prai‘sens,
3062 752 3117 799 et
3154 748 3250 800 eos
3286 746 3379 815 qui
3404 746 3575 801 semel
3598 747 3654 800 in
3685 747 3788 803 hoc

2198 833 2414 889 virtutis
2456 833 2631 889 stadio
2664 843 2790 889 sunt
2820 835 3049 905 ingressi
3094 852 3215 891 sese
3257 838 3475 893 omnino
3504 839 3794 896 Continere

2196 940 2297 998 par
2320 932 2405 982 est
2429 940 2449 981 :
2480 924 2659 980 Omnis
2687 926 2819 980 enim
2842 926 2929 996 qui
2954 926 3008 980 in
3035 943 3195 998 agone
3223 928 3503 994 contendit,
3544 930 3609 983 ab
3631 933 3793 983 omni-

2197 1019 2286 1074 bus
2307 1037 2360 1075 se
2383 1021 2599 1075 abstinet
2631 1019 2651 1091 (
2685 1020 2739 1075 Ι.
2766 1019 2883 1075 Cor.
2916 1020 2973 1076 9.
2999 1018 3070 1076 25
3096 1021 3137 1091 ).
3180 1019 3296 1075 Non
3341 1019 3501 1075 vides
3537 1032 3795 1091 quantam

2200 1128 2253 1167 tn
2291 1113 2552 1191 gymnicis
2608 1112 2989 1168 certaminibus
3034 1113 3116 1167 sui
3156 1128 3339 1166 cnram
3383 1111 3655 1179 habeant,
3708 1113 3797 1183 qut

2196 1217 2320 1259 cum
2372 1204 2679 1258 hominibus
2729 1214 3002 1258 certamen
3058 1214 3431 1272 susceperunt,
3491 1214 3799 1273 quantaque

2198 1296 2517 1351 abstinentia
2547 1311 2742 1367 corpus
2770 1292 3091 1351 exerceant?
3114 1290 3186 1351 ita
3216 1305 3270 1351 et
3298 1296 3385 1350 hic
3413 1308 3473 1350 se
3499 1312 3587 1351 res
3610 1296 3806 1351 habet.-

2198 1388 2329 1454 Quia
2388 1392 2494 1443 nan
2546 1397 2629 1444 est
2694 1389 2848 1443 nobis
2898 1389 3205 1444 colluctatio
3250 1404 3372 1444 eum
3444 1389 3791 1448 hominibus.

2198 1480 2293 1535 sed
2376 1493 2498 1535 cum
2558 1480 2921 1550 spirituaiibus
2988 1481 3280 1550 nequitias,
3336 1491 3515 1535 nostra
3574 1481 3797 1534 excrci-

2200 1568 2330 1627 tatio
2375 1583 2431 1627 et
2486 1571 2805 1628 abstinentia
2854 1572 3148 1644 spiritualis
3180 1572 3249 1626 sit
3294 1590 3307 1625 :
3353 1586 3469 1626 nam
3506 1582 3559 1628 et
3605 1586 3799 1639 arma,

2198 1657 2389 1739 Quibus
2438 1670 2538 1723 nos
2591 1668 2759 1721 induit
2809 1668 3095 1732 Dominus,
3152 1666 3443 1736 spiritualia
3500 1674 3641 1719 sunt.
3682 1665 3793 1718 Ha-

2200 1759 2323 1814 beat
2370 1757 2526 1828 igitur
2553 1757 2740 1812 oculus
2787 1766 2914 1811 suos
2958 1757 3217 1812 terminos
3249 1765 3303 1811 et
3352 1756 3585 1827 ragulas,
3614 1771 3683 1811 ne
3706 1764 3795 1811 te-‘

2202 1866 2351 1907 mere
2398 1851 2579 1906 statim
2631 1851 2683 1904 in
2725 1851 2937 1921 qumvis
2980 1842 3135 1906 obvia
3178 1846 3378 1904 feratur
3416 1865 3433 1903 ε
3480 1848 3687 1903 habeat
3738 1857 3799 1902 es

2200 1943 2374 2012 lingua
2404 1957 2558 1997 suum
2586 1949 2793 2011 septum
2818 1982 2833 2009 ,
2862 1950 2919 1996 ut
2948 1956 3017 1997 ne
3059 1938 3291 1997 mentem
3340 1948 3667 1995 antevertat.
3712 1938 3797 1994 [de

2194 2031 2341 2086 circo
2367 2032 2512 2087 enim
2545 2039 2596 2083 et
2624 2029 2811 2081 dentes
2857 2038 2911 2082 et
2957 2026 3091 2080 labia
3131 2026 3197 2081 ad
3242 2029 3435 2097 linguae
3478 2028 3780 2083 cnswdiatn

2196 2130 2373 2177 creata
2394 2132 2538 2185 sunt,
2560 2134 2627 2175 ne
2652 2133 2904 2189 umquam
2935 2118 3231 2173 inconsulto
3256 2133 3350 2188 per
3372 2120 3568 2173 ostium
3597 2132 3781 2173 erum-

2200 2221 2320 2284 pat;
2350 2213 2444 2268 sed
2476 2222 2758 2282 postquam
2802 2210 2979 2265 omnia
3026 2224 3143 2279 quae
3182 2208 3249 2263 ad
3288 2224 3347 2263 se
3383 2210 3654 2278 pertinent
3679 2210 3783 2263 rite

2196 2303 2545 2375 disposuerit,
2576 2313 2705 2358 tunc
2736 2317 2857 2357 cum
2887 2300 3033 2357 omni
3075 2310 3265 2355 ornatu
3294 2308 3349 2356 et
3371 2299 3571 2355 decoro
3593 2304 3781 2368 proceo‘

2201 2397 2317 2464 dat,
2338 2406 2393 2451 et
2420 2395 2723 2464 huiusmodi
2751 2396 2988 2465 proterat
3018 2394 3201 2458 verba,
3232 2402 3292 2447 ut
3310 2394 3403 2448 det
3428 2394 3655 2463 gratiam
3685 2405 3779 2446 an-

2206 2481 2474 2537 dientibus
2496 2498 2703 2553 ,eaque
2743 2484 3025 2553 profundat
3049 2480 3195 2537 (ﬁcta
3220 2498 3340 2553 qua:
3372 2482 3439 2536 ad
3470 2482 3684 2537 illorum
3714 2483 3797 2537 in-

2203 2568 2541 2629 stitutionem
2575 2572 2874 2629 conferant.
2897 2574 3138 2630 Solutum
3160 2587 3288 2628 vero
3315 2573 3483 2628 risum
3516 2571 3798 2629 declinare

2203 2664 2423 2735 prorsus
2471 2666 2721 2736 oportet,-
2748 2664 3071 2737 incessttque
3116 2664 3358 2720 modesto
3388 2666 3485 2720 n‘e‘t:
3528 2664 3801 2719 concitato

2208 2765 2361 2812 veste
2400 2757 2691 2811 constricta
2720 2756 2933 2827 prodire
2964 2771 3061 2829 par
3100 2763 3217 2822 est;
3245 2762 3300 2809 et
3329 2755 3408 2809 sic
3451 2755 3595 2810 omni
3626 2738 3809 2809 modo,

2201 2859 2323 2901 sese
2368 2847 2659 2902 concinnet
2701 2855 2915 2917 oportet
2957 2848 3003 2902 is
3047 2845 3138 2916 qui
3190 2844 3317 2900 huic
3353 2845 3558 2900 virtutis
3610 2844 3803 2900 stadio

2204 2952 2401 2992 nomen
2450 2937 2598 2993 dedit
2638 2955 2653 2993 :
2696 2945 2951 2994 externus
2991 2939 3139 2994 enim
3184 2937 3551 2992 membrorum
3595 2935 3803 2993 modus
3904 2946 3905 2949 ‘

2205 3028 2537 3098 compositus
2565 3038 2647 3084 est
2673 3028 2825 3099 quasi
2856 3029 3032 3100 imago
3054 3028 3328 3084 interioris
3358 3028 3553 3082 animae
3578 3036 3774 3082 status.

2276 3120 2330 3175 6.
2355 3121 2411 3177 Si
2454 3120 2523 3177 ad
2557 3121 2860 3192 huiusmodi
2901 3120 3340 3177 consuetudinem
3382 3135 3484 3176 nos
3526 3119 3596 3175 ab
3638 3119 3800 3175 initio

2203 3216 2661 3285 composuerimus
2684 3256 2701 3281 ,
2751 3214 2889 3271 facili
2923 3215 3181 3285 deinceps
3222 3212 3629 3286 progredientes
3668 3212 3755 3267 vis
3777 3253 3801 3279 ,

2203 3308 2455 3362 virtutem
2484 3320 2699 3363 omnem
2739 3321 3141 3378 percnrremus,
3181 3321 3279 3363 nec
3304 3306 3475 3361 multo
3511 3306 3805 3376 egebimus

2204 3396 2408 3467 labore,
2430 3400 2762 3469 multumque
2782 3396 2936 3453 nobis
2955 3397 3024 3453 de
3047 3398 3181 3453 cato
3202 3396 3486 3452 subsidium
3514 3395 3807 3452 adscisce-

2204 3505 2345 3546 mus.
2396 3491 2489 3547 Sic
2533 3491 2677 3547 enim
2720 3491 3003 3562 praesentis
3056 3490 3181 3545 vita:
3224 3484 3410 3544 ﬂuctus
3457 3495 3574 3543 tuto
3603 3487 3808 3545 licebit

2206 3582 2567 3638 transmittere
2588 3623 2605 3647 ,
2663 3582 2975 3652 laqueisque
3029 3580 3227 3637 diaboli
3273 3579 3535 3651 superatis
3584 3589 3804 3637 aeterna

2205 3675 2342 3729 bona
2379 3674 2632 3745 consequi
2656 3716 2671 3740 ,
2704 3674 2873 3745 gratia
2906 3684 2963 3730 et
3000 3673 3327 3744 benignitate
3370 3671 3579 3727 Domini
3616 3673 3800 3728 nostri

2204 3762 2331 3821 Jesu
2357 3765 2590 3833 Christi,
2618 3780 2743 3820 cum
2770 3781 2877 3836 quo
2902 3766 3047 3821 Patri
3076 3765 3233 3820 simul
3262 3773 3318 3820 et
3347 3763 3569 3835 Spiritui
3606 3772 3805 3819 sancto

2204 3856 2403 3927 gloria,
2438 3856 2755 3928 imperium,-
2782 3856 2953 3914 honor
2991 3870 3131 3913 nunc
3160 3863 3216 3913 et
3238 3868 3486 3928 semper,
3520 3864 3577 3913 et
3604 3853 3659 3909 in
3688 3862 3802 3910 sa:-

2206 3948 2325 4005 cula
2354 3948 2698 4005 saeculorum.
2730 3950 2924 4005 Amen.
