4058 6222
519 236 623 290 173
1196 237 1253 293 S.
1288 235 2093 301 JOANNISCHllYSOSTOMI
2133 234 2449 291 ARtZHll‘JP.
2489 232 3036 292 CONSTANTlNOP.
3635 237 3736 288 ’ἳῗι

2887 391 3048 400 νην-ν...

2253 394 2390 400 -ς-ι
2405 392 2472 402 ην..

3535 390 3732 404 ’Ἦ

3550 407 3741 417 -ο

1406 645 1757 707 MONITUM
1797 639 1873 708 IN
1911 638 2287 708 HOMILIAM
2340 645 2815 720 SEQUENTEM,

572 851 678 910 Ubi
700 853 936 923 primum
965 852 1020 907 in
1044 853 1185 908 hanc
1215 851 1517 918 bomiliam,
1544 866 1608 907 es
1635 850 2018 922 Manuscriptis
2039 851 2224 922 Regiis
2249 860 2304 906 et
2335 851 2701 907 Ottoboniano
2723 860 2955 916 erutam,
2980 845 3169 918 incidi,
3214 851 3399 922 putavi
3439 866 3560 906 cam
3606 865 3735 909 esse

501 946 792 1001 secundam
821 959 986 1014 quam
1008 943 1431 1015 Chrysostomus
1457 944 1718 999 habuerat
1735 944 1802 999 de
1832 943 2189 1013 inscriptione
2211 945 2493 1010 Actorum,
2527 945 2620 999 sed
2659 944 2867 1014 aliquot
2905 945 2959 996 in
2989 944 3121 999 locis
3141 943 3486 998 librariorum
3511 945 3744 1003 ausibus

499 1047 823 1092 temeratam
860 1053 875 1091 :
907 1038 1262 1106 quamobrem
1282 1050 1402 1090 eam
1430 1035 1484 1090 in
1517 1033 1836 1091 Prefatione
1853 1035 2012 1103 primi
2035 1035 2189 1090 Tomi
2217 1050 2430 1106 paragr.
2455 1034 2488 1090 9
2507 1043 2681 1089 utsuo
2711 1035 2900 1089 ordine
2923 1035 3184 1090 edendam
3211 1037 3508 1090 enuntiari.
3538 1036 3742 1094 Verum

498 1145 560 1186 re
596 1139 785 1199 postea
851 1128 1168 1199 diligentius
1191 1143 1453 1198 perpensa
1487 1136 1542 1183 et
1574 1129 1882 1184 accuratius
1914 1127 2494 1197 examinata,comperi
2520 1143 2642 1183 esse
2673 1135 2958 1182 centonem
2992 1127 3157 1182 variis
3183 1143 3250 1183 ex
3277 1128 3538 1194 homiliis,
3574 1140 3746 1201 atque

498 1232 559 1280 ut
590 1223 804 1279 videtur
829 1223 995 1281 variis
1027 1240 1091 1279 ex
1111 1223 1471 1294 scriptoribus
1498 1225 1956 1287 consarcinatum,
1992 1223 2085 1292 qui
2116 1232 2324 1292 partem
2357 1223 2506 1278 illius
2529 1222 2764 1277 liomiliae
2804 1221 3057 1277 secundae
3088 1221 3465 1292 Chrysostomi
3493 1224 3547 1277 in
3574 1225 3732 1294 prin-

497 1317 700 1386 cipium
723 1317 982 1371 Actorum
1014 1332 1120 1371 non
1144 1317 1422 1370 minimam
1448 1315 1841 1386 complectitur.
1869 1314 1958 1368 Ea:
1986 1322 2168 1369 autem
2200 1313 2439 1368 homilite
2483 1328 2714 1368 numero
2736 1313 2979 1383 quinque
3007 1313 3074 1366 de
3104 1314 3362 1367 Actorum
3381 1315 3740 1383 inscriptione

495 1418 660 1478 atque
689 1409 848 1464 titulo
879 1409 1115 1464 maxime
1151 1409 1405 1479 agebant.
1442 1407 1565 1464 Illas
1611 1408 1692 1464 sic
1731 1408 1877 1464 clare
1909 1415 2319 1474 commemorat,
2351 1417 2404 1462 et
2428 1423 2537 1479 quo
2573 1408 2763 1462 ordine
2803 1408 3043 1461 locanda:
3077 1408 3189 1462 sint
3219 1406 3460 1476 assignat
3490 1407 3732 1476 Chryso—

495 1509 730 1562 stomus,
771 1499 1004 1553 llomilia
1037 1499 1194 1553 tertia
1235 1500 1289 1554 in
1329 1499 1651 1568 principium
1679 1497 1959 1563 Actorum,
1999 1512 2163 1567 quam
2202 1497 2327 1567 quia
2363 1499 2620 1565 secunda,
2656 1497 2722 1551 de
2755 1513 2861 1567 qua
2884 1499 2996 1565 jam
3026 1497 3222 1566 agitur,
3269 1495 3480 1560 excidit,
3505 1498 3728 1550 tertiam

494 1591 796 1646 locavimus
818 1600 872 1644 et
906 1590 1309 1660 inscripsimus,
1339 1591 1445 1646 etsi
1484 1606 1712 1645 numero
1744 1599 1938 1660 quarta
1965 1598 2128 1644 esset.
2163 1588 2220 1644 In
2246 1605 2311 1644 ea
2360 1605 2490 1644 vero
2517 1605 2670 1643 num.
2712 1589 2748 1642 2
2791 1589 2863 1642 ita
2917 1588 3149 1657 legitur:
3190 1585 3264 1639 Eo
3287 1588 3369 1656 ﬁt,
3396 1597 3450 1639 ut
3493 1603 3608 1640 cum
3641 1585 3717 1640 ad

492 1693 740 1755 quartum
760 1683 877 1752 jam
912 1683 1049 1737 diem
1083 1685 1460 1752 expositionem
1483 1684 1904 1754 produxerimus,
1927 1681 2144 1734 necdum
2165 1692 2337 1736 tamen
2365 1697 2526 1735 unam
2548 1681 2937 1748 inscriptionem
2966 1681 3285 1748 potuerimus
3316 1679 3601 1746 prazterire,
3626 1677 3717 1733 sed

492 1777 667 1830 adhuc
693 1777 835 1829 circa
875 1776 1027 1830 illam
1059 1792 1339 1830 versemur.
1373 1777 1438 1831 Et
1475 1777 1637 1845 paulo
1676 1783 1839 1844 post:
1881 1772 2071 1844 Itaque
2098 1775 2266 1840 primo
2303 1773 2388 1826 die
2414 1789 2514 1826 non
2544 1789 2654 1827 esse
2704 1783 2891 1827 temere
2938 1772 3326 1842 prwtereundas
3363 1770 3728 1836 inscriptiones

491 1867 872 1939 dicebam,quo
891 1877 1120 1938 tempore
1147 1869 1361 1922 titulum
1390 1868 1531 1923 vobis
1548 1869 1734 1922 altaris
1766 1867 1886 1936 legi,
1923 1881 1990 1920 ac
2009 1863 2168 1919 Pauli
2194 1865 2504 1920 sententiam
2556 1866 2848 1920 ostendi....
2905 1865 2970 1919 In
3009 1867 3104 1919 hoc
3135 1866 3287 1919 desiit
3315 1866 3484 1933 priori
3502 1866 3588 1918 die
3616 1874 3732 1918 tota

491 1961 739 2016 doctrina
772 1978 791 2016 :
815 1972 934 2032 post
961 1960 1111 2014 illam
1142 1953 1367 2015 secundo
1395 1961 1502 2024 die,
1533 1962 1623 2031 qui
1647 1961 1770 2014 libri
1796 1968 1928 2013 esset
1946 1959 2090 2014 illius
2114 1969 2303 2013 auctor
2329 1959 2688 2029 quasivimus,
2733 1969 2782 2012 et
2825 1959 3114 2012 invenimus
3167 1957 3259 2010 Dei
3296 1957 3471 2026 gratia
3526 1955 3732 2012 Lucam

488 2053 885 2124 evangelistam,
922 2052 1205 2122 multisque
1245 2053 1387 2107 vobis
1415 2052 1946 2106 demonstrationibus
1971 2067 2077 2105 rem
2101 2051 2156 2105 in
2183 2052 2466 2121 quastione
2489 2051 2715 2119 positam
2749 2049 3107 2118 provabimus.
3143 2047 3206 2102 Et
3235 2048 3424 2115 paucis
3470 2049 3716 2118 interpo-

490 2143 608 2199 sitis
629 2144 866 2199 clarius:
901 2143 1088 2198 Prima
1107 2145 1270 2214 igitur
1286 2146 1370 2199 die
1388 2145 1803 2215 deinscriptione
1829 2160 1846 2198 :
1874 2143 2102 2199 secunda
2121 2159 2238 2197 vero
2264 2142 2350 2196 die
2386 2146 2448 2196 de
2467 2157 2525 2196 eo
2545 2159 2633 2212 qut
2663 2142 2854 2196 librum
2887 2143 3098 2210 scripsit
3127 2157 3145 2195 :
3176 2143 3330 2194 tertia
3348 2142 3433 2194 die
3461 2143 3721 2195 disserui-

491 2251 608 2289 mus
639 2236 778 2305 apud
820 2253 908 2290 eos
958 2239 1049 2306 qui
1084 2239 1423 2305 advenerunt,
1455 2240 1517 2294 de
1561 2234 1713 2293 initio
1741 2237 2050 2308 Scriptum,
2092 2246 2142 2291 et
2176 2235 2499 2290 Ostendimus
2518 2235 2645 2306 quid
2666 2237 2734 2289 sit
2769 2245 2966 2296 actum,
3005 2234 3131 2303 quid
3160 2235 3228 2287 sit
3248 2231 3587 2298 miraculum,
3608 2242 3714 2288 ctc.

491 2323 560 2378 Et
590 2323 643 2376 in
687 2339 753 2378 ea
796 2323 1040 2389 bomilia,
1065 2339 1186 2393 quae
1210 2337 1403 2395 quarta
1443 2327 1498 2380 in
1532 2320 1854 2396 principium
1896 2317 2518 2386 Actorum'inscribitur,
2554 2325 2634 2379 sic
2675 2325 2875 2379 habet:
2913 2323 3038 2376 Dixi
3083 2335 3193 2378 tum
3225 2325 3492 2392 temporis,
3536 2342 3568 2376 a
3613 2341 3718 2392 qua

489 2415 714 2481 scriptus
733 2413 890 2480 fuerit
911 2414 1042 2468 liber
1068 2410 1340 2482 Actorum,
1374 2426 1424 2470 et
1451 2419 1571 2484 quis
1606 2421 1775 2487 operis
1805 2419 1954 2471 istius
1991 2425 2179 2469 auctor
2217 2416 2412 2485 fuerit;
2469 2416 2573 2467 imo
2604 2430 2720 2468 vero
2753 2431 2857 2468 non
2887 2415 3003 2485 quis
3035 2425 3220 2467 auctor
3258 2417 3451 2482 aperis,
3481 2413 3571 2467 sed
3595 2417 3714 2481 quis

492 2503 749 2557 minister.
791 2501 915 2557 Non
939 2505 1080 2559 enim
1111 2505 1200 2558 ille
1227 2522 1343 2576 qua
1370 2507 1518 2561 dicta
1555 2519 1675 2561 sunt
1712 2509 1986 2576 produxit,
2010 2507 2100 2560 sed
2139 2507 2226 2572 iis,
2265 2522 2382 2576 qua:
2422 2505 2568 2560 dicta
2609 2517 2730 2560 sunt
2754 2507 3091 2561 ministravit.
3119 2507 3197 2561 Ex
3221 2508 3306 2562 bis
3329 2509 3595 2577 liquidum
3635 2516 3719 2563 est

492 2594 770 2649 homiliam
801 2596 1095 2652 secundam
1126 2599 1180 2653 in
1213 2599 1560 2670 principium,
1605 2616 1700 2655 seu
1735 2601 1788 2654 in
1820 2601 2034 2653 titulum
2059 2601 2317 2653 Actorum
2365 2599 2510 2653 illam
2564 2616 2684 2656 esse
2720 2600 2772 2654 in
2815 2617 2919 2670 qua
2960 2601 3358 2671 disquirebatur
3398 2601 3522 2672 quis
3578 2612 3727 2657 esset

489 2695 680 2743 auctor
698 2688 820 2743 libri
848 2689 1082 2745 Actuum
1104 2691 1486 2760 Apostolorum
1513 2709 1529 2757 ;
1567 2707 1741 2762 neque
1768 2693 1945 2746 minus
1971 2700 2185 2747 constat
2213 2691 2301 2745 illa
2323 2695 2527 2756 omnia,
2555 2709 2675 2762 qua:
2701 2693 2910 2747 articuli
2945 2692 2978 2747 8
3001 2704 3055 2748 et
3091 2692 3123 2748 9
3163 2692 3305 2748 infra
3349 2695 3725 2764 complectun-

497 2787 614 2866 tur,
656 2783 724 2839 ad
744 2782 885 2840 hanc
909 2782 1188 2840 bomiliam
1220 2785 1493 2856 pet-linere
1529 2805 1541 2840 :
1579 2802 1704 2842 nam
1741 2786 1813 2840 ibi
1846 2787 2022 2856 primo
2051 2787 2315 2857 queritur
2341 2787 2470 2857 quid
2499 2786 2768 2858 signiﬁcet
2797 2786 2986 2842 titulus
3014 2787 3122 2858 ille,
3148 2788 3279 2842 Acta
3308 2788 3669 2857 Apostolorum
3695 2803 3720 2843 .-

1132 3268 1288 3346 [⁷⁵⁸]
1338 3281 1565 3369 ΤΟΥ
1612 3279 1987 3367 ΑΥΤΟΥ
2040 3280 2211 3367 ΕΙΣ
2264 3279 2494 3364 ΤΗΝ
2554 3274 3134 3364 ΑΝΑΛΗΨΙΝ

1572 3462 1674 3518 τοῦ
1710 3463 1934 3531 Kvplov
1973 3460 2143 3531 ἡμῶν
2176 3460 2368 3528 Ἰησοῦ
2405 3457 2660 3528 Χριστοῦ
2681 3470 2730 3512 ι.

553 3794 792 3858 Πλοῦτος
819 3795 971 3866 ἡμῖν,
999 3793 1092 3848 καὶ
1132 3792 1425 3866 θησαυρὸς,
1459 3795 1554 3848 καὶ
1592 3796 1766 3866 πηγαὶ
1791 3796 1892 3866 τῆς
1925 3801 2054 3850 alt»-

479 3882 594 3936 νίου
624 3881 792 3952 ζωῆς,
822 3883 878 3936 αἱ
914 3873 1007 3936 τοῦ
1044 3882 1295 3953 Σωτῆρός
1327 3884 1464 3936 εἰσιν
1495 3885 1816 3954 οἰκονομίαι,
1853 3883 1919 3948 ἀς
1958 3879 2054 3940 καὶ

479 3968 660 4036 λέγειν
699 3965 961 4038 διψῶμεν,
998 3971 1094 4024 καὶ
1121 3969 1410 4040 κηρύττειν
1450 3971 1771 4040 σπεύδομεν,
1800 3973 1972 4026 είπέῖν
1998 3967 2056 4025 δὲ

481 4056 602 4108 κατ’
623 4055 780 4120 ἀξίαν
804 4055 904 4109 οὐκ
933 4055 1212 4127 ίσχύομεν.
1243 4057 1404 4112 Ἀλλά
1427 4058 1505 4129 τῷ
1521 4058 1670 4130 πόθῳ
1692 4060 2053 4130 συνεχόμενοι,

480 4142 577 4195 καὶ
621 4141 720 4212 τὴν
771 4142 1060 4196 ἀσθένειαν
1107 4144 1510 4215 ὁμολογοῦντες,
1564 4145 1752 4217 ὥσπερ
1801 4147 1891 4200 ὲπί
1937 4165 2057 4202 τινα

480 4227 659 4282 εὖδιον
709 4228 929 4302 λιμένα,
956 4229 1372 4302 καταφεύγομεν
1420 4234 1513 4287 ἐπὶ
1560 4234 1659 4305 τὴν
1711 4235 2057 4306 προφητικὴν

480 4315 697 4386 ἐκείνην
746 4317 930 4387 φωνήν
955 4333 968 4347 ·
1003 4317 1099 4384 Τίς
1131 4317 1390 4387 λαλήσει
1422 4321 1528 4387 τὰς
1553 4321 1912 4389 δυναστείας
1949 4322 2055 4378 τοῦ

484 4404 728 4472 Κυρίου,
777 4405 1084 4471 ἀκουστάς
1117 4406 1361 4473 ποιήσει
1405 4409 1607 4475 πάσας
1656 4411 1764 4477 τὰς
1793 4410 2056 4477 αίνέσεις

481 4488 671 4542 αὐτοῦ
685 4504 705 4552 ;
730 4478 794 4541 El
819 4489 928 4560 γὰρ
957 4488 1118 4552 αὐτὸς
1139 4492 1168 4544 6
1191 4490 1365 4560 μέγας
1390 4495 1694 4563 προφήτης,
1719 4487 1764 4561 ᾧ
1791 4495 1861 4547 τὰ
1885 4489 2056 4566 ἄδηλα

483 4575 668 4629 καὶτὰ
694 4574 901 4647 κρύφια
939 4577 1037 4647 τῆς
1068 4578 1262 4631 ἑαυτοῦ
1298 4579 1488 4648 σοφίας
1515 4582 1544 4634 6
1575 4581 1705 4645 Θεὸς
1739 4581 2050 4651 ἐγνώρισεν,

481 4663 513 4715 6
541 4661 897 4728 καταξιωθεὶς
921 4664 1104 4734 πατὴρ
1128 4665 1366 4734 Χριστοῦ
1392 4666 1675 4738 κληθῆναι,
1700 4667 1862 4720 Δαυῖδ
1891 4671 1920 4722 6
1953 4686 2056 4739 μα-

481 4749 676 4832 μάριος
710 4750 805 4804 καὶ
843 4749 1017 4820 μέγας
1043 4751 1103 4804 ὲν
1135 4753 1461 4824 προφήταις,
1504 4757 1532 4808 6
1568 4754 1772 4820 ἔνδοξος
1810 4759 1867 4810 ὲν
1899 4755 2054 4827 βασι-

482 4833 685 4900 λεῦσιν,
713 4837 742 4888 6
773 4836 867 4890 τοῦ
907 4836 1043 4892 Θεοῦ
1091 4839 1263 4909 φίλος,
1288 4841 1318 4894 6
1354 4843 1721 4916 τετιμημένην
1751 4845 1886 4916 ἔχων
1924 4847 2054 4918 παρ’

476 4929 630 5001 αὐτῷ
681 4929 924 5002 καρδίαν,
957 4921 1036 4993 ῶς
1079 4931 1241 4985 αὐτὸν
1289 4930 1382 4984 τὸν
1424 4930 1557 4985 Θεὸν
1598 4932 1804 4988 εἰπεῖν’
1851 4929 2050 5004 Εὗρον

478 5016 660 5070 Δαυτδ
686 5017 794 5071 τὸν
823 5017 929 5071 τοῦ
963 5015 1211 5082 Ἰεσσαί,
1247 5017 1436 5086 ἄνδρα
1459 5018 1608 5074 κατὰ
1641 5019 1756 5090 τὴν
1795 5022 2048 5091 καρδίαν

473 5121 626 5172 μου*
679 5106 728 5159 εί
767 5106 796 5158 6
829 5106 1066 5170 τοιοῦτος
1110 5107 1204 5161 καὶ
1249 5106 1580 5178 τηλικοῦτος,
1614 5109 1819 5163 ἀπιδὼν
1862 5113 1943 5175 είς
1986 5112 2048 5166 τὸ

481 5189 711 5259 μέγεθος
752 5192 854 5262 τῆς
883 5192 1225 5262 θεογνωσίας,
1261 5194 1473 5264 ἔλεγεν
1515 5196 1966 5268 Ἑθαυμαστώθη
2005 5201 2046 5269 ἡ

478 5276 704 5346 γνῶσίς
730 5295 846 5334 σου
868 5281 939 5346 ἐξ
965 5282 1133 5352 ἐμοῦ,
1159 5283 1541 5352 ἐκραταιώθη,
1569 5286 1640 5339 οὺ
1667 5286 1753 5355 μὴ
1787 5287 2048 5358 δύνωμαι

537 5421 564 5489 ξ’
596 5419 888 5489 ςοᾱηιῖοε..-
910 5421 1028 5489 1189
1052 5436 1064 5470 :
1094 5422 1289 5489 ξομιλία
1311 5425 1376 5480 είς
1415 5427 1500 5483 τὴν
1519 5424 1605 5489 τοῦ
1627 5427 1781 5489 Θῳμᾶ
1802 5430 2040 5486 ἀπιστίαν,

475 5483 556 5561 δαὶ
568 5483 643 5561 ἐίς
664 5484 1015 5561 ἔήᾊᾶξᾴλᾟψ
1035 5484 1122 5561 τῷ
1147 5483 1338 5561 ’ξυρίου
1362 5489 1499 5561 qui?
1545 5486 1703 5561 Ἰησοῦ
1716 5483 1937 5561 ’ΧριστοῦΔ
1951 5483 2038 5561 se?

473 5545 695 5610 ἀληθινοῦ
739 5545 882 5610 Θεοῦς
917 5545 1146 5610 Ottobon.
1172 5545 1417 5610 διώκομεν.
1443 5547 1550 5596 Mox
1596 5545 1724 5598 idem
1765 5545 1873 5600 cum
1920 5553 2038 5605 1186

477 5608 779 5670 Ιννεχὸμενοι
803 5607 884 5655 καὶ
907 5613 965 5672 τῇ
991 5608 1070 5673 βίᾳ
1088 5607 1411 5672 κρατούμενοι,
1431 5612 1509 5660 καὶ
1531 5612 1614 5670 τήν
1633 5612 1888 5664 ἀσθένειαν.

2157 3791 2307 3860 πρὸς
2331 3791 2558 3862 αὐτήν⁶
2601 3795 2649 3847 εἰ
2681 3795 2710 3847 6
2741 3795 3022 3866 προφήτης
3048 3793 3268 3849 ἀτονεῖδ
3298 3796 3436 3868 πρὸς
3469 3796 3530 3850 τὸ
3564 3797 3727 3868 μέγε-

2155 3878 2245 3942 θος
2275 3879 2485 3950 βλέπων
2517 3881 2614 3951 τῆς
2633 3880 2802 3935 αὐτοῦ
2831 3882 3109 3953 δυνάμεως
3128 3897 3145 3913 ⁸
3171 3886 3220 3936 εί
3255 3883 3467 3948 Παῦλος
3495 3888 3525 3940 6
3547 3886 3727 3938 03016-

2153 3981 2250 4033 γος
2279 3966 2373 4020 καὶ
2396 3968 2430 4037 ἡ
2457 3967 2704 4038 οὐράνιος
2728 3968 2959 4037 σάλπιγξ
2988 3970 3084 4042 βοᾷ
3103 3989 3116 4002 ι
3141 3966 3215 4026 Ὦ
3235 3972 3427 4037 ,βάθος
3453 3975 3724 4028 πλούτου

2153 4054 2252 4106 καί
2282 4058 2501 4125 σοφίας
2529 4056 2628 4110 καὶ
2660 4057 2932 4126 γνώσεως
2961 4060 3131 4124 Θεοῦ,
3166 4061 3246 4126 ὠς
3285 4061 3726 4132 ἀνεξερεύνητα

2137 4141 2226 4194 οτὰ
2261 4144 2512 4212 «patara
2537 4145 2742 4211 αὐτοῦ,
2774 4146 2871 4199 καὶ
2897 4147 3339 4215 ἀνεξιχνίαστοι
3369 4153 3430 4202 at
3454 4150 3581 4205 ὁδοὶ
3614 4155 3723 4207 αὑ-

2153 4229 2292 4284 τοῦ·
2329 4233 2378 4284 εί
2425 4232 2718 4302 προφητῶν
2756 4235 2847 4287 καὶ
2875 4235 3184 4290 ἀποστόλων
3209 4237 3449 4304 γλῶσσαι
3486 4239 3725 4292 τοσαῦτα

2153 4321 2376 4391 χέουσαι
2405 4322 2620 4392 νάματα
2638 4334 2685 4388 ο,
2717 4323 2776 4388 ἐξ
2803 4317 2875 4378 ὧν
2904 4324 3145 4397 ἐπλήσθη
3179 4328 3212 4397 ή
3240 4326 3502 4397 σύμπασα
3528 4331 3598 4398 γῆ
3625 4328 3720 4382 τοῦ

2152 4409 2352 4476 γνῶναι
2379 4407 2470 4463 τὸν
2497 4410 2721 4481 Κύριον,
2750 4412 2826 4477 ὡς
2854 4412 2996 4484 ὕδωρ
3029 4413 3164 4468 πολὺ
3205 4416 3586 4485 κατακαλύψαι
3623 4417 3721 4471 θα-

2151 4495 2387 4559 λάσσας·
2418 4498 2465 4549 εί
2496 4497 2738 4552 τοσοῦτοι
2772 4500 2862 4554 καὶ
2891 4500 3197 4571 τηλικοῦτοι
3223 4505 3456 4572 ποταμοὶ
3484 4505 3718 4574 ῥέοντες,

2151 4583 2245 4636 καὶ
2277 4583 2510 4652 πέλαγος
2541 4585 2822 4650 εὐσεϐείας
2847 4589 3222 4654 συνιστῶντες,
3244 4589 3600 4659 ὡμολόγησαν
3625 4593 3721 4662 τὴν

2150 4663 2341 4740 ἧτταν,
2378 4672 2464 4725 ἵνα
2505 4671 2717 4737 δείξωσι
2757 4673 2850 4727 τοῦ
2893 4677 3292 4746 κηρυττομένου
3321 4678 3420 4747 τὴν
3453 4679 3713 4748 δύναμιν·

2151 4758 2256 4812 ποῦ
2303 4761 2598 4831 φανήσεται
2643 4760 2802 4830 λόγου
2855 4762 3190 4834 βραχυτάτου
3237 4764 3430 4833 ψεκάς,
3462 4767 3717 4818 τοσούτου

2149 4845 2419 4916 πελάγους
2451 4849 2642 4916 σοφίας
2670 4850 3061 4920 προκειμένους
3104 4851 3240 4904 Ἀλλ’
3264 4852 3325 4904 οὐ
3365 4853 3447 4906 δεῖ
3491 4855 3627 4927 πρὸς
3663 4855 3722 4908 τὺ

2151 4930 2373 5004 μέγεθος
2425 4938 2524 5005 τῆς
2569 4934 2844 5003 θεολογίας
2871 4936 3113 5007 ὁρῶντας
3140 4940 3366 5010 ναρκᾷν,
3398 4939 3537 4992 ἀλλὰ
3581 4941 3722 5012 πρᾶς

2147 5022 2246 5090 τὴν
2278 5020 2532 5090 πρόθεσιν
2567 5021 2661 5074 τοῦ
2689 5021 2824 5076 Θεοῦ
2865 5023 3178 5094 βλέποντας.
3225 5027 3570 5098 κατατολμᾷν
3619 5029 3718 5096 τῆς

2147 5106 2296 5169 θείας
2322 5107 2973 5186 διδασκαλίαςεΒραὸεύει
2998 5112 3106 5184 γὰρ
3147 5116 3176 5167 6
3219 5113 3350 5177 Θεὸς
3389 5115 3452 5166 οὐ
3495 5119 3562 5186 τῇ
3588 5116 3718 5185 ἀξία

2147 5192 2254 5244 τῶν
2279 5193 2606 5263 λεγομένων,
2635 5185 2769 5251 ἀλλά
2800 5197 2878 5269 τῷ
2909 5200 3057 5272 πόθῳ
3085 5201 3190 5254 τῶν
3217 5185 3593 5274 κηρυττόντων
3625 5209 3716 5258 καὶ

2145 5281 2211 5349 τῇ
2238 5279 2426 5353 ἀγάπῃ
2458 5283 2568 5336 τῶν
2598 5286 2921 5340 ἀκουόντων.
2943 5289 3049 5342 Καὶ
3081 5288 3267 5360 ὥσπερ
3298 5292 3348 5343 οί
3372 5292 3714 5364 φιλόστοργοι

2149 5368 2400 5437 πατέρες,
2433 5371 2653 5425 ἐπειδὰν
2688 5374 2835 5428 ἴδωσι
2867 5377 2993 5439 τοὺς
3021 5380 3214 5442 παῖδας
3242 5379 3587 5448 ψελλίξοντας
3625 5385 3714 5434 καὶ

2148 5455 2481 5525 χωλεύοντας
2517 5462 2582 5529 τῇ
2617 5461 2779 5528 λέξει,
2811 5463 2873 5515 οὐ
2909 5463 3045 5536 πρὸς
3072 5466 3131 5518 τὸ
3155 5467 3424 5540 ἀναρθρον
3461 5468 3710 5540 βλέπουσι

2207 5552 2234 5622 ξ’
2254 5555 2373 5622 Beg.
2539 5559 2694 5622 ἀτονεῖ
2714 5562 2793 5608 καὶ
2812 5566 2977 5622 ναρκᾷ.

2207 5620 2230 5649 ⁸
2253 5617 2375 5682 Reg.
2407 5618 2526 5669 1186
2550 5621 2744 5670 τοιαῦτα
2768 5617 2985 5684 λέγουσαι
3012 5626 3214 5690 νάματα.
