4058 6222
1015 309 1077 362 ΙΝ
1120 309 1597 365 ASCENSIONEM
1641 310 1698 365 D.
1741 309 1803 362 Ν.
1845 309 1891 405 J\.
1938 312 1998 365 C.
2048 310 2131 364 ΕΤ
2167 308 2230 361 IN
2271 308 2564 364 PRINCIP.
2607 310 2763 366 ACT.
2804 309 2868 366 ll.

1450 465 1787 473 Μ

1910 464 2855 474 -φ--ρ-ᾠ--σ-ο-Ἴρ-ῌ-

324 467 611 493 ,ἵκεις-π’*
644 482 659 485 _
726 482 739 483 κ
764 484 772 485 κ
790 467 1531 488 ...μς-ζᾚὲ

1538 466 1839 473 ...υ-...η
1910 466 2788 474 ...Μ--
2875 466 3528 492 :m.

630 692 796 782 QUAS
840 706 935 767 DE
976 690 1495 791 ASSUMPTIQNE
1537 696 1683 767 VsL
1740 707 1835 766 DE
1880 694 2336 767 ASCENSIONE
2380 708 2683 768 CHRISTI
2724 698 3220 770 INSCRlBlTUR.

319 918 513 974 deinde
572 918 819 987 pluribus
847 916 1169 987 disquirilur
1204 919 1329 989 quis
1363 920 1433 975 sit
1468 920 1627 974 istius
1662 919 1784 974 libri
1822 928 2031 985 auctor,
2071 920 2435 991 probaturque
2469 935 2591 975 esse
2615 920 2814 976 Lucam
2853 939 2865 975 :
2897 929 3086 990 estque
3114 920 3423 977 dissertatio
3462 919 3550 975 illa

320 1024 445 1064 Vere
481 1010 871 1080 Chrysostomo
911 1012 1109 1082 digna;
1152 1026 1326 1081 neque
1356 1010 1606 1065 dubitare
1644 1010 1788 1075 licet,
1819 1012 1871 1065 tti
1929 1010 2107 1074 fallor,
2135 1028 2254 1067 eam
2289 1013 2355 1068 ad
2388 1013 2665 1065 homiliam
2704 1013 2817 1081 jam
2854 1022 3208 1067 memoratam
3242 1014 3532 1081 pertinere.

320 1102 599 1157 Articulus
620 1118 837 1172 quoque
866 1120 1099 1174 sequens
1132 1120 1362 1158 numero
1401 1104 1466 1158 10
1495 1103 1811 1173 inscriptus,
1840 1104 1931 1158 ubi
1967 1105 2229 1173 quaeritur
2250 1104 2464 1173 quoties
2486 1104 2737 1159 Christus
2788 1114 2909 1174 post
2951 1105 3403 1159 resurrectionem
3452 1121 3535 1174 ap-

322 1194 583 1261 paruerit,
617 1194 861 1264 ejusdem
894 1195 1133 1250 homiliae
1170 1195 1371 1251 lacinia
1408 1209 1527 1251 esse
1561 1195 1787 1249 omnino
1809 1194 2038 1261 videtur,
2075 1197 2177 1251 etsi
2207 1195 2346 1251 forte
2377 1211 2485 1249 non
2511 1198 2769 1250 continue
2800 1196 2974 1265 posita
3000 1194 3180 1250 fuerit.

391 1285 597 1339 Caetera
637 1288 822 1341 omnia
851 1302 916 1341 ex
946 1287 1111 1341 variis
1139 1286 1520 1356 scriptoribus,
1543 1297 1597 1342 et
1628 1287 1769 1340 forte
1804 1286 2063 1340 nonnulla
2090 1301 2154 1339 ex
2181 1284 2555 1355 Chrysostomi
2588 1285 2825 1339 homiliis
2855 1284 3105 1354 decerpta
3140 1293 3284 1337 sunt.
3338 1283 3552 1339 Titulus

326 1375 375 1430 in
422 1368 789 1432 Ascensi'onem
822 1376 1053 1437 Domini,
1087 1392 1191 1430 non
1216 1376 1281 1430 ad
1312 1385 1475 1431 totam
1501 1376 1802 1430 orationem
1830 1376 2099 1444 quadrare
2128 1383 2321 1445 potest,
2354 1376 2448 1429 sed
2481 1377 2546 1430 ad
2576 1375 2837 1445 quasdam
2874 1386 3079 1429 tantum
3117 1375 3261 1428 illius
3316 1376 3552 1444 particu«

323 1466 421 1519 las.
476 1465 804 1521 Prooemium
841 1482 946 1521 uott
978 1467 1218 1536 ineptum
1251 1475 1351 1521 est.
1390 1467 1446 1520 In
1488 1483 1639 1521 num.
1674 1467 1710 1519 2
1755 1480 1879 1520 cum
1906 1465 2037 1520 dicit
2063 1466 2415 1520 concionator
2451 1477 2505 1520 et
2550 1482 2607 1520 se
2640 1477 2692 1519 et
2719 1466 2996 1521 auditores
3050 1468 3190 1521 aeris
3230 1467 3548 1536 intemperie

325 1560 613 1627 impeditos
658 1558 824 1613 fuisse
845 1546 1139 1630 quominus
1178 1560 1533 1615 ascendet-ent
1576 1561 1629 1613 itt
1674 1557 1911 1611 Montem
1962 1558 2248 1624 olivarum,
2303 1557 2505 1613 indicat
2549 1558 2855 1621 homiliam,
2898 1568 2992 1611 aut
3029 1559 3133 1612 hoc
3166 1559 3357 1613 saltem
3396 1574 3559 1612 assu-

322 1660 587 1714 mcntum,
610 1651 959 1722 Jerosolymaa
980 1653 1180 1707 dictum
1207 1653 1393 1709 fuisse.
1415 1640 1470 1706 ln
1495 1658 1719 1706 numero
1747 1652 1781 1706 5
1809 1640 2030 1713 dicitur,
2068 1651 2263 1705 lectunt
2296 1648 2463 1704 fuisse
2486 1650 2576 1705 illo
2599 1650 2686 1703 die
2731 1650 2857 1703 illud
2885 1666 2951 1704 ex
2984 1651 3265 1721 evangelio
3286 1648 3511 1704 Joannis
3538 1668 3550 1702 :

323 1723 458 1793 Cum
490 1757 605 1795 sero
638 1751 772 1795 esset
802 1742 887 1794 die
916 1736 1014 1795 illa
1058 1759 1163 1795 una
1197 1743 1540 1796 sabbatorum
1581 1751 1709 1805 etc.,
1742 1756 1863 1810 qua:
1895 1749 2044 1796 certe
2072 1741 2138 1795 ad
2172 1741 2535 1797 Ascensionis-
2556 1743 2696 1797 diem
2726 1758 2835 1797 non
2872 1740 3181 1811 pertinent;
3238 1742 3292 1793 in
3330 1755 3563 1809 sequen-

322 1836 469 1889 tibus
501 1835 745 1888 numeris
777 1835 1027 1904 usquead
1052 1838 1338 1905 septimum
1368 1836 1435 1889 de
1462 1835 1563 1889 hoc
1591 1820 1862 1904 Evangelii
1885 1828 2003 1891 loco
2025 1834 2226 1904 agitur,
2249 1844 2301 1889 et
2325 1844 2507 1904 postea
2530 1836 2777 1904 pluribus
2808 1836 2875 1889 de
2915 1834 3289 1890 incredulitate
3315 1832 3558 1888 Thomas.

324 1916 562 1984 Numero
592 1931 622 1983 7
646 1930 832 1997 paucis
862 1930 927 1985 de
955 1931 1270 1986 ascensione
1296 1922 1507 1985 Domini
1529 1932 1725 1999 agitur.
1762 1928 2019 1994 Octavus,
2044 1945 2218 1985 nonus
2238 1938 2292 1983 et
2307 1930 2550 1985 decinms
2582 1942 2843 1986 numerus
2866 1930 2933 1983 ad
2960 1929 3237 1983 homiliam
3260 1928 3555 1983 secundam

326 2023 380 2075 in
430 2022 837 2091 inscriptionem
874 2026 1104 2079 Actuum
1154 2026 1534 2095 Apostolorum
1569 2026 1819 2094 pertinet,
1852 2035 1909 2080 ut
1941 2025 2203 2080 diximus.
2230 2023 2531 2081 Undecimo
2570 2041 2799 2079 numero
2822 2029 2888 2080 de
2914 2018 3096 2079 divina
3133 2040 3315 2079 mensa
3358 2024 3557 2094 agitur.

343 2114 675 2168 Duodecimo
725 2115 791 2168 de
836 2104 1069 2185 Spiritus
1100 2118 1274 2171 sancti
1308 2118 1571 2173 descensu
1612 2118 1666 2173 in
1696 2118 1992 2187 apostolos.
2050 2117 2270 2172 Decimo
2317 2118 2477 2171 tertio
2524 2119 2787 2187 quaeritur
2843 2132 2953 2186 quo
2998 2116 3263 2185 baptismo
3312 2100 3595 2184 baptizati'

325 2205 530 2261 fuerint
579 2208 811 2275 apostoli
849 2218 975 2262 ante
1029 2208 1349 2263 descensum
1393 2195 1631 2278 Spiritus
1666 2210 1861 2273 sancti,
1910 2216 1965 2264 et
2007 2209 2353 2264 concluditur
2387 2209 2689 2277 baptizatos
2742 2208 2911 2264 fuisse
2946 2208 3268 2277 baptismate
3313 2201 3561 2260 Joannis.

328 2301 552 2355 Decimo
583 2311 778 2371 quarto
809 2304 948 2357 idem
985 2315 1363 2374 argumentum
1397 2314 1678 2367 tractatur,
1704 2315 1756 2359 et
1785 2306 1963 2373 agitur
2004 2305 2235 2373 carptim
2283 2314 2469 2361 contra
2507 2304 2901 2359 Anomoeosﬂn
2935 2302 3142 2357 caeteris
3176 2316 3389 2370 quoque
3428 2298 3555 2351 arti-

337 2391 477 2445 culis
508 2390 575 2445 de
607 2392 774 2446 variis
805 2392 987 2462 agitur
1014 2393 1194 2460 rebus,
1217 2404 1265 2448 et
1287 2396 1366 2449 sic
1400 2394 1672 2448 clauditur
1702 2395 1789 2448 hic
1823 2405 2002 2459 cento,
2034 2411 2065 2449 a
2103 2395 2349 2450 Graeculo
2383 2396 2639 2464 quopiam
2671 2396 2835 2449 variis
2884 2410 2947 2449 ex
2982 2393 3115 2447 locis
3138 2392 3563 2446 cattsarcinatus.

324 2486 593 2541 (lectorum
634 2484 763 2541 Mss.
794 2486 933 2541 inter
964 2503 1022 2542 se
1044 2490 1293 2554 variant;
1328 2489 1381 2541 in
1412 2476 1576 2558 Regio
1596 2489 1740 2543 enim
1786 2488 1892 2543 abl

1994 2488 2188 2553 verbis,
2224 2489 2318 2541 καὶ
2346 2488 2665 2556 ἀναλήψεως
2699 2486 3069 2556 καὶδευτέρας
3103 2483 3423 2552 παρουσίας,
3448 2498 3569 2551 qua:

329 2591 615 2630 numerum
652 2576 688 2628 2
717 2579 997 2645 claudunt,
1051 2594 1221 2649 usque
1255 2571 1320 2634 ad
1358 2582 1471 2635 haec
1493 2581 1653 2635 verba
1682 2598 1736 2634 n.
1770 2580 1823 2647 7,
1862 2574 1891 2634 8

1994 2599 2017 2633 ε
2047 2578 2334 2650 ἀναδῶμεν
2365 2581 2442 2642 εἰς
2474 2578 2535 2631 τὸ
2565 2578 2689 2649 ὅρος
2717 2577 2813 2631 τοῦ
2847 2578 3072 2647 Κυρίου,
3099 2575 3281 2631 omnia
3316 2575 3512 2628 absunt
3549 2584 3562 2619 :

328 2686 394 2727 ac
422 2672 660 2727 vicissim
700 2673 839 2727 idem
871 2673 1067 2743 Regius
1090 2684 1211 2744 post
1250 2678 1366 2731 haec
1413 2676 1576 2730 verba
1613 2692 1839 2731 numero
1873 2677 1892 2731 l

2009 2676 2123 2729 ἀλλ’
2171 2674 2360 2745 ὥσπερ
2382 2670 2480 2744 τῆς
2509 2676 2860 2736 ἀναστάσεως
2904 2673 3059 2741 ἔσχεν
3109 2672 3391 2742 μάρτυρας
3436 2672 3562 2733 τοὺς

327 2761 641 2834 ὀφθαλμοὺς
680 2766 790 2817 τῶν
854 2766 1131 2839 μαθητῶν,
1178 2769 1349 2835 οὕτως
1404 2770 1600 2834 αὐτοὺς
1652 2772 1892 2825 αὑτόπτα

1994 2774 2109 2825 ποιεῖ
2155 2774 2254 2841 τῆς
2301 2770 2639 2841 ἀναλήψεως,
2689 2782 2897 2843 septem
2927 2781 3116 2826 octove
3150 2772 3367 2843 paginas
3409 2771 3563 2840 quis-

328 2854 519 2928 quiliis
563 2856 749 2925 plenas
794 2859 1001 2929 adjicit,
1041 2876 1165 2930 qua:
1190 2877 1294 2916 non
1328 2864 1532 2917 suntin
1567 2862 1946 2918 Ottobottiano.

1592 3152 1799 3159 ’.ν-φη---
1826 3152 2095 3158 -__——__—.____

1200 3501 1320 3595 ΙΝ
1373 3499 2178 3595 ASCENSIONEM
2230 3490 2655 3588 DOMINI

928 3676 1149 3733 Nosrnt
1190 3688 1338 3732 ausu
1370 3687 1644 3744 cuntsrt,
1691 3686 1770 3728 ετ
1814 3685 1876 3728 ια
1922 3680 2291 3725 Ριιικειριυιι
2336 3678 2630 3722 Αετοιιυιι
2664 3669 2757 3719 ιι·
2804 3661 2904 3731 (α).

1766 3807 2129 3864 οωωο

396 3929 444 3997 l.
466 3926 672 3996 Divitiae
684 3938 860 4005 nobis,
876 3951 939 3993 ac
956 3928 1739 4007 thesaurus,a=:teranuevita.1
1769 3928 1890 3982 lon-

1997 3923 2177 3980 delicit
2212 3925 2267 3990 ',
2316 3924 2441 3978 dum
2492 3923 2778 3993 potentiam
2825 3921 2939 3991 ejus
2988 3922 3232 3990 respicil;
3276 3924 3320 3979 si
3368 3923 3564 3982 Paulus

320 4023 404 4085 les
429 4039 551 4084 sunt
580 4029 878 4083 Servatoris
902 4025 1213 4081 oeconomiae
1238 4065 1251 4089 ,
1278 4038 1410 4093 quas
1435 4032 1489 4076 et
1512 4030 1762 4077 enarrare
1790 4034 1854 4073 cu
1870 4047 1886 4059 -

324 4121 498 4189 pimus
539 4128 592 4173 et
633 4117 923 4188 praedicare
962 4115 1301 4175 festinamus;
1346 4126 1441 4181 pro
1481 4114 1671 4165 merito
1711 4118 1887 4163 autem

318 4199 591 4263 celebrare
628 4224 729 4259 non
757 4206 1011 4259 valemus.
1042 4204 1236 4257 Verum
1260 4201 1523 4256 desiderio
1550 4199 1706 4268 capti,
1729 4208 1784 4253 et
1809 4198 1891 4252 in-

322 4290 626 4351 firmitatem
649 4297 962 4351 conﬁtehtes
987 4304 1240 4355 nostram,
1263 4286 1327 4345 ad
1357 4290 1717 4361 propheticam
1744 4288 1886 4342 illam

320 4404 528 4451 toeent,
551 4402 645 4441 ceu
669 4386 733 4439 ad
758 4382 1093 4454 tranquillum
1124 4384 1331 4451 portum
1355 4377 1686 4449 confugimus
1717 4397 1729 4433 :
1762 4377 1887 4443 Qui:

319 4478 549 4546 loquetur
578 4478 822 4545 potentias
844 4473 1081 4536 Domini,
1118 4470 1317 4525 auditas
1347 4470 1495 4541 faciet
1524 4486 1693 4523 omnes
1716 4466 1889 4522 laudes

316 4584 428 4630 ejus
462 4563 632 4631 (Paul.
658 4563 777 4620 105.
805 4560 891 4634 2)?
917 4563 1045 4617 Nam
1073 4564 1115 4616 si
1142 4577 1363 4631 magnus
1387 4560 1474 4613 ille
1502 4558 1778 4629 pmpheta,
1805 4558 1888 4612 cui

318 4654 628 4709 abscondita
667 4666 721 4708 et
746 4656 952 4709 occulta
983 4654 1258 4723 sapientia:
1284 4668 1393 4705 sua:
1422 4652 1677 4706 revelavit
1705 4651 1844 4704 Deus
1868 4691 1884 4715 ,

320 4745 409 4813 Qui
454 4745 698 4813 dignatus
724 4754 805 4797 est
827 4742 1022 4796 Christi
1064 4748 1214 4810 pater
1240 4740 1459 4802 vocari,
1504 4739 1664 4793 David
1707 4740 1890 4793 beatus

320 4827 408 4887 ille
435 4840 488 4887 cl.
518 4849 737 4902 magnus
770 4834 819 4885 itt
850 4832 1139 4902 prophetis,
1166 4829 1427 4898 gloriosus
1457 4828 1507 4881 in
1537 4829 1768 4898 regibus,
1795 4828 1889 4882 Dei

320 4925 543 4982 anticus.
572 4925 723 4993 cujus
747 4940 840 4977 cor
867 4922 1002 4991 apud
1036 4922 1205 4991 ipsum
1238 4924 1523 4987 pretiosum
1549 4906 1662 4975 erat
1690 4962 1704 4986 ,
1735 4921 1805 4974 ila
1834 4923 1892 4975 ut

322 5016 435 5081 lpSe
466 5014 601 5067 Deus
626 5015 826 5067 diceret
858 5031 870 5066 :
903 5010 1079 5065 Inveni
1112 5009 1275 5062 David
1314 5009 1478 5078 ﬁlium
1514 5008 1703 5076 Jes‘sw,
1732 5012 1891 5064 virum

322 5106 596 5160 secundum
622 5122 708 5158 cor
731 5113 895 5157 meum
925 5105 1063 5172 (Act.
1102 5103 1186 5157 15.
1213 5101 1337 5172 2‘2);
1369 5101 1413 5157 si
1447 5102 1534 5156 ille
1563 5103 1679 5155 talis
1704 5117 1764 5155 ac
1787 5110 1893 5154 tan-

321 5207 407 5249 tus
427 5236 441 5260 ,
478 5193 889 5263 magnitudinem
927 5192 1119 5247 divina:
1144 5192 1461 5260 cognitionis
1490 5192 1777 5261 respiciens
1813 5190 1894 5245 di-

320 5285 475 5337 ccbat
504 5301 517 5335 :
554 5284 800 5336 Mirabilis
824 5286 962 5354 ficta
987 5293 1058 5335 est
1078 5278 1285 5335 scientia
1306 5292 1393 5333 tua
1413 5298 1474 5335 ea:
1493 5298 1587 5342 me,
1611 5285 1893 5350 confortata

328 5385 404 5429 est
430 5415 445 5437 ,
479 5392 577 5426 non
616 5386 785 5442 potero
818 5375 884 5425 ad
922 5389 1031 5426 eam
1078 5372 1245 5442 (Ptol.
1279 5373 1398 5427 158.
1428 5372 1481 5441 6)
1509 5390 1523 5437 ;
1564 5372 1607 5426 si
1641 5374 1892 5441 propheta

390 5467 403 5495 ι
422 5464 535 5513 ml.
554 5471 665 5525 neg.
688 5463 807 5512 1186
820 5466 888 5512 sic
904 5462 1047 5525 etl‘ert
1064 5461 1277 5525 titulum:
1299 5460 1502 5525 Homilia
1518 5461 1567 5511 in
1588 5460 1895 5525 incredulitag

320 5532 415 5593 teni
440 5522 649 5584 Thoante,
668 5532 712 5575 et
734 5524 1056 5575 ascensionem
1078 5523 1264 5573 Domini
1300 5522 1448 5573 nostri
1468 5530 1583 5573 Jesu
1605 5522 1782 5574 Christi
1796 5522 1896 5573 ven'

320 5593 459 5707 {hac}
483 5652 720 5707 tixscrljzta
745 5660 805 5695 ex
842 5647 949 5695 cod.
993 5646 1307 5694 Ottoboniano
1340 5656 1389 5697 et
1421 5642 1591 5694 collata
1622 5658 1731 5695 cum
1754 5644 1892 5695 codd.

325 5701 586 5771 ἣυεζὲῡῑυ
622 5701 785 5768 (ἰιιιιιρ
816 5708 925 5757 ΗΠ
948 5709 989 5769 ),
1017 5716 1067 5757 ct
1086 5707 1197 5756 2017
1227 5710 1244 5768 (
1270 5721 1393 5756 nunc
1416 5707 1532 5757 1186
1554 5707 1594 5768 j.

1992 4016 2268 4083 theologus
2290 4017 2621 4084 cadestisque
2647 4015 2730 4067 illa
2761 4014 2881 4067 tuba
2912 4014 3137 4080 clamat,
3168 4007 3212 4066 0
3240 4015 3451 4069 altitudo
3471 4017 3555 4070 di-

1989 4109 2221 4160 vitiarum
2254 4118 2301 4162 et
2326 4109 2586 4177 sapientia:
2610 4117 2657 4160 et
2690 4108 2907 4159 scientia:
2948 4105 3075 4171 Dei,
3104 4122 3252 4175 quam
3282 4107 3558 4179 incompre-

1990 4190 2253 4253 hensibilia
2288 4209 2405 4253 sunt
2421 4199 2618 4266 judicia
2651 4198 2760 4269 ejus
2783 4237 2798 4260 ,
2838 4206 2883 4250 et
2909 4196 3273 4267 investigabiles
3313 4198 3406 4252 viae
3448 4200 3552 4270 ejus

1991 4290 2166 4359 (Rom.
2198 4290 2283 4343 ll.
2324 4280 2445 4356 53jl
2477 4290 2519 4342 si
2549 4288 2922 4357 prophetarum
2956 4296 3009 4341 et
3047 4288 3407 4355 apostolorum
3449 4290 3549 4343 litt-

1991 4394 2137 4449 θυαε,
2173 4389 2247 4432 tot
2276 4368 2469 4432 fluenta
2502 4379 2803 4432 cntittentes
2825 4418 2839 4440 ,
2867 4378 3058 4446 quibus
3089 4379 3289 4447 repleta
3327 4386 3408 4431 est
3437 4382 3556 4430 uni-

1992 4484 2145 4523 versa
2178 4478 2317 4523 terra
2344 4469 2642 4538 cognitione
2674 4468 2898 4531 Domini,
2928 4468 2996 4520 ita
3020 4477 3075 4519 ut
3097 4483 3231 4536 aqua
3258 4469 3418 4522 multa
3443 4485 3555 4523 ma-

1992 4563 2068 4615 ria
2098 4570 2329 4630 tegeret;
2362 4548 2405 4613 si
2435 4558 2575 4613 tanta
2607 4560 2831 4627 taliaque
2860 4558 3075 4611 ﬂumina
3102 4559 3366 4612 inﬂuentia
3390 4600 3404 4623 ,
3439 4575 3556 4628 quae

1994 4651 2206 4720 pietatis
2250 4654 2396 4705 mare
2437 4649 2781 4710 constituunt,
2823 4664 2881 4702 se
2920 4649 3155 4716 superari
3189 4652 3415 4702 fatentur
3442 4691 3456 4710 ,
3503 4648 3554 4704 ul

1993 4740 2274 4795 ostendant
2309 4740 2424 4809 ejus
2453 4740 2540 4807 qui
2586 4732 2898 4808 prmdicatur
2937 4736 3221 4807 polctttiam
3257 4756 3269 4791 :
3302 4748 3444 4791 tanto
3470 4754 3555 4791 sa-

1994 4831 2205 4900 pientia:
2236 4826 2421 4900 pelago
2461 4831 2769 4900 proposito,
2816 4828 2939 4898 quid
2987 4844 3105 4882 esse
3147 4828 3407 4882 videbitur
3436 4836 3555 4897 pcr-

1995 4937 2149 4990 quam
2182 4922 2366 4990 exigua
2392 4922 2535 4975 verbi
2563 4920 2739 4973 stilla?
2774 4919 2962 4973 Verum
2989 4929 3197 4987 torpere
3223 4934 3326 4972 non
3364 4919 3514 4974 decet
3539 4962 3554 4981 .

1995 5011 2199 5065 etiamsi
2226 5006 2291 5063 ad
2315 5011 2727 5081 magnitudinem
2762 5009 3038 5076 theologia:
3063 5008 3436 5076 respiciamus;
3464 5008 3557 5063 sed

1997 5099 2091 5154 Dei
2122 5101 2453 5170 propositum
2486 5099 2843 5169 spectantibus
2871 5098 3045 5150 divina
3073 5097 3310 5150 doctrina
3338 5098 3555 5157 ﬁdenter

1995 5201 2077 5245 est
2104 5190 2364 5243 adeunda.
2395 5190 2614 5243 Prmmia
2644 5188 2837 5257 quippe
2859 5202 2952 5243 sua
2980 5188 3115 5241 Deus
3142 5186 3424 5252 distribuit,
3453 5191 3557 5245 nod

1998 5296 2093 5349 pro
2137 5282 2390 5349 dignitate
2438 5295 2622 5333 eorum
2667 5288 2785 5347 qua:
2829 5278 3104 5341 dicuntur,
3143 5277 3234 5332 sed
3270 5278 3556 5334 secundum

1998 5371 2391 5439 priedicantinm
2417 5368 2683 5431 allectum,
2713 5375 2765 5421 et
2794 5365 3083 5421 secundum
3110 5368 3404 5421 auditorum
3426 5370 3555 5421 carl-

1999 5471 2178 5517 tatem.
2209 5464 2284 5516 Ac
2304 5458 2743 5530 quemadmodum
2772 5466 2945 5526 patres
2970 5456 3134 5527 prolis
3152 5467 3412 5522 amantes,
3436 5464 3554 5512 cuni

1998 5554 2132 5609 ﬁlios
2157 5568 2280 5605 suos
2308 5550 2487 5605 vident
2508 5549 2879 5613 balliuticntes,
2907 5557 2961 5602 et
2986 5548 3160 5604 verbis
3182 5549 3562 5618 claudicantes,

2065 5708 2081 5738 ⁸
2108 5715 2284 5767 negtiis
2300 5717 2441 5765 unus,
2468 5705 2603 5767 ΗΠ,
2628 5702 2790 5767 deﬁci!
2809 5710 2855 5755 cl
2880 5709 3050 5769 torpet.
