4058 6222
457 207 561 264 ΠΒ

456 340 566 380 non
595 323 755 378 verba
778 321 952 376 minus
972 315 1246 374 articulate
1267 317 1472 387 prolata
1498 315 1812 387 rcSpiciunt,
1834 313 1926 370 sed
1952 313 2030 368 af-

457 414 656 472 fectum
685 423 910 480 naturas,
939 413 1170 482 ipsisque
1197 410 1341 465 omni
1369 409 1637 464 rhetorico
1661 418 1914 479 apparatu
1933 448 1948 472 ,
1977 417 2031 462 ct

460 506 828 578 philosophica
867 503 1191 558 sublimitate
1214 500 1496 571 jucundior
1515 511 1597 554 est
1627 499 1715 554 illa
1745 513 2029 570 puerorum

465 597 727 652 balbuties
758 609 777 650 :
803 594 880 648 sic
901 603 1063 648 etiam
1091 591 1232 648 Deus
1256 606 1360 646 non
1402 591 1608 661 linguas
1646 598 1855 645 nostras
1890 589 2030 644 circa

460 689 782 759 theologiam
819 685 1215 751 halbutientcs,
1263 684 1357 739 sed
1399 699 1637 739 amorem
1683 681 2034 752 aﬂ‘ectumque

459 787 702 834 nostrum
727 775 964 845 respicit,
995 775 1244 846 quoniam
1279 773 1381 828 fide
1403 772 1751 844 praedicamus
1774 780 1831 828 et
1851 785 2035 826 amore

457 870 816 926 celebramus.
874 865 988 921 Non
1019 874 1194 934 potest
1227 865 1369 920 enim
1417 864 1650 919 humana
1683 861 1862 931 lingua
1891 863 2036 916 clare

456 959 640 1032 loqui,
688 957 782 1012 sed
826 955 1084 1028 quidquid
1127 955 1196 1010 de
1238 955 1346 1010 Deo
1382 954 1642 1020 dicimus,
1694 951 2037 1006 balbutiendo

458 1052 796 1124 proferimus.
842 1047 1054 1116 Quare?
1097 1047 1357 1116 Quoniam
1409 1045 1604 1101 Paulus
1645 1044 1760 1114 ipse
1795 1044 2032 1099 clamat:

459 1147 544 1201 Et
568 1154 709 1217 parte
731 1143 1073 1215 coynoscimus
1102 1151 1148 1195 et
1177 1157 1238 1195 ex
1267 1149 1408 1210 parte
1433 1137 1786 1209 prapltetamus
1816 1137 1892 1206 (1.
1913 1133 2034 1189 Cor.

459 1237 546 1296 l5.
577 1238 657 1308 9).
686 1239 935 1291 Attamen
957 1233 1164 1290 etiamsi
1197 1231 1572 1297 balbutiamus,
1602 1227 2036 1301 praedicationem

459 1332 609 1403 pacis
638 1329 794 1384 nobis
829 1329 968 1383 Deus
999 1326 1288 1382 commisit.
1321 1325 1678 1391 Quamobrem
1708 1323 1901 1376 clamat
1932 1319 2037 1374 lle-

459 1423 597 1478 saias
623 1437 637 1473 :
662 1419 730 1473 Et
751 1419 938 1490 lingua
954 1417 1212 1471 bulborum
1232 1416 1420 1472 discent
1442 1405 1578 1483 loqui
1597 1429 1770 1483 pacem
1793 1410 1841 1480 (1
1847 1410 2036 1466 ωὶεόε.

459 1515 540 1582 ι).
574 1509 813 1582 Agedum
855 1523 1196 1564 communem
1249 1506 1462 1561 Patrem
1507 1503 1894 1571 DOminutuquc
1941 1515 2040 1554 no-

459 1615 629 1658 strum
660 1600 1017 1656 balbutientes
1048 1598 1228 1668 paucis
1257 1595 1595 1665 alloquamur
1617 1635 1632 1659 ,
1660 1593 1749 1662 qui
1788 1591 2038 1660 dignatus

459 1703 544 1751 est
566 1691 838 1762 discipulis
862 1690 1065 1756 dicere,
1102 1687 1318 1742 Puerull
1347 1687 1523 1761 (Joan.
1555 1685 1641 1740 15.
1673 1684 1764 1754 55)
1805 1699 1820 1736 :
1850 1697 1972 1736 nam
1997 1681 2041 1735 si

459 1799 656 1857 pueros
692 1791 890 1849 vocat,
939 1780 1300 1837 balbutientes
1345 1791 1535 1848 pueros
1582 1775 1738 1831 feret.
1779 1773 2041 1842 Quoniam

459 1891 586 1932 vero
613 1875 746 1930 dixit
773 1887 894 1928 eum
925 1881 1254 1940 assumptum
1281 1882 1402 1924 esse
1429 1869 1480 1922 in
1518 1866 1699 1934 catios,
1724 1874 1780 1921 et
1813 1865 1899 1920 illa
1929 1863 2046 1933 ejus

459 1967 776 2026 celebranda
799 1965 1058 2022 Ascensio
1081 1963 1366 2034 praedicata
1390 1971 1492 2029 est,
1517 1975 1622 2016 non
1652 1969 1894 2029 tempore
1916 1973 2045 2012 con-

461 2062 695 2117 cluditur
721 2059 914 2131 gratia,
947 2071 1122 2128 neque
1145 2055 1335 2111 diebus
1360 2053 1814 2110 circumscribitur
1836 2050 2045 2106 theolo-

532 2248 586 2300 2.
617 2242 1055 2314 Quandoquidem
1098 2249 1276 2296 autem
1303 2255 1424 2295 cum
1459 2237 1750 2294 ascendere
1781 2231 2048 2291 vellemus

464 2337 519 2391 in
547 2335 775 2390 Montem
818 2333 1078 2388 olivarum
1102 2374 1117 2396 ,
1148 2330 1424 2400 praepediti
1450 2343 1634 2384 sumus
1657 2368 1673 2393 ,
1705 2336 1763 2384 ut
1806 2326 2052 2382 Christus

462 2427 634 2493 novit,
663 2434 718 2480 et
739 2421 1068 2494 pr0positum
1095 2429 1337 2475 nostrum
1361 2419 1602 2475 cohibuit
1619 2417 1759 2473 aeris
1785 2416 2050 2485 intempe-

463 2520 572 2575 ries
607 2525 661 2572 et
689 2513 871 2586 pOpttIi
912 2511 1208 2582 frequentia
1237 2509 1393 2581 (htec
1417 2517 1578 2580 porro
1597 2507 1717 2563 dico
1743 2517 1800 2562 ut
1824 2521 2008 2562 eorum
2029 2534 2050 2573 ι

465 2612 553 2683 qui
591 2609 643 2667 id
674 2607 802 2664 mihi
830 2607 960 2662 vitio
983 2613 1194 2661 vertere
1221 2603 1450 2669 vellent,
1484 2601 1842 2672 suspicionem
1868 2598 2054 2670 przeci-

465 2702 633 2776 dam),
655 2701 904 2776 [cumque
924 2699 1186 2755 dictorum
1209 2694 1602 2752 multitudinem
1626 2693 2050 2756 considerantes,

465 2794 677 2852 dicendi
703 2793 808 2848 cito
833 2790 991 2846 ﬁnem
1012 2789 1315 2855 fecerimus,
1337 2801 1406 2842 ne
1432 2785 1694 2841 dictorum
1721 2783 2054 2839 multitudine

466 2884 778 2941 memoriam
795 2891 1027 2938 vestram
1043 2880 1415 2944 obrueremus,
1435 2877 1594 2934 hodie
1613 2875 1848 2932 debitum
1877 2873 2056 2930 reddi-

467 2990 608 3032 mus.
626 2974 838 3030 Etenim
857 2973 942 3028 lex
955 2971 1115 3042 jussit
1129 2973 1147 3003 ¹
1163 2969 1186 3044 ]
1215 2985 1338 3027 eum
1353 2969 1444 3040 qui
1465 2971 1638 3040 primo
1655 2983 1838 3024 mense
1853 2968 2055 3023 Pascha

469 3084 582 3124 non
629 3065 1001 3130 celebrasset,
1031 3063 1268 3118 secundo
1312 3077 1500 3117 mense
1549 3061 1784 3116 debitum
1827 3061 2056 3116 solvere.

467 3158 614 3228 Opus
637 3163 812 3210 autem
839 3161 923 3209 est
947 3163 1004 3209 ut
1023 3151 1223 3220 sciatis,
1244 3151 1465 3207 verbum
1477 3151 1568 3207 Dei
1587 3166 1690 3206 non
1709 3149 2054 3219 temporibus,

470 3263 577 3306 non
603 3247 790 3302 diebus
816 3243 1178 3300 circumscribi
1202 3259 1218 3308 ;
1250 3241 1344 3298 sed
1371 3241 1604 3313 quotidie
1631 3240 2058 3312 praedicationem

474 3339 757 3396 admittere
779 3337 849 3393 de
874 3351 1055 3403 cruce,
1076 3334 1144 3391 de
1172 3335 1440 3406 passione,
1463 3333 1531 3390 de
1556 3333 1969 3394 resurrectione.
1991 3329 2059 3386 de

473 3429 807 3493 ascensione,
837 3426 906 3482 de
932 3425 1166 3482 secundo
1202 3424 1454 3480 adventu.

543 3522 600 3576 '5.
639 3521 878 3588 Cumque
903 3519 925 3548 '
957 3530 1122 3588 pauca
1164 3531 1231 3571 ex
1277 3516 1471 3571 divinis
1527 3515 1702 3570 verbis
1736 3529 1856 3584 quae
1902 3512 2060 3570 hodie

471 3603 608 3668 lecta
659 3619 783 3663 sunt
821 3615 946 3662 ante
995 3606 1489 3676 praelibaverimus,
1517 3619 1690 3674 exque
1741 3603 2061 3673 ettangelicis

473 3702 708 3759 fontibus
733 3699 1086 3762 hauserimus,
1110 3697 1189 3751 sic
1206 3697 1272 3751 ad
1291 3696 1696 3766 promissionem
1718 3695 2055 3751 accedamus.

475 3795 605 3850 Cum
624 3809 736 3848 sero
760 3790 907 3858 esset,
929 3790 1011 3844 die
1036 3790 1155 3854 illa,
1179 3806 1282 3842 una
1311 3787 1655 3855 sabbatorum,
1685 3803 1798 3840 cum
1823 3786 1956 3856 [ores
1979 3802 2059 3839 es—

473 3894 584 3942 sent
619 3885 807 3938 clausae
845 3882 929 3937 ubi
958 3889 1101 3936 erant
1125 3880 1366 3950 discipuli
1408 3879 1731 3950 congregati,
1754 3879 1886 3932 venit
1911 3875 2063 3933 Iesus

475 3977 653 4048 (toan.
673 3973 765 4029 20.
793 3971 904 4044 19).
923 3973 999 4027 Ex
1027 3988 1133 4042 quo
1159 3971 1413 4026 Servator
1436 3969 1882 4026 resurrectionem
1910 3967 2063 4022 nobis

471 4066 710 4138 paravit,
742 4077 865 4118 raro
899 4072 1121 4132 apparet
1148 4080 1162 4117 :
1189 4062 1413 4132 aliisque
1463 4075 1495 4115 a
1545 4059 1820 4115 Dominica
1875 4058 2064 4114 diebus

474 4155 752 4226 discipulis
780 4167 900 4209 sese
927 4153 1166 4208 exhibet.
1197 4150 1653 4220 Quemadmodum
1675 4151 1816 4206 enim
1842 4150 2063 4222 singulis

473 4246 711 4302 sabbatis
757 4257 1079 4316 synagogam
1107 4240 1323 4306 adibat,
1349 4251 1408 4296 ut
1452 4241 1697 4311 impleret
1739 4241 1908 4311 legem
1943 4240 2064 4296 :sic

476 4351 544 4393 ex
571 4351 679 4408 quo
702 4333 1144 4391 resurrectionem
1174 4332 1400 4402 paravit,
1421 4341 1472 4386 et
1495 4332 1683 4401 pignus
1708 4329 1906 4385 mundo
1926 4338 2064 4384 attu-

475 4425 557 4494 lit,
582 4426 670 4482 die
689 4425 960 4480 Dominica
984 4428 1244 4494 apparere
1264 4423 1488 4488 curavit,
1506 4437 1610 4476 una
1625 4419 1988 4482 sabbatorum,
2008 4433 2065 4475 ut

475 4526 679 4574 sancta:
700 4515 990 4570 Dominicaa
1019 4512 1423 4568 fundamentum
1443 4521 1680 4582 poneret.
1703 4509 1835 4567 Nam
1861 4525 1980 4581 qua:
1995 4509 2060 4564 ad

475 4609 692 4665 sabbata
725 4604 1054 4676 spectabant,
1077 4604 1236 4659 ﬂnem
1256 4602 1543 4668 habebant,
1559 4601 1894 4657 etDominica
1925 4601 2062 4668 dies,

475 4699 681 4755 scilicet
702 4693 1140 4760 resurrectionis,
1173 4692 1378 4747 initium
1417 4692 1674 4758 ducebat,
1704 4700 1764 4747 ut
1803 4690 1872 4747 de
1898 4707 2066 4761 nuper

475 4792 634 4854 dictis
645 4792 698 4846 in
715 4786 971 4844 memoria
993 4785 1184 4842 tenetis
1199 4785 1352 4841 ’.ϐυτ
1366 4784 1550 4840 beatus
1561 4783 1836 4840 Mattheus
1848 4782 2065 4839 sabbata

479 4882 800 4948 inscribens,
822 4887 878 4936 et
899 4878 1069 4934 sacris
1096 4876 1386 4932 Dominicis
1413 4875 1547 4931 dans
1573 4875 1800 4941 initium,
1831 4875 2061 4942 dicebat,

489 4967 700 5044 Vespere
714 4966 1062 5026 sabbatorum?
1078 4967 1211 5036 Quia
1229 4967 1352 5023 linis
1367 4974 1502 5034 erat,
1518 4975 1573 5022 et
1588 4981 1807 5037 vespera
1828 4967 2061 5037 priorum

477 5065 840 5131 sabbatorum,
869 5062 997 5129 Quot
1029 5061 1232 5116 lucescit
1271 5060 1325 5115 in
1362 5076 1465 5114 una
1503 5059 1821 5114 sabbatorum
1847 5059 2060 5129 (.llattlt.

477 5150 570 5210 28.
602 5154 680 5224 1).
707 5152 967 5224 Apparuit
987 5152 1145 5223 igitur
1169 5166 1292 5206 cum
1321 5152 1722 5217 resurrexisset,
1745 5159 1848 5205 una
1874 5149 2064 5206 sabba-

544 5263 823 5325 '_0ttobon.
849 5269 903 5313 et
924 5270 1040 5325 Reg.
1066 5261 1207 5325 {£47,
1230 5262 1338 5312 loco
1367 5261 1558 5325 illorum
1591 5275 1703 5325 qua:
1739 5263 1928 5313 uncinis
1947 5276 2063 5313 con-

478 5322 758 5394 cluduntur,
771 5322 1028 5394 segueuti'a
1052 5322 1294 5394 cﬂjetjunt;
1320 5322 1666 5394 uultitudincin
1695 5325 1924 5393 iacientes,
1949 5337 2061 5386 per-

479 5383 704 5454 solvendo
725 5383 901 5434 debito.
944 5391 996 5434 ut
1037 5384 1122 5447 qui
1158 5385 1371 5436 homines
1407 5385 1558 5436 simus
1579 5424 1593 5445 ,
1634 5385 1810 5447 fuimus
1832 5383 2059 5450 impares.

477 5452 662 5498 etenim
681 5445 763 5496 lca:
773 5443 929 5506 jubet.

561 5459 662 5498 mm
681 5458 929 5498 textum.

549 5511 570 5540 ί
593 5517 707 5576 ssrec
721 5505 1240 5576 omnia_desiderantur
1272 5507 1450 5576 in_ood.
1474 5509 1619 5572 Regio
1657 5507 1796 5568 2050,
1823 5521 1978 5572 usque
2000 5508 2060 5559 ad

484 5563 588 5621 iure
609 5569 775 5625 verba.
796 5581 846 5618 u.
878 5566 928 5624 7,
959 5567 1138 5626 Venite,
1161 5570 1494 5619 ascendimus.

557 5634 577 5667 ³
597 5635 680 5686 Sic
699 5646 727 5685 e
746 5631 862 5693 lies.
888 5627 1027 5680 1089.
1052 5635 1103 5678 In
1133 5634 1203 5690 8.,
1228 5634 1455 5678 teneatur.

1250 201 1306 259 s.
1343 198 1620 261 mancus
1648 191 2135 260 cnnrsosront
2170 193 2484 257 anetum).
2514 182 3050 255 constantinum

3625 189 3740 251 776

2141 324 2314 370 torum
2344 314 2460 384 ipso
2486 313 2572 368 die
2599 321 2797 369 sanctze
2815 311 3118 368 festivitatis
3149 312 3604 383 Resurrectionis,
3633 315 3726 366 Ja-

2137 407 2253 460 nuis
2270 405 2474 472 clausis,
2493 405 2576 458 ubi
2593 415 2736 459 erant
2753 404 2992 472 discipuli
3010 407 3293 475 congregati
3315 417 3522 476 propter
3543 419 3732 460 metum

2137 497 2461 564 Judworum,
2477 497 2607 550 vertit
2622 495 2796 560 Iesus,
2817 504 2866 550 et
2885 495 3022 550 stetit
3042 495 3094 548 in
3115 497 3278 550 medio
3297 494 3475 569 (Joan.
3495 497 3585 552 20.
3615 501 3731 564 11)),

2139 591 2344 662 Quippe
2372 593 2461 647 ubi
2488 599 2661 647 metus
2679 592 2854 659 adest,
2875 591 3091 646 advenit
3113 591 3180 658 is,
3201 592 3292 661 qui
3315 600 3515 646 metum
3545 591 3732 652 solvit;

2141 684 2229 739 ubi
2258 692 2544 753 tempestas
2568 683 2795 754 ingruit,
2822 682 3032 752 fulgent
3055 696 3122 738 ea
3143 697 3263 752 qua:
3290 681 3738 752 tranquillitatem

2142 784 2360 848 parant;
2388 773 2477 829 ubi
2502 774 2648 829 videt
2675 772 2923 842 scapham
2953 772 3201 828 ﬂuctibus
3227 774 3501 843 agitatam,
3535 773 3736 841 guber-

2142 866 2387 921 naculum
2432 865 2667 919 scientiae
2713 863 2906 919 affert:
2941 863 3229 933 procellam
3259 863 3449 929 sedat,
3477 861 3746 932 scapham

2145 975 2198 1012 Ill
2231 957 2573 1026 tranquillum
2606 956 2780 1012 locum
2810 957 2994 1020 ducit,
3025 955 3291 1026 ingruenti
3316 955 3524 1011 timoris
3543 956 3750 1009 morbo"

2146 1047 2435 1102 remedium
2464 1045 2701 1100 adhibet.
2726 1045 2875 1101 Stetit
2902 1044 2957 1099 in
2982 1046 3170 1109 medio;
3185 1053 3239 1100 et
3264 1044 3390 1115 quid
3420 1045 3585 1100 dicit?
3619 1043 3744 1099 Pax

2145 1136 2297 1190 vobis.
2331 1135 2406 1191 Ne
2429 1134 2646 1190 ﬂuctuet
2688 1147 2841 1190 mens
2865 1144 3044 1191 vestra
3065 1177 3079 1203 ,
3118 1151 3188 1191 ne
3219 1135 3500 1190 turbentur
3533 1136 3742 1205 cogita-

2149 1228 2320 1281 tiones
2348 1265 2364 1292 ,
2409 1241 2477 1282 ne
2526 1225 2882 1282 formidulosis
2929 1225 3338 1297 cogitationibus
3390 1229 3542 1297 quasi
3591 1227 3742 1282 bello

2146 1320 2462 1374 moi-camini
2495 1337 2508 1371 :
2541 1317 2656 1372 Pax
2695 1319 2851 1373 vobis.
2881 1319 2989 1373 Pax
3019 1319 3214 1373 bellum
3246 1319 3314 1374 de
3343 1319 3523 1374 medio
3564 1320 3736 1382 tollit.

2146 1426 2345 1467 metum
2388 1411 2580 1476 solvit,
2609 1410 2944 1465 inimicitiam
2979 1409 3218 1465 eliminat
3247 1427 3261 1464 :
3292 1408 3410 1463 Pas:
3440 1411 3585 1463 vobis.
3618 1410 3738 1464 Pax

2147 1520 2178 1558 a
2205 1505 2312 1559 Deo
2342 1519 2483 1573 saepe
2529 1503 2651 1558 data
2699 1502 3002 1557 hominibus
3028 1511 3150 1568 est,
3175 1514 3231 1557 at
3276 1518 3381 1556 non
3422 1504 3746 1558 auctoritate

2148 1599 2445 1668 przesentim
2470 1604 2523 1652 et
2547 1611 2790 1666 persona:
2814 1611 2943 1661 suae,
2974 1595 3068 1650 sed
3099 1609 3194 1665 per
3215 1596 3455 1666 angelos,
3487 1611 3579 1664 per
3604 1610 3732 1663 pro-

2151 1688 2358 1760 phe'tas,
2385 1699 2478 1757 per
2500 1687 2674 1757 justos
2698 1704 2722 1740 :-
2737 1687 2882 1741 solus
2903 1685 3174 1752 Servator,
3206 1687 3318 1756 ipse
3339 1699 3578 1756 pnesens
3598 1727 3616 1750 ,
3643 1699 3740 1754 pas-
3787 1699 3800 1708 κ

2150 1793 2266 1834 cem
2293 1779 2458 1834 dedit.
2490 1765 2696 1833 Βδῖιὶυιίι
2732 1792 2834 1848 pax
2878 1776 3002 1832 data
3040 1787 3162 1844 cst,
3193 1777 3288 1833 sed
3328 1793 3424 1848 per
3465 1778 3750 1847 angelum-.-

2153 1870 2308 1924 Visus
2336 1879 2418 1950 est
2451 1869 2657 1923 Danieli
2693 1868 2912 1939 angelus
2941 1875 2996 1923 et
3017 1868 3151 1923 dixit
3175 1887 3190 1923 :
3223 1867 3340 1922 Pax
3361 1868 3470 1933 tibi,
3500 1869 3577 1920 vir
3604 1868 3744 1921 desi-

2152 1966 2406 2019 deriorum
2430 1995 2453 2032 ,-
2493 1964 2689 2033 fortiter
2735 1963 3042 2031 uiriliterque
3089 1977 3183 2033 age
3207 2003 3224 2028 ,
3274 1962 3526 2015 Dominus
3581 1971 3753 2015 tecum

2155 2057 2315 2128 (Dan.
2346 2054 2433 2110 10.
2467 2053 2578 2126 19).
2613 2053 2771 2108 Visus
2799 2062 2880 2108 est
2903 2068 3115 2123 quoque
3145 2052 3636 2124 cheoni’angelus
3657 2094 3671 2116 ,
3694 2062 3749 2107 et

2155 2147 2289 2204 dixit
2318 2164 2332 2202 :
2367 2145 2483 2201 Pax
2507 2147 2594 2199 tibi
2623 2143 2776 2216 (Iud.
2803 2143 2855 2199 6.
2885 2143 3002 2214 23).
3024 2145 3209 2214 Angeli
3240 2144 3416 2213 itaque
3442 2157 3628 2212 pacem
3652 2143 3746 2196 de-

2155 2243 2368 2310 derunt,
2390 2241 2486 2297 sed
2507 2241 2740 2296 nondum
2769 2238 3025 2294 Dominus
3044 2238 3375 2308 angelorum;
3409 2252 3508 2308 per
3533 2237 3748 2291 nuntios

2157 2335 2320 2400 misit,
2347 2333 2493 2404 quod
2517 2331 2878 2403 evangelicam
2908 2345 3100 2402 pacem
3135 2331 3236 2386 sibi
3267 2339 3591 2386 reservaret.
3618 2328 3750 2384 Pro-

2156 2426 2332 2495 phetas
2353 2440 2482 2479 vero
2511 2438 2632 2479 cum
2660 2437 2803 2494 serpe
2824 2423 2901 2478 ab
2915 2421 3119 2492 angelis
3147 2435 3332 2491 pacem
3371 2420 3710 2490 accepissent
3728 2453 3748 2485 ,-

2158 2531 2342 2586 pacem
2381 2515 2632 2571 sitiebant
2659 2514 2824 2584 ipsius
2852 2528 3077 2583 persona
3109 2521 3166 2568 et
3198 2513 3519 2568 auctoritate
3541 2513 3747 2567 datam.

2159 2607 2283 2664 Ideo
2301 2608 2567 2663 clamabat
2595 2604 3075 2673 llesaias,Dominc
3098 2605 3237 2660 Deus
3265 2614 3453 2673 noster,
3484 2621 3663 2677 pacem
3682 2607 3754 2657 du

2159 2701 2302 2756 nobis
2334 2699 2484 2772 (Isai.
2513 2699 2605 2754 S6.
2638 2698 2732 2770 12)
2763 2718 2776 2754 :
2801 2714 2908 2752 non
2939 2713 3036 2767 per
3060 2697 3226 2762 alios,
3257 2697 3348 2752 sed
3380 2710 3476 2766 per
3503 2697 3751 2766 teipsunr

2159 2807 2344 2862 pacem
2391 2791 2457 2846 da
2497 2790 2672 2845 nobis.
2704 2788 2904 2845 Deinde
2930 2788 3223 2844 secundum
3254 2787 3611 2858 precationem
3652 2799 3746 2841 re-

2161 2884 2380 2953 sponsio
2407 2880 2711 2953 profertur:
2738 2879 2927 2934 Pacem
2949 2896 3111 2935 meam
3131 2879 3198 2933 do
3220 2879 3378 2934 vobis.
3409 2877 3615 2932 Etcum
3642 2877 3752 2931 hinc

2163 2975 2408 3039 dixisset,
2437 2973 2653 3027 ostendit
2679 2971 2750 3026 eis
2777 2965 2958 3024 manus
2999 2979 3048 3024 et
3079 2970 3212 3024 latus
3241 2967 3434 3039 (Joon.
3465 2968 3557 3023 14.
3584 2966 3679 3021 2'1.
3707 2975 3760 3020 et

2162 3064 2252 3118 90.
2278 3060 2393 3133 20);-
2417 3060 2873 3129 Quemadmodum
2913 3061 3058 3116 enim
3098 3061 3203 3115 dux
3233 3075 3268 3115 e
3289 3059 3431 3115 bello
3457 3074 3709 3114 reversus
3731 3100 3746 3123 ,

2165 3155 2472 3211 victricibus
2495 3155 2662 3224 plagis
2681 3162 2927 3219 ornatus,
2949 3153 3167 3207 vulnera
3193 3167 3301 3206 non
3329 3151 3762 3213 erubescit;sunt-

2165 3247 2306 3304 enim
2351 3247 2438 3302 illa
2467 3246 2682 3300 coronis
2725 3245 2853 3315 ipsis
2877 3244 3236 3314 splendidiora
3265 3258 3283 3296 :-
3311 3244 3389 3298 sic
3425 3254 3477 3297 et
3506 3243 3760 3298 Servator

2167 3340 2386 3394 vulnera
2437 3352 2532 3407 pro
2571 3335 2825 3402 veritate,
2856 3345 2911 3392 et
2934 3351 3030 3406 pro
3057 3336 3325 3390 communi
3350 3350 3542 3406 genere
3566 3344 3762 3388 nostro

2166 3436 2384 3499 accepta
2423 3441 2530 3482 non
2559 3426 2689 3497 tegit
2709 3467 2725 3493 ,
2751 3425 2845 3481 sed
2891 3425 3130 3491 revelat,
3159 3435 3217 3481 ut
3241 3441 3386 3480 suam
3421 3424 3769 3480 demonstres

2167 3520 2553 3576 lbrtitudiuem.
2603 3518 2847 3574 Ostendit
2881 3533 3071 3574 manus
3116 3519 3167 3573 in
3206 3518 3396 3587 quibus
3432 3527 3552 3573 erat
3589 3521 3772 3572 lixura

2166 3614 2470 3677 clavorum;
2499 3610 2732 3666 ostendit
2755 3620 2810 3666 et
2847 3610 2987 3665 latus
3009 3651 3023 3674 ,
3051 3610 3191 3665 unde
3217 3610 3373 3665 nobis
3400 3608 3522 3664 fons
3551 3618 3756 3679 mystc-

2169 3703 2368 3758 riorum
2410 3700 2710 3756 scaturlvit.
2745 3700 2989 3756 Ostendit
3025 3716 3246 3769 manus,
3275 3710 3333 3755 ut
3378 3702 3765 3756 resurrectitnri

2170 3793 2327 3848 fidem
2360 3793 2576 3858 faceret,
2595 3803 2652 3847 ut
2677 3795 2933 3848 certiores
2955 3792 3153 3848 faceret
3175 3807 3291 3860 eos,
3316 3791 3411 3862 qui
3429 3784 3759 3853 dubitarent,

2169 3895 2289 3940 eum
2317 3884 2405 3954 qui
2444 3899 2630 3956 passus
2661 3883 2832 3939 fuerat
2868 3885 3228 3939 resurrexisse
3251 3921 3266 3948 ,
3294 3898 3601 3955 corpusque
3629 3892 3762 3938 vere

2169 3988 2438 4032 mortuum
2459 3987 2512 4033 et
2531 3977 2795 4048 sepultum
2816 3976 3095 4031 revixisse.

2240 4071 2295 4124 4.
2325 4067 2496 4124 (invisi
2518 4079 2634 4123 sunt
2661 4068 2898 4139 discipuli
2922 4070 3027 4123 viso
3052 4067 3271 4123 Domino
3295 4066 3481 4137 (Joan.
3513 4069 3607 4124 20.
3642 4070 3758 4141 ΞΟ).

2173 4154 2280 4214 Pax
2309 4158 2430 4212 data
2458 4169 2541 4214 est
2561 4199 2577 4225 ,
2605 4168 2781 4214 metus
2803 4160 3008 4214 solutus
3035 4169 3118 4215 est
3139 4201 3155 4227 ,
3181 4161 3352 4230 gratia
3380 4159 3581 4215 ﬂoruit.
3615 4159 3763 4215 Dixit

2173 4266 2290 4320 ergo
2329 4251 2430 4304 illis
2464 4251 2680 4315 iterum,
2713 4249 2829 4304 Pas:
2867 4251 3003 4305 vobis
3024 4249 3139 4324 (Ib.
3171 4268 3218 4305 υ.
3249 4251 3365 4322 Ἦ).
3395 4252 3505 4308 Cur
3539 4251 3766 4305 iterum?

2175 4339 2273 4396 Ubi
2323 4341 2436 4394 vult
2480 4339 2619 4394 dona
2656 4341 2842 4412 gratiae
2868 4340 3124 4404 fundare,
3153 4342 3315 4397 etiam
3358 4341 3767 4398 benedictioncs

2172 4432 2364 4487 iterat:
2387 4431 2828 4502 quemadmodum
2856 4432 2980 4489 fecit
2999 4442 3053 4488 et
3078 4433 3383 4490 Abrahamo
3409 4453 3423 4489 :
3450 4433 3766 4489 Benediceus

2173 4522 2459 4576 benedicam
2479 4521 2585 4587 tibi,
2609 4532 2656 4576 et
2676 4523 3017 4594 multiplicans
3043 4524 3389 4593 multiplicabo
3418 4534 3468 4578 te
3490 4524 3648 4596 (Gen.
3673 4525 3764 4578 ἓξ.

2173 4611 2262 4684 17)
2291 4631 2303 4666 :
2330 4613 2410 4669 sic
2435 4622 2546 4667 tum
2575 4613 2850 4682 proximis,
2874 4622 2982 4668 tum
3009 4615 3192 4684 procul
3214 4615 3399 4685 positis
3431 4617 3549 4685 paci
3581 4632 3764 4686 pacein

2174 4703 2376 4774 adjicit.
2406 4704 2550 4760 Sicut
2585 4704 2718 4759 misit
2756 4721 2837 4759 me
2874 4702 3062 4773 Pater,
3091 4717 3138 4760 et
3163 4723 3255 4777 ego
3294 4707 3435 4761 mitto
3464 4724 3554 4762 vos
3581 4708 3762 4778 (Joan.

2168 4795 2260 4851 20.
2276 4795 2394 4867 21).
2421 4796 2668 4862 Attende,
2688 4811 2902 4866 quzeso;
2928 4797 3049 4853 vide
3076 4799 3348 4868 quomodo
3375 4800 3442 4854 ad
3472 4801 3763 4856 humanam

2171 4888 2395 4943 formam
2437 4888 2791 4944 oeconomiam
2834 4890 3025 4960 rapiat.
3051 4887 3167 4946 Non
3204 4892 3338 4947 dixit
3360 4934 3376 4958 ,
3405 4892 3560 4950 Sicut
3580 4897 3766 4965 genuit

2170 4994 2258 5035 me
2286 4979 2444 5035 Pater
2471 4998 2485 5036 :
2511 4980 2696 5036 missio
2723 4982 2866 5037 enim
2907 4981 3191 5038 humanam
3237 4983 3466 5040 formam
3502 4988 3761 5044 ostendit.

2170 5070 2227 5124 id
2263 5085 2390 5126 vero
2432 5069 2736 5141 frequenter
2775 5072 3104 5137 indicamus,
3137 5075 3261 5144 quia
3307 5075 3360 5130 id
3401 5079 3759 5132 oeconomiam

2167 5160 2420 5216 declarat.
2447 5161 2564 5229 Ubi,
2591 5164 2779 5234 inquit,
2802 5165 3006 5218 nudam
3031 5173 3277 5220 naturam
3298 5165 3522 5237 profert,
3548 5168 3758 5222 Patrem

2167 5263 2325 5325 atque
2341 5255 2531 5310 Filium
2559 5258 2832 5328 pnedicat.
2857 5259 3002 5315 Sicut
3026 5261 3161 5314 misit
3185 5278 3282 5316 me.
3308 5261 3593 5329 Quomodo
3619 5263 3761 5317 misit

2169 5347 2262 5401 te?
2289 5347 2539 5416 Attende,
2569 5365 2770 5420 quaeso.
2797 5351 2987 5406 Missus
3015 5366 3076 5406 cs
3097 5351 3350 5406 Dominus
3373 5352 3443 5407 de
3470 5353 3630 5418 Caelo;
3653 5367 3758 5421 quo

2169 5449 2323 5510 pacto
2350 5443 2364 5473 ³
2396 5442 2466 5496 ita
2507 5444 2717 5499 mittere
2741 5453 2898 5514 potes
2928 5455 2986 5500 ut
3012 5444 3168 5500 Pater
3205 5454 3257 5500 te
3286 5445 3469 5500 misit?
3491 5445 3608 5501 Non
3639 5461 3756 5500 mo-

2236 5574 2250 5604 ¹
2285 5573 2404 5645 Cod._
2423 5580 2540 5645 neg.
2572 5574 2694 5645 il_86
2717 5576 2788 5645 sic
2809 5576 2962 5645 habet
2986 5590 2997 5624 :
3024 5585 3194 5627 Missus
3216 5583 3286 5627 est
3321 5566 3554 5630 Dominus
3578 5579 3639 5629 de
3659 5589 3750 5628 ca:-

2171 5633 2252 5695 to;
2276 5635 2470 5700 apostoli
2489 5633 2579 5688 non
2598 5639 2658 5689 de
2682 5637 2801 5690 mlo
2831 5644 2941 5689 sunt
2965 5651 2985 5701 ,'
3016 5650 3108 5702 quo
3127 5645 3287 5699 pacto.
