4058 6222
347 345 417 402 ττ
987 337 1052 390 ιιι
1092 310 1561 391 ΔΒΕΕΝΞιόΧΕΜ
1603 327 1663 380 ι).
1705 325 1768 380 ιιι.
1808 324 1857 380 t.
1896 321 1959 377 ο.
1999 322 2088 378 er
2128 324 2191 379 IN
2230 325 2515 382 rmxcw.
2558 328 2712 387 scr.
2752 332 2809 390 ll.

312 477 461 524 num,
490 457 679 528 inquit,
700 453 967 510 missionis
991 450 1249 521 signiﬁco,
1273 462 1394 503 cum
1419 446 1559 508 dico,
1584 443 1726 498 Sicut
1751 439 1885 494 misit

310 570 393 607 me
424 551 597 615 Pater,
614 556 662 601 et
686 561 777 617 ego
801 545 940 599 mitto
958 559 1051 596 uos
1078 543 1118 607 ⁸,
1136 540 1230 595 sed
1262 539 1507 593 virtutem
1534 535 1668 602 ejus.
1697 532 1887 586 Missus

312 658 431 696 sum
458 656 557 711 ego
586 648 645 693 ut
672 638 840 707 patiar
865 649 962 705 pro
992 632 1224 695 mundo;
1252 630 1403 685 mitto
1427 642 1523 682 vos
1548 634 1606 679 ut
1630 622 1888 693 passioni-

313 746 415 790 bus
440 731 632 785 vestris
657 727 843 783 orbem
869 739 1141 781 coronem.
1167 721 1234 776 Et
1255 720 1378 790 quia
1408 734 1514 774 non
1542 717 1712 787 potuit
1740 728 1885 768 mor-

316 826 438 879 talis
465 831 653 876 natura
680 818 997 874 dominicam
1026 813 1422 869 similitudinem
1446 808 1675 877 assequi,
1702 805 1882 860 addit:

317 915 384 967 Et
408 929 523 967 cum
547 910 655 965 lucc
680 908 883 962 dixisset
907 947 923 972 ,
952 904 1232 973 insufﬂauit
1256 943 1272 968 ,
1300 901 1467 970 aitque
1492 898 1595 953 illis
1622 938 1637 962 ,
1666 896 1887 965 Accipite

316 1004 566 1069 Spiritum
589 1009 816 1055 sanctum
841 996 1016 1068 (Joan.
1041 994 1130 1050 20.
1161 993 1277 1063 22).
1306 990 1552 1046 Attende.
1584 987 1690 1042 Cur
1715 984 1885 1041 insuf-

316 1094 459 1149 ﬁavit
491 1088 742 1148 Servator
770 1089 824 1142 in
864 1085 1133 1157 apostolos
1163 1085 1277 1153 ipso
1317 1076 1722 1137 resurrectionis
1755 1074 1885 1130 die?

314 1191 355 1239 .-\
365 1201 395 1237 ιι
415 1182 622 1237 nonnisi
637 1178 954 1235 insufflando
973 1184 1179 1246 poterat
1196 1174 1449 1244 Spiritum
1466 1179 1705 1225 sanctum
1724 1166 1887 1220 dare?

316 1274 512 1329 Verum
541 1272 663 1342 quia
691 1285 810 1325 cum
840 1268 1067 1337 primum
1100 1265 1367 1321 hominem
1394 1261 1677 1321 formaret,
1710 1256 1888 1325 Insuf-

315 1367 453 1436 ﬂavit
479 1366 530 1418 in
560 1363 739 1434 faciem
765 1363 874 1431 ejus
894 1400 909 1425 ,
928 1369 976 1414 et
1001 1363 1162 1429 factus
1188 1365 1258 1410 est
1288 1356 1435 1408 homo
1468 1353 1522 1405 in
1560 1350 1779 1403 animant
1808 1347 1884 1400 si-

314 1468 501 1512 vetttem
532 1454 685 1527 (Gen.
727 1452 782 1506 2.
814 1451 907 1522 7),
937 1449 1030 1505 sed
1072 1445 1440 1502 insufﬂationis
1479 1442 1620 1497 illius
1662 1438 1883 1508 gratiam

316 1566 410 1619 per
434 1545 919 1618 prtevaricationem
952 1540 1211 1611 perdidit;
1241 1546 1294 1594 et
1324 1545 1598 1607 postquam
1624 1529 1883 1586 viviﬁcam

316 1641 458 1696 illam
480 1639 585 1693 vim
614 1634 938 1707 perdiderat,
960 1634 1015 1687 in
1043 1632 1313 1700 pulverem
1337 1626 1602 1681 resolutus
1620 1630 1719 1685 est,
1751 1629 1806 1675 et
1830 1622 1881 1676 in

313 1730 557 1798 sepulcro
583 1729 699 1795 ejus
726 1724 990 1794 opiﬁcium
1021 1720 1279 1782 dissolvit;
1312 1726 1369 1771 ut
1395 1716 1698 1786 figmentum
1729 1725 1881 1765 suum

316 1829 614 1882 renovaret,
647 1826 702 1872 et
721 1818 951 1887 priscum
982 1812 1107 1868 illud
1137 1812 1333 1867 donum
1363 1809 1686 1868 restitueret,
1714 1801 1884 1858 insuf-

313 1912 459 1965 ﬁavit
485 1912 536 1964 in
558 1909 743 1964 faciem
764 1905 1156 1976 apostolorum,
1179 1902 1518 1968 veteremque
1553 1896 1694 1951 illam
1718 1902 1773 1950 et
1798 1894 1884 1947 vi-

312 2002 518 2057 viﬁcam
557 2002 661 2054 vim
694 1998 943 2069 ﬁgmento
986 2011 1082 2050 suo
1120 1993 1382 2049 restituit:
1408 2005 1471 2045 ac
1509 1988 1665 2044 simul
1691 1984 1883 2055 imple-

312 2093 506 2146 bantur
536 2089 909 2160 prophetarum
939 2085 1205 2155 praedicta.
1236 2084 1426 2136 Beatus
1453 2078 1648 2150 quippe
1675 2074 1882 2130 Nahum

302 2183 589 2255 .prophcta,
614 2198 731 2237 cum
761 2179 1073 2250 praevideret
1102 2177 1331 2230 futurum
1361 2187 1501 2239 esse,
1533 2181 1593 2225 ut
1632 2169 1885 2225 Servator

310 2295 341 2331 a
370 2277 589 2332 mortuis
619 2287 897 2341 resurgens
927 2268 1219 2324 iusufﬁaret
1245 2267 1297 2319 in
1331 2272 1544 2320 sanctos
1572 2260 1841 2331 apostolos
1863 2297 1880 2323 ,

310 2379 364 2423 et
392 2368 636 2437 impleret
673 2379 766 2419 eos
790 2363 968 2417 divino
1006 2372 1223 2413 munere
1242 2397 1258 2423 ,
1285 2355 1479 2425 populo
1507 2350 1885 2408 testiﬁcabatur

314 2460 396 2514 his
418 2460 593 2513 verbis
621 2474 635 2509 :
665 2454 872 2509 Celebre
891 2493 904 2516 ,
936 2451 1074 2505 Iuda
1094 2492 1109 2516 ,
1143 2452 1269 2520 festa
1303 2457 1423 2513 tua,
1450 2443 1605 2499 redde
1638 2441 1747 2495 Deo
1769 2450 1884 2494 vota

313 2562 399 2604 tua
428 2566 443 2601 :
472 2565 570 2601 non
596 2546 830 2618 adjicient
864 2544 999 2596 ultra
1030 2542 1194 2595 uenire
1220 2540 1273 2593 in
1301 2535 1717 2608 antiquationem.
1744 2531 1881 2586 Con-

310 2652 611 2698 summatum
649 2649 754 2703 est,
786 2638 1054 2691 exscissum
1088 2642 1179 2687 est.
1224 2630 1460 2684 Ascendit
1492 2628 1635 2681 enim
1663 2641 1726 2679 ex
1750 2633 1884 2677 terra

310 2738 396 2801 qui
446 2734 657 2803 insuﬂlet
701 2734 752 2785 in
784 2731 961 2802 facient
998 2739 1133 2781 tuam
1157 2767 1170 2790 ,
1201 2734 1247 2778 et
1272 2724 1358 2793 qui
1394 2721 1564 2776 liberet
1593 2729 1640 2773 te
1682 2720 1744 2771 de
1792 2718 1884 2770 tri—

311 2826 565 2880 bulatione
605 2821 862 2894 (Nahum.
900 2821 950 2872 l.
977 2818 1062 2872 15.
1090 2826 1133 2869 et
1156 2816 1210 2868 2.
1237 2816 1314 2884 i).
1348 2812 1489 2866 Tunc
1526 2811 1650 2864 dixit
1676 2811 1697 2841 ⁸
1723 2850 1738 2874 ,
1770 2807 1884 2861 Pax

311 2920 448 2973 vobis
472 2932 491 2981 ,'
513 2928 558 2971 et
587 2932 700 2968 cum
725 2916 819 2967 Itoc
846 2913 1082 2976 dixisset,
1106 2907 1390 2978 inea/ﬂavit,
1419 2914 1465 2958 et
1494 2904 1622 2956 dixit
1646 2902 1715 2955 eis
1738 2916 1755 2953 :
1778 2900 1878 2952 Ac-

308 3011 457 3079 cipite
499 3007 745 3078 Spiritum
790 3012 1018 3058 sanctum
1045 2999 1224 3068 (Joan.
1250 2996 1342 3051 20.
1367 2994 1483 3061 22).
1511 2991 1642 3060 Quia
1671 2988 1885 3043 videbat

308 3104 592 3156 humanam
624 3106 865 3153 naturam
895 3095 948 3148 in
986 3090 1255 3146 laboribus
1279 3087 1539 3156 deiectam
1560 3126 1574 3149 ,
1604 3093 1658 3139 et
1686 3081 1755 3136 ob
1794 3083 1879 3135 in-

308 3192 611 3247 firmitatem
638 3188 922 3243 certamina
954 3189 1307 3241 recusantem,
1338 3177 1390 3232 id
1413 3175 1551 3245 quod
1580 3171 1878 3238 deﬁciebat,

307 3284 496 3353 implet
520 3282 713 3335 virtute
729 3277 976 3348 Spiritus,
998 3282 1054 3327 ut
1070 3273 1212 3327 illam
1239 3267 1592 3324 imbecillitate
1618 3263 1880 3319 labantem

308 3374 710 3432 consolaretur:
733 3384 797 3424 ac
832 3383 928 3423 ceu
968 3366 1163 3421 ferrum
1192 3360 1475 3433 quodpiam
1507 3357 1684 3411 divina
1711 3354 1881 3424 gratia

307 3468 451 3523 acuit
477 3466 620 3519 illam
647 3505 661 3527 ,
687 3471 745 3517 ut
790 3458 930 3531 quod
971 3472 1035 3514 ex
1089 3464 1277 3510 natura
1319 3467 1412 3507 sua
1456 3465 1561 3505 non
1608 3446 1878 3513 habebat,

302 3575 375 3614 ex
401 3556 570 3627 gratia
597 3554 881 3622 acciperet,
908 3558 961 3604 et
987 3548 1183 3601 virtute
1209 3543 1435 3615 Spiritus
1460 3541 1685 3603 ﬁrmata,
1714 3547 1884 3593 certa-

302 3652 453 3705 mina
479 3648 668 3702 adirct.
698 3642 920 3713 Accipite
945 3640 1192 3711 Spiritum
1220 3645 1482 3691 sanctum:
1499 3633 1628 3685 sicut
1654 3630 1785 3683 misit
1804 3643 1882 3681 me

308 3742 465 3798 Pater
484 3782 501 3807 ,
524 3748 571 3794 et
611 3754 700 3807 ego
747 3735 890 3788 mitto
916 3747 1020 3786 vos.
1047 3731 1116 3784 At
1144 3737 1195 3783 tu
1218 3769 1232 3792 ,
1269 3726 1488 3780 Domine
1511 3764 1525 3786 ,
1554 3730 1612 3775 ut
1632 3720 1885 3775 Servator

304 3847 554 3905 egressus
577 3872 593 3897 ,
622 3827 800 3883 vidisti
844 3832 1176 3896 peccatores,
1208 3827 1260 3874 et
1300 3818 1581 3872 miseratus
1626 3827 1685 3868 es
1734 3812 1878 3875 illos;

298 3903 647 4000 peccatorum
670 3920 823 3975 nobis
842 3916 1050 3971 veniam
1071 3911 1280 3968 dedisti.
1299 3908 1551 3978 Superior
1570 3913 1651 3960 est
1674 3903 1838 3973 gratia
1863 3918 1878 3956 :

307 3994 591 4072 incidimus
636 4025 734 4065 nos
772 4009 823 4063 in
869 4007 1117 4078 abyssum
1164 4008 1536 4072 peccatorum;
1566 3994 1718 4050 multi
1759 3999 1882 4047 sunt

308 4113 620 4176 peccatores
642 4142 656 4166 ,
688 4100 854 4155 multa
879 4111 1012 4166 opus
1039 4102 1121 4161 est
1146 4094 1332 4163 gratia.
1365 4087 1743 4144 Auctoritatem
1775 4098 1881 4137 non

298 4174 565 4255 habemus
593 4210 608 4248 :
637 4188 903 4262 quomodo
928 4200 1207 4257 possumus
1237 4182 1370 4237 mitti
1402 4190 1460 4235 ut
1488 4187 1543 4233 tu
1570 4179 1761 4233 missus
1781 4174 1883 4229 es?

296 4286 661 4359 Quamobrem
686 4293 742 4337 ut
770 4282 1076 4350 impleretur
1105 4275 1231 4331 illud
1259 4292 1271 4327 :
1300 4274 1442 4329 Sicut
1486 4272 1615 4324 misit
1661 4285 1739 4322 me
1774 4267 1883 4320 Pa-

308 4395 403 4445 ter,
429 4390 473 4435 et
504 4396 594 4451 ego
623 4378 818 4430 mittam
842 4390 957 4439 vos,
984 4370 1113 4425 dicit
1142 4387 1153 4423 :
1191 4368 1417 4435 Quorum
1446 4362 1733 4417 remiseritis
1764 4376 1880 4428 pec-

307 4483 425 4527 cata
452 4513 467 4537 ,
493 4451 812 4529 remittuntur
848 4465 955 4527 eis;
991 4471 1037 4517 et
1074 4475 1286 4531 quorum
1321 4454 1627 4511 retinueritis
1651 4494 1665 4519 ,
1692 4460 1883 4505 retenta

307 4573 424 4619 sunt
457 4562 632 4633 (Joan.
653 4558 743 4613 20.
770 4554 883 4629 25).
907 4554 1073 4621 Quam
1100 4550 1257 4604 habet
1280 4554 1594 4619 potestatem
1611 4543 1880 4605 Servator,

307 4659 401 4711 dat
447 4652 719 4724 apostolis.
759 4643 1212 4725 Quemadmodum
1256 4642 1397 4696 enim
1446 4638 1558 4692 fieri
1601 4635 1784 4705 nequit
1828 4642 1885 4688 ut

306 4761 442 4818 gens
470 4723 693 4814 principi
739 4723 1102 4793 committatur
1125 4773 1140 4798 ,
1170 4733 1215 4786 si
1260 4745 1365 4786 non
1406 4728 1598 4782 habeat
1636 4723 1803 4779 venia:
1831 4731 1884 4777 et

309 4838 499 4895 mortis
540 4849 604 4889 ac
642 4830 885 4902 supplicii
925 4834 1237 4898 potestatem
1280 4821 1348 4875 ab
1376 4834 1499 4890 rege
1536 4831 1881 4873 concessam:

308 4934 388 4986 sic
404 4939 460 4984 et
474 4928 747 4988 Servator,
767 4923 886 4977 illos
912 4918 1293 4983 constituturus
1310 4912 1575 4983 principes
1595 4909 1762 4971 orbis,
1793 4906 1883 4961 dat

310 5021 419 5074 illis
465 5027 520 5073 ct
568 5012 811 5084 supplicii
858 5019 912 5067 et
959 5007 1126 5063 venias
1162 5012 1512 5078 potestatem,
1546 5000 1629 5054 bis
1667 4998 1883 5054 verbis:

312 5116 541 5179 Quorum
562 5105 849 5161 remiseritis
880 5109 1102 5172 peccata,
1129 5098 1450 5153 remittuntur
1474 5094 1575 5159 eis;
1592 5101 1635 5147 et
1662 5091 1888 5158 Quorum

307 5201 638 5263 retinueritis,
666 5206 857 5253 retenta
880 5203 1015 5249 sunt.
1048 5190 1203 5253 Nullo
1226 5189 1367 5245 enim
1392 5194 1546 5256 pacto
1572 5191 1745 5255 potest
1767 5182 1887 5251 quis

308 5306 402 5351 aut
446 5291 757 5363 martyrium
789 5287 996 5342 fortiter
1024 5283 1205 5338 subire
1244 5288 1334 5334 aut
1359 5278 1646 5347 diligenter
1691 5272 1885 5345 prtedi-

379 5464 394 5494 ι
415 5469 587 5511 Locum
604 5459 847 5517 integrum
869 5454 1071 5517 citamtts
1092 5462 1122 5500 ο
1142 5448 1251 5499 cod.
1273 5454 1390 5517 lteg.
1416 5444 1553 5496 1186.

380 5524 402 5556 s
416 5504 673 5583 633766;:
684 5504 822 5568 T186
859 5516 930 5565 sic
959 5514 1124 5583 habet!
1147 5517 1255 5572 po“
1472 5504 1891 5583 θΑΡἮΨΞωΕέΪ

311 5570 654 5636 bimt‘citatuni'
668 5594 681 5629 :
707 5589 839 5629 Duas
869 5581 1044 5626 notarit

308 5627 1065 5711 EITfis'tﬁiifueﬁm‘Wae!
1077 5629 1621 5711 .isstMiﬁ'W‘
1639 5628 1793 5711 ,άφξξι
1817 5627 1891 5711 ἀὲ

307 5690 1301 5771 ἀξιωτοριίριεῃὶςηίίᾳρῑειπ
1324 5690 1471 5756 tuam,
1515 5696 1580 5755 et,
1634 5690 1891 5755 quiliberet

317 5776 364 5821 te
381 5755 443 5821 ἀὲ
466 5755 789 5819 tribulatione.
804 5781 828 5813 ι
860 5755 1043 5814 Deinde
1060 5755 1204 5811 dixit.

3460 344 3553 403 778

1993 453 2113 494 care
2139 482 2155 503 ,
2185 452 2276 496 aut
2320 444 2446 508 quid
2486 460 2731 515 magnum
2777 446 3099 522 difﬁcileque
3135 463 3426 525 praestare,
3454 460 3557 515 nisi

1992 532 2239 601 martyris
2265 532 2499 589 animum
2539 536 2754 592 roboret
2779 536 3010 607 Spiritus
3034 545 3202 599 sancti
3226 542 3393 603 virtus
3416 565 3429 602 :
3452 551 3559 605 aiio

1990 620 2183 690 quippe
2211 623 2368 677 modo
2411 638 2515 679 nou
2556 636 2776 695 possunt
2804 640 3063 701 martyres
3102 648 3242 690 esse.
3272 634 3558 709 Martyrem

1990 725 2117 764 vero
2164 728 2304 766 nunc
2330 714 2450 769 dico
2473 754 2489 780 ,
2517 732 2620 771 non
2655 719 2814 774 modo
2838 722 2929 790 qui
2957 724 3280 779 cruciatibus
3302 740 3557 783 consum-

1992 809 2163 855 matus
2186 800 2284 867 sit,
2308 803 2401 858 sed
2429 805 2588 859 etiam
2617 809 2705 877 qui
2734 810 2895 864 verbo
2920 812 3103 880 gratia:
3131 814 3201 869 sit
3224 816 3553 873 testiﬁcatus.

1989 891 2171 958 Quivis
2196 894 2336 948 enim
2364 896 2599 981 veritatis
2621 914 2814 966 praeco,
2840 912 3041 973 martyr
3064 916 3146 960 est
3167 906 3282 961 Dei.
3310 906 3557 978 Quapro-

1989 991 2108 1051 pter
2134 982 2201 1038 de
2237 983 2443 1041 Joanne
2469 986 2699 1056 Baptista
2733 989 3230 1064 dicitEvangelium
3254 995 3351 1050 :Et
3374 1000 3555 1068 testi/i-

1988 1080 2127 1125 catus
2171 1082 2245 1126 est
2292 1072 2515 1130 Joannes
2563 1078 2759 1131 veritati
2779 1120 2795 1146 ,
2826 1079 2994 1136 dicens
3018 1096 3039 1135 :
3066 1081 3168 1140 Hic
3208 1094 3282 1139 est
3327 1084 3557 1142 Christus

1990 1162 2167 1224 (Joan.
2195 1166 2245 1219 1.
2290 1164 2401 1235 52).
2434 1168 2631 1240 Martyr
2668 1185 2773 1225 non
2824 1173 3071 1241 patiendo
3097 1216 3113 1241 ,
3138 1176 3232 1231 sed
3276 1177 3556 1234 clamando

1989 1254 2236 1309 efﬁcitur.
2285 1256 2399 1311 Non
2444 1269 2664 1327 possunt
2716 1261 2872 1330 igitur
2921 1275 3179 1336 martyres
3222 1280 3342 1322 esse
3390 1269 3552 1322 divini

1989 1347 2154 1410 verbi,
2184 1348 2284 1402 nisi
2333 1359 2517 1403 sancto
2547 1351 2741 1420 Spiritu
2769 1354 3102 1409 roborentur.
3134 1357 3255 1412 Ideo
3277 1372 3555 1415 resumens

1988 1439 2239 1496 Servator
2261 1442 2388 1497 dicit
2420 1446 2671 1514 apostolis
2696 1464 2709 1500 :
2746 1446 2842 1502 Vos
2863 1459 3027 1502 autem
3052 1464 3246 1505 manete
3269 1456 3322 1506 in
3359 1455 3556 1509 civitate

1985 1531 2284 1596 Jerusalem,
2307 1534 2465 1587 donec
2486 1536 2765 1591 induamini
2780 1540 2959 1593 virtute
2975 1558 3036 1594 ex
3053 1542 3156 1595 alto
3181 1542 3419 1612 (Lucii.
3439 1545 3552 1612 69).

1986 1633 2042 1678 et
2070 1625 2342 1695 accipietis
2370 1626 2618 1680 virtutem
2648 1631 3071 1697 supervenientis
3097 1609 3323 1699 Spiritus
3350 1609 3553 1697 sancti;

1986 1714 2256 1803 virtutem,
2279 1730 2436 1784 quam
2462 1719 2550 1786 qui
2576 1732 2680 1772 non
2706 1720 3035 1788 acceperint,
3061 1735 3164 1775 non
3192 1732 3414 1791 possunt
3437 1738 3557 1780 esse

1986 1795 2245 1875 martyres
2268 1820 2362 1860 seu
2388 1815 2547 1862 testes
2569 1809 2609 1861 ί.
3531 1794 3545 1805 κ

2055 1896 2108 1951 5.
2149 1895 2370 1952 Thomas
2398 1909 2561 1952 autem
2587 1916 2717 1955 unus
2738 1917 2801 1954 ex
2824 1901 3105 1967 duodecim,
3130 1906 3218 1973 qui
3248 1905 3431 1961 dicitur
3454 1905 3549 1960 Di-

1986 1986 2165 2057 dymus
2187 2028 2199 2050 ,
2226 2004 2327 2042 non
2358 1998 2464 2042 erat
2500 2006 2613 2043 cum
2637 1990 2710 2045 eis
2737 1992 2913 2062 (Joan.
2940 1993 3031 2047 20.
3070 1993 3183 2064 24).
3226 1995 3353 2050 Erat
3376 2004 3553 2052 autem

1987 2093 2175 2149 magna
2204 2079 2292 2133 illa
2333 2080 2526 2135 Christi
2552 2083 2866 2146 meonomia,
2897 2082 3037 2152 quod
3066 2084 3298 2141 Thomas
3320 2101 3427 2141 non
3454 2089 3553 2141 atl-

1985 2176 2160 2235 esset,
2191 2177 2250 2223 ut
2275 2169 2390 2239 ejus
2430 2170 2689 2239 dubitatio
2716 2172 2994 2229 clariorem
3023 2176 3409 2247 certioremque
3433 2177 3555 2233 efﬁ-

1985 2268 2131 2315 ceret
2157 2262 2617 2325 resurreetionem.
2647 2263 2758 2319 Nisi
2788 2266 2929 2320 enim
2956 2266 3185 2322 Thomas
3203 2268 3479 2337 defuisset,
3502 2281 3558 2327 et
3617 2283 3629 2294 ·

1985 2350 2052 2405 de
2072 2352 2460 2408 resurrectione
2475 2352 2785 2419 dubitasset,
2814 2370 2877 2410 ac
2899 2354 3213 2412 dubitationi
3239 2368 3442 2414 artum
3469 2375 3557 2414 ar-

1985 2449 2289 2510 gumentum
2327 2441 2577 2497 Servator
2599 2444 2952 2512 opposuisset,
2984 2443 3216 2500 futurum
3241 2456 3355 2502 erat
3383 2457 3441 2502 ut
3466 2464 3555 2504 rc-

1984 2532 2326 2587 surrectionis
2369 2532 2682 2587 miraculum
2732 2533 2973 2602 plurimis
3018 2534 3191 2592 adhuc
3237 2537 3558 2595 offendicula

1985 2630 2128 2677 esset
2158 2638 2170 2674 :
2202 2637 2383 2677 verum
2427 2622 2541 2692 ejus
2581 2622 2837 2678 dubitatio
2876 2624 3116 2680 fidelibus
3149 2628 3353 2682 cunctis
3377 2644 3553 2683 reme-

1985 2712 2129 2766 dium
2156 2713 2351 2767 attulit.
2383 2712 2516 2767 Cum
2545 2713 2718 2782 itaque
2753 2714 2897 2767 venit
2925 2714 3190 2781 Thomas,
3232 2716 3478 2772 dixerunt
3501 2720 3553 2773 ei

1984 2802 2070 2855 alii
2092 2801 2331 2870 discipuli
2362 2819 2376 2855 :
2417 2800 2642 2855 Vidimus
2675 2801 2968 2856 Dominum.
2996 2803 3072 2859 Illi
3100 2806 3460 2875 gloriabantur
3486 2810 3555 2865 de

1986 2893 2050 2947 iis
2074 2908 2191 2962 quae
2216 2892 2491 2958 viderant;
2521 2892 2609 2947 hic
2627 2908 2753 2947 vero
2771 2894 3162 2950 contradicendi
3181 2897 3409 2965 quodam
3436 2910 3554 2954 stu-

1985 2982 2074 3035 dio
2103 2992 2288 3051 captus
2315 2990 2417 3047 est,
2447 2998 2552 3037 non
2588 2984 2955 3039 incredulitate
2983 2986 3149 3057 (tanta
3176 3002 3262 3043 res
3292 2998 3375 3044 est
3396 2990 3553 3045 dubi.

1985 3072 2158 3143 latio),
2187 3087 2308 3127 cum
2328 3074 2525 3129 certior
2549 3072 2663 3129 ﬁeri
2693 3084 3016 3144 peroptaret,
3048 3092 3153 3132 non
3178 3078 3328 3145 dixit,
3358 3078 3415 3134 Id
3439 3081 3552 3136 ﬁeri

1989 3163 2191 3233 nequit.
2223 3163 2450 3219 Attende
2486 3163 2785 3234 diligenter.
2814 3164 2931 3221 Non
2972 3168 3179 3238 negavit
3203 3172 3553 3226 resurrectio?

1983 3275 2104 3317 nem
2134 3276 2148 3315 :
2175 3274 2280 3315 non
2308 3259 2461 3327 dixit,
2489 3260 2839 3331 lmpossibilia
2864 3260 3059 3327 dicitis,
3088 3277 3174 3316 res
3200 3262 3555 3332 impossibiles

1985 3353 2336 3416 annuntiatis;
2360 3353 2453 3409 sed
2478 3354 2675 3408 certior
2699 3353 2815 3408 ﬁeri
2840 3354 3006 3408 voluit
3030 3354 3248 3409 dicens:
3280 3354 3395 3410 Nisi
3418 3358 3557 3410 cide-

1982 3463 2041 3501 ro
2068 3448 2120 3500 in
2148 3448 2375 3501 manibus
2393 3447 2501 3516 ejus
2519 3447 2737 3515 ﬁxuram
2753 3448 3025 3509 clavorum,
3047 3444 3114 3517 [et
3130 3449 3321 3500 mittam
3340 3448 3554 3519 digitum

1983 3556 2144 3594 meum
2156 3540 2207 3593 in
2226 3538 2389 3593 locum
2400 3539 2649 3592 clavorum
2661 3535 2761 3609 (a)]
2774 3548 2820 3591 et
2832 3539 3022 3591 mittam
3034 3554 3235 3592 manum
3249 3554 3408 3593 meam
3423 3541 3473 3592 in
3484 3541 3556 3593 la-

1984 3642 2062 3687 tus
2086 3633 2211 3703 ejus,
2241 3648 2341 3686 non
2358 3632 2557 3685 credam
2573 3633 2593 3663 ’
2613 3630 2790 3702 (Joan.
2821 3630 2908 3685 20.
2936 3630 3051 3701 25).
3072 3630 3140 3685 Et
3159 3642 3269 3701 post
3288 3632 3394 3685 dies
3416 3642 3549 3688 octo.

1986 3723 2115 3778 Vide
2139 3722 2412 3793 quomodo
2449 3722 2602 3776 alteri
2646 3722 2931 3777 Dominica:
2972 3722 3157 3777 insistit
3185 3739 3200 3781 :
3228 3737 3349 3776 nam
3386 3736 3416 3775 a
3449 3723 3555 3776 Do-

1985 3814 2174 3868 minica
2197 3814 2251 3868 in
2282 3812 2603 3868 Dominicam
2632 3821 2753 3866 sunt
2773 3821 2894 3866 octo
2917 3811 3049 3866 dies.
3092 3810 3213 3865 Post
3236 3811 3341 3865 dies
3386 3822 3496 3865 octo
3519 3827 3549 3866 a

1986 3903 2374 3960 resurrectione
2399 3903 2529 3955 venit
2552 3903 2731 3955 iterum
2756 3901 2927 3966 Jesus,
2949 3901 3126 3969 januis
3149 3901 3352 3967 clausis,
3378 3910 3427 3956 et
3451 3911 3555 3956 ste~

1986 3997 2043 4049 tit
2071 3996 2122 4048 in
2145 3994 2306 4047 medio
2329 4004 2377 4047 et
2406 3993 2533 4047 dia'it
2567 4007 2587 4046 :
2617 3990 2731 4045 Pax
2761 3991 2895 4044 vobis
2929 3990 3034 4058 (Ib.
3066 4006 3114 4044 υ.
3143 3989 3256 4062 26).
3287 3991 3418 4059 Quia
3445 3993 3553 4062 pri-

1984 4087 2103 4141 dem
2138 4085 2325 4140 eodem
2354 4084 2403 4137 in
2436 4083 2554 4137 loco
2578 4083 2661 4137 bis
2684 4082 2907 4144 dixerat,
2931 4081 3050 4136 Pax
3083 4082 3244 4148 vobis,
3274 4082 3360 4138 hic
3387 4084 3554 4139 semel

1984 4178 2139 4242 dicit,
2181 4186 2237 4230 ut
2260 4191 2323 4230 ex
2364 4184 2541 4228 sancta
2567 4173 2824 4228 Trinitate
2864 4172 3155 4243 perfectum
3198 4183 3250 4228 et
3291 4175 3554 4246 integrum

1986 4266 2182 4320 donum
2217 4265 2358 4333 pacis
2378 4263 2573 4318 faceret
2605 4281 2618 4317 :
2654 4261 2769 4317 Pax
2790 4264 2944 4316 vobis.
2972 4262 3165 4318 Deinde
3185 4264 3304 4317 dicit
3323 4263 3552 4330 Thom,

1989 4356 2133 4424 Infer
2157 4356 2369 4425 digitum
2406 4364 2544 4407 tuum
2570 4354 2669 4407 huc
2715 4352 2818 4425 (Ib.
2859 4368 2909 4407 υ.
2938 4354 3053 4423 27).
3082 4355 3326 4417 Attende.
3350 4371 3552 4425 quaeso.

1986 4448 2099 4504 Non
2144 4455 2414 4517 exspectat
2452 4446 2701 4501 Servator
2743 4445 2913 4500 donec
2963 4460 2993 4498 a
3034 4445 3308 4515 discipulis
3336 4447 3556 4502 Thoma:

1987 4540 2367 4595 dubitatimiem
2394 4536 2572 4591 audiat
2594 4553 2608 4589 :
2633 4550 2740 4590 non
2760 4535 2981 4591 docetur
3002 4536 3145 4605 prius
3165 4552 3320 4606 quam
3341 4537 3553 4593 doceat:

1988 4630 2083 4684 sed
2109 4638 2167 4683 ut
2192 4627 2503 4698 persuadeat
2531 4625 2628 4695 ipsi
2657 4640 2716 4680 se
2737 4634 3049 4695 praesentem
3080 4624 3261 4692 fuisse,
3290 4626 3413 4681 licet
3448 4642 3554 4681 non

1988 4731 2269 4791 appareret
2286 4734 2302 4785 ;
2320 4729 2374 4775 et
2388 4728 2445 4774 ut
2460 4717 2801 4773 dubitationis
2815 4717 3093 4787 inquisitor
3106 4719 3193 4783 sit,
3211 4718 3285 4772 ait
3301 4718 3520 4774 Thoma:
3536 4737 3555 4774 :

1989 4813 2135 4884 Infer
2153 4812 2365 4883 digitum
2386 4820 2527 4864 tuum
2551 4810 2670 4874 huc,
2687 4816 2745 4863 ut
2758 4808 2955 4874 dixisti,
2979 4817 3024 4861 et
3046 4808 3157 4862 vide
3174 4824 3352 4863 manus
3376 4825 3511 4864 meas
3536 4824 3559 4863 :

1989 4917 2036 4962 et
2058 4907 2191 4976 infer
2212 4918 2417 4957 manum
2440 4910 2577 4956 tuam
2596 4941 2612 4966 ,
2643 4908 2690 4954 et
2729 4900 2868 4953 mitte
2894 4900 2948 4952 in
2974 4899 3106 4954 latus
3134 4914 3298 4953 meum
3337 4914 3357 4954 :
3378 4909 3426 4953 et
3454 4900 3557 4954 noli

1989 5016 2095 5055 esse
2134 4996 2441 5061 incredulus,
2471 4991 2559 5048 sed
2584 4991 2747 5060 ﬁdelis
2773 4989 2981 5063 (Ibid).
3008 4989 3251 5046 Ostendit
3287 5005 3429 5056 eum,
3468 4993 3559 5060 qui

1990 5090 2209 5149 evidens
2230 5087 2482 5144 indicium
2516 5082 2725 5154 quzerit,
2756 5098 2861 5138 non
2900 5096 3021 5137 esse
3048 5082 3288 5148 ﬁdelem;
3316 5081 3411 5138 sed
3434 5097 3559 5138 eum

2055 5228 2072 5260 ι
2097 5228 2170 5277 είς
2192 5223 2336 5295 esst
2355 5222 2483 5295 hunc
2502 5214 3442 5295 magna;essedaque
3461 5228 3560 5295 υεςς

1992 5275 2139 5341 tutem
2155 5275 2361 5358 Spiritus
2375 5275 3065 5358 .sancti
3077 5288 3154 5327 tos
3171 5284 3272 5358 Lat.
3283 5275 3422 5347 eritis
3441 5275 3563 5329 mihi

1992 5358 2132 5402 testes
2159 5345 2732 5416 :‘nisienimacceptasu
2751 5345 2900 5389 virm
2920 5345 3311 5403 Spiritusancu',
3342 5351 3563 5402 mpos-

1992 5412 2129 5464 sibile
2160 5418 2229 5461 est
2260 5407 2747 5470 aliquemmartyrem
2969 5462 2982 5470 _
3040 5467 3048 5470 _
3127 5468 3160 5470 μ
3271 5459 3305 5470 η
3347 5459 3376 5470 ,Δ

2249 5459 2409 5540 codex
2432 5472 2556 5540 post:
2579 5459 2800 5540 dedam,
2810 5461 3055 5540 sjc‘babet
3081 5474 3095 5511 :
3120 5468 3228 5540 Non.
3250 5459 3393 5520 dixit,
3424 5476 3448 5508 ι
3470 5472 3562 5510 nats

1994 5521 2191 5587 credam
2199 5521 2447 5587 omm'm,s'
2467 5524 2572 5587 sed,
2591 5542 2614 5573 s
2630 5523 2723 5576 nisi
2741 5522 3062 5588 probationem
3073 5521 3324 5582 accipiat.
3346 5534 3440 5573 non
3453 5534 3565 5571 crsu

1994 5599 2124 5649 dam.
2148 5612 2172 5641 ι
2201 5600 2255 5645 Et
2271 5598 2391 5656 post,
2413 5594 2504 5639 etc.
2626 5610 2637 5611 ί

2059 5683 2133 5747 (η)
2154 5678 2345 5747 uncinis
2380 5676 2542 5747 clausa
2580 5670 2874 5747 conﬂuebat
2896 5669 3086 5721 stanter.
3108 5684 3124 5732 ;
3148 5669 3237 5721 sed
3281 5667 3341 5720 ad
3391 5672 3561 5717 textus

1995 5732 2262 5809 Itvin'gellci
2285 5739 2614 5803 integritatem
2635 5732 2897 5797 pertinent.
