4058 6222
527 313 632 369 779

527 429 620 495 qui
645 424 764 480 ﬁdei
799 439 858 480 se
883 423 1114 493 subiicit,
1146 421 1353 483 ﬁdelem
1379 436 1519 477 esse.
1555 421 1755 476 Similis
1791 419 1972 486 estis,
1997 420 2089 490 qui

522 513 806 584 investigat
826 513 962 568 latus
985 512 1178 568 Christi
1202 521 1255 574 et
1281 512 1476 574 ﬁxurus
1499 511 1792 577 clavorum,
1824 509 1872 564 ci
1896 510 1984 580 qui
2010 509 2092 562 di-

530 605 623 667 cit,
653 603 927 670 Quomodo
952 602 1161 674 genitus
1187 602 1308 660 est?
1335 602 1445 672 lupo
1464 618 1567 655 non
1593 602 1799 656 similis.
1830 601 1922 655 ille
1941 601 2095 670 quip-

533 711 598 765 pe
622 694 892 764 qumrebat
927 695 980 749 in
1003 708 1164 749 carne
1191 693 1373 762 videre
1417 692 1612 747 ﬁxurus
1643 693 1944 754 clavorum,
1971 705 2091 760 qum

411 825 415 830 η
526 785 625 840 sub
650 795 921 854 aspectum
947 795 1001 840 ct
1028 799 1241 848 sensum
1271 785 1529 854 cadebant
1569 801 1583 837 :
1626 783 1873 852 cupiebat
1910 783 2091 836 videre

525 889 637 929 rem
663 887 950 945 peractam,
973 891 1131 946 quam
1148 885 1272 936 ante
1290 874 1510 944 sciebat.
1533 874 1612 928 Tu
1629 887 1756 927 vero
1775 873 1861 942 qui
1882 873 2091 928 curiose

527 963 786 1032 perquiris
823 972 1064 1019 naturam
1102 963 1456 1036 invisibiltnn,
1495 962 1844 1018 substantiam
1891 962 2092 1016 incom-

525 1053 932 1123 prehensibilem
949 1094 966 1123 ,
993 1055 1385 1124 generationem
1425 1053 1765 1121 iueﬁ‘abilem,
1794 1053 2087 1123 genitorem

522 1144 927 1201 inenarrabilem
947 1187 963 1214 ,
991 1146 1228 1216 genitum
1271 1145 1879 1214 incomprehensibilem,
1910 1158 2085 1197 annon

519 1235 734 1303 gravius
759 1237 1160 1306 praevaricari“
1195 1251 1372 1296 annon
1411 1251 1472 1291 es
1497 1235 1696 1290 inﬁdeli
1734 1234 2004 1302 deterior?
2029 1233 2085 1290 8i

519 1323 662 1391 quod
709 1323 845 1378 latus
888 1325 1279 1395 investigaverit
1323 1325 1508 1382 beatus
1553 1325 1821 1389 Thomas,
1851 1324 2084 1394 audivit,

523 1410 649 1466 Noli
671 1429 776 1468 esse
801 1415 1107 1487 incredulus,
1149 1416 1236 1480 sed
1272 1416 1435 1484 ﬁdelis
1464 1432 1482 1471 .'
1515 1425 1568 1469 tu
1596 1416 1684 1485 qui
1717 1415 2084 1484 incorporea":

520 1511 574 1558 et
598 1504 1184 1573 iucomprehensibilem
1209 1509 1454 1574 virtutem
1481 1509 1736 1577 scrutaris
1757 1510 1798 1574 ί,
1830 1511 1939 1564 noli
1967 1524 2088 1564 esse

521 1593 844 1659 incredulus,
865 1595 958 1650 sed
981 1595 1167 1651 ﬁdelis.
1194 1599 1440 1666 Attamen
1470 1598 1562 1652 Dei
1587 1598 1926 1668 indulgentim
1949 1615 2079 1670 gra-

521 1685 622 1740 tias
643 1687 878 1756 agimus.
925 1688 1066 1758 quod
1111 1689 1330 1752 Thema:
1367 1689 1560 1760 digitus
1597 1691 1809 1759 pietatis
1850 1691 2086 1761 calamus

521 1777 697 1841 fuerit,
722 1777 812 1847 qui
845 1778 1090 1834 haeretica
1122 1781 1255 1836 retia
1299 1781 1630 1843 subverteret
1648 1821 1663 1844 ,
1693 1791 1748 1837 et
1776 1797 1960 1838 eorum
1990 1799 2082 1838 ora

517 1867 820 1934 obturaret,
848 1870 939 1940 qui
968 1870 1147 1939 dicere
1172 1872 1425 1941 auderent
1444 1916 1463 1946 ,
1492 1874 1772 1939 Dominum
1797 1877 1974 1945 specie
1999 1876 2084 1933 in.

517 1957 696 2014 duisse
721 1973 912 2028 corpus
934 2001 950 2024 ,
996 1962 1279 2031 specieque
1304 1971 1506 2018 tantum
1531 1973 1798 2033 mortuum
1822 1980 1966 2026 esse.
1997 1966 2085 2027 Di,

514 2049 654 2116 gitus
679 2063 805 2104 vero
832 2050 1052 2110 Thema:
1086 2051 1454 2118 hzereticorum
1479 2054 1862 2120 dubitationem
1886 2057 1955 2116 ita
1977 2057 2084 2112 sols-

516 2140 609 2203 vit,
639 2149 698 2194 ιιι
723 2141 810 2196 ille
835 2140 1052 2212 digitus,
1081 2153 1264 2198 contra
1284 2161 1442 2220 quem
1477 2145 1610 2212 nihil
1637 2157 1924 2224 potuerunt
1943 2149 2078 2218 magi

516 2227 882 2299 Egyptiorum
920 2231 1158 2292 dicentes
1195 2251 1208 2286 :
1246 2232 1449 2304 Digitus
1479 2233 1574 2300 Dei
1592 2245 1662 2290 est
1694 2236 1776 2302 hic
1800 2235 1993 2307 (Exod.
2021 2239 2077 2293 8.

516 2317 625 2386 l9).
658 2317 760 2372 Par
789 2328 904 2374 erat
929 2320 1184 2376 Thomam
1203 2361 1221 2388 ,
1251 2333 1369 2391 post
1400 2335 1606 2382 certum
1649 2326 1775 2393 illud
1804 2338 2077 2397 acceputm

517 2407 789 2473 indicium,
821 2410 950 2464 illud
981 2411 1193 2466 Davidis
1215 2413 1414 2468 dictum
1441 2417 1677 2485 proferre
1703 2435 1716 2470 :
1744 2417 1812 2471 In
1830 2419 1913 2473 die
1932 2419 2080 2484 tribuo

513 2497 713 2554 Iulianis
738 2516 860 2554 mea:
877 2499 1040 2562 Deum
1059 2504 1302 2572 exquisivi
1328 2505 1499 2573 (Psal.
1523 2509 1612 2569 ‘16.
1639 2509 1716 2579 3);
1740 2520 1792 2564 et
1819 2511 1941 2580 quia
1961 2527 2078 2571 ma,-

513 2590 668 2649 uibus
705 2593 1058 2659 scrutabatur,
1098 2597 1370 2664 sequentia
1407 2597 1623 2665 addere,
1669 2600 1905 2659 Manibus
1954 2604 2078 2658 meis

512 2692 654 2734 nocte
675 2692 847 2735 contra
870 2700 1003 2748 eum.
1029 2694 1078 2739 et
1105 2701 1204 2746 non
1232 2703 1341 2743 sunt
1358 2689 1606 2758 deceptus.
1631 2690 1756 2745 Noli
1780 2709 1886 2747 esse
1909 2694 2076 2754 incre-

509 2770 679 2834 dulus,
701 2771 790 2825 sed
810 2772 992 2840 fidelis.
1025 2774 1118 2832 Ille
1138 2790 1265 2830 vero
1284 2786 1338 2830 et
1356 2793 1386 2831 a
1412 2777 1576 2838 ﬁxura
1597 2795 1716 2834 eum
1737 2821 1752 2843 ,
1778 2782 1868 2852 qui
1890 2798 2074 2851 passus

507 2872 643 2926 erat,
673 2865 981 2940 conspexit,
1011 2875 1064 2920 et
1099 2882 1129 2920 a
1161 2868 1353 2936 prmvia
1377 2871 1678 2940 cognitione
1707 2873 1870 2944 Deum
1898 2874 2026 2940 dicit
2055 2893 2071 2931 :

508 2949 758 3008 Dominus
781 2970 916 3015 meus
943 2965 990 3008 et
1020 2954 1153 3010 Deus
1179 2973 1336 3011 meus.

585 3043 640 3096 ὕ.
682 3043 913 3107 Audiant
939 3045 1194 3106 lueretici.
1222 3046 1276 3102 Si
1301 3063 1425 3103 vere
1448 3049 1501 3108 id
1529 3061 1737 3108 recusat
1761 3053 1946 3119 Filius,
1975 3071 2073 3113 nec

398 3155 409 3173 -
510 3141 592 3185 est
619 3133 838 3201 aequalis
863 3134 1028 3201 Patri,
1058 3150 1155 3190 cur
1177 3151 1236 3192 se
1263 3151 1664 3208 exsuperantem
1692 3142 1945 3202 honorem
1967 3162 2072 3202 non

508 3221 715 3288 reiicit?
745 3224 956 3279 Amlivit
981 3241 1010 3278 a
1049 3227 1277 3292 qundam
1302 3267 1318 3291 ,
1361 3228 1600 3299 Magister
1624 3233 1750 3286 boue
1767 3275 1782 3300 ,
1823 3245 1877 3290 et
1899 3235 2066 3305 dixit,

505 3310 608 3364 Cur
646 3329 726 3372 me
759 3313 886 3377 dicis
933 3314 1115 3382 bonum
1135 3316 1162 3371 .’
1226 3316 1388 3385 Nemo
1433 3307 1589 3379 bonus
1633 3323 1730 3387 nisi
1771 3339 1899 3387 unus
1933 3323 2073 3382 Deus

507 3405 524 3472 (
557 3403 743 3458 Matth.
771 3405 858 3462 1ο.
892 3406 978 3462 16.
1026 3408 1092 3463 17
1123 3409 1162 3479 ).
1191 3408 1338 3468 Licet
1363 3410 1489 3466 illud
1532 3412 1710 3480 bonus,
1734 3415 1892 3470 etiam
1931 3417 2070 3487 apud

507 3508 606 3548 nos
634 3493 685 3559 in
711 3511 810 3563 usu
830 3496 916 3555 sit.
948 3487 1226 3579 lliudlbone
1243 3501 1446 3566 audire,
1475 3511 1534 3557 ut
1567 3513 1623 3558 tu
1647 3506 1953 3577 suspicaris,
1975 3509 2072 3566 ali-

503 3585 714 3654 quando
732 3589 1028 3653 recusavit;
1056 3605 1230 3652 annon
1255 3592 1380 3648 illud
1402 3593 1538 3649 Deus
1563 3606 1618 3652 et
1641 3597 1886 3654 Dominus
1905 3601 2072 3658 multo

505 3677 672 3745 magis
707 3692 956 3741 recusare
976 3678 1203 3745 debuit?
1233 3683 1475 3755 Magister
1513 3686 1658 3755 bone,
1688 3703 1752 3748 ac
1791 3690 1936 3756 dicit,
1967 3691 2071 3748 Cur

503 3770 580 3827 νηὶ
603 3767 728 3828 dicis
767 3769 949 3830 bonum
965 3771 991 3824 .9
1016 3771 1111 3826 llic
1137 3782 1313 3836 autem
1331 3815 1346 3838 ,
1374 3773 1623 3832 Dominus
1654 3795 1794 3834 meus
1815 3820 1829 3846 ,
1855 3792 1903 3835 et
1933 3782 2070 3842 Deus

502 3873 659 3925 meus.
685 3868 868 3923 etnon
907 3861 1055 3928 dicit,
1077 3862 1185 3918 Cur
1209 3879 1295 3920 me
1322 3864 1456 3922 dicis
1479 3866 1758 3924 Dominum
1791 3880 1846 3925 et
1870 3871 2068 3927 Deum?

502 3946 598 4006 sed
627 3947 718 4014 ibi,
745 3949 868 4019 quia
890 3965 950 4006 se
988 3951 1200 4024 indigna
1233 3969 1337 4008 vox
1380 3964 1496 4010 erat
1528 3957 1676 4028 (non
1720 3961 1860 4015 enim
1901 3961 2064 4030 dixit,

506 4037 727 4094 Domine
775 4039 952 4107 bone,
1007 4043 1101 4098 sed
1123 4083 1140 4110 ,
1193 4044 1438 4118 Magister
1469 4049 1656 4116 bone),
1703 4052 1954 4108 vilitatem
1981 4069 2070 4110 re-

499 4127 675 4196 spuit,
714 4142 776 4184 ac
807 4145 917 4185 rem
957 4132 1242 4201 gloriosam
1286 4135 1384 4192 sibi
1434 4137 1668 4197 admisit.
1715 4140 1811 4197 llic
1857 4157 2069 4213 quoque

502 4214 872 4285 reprehendit,
925 4219 1020 4274 sed
1067 4223 1330 4278 contraria
1375 4223 1442 4279 de
1486 4240 1645 4281 causa
1691 4229 2064 4299 reprehendit,

500 4307 750 4376 quoniam
789 4307 842 4364 id
881 4309 1082 4366 tardius
1116 4311 1342 4368 dixerat.
1382 4314 1930 4388 Reprehenditillum,
1960 4341 2065 4382 non

498 4397 642 4468 quod
669 4398 910 4467 dixisset,
939 4399 1185 4458 Dominus
1205 4420 1364 4474 meus,
1391 4407 1487 4462 sed
1514 4409 1654 4477 quod
1681 4411 1881 4471 tardius
1893 4411 2066 4470 dixis-

501 4498 606 4552 set.
644 4489 780 4570 Quia
812 4490 970 4560 igitur
1001 4493 1166 4550 uidisti
1203 4510 1314 4560 me,
1356 4497 1610 4554 credidisti
1638 4515 1658 4554 :
1687 4500 1816 4556 beati
1850 4505 1938 4570 qui
1965 4520 2066 4560 non

497 4559 731 4648 uiderunt
748 4621 765 4648 ,
794 4559 851 4636 et,
864 4583 1180 4638 crediderunt
1203 4584 1392 4656 (Joan.
1423 4587 1514 4644 20.
1539 4588 1610 4645 29
1634 4591 1673 4659 ).
1706 4559 2064 4664 Unus'repre-

497 4671 698 4734 liensus
723 4679 840 4740 est,
866 4682 924 4738 et
966 4687 1063 4737 nos
1103 4689 1292 4731 omnes
1317 4677 1456 4734 beati
1504 4682 1676 4736 vocati
1719 4697 1944 4740 sumus:
1977 4686 2063 4744 illa

498 4763 694 4840 quippe
723 4761 994 4828 beatitudo
1016 4764 1083 4827 ad
1109 4780 1207 4822 nos
1230 4781 1419 4824 omnes
1438 4772 1756 4840 pertransit,
1797 4785 1852 4830 et
1877 4777 1942 4831 ad
1969 4793 2063 4836 eos

489 4837 725 4922 qui'post
746 4869 843 4910 uos
869 4854 1030 4925 futuri
1067 4867 1224 4924 sunt;
1259 4859 1381 4928 quia
1405 4837 1527 4922 eum
1557 4837 1813 4920 miracula
1835 4867 1925 4922 illa
1954 4886 2063 4929 non

495 4943 609 5002 visu
636 4947 1030 5018 per-ceperimus
1051 4989 1068 5016 ,
1117 4949 1211 5008 sed
1239 4951 1344 5011 ﬁde
1367 4957 1747 5029 acceperimus,
1779 4963 2062 5034 participes

494 5045 671 5091 tamen
707 5052 893 5096 sumus
925 5056 1132 5113 magna:
1155 5043 1297 5102 illius
1323 5046 1674 5120 gloriosaeque
1696 5051 2059 5116 beatitudinis.

565 5127 618 5180 7.
657 5126 762 5184 Sed
787 5130 854 5195 ab
894 5132 1131 5203 historia,
1162 5151 1319 5207 quam
1347 5140 1662 5210 compendio
1693 5147 2055 5214 tractavimus,

493 5224 940 5302 pertransit-smus,
985 5222 1032 5280 si
1057 5231 1234 5281 tamen
1258 5225 1521 5285 dictorum
1547 5232 1700 5302 copia
1735 5249 1842 5290 non
1869 5235 2057 5292 defati-

486 5297 599 5388 gati
619 5301 774 5365 estis,
789 5304 860 5361 ad
878 5306 1040 5363 aliam
1057 5312 1431 5382 propheticam
1445 5297 1655 5376 vocem.
1666 5321 1890 5388 Qualem
1906 5324 2059 5380 vero?

491 5386 693 5455 Venite,
711 5398 1057 5456 ascendamus
1071 5402 1142 5455 ad
1158 5416 1382 5462 montem
1398 5408 1614 5466 Domini
1629 5386 1814 5484 (Mica.
1832 5415 1884 5470 4.
1902 5414 1979 5485 2).
1995 5414 2078 5473 Et-

478 5482 670 5542 enima
680 5493 860 5543 monte
869 5487 1142 5548 Olivarum
1153 5509 1464 5570 assumptus
1474 5513 1557 5559 est
1571 5482 1847 5562 Servatur.
1857 5482 2056 5576 Venite,

489 5617 864 5736 amas
1903 5675 1918 5702 ’
1952 5641 2055 5695 ³³³⁵⁸

1229 308 1283 364 S.
1321 304 1597 365 JOANNIS
1625 303 2098 371 CHRYSOSTOMI
2135 303 2451 365 ARCHIEP.
2491 306 3016 374 οοΝδτΑΝτιΝοΡ.

3660 323 3760 383 780

2201 423 2528 478 ascendamus
2553 425 2624 480 ad
2650 435 2867 482 montem
2902 427 3132 499 Domini,
3159 440 3208 486 et
3231 433 3299 487 ad
3320 434 3523 494 domum
3541 433 3642 496 Dei
3669 434 3766 494 λιι.

2197 514 2306 566 τοὺ.
2337 514 2484 572 Diem
2511 526 2684 572 autem
2713 518 2856 580 illam
2883 519 3022 584 Deus
3049 523 3288 592 eiusdem
3315 530 3543 601 minis
3563 532 3763 590 honoro

2195 601 2438 672 dignatus
2462 616 2563 671 est,
2589 623 2696 678 quo
2715 625 2867 677 mons
2887 613 3250 681 appellabatur
3267 619 3306 671 ί.
3331 619 3537 686 Etenim
3565 623 3674 697 illic
3697 642 3758 690 ex

2197 701 2377 749 innate
2406 696 2494 764 qui
2522 699 2806 758 vocabatur
2828 701 3030 768 oliveti,
3052 718 3353 777 assumptus
3379 721 3462 766 est
3486 696 3756 785 Servatur,

2194 793 2251 840 et
2277 784 2362 839 hic
2393 788 2551 850 etiam
2580 788 2844 867 plantatur
2871 792 3032 858 oliva,
3059 810 3178 864 quze
3206 806 3261 852 et
3289 801 3680 872 propinquitate
3707 784 3762 872 et

2193 873 2425 939 nominis
2457 876 2711 940 societate
2750 881 2913 936 veteri
2956 881 3192 946 historia
3235 887 3391 944 ﬁdem
3437 891 3584 948 facit.
3625 895 3758 952 Nam

2192 959 2342 1027 duxit
2379 962 2629 1028 Senator
2656 967 2943 1048 discipulos
2973 972 3023 1026 in
3055 973 3286 1032 Montem
3320 979 3578 1038 olivarum
3607 1001 3640 1041 e
3668 1003 3755 1042 re-

2195 1051 2350 1119 gione
2382 1052 2697 1111 Jerusalem.
2725 1058 2792 1114 Et
2830 1060 2904 1117 illi
2931 1071 2984 1117 et
3012 1062 3139 1127 huic
3167 1066 3324 1136 igitur
3347 1072 3580 1128 animum
3607 1077 3759 1130 adhi-

2189 1141 2320 1198 beas
2349 1162 2361 1196 :
2401 1144 2593 1220 Venite,
2639 1151 2968 1216 ascendam”
3009 1156 3079 1216 ad
3121 1169 3336 1217 montem
3371 1161 3600 1220 Domini.
3643 1169 3754 1241 illis

2188 1233 2535 1300 ascendamus
2557 1237 2820 1302 desiderio
2847 1251 2901 1297 et
2927 1244 3110 1309 verbo,
3135 1261 3300 1318 eaque
3319 1251 3612 1323 videamus,
3638 1233 3754 1326 qua;

2188 1323 2435 1414 Sabimris
2462 1327 2546 1381 illa
2573 1333 2863 1408 assumptio
2886 1334 3039 1390 nobis
3063 1348 3277 1405 operata
3300 1350 3386 1397 est
3409 1343 3503 1414 (ιι).

2258 1413 2314 1500 8.
2354 1413 2432 1469 De
2453 1416 2777 1486 inscriptione
2801 1421 2914 1480 libri
2935 1422 3215 1492 Actorum;
3242 1431 3354 1498 quis
3393 1413 3467 1492 sit
3489 1446 3667 1492 auctor
3689 1441 3754 1501 lis

2187 1503 2265 1565 bri
2305 1498 2562 1562 Actorum.
2583 1539 2656 1550 -—
2687 1510 2819 1567 Volo
2860 1514 3035 1585 itaque
3063 1519 3234 1587 ipsum
3271 1522 3522 1589 Actorum
3555 1498 3749 1592 librum

2187 1608 2418 1659 sumere,
2449 1611 2514 1652 ac
2537 1598 2835 1663 minutatim
2882 1619 2915 1659 ιι
2945 1606 3206 1677 principio
3228 1613 3549 1683 examinare,
3585 1628 3639 1688 ut
3659 1620 3744 1674 di-

2187 1684 2307 1740 vina
2349 1683 2544 1754 ﬂuenta
2589 1691 2861 1747 vobiscum
2912 1693 3150 1758 hauriam
3179 1715 3194 1755 :
3221 1710 3380 1770 atque
3420 1715 3480 1768 ut
3517 1684 3748 1780 veritatis

2187 1772 2454 1840 institores
2481 1778 2756 1836 thesauros
2798 1796 2963 1853 sacra:
2989 1785 3276 1858 Scriptura:
3303 1807 3406 1849 una
3432 1772 3746 1874 scrutemur;

2185 1873 2368 1931 utpote
2401 1867 2487 1944 qui
2528 1869 2832 1939 studeamus
2861 1873 2910 1929 in
2943 1876 3137 1948 pietate
3173 1879 3452 1946 ditescere.
3493 1888 3643 1967 Atla,
3673 1867 3751 1943 in;

2183 1957 2316 2024 quit,
2342 1956 2716 2028 Apostolorum,
2744 1963 2842 2019 Vel
2879 1966 2992 2036 ipse
3016 1969 3197 2042 titulus
3219 1988 3396 2044 rerum
3437 1956 3542 2046 vim
3585 1956 3752 2052 totum

2181 2048 2442 2113 enuntiat,
2464 2061 2650 2120 estque
2682 2057 2995 2121 prooemium
3021 2059 3182 2130 totius
3211 2064 3387 2132 operis
3413 2048 3743 2142 poliicitatiu;

2180 2136 2364 2212 Neque
2403 2149 2575 2200 tamen
2599 2146 2836 2201 omnium
2860 2151 3216 2218 apostolorum
3257 2166 3374 2220 acta
3535 2136 3752 2224 inlibro

2179 2227 2423 2296 feruntur
2453 2250 2466 2290 ε
2497 2234 2592 2289 sed
2618 2235 2663 2290 si
2701 2237 2819 2308 quis
2856 2254 2969 2294 rem
3013 2253 3258 2309 accurate
3295 2257 3582 2316 scrutetur,
3630 2269 3750 2326 quae

2183 2319 2350 2387 prima
2379 2320 2617 2378 feruntur
2644 2328 2699 2382 in
2737 2326 2891 2394 libro,
2921 2329 3063 2396 Petri
3101 2333 3351 2399 miracula
3373 2347 3431 2398 et
3449 2319 3747 2402 doctrinam

2176 2397 2458 2476 exhibent,
2486 2427 2650 2482 pauca
2679 2415 2747 2471 de
2767 2417 2984 2488 reliquis
3008 2397 3300 2493 apostolis;
3330 2439 3451 2496 post
3475 2397 3591 2498 lucc
3621 2448 3750 2488 vero

2178 2497 2246 2554 de
2271 2499 2436 2558 Paulo
2464 2509 2604 2571 totus
2629 2503 2763 2564 liber
2784 2506 3094 2577 absolvitur.
3123 2510 3309 2578 Petrus
3329 2532 3457 2587 ergo
3485 2535 3751 2576 memora.

2167 2597 2266 2655 tur
2291 2602 2345 2646 et
2371 2591 2587 2661 Paulus,
2619 2605 2674 2657 et
2697 2599 2965 2676 quomodo
2997 2603 3236 2670 omnium
3273 2610 3631 2676 apostolorum
3659 2614 3745 2668 di-

2175 2689 2369 2747 cuntur
2409 2684 2565 2741 acta?
2604 2685 2795 2754 Verum
2827 2690 2970 2761 quia,
3019 2694 3308 2764 secundum
3340 2698 3577 2766 Paulum,
3620 2718 3747 2767 cum

2175 2772 2344 2842 gloria
2369 2773 2596 2835 afﬁcitur
2623 2793 2784 2845 unum
2819 2783 3138 2851 membrum,
3160 2786 3318 2855 gloria
3343 2788 3468 2846 item
3496 2792 3750 2855 afficiunt

2178 2869 2264 2916 tur
2289 2864 2466 2918 omnia
2495 2859 2752 2934 membra,
2785 2867 2907 2933 ideo
2949 2886 3053 2926 non
3099 2875 3358 2946 inscripsit
3397 2877 3744 2956 historiogra:

2175 2951 2313 3026 phus
2348 2955 2476 3010 Acta
2521 2956 2663 3024 Petri
2705 2968 2761 3020 et
2809 2961 2978 3028 Pauli,
3027 2964 3120 3018 sed
3164 2969 3288 3025 Acta
3328 2951 3742 3039 Apostolorum;

2174 3047 2470 3113 communis
2494 3057 2576 3102 est
2604 3051 2930 3118 pollicitatio.
2971 3054 3267 3122 Quaarimus
3287 3073 3418 3129 ergo
3454 3062 3574 3130 quis
3604 3063 3744 3130 hunc

2173 3135 2426 3196 Actorum
2454 3136 2646 3200 librum
2674 3139 3012 3198 adornaverit
3039 3160 3054 3198 :
3083 3145 3210 3201 varii
3233 3147 3400 3215 enim,
3429 3151 3739 3224 scriptorem

2173 3224 2292 3290 libri
2322 3227 2620 3286 nescientes
2661 3229 2713 3285 in
2743 3232 2914 3287 varias
2945 3233 3099 3288 divisi
3131 3244 3258 3290 sunt
3283 3242 3610 3308 sententias;
3653 3245 3738 3298 alii

2175 3315 2358 3376 dicunt
2385 3317 2500 3389 ejus
2518 3329 2788 3376 auctorem
2809 3338 2926 3378 esse
2952 3325 3278 3382 Clementem
3308 3329 3626 3399 Romanum,
3649 3336 3740 3402 alii

2171 3404 2490 3475 Barnabam,
2530 3409 2618 3464 alii
2647 3409 2843 3466 Lucam
2869 3415 3262 3484 evangelistam.
3292 3417 3544 3489 Quoniam
3572 3422 3741 3495 igitur

2172 3496 2249 3552 illi
2278 3498 2332 3552 in
2361 3500 2534 3555 varias
2551 3501 2750 3558 abeunt
2772 3507 3083 3574 sententias,
3110 3509 3276 3578 ipsum
3298 3510 3611 3580 scriptorem
3633 3530 3737 3585 pro

2171 3586 2457 3657 interprete
2479 3591 2817 3661 accipiamus,
2847 3595 3088 3664 quisnam
3116 3598 3203 3652 ille
3234 3599 3321 3673 sit,
3341 3600 3466 3687 quid
3490 3611 3612 3672 agat
3637 3621 3653 3669 ;
3683 3615 3743 3670 et

2171 3691 2296 3731 num
2339 3678 2408 3734 de
2447 3681 2623 3751 seipso
2649 3685 2918 3756 quidpiam
2961 3688 3240 3757 signiﬁcet.
3286 3678 3514 3754 Primum
3536 3696 3742 3767 quidem

2169 3783 2444 3822 sermonem
2486 3770 2689 3840 [eci-dc
2729 3775 2977 3844 omnibus,
3019 3794 3050 3832 ο
3095 3778 3370 3862 ΤΙιεορΙιὶιε
3413 3782 3551 3853 (Act.
3580 3787 3736 3856 1.1).

2171 3857 2302 3914 Cum
2342 3861 2494 3930 dixit,
2535 3861 2786 3932 Primum,
2813 3877 3046 3924 mentem
3087 3857 3322 3926 nostram
3361 3874 3466 3928 alio
3496 3878 3736 3944 remittu,

2170 3955 2230 4002 ut
2250 3965 2548 4018 quaeramus
2575 3969 2733 4021 quem
2755 3958 2979 4026 primum
3005 3959 3146 4015 dicat
3165 3976 3489 4031 sermonem.
3517 3965 3648 4021 Nam
3692 3949 3736 4022 si

2169 4036 2310 4094 hunc
2334 4041 2502 4096 solum
2522 4043 2794 4114 edidisset,
2821 4063 2927 4102 non
2951 4048 3172 4124 diceret,
3203 4050 3436 4120 Primum
3460 4073 3738 4116 sermonem

2170 4132 2287 4202 feci.
2329 4133 2429 4189 llic
2460 4135 2617 4205 igitur
2653 4137 2790 4192 iiber
2830 4142 3096 4208 secundus
3135 4159 3256 4211 esse
3282 4145 3736 4218 deprehenditur:

2169 4221 2397 4291 primum
2427 4226 2568 4279 enim
2589 4226 2698 4295 jam
2721 4227 2925 4284 iecerat
2955 4249 2968 4284 :
2998 4247 3153 4302 quem
3181 4250 3308 4289 vero
3336 4239 3564 4307 primum
3594 4239 3743 4306 recc;-

2167 4311 2256 4374 rit,
2316 4314 2429 4382 ipse
2482 4315 2725 4371 iudicat:
2767 4318 2998 4386 Primum
3055 4324 3256 4394 quidem
3307 4343 3581 4382 sermonem
3635 4334 3736 4400 {cci

2168 4403 2232 4456 de
2281 4405 2526 4470 omnibus,
2572 4423 2602 4462 ο
2635 4407 2927 4481 TheOpliile,
2962 4429 3075 4490 quia
3108 4415 3257 4483 coepit
3291 4415 3442 4472 Jesus
3485 4423 3648 4490 facere
3689 4431 3736 4486 et

2168 4493 2367 4547 docere.
2415 4496 2505 4550 Sic
2545 4507 2688 4566 patet
2714 4514 2835 4554 eum
2883 4503 2936 4565 in
2976 4503 3146 4571 primo
3172 4517 3419 4573 sermone
3456 4525 3565 4563 non
3604 4513 3736 4566 Acta

2165 4585 2549 4653 composuisse,
2617 4589 2710 4644 sed
2749 4590 3130 4664 Evangelium;
3189 4598 3415 4676 primum
3458 4616 3739 4677 sermonem

2166 4688 2273 4728 non
2300 4677 2496 4731 versari
2522 4679 2662 4736 circa
2700 4696 2762 4736 ea
2791 4698 2910 4752 quae
2935 4685 3120 4742 Petrus
3149 4695 3203 4742 et
3240 4688 3435 4744 Paulus
3472 4691 3736 4760 fecerunt,

2165 4764 2257 4818 sed
2285 4766 2424 4820 circa
2449 4783 2562 4838 qua
2585 4771 2735 4842 capit
2763 4769 2913 4826 Iesus
2929 4776 3094 4854 facere
3120 4788 3165 4830 et
3198 4780 3391 4834 docere.
3427 4781 3609 4856 Palam
3641 4786 3732 4857 igi-

2165 4863 2252 4911 tur
2274 4867 2356 4913 est
2396 4858 2615 4926 Lucam,
2643 4864 2732 4944 qui
2771 4864 3111 4938 Evangelium
3146 4873 3378 4941 scripsit,
3409 4875 3572 4944 etiam
3605 4881 3735 4948 Act:

2162 4947 2412 5008 edidisse.
2465 4940 2668 5007 Verum.
2696 4955 2932 5026 attende,
2986 4940 3266 5025 videamus
3303 4940 3429 5016 num
3469 4940 3598 5033 ipse
3645 4943 3734 5044 sit,

2165 5037 2395 5094 Primum
2437 5043 2637 5112 quidem
2671 5061 2946 5104 sermonem
2973 5051 3070 5118 feci
3108 5051 3170 5104 de
3194 5055 3441 5131 omnibus,
3494 5073 3525 5108 ο
3569 5037 3737 5125 Theo;

2165 5131 2323 5202 pnite,
2350 5149 2463 5202 qua:
2489 5138 2635 5204 cmpit
2653 5135 2804 5210 Iesus
2829 5143 2993 5210 facere
3019 5152 3066 5203 et
3098 5143 3294 5206 docere,
3320 5163 3475 5215 usque
3501 5149 3557 5201 in
3577 5151 3731 5230 diem,

2160 5235 2260 5289 qua
2277 5223 2572 5292 prmeipiens
2591 5227 2831 5295 apostolis
2849 5246 2938 5300 per
2955 5229 3204 5309 Spiritum
3223 5244 3468 5304 sanctum,
3487 5253 3614 5309 quos
3636 5223 3733 5300 de}

2161 5312 2254 5382 git,
2279 5325 2566 5385 assumptus
2592 5329 2700 5386 est;
2728 5335 2792 5376 ac
2814 5322 2861 5378 si
2897 5321 3120 5391 diceret,
3150 5325 3367 5389 Narravi
3407 5340 3527 5384 acta
3560 5340 3615 5388 et
3632 5331 3735 5386 doc

2215 5465 2504 5544 tuique-
2526 5473 2659 5544 ιὶςείί
2684 5487 2697 5544 ς
2721 5473 2965 5544 civim
2999 5483 3159 5528 autem
3178 5484 3389 5530 nostram
3409 5481 3735 5544 eum»

2158 5526 2299 5596 minis
2317 5526 2492 5580 honore
2530 5526 2753 5596 digitium
2781 5542 2868 5586 est.

2219 5585 3080 5674 £“2..E“=f.92£é2!3°§9.739r99w5
3099 5613 3192 5674 nec
3213 5615 3320 5651 cum
3341 5603 3738 5674 μεωάειιιξμιε

2157 5659 2251 5698 nec
2265 5661 2374 5698 cum
2394 5656 2714 5716 sequentibus
2727 5658 2992 5708 cohaerent.
3033 5656 3144 5719 Qum
3167 5656 3384 5714 numeris
3404 5669 3739 5732 sequentibus

2156 5707 2204 5757 8.
2228 5710 2276 5759 9.
2297 5717 2349 5761 et
2376 5712 2452 5766 l0.
2489 5712 2726 5781 feruntur,
2753 5731 2874 5772 vere
2895 5721 3210 5785 cbrysostomi
3233 5733 3361 5778 sunt.
3643 5731 3648 5735 “

2193 5744 2204 5756 ο
2231 5744 2276 5759 νο
2298 5744 2349 5761 v.
2379 5744 2452 5766 ον·
2489 5744 2553 5764 Ιῡι
2566 5744 2726 5781 unum,
