4058 6222
346 271 439 324 781

348 382 574 435 etrinam
601 382 903 442 Servatorls
931 406 1096 462 usque
1123 395 1188 450 ad
1210 401 1650 471 assumptiouem.
1681 405 1929 463 Animum

353 469 625 538 adhibete,
659 475 898 534 obsecro.
945 481 1171 550 Primus,
1222 469 1410 557 inquit,
1442 492 1576 548 liber
1603 511 1751 552 meus
1786 513 1930 553 com-

351 561 597 630 plectitur
635 580 794 638 Opera
826 570 1031 627 Domini
1067 586 1119 629 ct
1159 578 1451 637 doctrinam
1483 586 1618 654 ejus,
1651 590 1934 660 pertingit-

349 667 453 720 quo
487 653 688 722 primus
710 657 799 712 ille
823 659 956 715 liber
984 680 1149 733 usque
1187 669 1250 723 ad
1298 653 1736 744 assumptiOue-m.
1769 653 1932 732 Cdm-

351 745 528 813 pcries
579 749 755 802 autem
809 767 906 806 nec
936 754 1238 813 Mattliarum
1283 778 1348 816 ex
1381 773 1512 830 toto,
1557 783 1655 822 nec
1698 769 1931 824 Marcum

353 835 451 888 nisi
484 853 546 890 es
577 849 725 906 parte
756 850 977 909 tantum,
1022 864 1119 904 nec
1158 851 1414 909 Joannem
1449 860 1805 927 complevisse
1847 871 1934 915 to-

355 936 461 980 tum
496 929 834 999 Evangelium
863 952 1029 1008 usque
1065 940 1130 994 ad
1170 948 1610 1015 assumptionem,
1643 951 1735 1006 sed
1768 968 1931 1007 unum

352 1017 567 1071 Lucam.
594 1019 724 1074 Nam
754 1023 1030 1080 Matthaeus
1067 1029 1206 1085 hunc
1239 1033 1395 1089 habet
1426 1037 1696 1107 Evangelii
1728 1039 1887 1094 tinem
1916 1059 1929 1094 :

355 1101 601 1161 Undecim
631 1122 798 1166 autem
825 1115 1063 1187 discipuli
1102 1121 1328 1177 abierunt
1357 1127 1409 1179 in
1439 1139 1652 1182 montem
1680 1129 1928 1195 Galila‘az,

351 1199 436 1250 ubi
473 1203 796 1257 constituerat
837 1207 940 1261 illis
977 1209 1149 1265 Jesus.
1192 1213 1339 1269 Visus
1391 1228 1462 1272 est
1498 1230 1668 1274 autem
1717 1223 1839 1287 illis,
1886 1233 1932 1276 et

350 1289 684 1345 adoraverunt
705 1311 850 1362 eum;
870 1308 914 1351 et
941 1299 1068 1354 dixit
1091 1319 1110 1356 :
1133 1302 1326 1360 Euntes
1353 1308 1523 1362 docete
1551 1327 1722 1366 omnes
1741 1323 1928 1384 gentes.

353 1376 422 1431 Et
465 1397 576 1434 ecce
619 1400 709 1454 ego
744 1387 992 1444 vobiscum
1039 1409 1151 1447 sum
1197 1398 1425 1453 omnibus
1451 1399 1622 1454 diebus
1667 1418 1825 1472 usque
1866 1403 1934 1456 ad

351 1473 830 1561 consummationem
879 1482 1052 1533 steculi
1080 1482 1289 1554 (Matth.
1329 1486 1423 1542 28.
1461 1489 1693 1561 16.30).
1738 1492 1807 1546 Et
1847 1492 1934 1548 hic

353 1558 475 1614 ﬁnis
509 1556 798 1633 Evangelii.
829 1567 1108 1636 Quomodo
1155 1585 1333 1630 autem
1377 1556 1680 1649 assumptus
1707 1582 1797 1648 sit,
1827 1597 1932 1638 non

351 1649 504 1704 dixit.
530 1644 735 1708 Marcus
765 1659 1008 1714 similiter
1031 1661 1156 1718 dicit
1187 1682 1200 1718 :
1233 1665 1299 1718 Et
1337 1644 1682 1737 egressresuiit
1703 1644 1934 1726 mulieres

351 1736 415 1795 de
443 1759 783 1815 monumento,
815 1761 860 1802 et
890 1753 1074 1806 nemini
1100 1757 1373 1826 quidquam
1401 1760 1666 1828 dixerunt;
1695 1764 1933 1818 timebant

350 1835 482 1886 enim
515 1835 700 1907 (Marc.
739 1841 820 1895 l6.
853 1842 930 1912 8).
965 1846 1026 1899 Et
1058 1848 1237 1914 paucis
1265 1851 1588 1920 interpositis
1619 1854 1685 1909 de
1714 1871 1929 1910 assum-

351 1928 532 1991 ptione
577 1929 654 1982 sic
706 1932 937 1988 breviter
983 1935 1248 2006 loquitur:
1282 1940 1349 1993 Et
1405 1942 1656 1999 Dominus
1709 1947 1929 2015 quidem,

351 2022 614 2086 postquam
644 2019 882 2091 loquutus
921 2035 994 2079 est
1040 2029 1130 2090 eis,
1163 2042 1451 2102 assumptus
1480 2044 1552 2088 est
1579 2035 1630 2088 in
1661 2037 1860 2102 cretum,
1886 2047 1933 2090 et

349 2108 484 2160 sedet
510 2125 541 2161 a
579 2112 768 2166 dextris
799 2115 910 2169 Dei.
955 2116 1045 2170 Illi
1081 2131 1246 2174 autem
1286 2124 1498 2194 profecti
1539 2126 1933 2194 praedicaverunt

348 2197 546 2268 ubique,
594 2201 811 2258 Domino
848 2220 1168 2276 cooperante,
1209 2222 1255 2265 et
1285 2230 1564 2269 sermonem
1604 2219 1934 2286 con/irritante

347 2289 667 2354 sequentibus
694 2294 871 2364 signis.
901 2298 1058 2352 Amen
1087 2299 1249 2370 (Ibid.
1290 2320 1338 2357 υ.
1386 2305 1474 2360 19.
1515 2305 1629 2377 20).
1678 2308 1773 2362 llic
1811 2309 1932 2365 ﬁnis

347 2376 640 2448 Evangelii.
673 2381 727 2435 lu
751 2384 925 2442 Marco
942 2392 1320 2460 assumptionis
1351 2396 1551 2450 mentio
1576 2376 1680 2451 non
1710 2407 1793 2452 est
1817 2398 1933 2455 fuso

346 2467 634 2540 descripta.
667 2473 897 2531 Joannes
930 2495 1058 2534 vero
1079 2482 1407 2539 Salvatorem
1447 2487 1513 2541 ad
1553 2499 1794 2559 stagnum
1836 2491 1932 2545 Ti-

347 2556 577 2614 beriadis
597 2567 906 2632 apparuisse
934 2582 1132 2638 narrat,
1155 2574 1332 2644 aitque
1353 2592 1365 2627 :
1385 2575 1520 2630 Dicit
1551 2556 1726 2646 Petro,
1761 2579 1927 2649 Petre,

345 2648 515 2720 diligis
538 2670 615 2707 me
646 2654 822 2724 (Joan.
845 2659 931 2714 ει.
957 2662 1088 2732 15)?
1114 2673 1166 2718 et
1194 2666 1460 2736 dialogum
1489 2670 1746 2740 implevit.
1775 2648 1930 2730 Certe

343 2741 578 2798 Joannes
619 2746 704 2800 hic
752 2752 919 2818 stetit,
975 2769 1072 2808 nec
1117 2761 1432 2813 memoravit
1473 2764 1927 2832 assumptionem;

345 2833 436 2887 sed
468 2835 597 2890 dicit
623 2856 634 2890 :
662 2839 715 2892 Μ
722 2842 828 2894 ulla
853 2846 1052 2912 quidem
1091 2850 1197 2902 alia
1238 2851 1383 2922 signa
1413 2854 1529 2923 fecit
1555 2854 1724 2921 Iesus,
1747 2873 1859 2926 qua:
1885 2860 1929 2912 si

343 2925 624 2980 scribantur
649 2948 737 3000 per
757 2934 977 3004 singula,
1012 2954 1101 2990 nec
1123 2940 1288 3009 ipsum
1315 2942 1533 2996 arbitror
1571 2946 1812 2999 mundum
1838 2963 1927 3000 ca-

346 3034 461 3084 pere
488 3037 633 3089 posse
651 3040 753 3091 eos,
773 3028 859 3095 qui
878 3029 1128 3084 scribendi
1155 3043 1288 3099 sunt,
1316 3034 1468 3088 libros
1489 3034 1669 3105 (Joan.
1695 3037 1784 3092 21.
1807 3038 1925 3110 25).

345 3106 453 3163 Nec
499 3109 733 3168 Joannes
779 3116 976 3187 itaque,
1011 3136 1110 3175 nec
1149 3122 1425 3178 Matthmus
1465 3127 1684 3181 omnino
1717 3143 1927 3184 assum-

345 3199 578 3269 ptioncm
636 3219 1017 3275 memorarunt,
1064 3227 1161 3266 nec
1210 3213 1417 3269 Marcus
1464 3215 1580 3272 fuse
1619 3217 1924 3288 descripsit.

344 3289 541 3346 Verum
572 3294 744 3351 Lucas
773 3315 938 3368 usque
965 3301 1030 3354 ad
1061 3306 1478 3373 assumptionem
1508 3308 1771 3376 explicate
1798 3323 1927 3363 uar-

343 3381 602 3437 rationem
634 3398 990 3456 prosequutus
1015 3399 1114 3444 est.
1142 3391 1262 3447 Ideo
1289 3394 1446 3448 dicit:
1472 3395 1703 3450 Primum
1727 3398 1925 3468 quidem

341 3487 616 3528 sermonem
637 3476 734 3544 feci
763 3478 826 3531 de
850 3481 1100 3548 omnibus,
1130 3498 1158 3535 ο
1190 3482 1488 3552 Theophila,
1523 3501 1634 3554 qua:
1659 3488 1806 3558 coepit
1832 3487 1926 3541 Je~

339 3579 427 3615 sus
455 3567 621 3630 facere
648 3576 694 3619 et
717 3567 915 3634 docere,
949 3586 1104 3642 usque
1127 3577 1178 3625 in
1214 3576 1345 3627 diem
1363 3591 1462 3644 qua
1482 3579 1776 3647 prwcipiens
1801 3595 1928 3650 ape-

331 3655 504 3719 stolis,
527 3673 652 3723 quos
671 3659 838 3729 elegit,
867 3672 1153 3732 assumptus
1179 3664 1406 3733 est(Act.
1435 3669 1485 3722 1.
1520 3669 1572 3722 1.
1603 3669 1682 3740 2).

412 3746 463 3800 9.
509 3747 608 3814 Qui
634 3750 699 3803 sit
729 3750 1058 3820 Theophilus,
1086 3755 1227 3809 initio
1257 3757 1371 3810 libri
1401 3758 1640 3814 Actorum
1668 3777 1917 3816 memora-

340 3845 442 3888 tus.
465 3867 539 3878 —
574 3838 704 3906 Quis
731 3851 814 3896 est
855 3843 941 3898 hic
968 3843 1329 3915 Theophilus?
1373 3847 1464 3903 Illo
1506 3859 1743 3921 tempore
1782 3869 1920 3923 prae-

342 3925 515 3982 fectus
539 3939 688 3998 erat,
721 3941 775 3987 et
814 3933 865 3986 in
894 3935 1206 4003 praefectura
1237 3954 1330 3992 sua
1361 3941 1788 4005 praedicationem
1828 3963 1920 4000 su-

337 4018 555 4086 scepit;
620 4035 682 4074 ac
735 4025 1178 4092 quemadmodum
1236 4031 1517 4097 proconsul
1564 4031 1722 4104 Cypri
1774 4036 1921 4092 Pauli

341 4109 774 4176 praedicationem
801 4116 852 4170 in
881 4121 1251 4186 proconsulatu
1279 4125 1546 4193 suscepit:
1574 4126 1651 4180 sic
1675 4137 1730 4182 et
1751 4128 1924 4184 Theo-

339 4199 517 4270 philus
543 4204 671 4260 dum
719 4207 1003 4276 prict'ectus
1045 4223 1187 4267 esset
1232 4216 1662 4283 praedicationem
1707 4221 1922 4279 admisit

338 4291 499 4349 Luca)
544 4297 859 4355 ministerio.
910 4302 1133 4373 Rogavit
1178 4315 1354 4362 autem
1381 4317 1435 4363 et
1463 4310 1671 4366 beatum
1700 4313 1918 4384 Lucam,

339 4393 398 4438 ut
442 4385 818 4454 Apostolorum
863 4393 992 4447 Acta
1039 4395 1137 4449 sibi
1182 4399 1563 4456 conscriberet.
1599 4402 1916 4469 Servatoris.

339 4476 530 4545 inquit,
557 4490 703 4549 gesta
730 4498 814 4536 me
843 4483 1067 4540 docuisti
1095 4503 1110 4551 ;
1139 4487 1272 4543 doce
1297 4505 1383 4545 me
1411 4492 1568 4547 etiam
1589 4504 1736 4564 gesta
1762 4497 1920 4552 disci-

339 4567 582 4632 pulorum
611 4571 777 4640 ipsius
804 4589 818 4628 :
849 4574 967 4631 ideo
992 4577 1068 4630 illi
1095 4579 1384 4634 secundum
1411 4581 1602 4638 librum
1629 4599 1916 4660 nuncupat.

339 4657 552 4714 Etenim
581 4662 918 4733 Evangelium
947 4669 1236 4724 secundum
1262 4673 1454 4728 Lucam
1479 4676 1545 4730 ad
1568 4657 1916 4750 Theophilum

335 4751 589 4820 scriptum
617 4764 719 4810 est.
755 4756 1027 4813 Undenam
1059 4761 1108 4815 id
1156 4764 1439 4830 probetur,
1487 4767 1600 4839 ipse
1627 4769 1797 4826 Lucas
1833 4773 1917 4827 in-

335 4841 481 4896 dicat
522 4861 535 4897 :
580 4846 831 4911 Quoniam
875 4851 1076 4920 quidem
1121 4853 1268 4908 multi
1315 4859 1483 4911 conati
1523 4870 1639 4913 sunt
1685 4862 1918 4919 ordinare

334 4933 677 4988 narrationem
721 4953 926 5005 rerum,
972 4943 1036 4995 de
1063 4942 1240 5010 quibus
1279 4947 1510 5002 certiores
1555 4949 1679 5018 facti
1721 4967 1912 5018 sumus,

333 5024 468 5078 sicut
505 5027 818 5083 tradiderunt
848 5030 1022 5098 nobis,
1067 5036 1152 5102 qui
1183 5036 1246 5090 ab
1284 5037 1428 5091 initio
1457 5039 1554 5109 ipsi
1579 5041 1838 5109 viderunt,
1870 5053 1916 5098 et

332 5113 553 5168 ministri
581 5120 788 5186 fuerunt
812 5124 1054 5177 sermonis
1080 5139 1098 5177 :
1122 5126 1280 5178 visum
1306 5137 1380 5180 est
1409 5139 1453 5182 et
1481 5131 1625 5195 mihi,
1652 5143 1914 5199 assequuto

330 5207 504 5257 omnia
547 5223 579 5258 a
624 5210 872 5278 principio
894 5252 908 5276 ,
941 5213 1205 5284 diligenter
1246 5233 1307 5271 ea:
1335 5219 1512 5274 ordine
1554 5221 1642 5274 tibi
1680 5223 1910 5289 scribere,

330 5295 520 5364 optime
551 5296 858 5369 Theophile,
901 5312 954 5355 ut
1000 5320 1270 5375 cognoscas
1313 5323 1486 5362 eorum
1525 5310 1819 5378 verborum,
1851 5313 1914 5367 de

325 5387 512 5456 quibus
539 5391 766 5446 eruditus
793 5409 866 5458 es,
891 5395 1142 5450 veritatem
1170 5397 1323 5470 (Luc.
1354 5401 1404 5454 1.
1433 5401 1572 5470 1-4).
1606 5400 1734 5457 Illud
1761 5418 1908 5468 vero,

333 5477 568 5548 Optime,
611 5493 694 5538 est
727 5485 877 5554 quasi
904 5487 1331 5558 splendidissime
1361 5509 1375 5544 :
1407 5502 1532 5550 tuuc
1558 5497 1696 5550 enim
1727 5498 1910 5566 splen-

328 5570 622 5629 didissimis
676 5575 791 5634 huic
837 5579 1066 5649 dignitas
1130 5583 1475 5640 tribuebatur.
1527 5584 1801 5641 Uudeuain
1857 5588 1906 5642 id

329 5663 668 5732 perspicuum
693 5668 819 5722 est?
857 5667 1045 5727 Festus
1071 5689 1268 5740 prii-ses
1297 5674 1427 5729 dicit
1455 5676 1644 5738 Paulo.
1676 5675 1898 5744 Insanis,

1034 279 1098 334 IN
1140 283 1601 345 ASCENSIONE.“
1644 293 1704 347 Ι).
1745 295 1809 349 Ν.
1851 296 1900 351 .l.

2051 300 2136 359 ΕΤ
2177 304 2241 359 IN
2280 307 2566 365 I‘RINCIP.
2607 312 2759 369 ΛΒΤ.
2800 315 2864 370 ll.

3508 321 3614 382 7119.

2045 413 2204 471 Paule
2228 433 2247 470 :
2273 418 2358 473 cui
2385 421 2470 476 ille
2500 441 2513 475 :
2545 423 2664 478 Non
2693 427 2910 495 insanio,
2941 434 3124 502 Optime
3156 435 3305 490 Feste
3348 439 3367 508 (
3383 437 3495 493 Act.
3519 443 3607 494 211.

2037 506 2106 560 24
2125 509 2166 575 ),
2200 513 2474 579 praesidem
2503 519 2828 586 compellans
2857 539 2869 572 :
2901 523 2978 578 sic
3007 536 3057 578 et
3087 525 3192 593 hic,
3223 506 3423 599 Optime
3447 531 3613 586 Theo-

2039 599 2192 668 philo.
2221 601 2352 655 Cum
2379 604 2554 676 itaque
2582 607 2648 662 de
2671 608 2956 681 Evangelio
2983 615 3207 683 primum
3231 619 3402 676 Lucas
3425 621 3613 692 loquu~

2041 695 2122 743 tus
2148 701 2308 756 esset,
2345 695 2486 762 quod
2513 710 2910 768 nuncupaverat
2937 702 3233 774 Theophilo
3253 748 3268 772 ,
3317 722 3500 766 rurSus
3529 727 3614 766 se-

2038 780 2267 836 cundum
2314 784 2504 839 librum
2555 788 2725 843 eidem
2776 791 3069 863 Theophila
3115 811 3400 868 nuncuiiat.
3445 801 3612 868 Quem

2037 869 2273 926 librum?
2316 875 2542 931 Primum
2583 881 2781 951 quidem
2817 900 3094 939 sermonem
3138 889 3233 959 feci
3275 889 3338 943 de
3365 892 3610 954 omnibus.

2038 978 2068 1015 ο
2097 963 2390 1035 Theophite,
2421 985 2534 1039 quw
2558 974 2704 1041 erepit
2728 973 2876 1029 Jesus
2906 980 3072 1047 facere
3096 989 3140 1032 et
3169 979 3362 1035 docere.
3398 982 3465 1036 Et
3486 998 3613 1052 quo-

2039 1070 2206 1126 usque
2241 1073 2543 1118 sermonem
2583 1063 2797 1120 fecisti?
2827 1067 2995 1139 Usque
3029 1071 3080 1124 in
3109 1072 3275 1140 diem,
3303 1089 3404 1143 qua
3431 1077 3612 1142 praci-

2038 1145 2180 1213 piens
2224 1152 2466 1218 apostolis
2490 1194 2505 1219 ,
2555 1171 2679 1217 quos
2721 1158 2868 1229 elegit
2919 1176 3008 1230 per
3053 1162 3303 1232 Spiritum
3360 1176 3609 1228 sanctum.

2037 1249 2321 1308 assumptus
2345 1253 2437 1294 est.
2488 1244 2583 1298 Est
2610 1258 2786 1302 autem
2834 1250 2961 1305 illud
3009 1267 3103 1321 per
3145 1253 3474 1325 hyperbaton
3518 1273 3611 1312 seu

2040 1332 2500 1399 transpositionem
2558 1337 2776 1393 dictum.
2844 1342 3184 1413 Evangelium
3243 1348 3521 1418 composui
3580 1362 3608 1402 a

2037 1421 2323 1491 principio,
2356 1426 2542 1497 inquit,
2573 1444 2739 1497 usque
2769 1432 2821 1486 in
2848 1433 2990 1489 diem
3008 1476 3024 1500 ,
3053 1452 3154 1506 qua
3177 1447 3479 1508 assumptus
3504 1451 3608 1502 esu

2038 1521 2313 1582 postquam
2356 1519 2614 1586 apostolis
2639 1563 2653 1587 ,
2683 1537 2818 1592 quos
2856 1523 3124 1594 elegerat,
3157 1538 3418 1599 prmeepta
3446 1529 3608 1584 dedit.

2037 1601 2287 1657 Animum
2326 1606 2553 1674 adhibe,
2585 1627 2785 1680 qtucso.
2824 1613 3016 1680 Quibus
3059 1628 3104 1670 et
3150 1617 3362 1686 prcbuit
3399 1620 3622 1690 seipsum

2038 1693 2202 1747 vivum
2251 1707 2362 1764 post
2408 1701 2691 1769 passionem
2719 1719 2886 1758 suam.
2928 1705 3058 1762 Vide
3097 1710 3434 1780 evangelista:
3478 1710 3621 1766 ﬁdus

2037 1784 2171 1837 ciam
2203 1802 2216 1839 :
2249 1802 2314 1841 ne
2339 1790 2390 1841 in
2418 1791 2638 1846 Actibus
2661 1794 3036 1863 Apostolorum
3061 1799 3272 1868 quidem
3296 1798 3620 1872 theologiam

2039 1874 2310 1947 relinquit.
2339 1879 2452 1934 Non
2479 1881 2645 1951 dixit,
2677 1885 2880 1953 Quibus
2917 1905 3212 1958 apparens;
3253 1892 3380 1960 sed,
3423 1894 3624 1958 Quibus

2038 1967 2252 2035 prwbuit
2277 1970 2497 2040 seipsum
2522 1974 2705 2030 vivum.
2736 1976 2866 2032 Nam
2896 1979 3119 2047 Solvite,
3149 1981 3348 2052 inquit,
3376 1985 3615 2056 templum

2039 2058 2135 2111 hoc
2155 2100 2170 2125 ,
2199 2071 2244 2134 et
2274 2061 2326 2114 in
2354 2063 2510 2117 tribus
2548 2064 2719 2121 diebus
2756 2070 2976 2125 excitabo
3005 2067 3150 2127 illud.
3189 2073 3382 2140 Quibus
3407 2075 3616 2144 praebuit

2038 2149 2259 2218 seipsum
2303 2152 2464 2205 vivum
2492 2165 2606 2224 post
2644 2159 2930 2226 passionem
2970 2177 3116 2215 suam
3155 2162 3209 2216 in
3251 2164 3419 2217 multis
3455 2180 3614 2235 argu-

2037 2241 2215 2293 mentis
2244 2254 2334 2311 per
2357 2244 2463 2298 dies
2487 2249 2826 2318 quadraginta
2850 2265 3102 2320 apparens
3131 2253 3225 2320 eis,
3253 2263 3298 2307 et
3326 2255 3532 2319 loquens
3555 2257 3616 2309 de

2035 2346 2189 2402 regno
2216 2331 2311 2386 Dei
2341 2333 2518 2404 (Joan.
2543 2337 2598 2390 2.
2629 2337 2726 2409 19)
2754 2340 2793 2392 ³.

2107 2422 2194 2478 10.
2238 2425 2486 2492 Attende,
2515 2442 2715 2498 qua'so.
2743 2429 2810 2484 In
2848 2433 3019 2485 multis
3056 2435 3365 2505 argumentis
3393 2451 3482 2505 per
3511 2435 3618 2489 dies

2034 2515 2370 2588 quadraginta
2399 2532 2652 2591 apparens
2695 2522 2766 2576 eis
2790 2564 2804 2588 ,
2855 2528 2903 2578 et
2947 2524 3150 2596 loquens
3197 2525 3260 2580 de
3308 2543 3462 2598 regno
3497 2526 3614 2582 Dei.

2037 2606 2138 2661 Per
2165 2607 2282 2662 illos
2309 2610 2654 2682 quadraginta
2680 2613 2795 2669 dies
2819 2629 2926 2670 non
2949 2615 3186 2686 quotidie
3210 2618 3496 2688 apparebat
3513 2619 3614 2675 eis.

2036 2696 2244 2751 Etenim
2276 2709 2398 2769 post
2433 2705 2877 2758 resurrectionem
2918 2719 3161 2774 magnam
3187 2707 3331 2760 carni
3367 2721 3477 2760 sure
3507 2708 3613 2762 vim

2036 2789 2224 2844 indidit
2248 2792 2314 2845 ad
2342 2790 2497 2846 ﬁdem
2525 2794 2934 2858 conciliandam,
2964 2811 3052 2861 ne,
3079 2797 3123 2850 si
3165 2795 3490 2866 frequentius
3514 2811 3582 2867 ap
3600 2830 3614 2839 -

2035 2891 2223 2950 paret,
2273 2883 2688 2952 magnitudinem
2753 2885 2965 2940 virtutis
3021 2886 3272 2941 solveret.
3325 2886 3612 2957 Oportebat

2033 2975 2174 3028 enim
2221 2975 2366 3029 illum
2412 2985 2531 3044 post
2570 2977 3013 3032 resurrectionem
3059 2993 3183 3034 cum
3221 2978 3414 3034 divinis
3449 2976 3614 3050 signis

2031 3080 2319 3135 apparere,
2367 3081 2466 3121 nec
2508 3083 2566 3124 se
2596 3068 2927 3138 frequentius
2966 3069 3018 3124 in
3059 3076 3402 3141 conspectum
3442 3069 3609 3125 dare:

2034 3157 2151 3212 ideo
2184 3158 2330 3224 dicit,
2372 3157 2437 3212 In
2477 3160 2645 3214 multis
2670 3159 2979 3232 argumentis
3005 3178 3095 3233 per
3122 3157 3228 3216 dies
3255 3161 3610 3234 quadraginta.

2032 3249 2145 3305 Non
2177 3251 2316 3304 enim
2364 3266 2424 3306 se
2464 3249 2517 3306 in
2564 3259 2907 3323 conspectum
2938 3252 3132 3319 dabat;
3163 3253 3258 3310 sed
3299 3262 3452 3309 erant
3497 3253 3612 3309 haec

2031 3348 2343 3410 argumenta
2387 3343 2560 3411 ipsum
2607 3359 2728 3398 esse
2774 3344 3074 3412 probantis.
3118 3345 3424 3415 Apparebat
3467 3343 3611 3400 enim

2032 3433 2136 3488 illis
2169 3431 2273 3487 alia
2301 3432 2491 3496 forma,
2519 3429 2620 3488 alia
2649 3449 2804 3500 voce,
2842 3433 2945 3488 alio
2971 3432 3173 3490 habitu.
3201 3434 3458 3491 Adstabat
3483 3453 3610 3508 apo-

2030 3523 2182 3577 stolis
2225 3522 2563 3592 frequenter,
2613 3539 2712 3578 nec
2752 3525 2820 3579 ab
2857 3522 2938 3581 eis
2983 3526 3422 3596 cognoscebatur.
3469 3526 3611 3582 Adiit

2031 3612 2322 3683 piscatores
2351 3613 2568 3668 Petrum
2594 3622 2648 3668 et
2673 3615 2868 3676 socios.
2897 3615 3073 3686 aitque
3098 3615 3162 3671 iis
3193 3636 3206 3670 ε
3238 3612 3434 3682 Iv‘ilioli,
3462 3633 3610 3669 nurn-

2028 3707 2150 3779 quid
2174 3706 2363 3762 habetis
2388 3707 2456 3760 ad
2482 3703 2890 3762 manducandum
2925 3704 3116 3779 (Joan.
3142 3705 3230 3763 2i.
3262 3709 3332 3780 5)
3354 3705 3379 3762 ?
3413 3718 3468 3764 et
3501 3722 3608 3764 non

2027 3806 2392 3867 cognoverunt
2415 3814 2559 3863 eum,
2587 3813 2690 3853 non
2718 3798 2963 3866 formam,
2988 3814 3093 3853 non
3121 3813 3326 3857 vocem.
3351 3797 3606 3868 dicitque.

2032 3881 2218 3942 Mittite
2245 3888 2312 3949 ad
2339 3887 2595 3941 dexteram
2622 3889 2807 3958 navigii
2832 3892 2952 3951 rete,
2977 3897 3024 3940 et
3051 3887 3306 3941 invenietis
3335 3883 3438 3959 (Ib.
3457 3904 3506 3941 ν.
3525 3890 3605 3960 6);

2027 3995 2090 4034 ac
2127 3995 2247 4035 cum
2293 3981 2582 4046 misissent,
2628 3979 2791 4033 multa
2837 3979 3022 4048 piscati
3063 3983 3206 4032 sunt.
3251 3978 3384 4034 Cum
3429 3978 3609 4050 itaque

2026 4087 2148 4126 eum
2193 4087 2296 4125 non
2329 4085 2395 4126 ex
2439 4081 2730 4141 conspectu
2773 4071 3126 4141 perciperent,
3172 4087 3238 4126 ex
3279 4077 3608 4142 argumentis

2026 4161 2239 4215 virtutis
2265 4161 2647 4230 percipiebant.
2675 4160 3007 4230 Quapmpter
3027 4159 3349 4232 evangelista
3370 4159 3608 4219 Joannes

2025 4252 2153 4306 dicit
2183 4251 2361 4317 Petro,
2387 4251 2634 4306 Dominus
2663 4262 2735 4307 est
2765 4251 2870 4324 (Ib.
2893 4269 2941 4306 υ.
2963 4247 3041 4326 7),
3062 4270 3166 4308 non
3186 4253 3298 4309 visu
3315 4255 3597 4319 suadente.

2025 4343 2118 4398 sed
2149 4353 2459 4414 argumento
2487 4339 2717 4399 virtutis.
2748 4343 2870 4401 Ideo
2894 4344 3088 4400 clamat
3112 4343 3302 4410 Lucas,
3335 4345 3402 4400 In
3431 4349 3605 4403 multis

2025 4434 2329 4504 argumentis
2346 4445 2432 4504 per
2448 4435 2553 4488 dies
2569 4435 2902 4507 quadraginta
2918 4454 3169 4507 apparens
3185 4441 3274 4503 eis,
3303 4450 3350 4494 et
3369 4436 3599 4509 loquens.

2096 4522 2300 4590 Quoties
2329 4524 2558 4581 Christus
2595 4535 2702 4596 post
2744 4529 3154 4583 resurrectionem
3180 4532 3493 4602 apparuerit.
3519 4560 3592 4573 -

2023 4615 2203 4686 Neque
2247 4615 2417 4670 solum
2460 4617 2766 4686 apparebat,
2804 4614 2896 4673 sed
2923 4618 3081 4674 etiam
3107 4620 3424 4692 quandoque
3449 4619 3598 4675 vide-

2023 4711 2196 4765 batur.
2227 4709 2304 4764 Re
2324 4709 2605 4780 diligenter
2629 4706 2905 4765 observata
2932 4708 3308 4782 comperimus.
3335 4710 3597 4769 Servato-

2022 4817 2134 4857 rem
2167 4811 2286 4871 post
2310 4802 2752 4857 resurrectionem
2782 4803 3031 4858 undecies
3055 4803 3226 4859 visum
3279 4803 3442 4860 fuisse
3473 4818 3599 4859 san-

2021 4895 2121 4949 ctis
2148 4893 2424 4963 apostolis,
2456 4903 2512 4948 et
2550 4904 2674 4948 tunc
2702 4905 3030 4964 assumptum
3059 4893 3221 4950 fuisse
3262 4895 3327 4950 ad
3359 4895 3594 4951 Patrem.

2021 4985 2237 5052 Quare?
2265 4984 2395 5051 Quia
2424 4979 2566 5039 enim
2595 4984 2838 5039 undecim
2870 4978 3100 5040 habebat
3121 4985 3428 5056 discipulos,
3451 4997 3598 5056 post-

2019 5089 2177 5146 quam
2207 5075 2370 5129 Judas
2403 5075 2658 5144 expulsus
2693 5075 2884 5139 fuerat,
2912 5089 2975 5130 ac
3002 5091 3097 5146 per
3126 5075 3382 5131 nefariam
3421 5077 3598 5147 prodi-

2021 5169 2312 5231 tionem,et
2327 5161 2503 5222 locum
2531 5182 2684 5221 suum
2712 5175 2765 5220 et
2786 5163 3094 5236 dignitatem
3135 5166 3458 5236 perdiderat.
3493 5183 3596 5222 un-

2018 5257 2197 5313 decies
2223 5258 2480 5326 apostolis
2517 5266 2756 5326 apparet,
2797 5272 2860 5312 ae
2887 5272 2992 5311 non
3019 5257 3268 5312 omnibus
3292 5256 3472 5320 simul,
3500 5259 3594 5312 sed

2019 5347 2180 5401 variis
2219 5346 2411 5413 modis,
2450 5344 2733 5416 aliquando
2773 5347 2876 5414 his,
2905 5342 3188 5418 aliquando
3232 5347 3357 5412 illis,
3387 5357 3444 5402 ut
3470 5364 3592 5402 cum

2081 5506 2095 5535 ι
2133 5511 2182 5552 to
2222 5503 2334 5552 Cod.
2358 5501 2724 5574 l886_additur:
2750 5502 2933 5574 Etenim
2973 5502 3150 5574 nudius
3195 5503 3361 5554 tertius
3382 5505 3595 5574 ascensio

2014 5565 2203 5623 aderat,
2228 5577 2338 5633 cum
2368 5564 2690 5633 quadraginta
2721 5563 3046 5633 compleantur
3068 5565 3178 5633 dies
3193 5580 3224 5616 α
3247 5564 3590 5633 resurrectione

2014 5640 2160 5698 usque
2197 5625 2262 5698 ad
2303 5625 2642 5698 ascensionem.
2680 5635 2755 5698 nm
2799 5625 3069 5698 Peruecoste
3099 5626 3225 5678 enim
3249 5640 3340 5676 non
3373 5625 3587 5676 ascensio

2013 5685 2120 5748 fuit.
2145 5689 2230 5738 sed
2258 5687 2416 5738 sancti
2436 5685 2636 5758 Spiritus
2658 5686 2918 5740 descensio.
