4058 6222
487 293 588 346 783

486 411 671 460 decem
699 403 802 458 illis
834 401 1098 471 apparuit,
1121 401 1340 453 absente
1379 398 1618 461 Thema;
1653 413 1857 451 rursum
1896 413 2060 465 appa-

489 499 638 562 ruit,
683 506 942 565 prmsente
981 493 1203 546 Thoma.
1253 490 1540 545 Numerum
1589 506 1712 544 vero
1755 490 2058 559 quaerimus,

492 586 757 653 quomodo
802 593 1011 636 constet
1044 597 1165 636 eum
1214 581 1464 636 undecies
1513 581 1817 650 apparuisse
1848 591 2062 649 prep:er

489 675 730 729 undecim
761 673 1047 744 apostolos.
1078 673 1310 726 Primum
1328 672 1568 741 apparuit
1595 672 1772 725 Maria:
1797 673 1848 725 in
1867 686 2058 724 monu-

493 775 670 818 mento
719 763 1056 826 discedenti,
1115 776 1213 816 nec
1259 777 1361 815 non
1393 762 1510 814 aliis
1553 761 1878 815 mulieribus.
1929 760 2059 814 Nam

490 856 740 910 mulieres
763 857 906 908 illum
938 856 1104 923 prius,
1127 869 1280 922 quam
1304 853 1390 906 alii
1421 868 1625 915 omnes,
1649 858 2056 922 conspexerunt,

502 962 627 1015 quas
680 956 732 998 et
770 947 954 998 beatus
991 945 1204 998 llcsaias
1243 944 1562 1012 compellat:
1595 943 1833 996 Mulieres
1872 960 1904 994 a
1941 958 2058 1010 spe-

488 1038 680 1092 ctaculo
717 1039 965 1091 venientes
989 1079 1003 1099 ,
1037 1038 1196 1089 vrnite
1210 1045 1256 1088 et
1280 1037 1576 1088 annuntiate
1608 1037 1748 1088 nobis
1783 1034 1935 1106 (lsai.
1966 1035 2055 1087 ‘27.

487 1130 505 1179 l
530 1129 600 1196 l).
636 1127 891 1196 Apparuit
920 1127 1075 1195 igitur
1105 1125 1432 1178 mulieribus.
1465 1125 1521 1179 Si
1550 1125 1668 1194 quis
1693 1124 1917 1178 voluerit
1947 1124 2055 1177 cal-

485 1217 663 1270 culum
691 1216 907 1280 ducere,
940 1215 1113 1269 videat
1152 1230 1276 1268 num
1305 1216 1441 1268 circa
1478 1229 1755 1268 numerum
1793 1227 2051 1268 erremus.

489 1307 666 1361 Primo
711 1306 1038 1360 mulieribus.
1064 1304 1244 1362 Maria:
1274 1315 1325 1358 et
1353 1305 1568 1374 reliquis
1595 1323 1608 1358 :
1639 1305 1829 1359 deinde
1861 1305 2014 1358 Petro
2041 1321 2054 1368 ;

494 1407 674 1465 postea
713 1396 925 1465 Cleopte
971 1404 1024 1449 et
1065 1401 1210 1449 soclo
1247 1395 1296 1448 in
1329 1395 1431 1457 via,
1469 1411 1586 1448 cum
1623 1397 1873 1449 Emmaus
1903 1395 2056 1458 irent,

488 1502 715 1554 cumque
753 1487 802 1538 in
854 1485 1108 1538 fractione
1138 1487 1289 1553 panis
1315 1486 1555 1554 cognitus
1575 1495 1673 1538 cst.
1706 1484 1977 1540 Undeuam
2008 1483 2057 1537 id

495 1576 699 1644 liquet?
725 1574 874 1640 Quod
896 1575 1049 1626 Petro
1073 1575 1372 1642 apparuerit
1403 1583 1544 1638 ante,
1561 1589 1716 1642 quam
1734 1573 1816 1627 bis
1831 1573 2056 1626 duobus.

500 1665 722 1732 Ingressi
745 1674 868 1719 sunt
913 1663 983 1716 illi
1023 1663 1128 1716 duo
1154 1664 1376 1730 Cleopas
1401 1671 1454 1716 et
1482 1663 1657 1716 socius
1684 1677 1711 1714 a
1741 1677 1979 1731 vespera,
2004 1670 2060 1716 ut

487 1755 858 1808 annuntiarcut
883 1752 1154 1820 discipulis
1175 1767 1232 1806 se
1256 1751 1448 1805 vidisse
1476 1752 1752 1804 Dominum
1785 1769 1796 1803 :
1822 1761 1874 1804 et
1913 1751 2060 1803 inve-

491 1856 681 1901 nerunt
717 1845 985 1914 apostolos
1027 1844 1283 1909 dicentes,
1326 1841 1449 1897 Vere
1481 1844 1692 1896 surrexit
1718 1841 1983 1908 Dominus,
2013 1852 2058 1893 et

485 1939 723 2008 apparuit
751 1938 948 1990 Simoni
982 1935 1130 2006 (Luc.
1160 1936 1248 1988 9.1.
1287 1933 1399 1998 54).
1428 1935 1558 1988 Dum
1592 1935 1662 1987 illi
1682 1933 1785 1988 duo
1814 1932 1952 2003 quod
1984 1934 2058 1985 vi-

489 2029 679 2083 derant
707 2027 1099 2090 annuntiarcnt,
1142 2027 1274 2078 fama
1308 2033 1672 2093 prascesserat,
1705 2023 1845 2092 quod
1874 2024 2058 2076 Petrus

490 2135 510 2167 κ
527 2119 708 2171 idisset
729 2117 1025 2171 Dominum.
1044 2117 1154 2171 lloe
1174 2127 1225 2170 ct
1250 2116 1442 2169 Paulus
1465 2115 1716 2183 significat
1744 2114 1824 2167 his
1840 2115 2014 2167 verbis
2040 2132 2052 2168 :

490 2207 700 2260 Tradidi
755 2208 882 2260 enim
939 2207 1074 2260 vobis
1125 2207 1176 2259 in
1224 2205 1398 2276 primis
1446 2205 1580 2274 quod
1620 2214 1665 2257 et
1705 2205 1894 2273 accepi,
1925 2203 2059 2274 quod
2103 2221 2108 2225 ·

489 2298 716 2350 Christus
759 2307 985 2350 mortuus
1034 2306 1104 2350 est
1148 2313 1240 2364 pro
1291 2297 1504 2365 peccatis
1548 2297 1748 2360 nostris,
1792 2296 2059 2348 secundum

491 2387 804 2455 Scripturas,
854 2396 900 2440 et
957 2386 1089 2453 quod
1129 2386 1402 2439 resurrexit
1460 2394 1503 2436 et
1551 2386 1682 2437 visus
1732 2394 1801 2437 est
1854 2383 2056 2452 Cepliw,

491 2475 672 2530 deinde
695 2475 922 2528 undecim
949 2475 1209 2542 discipulis
1266 2475 1343 2540 (l.
1375 2473 1492 2528 Cor.
1528 2473 1610 2528 15.
1639 2473 1781 2540 5-5).
1827 2473 2056 2526 Primum

489 2567 665 2631 Petro,
698 2566 887 2621 deinde
911 2567 1034 2620 illis.
1069 2566 1323 2635 Apparuit
1344 2565 1501 2634 igitur
1531 2565 1843 2618 mulieribus
1865 2565 2055 2634 primo,

492 2657 686 2712 deinde
720 2656 895 2723 Petro,
919 2666 1097 2726 postea
1131 2655 1331 2709 foribus
1357 2655 1550 2709 clausis
1579 2654 1789 2722 Cleopae
1819 2661 1873 2708 et
1913 2655 2056 2707 socio

491 2747 749 2810 tertium,
812 2745 1002 2800 deinde
1045 2745 1228 2800 decem
1281 2745 1587 2814 discipulis,
1648 2759 1753 2798 non
1799 2753 2058 2813 prasente

493 2837 695 2890 Thema
719 2853 734 2902 ;
766 2835 956 2890 deinde
982 2835 1222 2890 undecim
1250 2834 1523 2903 discipulis
1551 2842 1808 2902 prtesente
1834 2832 2054 2886 Thema.

495 2925 632 2980 Ecce
649 2927 757 2995 jam
785 2927 1064 2996 quinquies
1081 2933 1318 2995 apparet.
1349 2925 1536 2978 Postea
1563 2924 1860 2993 quingentis
1881 2922 2058 2977 fratri-

492 3017 621 3079 bus;
655 3015 781 3068 illud
811 3016 951 3069 enim
971 3015 1164 3068 Paulus
1192 3014 1385 3068 indicat
1411 3013 1493 3068 his
1517 3013 1692 3067 verbis
1726 3030 1738 3066 :
1766 3011 1960 3066 Deinde
1984 3013 2058 3065 vi-

492 3123 577 3158 sus
603 3115 674 3158 est
714 3105 828 3173 plus
849 3121 996 3174 quant
1018 3103 1296 3172 quingentis
1317 3103 1555 3174 fratribus
1577 3119 1676 3154 una
1703 3103 1828 3165 vice,
1857 3117 1918 3154 ea:
1945 3100 2058 3169 qui-

493 3197 580 3249 bus
628 3195 852 3265 plerique
891 3203 1091 3246 manent
1134 3209 1288 3261 usque
1321 3194 1387 3244 ad
1422 3193 1514 3244 hoc
1541 3201 1732 3260 tempus
1763 3208 1779 3254 ;
1805 3206 1930 3244 ecce
1948 3191 2056 3259 jam

493 3295 666 3341 sexto.
715 3285 900 3338 Postea
955 3283 1196 3352 apparuit
1249 3290 1452 3352 septem
1496 3281 1598 3336 illis
1627 3281 1691 3334 ad
1734 3295 1878 3334 mare
1897 3279 2058 3335 Tibe-

496 3377 656 3432 riadis
681 3377 999 3446 piscantibus
1027 3395 1041 3431 :
1063 3374 1251 3429 deinde
1269 3373 1466 3429 Iacobo
1491 3373 1780 3429 secundum
1805 3371 2056 3427 Paulum:

495 3471 593 3525 sub
614 3469 728 3523 ιιωο
753 3467 1006 3538 apostolis
1032 3468 1277 3522 omnibus
1298 3467 1338 3518 ί.
1364 3468 1606 3520 Animum
1628 3465 1840 3531 adhibe,
1857 3481 2056 3535 quaeso.

494 3559 668 3614 llabes
695 3560 852 3629 igitur
883 3558 1052 3628 primo
1079 3559 1348 3622 mulieres,
1374 3557 1606 3624 Petrum,
1625 3557 1877 3626 Cleopam
1906 3565 1958 3610 et
1973 3571 2064 3610 so-

494 3652 656 3715 cium,
684 3649 940 3704 visionem
970 3647 1186 3702 fratrum
1211 3648 1394 3702 decem
1417 3647 1620 3702 Thema
1645 3647 1880 3710 absente,
1913 3645 2065 3700 \isio-

497 3756 616 3795 nem
647 3740 888 3795 undecim
927 3739 1286 3808 apostolorum
1321 3778 1337 3803 ,
1370 3737 1623 3790 visionem
1657 3735 2059 3805 quingentorum

496 3832 714 3885 fratrum
741 3849 752 3884 :
795 3847 918 3885 ecce
947 3830 1056 3899 jam
1088 3839 1274 3894 sexto;
1297 3829 1543 3898 septimo,
1573 3829 1676 3882 illis
1712 3834 1947 3898 septem;
1973 3841 2064 3881 oc-

495 3933 613 3976 tavo
633 3922 830 3977 Jacobo
855 3939 869 3987 ;
901 3937 1042 3975 nono
1067 3920 1396 3990 septuaginta
1425 3919 1695 3990 discipulis
1719 3935 1733 3983 ;
1764 3918 1975 3974 decimo
2010 3917 2060 3971 in

498 4022 676 4066 monte
706 4012 969 4075 Galilzeze;
1002 4011 1283 4066 undecimo
1313 4011 1366 4065 in
1411 4011 1588 4065 Monte
1630 4011 1905 4064 olivarum.
1930 4007 2063 4063 Cum

500 4105 551 4155 iu
577 4103 966 4156 resurrectione
991 4103 1244 4156 Dominus
1271 4117 1413 4172 saepe
1439 4117 1621 4172 pacem
1643 4103 1935 4172 repetierit,
1962 4101 2060 4154 ab-

498 4191 714 4244 surdum
743 4199 884 4243 esset
902 4205 996 4243 nos
1023 4189 1160 4245 hunc
1173 4191 1435 4245 calculum
1464 4207 1568 4244 non
1586 4200 1828 4260 repetere
1853 4189 1918 4244 ad
1933 4205 2064 4244 con-

501 4280 869 4334 ﬁrmationem.
903 4279 1076 4333 Habes
1106 4280 1260 4349 igitur
1287 4281 1455 4348 primo
1495 4282 1745 4335 mulieres
1772 4298 1786 4345 ;
1833 4280 2066 4335 secundo

501 4374 753 4436 l’i-trtuu;
802 4371 956 4425 tertio
997 4370 1247 4440 Cleopam
1280 4382 1334 4426 et
1377 4373 1576 4425 socium
1603 4390 1618 4437 ;
1650 4382 1838 4442 quarto
1883 4373 2064 4428 decem

497 4463 800 4532 apostolos;
833 4463 1018 4533 quinto
1059 4461 1304 4516 undecim
1345 4463 1651 4533 apostolos;
1706 4474 1856 4518 sexto
1907 4464 2064 4533 quin-

497 4565 682 4623 gellius
706 4569 720 4617 ;
753 4553 978 4622 septimo
1007 4561 1212 4622 septem
1240 4552 1358 4607 illos
1379 4570 1392 4616 ;
1413 4563 1598 4607 octavo
1622 4551 2066 4616 Jacobum;nouo

497 4645 824 4715 septuaginta
865 4643 1187 4712 discipulos;
1243 4644 1450 4698 decimo
1482 4643 1532 4696 in
1585 4657 1762 4697 monte
1799 4643 2063 4710 Gallicam;

497 4734 776 4788 undecimo
795 4734 844 4786 itt
871 4733 1042 4786 Monte
1068 4733 1346 4786 olivarum.

569 4827 654 4878 Η.
683 4825 941 4895 Apparens
979 4826 1048 4878 eis
1071 4840 1158 4894 per
1195 4822 1303 4877 dies
1338 4823 1688 4894 quadraginta,
1713 4835 1758 4877 et
1781 4825 1983 4895 loquens
2009 4827 2071 4880 de

497 4931 650 4985 regno
679 4913 795 4968 Dei.
829 4914 894 4967 Et
931 4930 1223 4968 convescens
1253 4914 1484 4983 pra-cepit
1527 4913 1596 4967 eis
1643 4915 1703 4966 ab
1741 4914 2070 4986 Jerosolyntis

501 5021 562 5058 ne
601 5004 949 5069 discederent;
985 5006 1072 5058 sed
1097 5015 1437 5073 exspectarent
1463 5005 1838 5073 promissionem
1880 5005 2068 5072 Patris,

497 5113 648 5162 quam
670 5095 881 5148 audistis
904 5113 1032 5149 ante
1060 5097 1194 5167 (Act.
1219 5096 1268 5148 l.
1291 5096 1342 5150 '5.
1376 5097 1450 5164 4).
1481 5094 1524 5150 Ο
1551 5111 1792 5165 magnam
1821 5095 2070 5152 Servato-

503 5186 577 5238 ris
608 5185 978 5239 tolerantiam!
1021 5185 1291 5241 otunltam
1331 5187 1656 5258 bonitatem!
1685 5202 1717 5240 ο
1756 5186 2071 5241 ineffabilem

503 5275 928 5330 humanitatem!
974 5275 1120 5341 Esto,
1165 5276 1417 5339 Domine,
1450 5285 1572 5330 ante
1618 5278 1916 5345 passionem
1968 5290 2070 5329 una

566 5427 581 5457 ί
602 5433 661 5494 _tn
695 5424 884 5493 duobus
921 5425 1062 5494 Codd.
1089 5428 1294 5485 additur,
1340 5440 1432 5494 non
1474 5428 1535 5478 de
1580 5426 2031 5494 undecimloqnitnr
2050 5444 2076 5482 ,-

503 5487 629 5554 ια.ῑᾷ
652 5487 778 5554 enim
794 5487 1018 5554 superius
1049 5501 1165 5554 eum
1188 5489 1471 5554 apparuisse
1499 5491 1689 5552 cep/rw,
1712 5497 1759 5554 et
1781 5487 1959 5554 deinde
1980 5501 2075 5554 un-

505 5502 629 5538 ntzu
652 5502 778 5537 enim
800 5502 1018 5548 superius
1049 5502 1158 5538 etim
1318 5502 1471 5540 ruisse
1499 5502 1689 5552 cepna',
1712 5502 1759 5538 et
1781 5502 1959 5538 aetnae
1985 5502 2075 5538 un-

505 5545 946 5620 decintdiscipulis.
966 5551 1127 5620 Pergit
1148 5551 1172 5620 _t
1184 5502 1496 5620 deinde.
1509 5549 1841 5620 septuaginta;
1863 5549 1949 5600 sub
1969 5549 2076 5620 (nec

501 5609 722 5679 apostolis
758 5609 969 5660 onmibns
995 5622 1014 5669 ;
1051 5609 1100 5660 at
1142 5611 1278 5669 ΗΠ,
1319 5609 1698 5674 apostolos'dicri
1719 5609 1845 5661 nunc
1889 5617 2076 5673 septua-

506 5681 657 5734 ginta.

1183 290 1240 346 S.‘
1273 290 1548 346 JOANNIS
1584 288 2055 344 CHRYSOSTOMI
2095 290 2406 344 AllClllEP.
2448 289 2971 347 CONSTANTINOP.

3631 297 3734 352 738

2171 398 2384 462 vixeris,
2436 414 2535 454 una
2572 400 2878 454 recubueris
2905 415 3023 454 cum
3055 400 3322 470 discipulis
3347 443 3361 466 ,
3405 419 3568 473 quare
3621 420 3742 475 post

2169 493 2608 545 resurrectionem
2653 490 3027 546 convcsccris?
3053 489 3120 546 Ut
3140 507 3200 544 ex
3234 491 3335 556 his,
3371 492 3557 562 inquit,
3590 496 3738 551 Th0-

2168 594 2307 632 mam
2338 580 2406 633 de
2435 583 2820 636 resurrectione
2847 581 3126 634 certiorem
3163 581 3367 634 faciam.
3396 581 3450 636 Si
3482 599 3739 656 namque,

2167 680 2442 739 postquam
2473 671 2524 726 id
2558 672 2624 724 ita
2651 681 2852 741 gesutm
2891 679 3004 735 est,
3035 673 3190 724 etiam
3224 687 3364 726 nunc
3385 676 3621 743 suntqui
3646 693 3740 731 re-

2165 763 2552 816 surrectionem
2577 778 2680 816 non
2711 763 2962 827 credant;
2990 763 3032 816 si
3058 762 3108 816 id
3148 778 3251 816 non
3279 764 3472 817 factum
3499 775 3662 829 esset,
3694 768 3742 820 si

2164 868 2269 906 non
2307 852 2626 906 comedisset
2659 862 2711 904 ct
2751 852 2968 905 bibisset
3014 867 3133 904 eum
3165 851 3302 905 illis:
3335 852 3454 921 quis
3478 852 3738 910 etl'renata

2163 959 2346 997 eorum
2373 958 2465 997 ora
2491 942 2924 1009 compescuisset,
2955 942 3042 1010 qui
3087 942 3154 996 de
3197 941 3487 998 Salvatoris
3521 957 3740 998 meonoc

2164 1034 2267 1088 mia
2293 1034 2540 1103 quaelibet
2568 1044 2766 1088 temere
2792 1034 3025 1101 proferre
3049 1032 3289 1085 audent?
3326 1032 3458 1086 llinc
3483 1033 3741 1088 discimus

2163 1125 2391 1179 divinam
2422 1133 2475 1179 et
2499 1125 2773 1195 mysticam
2798 1137 3030 1177 mensam
3068 1122 3350 1191 honorare.
3383 1122 3536 1192 Smpe
3562 1126 3737 1179 conti-

2161 1216 2238 1286 git
2265 1226 2426 1280 utea,
2455 1231 2574 1285 qua:
2604 1231 2876 1270 sermones
2921 1230 3022 1268 non
3078 1216 3508 1279 emendaverant,
3552 1231 3736 1271 mensa

2164 1309 2490 1363 emendaret.
2513 1309 2665 1378 Smpe
2689 1308 2922 1362 sexcenti
2945 1306 3314 1361 conciliatores
3343 1322 3407 1360 ne
3434 1323 3590 1360 unam
3610 1308 3734 1376 qui-

2163 1399 2283 1453 dem
2331 1399 2656 1453 inimicitiam
2701 1399 2906 1452 solvere
2959 1407 3263 1466 potuerunt,
3310 1405 3360 1451 et
3402 1413 3500 1450 una
3541 1413 3731 1451 mensa

2163 1489 2296 1542 bella
2337 1487 2562 1542 sedavit.
2613 1487 2692 1540 Ab
2724 1488 2806 1552 iis,
2853 1502 2973 1555 qua:
3015 1496 3414 1555 praecesserunt,
3446 1485 3602 1554 hujus
3648 1485 3732 1541 rei

2163 1588 2530 1648 argumentum
2575 1578 2775 1646 accipe.
2829 1577 2942 1630 Non
2992 1576 3333 1629 cessabamus
3381 1577 3571 1630 inimici
3604 1591 3729 1631 esse

2165 1670 2278 1732 Dei,
2323 1670 2576 1723 adversus
2621 1669 2858 1722 divinum
2889 1669 3105 1721 verbum
3134 1667 3326 1720 bellum
3356 1676 3602 1736 gerentes
3625 1707 3640 1729 ,
3670 1676 3728 1721 ut

2162 1761 2288 1814 dicit
2317 1760 2510 1814 Paulus
2540 1778 2553 1813 :
2588 1759 2790 1812 Inimici
2829 1775 2938 1810 cum
2961 1774 3207 1819 essemus,
3233 1757 3542 1810 reconciliati
3563 1774 3733 1812 sumus

2163 1851 2269 1904 Deo
2297 1869 2384 1920 per
2421 1861 2629 1903 mortem
2661 1848 2784 1902 Filii
2809 1851 2918 1918 ejus
2953 1847 3124 1918 (Rom.
3168 1846 3220 1902 5.
3251 1846 3359 1918 10).
3389 1847 3592 1900 Inimici
3619 1863 3734 1901 era-

2161 1959 2299 1997 mus.
2327 1943 2482 1996 Missa
2523 1941 2617 1995 fuit
2640 1943 2742 2007 lex,
2769 1956 2865 1995 nec
2893 1941 3249 1994 reconciliavit
3277 1958 3289 1992 :
3321 1947 3584 1993 venerunt
3614 1954 3734 2008 pro-

2163 2033 2336 2102 pheta:
2361 2073 2378 2098 ,
2409 2040 2462 2087 et
2492 2047 2595 2085 non
2629 2038 3001 2100 persuaserunt
3027 2044 3040 2094 ;
3080 2029 3164 2098 qui
3195 2028 3390 2082 inimici
3431 2028 3523 2081 Dei
3561 2037 3731 2087 erant,

2164 2122 2358 2174 inimici
2406 2129 2713 2175 manserunt
2762 2129 2813 2175 et
2865 2119 3064 2173 hostes.
3117 2119 3258 2172 Multi
3291 2118 3501 2187 tyranni
3549 2129 3732 2171 contra

2165 2213 2463 2274 veritatem,
2494 2212 2643 2265 multi
2677 2211 2766 2264 Dei
2799 2211 2978 2264 hostes
3009 2218 3164 2264 erant
3204 2219 3384 2262 contra
3417 2207 3559 2275 piam
3604 2206 3732 2259 reli~

2161 2304 2392 2370 gionem,
2448 2303 2611 2358 multa
2657 2301 2836 2365 verba,
2872 2301 3049 2355 multm
3079 2299 3327 2353 doctrina:
3358 2297 3531 2360 fuere,
3564 2311 3734 2366 neque

2163 2393 2358 2446 bellum
2405 2391 2676 2446 sedarunt.
2729 2390 2884 2444 Venit
2928 2389 3186 2450 Chrisms,
3231 2403 3464 2441 mensam
3496 2385 3732 2439 fundavit

2164 2497 2333 2544 suam,
2363 2483 2592 2550 seipsum
2615 2479 2888 2550 pr0posuit
2913 2481 2964 2532 in
2995 2479 3188 2541 cibum,
3213 2485 3265 2532 et
3284 2477 3418 2530 dixit
3448 2494 3460 2528 :
3488 2478 3729 2546 Accipite,

2165 2574 2462 2626 manducate
2492 2572 2699 2643 (Matth.
2728 2572 2819 2625 26.
2848 2569 2962 2641 26),
3008 2579 3061 2623 et
3101 2569 3276 2622 statim
3307 2567 3503 2620 bellum
3552 2565 3728 2627 solvit,

2162 2665 2382 2732 pacique
2408 2663 2730 2731 triumphum
2757 2662 2950 2716 attulit.
2978 2661 3030 2714 In
3056 2659 3278 2729 Aigypto
3304 2659 3396 2711 Dei
3421 2659 3600 2710 hostes
3620 2658 3730 2724 pla-

2162 2756 2242 2823 gis
2269 2754 2448 2818 afficit,
2481 2763 2535 2808 et
2563 2768 2722 2807 nemo
2747 2752 3054 2821 obsequitur
3081 2767 3094 2803 :
3123 2759 3376 2820 tyrannos
3408 2747 3654 2817 perculit,
3681 2757 3730 2800 et

2165 2861 2323 2901 nemo
2343 2848 2691 2914 obtemperat.
2721 2844 2817 2899 llic
2842 2845 3074 2912 seipsum
3106 2842 3352 2912 proponit
3378 2840 3431 2893 in
3461 2840 3658 2901 cibum,
3677 2848 3730 2892 et

2163 2954 2350 2994 omnes
2371 2939 2689 2993 erubescunt
2713 2945 2766 2991 et
2794 2936 3178 3004 obtemperant.
3210 2931 3458 3002 Flagellis
3485 2947 3589 2984 non
3611 2945 3729 3000 pero

2164 3030 2440 3096 suadebat,
2483 3037 2534 3083 et
2576 3044 2694 3082 cum
2725 3026 3022 3081 comeditur
3048 3023 3328 3094 persuadet
3357 3039 3370 3074 :
3399 3035 3519 3076 cum
3550 3035 3727 3075 come-

2164 3122 2323 3187 ditur,
2358 3122 2591 3189 inquam,
2643 3120 2693 3172 in
2725 3117 2942 3188 mystica
2985 3131 3184 3169 mensa.
3215 3112 3346 3166 Nam
3377 3111 3507 3181 Ego,
3542 3111 3729 3179 inquit,

2163 3229 2273 3266 sum
2305 3213 2450 3280 panis
2487 3210 2573 3278 qui
2607 3209 2669 3262 de
2689 3208 2812 3263 cwlo
2847 3206 3120 3270 descendit,
3166 3214 3213 3258 et
3251 3205 3336 3256 dat
3365 3203 3516 3256 vitam
3546 3201 3734 3254 arundo

2165 3303 2341 3373 (Joan.
2370 3303 2421 3356 6.
2449 3304 2562 3371 41).
2601 3303 2667 3355 Et
2694 3313 3018 3354 convescens
3048 3298 3175 3366 ipsis
3205 3293 3518 3364 loquebatur
3559 3292 3626 3346 de
3652 3305 3735 3346 re-

2163 3409 2268 3464 gno
2296 3393 2387 3448 Dei
2422 3412 2435 3445 :
2463 3402 2517 3446 et
2545 3389 2793 3460 Prwcepit
2839 3390 2910 3443 eis
2957 3389 3019 3441 ab
3052 3386 3375 3455 Jerosolymis
3399 3400 3462 3435 ne
3498 3382 3734 3434 discede-

2163 3496 2293 3549 rent,
2322 3485 2410 3538 sed
2439 3491 2774 3554 exspectarent
2815 3479 3194 3548 promissionem
3229 3477 3312 3530 Dei
3345 3473 3512 3526 Patris
3530 3513 3545 3538 ,
3572 3487 3730 3542 quam

2165 3577 2376 3630 audistis
2407 3593 2440 3628 a
2463 3592 2560 3628 me.
2592 3573 2740 3637 Esto,
2760 3573 3083 3626 audierimus
3109 3583 3137 3622 a
3161 3578 3230 3633 te,
3262 3564 3474 3620 Domine
3502 3581 3514 3617 :
3547 3561 3733 3616 dixisti

2167 3668 2329 3728 enim,
2361 3665 2584 3718 Ascendo
2611 3666 2677 3716 ad
2704 3662 2910 3715 Patrem
2935 3676 3099 3713 meum
3115 3657 3290 3728 (Joan.
3316 3654 3402 3709 20.
3424 3652 3537 3721 l7),
3563 3659 3615 3706 et
3643 3651 3735 3704 ad-

2170 3757 2374 3810 vocabo
2400 3771 2520 3809 eum
2539 3796 2553 3819 ,
2585 3764 2640 3809 et
2664 3753 2866 3806 mittam
2903 3749 3052 3804 vobis
3080 3747 3330 3816 Spiritum
3355 3740 3610 3803 veritatis,
3637 3738 3736 3794 Pa-

2167 3849 2443 3904 racletum.
2495 3847 2573 3900 Tu
2617 3850 2729 3898 lucc
2771 3843 2988 3908 dixisti,
3034 3841 3188 3895 Pater
3224 3852 3352 3891 vero
3399 3834 3735 3905 quandonam

2168 3939 2459 4009 promisit?
2485 3936 2600 3990 Non
2631 3935 2781 3998 dixit,
2822 3933 2890 3988 Ut
2929 3938 3296 4000 exspectarent
3330 3925 3734 3995 promissionem

2168 4045 2366 4092 meam,
2393 4027 2486 4083 sed
2516 4026 2916 4097 promissionem
2935 4021 3124 4086 Patris,
3154 4032 3310 4088 quam
3339 4015 3561 4069 audistis
3579 4029 3606 4066 a
3627 4025 3730 4065 me.

2170 4120 2434 4184 Profecto,
2465 4117 2666 4186 inquit,
2701 4116 2854 4168 Pater
2879 4111 3136 4182 promisit,
3165 4122 3262 4178 ego
3288 4107 3488 4161 monui.
3522 4104 3588 4158 Et
3625 4101 3742 4157 ubi-

2171 4227 2294 4266 nam
2322 4211 2560 4280 promisit
2593 4207 2791 4262 Pater?
2825 4207 2877 4260 Si
2905 4204 3164 4260 evolveris
3182 4211 3356 4257 tatum
3377 4197 3732 4268 Evangelium,

2173 4319 2277 4356 non
2308 4301 2543 4356 invenies
2570 4299 2738 4353 Patris
2773 4311 2958 4350 vocem
2989 4289 3341 4363 promittentis
3381 4304 3440 4342 se.
3468 4285 3738 4354 discipulis

2171 4395 2412 4448 daturum
2443 4406 2562 4445 esse
2583 4389 2832 4457 Spiritum
2858 4394 3114 4438 sanctum.
3143 4380 3368 4436 Ubinam
3394 4392 3520 4445 ergo
3548 4373 3742 4443 promi-

2172 4487 2293 4540 sit?‘
2329 4485 2380 4537 lu
2424 4481 2692 4553 prophetis
2716 4522 2730 4545 ,
2781 4488 2839 4532 ut
2879 4478 3008 4531 dicit
3035 4474 3228 4530 Paulus
3279 4491 3292 4526 :
3336 4470 3533 4524 Paulus
3570 4481 3743 4521 servus

2171 4577 2298 4631 Iesu
2339 4576 2541 4636 Christi,
2571 4582 2773 4626 vocatus
2815 4568 3100 4639 Apostolus,
3144 4560 3493 4634 segregatusin
3511 4557 3746 4623 Evange-

2174 4671 2297 4724 lium
2324 4667 2439 4731 Dei,
2469 4665 2603 4736 quod
2629 4671 2745 4716 ante
2785 4660 3079 4730 promiserat
3108 4670 3197 4724 per
3236 4651 3505 4724 prophetas
3543 4661 3668 4702 suos
3693 4643 3745 4695 in

2177 4759 2457 4830 Scripturis
2476 4755 2659 4810 sanctis
2682 4751 2745 4805 de
2770 4750 2908 4804 Filio
2925 4763 3017 4802 suo
3037 4745 3212 4815 (Rom.
3247 4743 3298 4796 1.
3329 4743 3354 4794 1

2246 4823 2334 4906 ιιὲ.
2363 4849 2493 4904 Cum
2536 4846 2680 4914 prius
2724 4857 2851 4912 ergo
2876 4836 3175 4910 promiserit
3205 4829 3570 4899 Evangelium,
3599 4823 3747 4894 prius

2176 4939 2418 5010 promisit
2470 4937 2627 4991 etiam
2657 4947 2714 4988 se
2759 4932 3003 4986 daturum
3038 4939 3159 4980 esse
3191 4921 3443 4992 Spiritum
3477 4921 3746 4970 sanctum.

2183 5031 2405 5086 Ubinam
2451 5028 2537 5082 illa
2590 5023 2872 5097 promissio
2915 5017 3179 5090 Spiritus?
3233 5011 3514 5068 Vobiscum
3563 5017 3747 5097 quairo

2175 5123 2324 5193 quasi
2353 5137 2486 5175 unus
2525 5095 2605 5174 exi
2621 5118 2802 5180 vobis;
2840 5129 2960 5170 cum
3003 5125 3127 5166 vere
3153 5122 3288 5163 unus
3329 5119 3395 5158 ex
3445 5098 3601 5154 vobis
3645 5095 3749 5149 sim

2178 5213 2281 5267 fide
2308 5221 2362 5266 et
2401 5211 2618 5266 caritate
2643 5223 2767 5280 erga
2794 5206 3078 5262 Christum.
3107 5200 3260 5268 Stepe
3302 5206 3532 5262 namque
3560 5197 3750 5280 vestrae

2177 5302 2380 5358 caritati
2403 5301 2532 5366 dixi,
2561 5315 2688 5356 oves
2712 5277 2766 5355 et
2789 5306 3028 5368 pastores
3051 5308 3116 5349 ex
3145 5289 3372 5346 humana
3393 5281 3655 5339 divisione
3674 5277 3748 5331 sic

2177 5392 2356 5446 vocari
2387 5410 2400 5444 :
2432 5408 2550 5446 nam
2577 5406 2700 5462 erga
2724 5390 2991 5446 Christum
3020 5398 3205 5441 omnes
3249 5391 3431 5436 sumus
3472 5388 3620 5428 oves.
3654 5369 3745 5423 Et-

2178 5483 2318 5540 enim
2367 5492 2468 5536 tam
2499 5491 2756 5552 pastores,
2795 5494 2953 5551 quam
2989 5478 3025 5534 ii
3063 5476 3151 5548 qui
3195 5478 3512 5543 pascuntur,
3554 5463 3624 5516 ab
3645 5472 3744 5552 uno

2181 5587 2414 5642 superno
2437 5549 2648 5642 pastore
2680 5549 2984 5641 pascuntur.
3021 5568 3244 5625 Ubinam
3289 5576 3416 5632 ergo
3464 5549 3743 5628 promisit!

2185 5664 2321 5722 Dicit
2340 5665 2477 5720 Deus
2503 5679 2596 5734 per
2626 5664 2932 5734 prophetam
2959 5659 3074 5717 Joel
3106 5677 3118 5714 :
3150 5657 3214 5712 In
3243 5654 3520 5711 novissimis
3549 5651 3750 5716 diebus,
