4058 6222
355 358 463 419 785

357 476 483 533 dicit
526 473 777 530 Dominus
825 471 1160 540 omnipotens,
1203 463 1460 534 e/fundam
1500 459 1563 514 de
1597 454 1793 527 Spiritu
1832 461 1941 501 meo

360 582 513 638 super
554 580 751 619 omnem
777 577 1000 628 carnem,
1033 570 1079 614 et
1102 553 1470 629 propltetabunt
1501 548 1597 620 lilii
1646 543 1795 599 vestri
1816 550 1863 595 et
1889 540 1946 608 ﬁ-

358 634 446 713 lice
487 665 667 710 vestra
714 652 860 728 (Joel’
887 652 943 707 2.
994 650 1128 721 9.8).
1186 649 1264 703 En
1310 646 1469 716 igitur
1516 634 1943 711 promissionem.

361 750 597 806 Eventus
623 745 959 816 quandonam
976 744 999 797 ?
1018 742 1150 797 Cum
1181 736 1457 795 descendit
1481 732 1710 803 Spiritus
1730 735 1948 782 sanctus

360 842 413 897 in
444 840 738 910 apostolos,
786 846 841 893 et
881 835 1150 892 distribuit
1173 834 1252 889 eis
1279 832 1575 900 linguarum
1609 821 1945 883 divisionem,

360 943 417 989 et
444 932 796 1002 loquebantur
824 931 1034 1001 linguis.
1077 927 1132 983 In
1161 926 1430 982 ebrietatis
1460 919 1814 990 suspicionem
1849 927 1947 967 vo-

360 1023 645 1088 cabantur,
674 1021 904 1091 dicitque
933 1021 1121 1075 Petrus
1145 1036 1158 1071 :
1197 1016 1306 1071 Viri
1334 1014 1604 1073 Israelitte,
1634 1007 1758 1078 quid
1785 1014 1951 1059 atten-

364 1117 484 1170 ditis
513 1116 593 1171 Itis
616 1115 898 1170 hominibus
926 1115 1071 1184 quasi
1110 1112 1278 1177 ebriis,
1309 1125 1425 1163 cum
1467 1107 1533 1161 sit
1568 1104 1696 1157 liora
1718 1100 1817 1155 diei
1844 1109 1948 1152 ter-

367 1211 439 1262 tia
457 1209 483 1263 ?
511 1207 618 1262 Sed
648 1206 743 1261 hoc
767 1206 995 1275 estquod
1019 1204 1207 1257 dictant
1239 1210 1309 1256 est
1353 1214 1442 1270 per
1466 1194 1763 1268 prOpItetam
1786 1187 1903 1244 Joel
1930 1202 1949 1241 :

368 1301 433 1359 In
455 1303 735 1357 novissimis
760 1299 950 1364 diebus,
982 1299 1105 1352 dicit
1138 1295 1407 1354 Dominus,
1461 1288 1718 1358 e/fundam
1739 1283 1802 1337 de
1825 1281 1950 1349 Spi-

291 1468 294 1472 Α
370 1397 470 1451 ritu
493 1411 601 1449 meo
647 1410 801 1464 super
834 1408 1032 1448 omnem
1077 1404 1277 1445 carnem
1308 1385 1460 1461 (Act.
1510 1382 1569 1437 2.
1614 1400 1665 1438 υ.
1718 1374 1945 1443 14-17).

370 1486 497 1544 lltec
524 1494 608 1543 est
636 1486 809 1541 Patris
836 1484 1138 1555 promissio.
1163 1480 1514 1536 Atundenam
1541 1476 1705 1545 liquet
1726 1468 1952 1542 promis-

370 1578 575 1634 sionem
603 1593 669 1633 ex
703 1591 925 1645 persona
969 1574 1138 1628 Patris
1165 1571 1320 1627 esse?
1374 1563 1798 1638 quandoquidem
1830 1558 1952 1614 novi

370 1668 531 1723 etiam
562 1665 754 1720 Filium
779 1666 829 1719 in
857 1663 1128 1734 prophetis
1153 1662 1447 1730 loquutum,
1481 1655 1745 1710 undenant
1787 1651 1954 1719 liquet

372 1758 582 1813 Patrem
624 1758 725 1811 hoc
766 1755 1000 1810 dixisse?
1031 1751 1309 1819 Eﬂ'undam
1343 1754 1404 1804 de
1429 1747 1627 1820 Spiritu
1652 1760 1760 1797 meo
1803 1755 1955 1811 super

371 1866 568 1904 omnem
591 1865 792 1903 carnem
812 1889 826 1913 ,
853 1857 898 1901 et
928 1845 1294 1918 prop/retabunt
1341 1842 1438 1910 ﬁlii
1468 1838 1614 1894 uestri
1633 1847 1680 1891 et
1725 1835 1847 1901 [ilice
1874 1848 1953 1885 ve-

371 1951 510 1996 strae.
541 1940 706 2003 Dabo,
756 1939 947 2009 inquit,
977 1938 1121 2008 signa
1145 1938 1199 1991 in
1223 1937 1349 1990 creto
1371 1948 1571 1988 sursum
1594 1970 1610 1996 ,
1643 1938 1689 1984 et
1734 1929 1788 1982 in
1821 1936 1957 1980 terra

373 2034 607 2088 deorsum
629 2051 649 2099 ;
670 2034 982 2104 sanguinem.
1012 2041 1057 2086 et
1070 2032 1257 2102 ignem,
1289 2038 1334 2083 et
1360 2042 1594 2097 vaporem
1622 2019 1971 2098 fumi(Joel.2.

372 2132 443 2189 50
465 2126 510 2193 ).
538 2126 658 2180 Dixi
685 2141 848 2195 saepe,
893 2125 1200 2194 sanguinem
1232 2123 1396 2177 latere
1425 2118 1674 2174 ﬂuentem
1704 2132 1718 2168 :
1747 2116 1957 2186 signum

373 2221 517 2276 enim
544 2228 660 2275 erat
701 2219 994 2273 maximum
1038 2233 1067 2271 a
1102 2225 1314 2271 mortuo
1362 2227 1588 2284 corpore
1643 2208 1957 2281 sanguinem

374 2314 681 2370 afﬂuentem
726 2315 937 2378 videre;
971 2314 1279 2384 sanguinem
1333 2325 1365 2366 e
1412 2309 1578 2363 latere
1630 2312 1954 2369 manantem,

376 2406 553 2477 ignem
599 2405 650 2460 in
703 2406 975 2476 apostolos
1033 2402 1465 2459 descendentem.
1514 2399 1861 2470 Sanguinem,
1913 2403 1959 2449 et

373 2500 561 2571 ignem,
593 2508 638 2553 et
682 2515 916 2569 vaporem
961 2499 1106 2569 fumi.
1141 2496 1237 2553 Sol
1272 2502 1581 2550 convertetur
1629 2493 1681 2546 in
1711 2490 1956 2552 tenebras,

373 2602 419 2645 et
455 2592 578 2647 luna
630 2593 682 2646 in
714 2593 1028 2663 sanguinem,
1079 2598 1342 2660 antequam
1394 2587 1557 2642 veniat
1591 2585 1713 2639 dies
1757 2580 1961 2636 Domini

374 2700 586 2754 magnus
605 2692 651 2737 et
681 2684 892 2737 illustris
918 2682 1015 2755 (a).
1051 2679 1426 2736 Animadverte
1454 2679 1754 2747 loquentem
1794 2673 1959 2728 Deum

377 2774 612 2841 Patrem,
654 2773 922 2844 quomodo
951 2773 1143 2827 Filium
1185 2771 1400 2837 indicet,
1425 2770 1638 2840 quando
1668 2768 1829 2831 dicit,
1855 2763 1961 2820 An-

374 2877 575 2937 tequam
599 2868 760 2920 ueniat
774 2867 879 2921 dies
893 2864 1142 2933 Domini;
1170 2880 1275 2920 non
1302 2864 1451 2931 dicit,
1480 2864 1602 2918 Dies
1621 2876 1793 2917 meus.
1821 2857 1959 2925 Quid

375 2959 578 3028 igitur?
603 2959 658 3015 Si
683 2968 739 3014 tu
775 2959 871 3015 das
898 2960 1069 3029 signa,
1093 2974 1189 3014 cur
1234 2959 1287 3013 in
1342 2958 1503 3012 alium
1556 2956 1959 3027 intelligentiam

377 3049 653 3116 transfers,
682 3050 886 3112 dicens.
907 3051 1185 3125 Antequam
1205 3052 1365 3106 veniat
1385 3051 1491 3105 dies
1516 3049 1723 3104 Domini
1747 3064 1961 3119 magnus

374 3150 422 3195 et
451 3140 706 3196 illustris?
752 3142 1002 3196 Animum
1047 3142 1262 3198 adhibe.
1307 3142 1469 3197 Forte
1512 3142 1654 3197 dicat
1699 3141 1959 3213 quispiam

376 3232 689 3302 prophetam
729 3232 871 3302 loqui
914 3247 978 3288 ex
1026 3247 1122 3288 sua
1176 3232 1387 3303 propria
1450 3247 1677 3303 persona
1725 3249 1739 3286 :
1801 3231 1961 3285 Ante-

374 3339 526 3393 quam
565 3324 731 3377 veniat
773 3324 900 3378 dies.
938 3325 1008 3380 At
1052 3340 1156 3379 non
1203 3334 1410 3395 poterat
1446 3324 1626 3380 dicere
1654 3324 1912 3395 propheta
1946 3345 1961 3382 :

376 3415 475 3484 E/f
476 3416 661 3470 undam
686 3417 749 3472 de
773 3417 972 3489 Spiritu
1011 3435 1120 3472 meo
1155 3434 1309 3489 super
1333 3434 1530 3472 omnem
1555 3434 1776 3482 carnem,
1820 3426 1959 3471 ante.

374 3524 527 3578 quam
549 3510 712 3564 veniat
738 3509 844 3564 dies
860 3509 1061 3565 Domini
1078 3527 1288 3582 magnus
1307 3519 1354 3564 et
1378 3509 1610 3565 illustris.
1637 3509 1705 3565 Et
1725 3510 1837 3577 erit,
1852 3526 1962 3565 om—

376 3599 456 3654 nis
480 3600 779 3673 quicumque
824 3602 1121 3656 invocaverit
1154 3618 1334 3656 nomen
1376 3603 1601 3668 Domini,
1628 3603 1797 3658 salvus
1844 3602 1956 3657 erit.

378 3690 491 3745 lloc
521 3693 701 3762 itaque
727 3693 865 3747 Deus
894 3693 945 3748 in
986 3694 1259 3764 prOphetis
1286 3695 1435 3760 dicit,
1469 3694 1663 3751 Paulus
1690 3711 1818 3751 vero
1844 3694 1961 3751 haec

376 3781 562 3851 adjicit
589 3799 603 3837 :
633 3781 755 3853 Ipse
781 3793 947 3838 autent
971 3784 1222 3840 Dominus
1249 3787 1496 3853 omnium,
1526 3787 1663 3842 dives
1687 3788 1741 3841 in
1764 3803 1956 3855 omnes,

376 3876 465 3944 qui
492 3876 725 3930 invocant
766 3877 929 3931 illum.
965 3875 1143 3932 Omnis
1168 3879 1299 3932 enint
1339 3879 1634 3948 quicumque
1657 3879 1959 3933 invocaverit

380 3983 561 4021 nomen
615 3966 840 4033 Domini,
888 3969 1056 4023 salvus
1107 3969 1199 4022 erit
1230 3968 1406 4038 (Rom.
1458 3970 1544 4025 10.
1590 3971 1675 4027 12.
1720 4000 1794 4013 -
1845 3969 1956 4043 13).

379 4060 582 4117 Deinde
609 4062 897 4117 ostendens
924 4063 1024 4117 hoc
1043 4064 1110 4118 de
1153 4062 1363 4120 Christo
1408 4064 1607 4119 dictum
1652 4078 1794 4128 esse,
1841 4067 1962 4119 ait:

383 4151 648 4217 Quomodo
675 4169 793 4223 ergo
832 4153 1148 4221 invocabant,
1193 4155 1246 4209 in
1283 4171 1427 4225 quem
1458 4172 1558 4209 non
1598 4154 1964 4211 crediderunt?

378 4243 629 4309 quomodo
671 4244 872 4299 credent
915 4246 978 4311 ei,
1028 4262 1173 4314 quem
1228 4262 1327 4300 non
1365 4247 1676 4301 audierunt?
1712 4246 1962 4317 quomodo

378 4347 495 4386 vero
537 4333 739 4387 audiam
774 4335 884 4389 sine
907 4335 1211 4405 prwdicante
1231 4335 1257 4387 .9
1293 4336 1542 4406 quomodo
1581 4346 1751 4391 autem
1777 4337 1965 4408 ρηταί-

376 4419 579 4489 ωὶηιηι,
611 4424 709 4477 nisi
733 4425 1033 4479 mittantur?
1059 4426 1204 4481 Sicut
1240 4429 1485 4497 scriptum
1512 4438 1626 4482 est:
1662 4427 1961 4499 Quamspe-

378 4514 504 4568 ciosi
547 4515 697 4585 pedes
750 4517 1197 4588 euangelizandum
1246 4535 1423 4589 pacem
1449 4561 1465 4585 ,
1513 4520 1963 4590 euangelizandum

377 4607 509 4661 bona
538 4606 642 4678 (Ib.
684 4623 731 4661 υ.
766 4609 850 4663 id.
886 4609 1020 4680 15)!
1063 4609 1311 4664 Animum
1349 4609 1564 4676 adhibe,
1592 4626 1792 4681 quteso.
1821 4609 1965 4665 Prw-

380 4705 530 4774 sepit,
573 4704 762 4774 inquit,
792 4705 863 4759 eis
895 4705 958 4758 ab
998 4702 1330 4775 Jerosolymis
1379 4722 1442 4759 ne
1479 4705 1821 4769 discederent,
1874 4705 1965 4759 sed

378 4804 726 4863 exspectarent
747 4796 1128 4866 promissionem
1149 4795 1342 4863 Patris,
1363 4814 1513 4868 quam
1541 4796 1754 4852 audistis
1779 4814 1811 4850 a
1835 4814 1914 4852 me
1940 4813 1961 4863 ,°

375 4886 496 4955 quia
510 4886 737 4940 Joannes
758 4888 957 4957 quidem
972 4888 1240 4958 baptizavit
1263 4906 1414 4959 aqua,
1438 4904 1523 4943 vos
1549 4899 1713 4943 autem
1739 4889 1967 4959 baptiza-

377 4979 555 5033 bimini
585 4979 783 5049 Spiritu
804 4993 996 5046 sancto,
1025 4998 1124 5035 non
1147 4990 1257 5051 post
1284 4983 1466 5036 multos
1490 4983 1581 5036 hos
1605 4982 1710 5035 dies
1740 4982 1877 5052 (Act.
1910 4983 1963 5037 1.

378 5072 430 5125 4.
463 5071 544 5140 5).
590 5069 722 5125 Nam
765 5084 881 5141 post
932 5071 1277 5143 quadraginta
1317 5073 1430 5127 dies
1456 5073 1640 5128 decem
1672 5080 1823 5128 erant
1849 5074 1966 5129 dies

378 5181 547 5234 usque
619 5166 685 5221 ad
738 5167 1126 5232 Pentecosten,
1190 5170 1240 5223 in
1309 5183 1410 5238 qua
1480 5169 1723 5238 apparuit
1790 5168 1964 5238 Spiri-

379 5267 465 5313 tus
509 5268 745 5326 sanctus,
788 5269 844 5316 et
892 5260 1176 5329 baptizavit
1201 5261 1505 5331 apostolos,
1552 5276 1657 5316 non
1687 5277 1844 5332 aqua,
1871 5261 1965 5317 sed

376 5367 521 5423 igne.

455 5446 544 5500 i5.
586 5445 681 5501 llic
728 5447 903 5516 itaque
932 5447 1157 5503 solvitur
1179 5447 1408 5518 quaestio
1450 5465 1482 5505 a
1527 5450 1769 5519 plurimis
1798 5460 1962 5506 mota.

381 5536 526 5591 Ilulti
575 5538 944 5607 quaesierunt,
994 5555 1118 5595 num
1167 5547 1291 5595 ante
1333 5541 1620 5596 Salvatoris
1665 5543 1964 5611 passionem

449 5692 523 5766 (ιι)
557 5692 649 5766 uie
661 5691 839 5766 multa.
860 5705 920 5743 ex
973 5695 1117 5758 Regio
1158 5692 1284 5746 2030
1325 5694 1682 5757 excerpsimus,
1723 5708 1832 5758 quae
1873 5709 1966 5746 non

385 5772 405 5800 τ
418 5763 527 5805 rant
550 5768 598 5805 tn
619 5756 956 5806 Ottoboniauo.

1020 354 1086 411 IN
1123 343 1591 410 ASCENSIONEM
1632 341 1694 397 D.
1738 334 1800 390 Ν.
1841 330 1890 386 J.
1930 326 1992 382 Ο.
2034 321 2123 382 ET
2161 322 2228 379 IN
2265 319 2554 380 PRINCIP.
2598 317 2751 374 ACT.
2793 313 2856 369 ll:

3525 302 3629 360 786

2055 436 2303 508 baptizati
2340 434 2541 491 fuerint
2585 429 2813 503 apostoli
2864 425 3129 497 baptismo
3152 420 3479 494 evangeliea.
3520 418 3634 474 Nos

2054 546 2181 586 vero
2242 544 2414 599 neque
2463 525 2779 582 sententiam
2830 520 3059 576 dicimus
3092 558 3108 582 ,
3137 530 3312 586 neque
3337 510 3631 569 ratiociniis

2054 622 2301 676 humanis
2324 628 2525 674 tantam
2553 614 2966 673 controversiam
2992 607 3347 681 aggredimur,
3369 602 3465 660 sed
3488 602 3633 661 Sert-

2052 713 2222 784 pturis
2250 711 2537 766 haeremus.
2580 706 2955 778 Comperimus
3009 698 3288 770 apostolos
3334 707 3460 752 ante
3507 708 3643 766 pas-

2053 806 2258 859 sionem
2293 802 2491 857 Christi
2519 800 2783 872 baptisma
2806 794 3028 852 Joannis
3064 790 3315 861 Baptistae
3339 786 3639 855 accepisse.

2055 894 2309 951 Servator
2335 901 2511 947 autem
2542 900 2665 945 ante
2692 887 2993 960 passionem
3038 881 3179 937 aliud
3228 878 3503 948 baptisma.
3526 890 3639 929 non

2054 984 2219 1048 dedit,
2244 998 2311 1037 ne
2335 981 2556 1038 Joannis
2587 976 3019 1049 praedicationem
3040 971 3351 1040 abrogaret,
3383 975 3641 1021 ansamve

2056 1074 2456 1133 contradicendi
2504 1072 2704 1128 Judteis
2750 1068 3053 1140 praeberet,
3102 1061 3244 1134 quod
3294 1058 3362 1114 ad
3412 1056 3638 1115 Joannis

2057 1168 2309 1240 Baptista:
2336 1164 2713 1222 contumeliam
2753 1159 2895 1216 aliud
2937 1158 3037 1213 sibi
3074 1154 3344 1227 proprium
3373 1148 3634 1219 baptisma

2055 1262 2389 1327 induxisset,
2447 1259 2539 1316 sed
2595 1257 2716 1313 illos
2756 1254 2965 1311 sinebat
2992 1252 3181 1323 pignus
3203 1260 3356 1317 aqum
3397 1242 3636 1305 habere,

2055 1369 2336 1411 reservans
2364 1353 2467 1408 illis
2505 1351 2729 1423 gratiam
2779 1346 3027 1416 Spiritus.
3075 1339 3433 1409 Quamobrem
3483 1333 3634 1405 quasi

2056 1445 2291 1500 nondum
2320 1443 2649 1512 accepissent
2677 1438 2930 1508 Spiritum
2949 1477 2965 1501 ,
2996 1434 3103 1501 ait,
3133 1429 3355 1500 Accipite
3382 1427 3635 1496 Spiritum

2056 1550 2318 1601 sanctum;
2351 1535 2603 1604 additque
2634 1550 2648 1587 :
2679 1531 2821 1584 Abite
2853 1523 3226 1596 Jerosolymam
3250 1563 3264 1586 ,
3295 1529 3340 1573 et
3369 1518 3435 1572 ibi
3462 1532 3639 1585 exspe-

2058 1638 2188 1683 ctate
2235 1628 2616 1700 promissionem
2647 1622 2838 1687 Patris,
2873 1636 3024 1691 quam
3064 1616 3279 1671 audistis
3315 1630 3348 1666 a
3371 1626 3487 1675 me;
3521 1609 3640 1680 quia

2058 1720 2287 1773 Joannes
2312 1718 2512 1790 quidem
2555 1715 2827 1786 baptizavit
2874 1727 3027 1783 aqua,
3052 1724 3139 1763 vos
3165 1715 3331 1761 autem
3357 1701 3639 1775 baptizubi-

2061 1810 2185 1864 mini
2211 1809 2411 1880 Spiritu
2450 1815 2625 1862 sancto
2672 1821 2775 1859 non
2821 1814 2933 1875 post
2979 1800 3164 1855 multos
3213 1798 3306 1852 hos
3347 1796 3492 1858 dies;
3533 1806 3639 1847 non

2061 1900 2282 1955 ulterius
2333 1912 2511 1968 aqua:
2541 1896 2651 1966 jam
2701 1897 2843 1950 enim
2889 1897 3243 1961 acceperant;
3299 1884 3393 1940 sed
3438 1882 3641 1954 Spiritu

2062 1999 2247 2045 sancio
2275 2006 2289 2046 :
2315 2004 2421 2044 non
2444 1987 2592 2043 addit
2620 2000 2810 2056 aquam
2841 1998 3014 2053 aqum,
3041 1979 3134 2035 sed
3163 1976 3392 2048 complet
3417 1974 3468 2030 id
3497 1974 3639 2045 quod

2061 2080 2362 2138 deﬁciebat.
2400 2079 2502 2135 Vos
2521 2088 2690 2132 autem
2718 2072 3094 2148 baptizabimini
3143 2071 3195 2124 in
3236 2068 3435 2139 Spiritu
3468 2074 3643 2119 sancto

2062 2189 2163 2227 non
2194 2181 2306 2242 post
2332 2172 2517 2225 multos
2559 2170 2651 2223 hos
2680 2167 2825 2232 dies;
2855 2165 3059 2221 scilicet
3096 2169 3219 2233 post
3259 2158 3447 2215 decem
3497 2154 3639 2211 dies.

2061 2264 2199 2333 Quid
2228 2278 2362 2335 opus
2387 2271 2470 2317 est
2497 2259 2814 2316 intervallo?
2838 2255 2991 2325 Quod
3021 2248 3397 2310 intervallum?
3447 2248 3639 2301 Decem

2062 2358 2177 2413 dies
2205 2372 2323 2427 quae
2351 2355 2801 2416 intercesserunt;
2850 2348 3042 2421 quibus
3074 2343 3436 2416 apostolorum
3482 2336 3640 2392 tidem

2065 2446 2391 2504 exercitavit.
2422 2445 2552 2500 Nam
2579 2443 2888 2514 quiescente
2913 2436 3102 2509 gratia,
3127 2443 3182 2490 et
3224 2431 3437 2488 nemine
3474 2441 3641 2497 appao

2066 2547 2237 2604 rente,
2268 2552 2454 2593 eorum
2485 2534 2615 2590 lides
2644 2532 3009 2594 exercebatur,
3054 2542 3181 2582 num
3222 2522 3371 2596 quasi
3401 2532 3644 2576 veracem

2065 2639 2379 2702 exspectent
2425 2644 2568 2692 eum,
2618 2628 2707 2698 qui
2763 2624 3027 2696 pollicitus
3055 2629 3156 2675 est.
3206 2615 3453 2672 Promisit
3499 2612 3642 2667 enim

2068 2724 2318 2789 dicendo,
2347 2721 2466 2776 Non
2493 2727 2602 2791 post
2623 2718 2807 2771 multos
2830 2715 2919 2769 ltos
2945 2714 3070 2767 dies.
3101 2709 3215 2764 Non
3243 2706 3482 2763 dellnivit
3508 2702 3644 2766 dies,

2066 2816 2159 2872 sed
2187 2815 2335 2879 dicit,
2365 2811 2487 2866 Non
2515 2821 2626 2881 post
2654 2808 2835 2864 multos
2861 2806 2966 2860 dies
2994 2821 3013 2859 :
3043 2817 3147 2858 non
3173 2799 3351 2855 omnia
3379 2810 3477 2851 nos
3504 2795 3647 2849 scire

2066 2905 2311 2962 concedit
2348 2903 2618 2967 Servatur,
2650 2899 2745 2955 sed
2774 2896 3009 2953 ostendit
3046 2909 3104 2950 se
3136 2904 3436 2948 mensuram
3466 2896 3649 2942 tenere

2066 2995 2346 3052 dominicae
2374 2978 2724 3048 auctoritatis.
2764 2989 2893 3059 Qua:
2941 2985 3093 3041 audis
3119 3028 3134 3053 ,
3165 2983 3346 3048 disce;
3376 2994 3495 3050 qua:
3539 2992 3645 3032 non

2065 3089 2335 3150 didiceris,
2359 3102 2424 3142 ne
2445 3086 2656 3140 curiose
2684 3083 2911 3153 inquire.
2939 3078 3040 3135 Vos
3065 3086 3233 3132 autem
3274 3068 3650 3145 baptizabimini

2064 3182 2117 3235 in
2148 3180 2346 3252 Spiritu
2371 3187 2566 3232 sancto.
2611 3175 2744 3230 Cum
2777 3173 2932 3243 igitur
2960 3170 3190 3241 Spiritus
3218 3175 3434 3222 sanctus
3458 3176 3649 3233 super-

2064 3272 2211 3328 venit
2257 3271 2334 3326 eis
2367 3269 2419 3325 in
2459 3268 2547 3323 die
2576 3266 2942 3328 Pentecostes,
2986 3260 3212 3332 replevit
3237 3267 3400 3312 totam
3430 3255 3647 3310 domum

2066 3364 2155 3419 ubi
2182 3370 2333 3418 erant
2371 3359 2657 3424 sedentes,
2707 3366 2765 3412 ut
2810 3352 3063 3425 baptizati
3112 3357 3291 3405 essent
3342 3348 3393 3403 in
3448 3345 3648 3427 Spiritu

2066 3465 2271 3522 sancto,
2319 3455 2467 3508 velut
2507 3453 2557 3507 in
2604 3465 2761 3522 aqua.
2810 3449 2886 3503 Ea
2932 3461 3059 3502 vero
3088 3460 3206 3516 qua:
3233 3443 3286 3498 in
3318 3441 3418 3497 hac
3445 3440 3650 3495 visione

2068 3550 2168 3605 sub
2193 3556 2467 3618 aspectum
2499 3560 2605 3600 non
2634 3541 2928 3605 cadebant,
2957 3537 3274 3594 commiscet
3298 3549 3419 3590 cum
3447 3533 3511 3586 iis
3530 3546 3651 3601 quae

2067 3640 2165 3695 sub
2214 3653 2430 3695 sensum
2484 3634 2786 3697 cadebant,
2843 3646 3035 3702 nempe
3074 3630 3273 3685 donum
3323 3625 3645 3696 linguarum.

2067 3732 2325 3801 Baptizati
2357 3738 2481 3785 sunt
2500 3745 2628 3800 ergo
2657 3728 2711 3782 in
2731 3725 2952 3797 Spiritu.
3005 3720 3156 3791 Quod
3184 3728 3363 3775 autem
3389 3714 3646 3785 Spiritum

2066 3826 2311 3896 accipere
2360 3823 2591 3892 idipsum
2643 3827 2788 3875 esset
2832 3815 2975 3887 quod
3016 3810 3268 3883 baptizari
3311 3810 3362 3863 in
3402 3805 3647 3877 Spiritu,

2070 3916 2379 3971 testiﬁcatur
2406 3914 2506 3968 alia
2537 3910 2777 3966 historia.
2817 3906 2949 3961 Cum
2977 3905 3117 3960 enim
3140 3903 3329 3957 Petrus
3358 3897 3650 3969 reprehen-

2065 4008 2281 4062 deretur
2301 4005 2370 4059 ab
2396 4004 2514 4059 aliis
2542 3999 2817 4071 discipulis
2849 4017 2862 4053 :
2893 3995 3000 4051 Cur
3030 3997 3302 4065 ingressus
3327 4006 3386 4047 es
3411 3989 3476 4044 ad
3506 3987 3649 4042 viros

2065 4099 2310 4170 gentiles,
2355 4106 2410 4152 et
2438 4092 2709 4150 instituisti
2740 4106 2853 4154 eos,
2906 4104 2970 4145 ac
2998 4084 3245 4157 baptismi
3276 4095 3330 4139 et
3359 4079 3647 4155 mysterio-

2067 4206 2182 4245 rum
2233 4188 2518 4260 participes
2565 4180 2893 4241 reddidisti?
2936 4177 3211 4250 reSpondit
3238 4192 3252 4229 ;
3284 4173 3398 4245 Ego
3416 4187 3563 4229 eram
3597 4172 3649 4225 in

2067 4282 2237 4353 Joppe
2277 4281 2409 4337 urbe
2437 4322 2452 4347 ,
2485 4279 2764 4335 Cornelius
2793 4285 2969 4331 autem
2998 4272 3211 4344 quidam
3239 4267 3479 4324 centurio
3508 4263 3655 4320 misit

2066 4373 2134 4428 ad
2184 4388 2289 4439 me,
2330 4382 2383 4426 et
2425 4372 2610 4427 abiens
2640 4367 2897 4423 docebam
2928 4381 3049 4420 eum
3080 4387 3096 4423 ε
3125 4362 3319 4417 factum
3349 4368 3432 4413 est
3474 4365 3646 4410 autem

2067 4481 2189 4520 cum
2211 4465 2479 4535 loquerer,
2511 4462 2707 4518 decidit
2738 4462 2790 4515 in
2820 4475 2914 4515 eos
2966 4457 3196 4528 Spiritus
3236 4462 3476 4518 sanctus,
3512 4449 3647 4504 sicut

2069 4556 2206 4613 etin
2255 4569 2351 4609 nos
2396 4555 2450 4609 in
2481 4554 2648 4609 initio.
2702 4552 2767 4606 Et
2810 4559 2867 4605 ut
2891 4548 3197 4604 ostenderet
3237 4545 3460 4611 Petrus,
3508 4539 3647 4613 quod

2069 4647 2375 4719 accipiendo
2390 4646 2644 4717 Spiritum
2664 4653 2904 4700 sanctum
2935 4640 3217 4697 Cornelius
3242 4646 3298 4693 et
3316 4635 3444 4691 socii
3475 4633 3650 4704 bapti-

2068 4739 2171 4795 zati
2224 4738 2483 4803 fuissent,
2537 4737 2713 4791 statim
2759 4734 2893 4790 dixit
2940 4749 2958 4789 :
3004 4731 3316 4786 Recordatus
3343 4742 3455 4781 sum
3483 4735 3650 4779 autem

2069 4831 2330 4885 verborum
2367 4830 2589 4895 Domini,
2611 4829 2738 4884 sicut
2765 4826 2997 4883 dicebat:
3020 4822 3245 4878 Joannes
3264 4819 3464 4890 quidem
3483 4816 3650 4885 bapti-

2068 4926 2199 4979 zavit
2236 4940 2390 4995 aqua,
2423 4940 2507 4978 vos
2536 4931 2701 4976 autem
2728 4916 3106 4992 baptizabimini
3148 4915 3199 4969 in
3242 4912 3442 4983 Spiritu
3479 4919 3651 4964 sancte

2072 5016 2206 5085 (Act.
2239 5014 2480 5085 11.16).

2146 5107 2231 5162 ll.
2276 5106 2442 5161 Erant
2472 5105 2629 5175 igitur
2666 5112 2790 5158 ante
2831 5100 3131 5172 passionem
3179 5095 3383 5155 Domini
3428 5090 3656 5165 apostoli

2072 5213 2203 5268 aqua
2233 5197 2323 5252 loti
2351 5212 2364 5250 :
2397 5196 2664 5249 lavacrum
2686 5205 2863 5247 autem
2895 5192 3023 5247 illud
3054 5200 3171 5246 erat
3199 5191 3250 5244 in
3283 5186 3651 5243 remissionem

2072 5286 2436 5358 peccatorum,
2458 5286 2550 5340 sed
2588 5302 2694 5340 non
2716 5294 2829 5339 erat
2858 5282 3189 5354 participatio
3210 5279 3437 5349 Spiritus
3463 5284 3653 5330 sancti.

2072 5382 2202 5437 Nam
2234 5383 2385 5445 venit,
2419 5380 2619 5451 inquit,
2649 5378 2877 5433 Joannes
2923 5375 3204 5449 pradicans
3250 5374 3302 5427 in
3341 5371 3536 5426 deserto
3567 5368 3647 5422 ba-

2074 5477 2312 5545 ptismum
2336 5472 2637 5544 pmnitentia:
2665 5473 2719 5526 in
2746 5471 3087 5526 remissionem
3116 5476 3435 5538 peccatorum
3461 5460 3651 5537 (Hart.

2077 5570 2127 5627 l.
2149 5565 2223 5640 Ιι).
2255 5568 2326 5622 At
2345 5565 2608 5622 undenam
2631 5564 2862 5619 sciemus
2882 5559 3023 5616 hunc
3047 5558 3364 5628 baptismum
3383 5556 3650 5622 accepisse

2074 5658 2384 5729 apostolos?
2433 5657 2543 5713 lloc
2570 5655 3017 5712 demonstremus.
3056 5648 3170 5706 Non
3199 5648 3367 5713 dixit,
3413 5645 3646 5700 Joannes

2077 5746 2363 5819 baptizavit
2388 5762 2483 5802 vos
2509 5761 2681 5817 aqua;
2709 5743 2801 5800 sed
2831 5739 3115 5814 baptizavit
3146 5748 3370 5793 tantum.
3410 5732 3654 5793 Nondum
