4058 6222
483 266 581 327 187

486 392 663 438 autem
690 383 860 452 palam
889 395 972 438 est
996 398 1115 438 cum
1132 383 1402 445 apostolos
1426 383 1740 453 baptizasse.
1778 383 2056 440 Undenatn

492 490 621 544 ergo
646 474 695 529 id
719 473 1009 543 liquidum?
1046 473 1182 529 Audi
1215 473 1518 544 prudenter.
1545 474 1677 529 Cum
1699 475 1839 530 enim
1866 475 2054 531 Petrus

492 566 835 638 repugnando
869 564 1091 630 diceret,
1139 564 1372 631 Domine,
1402 582 1503 620 non
1532 567 1657 620 mihi
1690 566 1877 622 locabis
1906 568 2057 637 pedes

476 656 540 708 in
566 665 810 708 internum
839 668 861 708 :
879 655 1151 724 respondit
1179 654 1432 730 Servator
1458 672 1472 706 :
1508 654 1562 708 Ν
1584 657 1628 710 si
1646 656 1814 711 lavero
1854 668 1921 724 te,
1953 674 2054 712 non

489 746 689 802 habebis
724 756 919 817 partem
956 764 1171 802 mecum.
1216 748 1494 818 Respondit
1532 747 1715 805 Petrus
1756 765 1775 805 :
1806 749 2019 804 Domine
2036 790 2051 815 ,

490 852 593 891 non
616 846 812 890 tantum
854 838 1040 906 pedes,
1080 839 1172 895 sed
1198 848 1245 892 et
1273 855 1449 893 manus
1486 848 1534 892 et
1575 848 1757 908 caput;
1780 839 2057 908 respondit

482 925 741 982 Servatur
792 967 806 980 .
857 926 960 995 Qui
987 927 1121 982 lotus
1165 936 1257 995 est,
1306 944 1406 982 non
1441 928 1632 998 indiget
1670 928 1768 983 nisi
1803 937 1856 983 ut
1904 930 2055 999 pedes

484 1015 613 1071 tam
660 1015 853 1088 (Joan.
885 1019 973 1073 l3.
1000 1017 1213 1087 8.40).
1246 1017 1407 1073 Vides
1448 1032 1551 1087 quo
1590 1028 1744 1086 pacto
1785 1018 2052 1074 lavacrum

484 1106 922 1163 conﬁrmaverit?
951 1108 1053 1164 Ubi
1079 1123 1307 1179 namque
1331 1124 1436 1163 non
1461 1110 1761 1165 nominatur
1804 1108 1958 1163 Pater
1999 1119 2055 1164 et

491 1197 656 1252 Filius
686 1209 738 1251 et
761 1198 986 1268 Spiritus
1012 1209 1242 1265 sanctus,
1276 1200 1566 1271 baptismus
1587 1201 1910 1271 poenitentia:
1936 1208 2050 1264 est;

488 1289 576 1343 ubi
600 1305 726 1345 vero
764 1290 1086 1357 nominatur,
1133 1268 1428 1360 baptismtis
1450 1268 1773 1359 adoptionis.
1802 1290 2053 1345 Servator

488 1394 592 1435 non
619 1379 893 1448 abrogavit
917 1379 1235 1450 baptismum
1254 1382 1600 1450 pmnitentiaa,
1625 1380 1719 1436 sed
1744 1382 2050 1451 complevit,

483 1477 538 1520 et
562 1467 758 1537 adjecit
777 1469 1036 1536 baptismo
1065 1469 1115 1523 in
1137 1470 1393 1527 Trinitate
1415 1472 1731 1540 baptismum
1752 1472 1917 1525 sancti
1935 1471 2025 1541 Spi
2039 1501 2055 1512 -

485 1558 635 1611 ritus.
667 1558 906 1612 Uwrelici
927 1573 1055 1613 vero
1075 1569 1331 1628 quantum
1362 1562 1415 1615 in
1437 1562 1564 1631 ipsis
1586 1560 1704 1628 fuit,
1736 1562 2051 1631 baptismum

484 1648 537 1702 in
555 1647 810 1703 Triuitate
827 1650 1171 1704 constitutum
1192 1650 1531 1721 abrogarunt.
1550 1650 1663 1706 Non
1681 1652 1892 1708 reveriti
1910 1655 2053 1708 enim

483 1747 609 1794 sunt
634 1740 755 1805 mali
785 1740 867 1796 isti
899 1741 1215 1796 dominicam
1265 1758 1445 1797 vocem
1476 1760 1490 1799 :
1526 1742 1625 1809 Qui
1649 1742 1780 1797 lotus
1811 1752 1901 1808 est,
1950 1760 2052 1798 non

484 1830 673 1901 indiget
693 1831 794 1885 nisi
821 1840 873 1884 ut
898 1831 1047 1903 pedes
1077 1832 1226 1886 lauet.
1278 1831 1378 1886 Vos
1417 1843 1584 1886 autem
1605 1833 1976 1903 baptizabimini
2000 1834 2053 1887 in

486 1919 686 1990 Spiritu
714 1928 888 1975 sancto
907 1937 1009 1975 non
1038 1932 1149 1992 post
1169 1920 1352 1977 multos
1372 1922 1464 1976 hos
1488 1921 1618 1977 dies.
1644 1922 1846 1977 Dehinc
1869 1930 2053 1977 osten-

489 2009 631 2064 ditur
656 2010 879 2066 aviditas
922 2010 1172 2067 humana:
1216 2020 1418 2067 natura:
1458 2013 1679 2082 ejusque
1723 2012 1999 2068 curiositas
2034 2029 2047 2065 :

485 2100 731 2168 quoniam
751 2101 1019 2171 proprium
1045 2111 1126 2158 est
1142 2102 1441 2159 hominibus
1470 2104 1797 2174 interrogare
1818 2120 2049 2174 semper,

485 2190 829 2257 Quandonam
855 2193 1241 2247 consummatio
1265 2193 1288 2247 ?
1326 2192 1537 2264 quando
1564 2195 1739 2249 veniet
1774 2191 2053 2248 Christus?

489 2290 608 2351 post
647 2289 774 2351 quot
814 2296 982 2336 annos
1028 2283 1144 2336 linis
1186 2283 1407 2338 aderit?
1450 2283 1783 2353 quandonam
1830 2298 2049 2353 regnum

487 2372 738 2428 ctelorum
779 2372 1090 2442 apparebit?
1123 2375 1345 2443 apostoli
1385 2374 1630 2429 humanis
1653 2376 1926 2430 exercitati
1967 2375 2052 2429 in-

485 2462 779 2518 commodis
809 2477 874 2516 ex
902 2462 1184 2518 Servature
1225 2466 1581 2521 sciscitantur.
1614 2466 1782 2537 Igitur
1814 2468 1899 2536 qui
1928 2484 2051 2520 con-

484 2560 723 2608 venerant
759 2551 1132 2623 interrogabant
1172 2570 1284 2608 eum
1327 2554 1545 2609 dicentes
1592 2571 1612 2609 :
1659 2555 1906 2621 Domine,
1935 2557 1978 2608 si
2000 2558 2053 2610 in

489 2653 707 2713 tmpore
732 2642 826 2697 hoc
849 2645 1077 2697 restitues
1098 2660 1304 2713 regnum
1331 2644 1497 2698 Israel
1530 2646 1663 2716 (Aet.
1701 2647 1751 2700 1.
1782 2646 1864 2717 6)?
1913 2648 2054 2715 Quo-

489 2732 629 2787 niam
674 2730 881 2787 dixerat
919 2733 1045 2802 ipsis
1076 2774 1091 2797 ,
1135 2720 1263 2788 cum
1306 2736 1490 2788 uenerit
1529 2734 1695 2790 Filius
1738 2737 1955 2791 hominis
2000 2739 2051 2792 in

486 2822 652 2892 gloria
678 2838 794 2886 sua,
825 2823 1007 2877 dicunt
1034 2823 1115 2890 ei,
1143 2826 1187 2878 si
1229 2825 1281 2878 in
1312 2836 1533 2896 tempore
1557 2826 1649 2881 hoc
1668 2828 1694 2880 Ρ
1732 2827 1938 2883 discere
1962 2843 2055 2883 eu-

490 2912 701 2979 piebant
741 2929 808 2968 an
842 2929 873 2970 e
903 2915 1199 2986 propinquo
1228 2925 1371 2972 esset
1398 2920 1746 2987 exspectatio,
1777 2936 1845 2974 an
1874 2921 2054 2988 procul

486 3001 648 3055 salus.
696 3002 897 3068 Quibus
927 3004 1199 3072 Servatur,
1232 3004 1353 3059 Non
1377 3016 1449 3061 est
1485 3017 1701 3062 vestrum
1739 3027 1883 3065 nosse
1922 3021 2051 3065 tem-

490 3110 615 3160 pora
649 3104 722 3148 vet
758 3108 1041 3160 momenta,
1096 3113 1208 3165 qua:
1256 3096 1411 3151 Pater
1454 3102 1622 3168 posuit
1672 3103 1725 3154 in
1775 3118 1869 3155 sua
1915 3114 2054 3171 pote-

488 3187 659 3253 state(
689 3186 830 3243 Ibid.
862 3201 910 3240 υ.
945 3186 976 3240 7
1012 3188 1050 3254 ).
1079 3187 1347 3255 Apostolis
1366 3203 1437 3243 ne
1460 3197 1693 3258 tempora
1724 3191 1932 3260 quidem
1961 3179 2056 3247 ex-

488 3273 697 3345 plorare
714 3273 792 3329 fas
815 3284 963 3342 erat;
987 3286 1041 3331 et
1057 3277 1326 3332 lnereticis
1344 3278 1545 3333 licitum
1574 3281 1676 3334 erit
1702 3281 2051 3338 substantiam

492 3375 727 3432 tempora
749 3365 1114 3433 excedentem,
1148 3376 1201 3421 et
1226 3376 1467 3422 naturam
1504 3378 1756 3425 mtcrnam
1788 3372 2053 3426 scrutari?

487 3453 619 3508 Cum
650 3454 930 3510 hazreticus
972 3457 1230 3533 quispiam
1277 3459 1347 3512 ita
1377 3460 1680 3529 quaesierit,
1734 3460 1852 3528 Quo
1896 3473 2051 3531 pacto

485 3542 663 3610 genuit
678 3540 872 3597 Pater?
893 3544 1011 3611 quis
1037 3544 1227 3599 divina:
1251 3548 1607 3616 generationis
1638 3549 1868 3603 modus?
1894 3561 1946 3604 tu
1976 3550 2048 3604 illi

428 3626 431 3631 ”
486 3633 804 3697 dotninicam
852 3650 1036 3689 vocem
1080 3651 1345 3706 reponas,
1398 3637 1519 3692 Non
1556 3648 1628 3696 est
1653 3650 1868 3693 vestrum
1907 3657 2052 3695 nosse

426 3718 429 3723 “
488 3736 713 3795 tempora
751 3726 828 3781 vel
861 3736 1146 3794 momenta;
1190 3743 1294 3783 non
1339 3722 1423 3783 est
1460 3741 1695 3786 vestrum
1747 3747 1905 3788 nosse
1956 3734 2048 3788 Dei

486 3817 878 3885 generationem
925 3828 979 3874 et
1020 3819 1398 3886 substantiam;
1447 3837 1546 3879 nec
1576 3832 1776 3877 tantum
1818 3840 1921 3878 non
1969 3835 2052 3879 est

487 3916 739 3975 vestrum,
755 3910 847 3965 sed
869 3926 1040 3980 neque
1059 3912 1386 3981 angelorum,
1407 3929 1577 3982 neque
1592 3914 2047 3986 archangelorum,

487 4014 656 4069 neque
694 3987 926 4069 cujusvis
948 4013 1138 4056 creatze
1164 4005 1459 4071 potestatis.
1501 4005 1605 4060 Sed
1650 4005 1924 4076 cujnsnam
1970 4017 2051 4061 est

492 4090 685 4151 nosse?
731 4089 898 4146 Nemo
919 4094 1052 4146 novit
1076 4092 1282 4149 Patrem
1313 4096 1410 4150 nisi
1438 4096 1605 4151 Filius
1629 4138 1642 4162 ,
1675 4115 1832 4166 neque
1857 4097 2049 4151 Filium

484 4178 593 4243 quis
620 4178 753 4232 novit
793 4180 888 4232 nisi
921 4182 1056 4234 solus
1097 4181 1255 4236 Pater
1293 4184 1515 4254 (Matt/1.
1554 4187 1640 4239 11.
1672 4187 1771 4257 27)
1804 4205 1818 4253 ;
1875 4203 2048 4257 neque

486 4267 739 4335 profunda
774 4270 890 4336 Dei,
919 4271 1019 4326 nisi
1045 4271 1261 4343 spiritus
1284 4275 1407 4329 Dei:
1434 4274 1552 4328 Non
1574 4286 1645 4329 est
1671 4287 1881 4332 vestrum
1907 4294 2050 4332 nosse

476 4370 709 4429 tempora
732 4361 808 4413 vel
835 4371 1102 4416 momenta.
1124 4362 1237 4417 Non
1264 4367 1519 4419 revereris
1547 4369 1907 4434 apostolorum
1936 4383 2049 4423 tuo.

482 4451 647 4504 dum?
674 4452 760 4521 qui
791 4468 909 4506 eum
938 4453 1217 4510 Servatore
1245 4458 1503 4521 vixerant,
1526 4457 1717 4527 quibus
1746 4457 1858 4527 ipse
1881 4473 2046 4527 appao

485 4541 730 4611 ruit,qui
766 4542 832 4596 ab
872 4542 965 4595 illo
1005 4544 1312 4610 illuminati,
1359 4545 1487 4599 illud
1529 4554 1703 4601 tamen
1745 4562 1902 4603 nosse
1941 4565 2043 4602 non

484 4634 889 4702 permittuntur,
929 4635 1022 4690 sed
1055 4634 1312 4690 docentur
1337 4637 1549 4714 modum
1581 4653 1733 4692 suum
1761 4654 1865 4692 non
1898 4649 2043 4694 tran-

485 4724 763 4788 scendere,
788 4724 1021 4795 illudque
1044 4725 1325 4781 audierunt
1350 4767 1365 4789 ,
1409 4725 1528 4780 Non
1553 4738 1623 4782 est
1648 4738 1863 4783 vestrum
1900 4745 2046 4785 nosse

482 4825 705 4883 tempora
732 4815 807 4869 vel
836 4826 1081 4870 momenta
1103 4831 1122 4869 :
1148 4824 1203 4871 et
1232 4826 1283 4871 tu
1305 4817 1596 4873 scrutaris?
1624 4819 1805 4874 Daniel
1827 4821 2042 4891 quidem

480 4900 661 4959 didicit
697 4915 930 4975 tempora
957 4916 1011 4962 et
1037 4916 1303 4963 momenta
1330 4910 1578 4966 novisse:
1621 4926 1742 4967 nam
1786 4913 1892 4977 ait,
1942 4914 2040 4969 Se-

485 4997 747 5066 ptuaginta
784 4999 1114 5055 hebdomadas
1145 5001 1440 5056 obbreviatte
1462 5013 1577 5058 sunt
1603 5022 1755 5075 super
1802 5008 2042 5081 papulunt

483 5094 641 5136 tuum.
679 5084 722 5137 Α
743 5086 886 5165 verbo
910 5088 1101 5143 dierum
1126 5092 1286 5144 exitus
1307 5133 1321 5155 ,
1359 5101 1414 5144 ut
1445 5092 1722 5162 a‘diﬁretur
1758 5096 1996 5164 templum
2020 5114 2040 5161 ,'

480 5173 810 5229 hebdomadas
834 5188 1040 5246 septem,
1068 5190 1114 5234 et
1145 5180 1475 5237 ltebdontades
1502 5186 1761 5255 sexaginta
1789 5197 1834 5240 et
1859 5189 1973 5242 dure
1992 5201 2039 5242 et

477 5284 578 5320 una
594 5266 612 5335 (
622 5266 808 5324 l)an.9.
824 5272 941 5340 2-1).
957 5272 1033 5325 En
1051 5273 1134 5329 hic
1154 5283 1389 5342 tempora
1404 5276 1638 5331 ediscere
1651 5280 1838 5346 potuit;
1854 5295 2035 5334 verum

470 5372 535 5413 ex
561 5355 646 5411 illa
672 5366 964 5428 temporum
989 5363 1192 5419 ratione
1208 5364 1475 5420 hominum
1493 5367 1761 5424 audaciam
1783 5370 2033 5437 refrenat,

473 5456 530 5499 ut
555 5446 759 5501 discant
780 5461 856 5513 se,
881 5449 923 5502 si
952 5449 1065 5504 inec
1090 5459 1326 5522 tempora
1342 5456 1578 5511 ediscere
1600 5473 1703 5512 non
1722 5462 2034 5529 permittan-

473 5547 573 5599 tnr,
604 5538 769 5593 multo
796 5537 969 5595 minus
996 5540 1189 5598 debere
1215 5543 1855 5620 diviqamgenerationem
1882 5570 1999 5609 scrn
2018 5587 2035 5596 ο

476 5627 596 5693 tari.
642 5627 755 5683 Non
778 5638 846 5684 est
876 5642 1081 5686 vestrum
1098 5644 1476 5711 nossetempora
1508 5641 1586 5695 rel
1615 5656 1880 5712 momenta,
1924 5664 2033 5715 qua:

1179 269 1234 324 S.
1271 268 1544 325 JOANNIS
1580 270 2049 332 CIIRYSOSTOMI
2085 271 2395 333 ARCillEP.
2436 282 2961 346 CONSTANTINOP.
3027 320 3031 324 ι

3648 301 3742 356 ηε

2166 387 2322 443 Pater
2347 397 2514 461 posuit
2541 395 2591 448 in
2615 413 2708 450 sua
2732 408 2989 467 potestate.
3011 401 3226 472 Ergone
3246 404 3419 462 Filius
3437 424 3547 464 non
3571 416 3749 479 posuit

2161 481 2214 535 in
2243 497 2334 537 sua
2361 495 2648 552 potestate;
2687 488 2780 544 sed
2820 492 2871 545 in
2900 502 3158 560 potestate
3186 495 3361 551 Patris
3389 508 3518 553 sunt
3544 505 3744 557 saecula

2160 581 2213 625 ct
2242 582 2496 642 tempora,
2528 575 2790 649 Filiusque
2816 582 2944 634 nihil
2966 581 3124 637 habet
3146 599 3271 639 eum
3300 587 3393 641 illo
3418 595 3746 647 commune?

2159 660 2213 715 Si
2235 662 2364 715 nihil
2386 664 2542 720 habet
2560 682 2837 722 commune
2859 670 3025 725 Filius
3046 672 3189 728 circa
3211 685 3480 744 tempora,
3500 694 3749 736 momen-

2162 760 2210 803 ta
2234 762 2286 806 et
2310 755 2521 819 smcula,
2550 759 2801 812 mentitur
2823 759 3019 815 Paulus
3036 776 3155 816 cum
3181 762 3313 818 dicit
3336 784 3352 820 :
3374 764 3442 820 In
3472 771 3747 825 novissimo

2159 845 2352 898 dierum
2382 847 2559 901 horum
2586 850 2819 918 loquutus
2843 863 2913 904 est
2940 854 3081 908 nobis
3109 856 3162 908 in
3196 855 3358 923 Filio,
3388 876 3477 927 per
3499 878 3646 930 quem
3670 865 3746 931 {e-

2158 936 2222 986 cit
2249 945 2295 987 et
2324 938 2507 991 sazcula
2536 939 2554 1007 (
2578 938 2708 993 Ileb.
2752 941 2802 995 1.
2846 944 2894 996 1.
2930 943 2965 995 2
2991 946 3028 1012 ).
3061 944 3116 998 Si
3140 948 3468 1004 saeculorum
3496 952 3745 1007 conditor

2159 1025 2324 1081 Filius
2344 1068 2360 1094 ,
2390 1044 2516 1099 ergo
2547 1031 2632 1084 illa
2673 1032 2723 1085 in
2766 1032 2878 1102 ejus
2917 1044 3181 1103 potestate
3210 1050 3336 1092 sunt
3365 1058 3380 1092 :
3410 1050 3465 1095 et
3507 1043 3636 1097 illud
3662 1057 3742 1099 est

2157 1120 2294 1185 quod
2334 1120 2406 1172 ait
2447 1119 2640 1176 Paulus
2662 1163 2675 1185 ,
2711 1123 2846 1185 Quos
2877 1124 3028 1178 Pater
3053 1128 3219 1195 posuit
3258 1130 3313 1182 in
3341 1147 3437 1183 sua
3477 1142 3739 1199 potestate.

2158 1206 2477 1281 Potestatem
2503 1226 2629 1280 ergo
2657 1212 2827 1268 Patris
2851 1226 3006 1269 vocat
3031 1216 3223 1272 Filium
3240 1259 3258 1286 ,
3289 1223 3737 1289 quemadmodum

2156 1308 2206 1352 et
2235 1299 2479 1353 virtutem
2509 1310 2562 1355 et
2590 1304 2925 1371 sapientiam.
2952 1305 3182 1363 Christus
3211 1314 3351 1366 enim
3378 1312 3473 1367 Dei
3499 1317 3658 1370 virtus
3686 1325 3738 1371 et

2158 1386 2252 1441 Dei
2276 1391 2518 1460 sapientia
2546 1393 2624 1464 (l.
2652 1392 2767 1447 Cor.
2795 1396 2843 1449 1.
2874 1396 2990 1466 24).

2227 1480 2314 1534 15.
2357 1480 2479 1537 Non
2521 1493 2593 1537 est
2629 1495 2842 1538 vestrum
2877 1503 3022 1542 nosse
3064 1499 3295 1558 tempora
3340 1496 3411 1547 rei
3447 1508 3717 1563 momenta.

2156 1572 2243 1625 sed
2272 1573 2530 1643 accipietis
2562 1575 2791 1629 virtutem
2822 1581 3214 1645 superuenientis
3247 1587 3410 1639 sancti
3434 1586 3647 1656 Spiritus
3666 1591 3721 1645 in

2156 1677 2241 1717 vos
2270 1661 2405 1734 (Act.
2436 1664 2487 1717 1.
2514 1664 2566 1718 7.
2590 1664 2668 1734 8).
2714 1660 2994 1735 Accipietis
3034 1671 3282 1726 virtutem
3303 1715 3319 1738 ,
3364 1690 3472 1729 non
3499 1687 3557 1731 ut
3578 1694 3728 1734 seru.

2158 1752 2338 1805 temini
2362 1761 2594 1821 tempora
2616 1755 2699 1809 vel
2727 1767 3012 1827 momenta.
3035 1760 3129 1814 sed
3159 1771 3216 1816 ut
3234 1763 3466 1819 credatis
3491 1767 3731 1825 Domino:

2160 1841 2226 1895 Et
2252 1843 2391 1897 eritis
2430 1844 2553 1897 nti/ti
2589 1854 2734 1899 testes
2758 1846 2809 1900 in
2836 1847 3116 1903 Jerusalem
3151 1861 3197 1905 et
3225 1854 3276 1907 in
3312 1872 3451 1909 amnt
3481 1857 3666 1913 Juda'a
3689 1870 3735 1915 et

2159 1935 2416 2002 Samaria,
2453 1947 2499 1991 et
2526 1954 2681 2008 usque
2705 1938 2773 1992 ad
2792 1942 3057 1994 terminum
3088 1953 3251 1998 terra.
3277 1945 3358 2003 Nc
3386 1952 3623 2005 metiaris
3648 1968 3734 2006 or.

2158 2026 2334 2079 dinem
2385 2027 2699 2093 verborum,
2753 2029 2846 2084 sed
2901 2034 3225 2091 auctoritatis
3269 2041 3581 2107 potentiam.
3637 2041 3735 2097 llic

2157 2115 2324 2182 dixit,
2362 2115 2648 2171 Prtedicate
2674 2119 2865 2188 ubique
2898 2138 2912 2175 :
2953 2123 3076 2177 illud
3106 2135 3419 2193 potestatem
3446 2130 3562 2200 ejus
3589 2132 3731 2186 indi-

2157 2214 2261 2272 cat,
2290 2207 2333 2261 si
2363 2207 2523 2262 verba
2555 2209 2628 2263 rei
2663 2210 2833 2264 exitus
2864 2225 3133 2282 sequatur.
3185 2216 3407 2272 Possum
3429 2232 3482 2275 et
3508 2238 3609 2292 ego
3630 2238 3731 2277 au-

2157 2296 2399 2351 ctoritate
2434 2308 2489 2352 et
2522 2300 2816 2368 arrogantia
2855 2316 3015 2367 usus,
3058 2303 3390 2361 adstantibus
3434 2311 3517 2364 vel
3546 2300 3730 2368 dome-

2157 2387 2304 2441 sticis
2332 2390 2511 2457 paucis
2551 2392 2629 2444 vel
2666 2389 2916 2446 fratribus
2939 2393 2954 2424 ²
2978 2393 3157 2448 dicere
3186 2412 3200 2449 :
3233 2395 3639 2456 Proﬁciscimini
3665 2405 3730 2458 ad

2157 2489 2360 2548 gentes,
2384 2490 2439 2535 et
2462 2497 2646 2537 omnes
2665 2482 2872 2550 docete,
2893 2501 3077 2541 omnes
3106 2491 3417 2555 convertite,
3455 2494 3726 2549 barbaros

2157 2568 2381 2624 occidite
2401 2612 2414 2633 ,
2465 2582 2682 2626 cunctos
2730 2572 2952 2643 imperio
2994 2576 3336 2632 adversantes
3365 2582 3636 2638 cont-idite
3660 2586 3682 2615 ⁸
3713 2602 3728 2635 :

2159 2662 2316 2717 verba
2339 2663 2591 2730 prodeunt
2617 2680 2633 2729 ;
2661 2665 2753 2719 sed
2778 2668 2820 2719 si
2849 2676 2994 2736 gesta
3026 2668 3135 2737 ipsa
3155 2686 3256 2724 non
3282 2684 3594 2741 sequantur,
3624 2690 3729 2729 non

2159 2752 2317 2806 modo
2345 2752 2569 2808 mendax
2594 2754 2980 2825 deprchendor,
3009 2760 3102 2814 sed
3129 2762 3287 2817 etiam
3312 2773 3365 2816 ut
3393 2780 3650 2835 arrogans
3674 2778 3725 2822 et

2161 2845 2471 2899 temerarius
2507 2847 2716 2915 punior.
2771 2848 3152 2906 Examincntur
3178 2869 3305 2923 ergo
3331 2857 3493 2911 verba
3535 2858 3722 2915 Serva-

2160 2936 2307 3000 toris,
2340 2951 2442 2991 non
2472 2952 2535 2992 ex
2559 2939 2622 2992 iis
2644 2955 2760 3006 qua:
2784 2940 2937 3007 dixit,
2969 2943 3060 2997 sed
3087 2946 3243 2999 etiam
3275 2962 3339 3000 ex
3375 2949 3438 3002 iis
3459 2967 3581 3019 qua:
3612 2968 3726 3020 per-

2159 3025 2301 3080 fecit.
2349 3027 2514 3089 Dixit,
2552 3027 2737 3082 Doeete
2763 3047 2932 3084 omnes
2956 3043 3123 3102 gentes
3153 3034 3364 3101 (Matth.
3396 3038 3488 3092 28.
3525 3040 3617 3109 19)
3642 3060 3657 3101 ;
3684 3042 3727 3095 si

2157 3115 2352 3169 dictum
2374 3116 2503 3171 illud
2526 3132 2627 3170 non
2656 3120 2707 3172 in
2736 3136 2868 3189 opus
2888 3122 3095 3188 exierit,
3126 3123 3249 3177 illud
3270 3129 3571 3197 arrogantia
3590 3141 3723 3195 erat,

2157 3215 2213 3260 at
2236 3221 2339 3260 non
2369 3208 2653 3264 auctoritas
2679 3209 2877 3264 divina.
2927 3211 3099 3279 Dixit,
3141 3214 3432 3271 Prmdicate
3462 3235 3631 3288 usque
3661 3223 3724 3275 ad

2160 3297 2438 3352 terminum
2480 3308 2633 3353 terra:
2662 3318 2674 3353 :
2706 3300 2749 3354 si
2790 3301 2906 3369 quis
2942 3302 3011 3356 sit
3054 3305 3307 3360 terminus
3334 3308 3411 3360 vel
3451 3318 3725 3365 extremus

2159 3394 2333 3450 terrae,
2361 3388 2449 3458 qui
2477 3388 2860 3455 pratdicationis
2884 3406 3071 3460 expers
3097 3392 3268 3454 fuerit,
3297 3396 3560 3463 prtedictio
3582 3399 3718 3456 falsa

2158 3491 2240 3535 est
2267 3500 2281 3536 :
2310 3484 2352 3536 si
2392 3492 2565 3538 autem
2596 3496 2682 3538 res
2721 3485 2846 3554 ipsa:
2873 3487 2989 3554 plus
3013 3502 3169 3556 quam
3200 3488 3351 3541 verba
3376 3489 3719 3557 splendeant,

2156 3586 2371 3626 veraces
2390 3582 2513 3628 sunt
2541 3582 2720 3639 testes,
2752 3591 2908 3629 verax
2935 3575 3021 3630 ille
3044 3578 3127 3630 cui
3155 3579 3505 3633 testimonium
3536 3582 3724 3648 perhi-

2155 3661 2299 3715 bent.
2333 3661 2399 3714 Et
2425 3679 2537 3716 cum
2571 3664 2675 3717 hate
2706 3664 2937 3728 dixisset,
2970 3667 3247 3720 videntibus
3273 3667 3375 3722 illis
3406 3671 3624 3723 elevatus
3653 3683 3725 3726 est

2158 3750 2291 3821 (Act.
2325 3753 2375 3805 1.
2403 3756 2483 3821 9).
2532 3752 2743 3808 Poterat
2780 3769 2882 3808 non
2911 3755 3080 3823 palam
3106 3758 3433 3824 ascendere;
3464 3760 3558 3815 sed
3588 3761 3726 3816 sicut

2159 3850 2318 3896 testes
2343 3842 2742 3898 resurrectionis
2769 3844 2952 3899 habuit
2978 3846 3160 3900 oculos
3188 3847 3565 3917 discipulorum
3585 3891 3601 3916 ,
3648 3851 3727 3907 sic

2156 3940 2208 3985 et
2246 3931 2649 4000 ipsosoeulatos
2680 3935 3051 4003 assumptionis
3081 3944 3241 3990 testes
3279 3938 3575 3991 constituit.
3636 3937 3724 3993 Vi-

2154 4021 2383 4075 dentibus
2409 4021 2513 4076 illis
2547 4024 2763 4077 elevatus
2793 4035 2862 4077 est
2888 4026 2999 4095 (a);
3049 4024 3110 4078 ab
3148 4026 3210 4079 iis
3252 4027 3481 4082 sublatus
3524 4038 3632 4095 est,
3677 4038 3723 4083 et

2154 4112 2402 4181 ferebatur
2425 4115 2475 4166 in
2499 4113 2675 4167 caelum
2698 4155 2714 4178 ,
2744 4127 2789 4169 et
2811 4116 2962 4169 nubes
2984 4117 3198 4186 suscepit
3224 4133 3335 4170 eum
3364 4134 3382 4171 :
3406 4134 3617 4189 cumque
3637 4120 3719 4173 in-

2155 4214 2408 4257 tuerentur
2439 4205 2493 4258 in
2538 4204 2714 4258 caelum
2751 4216 2948 4259 euntem
2992 4207 3135 4261 illum
3177 4207 3353 4277 (Ibid.
3385 4219 3430 4263 et
3470 4209 3592 4264 Luc.
3623 4211 3715 4266 21.

2154 4295 2241 4357 5|;
2272 4295 2380 4348 Aet.
2410 4296 2460 4349 1.
2505 4294 2616 4365 10),
2642 4304 2955 4365 assumptus,
2989 4296 3224 4352 elevatus
3252 4309 3336 4353 est
3355 4341 3369 4364 ,
3402 4314 3602 4354 sursum
3635 4300 3716 4355 fe-

2153 4383 2402 4448 rebatur,
2452 4394 2506 4439 et
2542 4385 2812 4455 ingressus
2854 4395 2935 4439 est
2964 4405 2976 4439 :
3009 4386 3128 4440 Non
3172 4392 3303 4441 enim
3330 4391 3385 4442 in
3427 4390 3716 4458 manufacta

2150 4485 2325 4529 sancta
2362 4476 2614 4545 ingressus
2644 4486 2714 4529 est
2750 4475 2899 4529 Jesus
2923 4519 2937 4543 ,
2982 4478 3069 4530 sed
3106 4478 3158 4529 in
3196 4478 3365 4543 ipsum
3406 4479 3585 4534 etclam
3606 4521 3619 4542 ,
3661 4490 3717 4533 ut

2128 4575 2409 4637 appareret
2432 4581 2600 4618 coram
2629 4565 2736 4619 Deo
2762 4565 2942 4637 (Hebr.
2973 4567 3026 4621 9.
3054 4564 3169 4638 24).
3192 4566 3298 4620 Nec
3317 4567 3489 4621 solum
3516 4569 3718 4639 ingrcs-

2149 4673 2239 4711 sus
2269 4666 2368 4722 est,
2397 4656 2487 4711 sed
2519 4658 2677 4712 etiam
2714 4659 3007 4727 penetravit
3037 4676 3051 4710 :
3083 4673 3204 4712 nam
3233 4658 3305 4711 ait
3334 4658 3529 4714 Paulus
3554 4677 3568 4712 :
3606 4659 3718 4713 ηα-

2146 4747 2313 4803 bentes
2337 4747 2620 4817 pontiﬁcem
2647 4764 2902 4818 magnum,
2929 4749 3014 4818 qui
3043 4749 3311 4815 penetravit
3337 4749 3509 4813 cwlos,
3540 4749 3575 4803 ,Ι
3580 4767 3717 4803 esum

2149 4837 2301 4908 (ileb.
2329 4839 2382 4893 ι.
2426 4838 2535 4909 ll).
2584 4837 2865 4904 Ascendit,
2906 4838 3064 4901 adiit,
3095 4849 3396 4907 assumptus
3436 4852 3553 4903 est,
3598 4841 3712 4905 ivit,

2105 4985 2108 4989 ,
2146 4928 2459 4997 penetravit.
2509 4927 2900 4982 Animadverte.
2928 4928 3179 4982 Ascendit
3214 4929 3364 4998 quasi
3397 4939 3715 4997 potestatem

2147 5017 2348 5072 habens
2371 5058 2386 5081 ,
2413 5026 2471 5071 ut
2507 5017 2813 5087 impleretur
2840 5019 3107 5086 prOphette
3129 5017 3397 5072 oraculum
3429 5035 3445 5071 :
3477 5020 3717 5073 Ascendit

2149 5111 2282 5164 Deus
2301 5112 2354 5165 in
2375 5112 2697 5180 jubilatione.
2726 5112 2822 5167 llic
2851 5114 3104 5182 prephcta
3132 5121 3366 5182 apertam
3393 5113 3548 5167 aliert
3574 5112 3712 5166 [idu-

2143 5205 2299 5257 ciam.
2347 5201 2583 5258 Ascendit
2619 5203 2755 5257 Deus
2788 5205 2839 5257 in
2858 5205 3160 5273 jubilatioue
3186 5204 3358 5276 (Psal.
3382 5204 3469 5259 16.
3499 5206 3580 5273 6).
3623 5206 3715 5258 At-

2206 5293 2233 5357 ξ
2260 5298 2309 5341 tn
2332 5292 2440 5357 god.
2466 5292 2580 5342 1117
2601 5294 2669 5342 sic
2691 5293 2914 5353 habetur,
2938 5293 3103 5357 paucis
3123 5293 3416 5344 adstantibus
3438 5291 3713 5345 domesticis

2139 5358 2186 5403 et
2205 5350 2449 5409 fratribus.

2203 5417 2223 5446 ⁸
2258 5415 2520 5479 “ﬁl-utin
2541 5415 2652 5464 Cod.
2679 5414 2818 5475 1186,
2856 5414 2899 5466 si
2933 5413 3016 5479 qui
3037 5416 3366 5474 adversentur,
3388 5427 3466 5464 eos
3498 5428 3529 5462 a
3569 5425 3715 5474 regna

2139 5486 2243 5528 meo
2260 5474 2516 5525 ρπὲιιιάίιε.

2200 5536 2272 5598 (α)
2297 5542 2376 5586 llic
2398 5538 2444 5585 in
2469 5538 2624 5597 Regiis
2645 5537 2766 5588 9023
2788 5543 2837 5587 et
2868 5538 2989 5587 2030
3013 5545 3087 5587 est
3130 5544 3453 5587 assumentum
3496 5535 3713 5598 lmtgtssti-

2137 5596 2265 5662 muni
2289 5606 2474 5659 septem
2498 5596 2666 5662 oetovc
2692 5602 2983 5662 paginarum,
3010 5600 3138 5661 quod
3177 5611 3410 5660 nugacem
3450 5596 3714 5647 Graeculum

2137 5673 2204 5720 8η
2224 5661 2272 5708 it.
