4058 6222
521 266 624 322 ’189

522 379 593 432 ἐν
620 379 968 450 ἀλαλαγμῷ.
996 382 1197 447 Ἄρατε
1229 384 1447 448 πύλας,
1479 386 1533 437 οί
1557 384 1863 453 ἄρχοντες,
1897 383 2081 453 ὑμῶν,

521 467 622 523 καὶ
653 468 971 537 ἐπάρθητε,
1022 474 1207 526 πύλαι
1252 473 1496 537 αἱώνιοι,
1533 477 1628 528 καὶ
1676 478 2086 529 εἰσελεύσεται

528 560 563 611 ό
585 560 886 623 Βασιλεὺς
918 560 1028 629 τῆς
1055 561 1258 629 δόξης.
1292 566 1691 621 Εἰσελεύσεται·
1737 571 1819 622 Οὐ
1852 570 1962 638 γὰρ
1999 570 2087 633 εἰς

518 651 899 718 χειροποίητα
936 652 1073 720 ἅγια
1113 654 1401 723 εἰσῆλθεν
1440 662 1474 712 ὀ
1514 660 1784 727 Ἰησοῦς,
1837 662 1974 716 ἀλλ’
2000 664 2088 726 εἰς

516 735 708 789 αὐτὸν
731 738 840 792 τὸν
861 742 1121 808 οὐρανὸν
1148 745 1514 801 εἰσελεύσεται
1543 752 1571 802 6
1588 750 1849 814 Βασιλεὺς
1877 751 1974 820 τῆς
2002 752 2089 804 δό-

516 827 634 897 ξης.
667 829 771 884 Δύο
800 831 984 888 λοιπὸν
1032 837 1265 904 ἐγένετο·
1311 839 1499 912 ὥσπερ
1531 841 1639 913 γὰρ
1682 842 1925 914 ἐξενίσθη
1951 846 1982 914 ή
2014 843 2085 913 γῆ

517 916 828 992 θεασαμένη
862 926 1323 999 περιϐεϐλημένον
1370 931 1529 1000 σῶμα
1565 932 1653 987 τὸν
1709 934 1955 1005 Σωτῆρα,
1992 935 2086 987 καὶ

515 1008 703 1081 ὥσπερ
729 1011 850 1076 ἔθος
868 1016 1019 1085 ἡμῖν,
1038 1018 1166 1071 ὅταν
1194 1020 1393 1091 ἴδωμεν
1418 1021 1565 1087 ξένον
1596 1025 1904 1094 πρόσωπον,
1929 1025 2086 1094 λέγο-

518 1114 639 1166 μεν·
662 1100 756 1165 Τίς
775 1103 923 1157 ἐστιν
938 1098 1118 1172 οὗτος
1136 1110 1306 1174 οὐδεὶς
1323 1111 1428 1185 γὰρ
1448 1114 1574 1184 περὶ
1586 1116 1863 1186 γνωρίμου
1883 1117 2082 1187 ἐρωτᾷ·

515 1187 660 1243 οὕτω
681 1193 776 1248 καὶ
796 1196 827 1265 ἡ
850 1197 918 1267 γῆ
945 1197 1251 1273 θεασαμένη
1278 1203 1368 1257 τὸν
1395 1205 1624 1278 Σωτῆρα
1643 1206 1874 1278 δύναμιν
1900 1208 2086 1279 θεῖκὴν

516 1279 728 1372 έχοντα,
747 1287 839 1338 καὶ
862 1289 1222 1345 ἐπιτάσσοντα
1236 1296 1349 1356 τοῖς
1371 1295 1593 1366 ἀνέμοις
1615 1299 1710 1350 καὶ
1725 1301 1789 1368 τῇ
1819 1298 2084 1372 θαλάσσῃ,

516 1368 685 1439 λέγει·
729 1375 822 1441 Τίς
869 1377 1041 1431 ἐστιν
1090 1377 1299 1448 οὗτος,
1339 1385 1427 1438 ὅτι
1477 1386 1516 1452 ὴ
1566 1387 1848 1441 θάλασσα
1893 1389 1992 1441 καὶ
2032 1368 2087 1442 οι

516 1461 722 1525 ἄνεμοι
756 1470 1177 1527 ὑπακούουσιν
1202 1476 1393 1541 abab;
1425 1478 1635 1549 ’Ὠσπερ
1669 1476 1762 1532 οῦν
1797 1483 1828 1551 ή
1857 1482 1926 1551 γῆ
1952 1481 2092 1547 ξενι-

518 1550 717 1624 ζομένη
753 1556 911 1637 ἐϐόα,
945 1563 1039 1627 Τίς
1065 1562 1237 1616 ἐστιν
1258 1562 1468 1632 οὗτος;
1497 1567 1638 1621 οῦτω
1675 1570 1767 1621 καὶ
1804 1550 1832 1620 ό
1861 1550 2087 1638 οὐρανὸς

519 1642 858 1714 ξενιζόμενος
888 1649 945 1703 ἐν
969 1654 1130 1722 σαρκὶ
1164 1654 1375 1722 βλέπων
1404 1657 1503 1727 τὴν
1534 1658 1761 1728 θεότητα
1787 1660 1957 1727 λέγει·
1991 1661 2087 1724 Τίς

515 1732 693 1788 ἐστιν
727 1732 905 1804 οὗτος
923 1743 956 1793 ό
976 1744 1278 1810 Βασιλεὺς
1306 1746 1413 1814 τῆς
1440 1747 1665 1816 δόξης;

577 1825 790 1888 ις’.Καὶ
806 1827 908 1897 ὅρα
925 1830 983 1883 τὸ
1001 1831 1330 1903 θαυμαστόν.
1358 1837 1414 1890 Ὀ
1430 1839 1622 1911 Σωτὴρ
1642 1837 1794 1911 ἦλθε,
1810 1842 1902 1894 καὶ
1918 1841 2086 1895 ἐλθὼν

515 1912 713 1982 ἤνεγκε
745 1916 806 1970 τὸ
837 1918 991 1987 ἆγιον
1020 1924 1261 1995 Πνεῦμα,
1281 1927 1521 1982 ἀνελθὼν
1550 1930 1606 1982 δέ
1635 1931 1902 2002 ἀνήνεγκε
1930 1932 2087 2002 σῶμα

516 2002 692 2073 ἅγιον,
722 2007 809 2062 ἵνα
840 2009 915 2080 δῷ
946 2010 1026 2080 τῷ
1056 2015 1243 2086 κόσμῳ
1284 2017 1540 2090 ἐνέχυρον
1571 2023 1845 2093 σωτηρίας
1865 2062 1879 2085 ,
1926 2023 2089 2075 Πνεύο

520 2112 686 2164 ματος
718 2100 873 2169 ἁγίου
907 2103 1155 2175 δύναμιν.
1193 2109 1361 2163 Πάλιν
1395 2111 1472 2181 τῷ
1509 2112 1659 2182 αὐτῷ
1694 2113 1884 2184 κόσμῳ
1915 2116 2088 2185 ἀρρα-

517 2186 666 2243 ϐῶνα
699 2195 972 2264 σωτηρίας
999 2196 1057 2249 τὺ
1076 2198 1236 2269 σῶμα
1269 2201 1331 2254 τὸ
1362 2202 1517 2271 ἆγιον
1543 2204 1749 2272 λεγέτω
1772 2207 1799 2257 6
1823 2207 2087 2278 Χριστια-

515 2279 624 2340 νός.
655 2281 824 2337 Ὅταν
843 2285 899 2338 δὲ
928 2287 1066 2341 είπω
1100 2290 1278 2355 τοῦτο,
1323 2296 1418 2346 καὶ
1454 2295 1512 2347 σέ
1550 2294 1694 2363 λέγω
1727 2297 1822 2349 καὶ
1858 2297 2086 2352 ἕκαστον

516 2371 806 2461 πρόσωπον
838 2379 881 2430 Χ
893 2384 1186 2449 ριστιανοῦ.
1226 2386 1365 2455 Ἐγὼ
1393 2390 1719 2458 Χριστιανός
1739 2392 1851 2461 είμι
1881 2392 2085 2445 καὶτοῦ

514 2459 656 2551 Θεοῦ
684 2466 820 2535 εἰμι·
850 2468 1015 2523 πόθεν
1054 2474 1239 2542 τοῦτο;
1300 2477 1373 2529 Τὸ
1419 2478 1644 2549 Πνεῦμα
1688 2481 1749 2533 τὸ
1792 2459 1946 2548 ἀγιον
1978 2482 2085 2551 ἔχω

512 2546 575 2599 τὸ
611 2549 669 2615 ἐξ
699 2553 927 2624 οὐρανοῦ
971 2560 1176 2614 κατιόν.
1221 2563 1407 2630 Θέλεις
1436 2567 1531 2619 καὶ
1560 2546 1726 2639 ἀλλην
1764 2546 2039 2634 ἀπόδειξιν
2068 2587 2082 2636 ;

518 2639 747 2732 Ἔλασον
777 2646 1000 2718 Πνεῦμα
1031 2651 1088 2717 ἐξ
1121 2653 1347 2724 οὐρανοῦ
1386 2657 1447 2711 τὸ
1498 2657 1591 2711 τοῦ
1629 2659 1798 2725 Θεοῦ,
1840 2660 1947 2731 ἔχω
1981 2679 2083 2732 μου

510 2730 604 2784 τὸν
644 2734 936 2807 ἀρραϐῶνα
974 2742 1208 2811 βέϐαιον.
1258 2748 1415 2801 Ποῖον
1457 2750 1793 2822 ἀρραϐῶνα;
1844 2730 1992 2808 Ἀνω
2023 2754 2085 2807 τὸ

515 2822 674 2895 σῶμα
707 2828 893 2896 αὐτοῦ,
940 2835 1086 2887 κάτω
1131 2834 1191 2891 τὸ
1250 2840 1474 2910 Πνεῦμα
1507 2843 1674 2897 αὐτοῦ
1721 2846 1857 2917 πρὸς
1912 2847 2081 2916 ἡμᾶς.

527 2916 930 2985 ’Λμφιϐάλλεις,
955 2926 1218 2995 αἱρετικέ,
1258 2931 1340 2983 ὅτι
1367 2931 1460 2984 τοῦ
1500 2933 1634 2987 Θεοῦ
1668 2936 1876 3006 ἐσμεν;
1923 2937 2084 3002 Γένος

511 3007 728 3074 ἐγένετο
758 3011 837 3076 ἓν,
870 3014 1004 3067 Θεοῦ
1040 3019 1134 3071 καὶ
1174 3020 1496 3090 ἀνθρώπων.
1529 3026 1739 3099 Ὥσπερ
1770 3029 1878 3099 γὰρ
1904 3031 1972 3082 τὰ
2000 3031 2081 3082 δι-

508 3098 725 3190 εστῶταν
744 3101 894 3190 μέρη
923 3106 1182 3161 συνάπτει
1208 3111 1550 3183 ἐπιγαμϐρία
1572 3154 1586 3179 ,
1624 3098 1715 3168 καί
1747 3120 1775 3171 6
1926 3120 2081 3184 εἰδώς

508 3202 629 3239 τινα
662 3189 825 3244 πόθεν
874 3194 1010 3257 ἐστὶ,
1061 3198 1190 3266 μιᾶς
1226 3205 1633 3273 συναπτομένης
1688 3208 1783 3260 καὶ
1815 3189 1952 3274 ὲνδς,
1988 3211 2079 3264 δύο

508 3275 637 3346 γένη
660 3277 755 3331 ὅλα
791 3281 1069 3351 συνάπτει,
1107 3287 1203 3341 καὶ
1236 3291 1264 3342 6
1292 3290 1391 3361 μὲν
1424 3293 1499 3358 ὼς
1532 3294 1748 3366 ἀνεψιὸς
1787 3300 2076 3365 τάττεται,

506 3365 537 3418 6
568 3366 624 3419 δὲ
652 3367 727 3433 ὡς
755 3370 915 3436 θεῖος·
958 3375 1130 3441 οὕτως
1161 3380 1519 3448 ἀναλαϐόντος
1568 3387 1746 3457 σάρκα
1798 3392 2035 3462 Χριστοῦ
2063 3433 2078 3459 ,

506 3455 593 3555 διά
618 3460 943 3555 τῆςγσαρκὸς
975 3468 1192 3535 ἐγένετο
1220 3475 1368 3528 πᾶσα
1394 3477 1426 3546 ή
1471 3455 1767 3550 Ἐκκλησία
1813 3455 2080 3555 συγγενὴς

511 3552 768 3645 Χριστοῦ,
825 3558 1034 3624 Παῦλος
1076 3563 1311 3633 Χριστοῦ
1344 3570 1611 3641 συγγενὴς
1636 3613 1650 3635 ,
1705 3552 1937 3645 Πέτρος,
1970 3552 2079 3641 πάς

510 3644 717 3710 πιστὸς,
751 3647 953 3712 πάντες
983 3652 1166 3721 ἡμεῖς,
1200 3658 1306 3718 πᾶς
1339 3659 1585 3731 εὐσεϐής.
1618 3663 1715 3717 Διά
1746 3666 1905 3720 τοῦτο
1931 3668 2077 3737 λέγει

508 3734 719 3801 Παῦλος
741 3755 754 3768 ·
803 3740 993 3808 Γένος
1027 3741 1141 3801 οὖν
1170 3748 1317 3801 Θεοῦ
1350 3749 1743 3820 ὑπάρχοντες.
1793 3756 1930 3810 Ἀλλ’
1961 3734 2077 3812 οἰδα

468 3825 604 3893 ητήν
637 3826 845 3884 ἔννοιαν
894 3832 1014 3886 καθ’
1048 3836 1112 3906 ἣν
1147 3836 1378 3909 εἴρηται·
1423 3841 1484 3894 οὐ
1529 3845 1730 3908 σκοπός
1789 3847 1878 3916 μοί
1930 3848 2077 3903 ἐστιν

505 3916 633 3988 ὅλην
662 3919 943 3993 ἱστορῆσαι
975 3926 1076 3997 τὴν
1119 3928 1367 4001 θεωρίαν,
1405 3931 1519 3985 ἀλλ’
1548 3934 1631 3988 ὅτι
1676 3936 1835 4006 μόνον
1868 3938 2079 4009 βεϐαιοῖ

504 4009 715 4100 Παῦλος
736 4013 794 4065 τὸ
818 4016 995 4083 γένος.
1022 4019 1131 4071 Kal
1160 4019 1392 4091 ἀλλαχοῦ
1430 4023 1612 4079 πάλιν·
1656 4028 1856 4097 ἸΙμεῖς
1889 4030 2076 4100 ἐσμεν

503 4096 676 4166 σῶμα
698 4102 958 4168 Χριστοῦ
984 4106 1081 4159 καί
1099 4107 1256 4177 μέλη
1280 4111 1348 4163 ἐκ
1372 4112 1594 4181 μέρους
1618 4116 1686 4170 ἐκ
1717 4096 1827 4184 τῆς
1850 4096 2075 4187 σαρκός

502 4371 633 4435 ἀνω,
664 4373 829 4445 ἤγουν
853 4376 915 4430 τὸ
954 4379 1134 4451 σῶμα,
1182 4381 1211 4433 ὃ
1256 4383 1315 4449 ἐξ
1362 4386 1520 4456 ήμῶν
1560 4391 1946 4460 προσελάϐετο,
1977 4398 2069 4451 καὶ

500 4460 653 4517 κάτω
684 4465 745 4518 τὸ
779 4467 930 4536 ἆγιον
961 4472 1184 4545 Πνεῦμα
1221 4476 1337 4545 μεθ’
1366 4480 1397 4549 ή
1408 4478 1543 4549 μῶν.
1593 4482 1705 4534 Kal
1728 4483 1826 4553 δρα
1853 4487 1911 4538 τὸ
1936 4485 2069 4541 θαυ-

504 4557 729 4624 μαστόν·
764 4560 824 4612 οὐ
856 4561 999 4631 λέγω
1021 4567 1188 4620 ὅτιτὸ
1221 4569 1442 4640 Πνεῦμα
1474 4573 1681 4643 κατέϐη
1721 4574 1780 4641 ἐξ
1814 4578 2064 4648 οὐρανοῦ,

500 4648 594 4700 καὶ
623 4648 723 4701 οὐκ
752 4649 831 4703 ἔτι
854 4654 1000 4706 ἐστὶν
1026 4656 1083 4708 ἐν
1111 4656 1188 4728 τῷ
1224 4658 1457 4731 οὐρανῷ,
1497 4663 1591 4716 καὶ
1619 4665 1987 4737 ἀντηλλάξατο
2008 4672 2068 4725 τὺ

500 4739 600 4808 μὲν
641 4741 801 4811 σῶμα
828 4744 918 4796 τὸν
946 4745 1194 4816 οὐρανὸν,
1236 4750 1295 4802 τὸ
1321 4751 1375 4805 δὲ
1405 4754 1629 4825 Πνεῦμα
1654 4757 1753 4827 τὴν
1783 4759 1904 4830 γῆν,
1932 4762 2066 4816 ἀλλά

497 4832 591 4884 καὶ
619 4833 740 4902 μεθ’
768 4835 926 4906 ήμῶν
962 4836 1022 4889 το
1044 4839 1289 4910 Πνεῦμα,
1319 4844 1411 4897 καὶ
1442 4846 1738 4917 πανταχοῦ,
1776 4851 1870 4903 καὶ
1912 4852 2025 4905 άνω
2048 4871 2060 4884 ·

497 4924 622 4978 Ποῦ
649 4926 777 4997 γὰρ,
797 4929 948 5000 φησὶ,
968 4932 1236 4997 πορευθῶ
1264 4935 1382 4989 ἀπὸ
1413 4937 1518 4990 τοῦ
1543 4941 1888 5009 Πνεύματός
1915 4961 2031 5000 σου
2046 4965 2065 5011 ;

496 5012 607 5105 {Cal
635 5014 687 5067 τί
724 5016 1044 5105 θαυμάζεις,
1085 5023 1133 5073 εἰ
1165 5021 1223 5074 το
1254 5024 1478 5096 Πνεῦμα
1525 5030 1618 5084 καὶ
1643 5032 1762 5101 μεθ’
1793 5034 1950 5105 ήμῶν
1971 5038 2065 5090 καὶ

495 5100 629 5167 ἄνω,
656 5104 745 5158 καὶ
770 5108 827 5160 τὸ
856 5109 1014 5179 σῶμα
1046 5113 1285 5181 Χριστοῦ
1310 5117 1404 5169 καὶ
1436 5118 1547 5172 ἀνω
1582 5100 1676 5175 καὶ
1712 5100 1833 5194 μεθ’
1862 5127 2018 5196 ήμῶν
2045 5148 2058 5193 ;

500 5191 751 5287 _6
774 5199 1001 5270 οὐρανὸς
1026 5204 1088 5256 τὸ
1109 5204 1262 5274 άγιον
1304 5208 1485 5280 σῶμα,
1522 5191 1738 5278 ἐδέξατο
1780 5191 1944 5287 καὶμὴ
1988 5191 2058 5287 γῆ

494 5281 555 5378 16
576 5281 727 5378 [774]
754 5287 903 5354 ἅγιον
930 5290 1174 5363 Πνεῦμα·
1211 5291 1373 5366 ἦλθεν
1409 5302 1437 5353 6
1470 5302 1702 5372 Χριστὸς
1741 5308 1835 5359 καὶ

493 5371 563 5469 το
583 5373 734 5441 ἅγιον
767 5377 1009 5469 Πνεῦμα,
1050 5384 1249 5455 ἀνῆλθε
1283 5390 1376 5442 καὶ
1407 5371 1675 5461 ἀνήνεγκε
1702 5394 1763 5448 τὸ
1790 5371 2059 5469 ἡμέτερον

496 5464 672 5536 σῶμα.
711 5468 818 5521 Kal
867 5468 935 5543 ἦν
986 5476 1113 5528 ἰδεῖν
1135 5478 1232 5548 τὴν
1266 5481 1448 5534 εἰκόνα
1485 5484 1576 5537 τοῦ
1635 5464 2056 5560 Ἀδὰμ-Ὕτὴν-ἐν

491 5558 646 5650 τάφῳ
692 5566 1080 5637 κεχωσμένην,
1125 5570 1223 5624 οὐκ
1268 5570 1351 5625 ἔτι
1393 5575 1532 5643 μετά
1574 5578 1820 5646 ἀγγέλων
1872 5558 2056 5650 φαινοο

496 5649 681 5745 μένην,
734 5653 846 5707 ἀλλ’
883 5656 1136 5729 ὑπεράνω
1178 5660 1285 5714 τῶν
1329 5663 1576 5731 ἀγγέλων
1627 5672 2047 5745 συγκαθημένην

495 5739 571 5812 τῷ
615 5743 752 5818 Θεῷ,
813 5748 898 5802 ἵνα
934 5750 1022 5802 καὶ
1063 5751 1207 5820 ἡμᾶς
1264 5754 1565 5826 συγκαθίσῃ
1616 5763 1730 5826 μετ’
1780 5739 1962 5817 αὐτοῦ.
1997 5739 2057 5819 Ὦ

1214 272 1274 326 S.
1312 270 1600 326 JOANMS
1633 271 2123 327 CHRYSOSTOMI
2161 274 2473 332 ARCIIIEP.
2518 279 3061 344 CONSTANTINOP.

3672 286 3780 350 τοι)

2195 387 2295 457 τῆς
2323 391 2557 463 φοϐερᾶς
2587 397 2682 448 καὶ
2717 396 2875 468 ξένης
2904 401 3241 470 οἰκονομίαςε
3287 399 3333 453 ὣ
3362 398 3473 454 τοῦ
3527 403 3775 473 μεγάλου

2197 478 2459 547 βασιλέως
2482 484 2574 536 τοῦ
2605 486 2670 538 τά
2694 489 2870 542 πάντα
2897 490 3154 559 μεγάλου,
3188 491 3280 545 τοῦ
3313 492 3489 557 οὕτως
3525 495 3772 564 μεγάλου

2195 572 2287 623 καὶ
2310 570 2651 644 θαυμαστούί
2690 582 2798 633 Kal
2834 581 2910 644 ὡς
2936 578 3086 637 εἶπεν
3120 585 3148 636 6
3177 587 3484 657 προφήτης·
3521 590 3713 656 Κύριε
3750 591 3789 642 ὀ

2195 664 2408 729 Κύριος
2436 666 2601 735 ἡμῶν
2622 710 2637 733 ,
2686 672 2766 736 ὡς
2801 675 3148 742 θαυμαστὸν
3186 677 3250 729 τὸ
3304 677 3500 746 ὄνομά
3548 696 3673 732 σου
3707 680 3778 732 ἐν

2197 752 2364 821 πάσῃ
2396 755 2469 823 τῇ
2497 756 2592 825 γῇ,
2642 760 2729 813 ὅτι
2780 762 3008 832 ἐπήρθη
3050 767 3088 832 ἠ
3130 767 3623 835 μεγαλοπρέπειά
3655 786 3779 824 σου

2194 845 2472 911 ὑπεράνω
2504 848 2623 901 τῶν
2649 853 2958 920 οὐρανῶν]
3005 855 3248 927 Ἐπήρθη
3287 859 3319 927 ή
3348 857 3544 930 θεότης
3563 877 3579 891 ·
3607 862 3778 915 αὺτο-

2198 933 2339 1001 λεξεὶ
2359 941 2551 991 κεῖται·
2570 943 2925 999 Βλεπόντων
2944 946 3142 1000 αὐτῶν
3162 948 3413 1016 ἐπήρθη,
3445 951 3475 1001 6
3494 951 3566 1001 τὰ
3592 950 3775 1004 πάντα

2201 1026 2391 1094 μέγας,
2426 1028 2599 1095 μέγας
2632 1033 2659 1084 6
2685 1030 2836 1095 Θεὸς,
2882 1035 3055 1103 μέγας
3087 1038 3114 1089 6
3143 1035 3346 1107 Κύριος
3373 1055 3388 1068 ·
3419 1038 3627 1108 Μέγας
3659 1042 3778 1093 Κύ-

2191 1134 2322 1184 ριος
2352 1119 2451 1171 καὶ
2482 1122 2718 1188 αἰνετός
2764 1125 3020 1193 σφόδρα.
3068 1128 3130 1179 Εἰ
3178 1128 3235 1180 δέ
3281 1128 3456 1196 μέγας
3498 1129 3635 1193 Θεὸς
3677 1132 3776 1184 καὶ

2199 1210 2371 1273 μέγας
2392 1207 2614 1279 Κύριος.
2647 1212 2821 1280 μέγας
2846 1214 2940 1267 καὶ
2964 1215 3230 1285 βασιλεύς·
3256 1219 3561 1283 Βασιλεὺς
3577 1220 3775 1290 μέγας

2191 1299 2293 1352 ἐπὶ
2320 1300 2527 1355 πᾶσαν
2552 1304 2667 1371 τὴν
2688 1304 2824 1374 γῆν.
2869 1308 3007 1375 Ὄρη
3039 1307 3211 1372 Σιὼν,
3262 1310 3336 1364 τὰ
3391 1311 3628 1379 summa
3660 1314 3772 1367 τοῦ

2186 1392 2401 1459 βορρᾶ,
2450 1396 2488 1462 ή
2522 1397 2698 1462 πόλις
2728 1397 2834 1451 τοῦ
2862 1399 3170 1466 ,ϐασιλέως
3205 1400 3313 1454 τοῦ
3336 1402 3621 1469 μεγάλου.
3649 1405 3771 1457 Μέο

2195 1498 2298 1548 γας
2328 1486 2631 1556 προφήτης,
2666 1487 2836 1556 μέγας
2882 1490 3077 1560 ἰερεύς,
3135 1492 3278 1561 μέγα
3306 1493 3433 1559 φῶς,
3468 1493 3533 1546 τὰ
3576 1494 3766 1547 πάντα

2199 1570 2393 1639 μέγας.
2441 1574 2551 1626 Καὶ
2599 1575 2686 1627 ἀεὶ
2735 1578 2767 1646 ή
2805 1577 2993 1647 Γραφὴ
3045 1579 3181 1648 μετά
3232 1581 3538 1651 προσθήκης
3590 1584 3763 1635 αὐτον

2194 1660 2341 1728 λέγει
2374 1665 2568 1733 μέγαν,
2609 1665 2684 1728 ὡς
2721 1668 2846 1720 ὅταν
2900 1668 3032 1741 λέγῃ
3082 1669 3309 1734 Παῦλος·
3351 1672 3459 1725 Τοῦ
3494 1671 3757 1745 μεγάλου

2196 1750 2343 1803 Θεοῦ
2375 1752 2474 1804 καὶ
2506 1753 2779 1821 Σωτῆρος
2812 1754 2981 1824 ἡμῶν
3022 1757 3224 1824 Ἰησοῦ
3264 1760 3543 1826 Χριστοῦ·
3574 1761 3650 1823 ὡς
3670 1763 3766 1814 καὶ

2192 1840 2355 1895 Δαυῒδ
2391 1843 2560 1912 λέγει·
2593 1848 2790 1915 Μέγας
2827 1848 3039 1914 Κύριος
3084 1850 3181 1902 καὶ
3221 1850 3455 1913 αἰνετός
3504 1852 3767 1919 σφόδρα.

2195 1933 2382 2000 Μέγας
2432 1934 2717 2002 βασιλεὺς,
2754 1938 2925 2007 μέγας
2962 1941 3263 2010 προφήτης·
3300 1942 3389 1993 ὅτε
3434 1941 3543 2012 γὰρ
3590 1945 3768 1996 ἐποίει

2192 2024 2260 2077 τά
2291 2024 2545 2095 θαύματα
2573 2029 2601 2080 6
2639 2029 2874 2097 Ἰησοῦς,
2925 2029 3106 2098 ἔλεγον
3132 2032 3181 2084 0l
3209 2032 3376 2100 ὄχλοι,
3402 2033 3533 2086 Ὀτι
3576 2035 3770 2102 μέγας

2191 2118 2502 2187 προφήτης
2524 2120 2830 2188 ἐγήγερται
2858 2122 2928 2174 ἐν
2952 2122 3115 2191 ἡμῖν,
3146 2123 3242 2176 καὶ
3270 2124 3358 2178 ὅτι
3378 2125 3770 2194 ἐπεσκέψατο

2191 2211 2224 2262 ὁ
2251 2210 2394 2274 Θεὸς
2438 2210 2546 2264 τὸν
2586 2211 2742 2265 λαὸν
2770 2213 2975 2266 αὐτοῦ.
3007 2213 3082 2266 Οὐ
3133 2214 3290 2284 μόνον
3330 2214 3441 2286 γάρ
3490 2217 3636 2269 κατὰ
3669 2219 3768 2290 τὴν

2194 2298 2421 2370 θεότητα
2474 2303 2666 2372 μέγας,
2701 2302 2836 2357 ἀλλά
2870 2306 2962 2357 καὶ
2999 2307 3140 2359 κατά
3170 2306 3268 2377 τὴν
3320 2307 3502 2378 σάρκα
3532 2326 3544 2337 ·
3577 2308 3767 2382 ὥσπερ

2192 2392 2298 2462 γὰρ
2330 2392 2461 2456 Θεὸς
2498 2392 2670 2463 μέγας
2694 2435 2708 2459 ,
2741 2394 2834 2447 καὶ
2872 2393 3073 2465 Κύριος
3129 2395 3323 2465 μέγας,
3362 2397 3458 2450 xal
3510 2398 3768 2467 βασιλεὺς

2196 2479 2369 2549 μέγας
2397 2481 2536 2534 κατά
2570 2480 2670 2551 τὴν
2724 2482 2984 2553 θεότητα·
3040 2482 3181 2536 οὓτω
3232 2485 3394 2538 πάλιν
3446 2488 3546 2539 καὶ
3587 2489 3767 2559 ἱερεὺς

2192 2569 2386 2638 μέγας,
2440 2575 2536 2624 καὶ
2568 2573 2852 2643 προφήτης
2896 2575 3086 2642 μέγας.
3134 2574 3304 2628 Πόθεν
3352 2576 3550 2643 τοῦτο;
3604 2580 3764 2648 Λέγει

2188 2659 2419 2724 Παῦλος·
2446 2663 2727 2730 Ἔχοντες
2744 2660 2859 2719 οῦν
2873 2665 3146 2736 ἀρχιερέα
3155 2667 3347 2737 μέγαν
3360 2668 3765 2738 διεληλυθότα

2186 2751 2328 2817 τοὺς
2357 2753 2651 2821 οὐρανοὺς
2686 2755 2919 2823 Ἰησοῦν
2953 2757 3059 2811 τὸν
3095 2758 3229 2812 Υἱὸν
3268 2759 3375 2813 τοῦ
3399 2762 3554 2816 Θεοῦ
3577 2803 3594 2828 ,
3626 2781 3762 2832 κρα-

2187 2841 2407 2910 τοῦμεν
2425 2842 2535 2911 τῆς
2557 2846 2878 2915 ὁμολογίας
2906 2845 3094 2916 ἡμῶν.
3113 2848 3174 2900 Εἰ
3193 2846 3249 2898 δὲ
3272 2848 3571 2919 ἀρχιερεὺς
3590 2851 3762 2919 μέγας

2186 2936 2281 2989 καὶ
2312 2943 2596 3018 προφήτης
2626 2937 2819 3008 μέγας,
2851 2939 3021 3002 ὅντως
3056 2939 3399 3009 ἐπεσκέψατο
3437 2942 3467 2993 6
3497 2942 3633 3004 Θεὸς
3672 2942 3760 2995 τὸν

2184 3024 2311 3080 λαὸν
2342 3027 2528 3091 αὐτοῦ,
2585 3028 2678 3081 καὶ
2721 3030 2983 3100 ἀνέστησε
3032 3032 3318 3101 προφήτην
3363 3029 3541 3100 μέγαν
3575 3034 3634 3084 ἐν
3683 3033 3760 3102 τῷ

2199 3117 2428 3188 Ἰσραήλ.
2459 3119 2522 3169 El
2550 3118 2607 3170 δὲ
2635 3118 2805 3188 μέγας
2832 3120 3134 3190 προφήτης,
3167 3120 3338 3189 μέγας
3361 3121 3563 3190 ίερεύς,
3586 3120 3759 3190 μέγας

2188 3208 2460 3278 βασιλεὺς,
2497 3212 2589 3261 καὶ
2621 3208 2735 3278 φῶς
2781 3210 2940 3279 μέγα·
2977 3212 3274 3265 Γαλιλαία
3314 3210 3433 3265 τῶν
3473 3210 3693 3275 ἐθνῶν,
3727 3215 3758 3265 ό

2183 3301 2334 3367 λαὸς
2357 3305 2388 3355 ό
2411 3303 2745 3371 καθήμενος
2772 3304 2841 3356 ἐν
2877 3308 3083 3357 σκότει
3107 3300 3229 3359 εἶδε
3263 3303 3383 3373 φῶς
3410 3307 3591 3374 μέγα·
3618 3307 3759 3361 ἀλλὰ

2185 3393 2279 3446 καὶ
2309 3396 2342 3464 ή
2377 3394 2560 3463 ήμέρα
2589 3395 2752 3448 αὐτοῦ
2782 3397 2813 3464 ή
2847 3397 3076 3466 μεγάλη,
3108 3397 3183 3459 ὡς
3215 3396 3353 3464 λέγει
3377 3399 3403 3449 ὁ
3426 3399 3753 3467 προφήτης·

2183 3484 2330 3553 Πρὶν
2360 3484 2559 3539 ἐλθεῖν
2587 3484 2701 3553 τὴν
2722 3485 2948 3555 ἡμέραν
2976 3488 3197 3555 Κυρίου
3225 3488 3329 3556 τὴν
3350 3486 3624 3556 μεγάλην
3645 3491 3750 3542 καὶ

2183 3575 2464 3646 ἐπιφανῆ.
2512 3577 2795 3648 Πανταχοῦ
2834 3578 3007 3649 μέγαν
3036 3581 3268 3643 ἀκούων,
3302 3580 3391 3634 καὶ
3434 3580 3650 3650 μεγάλα
3682 3580 3756 3634 τὰ

2184 3667 2319 3738 ἔργα
2351 3667 2553 3738 Κυρίου
2574 3707 2589 3731 ,
2645 3669 2806 3721 πόθεν
2850 3670 3050 3741 ἐπῆλθέ
3081 3687 3162 3723 σοι
3198 3670 3434 3741 σχίζειν,
3467 3672 3715 3743 αἱρετικὲ
3737 3713 3751 3732 .

2183 3760 2278 3811 καὶ
2307 3758 2624 3828 σμικρύνειν
2661 3760 2751 3813 τὸν
2792 3762 2999 3831 μέγαν;
3036 3764 3288 3833 Ἐχωμεν
3326 3760 3419 3818 οὖν
3455 3764 3753 3836 ἀρραϐῶνα

2180 3850 2277 3919 τῆς
2306 3851 2448 3920 ζωῆς
2475 3850 2631 3920 ήμῶν
2658 3853 2714 3904 ἐν
2746 3851 2978 3923 οὐρανῷ,
3007 3854 3491 3926 ουνανελήφθημεν
3512 3856 3590 3925 τῷ
3616 3855 3752 3927 X91-

2182 3941 2312 4011 στῷ.
2355 3941 2522 3994 Πάλιν
2563 3936 2655 3995 οὖν
2688 3943 3048 4013 ἀρπαζόμεθα
3081 3946 3138 3997 ἐν
3170 3944 3443 4013 νεφέλαις,
3472 3945 3569 3999 ἐὰν
3598 3941 3751 4017 ὦμεν

2180 4033 2319 4098 ἄξιοι
2351 4034 2443 4085 ἐπὶ
2465 4034 2703 4102 νεφελῶν
2730 4036 3063 4105 ἀπαντῆσαι.
3096 4037 3384 4101 ’Υπόδικος
3408 4037 3510 4091 οὐκ
3536 4038 3750 4107 ἀπαντᾷ

2176 4126 2427 4196 δικαστῇ,
2455 4124 2589 4178 ἀλλά
2619 4126 2865 4195 φαίνεται
2898 4129 2994 4197 μὲν
3021 4128 3168 4199 αὐτῷ
3194 4130 3622 4199 παριστάμενος,
3653 4130 3752 4182 οὐκ

2050 4243 2075 4253 -
2178 4217 2398 4286 ἅπαντᾷ
2421 4215 2588 4282 δέ,ὡς
2618 4217 3065 4287 ἀπαρρησίαστος
3086 4216 3179 4271 ὢν,
3208 4217 3510 4288 Εὐξώμεθα
3539 4216 3632 4273 οὐν
3657 4219 3751 4272 καὶ

2044 4304 2071 4358 ῦ
2177 4310 2337 4378 ήμεῖς
2370 4307 2625 4374 ἅπαντες,
2658 4308 2957 4379 ἀγαπητοὶ,
2989 4309 3075 4361 ἵνα
3113 4309 3220 4361 τῶν
3250 4308 3609 4363 ἀπαντώντων
3637 4310 3748 4361 κᾶν

2174 4400 2233 4451 ἐν
2260 4400 2431 4469 μικρᾷ
2458 4396 2608 4463 τάξει
2635 4397 2907 4468 τύχωμεν.
2935 4399 3142 4470 ’Ὠσπερ
3178 4399 3287 4471 γὰρ
3313 4404 3360 4453 οἱ
3397 4397 3744 4462 ἀπαντῶντες

2180 4489 2410 4559 βασιλεῖ,
2451 4488 2553 4541 κᾶν
2584 4488 2656 4558 μὴ
2692 4490 2889 4552 πάντες
2940 4483 3073 4544 ὦσιν
3124 4490 3406 4560 ὁμότιμοι,
3446 4489 3557 4542 ἀλλ’
3592 4490 3745 4560 ὅμως

2174 4580 2495 4651 τετίμηνται
2522 4580 2653 4649 παρ’
2691 4578 2876 4632 αὐτοῦ·
2911 4578 3083 4643 οὕτως
3111 4578 3265 4631 ἔσται
3307 4578 3404 4631 καὶ
3437 4576 3582 4630 τότε.
3609 4576 3745 4631 Οὐδὲ

2173 4673 2282 4744 γάρ
2302 4672 2499 4733 πάντες
2516 4670 2718 4740 ὁμοίως
2740 4669 3489 4735 ἐπολιτεύσαντο.”Εκαστος
3511 4668 3623 4739 γὰρ
3640 4667 3746 4721 τὸν

2176 4765 2331 4818 ἴδιον
2350 4762 2573 4832 μισθὸν
2608 4762 2866 4832 λήψεται
2902 4762 3051 4816 κατὰ
3076 4761 3182 4814 τὸν
3212 4761 3367 4815 ἴδιον
3388 4762 3601 4815 κόπον.
3621 4763 3745 4832 Μη-

2173 4858 2368 4913 δέποτε
2401 4856 2579 4909 τοίνυν
2604 4854 2897 4907 κωλυέσθω
2917 4854 3073 4922 λόγος
3102 4852 3259 4918 Θεοῦ,
3284 4852 3422 4904 ἀλλά
3447 4853 3589 4921 μετὰ
3609 4853 3745 4922 ἀλη-

2173 4948 2323 5008 θείας
2367 4943 2875 5016 παῤῥησιαζώμεθα
2909 4945 3148 5007 ἅπαντες
3192 4944 3250 4996 ἐν
3288 4942 3477 5013 ἀγάπῃ
3505 4943 3744 5013 Χριστοῦ

2171 5036 2296 5088 λαὸν
2311 5036 2461 5108 [775]
2483 5036 2792 5108 τρέφοντες,
2813 5034 2992 5105 ψυχάς
3011 5033 3348 5105 ἀρδεύοντες,
3372 5033 3578 5104 ψυχαῖς
3594 5052 3745 5106 μερι-

2170 5125 2407 5193 ζόμενοι,
2432 5128 2552 5187 ταῖς
2578 5126 2632 5178 δὲ
2657 5124 2934 5186 ὑπονοίαις
2957 5123 3030 5194 μή
3059 5123 3388 5193 σχιζόμενοι.
3433 5123 3492 5177 '0
3514 5125 3743 5195 εἰρήνης

2169 5215 2361 5284 ἐχθρὸς
2382 5214 2493 5283 ἔχει
2520 5216 2610 5268 τὸν
2645 5213 2951 5280 δικάζοντα.
2985 5216 3095 5268 Kal
3127 5215 3337 5285 ἐπειδὴ,
3370 5214 3614 5283 ἀδελφοὶ,
3644 5217 3741 5269 ἀν-

2168 5305 2418 5378 θρώπους
2448 5308 2546 5377 μὲν
2575 5308 2855 5379 πείθομεν,
2905 5307 3024 5377 Θεῴ
3059 5307 3116 5361 δέ
3166 5307 3607 5379 πεφανερώμεθα
3636 5303 3742 5361 οἶοί

2164 5401 2351 5468 ἐσμεν,
2388 5398 2595 5469 μάρτυς
2628 5400 2656 5451 6
2685 5400 2793 5452 τῶν
2825 5399 3041 5453 ἐννοιῶν
3066 5399 3329 5468 ἐπόπτης,
3365 5398 3424 5459 ὃς
3446 5399 3740 5469 ἀπαιτήσει

2163 5495 2322 5560 λόγον
2364 5493 2537 5546 πάντα
2574 5492 2665 5545 τὸν
2695 5492 2958 5547 λαλοῦντα
2992 5494 3051 5546 τὸ
3088 5491 3317 5562 ψεῦδος,
3362 5493 3438 5556 ὡς
3480 5493 3735 5545 οὐδέποτε

2166 5587 2348 5656 ἐχθροὶ
2377 5587 2595 5655 εἰρήνης
2629 5584 2751 5639 οὐτε
2786 5585 3144 5658 ἠθελήσαμεν,
3170 5585 3292 5639 οὐτε
3325 5583 3557 5656 θέλομεν
3579 5585 3735 5653 γενέ-

2164 5677 2307 5729 σθαι.
2374 5676 2496 5729 Ἐὰν
2543 5677 2650 5747 γὰρ
2697 5677 2793 5747 τὴν
2850 5678 3071 5747 εἰρήνην
3122 5677 3511 5747 ἀπολέσωμεν,
3547 5676 3735 5747 ἐχθροί

2168 5772 2332 5835 ἐσμεν
2398 5771 2617 5823 ἐκείνων
2667 5771 2772 5825 τῶν
2835 5771 3180 5827 ἀκουσάντων
3236 5773 3383 5841 παρᾷ
3446 5773 3723 5844 Χριστοῦ·
