4058 6222
416 282 527 339 789

416 408 573 461 tollite
595 417 765 477 partes
788 450 802 471 ,
846 409 1094 481 principes
1114 453 1129 477 ,
1158 423 1342 467 vestras
1361 455 1375 479 ,
1418 424 1462 468 et
1485 415 1744 468 elevamini
1767 455 1785 481 ,
1825 424 1982 484 partes

415 500 678 553 atternales
696 540 712 565 ,
743 511 788 553 et
811 502 1031 556 introibit
1053 503 1163 558 Rea;
1193 506 1367 575 gloria:
1397 504 1564 577 (Psal.
1588 506 1677 560 23.
1704 507 1753 560 7.
1782 508 1859 575 8).
1887 505 1982 560 In-

418 590 584 643 troibit
612 606 633 643 :
672 589 794 644 Non
836 594 968 646 enim
1008 595 1061 647 in
1095 599 1383 665 manufacta
1420 607 1595 650 sancta
1636 600 1888 668 ingressus
1913 608 1984 652 est

414 683 603 747 Iesus;
628 686 717 738 sed
744 685 797 738 in
830 688 994 755 ipsum
1022 688 1199 741 calum
1247 688 1428 761 (Ilebr.
1457 691 1509 746 9.
1535 691 1627 758 26)
1665 692 1985 763 ingredietur

414 774 525 829 llex
552 774 754 845 gloriae.
803 777 918 831 Duo
943 777 1155 834 demum
1191 778 1322 833 facta
1348 790 1470 834 sunt
1501 800 1514 835 :
1542 783 1980 851 quemadmodum

412 868 554 921 enim
605 868 873 937 obstupuit
904 878 1041 923 terra
1077 886 1195 924 cum
1236 872 1366 926 vidit
1391 872 1723 928 Servatorem
1761 890 1985 943 corpore

413 957 653 1011 indutum
679 975 693 1022 ;
722 967 776 1013 et
811 960 948 1013 sicut
981 976 1100 1014 cum
1131 972 1439 1017 extraneum
1468 974 1521 1018 et
1540 966 1772 1034 ignotum
1801 982 1985 1035 quem-

414 1045 555 1113 piam
581 1046 819 1101 videmus
838 1087 856 1114 ,
890 1049 1121 1105 solemus
1143 1052 1338 1118 dicere,
1367 1054 1494 1119 Quis
1515 1054 1600 1109 hic
1624 1056 1741 1109 est?
1769 1056 1835 1111 de
1860 1064 1986 1109 noto

420 1136 617 1204 quippe
658 1152 816 1191 nemo
862 1139 1202 1195 sciscitatur:
1233 1143 1312 1196 sic
1357 1144 1514 1196 etiam
1557 1152 1695 1197 terra
1733 1143 1983 1199 Servato-

414 1241 529 1280 rem
560 1226 743 1281 videns
788 1227 963 1282 divina
1014 1231 1208 1285 virtute
1246 1232 1522 1301 praiditum
1547 1274 1561 1297 ,
1613 1234 1887 1303 ventisque
1930 1244 1986 1289 et

414 1317 549 1372 mari
595 1317 978 1387 imperantem,
1030 1321 1198 1376 dicit:
1243 1323 1367 1389 Quis
1413 1335 1487 1376 est
1534 1325 1649 1391 hic,
1695 1326 1814 1394 quia
1852 1327 1985 1379 venti

416 1417 463 1461 et
499 1424 638 1463 mare
676 1408 910 1465 obediunt
938 1412 985 1465 ei
1015 1411 1226 1485 (Matth.
1256 1414 1307 1469 8.
1340 1415 1478 1483 27)?
1530 1416 1982 1483 Quemadmodum

410 1498 594 1568 itaque
634 1499 1016 1569 obstupescens
1051 1512 1189 1557 terra
1233 1503 1494 1558 clamabat
1533 1522 1547 1558 :
1580 1504 1703 1571 Quis
1742 1514 1814 1558 est
1857 1506 1985 1558 hic?

415 1586 492 1640 sic
517 1596 570 1641 et
589 1588 773 1642 caelum
800 1591 1197 1660 obstupescens,
1219 1592 1359 1662 quod
1394 1593 1446 1647 in
1469 1608 1625 1648 carne
1649 1593 1980 1648 divinitatem

413 1687 674 1745 cerneret,
706 1679 834 1735 dicit
856 1699 868 1732 :
904 1682 1026 1749 Quis
1052 1693 1121 1737 est
1150 1685 1241 1739 iste
1268 1684 1376 1739 Rex
1398 1685 1574 1756 gloria:
1594 1684 1762 1758 (Psal.
1785 1688 1873 1741 25.
1893 1686 1982 1757 8)?

488 1771 575 1826 16.
605 1771 671 1825 Et
694 1771 812 1827 vide
842 1772 987 1837 mihi,
1018 1791 1216 1843 qumso,
1249 1792 1359 1830 rem
1390 1777 1704 1832 mirabilem.
1736 1777 1981 1832 Salvator

413 1861 577 1924 venit,
603 1864 922 1933 veniensque
942 1864 1191 1935 Spiritum
1212 1877 1449 1923 sanctum
1476 1870 1669 1934 attulit,
1689 1869 1981 1924 ascendens

412 1967 607 2022 corpus
635 1962 871 2008 sanctum
901 1957 1101 2023 retulit,
1148 1966 1204 2011 ut
1246 1957 1395 2012 daret
1436 1958 1632 2013 mundo
1666 1960 1852 2030 pignus
1892 1973 1980 2013 sa-

413 2040 555 2105 lutis,
580 2040 807 2111 Spiritus
834 2045 999 2098 sancti
1034 2046 1300 2099 virtutem.
1335 2046 1538 2101 Rursus
1574 2047 1743 2102 eidem
1786 2048 1983 2102 mundo

413 2141 652 2187 sanctum
683 2149 875 2203 corpus
903 2135 1084 2189 salutis
1114 2137 1300 2206 pignus
1324 2151 1442 2192 esse
1464 2137 1605 2192 dicat
1623 2136 1979 2192 Christianus.

412 2222 547 2276 Cum
576 2222 676 2277 huc
694 2222 834 2289 dico,
865 2233 918 2278 et
948 2236 999 2279 te
1027 2224 1145 2279 dico
1165 2234 1216 2280 et
1255 2242 1675 2296 unamquamque
1702 2242 1979 2297 personam

412 2310 784 2366 Christianam.
810 2314 921 2385 Ego
945 2314 1276 2369 Christianus
1297 2330 1413 2370 sum
1439 2325 1494 2371 et
1514 2317 1607 2371 Dei
1638 2332 1754 2372 sum
1780 2335 1793 2370 :
1816 2332 1981 2387 quare
2018 2351 2035 2362 ο

414 2404 554 2458 hoc?
588 2403 841 2474 Spiritum
881 2416 1118 2461 sanctum
1160 2408 1226 2462 de
1266 2407 1399 2462 cmlo
1432 2408 1757 2463 descendens
1788 2408 1976 2462 habeo.

413 2493 507 2547 Vis
549 2493 694 2548 aliud
732 2495 1022 2550 iudicium?
1059 2497 1251 2568 Accepi
1292 2497 1545 2565 Spiritum
1596 2499 1687 2552 Dei
1731 2498 1797 2553 de
1827 2499 1976 2560 caelo,

419 2586 609 2655 pignus
637 2600 812 2640 meum
842 2586 1011 2642 habeo
1036 2596 1263 2642 certum.
1299 2588 1571 2653 Quodnam
1602 2589 1821 2658 pignus?
1849 2587 1905 2642 Ct
1929 2604 1981 2642 r-

411 2691 510 2747 pus
538 2676 651 2745 ejus
675 2691 882 2732 sursum
906 2688 1015 2743 est;
1043 2678 1269 2748 Spiritus
1288 2680 1402 2747 ejus
1428 2680 1680 2734 deorsum
1701 2679 1837 2750 apud
1860 2694 1976 2732 nos.

415 2766 721 2830 Dubitasne,
753 2766 1022 2835 haeretice,
1053 2784 1151 2822 nos
1191 2783 1310 2823 esse
1336 2769 1466 2823 Dei?
1495 2768 1674 2824 Genus
1703 2784 1863 2822 unum
1905 2767 1980 2821 [ει-

410 2866 552 2913 ctum
577 2867 661 2913 est
698 2858 788 2913 Dei
817 2868 974 2928 atque
1019 2858 1308 2914 hominum.
1349 2858 1801 2926 Quemadmodum
1837 2861 1978 2913 enim

411 2955 688 3017 separatas
708 2955 888 3017 partes
911 2948 1081 3018 jungit
1104 2949 1368 3017 cognatio,
1394 2958 1445 3003 et
1476 2950 1537 3013 is,
1564 2949 1650 3017 qui
1679 2950 1977 3018 quempiam

412 3052 519 3092 non
545 3039 711 3103 novit,
753 3054 817 3094 ex
864 3039 1018 3093 unius
1059 3039 1160 3092 viri
1200 3054 1319 3093 cum
1364 3040 1588 3095 muliere
1612 3040 1979 3108 ennjnuctione

410 3127 546 3181 duas
573 3127 793 3182 familias
824 3137 960 3183 totas
983 3128 1193 3197 cepulat
1216 3129 1283 3182 ita
1312 3137 1363 3181 ut
1396 3128 1482 3181 ille
1503 3128 1868 3192 consobrinus,
1892 3129 1980 3184 ille

410 3217 699 3272 avunculus
725 3219 1105 3272 constituatur:
1136 3218 1213 3272 sic
1231 3216 1442 3272 Christo
1467 3232 1678 3272 carnem
1707 3232 1983 3272 assumen-

414 3318 485 3374 te,
518 3323 612 3378 per
638 3322 852 3363 carnem
880 3317 986 3363 tota
1018 3308 1275 3376 Ecclesia,
1307 3308 1501 3363 Christi
1538 3320 1757 3379 cognata
1792 3310 1977 3365 effecta

411 3408 493 3452 est
525 3413 542 3452 :
571 3398 760 3452 Paulus
797 3408 879 3454 est
918 3398 1110 3453 Christi
1147 3407 1421 3469 cognatus,
1467 3399 1651 3453 Petrus
1684 3399 1831 3463 item,
1859 3416 1978 3455 om-

411 3488 600 3557 nisque
621 3487 810 3556 lidelis,
837 3503 935 3541 nos
953 3502 1158 3554 omnes,
1187 3488 1357 3556 quivis
1384 3488 1518 3556 pius.
1551 3487 1672 3542 Ideo
1692 3488 1817 3555 dicit
1837 3489 1980 3543 Pau-

412 3575 517 3642 lus,
546 3575 712 3630 Genus
743 3593 860 3646 ergo
888 3592 1001 3629 cum
1025 3577 1181 3630 simus
1220 3576 1312 3630 Dei
1332 3578 1464 3645 (Act.
1508 3578 1593 3631 17.
1634 3577 1748 3646 29).
1784 3582 1849 3631 At
1879 3580 1976 3633 etsi

409 3666 574 3720 sciam
600 3681 701 3737 qua
748 3675 924 3722 mente
964 3668 1013 3721 id
1058 3667 1255 3722 dictqu
1300 3669 1387 3733 sit,
1430 3684 1533 3723 non
1565 3670 1616 3724 in
1658 3684 1821 3740 scopo
1849 3672 1976 3727 mihi

409 3765 513 3822 est,
542 3767 700 3813 totam
729 3759 854 3812 dicti
905 3759 1161 3814 rationem
1206 3769 1256 3813 et
1300 3775 1513 3815 sensum
1544 3762 1852 3831 explorare;
1882 3764 1975 3819 sed

411 3847 461 3900 id
491 3847 661 3901 solum
688 3847 880 3912 dicam,
908 3848 1123 3902 Paulum
1150 3864 1316 3917 genus
1346 3850 1471 3904 illud
1503 3850 1730 3906 ﬁrmare.
1764 3852 1826 3906 Et
1851 3853 1975 3907 alibi

410 3952 618 3992 rursum
640 3954 657 3993 :
686 3936 795 3991 Nos
814 3955 984 3992 sumus
998 3954 1180 4008 corpus
1196 3938 1399 4001 Christi,
1426 3949 1472 3994 et
1499 3943 1718 3994 membra
1733 3958 1795 3995 ea:
1815 3953 1970 4011 parte,

408 4040 472 4078 ea:
498 4040 647 4078 carne
669 4026 779 4096 ejus
802 4027 876 4098 (1.
905 4025 1021 4080 Cor.
1046 4027 1133 4080 12.
1162 4027 1275 4096 27).
1306 4028 1516 4082 Scilicet
1535 4040 1749 4098 propter
1763 4047 1974 4086 carnem

408 4133 568 4186 quam
594 4119 880 4188 assumpsit
903 4117 1112 4189 cognati
1149 4118 1263 4188 ejus
1299 4133 1501 4175 sumus.
1530 4121 1792 4175 Habemus
1821 4123 1977 4191 igitur

411 4209 602 4279 pignus
627 4210 743 4278 ejus
768 4224 1001 4275 sursum,
1048 4211 1294 4265 nimirum
1322 4225 1514 4280 corpus
1549 4212 1686 4281 quod
1716 4228 1780 4267 ex
1822 4213 1975 4268 nobis

407 4300 720 4367 assumpsit;
744 4309 797 4352 et
826 4299 877 4351 in
902 4306 1040 4353 terra
1063 4298 1312 4368 Spiritum
1330 4308 1566 4354 sanctum
1589 4300 1877 4355 nobiscum.
1907 4302 1976 4356 Et

408 4389 530 4445 vide
556 4404 669 4444 rem
705 4390 1027 4454 mirabilem;
1056 4406 1161 4443 non
1196 4391 1314 4443 dico
1338 4390 1476 4460 quod
1502 4391 1728 4459 Spiritus
1754 4391 1976 4446 descen-

408 4480 546 4535 derit
570 4479 638 4534 de
660 4480 814 4543 celo,
840 4489 893 4534 et
930 4494 1034 4533 non
1078 4480 1212 4534 ultra
1239 4480 1309 4535 sit
1337 4480 1388 4533 in
1428 4481 1579 4544 catlo,
1606 4488 1659 4535 et
1686 4482 1825 4550 quod
1859 4497 1976 4535 mu-

407 4573 531 4629 tatis
554 4571 786 4632 sedibus.
816 4586 1008 4641 corpus
1023 4571 1231 4637 cmlum,
1254 4571 1480 4641 Spiritus
1509 4581 1700 4627 terram
1731 4581 1971 4644 occupet;

407 4662 503 4718 sed
532 4662 672 4733 quod
698 4662 922 4730 Spiritus
944 4662 1015 4715 sit
1054 4662 1346 4725 nobiscum,
1391 4671 1443 4715 et
1470 4663 1680 4731 ubique,
1709 4673 1763 4717 et
1790 4664 1842 4716 in
1867 4679 1974 4717 cte-

407 4754 499 4806 Io:
531 4768 674 4820 nam,
704 4753 820 4819 Quo
840 4752 940 4818 ibo,
960 4752 1145 4822 inquit,
1178 4752 1420 4822 aSpiritu
1437 4764 1520 4807 tuo
1538 4752 1706 4825 (Psal.
1739 4755 1858 4809 {38.
1892 4754 1975 4824 7)?

407 4844 611 4915 Ecquid
653 4845 859 4898 miraris
883 4843 928 4899 si
971 4843 1196 4913 Spiritus
1242 4846 1309 4898 sit
1346 4845 1618 4900 nobiscum
1650 4855 1706 4899 et
1740 4861 1971 4911 sursum,

408 4932 625 5002 quando
651 4933 811 4987 etiam
841 4947 1035 5002 corpus
1056 4932 1251 4988 Christi
1289 4942 1373 4989 est
1403 4942 1456 4988 et
1478 4949 1684 4989 sursum
1713 4944 1765 4990 et
1796 4935 1974 4990 nobis-

405 5023 566 5076 cum?
594 5022 785 5075 llabuit
806 5022 989 5075 caelum
1015 5032 1254 5077 sanctum
1269 5038 1489 5093 corpus;
1516 5028 1745 5093 suscepit
1765 5036 1817 5080 et
1835 5035 1974 5082 terra

406 5123 644 5167 sanctum
667 5112 955 5181 Spiritum;
986 5113 1126 5166 venit
1164 5112 1406 5168 Christus
1430 5122 1484 5169 et
1524 5115 1697 5169 attulit
1719 5115 1971 5185 Spiritum

408 5214 669 5268 sanctum,
688 5204 929 5260 ascendit
952 5204 1191 5258 Christus
1219 5216 1270 5259 et
1300 5206 1480 5259 retulit
1506 5214 1742 5261 nostrum
1759 5220 1970 5276 corpus.

409 5292 703 5364 Videreque
725 5302 838 5349 erat
866 5292 1144 5359 imaginem
1183 5292 1367 5347 Adami
1402 5295 1453 5347 in
1498 5295 1740 5363 sepulcro
1790 5296 1973 5349 huma-

409 5395 538 5452 tam,
565 5401 669 5439 non
710 5384 846 5439 ultra
885 5398 1004 5437 cum
1041 5383 1241 5452 angelis
1284 5393 1646 5453 apparentem,
1674 5385 1767 5439 sed
1812 5400 1974 5453 super

404 5476 621 5543 angelos
639 5489 758 5528 cum
787 5473 896 5528 Deo
920 5472 1211 5538 sedentem,
1243 5483 1298 5525 ut
1338 5482 1392 5526 et
1421 5489 1518 5527 nos
1544 5474 1659 5542 ejus
1683 5490 1841 5543 opera
1874 5475 1969 5544 ipsi

406 5566 779 5620 assideremus.
806 5563 851 5616 Ο
873 5560 1196 5619 tremendam
1220 5569 1273 5619 et
1294 5562 1603 5631 stupendum
1624 5562 1972 5631 dispensatio.

412 5655 563 5712 nem!
592 5671 628 5711 ο
657 5668 902 5723 magnum
925 5667 1100 5722 regem
1129 5666 1223 5722 per
1249 5654 1422 5707 omnia
1461 5668 1727 5724 magnum,
1759 5655 1828 5708 ita
1858 5671 1966 5708 ma-

1119 296 1185 350 1N
1223 298 1684 354 ASCENSIONEM
1717 302 1778 355 Β.
1820 300 1882 355 Ν.
1925 299 1976 355 J.
2014 302 2073 356 C.
2120 301 2206 357 ET
2236 302 2302 357 IN
2341 304 2625 363 PRINCIP.
2656 307 2810 363 ACT.
2851 310 2915 363 ll.

3552 316 3655 374 790

2093 430 2277 484 gnum,
2306 418 2537 488 inquam,
2562 428 2616 475 et
2644 422 2935 477 mirabilem
2958 425 2971 478 !
2994 425 3167 493 Atque
3189 434 3245 480 ut
3269 427 3342 482 ait
3366 429 3655 498 propheta:

2089 505 2307 561 Domine
2344 508 2589 565 Dominus
2617 522 2816 579 noster,
2861 531 3011 585 quam
3054 516 3351 572 admirabile
3386 530 3457 573 est
3482 537 3661 575 nomen

2090 605 2233 651 tuum
2259 599 2311 652 in
2341 600 2569 654 universa
2609 603 2781 656 terra!
2803 605 3037 672 quoniam
3081 607 3266 660 elevata
3304 616 3376 661 est
3422 612 3659 680 magniﬁ-

2089 690 2251 743 centia
2277 699 2363 743 tua
2384 709 2536 762 super
2562 695 2710 749 etzlos
2739 694 2904 765 (Psal.
2928 697 2981 750 8.
3011 696 3090 766 2).
3125 699 3338 753 Elevata
3367 709 3445 753 est
3470 699 3662 754 divini-

2090 786 2207 844 tas;
2237 781 2365 848 ipsis
2404 782 2574 836 verbis
2601 783 2792 837 dicitttr
2816 806 2829 841 :
2875 785 3161 841 Videntibus
3189 788 3292 841 illis
3319 788 3542 843 eleuatus
3565 801 3657 855 est,

2090 871 2177 939 qui
2206 872 2493 926 semiudum
2525 876 2698 928 omnia
2730 892 2969 945 magnus,
3007 893 3226 947 magnus
3256 879 3412 944 Deus,
3440 895 3661 949 magnus

2092 963 2344 1018 Dominus
2372 983 2385 1018 :
2418 965 2637 1036 Haquus
2682 967 2926 1021 Dominus
2951 978 2996 1023 et
3022 969 3289 1024 laudabilis
3310 973 3456 1026 nimis
3482 970 3655 1044 (Psal.

2088 1052 2178 1106 47.
2196 1050 2269 1124 2).
2300 1054 2352 1108 Si
2376 1070 2499 1109 vero
2524 1072 2742 1126 magnus
2770 1059 2904 1112 Deus
2926 1068 2979 1113 et
3006 1075 3222 1130 magnus
3244 1060 3514 1126 Dominus,
3540 1077 3657 1119 ma-

2088 1156 2222 1210 gnus
2248 1143 2403 1197 etiam
2432 1161 2520 1198 rex
2563 1155 2644 1199 est
2667 1187 2680 1209 ,
2712 1145 2821 1201 Rea:
2840 1164 3049 1217 magnus
3073 1166 3222 1218 super
3263 1166 3455 1203 omnem
3477 1160 3659 1204 terram

2092 1231 2139 1289 (Ι
2147 1231 2275 1299 bid).
2301 1232 2497 1286 Montes
2520 1233 2668 1298 Sion,
2702 1236 2858 1289 latera
2884 1238 3155 1305 aquilonis,
3189 1240 3362 1292 civitas
3388 1241 3518 1310 regis
3548 1257 3660 1294 rna-

2089 1336 2173 1389 gm
2205 1319 2308 1390 (Ib.
2333 1337 2379 1373 υ.
2414 1323 2487 1390 5).
2534 1322 2749 1392 Magnus
2790 1325 3075 1393 propheta,
3120 1342 3336 1396 magnus
3382 1329 3647 1393 sacerdos,

2089 1424 2335 1478 magnum
2374 1410 2570 1477 lumen,
2602 1413 2887 1466 secundum
2935 1415 3107 1467 omnia
3141 1431 3379 1485 magnus.
3409 1419 3661 1486 Semper-

2089 1517 2192 1569 que
2221 1501 2488 1570 Scriptura
2536 1519 2778 1573 maguum
2808 1505 3091 1573 prmdicat;
3125 1516 3176 1560 ut
3206 1521 3323 1560 cum
3365 1508 3555 1562 Paulus
3577 1508 3660 1561 di-

2088 1592 2160 1644 cit
2186 1609 2198 1644 :
2226 1591 2402 1661 Magni
2426 1591 2522 1645 Dei
2567 1604 2613 1647 et
2658 1594 2938 1648 Saluatoris
2968 1597 3126 1649 nostri
3166 1595 3291 1651 Iesu
3317 1596 3500 1652 Christi
3531 1597 3656 1670 (Tit.

2088 1681 2141 1736 2.
2176 1680 2301 1755 15);
2328 1684 2769 1752 quemadmodqu
2800 1694 2855 1739 et
2881 1687 3039 1739 David
3083 1688 3211 1741 dicit
3248 1705 3261 1741 :
3306 1688 3529 1758 Magnus
3558 1688 3660 1743 Do-

2088 1775 2255 1826 minus
2282 1783 2328 1826 et
2365 1774 2630 1829 laudabilis
2658 1777 2824 1829 nimis.
2874 1777 3091 1845 Magnus
3130 1793 3243 1840 rex,
3274 1793 3494 1846 magnus
3533 1794 3657 1848 pro-

2087 1863 2244 1932 pheta
2274 1882 2288 1918 :
2318 1880 2435 1918 cum
2466 1866 2604 1919 enim
2658 1867 2906 1920 miracula
2952 1867 3131 1921 ederet
3171 1867 3361 1933 Jesus,
3409 1867 3655 1923 dicebant

2089 1953 2256 2006 turba:
2294 1952 2429 2022 vulgi
2465 1971 2478 2007 :
2527 1952 2784 2023 Propheta
2824 1971 3033 2024 magnus
3077 1957 3291 2009 surrexit
3332 1956 3382 2008 in
3408 1956 3567 2022 nobis,
3610 1967 3657 2011 et

2091 2043 2224 2098 Deus
2248 2044 2460 2099 uisitauit
2490 2046 2679 2113 plebem
2708 2063 2848 2098 suam
2886 2046 3035 2115 (Luc.
3081 2047 3131 2099 7.
3181 2047 3288 2118 16).
3347 2047 3458 2101 Νοη
3499 2047 3657 2102 modo

2086 2142 2259 2188 autem
2288 2134 2577 2189 secundum
2606 2133 2932 2190 divinitatem
2968 2152 3206 2205 magnus,
3248 2137 3340 2192 sed
3367 2136 3523 2191 etiam
3566 2151 3653 2191 se-

2085 2226 2314 2281 cundum
2341 2242 2553 2281 carnem
2581 2246 2595 2283 :
2622 2226 3059 2297 quemadmodum
3082 2229 3222 2283 enim
3246 2228 3386 2282 Deus
3411 2243 3649 2297 magnus,

2088 2317 2338 2371 Dominus
2363 2330 2603 2387 magnus,
2634 2325 2688 2371 et
2715 2332 2807 2371 rex
2838 2331 3057 2386 magnus
3088 2326 3168 2371 est
3208 2317 3494 2371 secundum
3521 2317 3655 2369 divi-

2084 2407 2301 2460 nitatem
2329 2422 2343 2458 :
2375 2406 2444 2459 ita
2487 2420 2669 2459 rursus
2694 2414 2748 2459 et
2777 2421 2994 2474 magnus
3030 2405 3276 2459 sacerdos
3296 2445 3310 2466 ,
3347 2412 3403 2459 et
3437 2420 3656 2475 magnus

2086 2495 2359 2566 propheta.
2388 2495 2665 2561 Quomodo
2692 2495 2854 2548 illud?
2880 2495 2968 2549 Ait
3010 2495 3203 2550 Paulus
3231 2515 3244 2547 :
3276 2494 3527 2549 Habentes
3552 2497 3654 2548 ita-

2084 2602 2178 2654 que
2200 2586 2483 2655 pontiﬁcem
2505 2601 2741 2655 magnum
2762 2586 2846 2654 qui
2874 2586 3145 2655 penetravit
3173 2585 3320 2639 celos
3355 2585 3528 2639 Jesum
3559 2584 3654 2638 Fi-

2085 2675 2206 2728 lium
2232 2673 2347 2739 Dei,
2371 2684 2590 2728 tenemus
2613 2675 2971 2744 confessionem
2997 2684 3219 2727 nostram
3240 2672 3421 2745 (Hebr.
3453 2675 3506 2728 4.
3540 2674 3651 2743 Η).

2084 2761 2141 2817 Si
2169 2771 2343 2816 autem
2375 2761 2606 2829 pontifex
2637 2776 2855 2829 magnus
2883 2770 2936 2815 et
2966 2761 3220 2830 prepheta
3250 2776 3490 2828 magnus,
3522 2777 3647 2816 vere

2087 2852 2313 2906 visitavit
2341 2851 2479 2903 Deus
2516 2850 2717 2918 plebem
2748 2863 2917 2912 suam,
2945 2857 2999 2902 et
3031 2850 3301 2903 suscitavit
3342 2849 3649 2919 prophetam

2087 2956 2335 3010 magnum
2368 2941 2419 2994 itt
2448 2940 2626 2993 Israel.
2653 2939 2804 3006 Quod
2825 2940 2869 2993 si
2898 2954 3117 3009 magnus
3138 2948 3218 2995 est
3241 2940 3513 3010 propheta,
3536 2959 3649 2995 ma-

2082 3046 2216 3102 gnus
2244 3031 2521 3093 sacerdos,
2564 3045 2658 3084 rex
2695 3044 2934 3098 magnus,
2974 3030 3060 3083 lux
3104 3032 3262 3083 etiam
3303 3045 3489 3100 tnagna
3526 3039 3647 3086 est:

2085 3120 2297 3175 Galiltea
2318 3121 2558 3190 gentium,
2598 3121 2815 3188 populus
2851 3119 2937 3182 qui
2976 3118 3174 3172 sedebat
3200 3120 3250 3171 in
3277 3119 3506 3185 tenebris,
3532 3120 3651 3173 vidit

2082 3216 2238 3270 lucem
2260 3230 2491 3284 magnam
2522 3212 2669 3280 (lsai.
2701 3212 2753 3267 9.
2784 3212 2837 3265 1.
2870 3210 2967 3281 9.);
3013 3211 3119 3265 into
3159 3219 3212 3264 et
3236 3211 3350 3264 dies
3390 3210 3504 3280 ejus
3542 3227 3651 3266 Ina-

2081 3319 2236 3375 gnus,
2263 3314 2321 3358 ut
2347 3304 2419 3357 ait
2463 3302 2715 3372 propheta
2757 3320 2770 3354 :
2814 3301 3091 3369 Antequam
3133 3300 3295 3354 veniat
3320 3301 3424 3355 dies
3451 3299 3651 3355 Domini

2083 3413 2295 3468 magnus
2321 3405 2369 3449 et
2397 3395 2648 3448 horribilis
2682 3392 2821 3454 (Ιοεί
2856 3391 2910 3445 2.
2939 3389 3051 3459 51).
3097 3389 3227 3445 Cum
3283 3389 3510 3460 undique
3535 3406 3651 3445 ma-

2080 3502 2240 3557 gnum
2263 3484 2445 3540 audias
2474 3493 2528 3539 et
2567 3498 2752 3553 magna
2779 3497 2898 3537 esse
2923 3495 3084 3550 opera
3128 3480 3262 3550 ejus,
3300 3480 3439 3535 unde
3470 3481 3560 3535 tibi
3597 3481 3647 3534 iu

2082 3587 2311 3634 mentem
2333 3576 2495 3642 venit,
2527 3590 2560 3630 ο
2587 3574 2852 3637 ltmretice,
2885 3572 3194 3627 scissionem
3225 3571 3416 3635 facere,
3448 3581 3501 3625 et
3530 3586 3643 3623 ma-

2081 3687 2240 3741 gnum
2285 3670 2430 3724 illum
2481 3666 2761 3721 minuere?
2801 3665 3100 3720 Habeamus
3140 3664 3296 3733 igitur
3320 3666 3505 3731 pignus
3529 3662 3647 3714 vita:

2083 3772 2278 3817 nostra:
2318 3761 2370 3814 in
2399 3760 2567 3825 cwlo;
2599 3757 2853 3823 assumpti
2895 3770 3077 3810 sumus
3114 3769 3217 3809 una
3257 3768 3375 3807 cum
3414 3750 3643 3806 Christo.

2081 3853 2284 3907 Rursus
2308 3859 2454 3906 certe
2479 3850 2743 3918 rapiemur
2773 3850 2824 3901 in
2852 3846 3097 3909 nubibus,
3126 3845 3169 3899 si
3192 3844 3333 3913 digni
3370 3843 3645 3908 fuerimus,

2080 3943 2166 4013 qui
2198 3943 2268 3996 illi
2296 3942 2347 3996 in
2371 3941 2591 3995 nubibus
2613 3940 2819 3993 obviam
2841 3939 3129 3992 veniamus.
3156 3935 3294 3991 Reus
3313 3950 3414 3990 non
3437 3934 3643 3989 obviam

2079 4034 2223 4089 venit
2243 4032 2426 4102 judici,
2468 4030 2563 4086 sed
2610 4045 2788 4085 coram
2826 4043 2890 4083 eo
2927 4029 3150 4092 sistitur,
3181 4041 3279 4082 nec
3303 4028 3531 4082 occurrit
3569 4027 3642 4081 illi

2079 4139 2347 4195 umquam,
2379 4131 2560 4191 utpote
2584 4122 2670 4191 qui
2699 4121 2871 4174 minus
2896 4119 3087 4174 habeat
3112 4118 3313 4174 lidueiae
3362 4118 3645 4172 l’recemur

2080 4217 2254 4286 itaque
2276 4223 2330 4268 et
2357 4229 2455 4267 nos
2479 4224 2685 4278 euntes,
2720 4210 3000 4274 carissimi,
3031 4220 3090 4263 ut
3127 4208 3292 4263 simus
3331 4223 3392 4265 ex
3422 4222 3645 4265 numero

2079 4319 2262 4360 eorum
2292 4303 2381 4373 qui
2419 4302 2518 4371 ipsi
2547 4302 2753 4356 obviam
2794 4300 3026 4362 venient,
3058 4298 3179 4352 licet
3229 4298 3279 4350 in
3330 4296 3518 4349 minori
3559 4310 3644 4349 or-

2078 4393 2222 4449 dine.
2254 4393 2320 4448 Ut
2340 4392 2481 4447 enim
2508 4391 2544 4445 ii
2574 4393 2662 4461 qui
2695 4390 2800 4461 regi
2829 4396 3135 4454 occurrunt,
3162 4385 3366 4441 etiamsi
3397 4400 3499 4437 non
3531 4399 3642 4436 ont-

2080 4497 2175 4537 ues
2200 4482 2311 4552 pari
2340 4481 2391 4535 in
2415 4480 2617 4535 honore
2643 4479 2768 4543 sint,
2800 4476 3088 4531 honoriﬁce
3111 4486 3284 4529 tamen
3313 4474 3645 4541 excipiuntur

2078 4573 2144 4627 ab
2165 4587 2230 4627 eo
2262 4590 2276 4626 :
2303 4570 2379 4626 sic
2404 4571 2505 4625 erit
2537 4582 2593 4624 et
2631 4567 2723 4623 illo
2757 4576 3010 4636 tempore.
3050 4563 3230 4634 Neque
3275 4563 3414 4617 enim
3457 4577 3643 4616 omnes

2078 4665 2263 4720 eodem
2302 4661 2511 4718 vivendi
2554 4675 2747 4731 genere
2798 4666 2921 4712 sunt
2968 4656 3090 4711 usi:
3133 4670 3251 4710 nam
3298 4652 3645 4723 Unusquisque

2080 4755 2352 4810 mercedem
2379 4769 2522 4808 suam
2553 4752 2782 4819 accipiet,
2830 4748 3102 4803 secundum
3143 4746 3401 4816 preprium
3425 4744 3643 4797 laborem

2079 4848 2156 4909 ll.
2182 4846 2300 4903 Cor.
2325 4848 2376 4900 5.
2405 4846 2482 4910 8).
2521 4844 2813 4912 Numquam
2854 4842 3029 4909 itaque
3075 4837 3387 4907 impediatur
3425 4834 3641 4889 verbum

2078 4914 2307 5002 Christi;
2338 4936 2431 4991 scd
2469 4950 2589 4990 cum
2615 4935 2833 4987 veritate
2861 4929 3102 4984 ﬁduciam
3146 4927 3433 4983 habeamus
3458 4940 3643 4979 omnes

2080 5030 2130 5081 in
2161 5028 2377 5081 caritate
2399 5024 2615 5084 Christi,
2664 5021 2911 5091 pepulnm
2961 5029 3252 5088 pascentes,
3281 5017 3484 5069 animas
3523 5015 3643 5067 irri-

2076 5126 2278 5186 gantes,
2306 5114 2495 5168 animis
2521 5112 2709 5175 divisi,
2754 5110 2844 5165 sed
2875 5107 3274 5179 cogitationibus
3319 5120 3423 5160 non
3466 5104 3639 5157 divisi.

2078 5207 2228 5261 Pacis
2259 5204 2502 5259 inimicus
2543 5202 2771 5272 judicem
2816 5200 2992 5253 habet.
3029 5198 3093 5251 Et
3131 5195 3398 5267 quoniam,
3430 5194 3640 5256 fratres,

2078 5294 2376 5349 hominibus
2426 5291 2638 5362 quidem
2675 5289 2850 5343 verbis
2895 5286 3289 5357 persuademus,
3329 5286 3434 5339 Deo
3465 5294 3639 5337 autem

2079 5387 2210 5441 tales
2238 5385 2494 5447 videmur,
2535 5382 2717 5451 quales
2756 5396 2959 5445 sumus,
2999 5377 3146 5432 testis
3188 5386 3269 5431 est
3314 5377 3402 5430 ille
3445 5375 3640 5445 cogita-

2077 5478 2274 5531 tionum
2311 5476 2598 5544 inSpector,
2632 5474 2719 5541 qui
2752 5470 3007 5525 rationem
3054 5477 3257 5537 repetet
3293 5467 3360 5522 ab
3386 5466 3448 5520 iis
3474 5464 3636 5517 nuuti-

2077 5566 2173 5620 bus
2193 5566 2280 5636 qui
2309 5562 2578 5619 mendacia
2600 5563 2903 5632 loquentur.
2934 5574 3030 5615 nos
3052 5574 3332 5627 numquam
3374 5556 3515 5625 pacis
3541 5553 3636 5606 ini-

2084 5658 2249 5710 unicos
2278 5670 2395 5711 esse
2427 5670 2521 5709 nec
2553 5653 2800 5718 voluisse,
2835 5667 2931 5706 nec
2961 5650 3113 5705 hodie
3139 5649 3290 5704 \‘rllt‘.
3320 5647 3445 5701 Nam
3474 5644 3517 5697 si
3538 5656 3635 5709 pa-
