4058 6222
428 249 532 304 πει

431 375 545 415 cem
571 353 979 427 perdiderimus,
1000 353 1193 409 inimici
1213 351 1413 408 erimus
1433 364 1615 406 eorum
1636 350 1723 422 qui
1752 366 1782 405 a
1803 349 2013 406 Christo

431 448 729 503 audierunt.
769 445 887 501 Pax
912 444 1067 498 vobis.
1095 444 1289 498 Verum
1319 442 1459 513 quod
1485 458 1668 513 pacem
1694 443 1939 509 velimus,
1962 449 2017 495 et

432 554 703 607 curemus,
737 548 791 595 et
813 536 1273 607 concupiscamus,
1303 536 1450 591 testis
1490 536 1581 591 ille
1609 537 1698 608 qui
1736 535 1912 602 novit;
1950 534 2018 592 de

1957 234 2227 292 SPURIA.

3598 237 3701 290 799

2118 361 2301 417 pacem
2344 346 2580 413 firmare,
2612 359 2796 415 pacem
2824 345 3116 400 decernere
3158 345 3297 399 inter
3325 344 3709 415 praedicatores

2118 446 2173 494 et
2199 437 2489 504 auditores,
2521 439 2657 492 inter
2681 428 2928 492 doctores
2954 448 3007 490 et
3035 435 3343 506 discipulos,
3377 445 3435 489 ut
3469 452 3565 505 per
3585 451 3707 489 om-

2121 531 2205 585 nia
2227 546 2259 585 a
2285 544 2413 600 pace
2437 530 2563 594 orsi,
2592 537 2645 585 et
2673 530 2725 583 in
2752 544 2880 600 pace
2905 527 3138 582 medium
3164 527 3535 598 transigentes,
3568 537 3625 583 et
3655 530 3712 583 in

434 631 654 700 reliquis
683 627 994 685 tacebimus.
1038 626 1169 680 Nam
1209 626 1301 697 qui
1338 627 1678 697 prmmiorum
1716 626 2016 696 largitorem
2124 637 2255 693 pace
2307 630 2704 692 perseverantes
2731 662 2746 686 ,
2797 622 2903 674 Deo
2934 619 3078 689 pacis
3119 618 3339 687 gloriam
3376 618 3709 685 referamus,

434 727 707 790 exspectat
741 717 929 784 Deum,
969 717 1035 772 ad
1065 732 1125 772 se
1152 717 1481 788 purgandum
1512 732 1618 772 non
1645 717 2020 773 contumeliam
2125 715 2269 771 Patri
2293 724 2346 770 et
2366 714 2501 769 Filio
2525 722 2579 767 et
2607 712 2822 783 Spiritui
2848 719 3053 779 sancto,
3077 726 3218 766 nunc
3237 718 3292 766 et
3314 724 3547 780 semper,
3571 720 3628 765 et
3658 712 3713 766 in

438 809 628 866 inferet
652 824 885 880 superno
905 809 983 864 illi
1013 808 1279 865 tribunali.
1306 808 1490 865 Potest
1508 808 1648 864 Deus
1663 822 1845 878 pacem
1867 807 2015 872 dare,
2126 804 2318 860 srecula
2343 804 2683 858 surculorum.
2715 806 2904 857 Amen.

446 1060 1177 1091 Μ

1570 1062 2860 1087 W

1688 1232 2421 1392 SPUBIA.

1784 1730 1946 1809 [776]
1974 1732 2348 1794 MONI‘I‘UM.

514 1897 660 1955 Inter
679 1897 892 1968 spurias
916 1896 1040 1969 jure
1093 1898 1353 1968 ablegata:
1381 1908 1510 1955 sunt
1555 1899 1641 1955 hae
1688 1900 1931 1971 quinque
1970 1901 2218 1955 Humilia:
2252 1901 2303 1953 in
2364 1898 2800 1968 Assumptionem
2858 1896 3097 1960 Domini,
3149 1913 3378 1966 quarunt
3441 1908 3678 1967 quatuor

444 1991 656 2061 priores
684 2006 715 2044 a
743 1989 965 2045 Morello
980 1990 1266 2060 publicata:
1297 2000 1426 2047 sunt
1451 1990 1620 2047 Tomo
1650 1990 1702 2057 6,
1749 1990 1937 2060 quinta
1964 2006 2137 2061 eaque
2166 1990 2485 2045 brevissima
2526 1990 2666 2060 apud
2704 1987 2967 2044 Savilium
3009 1988 3258 2042 habetur.
3291 1986 3395 2054 Qui
3435 1988 3680 2045 Savilius

442 2084 605 2138 etiam
640 2093 868 2153 excepta
900 2085 1076 2153 prima
1096 2083 1230 2137 alias
1260 2098 1451 2138 omnes
1472 2083 1659 2139 edidit.
1689 2084 1766 2138 Ex
1787 2099 2016 2138 numero
2036 2090 2216 2137 autem
2245 2062 2499 2136 videntur
2519 2095 2641 2136 esse
2654 2095 2841 2135 eorum
2883 2079 3070 2149 viginti
3111 2080 3279 2134 duum
3310 2079 3556 2134 brevium
3588 2081 3679 2133 λό-

444 2189 557 2240 γων
588 2174 641 2227 in
673 2174 1139 2244 Assumptionem,
1163 2190 1303 2244 quos
1338 2176 1973 2232 commemoratPhotius
2002 2177 2055 2231 in
2085 2175 2343 2231 Biblioth.
2378 2175 2513 2231 Cod.
2541 2176 2631 2231 25.

515 2263 746 2320 llomilia
794 2266 967 2335 prima
1004 2266 1162 2321 nobis
1201 2266 1594 2338 Chrysostomo
1621 2267 1839 2338 indigna
1875 2268 2090 2323 videtur
2121 2283 2241 2324 esse
2273 2282 2288 2320 :
2320 2269 2410 2323 hic
2463 2269 2608 2324 enim
2648 2273 2879 2341 scriptor
2917 2270 3335 2342 ἀπροσδιόνυσος
3366 2267 3437 2322 ab
3464 2266 3573 2318 alio
3606 2264 3677 2317 ad

443 2354 589 2409 aliud
624 2355 801 2425 inepte
825 2356 1063 2412 excurrit
1093 2373 1106 2408 :
1140 2358 1335 2410 namin
1360 2357 1682 2412 brevissima
1714 2356 1963 2411 oratione
2000 2358 2068 2411 ab
2111 2357 2501 2429 Assumptione
2552 2360 2766 2416 Domini
2805 2377 2987 2428 orsus,
3008 2362 3077 2416 ab
3114 2361 3217 2415 hoc
3245 2367 3575 2428 argumento
3605 2356 3676 2409 ad

444 2449 590 2503 aliud
627 2451 843 2516 transit,
880 2464 1070 2519 nempe
1117 2450 1181 2504 ad
1217 2451 1513 2517 apostolos,
1536 2450 1602 2505 ad
1638 2450 1865 2506 Paulum
1892 2451 2130 2506 maxime
2164 2470 2178 2506 :
2210 2467 2276 2507 ex
2307 2453 2538 2524 abrupto
2570 2464 2749 2510 autem
2786 2456 2852 2511 ad
2881 2457 3090 2525 alapam
3137 2454 3295 2523 jussu
3328 2453 3555 2507 Ananim
3588 2466 3681 2503 sa-

444 2539 724 2594 cerdotum
758 2540 1019 2610 principis
1049 2540 1216 2594 Paulo
1245 2539 1523 2594 incussam
1550 2540 1915 2609 progreditur,
1946 2548 2001 2595 et
2027 2541 2185 2611 quasi
2208 2543 2407 2611 prioris
2441 2544 2675 2599 instituti
2714 2545 2935 2608 oblitus,
2960 2545 3049 2599 hic
3077 2542 3229 2598 Pauli
3268 2541 3457 2595 laudes
3491 2540 3681 2592 multis

445 2635 702 2691 celebrat.
730 2632 905 2690 Voces
935 2648 1096 2703 porro
1130 2641 1412 2702 usurpata
1430 2632 1825 2703 Chrysostomo
1854 2633 1939 2686 vel
1962 2648 2243 2703 nunquam
2278 2634 2361 2688 vel
2405 2650 2597 2703 parum
2621 2636 3006 2707 frequentatas,
3034 2646 3090 2691 ut
3118 2631 3477 2696 ὲκονδύλιζον,
3504 2632 3675 2683 inter-

444 2730 710 2800 ﬁciebant,
776 2726 1048 2798 πλῆκτρον
1106 2725 1205 2794 τῆς
1265 2722 1431 2794 ζωῆς,
1481 2724 1736 2792 Plectrum
1795 2724 1940 2788 υῖιιτ.
1990 2738 2057 2792 (³1)

2117 2727 2267 2777 lieton
2321 2722 2508 2788 Pauli;
2563 2725 2997 2797 θεοκλητοῦντες.
3047 2725 3213 2779 Deum
3260 2725 3675 2787 invocantes;et

440 2820 563 2875 alia
596 2819 646 2873 id
669 2805 879 2889 fenus,
922 2831 1043 2886 qua:
1096 2815 1249 2885 plura
1288 2814 1528 2884 proferre
1559 2830 1876 2885 possemus,
1926 2813 2027 2867 nisi
2049 2814 2162 2882 jam
2198 2815 2469 2870 eonst‘arel
2496 2816 2598 2872 hoc
2624 2817 2946 2887 opusculum
2984 2831 3093 2871 non
3117 2831 3235 2870 esse
3267 2813 3661 2884 Chrysostomi.

512 2910 682 2965 Paulo
722 2909 963 2966 melioris
985 2917 1125 2962 nota:
1161 2915 1247 2962 est
1278 2908 1501 2962 humilia
1528 2908 1764 2965 secunda
1797 2926 1809 2963 :
1850 2907 1943 2962 sed
1972 2924 2093 2977 qua:
2118 2916 2296 2962 tamen
2332 2924 2440 2963 non
2468 2919 2654 2965 careat
2710 2911 3018 2981 suspicione
3048 2909 3257 2973 νοθείας
3289 2926 3301 2961 :
3345 2923 3464 2961 nam
3491 2908 3673 2961 liben-

444 3012 528 3058 ter
574 3001 895 3058 crediderim
941 3015 1064 3054 esse
1102 3009 1385 3054 centonem
1436 3017 1500 3056 ex
1539 3002 1703 3055 variis
1758 3000 2128 3071 Chrysostomi
2176 3001 2310 3057 locis
2367 3003 2825 3058 consarcinatum.
2865 3003 2924 3057 ln
2962 3002 3209 3056 Editione
3259 3009 3441 3053 autem
3482 2998 3674 3054 Savilii

442 3091 669 3145 habetur
702 3088 873 3143 Tomo
902 3089 955 3152 5,
990 3103 1043 3156 p.
1084 3087 1208 3153 975,
1249 3088 1286 3142 l.
1328 3090 1417 3154 57,
1453 3098 1507 3145 et
1550 3090 1833 3144 consuitur
1868 3107 1991 3145 cum
2046 3092 2212 3146 altera
2239 3092 2307 3147 de
2345 3092 2681 3150 Ascensione
2715 3094 2935 3148 humilia
2970 3092 3289 3148 brevissima
3317 3131 3334 3157 ,
3385 3089 3679 3144 manifeste

443 3182 653 3250 spuria,
676 3196 838 3250 quam
862 3188 1191 3248 postremam
1225 3181 1465 3235 omnium
1490 3182 1555 3235 de
1569 3181 2275 3237 Ascensionehomiliarum
2309 3183 2451 3237 infra
2482 3185 2772 3240 referimus
2821 3203 2835 3240 :
2868 3186 2920 3240 in
2966 3183 3153 3239 multis
3173 3190 3353 3238 autem
3392 3183 3590 3246 variat,
3621 3194 3681 3237 et

441 3274 643 3343 aliquot
665 3273 716 3327 in
747 3273 879 3329 locis
906 3289 1012 3328 non
1047 3273 1392 3330 mediocriter
1418 3274 1488 3330 ab
1509 3274 1610 3330 hac
1638 3276 1706 3331 de
1730 3293 1834 3346 qua
1866 3278 2074 3347 agimus
2095 3278 2387 3349 discrepat.
2420 3278 2572 3334 Unde
2594 3280 2795 3349 liqueat
2822 3279 2961 3335 hanc
2986 3280 3259 3335 homiliam
3291 3279 3460 3334 fuisse
3484 3278 3668 3332 diver-

439 3384 623 3425 sorum
654 3368 907 3426 manibus
957 3378 1263 3427 tractatam.
1316 3371 1450 3427 Esse
1487 3370 1670 3441 itaque
1700 3381 1983 3427 centonem
2028 3373 2298 3441 suspicor,
2346 3381 2407 3428 ut
2434 3373 2568 3437 dixi,
2602 3373 2769 3429 variis
2796 3388 2861 3427 ex
2910 3372 3283 3444 Chrysostomi
3327 3371 3457 3429 locis
3499 3371 3666 3425 ador-

1998 3494 2045 3505 σο

1539 3842 1659 3929 ΙΝ
1759 3839 2579 3930 ASCENSIONEM

1278 4098 1508 4143 DOMINI
1559 4097 1782 4141 NOSTRI
1816 4097 1962 4141 JESU
2004 4098 2282 4154 οηιιιετι,
2330 4099 2540 4143 ςΕιηιο
2582 4100 2834 4145 PRIMUS-

513 4504 636 4561 Tria
655 4522 869 4583 summe
891 4509 1196 4567 admiranda
1228 4522 1387 4582 atque
1414 4512 1671 4583 stupenda
1704 4555 1719 4578 ,
1754 4515 2011 4583 tempori-

655 4522 869 4596 suntme
891 4509 1196 4596 admiranda
1228 4522 1387 4596 atque
1414 4512 1671 4596 stupenda
1704 4555 1719 4578 ,
1754 4515 2011 4596 tempori-
2121 4513 2436 4596 inquitnduo
2456 4515 2549 4596 viri
2572 4515 3044 4596 αιέςςίῑςενςεηςλιιςια
3068 4512 3181 4596 illos
3210 4513 3265 4596 in
3288 4509 3698 4596 restibus-albis,

442 4574 540 4654 bus
560 4578 789 4654 antiquis
816 4579 988 4654 ignota
1017 4622 1055 4654 ,Α
1072 4574 1323 4651 superant
1348 4574 1558 4654 quidem
1591 4574 1792 4637 natum
1818 4574 2014 4654 nostra:

2119 4582 2207 4651 qui
2229 4592 2274 4637 ει
2290 4585 2574 4653 dixerunt:
2616 4583 2721 4637 Viri
2772 4583 2973 4638 Galilwi
2996 4626 3013 4649 ,
3053 4582 3174 4653 quid
3221 4583 3363 4637 statis
3405 4582 3709 4653 aspicientes

442 4648 602 4727 vires,
631 4649 742 4718 ipsa
757 4648 945 4727 tamen
976 4648 1194 4727 infracta
1227 4648 1539 4727 permanent
1568 4664 1625 4727 et
1647 4655 1899 4727 immota:
1932 4653 2015 4707 fu-

442 4718 650 4800 niculus
685 4719 826 4800 enim
881 4721 1071 4800 triplex
1114 4718 1243 4800 non'
1269 4722 1420 4777 facile
1461 4726 1737 4800 rumpitur.
1771 4725 1844 4778 Ea
1892 4739 2019 4800 yero

439 4797 564 4864 sunt
590 4806 604 4843 :
634 4793 868 4864 innupta:
898 4793 1084 4864 matris
1121 4793 1309 4850 Partus
1341 4835 1355 4859 ,
1398 4809 1462 4848 ex
1495 4793 1732 4848 triduana
1770 4793 2017 4864 passione

440 4854 820 4928 Resurrectio,
865 4862 1145 4933 carnisque
1194 4864 1244 4917 in
1297 4854 1486 4919 ca'lum
1535 4854 1812 4920 Ascensio.
1862 4864 2017 4920 Novit

441 4936 649 5007 tempus
675 4932 883 5007 steriles
913 4932 1204 5007 peperisse.
1237 4934 1329 4989 sed
1374 4950 1476 4989 non
1504 4936 1703 5007 absque
1743 4937 2016 5007 matrimo-

392 5031 396 5034 ι
440 4999 562 5075 niali
583 4999 954 5075 conjunctione
969 4999 1216 5075 {agnovit
1240 5015 1478 5060 mortuos
1498 5006 1563 5059 ad
1584 4999 1744 5060 vitam
1773 5006 2014 5070 rediisse,

438 5066 533 5120 sed
564 5083 669 5123 non
683 5066 764 5125 'ad
790 5066 1164 5143 sempiternam
1195 5092 1209 5140 ;
1233 5076 1447 5145 agnovit
1476 5078 1783 5145 prophetam
1807 5066 2017 5132 assum;

439 5145 586 5218 Ιιιξιηι
630 5155 769 5218 esse,
802 5146 893 5200 sed
918 5145 1203 5218 tamquam
1234 5148 1284 5200 in
1310 5147 1495 5218 caelum
1523 5164 1537 5202 :
1571 5157 1835 5218 Iamqnam
1871 5188 1885 5206 .
1914 5146 2018 5202 hoc

439 5213 550 5287 est,
595 5225 699 5264 non
742 5213 794 5287 in
837 5215 1025 5287 calum
1063 5213 1269 5270 rerum.
1301 5216 1570 5287 Siqundcm
1621 5213 1796 5272 lleltas
1843 5220 2017 5272 locum

438 5275 800 5362 loco-mutavit
827 5300 842 5336 :
873 5293 927 5362 at
950 5286 1199 5362 Salvator
1225 5275 1463 5362 ascen-dit
1488 5330 1501 5347 ,
1538 5288 1975 5362 undedescendit
1997 5329 2013 5353 ,

436 5349 620 5430 multis
640 5356 1121 5430 contemplantibus
1144 5357 1267 5430 viris
1289 5366 1444 5430 atque
1466 5357 1798 5430 mulieribus,
1815 5349 2015 5430 quens;

438 5433 543 5501 que
564 5420 996 5501 'innaltumﬁ'isus
1025 5420 1375 5501 imbecillitas
1400 5428 1522 5501 ferri
1570 5432 1738 5501 potuit
1769 5420 1791 5495 ,⁷
1813 5420 2017 5497 angelis

443 5491 575 5567 ipsis
623 5491 980 5567 ﬁdetnhuie
1006 5497 1313 5564 spectaculo
1366 5491 1725 5567 pra-bentilms
1751 5491 2014 5567 ,irsecun.

438 5559 670 5630 dumque.
694 5562 886 5619 Christi
916 5559 1201 5621 adventum
1238 5559 1842 5637 praenuntianlihusXEt
1872 5580 2006 5630 ecce,

2118 4650 2172 4706 in
2201 4652 2417 4709 cadum?
2447 4653 2547 4708 Hic
2571 4653 2741 4717 Jecur,
2764 4656 2850 4724 qui
2878 4650 3163 4721 assumptus
3199 4662 3271 4706 est
3303 4669 3335 4705 a
3374 4650 3513 4705 vobis
3534 4651 3589 4704 in
3615 4664 3706 4724 οφ-

2120 4725 2227 4778 lum
2245 4766 2259 4788 ,
2298 4725 2370 4779 sic
2409 4727 2565 4780 variet
2585 4765 2599 4790 ,
2630 4721 3049 4794 quenaddmodum
3078 4723 3271 4794 vidistis
3296 4739 3409 4794 eum
3433 4731 3634 4794 cantent
3652 4721 3713 4775 in

2118 4796 2301 4869 caelum
2328 4795 2473 4869 (Act.
2508 4791 2682 4869 l._10,
2708 4797 2769 4869 ll
2802 4795 2843 4869 ).
2872 4796 2918 4849 υ
2944 4805 3136 4869 quanta
3160 4792 3568 4869 benignissimus
3603 4791 3707 4869 ρος

2120 4862 2297 4938 minus
2324 4860 2536 4938 propter
2565 4860 2831 4938 improbos
2858 4860 3041 4919 servos
3073 4863 3168 4938 ,uiu
3201 4864 3427 4938 salutem
3435 4860 3655 4938 peregit
3684 4860 3698 4912 !

2119 4931 2392 4991 descendit
2417 4931 2448 4992 ὁ
2474 4931 2713 5000 caelis,'in
2731 4937 2892 4991 czclos
2907 4935 3163 4997 ascendit,
3185 4943 3239 4988 et
3253 4933 3318 4986 de
3333 4932 3479 4986 czeiis
3507 4931 3702 4988 iterum

2121 5016 2379 5061 venturus
2399 5017 2482 5063 est
2497 5023 2517 5060 ε
2547 5007 2641 5062 sed
2671 5020 2776 5075 quo
2796 5018 2952 5074 pacto
2975 5004 3270 5059 venturus?
3309 5001 3425 5075 Non
3450 5000 3553 5075 alia
3575 5015 3702 5075 qui-

2118 5076 2240 5147 dem
2265 5088 2533 5146 assumpta
2558 5070 2812 5147 persona,
2825 5075 2919 5147 sed
2945 5079 2994 5130 in
3024 5074 3191 5129 forma
3216 5073 3411 5131 carnis.
3433 5079 3488 5125 et
3517 5070 3701 5147 habitu

2118 5145 2387 5211 humano;
2420 5141 2524 5201 n—on
2550 5141 2723 5201 tamen
2755 5145 2975 5199 humilia
3013 5160 3173 5213 agens
3204 5154 3261 5197 ut
3285 5150 3471 5213 antea,
3501 5156 3609 5213 non
3644 5141 3699 5191 in

2084 5278 2089 5283 δ
2119 5230 2254 5271 nave
2278 5206 2548 5272 dormiens
2578 5258 2594 5282 ,
2628 5232 2733 5271 non
2763 5216 2827 5269 ad
2860 5206 3075 5285 puteum
3105 5214 3221 5267 suis
3263 5206 3692 5285 molestialabo-

2120 5300 2266 5352 rans,
2290 5300 2470 5354 neque
2494 5280 2652 5356 super
2678 5280 2877 5355 pullum
2898 5288 3063 5339 asina:
3088 5285 3301 5348 sedens,
3317 5282 3410 5336 sed
3436 5280 3694 5356 nullonu-

2119 5356 2200 5410 his
2225 5351 2446 5420 vectus;
2475 5351 2580 5412 non
2611 5351 2901 5426 piscatores
2925 5356 3195 5410 adducens
3213 5394 3237 5426 ,_
3261 5367 3442 5426 rerum
3482 5351 3699 5426 angelo:

2119 5442 2234 5480 rum
2282 5417 2535 5483 comitatu
2581 5417 2804 5497 stipatus
2834 5442 2992 5497 ;7non
3045 5435 3171 5497 ante
3220 5422 3413 5497 judicis
3465 5417 3694 5473 tribunal

2118 5499 2438 5552 («institutus
2466 5539 2482 5565 ,
2510 5498 2601 5553 sed
2647 5494 2757 5566 ipse
2783 5496 3030 5565 judicans
3056 5495 3190 5566 lines
3218 5494 3363 5566 orbis
3385 5502 3648 5566 terrarum
3676 5527 3693 5551 ,

2120 5568 2352 5638 ipsisque
2379 5560 2726 5638 piscatoribus
2744 5560 3058 5635 potestatem
3074 5561 3403 5632 iudiciariam
3430 5560 3694 5630 praeimus;
