4058 6222
356 292 460 346 ’ἷυό

391 412 800 469 uemadmodmn
826 422 880 467 et
917 411 1032 481 ipse
1052 412 1205 469 docet
1234 453 1250 480 ,
1280 410 1345 468 ad
1382 414 1674 482 discipulos
1702 412 1888 468 dicens
1913 431 1925 466 :

367 482 479 538 Cum
503 484 685 538 sederit
713 482 881 538 Filius
892 483 1106 553 hominis
1126 486 1176 536 in
1196 483 1311 537 sede
1332 485 1608 553 majestatis
1633 500 1757 546 stuc,
1784 486 1929 537 sede-

350 556 466 609 bitis
495 564 539 608 et
567 570 653 624 eos
686 569 847 624 super,
860 553 999 607 sedes
1021 552 1283 608 duodecim
1315 596 1328 618 ,
1349 552 1640 623 ju'dicantes
1667 555 1930 624 duodecim

352 626 511 679 tribus
562 623 727 695 Isr_ttel
751 622 773 695 (
799 622 988 679 Matth.
1013 623 1098 679 19.
1125 624 1196 678 ‘28
1227 624 1281 693 );
1310 622 1376 678 ad
1417 624 1630 679 Judrcos
1678 640 1842 678 vero:
1868 623 1930 678 Si

348 706 518 749 autem
547 697 599 747 in
626 693 903 748 Beelsebttb
949 711 1039 763 ego
1078 695 1225 764 ejicio
1255 696 1505 748 dwmonia
1536 736 1549 760 ,
1581 697 1674 763 ﬁlii
1700 696 1848 748 vestri
1875 696 1928 747 in

347 783 447 835 quo
469 767 676 837 ejiciuut
699 764 723 817 ?
743 774 1005 837 propterea
1032 765 1127 833 ipsi
1135 765 1335 836 judices
1359 768 1513 837 vestri
1536 776 1681 820 erunt
1712 764 1925 837 (Matth.

348 836 436 891 1‘3.
470 835 573 906 ΞΤ)
604 850 619 889 :
649 835 1073 906 quandoquidem
1100 835 1219 889 cum
1258 851 1320 889 ex
1351 836 1547 890 .luda-is
1576 835 1753 906 essent
1779 876 1793 899 ,
1822 850 1926 889 non

347 904 628 975 sapiebant
654 921 717 959 ea
744 921 861 974 qua:
883 904 1184 959 inda-orum
1209 918 1362 960 erant
1390 947 1405 969 ,
1453 906 1546 961 sed
1573 904 1768 960 ChriSIi
1805 921 1930 974 sup-

348 978 499 1044 plicia
535 1018 550 1039 ,
585 976 803 1044 ejusque
828 977 1068 1044 stigmata
1100 977 1338 1042 cognatis
1368 978 1477 1029 suis
1506 976 1928 1030 interfectoribus

351 1046 560 1101 Domini
589 1046 951 1115 praetulerunt.
969 1045 1099 1100 Rem
1131 1062 1371 1115 magnam
1397 1056 1551 1114 atque
1579 1046 1923 1114 stupendam!

346 1117 658 1170 inusitatum
684 1117 866 1184 jadicii
909 1131 1077 1185 genus
1093 1118 1116 1168 ?
1149 1118 1466 1184 piscatorem
1514 1118 1754 1184 aspicere
1780 1116 1925 1185 judi-

344 1196 576 1250 cantem,
609 1197 662 1239 et
690 1186 1009 1239 Pharismum
1037 1186 1294 1253 judicari;
1325 1187 1784 1241 tabernaculorum
1814 1187 1930 1255 opi-

347 1258 499 1311 ficem
518 1256 848 1311 confidenter
875 1256 1149 1310 sedentem
1174 1298 1188 1319 ,
1217 1267 1272 1311 et
1299 1273 1563 1313 summum
1594 1255 1924 1312 sacerdotem

343 1342 467 1380 cum
495 1327 737 1394 SllSpil‘ilS
761 1326 1015 1394 judicium
1042 1325 1378 1381 subeuntem.
1409 1327 1514 1381 Cur
1538 1329 1678 1381 enim
1703 1328 1927 1381 Domino

346 1397 399 1450 iu
428 1398 613 1451 faciem
637 1398 816 1464 alapas
850 1397 1183 1465 impcgernut
1205 1439 1219 1461 ,
1249 1407 1513 1466 caputque
1536 1398 1878 1452 verberarunt
1906 1439 1920 1456 .

346 1476 398 1521 et
414 1467 628 1522 demum
654 1466 906 1521 heredem
928 1466 1098 1531 ipsum
1126 1478 1271 1521 extra
1293 1470 1500 1522 vineam
1527 1467 1928 1522 interfecerunt?

347 1551 445 1592 cur
493 1538 705 1591 Petrum
745 1537 810 1589 ad
858 1551 1125 1592 carcerem
1182 1548 1451 1591 ιτειχονιηιι
1484 1581 1497 1599 ,
1544 1538 1707 1592 Paulo
1747 1548 1923 1592 autem

346 1608 713 1677 quadragenas
732 1648 747 1672 ,
777 1623 879 1660 una
906 1606 1098 1673 minus,
1128 1607 1306 1678 plagas
1333 1609 1636 1662 indixerunt
1661 1610 1685 1659 Ἰ
1713 1607 1850 1675 Quin
1874 1617 1927 1662 et

344 1678 688 1731 admirandus
714 1678 850 1745 apud
892 1691 986 1731 eos
1032 1679 1276 1747 princeps
1314 1680 1646 1732 sacerdotum
1692 1679 1926 1733 Ananias

347 1746 941 1817 prmccpiladstaulibus
962 1746 1060 1802 sibi
1079 1749 1335 1803 ministris
1357 1760 1631 1817 percntere
1649 1763 1710 1802 os
1736 1748 1884 1814 Pauli
1909 1767 1922 1802 :

344 1831 406 1870 os
426 1818 547 1871 dico
575 1819 744 1880 Pauli,
778 1834 838 1871 os
865 1820 1067 1887 gratim,
1101 1834 1162 1872 os
1192 1818 1727 1888 veritatis,plectrum
1755 1819 1874 1872 vitae
1907 1860 1921 1883 ,

344 1888 488 1960 quod
518 1890 703 1957 quavis
732 1889 851 1942 tuba
876 1888 1241 1942 vehementius
1258 1899 1490 1953 resonat,
1514 1900 1567 1944 et
1595 1904 1926 1960 quacumque

344 1957 620 2012 harmoiiia
646 1960 1026 2030 consonantius
1047 1971 1122 2013 est
1146 1977 1160 2013 :
1187 1974 1463 2029 organum,
1490 1957 1701 2030 inquam
1721 2001 1737 2025 ,
1766 1959 1922 2014 Chri-

341 2030 408 2080 Sti
437 2069 451 2089 ,
486 2043 549 2081 ac
579 2030 802 2082 tistulatn
844 2027 1073 2097 Spiritus
1103 2027 1292 2084 sancti.
1321 2030 1448 2096 Quae
1474 2027 1614 2084 enim
1644 2032 1754 2083 visa
1801 2038 1927 2083 sunt

341 2096 562 2170 Spiritui
593 2108 797 2164 Sancto,
833 2096 1023 2152 Paulus
1048 2099 1223 2170 lingua
1244 2115 1337 2155 sua
1362 2102 1671 2170 publicavit:
1706 2100 1845 2154 unde
1872 2110 1927 2154 et

340 2169 574 2239 arbitror
596 2170 755 2222 David
797 2170 1106 2238 prophetam
1136 2169 1241 2225 Sub
1269 2169 1491 2239 persona
1521 2172 1668 2225 Pauli
1699 2171 1878 2224 dicere
1905 2187 1921 2224 :

341 2235 543 2310 Lingua
569 2256 691 2310 mea
731 2235 955 2294 culminis
981 2242 1157 2294 scriba:
1183 2235 1412 2295 velociter
1436 2242 1696 2295 scribentis
1750 2240 1920 2310 (Psal.

338 2309 523 2382 ΗΑ).
550 2309 682 2376 Quid
713 2311 870 2380 igitur
893 2312 956 2363 ad
986 2312 1244 2365 Ananiam
1275 2312 1489 2370 Paulus.
1518 2309 1923 2382 impende’nsilli

344 2380 663 2447 supplicium
710 2381 1035 2448 prospiciens
1063 2382 1087 2433 ’ἰ
1115 2382 1243 2435 dixit
1284 2382 1348 2435 ad
1399 2398 1559 2437 eum:
1594 2380 1851 2435 Percutiet
1878 2391 1926 2435 te

341 2449 502 2514 Deus,
531 2450 696 2520 paries
716 2451 940 2505 dealbatc
962 2452 1093 2521 (Act.
1116 2451 1200 2506 23.
1235 2453 1313 2520 5).
1346 2452 1476 2507 Nam
1506 2453 1677 2521 paries
1707 2451 1921 2507 dealba-

341 2527 445 2581 tus,
477 2522 777 2588 sepulcrum
823 2524 1121 2590 speciosum
1171 2531 1305 2582 erat.
1338 2524 1463 2577 foris
1487 2522 1752 2586 inimicus,
1781 2523 1922 2576 intus

345 2604 474 2643 vero
514 2598 785 2662 mortuus.
817 2592 1075 2658 Quoniam
1117 2591 1273 2662 igitur
1324 2593 1391 2647 de
1433 2594 1594 2647 rebus
1633 2593 1879 2646 omnibus
1904 2633 1918 2655 ,

342 2674 463 2728 quae
513 2661 564 2713 in
614 2660 719 2714 vita
762 2660 959 2717 fuerint
985 2660 1157 2728 actm,
1187 2664 1420 2718 rationes
1456 2663 1608 2716 nobis
1636 2662 1920 2717 reddendae

338 2741 738 2801 proponuntur,
764 2746 830 2801 ac
852 2732 1108 2801 judicium
1141 2734 1440 2788 universale
1472 2734 1809 2787 constituitur
1834 2732 1920 2791 ubi

334 2800 559 2874 qttidrde
596 2798 806 2855 talentis
845 2798 1111 2874 egerimus
1151 2803 1382 2869 exigitur
1413 2845 1426 2867 ,
1470 2804 1537 2857 de
1578 2805 1918 2874 mysticarum

334 2873 637 2939 nuptiarum
674 2881 984 2943 contemptu
1003 2913 1017 2937 ,
1040 2872 1108 2928 de
1134 2874 1466 2942 lampadibus
1496 2872 1677 2942 sponsi
1703 2913 1719 2938 ,
1750 2872 1817 2925 de
1836 2886 1920 2925 se-

1578 301 1641 355 lN
1680 298 2167 368 ASCENSIONEM,
2210 300 2342 356 ETL
2357 351 2373 367 ,

3509 311 3613 371 791

2041 412 2236 468 mentis
2258 413 2605 484 incremento,
2637 414 2702 467 de
2727 414 2893 468 vinem
2920 414 3090 470 fructu
3116 457 3130 480 ,
3157 413 3331 484 deque
3357 413 3421 469 lis
3442 421 3617 473 omni-

2042 486 2139 537 bus
2155 499 2271 552 quze
2287 483 2439 537 nobis
2461 499 2559 553 per
2585 484 2861 553 parabolas
2883 486 3134 539 revelavit
3159 502 3173 538 :
3197 483 3357 540 vitam
3375 496 3612 542 nostram

2039 554 2402 623 expendamus
2428 595 2445 619 ,
2472 564 2525 609 et
2566 571 2652 609 res
2696 555 2855 625 hujus
2887 557 3007 609 vita:
3054 565 3443 610 commutemus
3471 598 3487 623 ,
3510 572 3618 614 non

2036 639 2156 677 cum
2187 633 2425 693 argento,
2454 640 2559 678 non
2585 640 2769 697 aurum
2802 626 2954 680 nobis
2968 635 3237 697 parantes,
3266 641 3371 679 non
3401 642 3615 697 gravem

2037 710 2253 748 usuram
2296 704 2647 749 exercentes:
2679 695 2793 750 lucc
2822 694 3150 764 enim’judex
3182 694 3461 750 aversatur
3486 713 3501 761 ;
3525 713 3620 752 ve-

2038 780 2153 817 rum
2186 765 2417 834 inopiam
2462 780 2748 834 pauperum
2787 766 3125 820 sublevantes
3156 807 3170 827 .
3206 766 3617 833 hospitalitatem

2037 846 2347 889 exercentes
2377 876 2390 896 .
2420 850 2482 889 ac
2503 836 2668 889 Deum
2698 837 3004 889 invocantes
3033 878 3048 898 ,
3083 836 3367 904 oinniaque
3398 846 3617 903 agentes

2035 921 2153 973 qua:
2200 906 2264 959 ad
2303 904 2496 973 judieis
2527 906 2833 973 placandam
2862 906 2993 959 iram
3026 907 3161 960 bona
3188 919 3499 961 noscuntur.
3531 907 3620 962 Di-

2034 989 2124 1028 sce
2156 975 2357 1028 lucrmu
2409 975 2816 1044 hospitalitatis,
2865 977 3155 1045 respiciens
3198 978 3262 1029 ad
3310 977 3613 1045 exemplum

2036 1045 2296 1099 Abraluc:
2328 1047 2686 1116 orationisque
2707 1048 2985 1100 utilitatem
3008 1061 3072 1100 ex
3094 1046 3339 1101 Ninivitis
3364 1047 3613 1104 conside-

2035 1130 2159 1187 raus
2189 1157 2202 1178 ,
2229 1131 2291 1170 ac
2316 1116 2671 1187 elcemosyute
2701 1119 3007 1171 thesaurum
3040 1117 3092 1187 in
3119 1116 3343 1171 Tabitha
3374 1128 3617 1175 contem-

2036 1186 2218 1253 plans:
2246 1202 2363 1255 quae
2384 1202 2504 1240 cum
2537 1186 2587 1240 in
2616 1188 2753 1241 lecto
2781 1187 3038 1240 exanimis
3060 1186 3282 1256 jaceret,
3309 1189 3617 1257 sepultura:-

2033 1271 2136 1323 que
2184 1257 2293 1325 jam
2361 1259 2596 1325 proxima
2653 1266 2836 1321 esset,
2885 1259 3348 1312 circumsteterunt
3398 1258 3611 1313 Petrum

2033 1340 2217 1380 omnes
2245 1327 2414 1381 vidua:
2436 1328 2639 1389 flentes,
2660 1337 2714 1381 et
2732 1327 3074 1383 ostendentes
3095 1328 3144 1382 ei
3167 1328 3305 1382 dona
3327 1328 3610 1395 defunctze,

2032 1398 2100 1469 ab
2138 1398 2318 1451 inferis
2363 1409 2621 1450 tuortuam
2650 1406 2997 1469 extraxerunt
3035 1397 3052 1468 (
3087 1400 3207 1469 Act.
3228 1398 3280 1452 9.
3313 1399 3401 1453 59.
3428 1415 3535 1469 sqq.
3567 1399 3605 1466 ).

2032 1465 2183 1540 Quod
2225 1469 2296 1540 si_
2324 1478 2589 1521 mortuum
2632 1482 2845 1540 corpus
2873 1465 3149 1540 viduarum
3197 1468 3446 1540 lacrymae
3495 1465 3613 1524 vitae

2034 1538 2363 1591 restituerint
2390 1580 2405 1602 ,
2439 1551 2623 1591 rursus
2648 1537 2787 1591 haud
2816 1538 2975 1592 dubie
3000 1537 3324 1592 moriturum
3357 1556 3370 1590 :
3418 1549 3611 1607 quanta

2032 1617 2185 1675 putas
2233 1608 2283 1661 in
2318 1608 2578 1661 bonormu
2612 1608 2908 1662 mercedem
2936 1608 3282 1676 praebiturum
3314 1622 3431 1662 esse
3458 1607 3610 1662 ludi-

2032 1692 2147 1731 cem
2203 1678 2265 1731 iis
2293 1679 2381 1747 qui
2431 1677 2574 1747 larga
2605 1694 2763 1730 manu
2794 1694 3052 1747 pauperes
3081 1678 3308 1731 aluerint
3327 1720 3342 1742 ,
3371 1693 3435 1733 ac
3459 1679 3612 1733 testi-

2031 1748 2267 1801 monium
2312 1763 2598 1816 pauperum
2630 1763 2732 1801 non
2756 1749 3089 1817 abjecerint?
3114 1747 3263 1802 Tunc
3300 1752 3442 1802 enitn
3472 1748 3612 1803 dona

2031 1818 2225 1872 auferri
2256 1834 2359 1871 non
2395 1828 2713 1885 potuerunt,
2748 1829 2918 1872 morte
2947 1834 3050 1872 nou
3081 1818 3441 1872 intercedente
3472 1858 3488 1882 ,
3514 1818 3609 1872 sed

2030 1890 2135 1958 vita
2165 1889 2214 1939 in
2243 1900 2555 1958 perpetuum
2587 1888 2831 1943 durante.
2861 1888 3015 1942 Canet
3037 1890 3167 1941 enini
3194 1929 3210 1949 ,
3241 1889 3411 1955 inquit
3435 1928 3449 1947 .
3492 1888 3612 1942 tuba

2029 1959 2081 2011 in
2102 1956 2320 2018 Christo.
2335 1956 2379 2010 et
2396 1960 2580 2011 mortui
2599 1969 2855 2029 resurgeut
2867 1959 3143 2028 incorrupti
3159 1959 3233 2027 (1.
3253 1958 3373 2013 Cor.
3390 1958 3602 2029 15.52),

2031 2039 2188 2097 atque
2215 2029 2591 2092 immutabules,
2621 2028 2687 2082 ad
2720 2028 3067 2083 imitationem
3110 2029 3342 2082 Domini.
3386 2029 3451 2082 Et
3472 2028 3610 2083 sicut

2030 2114 2149 2153 cum
2185 2100 2352 2152 nubes
2381 2098 2623 2167 quaedam
2654 2100 2883 2167 suscepit
2910 2139 2923 2159 .
2959 2100 3028 2153 ita
3057 2108 3110 2153 ct
3139 2114 3235 2153 nos
3263 2139 3278 2165 ,
3314 2097 3607 2153 secundum

2030 2184 2213 2242 vocem
2237 2170 2419 2242 Pauli,
2449 2167 2753 2242 Innubious
2770 2172 3024 2242 rapientur
3050 2170 3242 2242 obviam
3261 2169 3306 2221 ci
3324 2168 3397 2242 (l.
3424 2167 3603 2242 Thess.

2028 2240 2084 2294 4.
2119 2242 2227 2309 16).
2260 2240 2324 2293 Ει
2352 2239 2487 2293 sicut
2517 2239 2629 2309 ipse
2666 2241 2714 2292 in
2736 2240 2905 2308 jubilo
2925 2249 2980 2294 et
3000 2254 3128 2294 voce
3158 2241 3296 2293 tuba:
3319 2238 3557 2293 ascendit
3587 2279 3603 2302 ,

2030 2310 2101 2365 ita
2121 2320 2175 2365 et
2200 2324 2295 2363 nos
2320 2312 2505 2363 mortis
2528 2310 2795 2374 nebulam,
2820 2310 2965 2365 velut
2984 2325 3229 2364 somnum
3252 2309 3605 2372 excutientes,

2033 2381 2251 2435 Auctori
2280 2384 2401 2434 vita:
2441 2380 2857 2449 conjungemur:
2895 2379 2963 2432 Et
3008 2380 3080 2433 sic
3108 2421 3123 2445 ,
3171 2379 3383 2447 inquit,
3411 2392 3608 2449 semper

2028 2467 2140 2504 cum
2170 2451 2385 2505 Domino
2406 2450 2589 2504 erimus
2609 2451 2653 2520 (1
2663 2448 2826 2521 bid.);
2855 2451 3121 2518 sapientes
3142 2464 3201 2502 ea
3224 2463 3343 2516 qua:
3360 2456 3489 2521 sunt
3507 2448 3610 2500 Do-

2028 2522 2157 2576 mini
2185 2562 2200 2587 ,
2229 2521 2512 2590 divinaque
2545 2518 2661 2588 ejus
2700 2518 2966 2589 pra-cepta
3011 2528 3306 2573 servantes.
3357 2518 3609 2590 Dignetur

2027 2586 2203 2646 autem
2233 2607 2329 2644 nos
2354 2586 2539 2644 omnes
2567 2586 2720 2645 beata
2756 2605 2817 2644 ac
2844 2586 2979 2644 felici
3004 2590 3089 2643 illa
3121 2604 3212 2643 sua
3240 2603 3404 2643 voce:
3432 2586 3597 2656 Euge,

2026 2679 2162 2716 serve
2186 2662 2311 2715 bone
2332 2671 2377 2715 et
2406 2660 2573 2729 fidelis
2604 2703 2619 2725 ,
2650 2661 2766 2723 quia
2790 2677 2939 2726 super
2962 2677 3124 2730 pauca
3148 2660 3288 2730 fuisti
3312 2655 3501 2730 ﬁdelis,
3514 2655 3607 2730 su:

2027 2749 2121 2800 pra
2141 2733 2302 2785 multa
2331 2741 2377 2784 te
2406 2725 2748 2784 constituam:
2776 2725 2909 2782 intra
2950 2725 3001 2782 in
3029 2725 3269 2800 gaudium
3298 2726 3506 2800 Domini
3530 2725 3605 2778 tui

2028 2798 2044 2869 ζ
2070 2802 2253 2853 Matth.
2281 2801 2372 2853 23.
2401 2803 2462 2853 Ἡ
2489 2799 2507 2870 )
2560 2800 2661 2866 Ipsi
2698 2799 2861 2867 gloria
2894 2810 2944 2853 et
2972 2798 3249 2868 imperium
3272 2838 3287 2864 ,
3337 2806 3393 2852 et
3418 2798 3469 2850 in
3496 2810 3604 2850 Ste-

2028 2873 2142 2924 cula
2171 2872 2508 2924 smeulorutn.
2541 2873 2727 2921 Amen.

1517 3096 1631 3168 ΙΝ
1686 3093 2271 3166 ASCENSION
2293 3094 2446 3164 ΕΜ

1287 3265 1511 3309 DOMINI
1558 3264 1777 3309 NOSTRI
1822 3265 1967 3308 JESU
1998 3264 2277 3323 CHRISTI,
2324 3266 2532 3309 SERMO
2578 3267 2643 3308 Il.

1761 3397 2175 3463 mea»

405 3537 704 3594 Benedictus
736 3539 892 3594 Deus.
917 3538 1282 3608 Opportunum
1313 3547 1393 3592 est
1423 3537 1580 3592 hodie
1609 3552 1705 3592 nos
1721 3550 1910 3590 omnes

332 3612 700 3682 prOpheticum
747 3610 873 3682 illud
915 3611 1181 3682 clamare.
1237 3610 1499 3682 simulque
1544 3609 1911 3663 universorum

336 3677 617 3735 hominum
654 3681 975 3744 collaudare,
1003 3696 1064 3733 ac
1089 3681 1267 3734 dicere
1293 3697 1307 3733 :
1339 3677 1464 3743 Quis
1481 3679 1709 3745 loquetur
1736 3687 1913 3746 poten-

331 3752 432 3805 tius
478 3751 695 3815 Domini,
747 3751 946 3804 auditas
992 3751 1140 3821 faciet
1175 3766 1348 3804 omnes
1380 3750 1565 3821 glandes
1600 3750 1711 3818 ejus
1735 3746 1909 3821 _(Psal.

334 3822 459 3875 105.
488 3822 573 3891 2)?
602 3821 769 3875 lludie
802 3822 943 3875 enim
970 3818 1166 3891 nostra:
1198 3820 1440 3887 primitiae
1463 3818 1711 3891 Christus
1732 3819 1782 3871 in
1811 3833 1912 3871 ca:-

331 3892 414 3946 los
436 3889 695 3956 ascendit,
723 3900 777 3946 et
805 3892 892 3961 qui
915 3905 982 3945 ex
1012 3890 1163 3945 nobis
1179 3905 1390 3944 carnem
1414 3889 1511 3944 sibi
1532 3896 1910 3961 assumpserat,

336 3963 589 4015 thronum
616 3962 788 4015 Patris
814 3959 1036 4030 accepit,
1060 3968 1120 4014 ιιι
1159 3975 1257 4013 nos
1303 3973 1488 4013 servos
1527 3959 1911 4021 reconciliaret,

335 4040 683 4101 veteremque
701 4031 1025 4085 inimicitiam
1042 4030 1265 4101 deleret,
1279 4045 1340 4084 ac
1358 4044 1542 4101 pacem
1564 4043 1913 4101 supernorum

333 4099 664 4156 exercituum
687 4102 989 4155 hominibus
1014 4100 1187 4154 adhuc
1213 4101 1265 4154 iu
1299 4109 1436 4153 terra
1467 4099 1780 4168 degentibus
1814 4099 1915 4153 do-

336 4181 510 4225 naret.
526 4171 839 4226 Communis
865 4171 1006 4225 enim
1030 4172 1183 4224 nobis
1203 4170 1357 4225 hodie
1372 4171 1630 4225 adversus
1645 4168 1915 4223 diabolum

337 4243 655 4309 lli‘Opﬂllllﬂl‘
692 4242 948 4307 victoria,
984 4241 1284 4296 communia
1330 4240 1634 4294 certaminis
1676 4239 1913 4307 prmmia,

332 4316 649 4366 communes
675 4326 908 4375 coronre,
929 4313 1225 4365 communis
1244 4310 1431 4379 gloria.
1449 4310 1707 4379 Quocirca
1732 4310 1915 4363 exsul-

336 4390 511 4435 tcmus
534 4384 708 4435 cuncti
738 4381 1057 4452 aspicientes
1096 4378 1355 4450 primitias
1380 4389 1593 4434 nostras
1621 4378 1912 4452 Christum,

333 4467 549 4505 sursum
598 4451 911 4514 sedentem,
956 4461 1296 4521 nostramque
1363 4460 1606 4521 naturam
1664 4451 1913 4521 thronum

331 4521 570 4576 dextera:
590 4522 680 4576 Dei
699 4531 1061 4587 occupantem.
1082 4521 1214 4575 Nam
1239 4522 1285 4576 si
1311 4520 1637 4575 admirabilis
1663 4520 1914 4589 propheta

333 4592 522 4645 beatos
556 4606 651 4647 eos
686 4593 939 4660 praedicat
977 4592 1068 4661 qui
1117 4593 1311 4646 habent
1356 4606 1538 4646 semen
1587 4592 1638 4644 in
1683 4591 1832 4654 Sion,
1863 4601 1918 4645 et

331 4662 657 4733 domesticos
684 4666 736 4716 in
782 4660 1076 4717 Jerusalem
1105 4661 1255 4733 (1εαὶ.
1278 4663 1365 4716 51.
1395 4662 1477 4733 9),
1507 4660 1916 4733 quanto‘magis

333 4746 436 4785 nos
460 4732 691 4801 gaudere
718 4741 772 4787 et
796 4733 1062 4787 exsultare
1108 4730 1338 4802 Oportet,
1380 4730 1618 4802 videntes
1660 4730 1916 4802 primitias

335 4812 538 4856 nostra:
562 4803 750 4857 salutis
793 4802 1062 4857 Christum
1093 4801 1157 4855 ad
1185 4803 1354 4870 ipsum
1385 4801 1635 4856 cmlurum
1664 4801 1913 4855 verticem

332 4872 734 4938 ascendentem,
758 4882 812 4927 et
847 4876 1075 4941 regalem
1122 4873 1394 4936 thronum,
1441 4886 1596 4941 quem
1641 4871 1754 4940 ip~e
1795 4871 1919 4924 relic

334 4950 547 5011 querat,
595 4944 695 4997 sibi
746 4942 1137 4998 vindicantem?
1174 4941 1463 4996 Considera
1507 4943 1670 5004 enim,
1692 4941 1914 5005 dilecte,

331 5019 534 5080 quanta
571 5013 660 5067 Dei
701 5015 867 5067 nostri
908 5016 977 5067 sit
1014 5013 1255 5075 bonitas,
1303 5027 1566 5081 quamque
1612 5012 1818 5066 occulta
1865 5021 1919 5065 et

335 5081 621 5136 ineffabilis
645 5083 761 5152 ejus
812 5085 946 5137 facta
990 5084 1060 5138 sit
1098 5084 1422 5151 dispensatio
1468 5096 1591 5151 erga
1630 5095 1798 5152 genus
1823 5098 1918 5135 no-

329 5161 530 5215 strum,
556 5157 696 5221 quod
720 5152 905 5207 fraude
939 5153 1132 5223 diaboli
1178 5152 1424 5223 paradiso
1467 5153 1764 5223 exciderat;
1798 5161 1920 5206 tan-

335 5230 500 5289 taque
546 5223 916 5293 maledictionc
956 5222 1286 5289 datnnatum,
1338 5230 1555 5293 repente
1589 5222 1641 5276 in
1664 5232 1917 5293 quantam

327 5291 708 5365 celsitudinem
754 5294 925 5365 evexit
962 5311 973 5346 :
1007 5304 1190 5365 etquo
1236 5291 1413 5365 pacto:
1437 5307 1554 5357 nos,
1585 5292 1917 5365 quietitcrra

330 5362 451 5433 ipsa
478 5362 791 5417 videbamur
820 5363 1042 5433 indigni,
1066 5362 1221 5417 budie
1244 5367 1292 5415 in
1315 5363 1691 5433 caelumevecti
1727 5364 1914 5428 simus,

332 5432 559 5504 ipsaque
586 5443 765 5504 nostra
788 5432 996 5504 natura,
1024 5448 1144 5504 quae
1178 5434 1335 5504 etiam
1364 5432 1612 5504 paradiso
1642 5433 1789 5502 prius
1816 5449 1885 5504 pu
1903 5463 1916 5473 -

332 5503 548 5554 labatur
590 5502 825 5573 indigna.
858 5503 980 5557 [hoc
1025 5502 1165 5557 enim
1199 5503 1250 5555 iu
1280 5503 1424 5557 ca-lis
1469 5504 1690 5572 primam
1736 5502 1918 5558 sedem

330 5573 663 5643 occupavit;
708 5588 933 5643 quaeque
975 5575 1279 5627 dmumnum
1320 5573 1607 5627 ludibrium
1650 5581 1914 5637 evaserat,

334 5640 500 5713 hodie
531 5642 596 5695 ab
620 5640 824 5713 angelis
848 5640 1206 5713 supernisque
1253 5645 1600 5712 potestatibus
1641 5643 1912 5697 adorator.

328 5710 382 5766 0
409 5711 617 5766 beatam
647 5710 789 5767 illam
831 5710 1171 5770 invidiamlo
1192 5710 1354 5769 bonas
1386 5713 1633 5769 insidias!
1668 5729 1700 5769 o
1726 5713 1917 5768 invidia

2020 3535 2609 3604 bonorumcausa,qum
2633 3534 3005 3591 nobisiufiuita
3049 3534 3303 3592 concilias
3342 3538 3598 3599 bona.le-

2017 3620 2240 3676 gemque
2256 3608 2665 3661 immortalitatis
2682 3607 2929 3676 peperisti
2951 3610 2963 3663 !
2982 3608 3111 3662 Cum
3128 3610 3267 3663 enim
3287 3618 3441 3663 antea
3460 3618 3605 3663 natu-

2019 3692 2092 3729 ra:
2108 3689 2301 3731 ttOSll‘ﬂ!
2316 3677 2560 3732 humana:
2581 3679 2631 3731 in
2655 3680 2809 3731 terris
2828 3677 3039 3747 degenti
3061 3679 3316 3733 invideret
3330 3679 3602 3746 improbus

2018 3748 2106 3800 ille
2121 3747 2352 3813 daemon,
2371 3764 2508 3802 nunc
2530 3764 2646 3803 eam
2666 3751 2717 3802 in
2737 3749 2880 3804 caelis
2896 3749 3103 3803 adorari
3127 3749 3267 3802 videt
3286 3766 3300 3802 :
3317 3760 3368 3803 et
3390 3750 3476 3817 qui
3505 3764 3602 3803 an-

2020 3824 2100 3870 tea
2138 3833 2231 3886 pcr
2249 3818 2484 3873 fraudem
2515 3834 2700 3888 magna
2718 3819 3215 3884 etincomparabilia
3249 3819 3599 3886 surripuerat,

2019 3895 2077 3958 ut
2103 3889 2318 3955 putabat
2341 3928 2354 3954 ,
2379 3904 2517 3943 nunc
2552 3890 2841 3958 majoribus
2871 3901 2925 3943 et
2958 3888 3332 3943 illustrioribus
3357 3903 3455 3942 nos
3479 3904 3602 3954 per-

2018 3956 2121 4012 frui
2142 3960 2331 4012 cernit.
2355 3956 2657 4027 ldeojubilo
2685 3969 2739 4013 et
2771 3962 2981 4015 exsulto
3026 3959 3202 4023 hodie,
3221 3966 3275 4012 et
3290 3973 3386 4012 vos
3425 3968 3606 4013 utmc-

2018 4042 2138 4081 cum
2160 4029 2313 4082 simul
2343 4030 2436 4082 has
2458 4028 2685 4084 choreas
2713 4032 2879 4098 agatis
2903 4029 3174 4084 cohortor.
3205 4028 3305 4096 Qui
3343 4030 3484 4083 enim
3506 4045 3605 4085 nec

2020 4106 2230 4152 terreno
2245 4099 2455 4167 quidem
2473 4099 2675 4154 honore
2689 4098 2832 4169 digni
2857 4115 3090 4165 eramus,
3109 4100 3176 4153 ad
3200 4114 3488 4169 supernum
3515 4115 3606 4155 re-

2020 4183 2182 4241 gnum
2232 4169 2571 4241 ascendimus
2594 4211 2609 4241 ,
2647 4170 2811 4225 ctelos
2858 4171 3190 4241 pervasimus
3214 4211 3228 4233 ,
3275 4177 3333 4225 et
3371 4170 3603 4239 regalem

2022 4238 2269 4311 thronum
2301 4238 3013 4311 apprehendimustéaque
3062 4251 3271 4305 natura,
3309 4255 3404 4309 per
3439 4238 3600 4310 quam

2019 4308 2388 4363 custodiebant
2411 4311 2710 4379 paradisum
2734 4308 3044 4376 Cherubin],
3080 4311 3187 4380 jam
3230 4308 3412 4365 evecta
3439 4308 3522 4380 est
3551 4318 3607 4363 et

2020 4380 2291 4432 adorator.
2331 4379 2661 4451 Obstupesce
2707 4382 2864 4450 igitur
2904 4394 2957 4436 et
2978 4379 3261 4442 admirare,
3304 4379 3600 4451 carissime,

2022 4464 2265 4517 magnam
2303 4448 2574 4505 solertiam
2609 4448 2815 4505 Domini
2848 4453 2943 4516 tui,
2978 4466 3042 4507 ac
3064 4452 3300 4519 glorillea
3326 4465 3471 4514 eum,
3512 4448 3602 4519 qui

2022 4528 2165 4573 tanta
2194 4520 2282 4574 tibi
2314 4520 2533 4589 largitus
2563 4531 2665 4575 est.
2694 4522 3046 4577 Trauscendit
3068 4521 3209 4576 enim
3240 4520 3365 4573 doni
3392 4520 3602 4589 magni-

2022 4591 2228 4660 ficentia
2251 4590 2432 4644 damni
2460 4592 2900 4660 magnitudinem.
2932 4591 3062 4647 Nam
3090 4605 3215 4645 ecce
3238 4590 3328 4659 qui
3357 4589 3605 4659 paradiso

2020 4659 2522 4732 excideramus,ad
2555 4659 2749 4716 etclum
2796 4663 2966 4732 ipsum
3010 4661 3204 4732 sublati
3248 4673 3468 4724 sumus;
3511 4660 3603 4732 qui

2021 4742 2192 4784 morte
2217 4731 2452 4785 damnati
2479 4730 2697 4798 fuimus,
2732 4730 3144 4788 immortalitatis
3176 4731 3373 4785 donum
3396 4730 3606 4799 accepi-

2021 4816 2140 4855 mus
2171 4818 2186 4856 :
2216 4801 2406 4857 infensi
2434 4816 2649 4857 eramus
2672 4816 2722 4857 et
2748 4803 2978 4872 objecti;
3008 4811 3063 4858 ct
3093 4801 3231 4855 filios
3271 4815 3373 4872 nos
3410 4815 3604 4855 vocare

2021 4872 2265 4937 dignatus
2293 4880 2394 4931 est.
2424 4887 2596 4940 neque
2631 4872 2771 4927 filios
2797 4869 2991 4939 solum,
3018 4872 3112 4927 sed
3138 4880 3194 4927 et
3215 4869 3472 4934 heredes;
3503 4884 3603 4925 ne-

2021 4956 2126 5010 que
2151 4942 2312 4996 etiam
2355 4941 2581 4996 heredes
2618 4952 2845 5005 tantum,
2872 4943 2965 4997 sed
2992 4954 3045 4997 et
3069 4940 3360 4996 coheredes
3383 4940 3601 4995 Christi.

2023 5012 2164 5066 Ecce
2190 5011 2458 5080 quomodo
2486 5012 2686 5080 majora
2732 5014 2887 5067 nobis
2914 5030 2942 5065 a
2972 5012 3202 5067 Domino
3234 5012 3342 5066 sint
3382 5011 3599 5076 donata,

2021 5097 2180 5151 quam
2223 5091 2376 5135 antea
2423 5084 2631 5137 fuerant
2681 5083 2875 5137 ablata.
2921 5082 3118 5137 Verum
3154 5081 3457 5151 dumaudis
3478 5095 3603 5137 cum

2022 5147 2328 5206 ascendisse
2356 5161 2410 5206 et
2444 5162 2773 5221 assumptum
2812 5167 2951 5219 esse,
2988 5167 3119 5207 cave
3164 5147 3385 5207 Iocalem
3414 5152 3467 5206 in
3496 5151 3606 5207 Deo

2022 5221 2337 5293 descensum
2378 5222 2615 5291 opineris
2654 5223 2947 5278 :divinitas
2984 5224 3126 5278 enim
3171 5222 3348 5293 omnia
3398 5222 3603 5293 implet,

2024 5292 2220 5364 ubique
2247 5306 2486 5361 prmsens
2515 5302 2616 5353 est.
2648 5302 2703 5347 et
2736 5307 2995 5364 nusquam
3041 5294 3210 5359 abest,
3229 5292 3381 5364 velut
3428 5292 3605 5347 omnia

2023 5362 2351 5433 inspiciens,_
2371 5371 2426 5417 et
2446 5363 2816 5418 universorum
2854 5362 3052 5433 opifex.
3079 5362 3331 5433 Ejusdem
3358 5378 3478 5417 cum
3506 5378 3606 5418 uo-

2024 5442 2137 5486 stro
2172 5431 2383 5504 generis
2421 5446 2636 5502 corpus,
2653 5448 2759 5503 quo
2796 5431 3406 5504 assumpto,'apparere
3448 5447 3608 5504 super

2026 5510 2223 5574 terram
2248 5501 2494 5571 dignatus
2520 5501 2631 5568 est,
2672 5501 2806 5559 'cum
2847 5501 3068 5574 prorsus
3105 5501 3280 5559 simile
3318 5504 3472 5558 nobis
3515 5501 3605 5567 sit,

2025 5571 2154 5645 i_llud
2181 5572 2351 5641 ipsum
2378 5583 2618 5627 nostrum
2647 5583 2753 5643 est,
2780 5571 2920 5645 quod
2964 5589 3176 5631 sursum
3217 5585 3460 5630 evectum
3504 5586 3606 5645 est.

2026 5641 2096 5698 Et
2124 5650 2399 5712 propterea
2430 5641 2811 5701 communibus
2832 5645 2990 5701 hodie
3030 5646 3205 5701 cuncti
3241 5645 3460 5712 vocibus
3487 5642 3598 5712 cla-

2026 5709 2238 5769 mcmus
2257 5712 2624 5784 propheticum
2672 5715 2800 5770 illud
2845 5718 3041 5771 dictum
3069 5733 3082 5769 :
3115 5714 3350 5770 Ascendit
3376 5709 3516 5765 Deus
3545 5711 3598 5763 in
