4058 6222
516 293 618 353 795

513 414 689 487 iubilo,
723 411 964 469 Dominus
994 414 1331 487 iurocetuba:
1358 414 1526 487 (I’sol.
1556 416 1643 472 66.
1676 416 1765 485 ϐ);
1792 426 1841 470 ct
1874 418 2087 485 pris-cla-

514 500 625 538 ram
669 484 805 538 hanc
848 495 1005 553 atque
1053 481 1308 539 illustrem
1353 481 1683 541 celebremus
1717 481 2086 551 festivitatem,

513 570 632 608 cum
665 569 850 607 omnes
876 554 1031 625 simul
1058 555 1172 623 ejus
1196 555 1349 609 donis
1377 558 1731 625 perfruamur.
1755 557 1906 613 Sicut
1947 558 2087 611 enim

513 625 768 691 benignus
812 624 930 693 quis
977 626 1254 689 dominus,
1300 624 1484 679 amans
1518 627 1770 682 famulum
1815 642 1989 692 suum,
2019 627 2090 680 ob

513 710 745 747 amorem
780 710 882 760 quo
908 695 959 748 in
991 710 1111 749 eum
1142 696 1324 757 fertur,
1354 713 1458 750 non
1501 708 1709 751 recusat
1746 698 1886 752 illius
1928 701 2085 752 etiam

516 771 658 817 reste
688 764 832 817 indui
861 781 873 816 :
906 765 973 817 ita
991 774 1045 819 et
1077 765 1328 819 Dominus
1354 775 1534 820 noster
1565 767 1828 829 Christus.
1854 777 2088 822 nostram

514 848 700 906 amans
736 844 998 906 naturam,
1030 836 1466 905 conspiciensque
1516 836 1568 890 iu
1626 837 1943 906 profundum
1979 854 2088 891 ma-

515 903 640 957 litim.
688 920 804 977 eam
846 904 1151 972 delapsam,
1201 903 1499 977 nullamque
1542 903 1727 961 salutis
1768 924 1916 977 spem
1966 908 2066 977 ipsi

514 988 632 1027 esse
655 973 929 1043 reliquam,
966 976 1234 1044 multaque
1276 973 1600 1045 indulgentia
1630 973 1967 1047 indigentem,
1988 973 2089 1032 ἠοο

514 1053 681 1096 strum
727 1060 918 1111 Corpus
952 1060 1224 1099 assumere
1263 1047 1507 1114 dignatus
1531 1057 1630 1101 est.
1666 1048 1731 1101 Et
1757 1049 1951 1101 idcirco
1967 1064 2086 1102 cum

514 1127 572 1166 se
608 1114 657 1166 in
696 1116 848 1168 terris
880 1116 1229 1179 ostendisset,
1274 1117 1525 1171 mortales
1563 1133 1749 1171 omnes
1796 1119 1863 1171 ab
1908 1134 2089 1173 errore

515 1183 796 1249 liberavit,
833 1192 888 1238 et
932 1186 996 1237 ad
1041 1186 1315 1239 veritatem
1356 1187 1589 1239 traduxit
1631 1206 1642 1240 :
1691 1189 1988 1252 clamatque
2036 1190 2086 1243 in

515 1254 1034 1327 Evangelio,_dicens
1066 1273 1078 1308 :
1113 1254 1231 1308 Non
1262 1257 1385 1327 queui
1423 1271 1601 1310 vocare
1643 1259 1818 1323 iustos,
1842 1259 1929 1311 sed
1976 1275 2091 1327 pec-

514 1332 727 1398 catores,
768 1325 842 1398 od
866 1327 1217 1398 _pw_nitentiom
1248 1326 1455 1398 (Matth.
1487 1327 1541 1381 9.
1586 1328 1693 1391 15).
1736 1328 1884 1396 Quod
1931 1325 2089 1397 igitur

516 1393 703 1467 voluit,
728 1394 922 1457 olfecit;
953 1393 1340 1467 humanamque
1369 1407 1608 1450 naturam
1638 1393 1779 1451 ltuiui
1819 1393 2082 1467 iacentem

513 1464 706 1526 erexit,
752 1473 1057 1533 tantamque
1103 1464 1484 1519 humanitatem
1530 1468 1786 1531 exhibuit,
1818 1464 1872 1521 ut
1912 1485 2085 1524 rerum

512 1542 779 1607 gestarum
808 1536 944 1587 ratio
973 1535 1203 1607 liumana
1241 1537 1556 1607 cogitatione
1579 1549 1803 1607 nequeat
1845 1554 2089 1607 compre-

516 1602 694 1654 hendi.
745 1602 1022 1676 Quomodo
1062 1607 1224 1666 enim,
1255 1602 1340 1659 dic
1370 1606 1518 1669 mibi,
1554 1602 1760 1676 uosqui
1793 1602 2088 1662 offendera-

515 1675 878 1745 mus,quiqu_e
903 1675 1012 1741 ipsa
1043 1676 1199 1727 etiam
1230 1684 1368 1728 terra
1399 1676 1706 1729 videbamur
1741 1679 1958 1745 indigni,
1984 1689 2036 1731 et
2057 1695 2084 1733 a

515 1741 806 1810 principatu
833 1743 1080 1797 deorsum
1118 1745 1500 1807 excideramus,
1530 1747 1594 1799 ad
1631 1756 1827 1800 tantam
1854 1741 2085 1802 celsitu-

511 1811 688 1883 diueiu
717 1823 934 1879 repente
960 1829 1143 1867 sumus
1170 1815 1376 1868 evecti?
1401 1831 1508 1883 quo
1534 1825 1687 1883 pacto
1714 1818 1908 1870 bellum
1939 1820 2084 1873 solu-

513 1882 657 1934 tum?
678 1899 781 1950 quo
814 1895 966 1951 pacto
996 1885 1072 1938 ira
1098 1886 1299 1939 sublata
1326 1882 1439 1939 est?
1467 1882 1788 1941 Admirabile
1810 1888 1948 1941 enim
1987 1892 2087 1945 lice

512 1960 613 2014 est,
643 1962 696 2006 et
723 1955 865 2024 omni
906 1964 1119 2023 stupore
1149 1956 1544 2023 plenissimum;
1573 1957 1819 2024 quoniam
1866 1974 1968 2012 uon
1999 1975 2088 2014 ac-

510 2022 844 2098 currentibus
887 2022 1059 2098 nobis,
1091 2022 1183 2079 sed
1214 2025 1326 2098 ipso
1351 2026 1437 2095 qui
1459 2022 1601 2098 juste
1630 2026 1681 2080 in
1707 2043 1804 2081 nos
1843 2028 2085 2098 indigna-

514 2089 666 2164 batur
686 2107 782 2161 pio
812 2096 964 2148 nobis
1014 2089 1391 2158 intercedente,
1425 2089 1524 2164 pax
1561 2095 1695 2151 facta
1733 2107 1833 2152 est.
1862 2089 2009 2153 Unde
2033 2110 2087 2155 et

510 2158 708 2238 Paulus
750 2165 976 2228 clamat,
1018 2164 1204 2238 dicens
1237 2183 1249 2218 :
1283 2164 1389 2218 Pro
1425 2158 1633 2220 'C/iristo
1681 2167 1928 2236 legatione
1961 2171 2085 2238 [un—

509 2230 710 2306 ginmr,
757 2242 1009 2306 tamquam
1064 2235 1170 2288 Deo
1211 2238 1502 2289 exhortante
1548 2254 1637 2306 per
1688 2230 1778 2291 nos
1822 2238 1914 2306 (‘2.
1961 2230 2082 2294 Cor.

510 2299 565 2375 5Ζ
604 2300 709 2375 20)
734 2299 938 2375 ._\_lidcs
976 2306 1366 2375 sagacissimam
1422 2306 1513 2360 Dei
1549 2299 1916 2375 sapienti-im?
1969 2326 2088 2365 cer-

512 2369 596 2444 nis
642 2369 959 2444 ineffabilem
1003 2369 1211 2428 Domini
1248 2369 1664 2444 benignitatem?
1690 2380 1863 2432 cernis
1905 2381 2085 2434 excel-

511 2437 706 2510 lentem
755 2441 920 2509 ipsius
956 2444 1339 2510 providentiam
1357 2437 1563 2499 {Nunc
1608 2449 1851 2502 stimulus
1898 2452 2085 2505 mortis

508 2506 805 2583 destructus
825 2521 933 2575 est;
956 2506 1097 2583 hunc
1121 2514 1307 2568 inferni
1329 2515 1539 2568 victoria
1561 2515 1794 2583 d'srupta
1812 2529 1920 2583 est;
1946 2535 2085 2576 nunc

511 2581 695 2633 mortis
726 2583 956 2647 potentia
986 2582 1158 2636 deleta
1188 2593 1302 2646 est;
1334 2599 1472 2637 nunc
1500 2581 1784 2639 inimicitia:
1811 2581 2084 2643 exstincta:

508 2659 660 2713 sunt;
695 2666 836 2704 nunc
862 2651 1169 2706 diuturnum
1200 2653 1391 2707 bellum
1422 2654 1727 2707 restinctum
1758 2667 1839 2709 est
1871 2674 1884 2710 :
1916 2658 2084 2714 Immi-

509 2733 604 2796 nes
632 2721 833 2796 angelis
863 2722 1063 2776 similes
1090 2722 1262 2778 effecti
1289 2734 1439 2790 sunt,
1470 2725 1709 2796 homines
1736 2726 1934 2793 angelis
1966 2744 2083 2796 per-

509 2789 826 2863 lnixlisttnt,
849 2800 900 2845 et
926 2808 1112 2862 magna
1138 2809 1200 2847 es
1232 2803 1452 2863 utraque
1472 2789 1929 2863 coguominatione
1957 2789 2084 2853 con-

501 2856 707 2926 junctio
736 2870 854 2914 nata
887 2871 985 2915 cst.
1014 2856 1282 2917 'Asceudit
1323 2856 1463 2917 enim
1510 2856 1807 2919 communis
1844 2870 2079 2922 omnium

508 2929 791 3002 Dominus,
821 2932 1166 2989 reconcilians
1197 2933 1428 2987 humano
1453 2934 1633 3002 generi
1664 2948 1816 2988 suum
1850 2937 2077 2994 Patrem.

506 2997 762 3068 Quodque
786 3002 855 3052 ob
882 3002 929 3054 id
958 3002 1276 3067 ascenderit,
1302 2997 1479 3068 ipsum
1501 3003 1760 3057 dicentem
1788 3006 1906 3059 audi
1936 3024 1948 3059 :
1972 3007 2083 3061 Ex-

510 3067 642 3141 pedit
659 3068 805 3121 'vobis
833 3080 885 3122 nt
911 3086 1000 3140 ego
1030 3072 1207 3123 vadum
1235 3088 1253 3124 :
1277 3067 1372 3125 nisi
1400 3074 1532 3125 enim
1561 3089 1650 3141 ego
1675 3075 1842 3127 abiero
1865 3116 1880 3140 ,
1916 3076 2080 3130 Poro-

505 3136 663 3189 clelus
689 3155 786 3214 non
815 3136 972 3214 ueniet
997 3140 1065 3191 ad
1094 3156 1177 3214 vos
1242 3140 1395 3193 Joan.
1430 3143 1515 3214 6.
1699 3143 1761 3196 Et
1791 3146 1840 3196 in
1867 3136 2076 3214 signum

509 3208 948 3261 reconciliationis
988 3212 1245 3277 promittit
1277 3227 1335 3263 se
1369 3212 1521 3264 nobis
1550 3208 1794 3265 daturum
1823 3208 2076 3270 Paraclcti

506 3278 1023 3351 prat‘sentiain.__\'ide
1052 3281 1191 3351 enim
1219 3280 1356 3348 quod
1385 3281 1622 3346 additur,
1651 3298 1806 3351 quam
1833 3299 2078 3340 acaurate

505 3343 829 3420 subjungal:
865 3348 927 3400 Et
952 3349 1087 3416 ipse,
1123 3343 1287 3420 inquit
1307 3391 1321 3415 ,
1349 3350 1557 3404 deducet
1586 3343 1739 3405 vos-in
1771 3369 1966 3407 onmem
1995 3372 2070 3410 ue-

504 3416 828 3493 ritatem
861 3434 908 3472 v.
952 3420 1075 3493 i5);
1109 3416 1208 3474 nos
1238 3421 1565 3493 errabundos
1591 3424 1827 3486 scilicet,
1860 3425 1946 3493 qui
1977 3425 2079 3481 huc

504 3493 664 3554 atque
710 3488 834 3561 illuc
876 3488 1202 3561 agebantur,
1245 3491 1468 3561 Spiritus
1513 3501 1728 3546 sanctus
1770 3488 2072 3561 demissus,

504 3564 721 3630 cunctos
740 3557 803 3630 ad
829 3561 1060 3612 veritatis
1082 3560 1259 3615 lumen
1281 3557 1523 3615 deducet.
1548 3562 1678 3616 Nam
1700 3564 1945 3630 quoniam
1964 3557 2076 3620 crat

504 3625 657 3679 nobis
684 3626 943 3701 infensus,
967 3645 1062 3683 nos
1081 3645 1209 3684 vero
1236 3631 1408 3685 adhuc
1438 3625 1869 3701 benignissimum
1898 3634 2076 3689 Domi-

503 3708 629 3770 num
654 3698 1053 3765 aversabamur,
1077 3700 1307 3768 seipsuin
1338 3698 1584 3755 medium'
1601 3703 1945 3770 interponens
1974 3706 2075 3760 Do—

503 3765 679 3837 minus
695 3777 874 3822 noster
894 3770 1134 3837 Christus
1154 3765 1635 3837 reconciliationem
1660 3765 1811 3824 nobis
1827 3784 2074 3837 operatus

504 3834 909 3912 estrverccuim
934 3836 1326 3912 mediamsepis
1342 3838 1628 3912 maceriem
1651 3839 1831 3912 solvit,
1855 3834 2066 3912 Eplies.

503 3905 558 3980 β.
578 3906 607 3980 ’1
621 3906 695 3964 ι).
718 3903 924 3980 idcirco
946 3904 1139 3980 bonam
1155 3904 1407 3973 deinceps
1428 3908 1718 3980 repositam
1738 3903 1901 3980 nobis
1922 3903 2070 3980 spem

501 3973 793 4051 habemus,
803 3972 1246 4051 adprimitiarun)
1265 3972 1575 4051 nostrarum
1599 3976 1882 4051 Dominum
1905 3972 2074 4051 respi-

499 4044 731 4123 cientes.
755 4042 1027 4123 Quidquid
1045 4044 1459 4123 enimdeinceps
1473 4045 1697 4123 dixeris,
1716 4065 1822 4105 non
1843 4042 2071 4123 amplius

504 4119 700 4190 timeo,
746 4114 858 4193 sive
882 4114 1136 4171 'vermem
1181 4114 1417 4193 dixeris“,
1452 4123 1565 4193 sive
1614 4114 2072 4193 pulveremfsive

441 4230 449 4237 ,
502 4193 700 4258 ignem,
727 4189 839 4258 sive
861 4193 1202 4251 tormentum,
1229 4189 1340 4243 sive
1365 4189 1646 4245 stridorem
1674 4192 1930 4257 dentium,
1960 4194 2071 4248 sive

500 4252 886 4330 cinerem,__si_v_e
909 4257 1278 4330 quodcumque
1301 4259 1511 4313 tandem
1534 4260 1673 4313 aliud
1703 4261 1830 4314 mihi
1852 4252 2067 4330 iliseris,

502 4321 675 4399 mania
697 4323 825 4376 mihi
849 4321 999 4399 facile
1021 4321 1316 4399 superanda
1342 4338 1480 4393 sunt,
1507 4332 1765 4399 primitias
1788 4331 1903 4385 illas
1927 4321 2071 4387 meas

500 4387 769 4470 Qltristum
796 4387 1101 4470 aspicienti,
1131 4413 1341 4454 sursum
1369 4387 1671 4462 sedentem,
1704 4411 1755 4455 et
1788 4416 2069 4470 pmpenio-

500 4458 626 4514 dum
656 4477 775 4516 cum
801 4458 1045 4521 omnibus
1065 4458 1366 4524 linmiuibus
1390 4458 1736 4525 disserentem
1760 4458 1811 4524 el
1831 4458 2070 4525 claritati--

502 4532 939 4611 tem-ilgnaviam
973 4539 1180 4611 tandem
1207 4539 1435 4607 abjicite,
1464 4549 1517 4596 et
1540 4542 1809 4611 agnoscite
1839 4551 2066 4596 vestram

501 4601 847 4678 nobilitatem,
873 4601 1287 4665 considerantes
1300 4601 1602 4665 mensuram
1627 4610 1908 4675 donorum,
1932 4628 2068 4678 quo-

501 4687 614 4728 rum
646 4676 926 4748 participes
957 4693 1059 4731 non
1087 4680 1155 4732 ita
1192 4681 1356 4733 multo
1385 4691 1505 4748 post
1533 4681 1692 4735 futuri
1736 4682 1885 4735 estis.
1930 4676 2067 4735 Con-

499 4756 700 4820 uersaiis
716 4747 733 4777 ¹
750 4747 889 4799 enim
907 4750 1141 4820 pracepit
1157 4750 1226 4803 eis
1239 4749 1301 4801 ob
1313 4747 1643 4820 Jerosolymis
1659 4767 1721 4803 ne
1739 4752 2063 4820 discederent,

498 4815 586 4890 sed
608 4815 947 4890 amputarent
977 4815 1351 4890 promissionem
1372 4815 1544 4873 Patris
1566 4819 1695 4890 (Act.
1723 4822 1774 4874 1.
1796 4822 1854 4889 4)
1897 4815 2067 4879 Cerne

497 4893 552 4937 et
572 4888 622 4938 in
647 4887 745 4940 hoc
766 4887 1169 4943 sollicitudinem
1195 4891 1430 4957 Domini;
1457 4887 1640 4946 videns
1658 4891 1798 4945 enim
1823 4887 2067 4948 humana:

498 4966 710 5032 ualui-ie
728 4958 1119 5032 infirmitatem,
1146 4974 1368 5032 eamque
1399 4975 1589 5030 magno
1618 4961 1939 5030 indigentem
1966 4977 2065 5018 au-

497 5025 647 5100 silio,
677 5026 904 5100 Spiritus
929 5031 1098 5084 sancti
1125 5025 1351 5099 praebuit
1375 5025 1528 5100 opem
1554 5070 1571 5097 ,
1604 5040 1659 5085 nt
1681 5025 1906 5086 invictus
1936 5048 2064 5087 eva-

495 5092 585 5146 dat
630 5092 787 5150 liomo
827 5099 1081 5154 adversus
1123 5092 1798 5157 inacliinanienta'diaboli.
1832 5102 1897 5155 Et
1926 5102 2063 5158 idem

493 5163 705 5240 accidit,
732 5176 790 5221 ut
814 5169 858 5221 si
888 5170 1352 5236 praestantissimus
1372 5172 1490 5240 quis
1516 5172 1637 5226 belli
1659 5172 1769 5226 dux
1794 5173 2065 5227 ordinatos

451 5278 459 5287 .
497 5231 596 5285 sub
622 5248 682 5287 se
709 5231 933 5291 cernens
957 5240 1174 5306 milites,
1203 5243 1374 5295 minas
1388 5231 1822 5296 adversariorum
1851 5257 1955 5295 non
1983 5241 2065 5297 ἴε-

497 5313 673 5380 rentes
695 5344 712 5370 ,
742 5306 835 5360 sed
872 5311 1174 5380 certaminis
1214 5320 1356 5365 metu
1399 5314 1672 5380 perculsos
1694 5351 1709 5377 ,
1749 5326 1842 5367 eos
1879 5326 2064 5366 omnes

498 5371 795 5438 confirmet,
827 5379 1070 5433 muniens
1100 5380 1329 5450 undique
1356 5371 1590 5449 tlinrace,
1620 5371 1789 5445 scuto.
1821 5381 1988 5451 galea,
2009 5390 2064 5436 οι

559 5465 574 5496 ¹
611 5473 658 5518 tu
684 5464 898 5530 Vulgata,
921 5479 1216 5520 convessens.

2015 301 2278 358 SPCRM.

3667 305 3776 367 1W5

2204 417 2397 485 reliqua
2438 423 2703 469 armatura
2732 431 2744 467 :
2775 413 2842 468 ita
2873 422 2926 468 ct
2951 412 3206 485 Dominus
3234 423 3414 471 noster
3440 417 3598 476 Jcsus
3622 420 3782 479 Citri-

2197 483 2345 549 stus',
2388 487 2654 553 aspiciens
2698 498 2937 557 magnam
2984 483 3404 557 adversariorum
3450 500 3777 557 potestatum

2195 557 2300 608 vim
2339 565 2511 636 atque
2544 553 2829 622 potentiam
2857 564 2965 636 2"et
3003 553 3073 636 ob
3108 553 3484 636 id'bumanam
3527 574 3778 636 maturam

2196 640 2388 701 magno
2409 624 2726 701 indigentem
2751 625 2968 701 auxilio,
2993 624 3207 701 douavit
3226 627 3272 679 ei
3296 629 3517 701 gratiam
3540 631 3779 701 Spiritus

2196 696 2385 766 sancti,
2404 704 2461 748 ut
2480 694 2730 766 quiprius
2747 694 3045 747 diemonum
3066 694 3351 766 phalangas
3373 694 3611 766 timebat,
3629 720 3779 758 nunc

2197 765 2381 818 iisdem
2403 763 2747 836 formidabilis
2763 779 2894 834 appa
2904 772 3033 836 rgat.
3047 768 3229 836 etsolo
3240 763 3454 836 aspectu
3473 763 3779 827 fraudulen-

2199 845 2306 888 tum
2333 835 2553 903 repellat
2576 843 2893 906 serpentem.
2922 833 3065 887 Talis
3084 835 3223 906 enim
3251 833 3331 891 est
3354 840 3519 906 gratia
3540 841 3778 901 Spiritus

2198 906 2365 959 sancti
2395 922 2407 957 :
2442 905 2526 957 ubi
2550 905 2689 957 enim
2719 918 2777 957 se
2804 905 3124 976 manifestat,
3156 903 3298 973 fugat
3335 903 3539 976 agmina
3568 911 3779 967 diuino-

2196 989 2343 1035 num.
2361 985 2682 1048 cunctasque
2704 983 2990 1048 potestates
3007 974 3354 1048 adversarios.
3375 974 3664 1048 Acripietis,
3688 984 3775 1035 in-

2194 1048 2340 1111 quit,
2371 1046 2600 1097 uirtutem
2630 1044 3015 1114 supervenientis
3046 1044 3269 1111 Spiritus
3301 1050 3458 1099 sancti
3495 1044 3546 1101 in
3572 1067 3660 1105 vos
3680 1094 3694 1114 ,
3723 1064 3777 1105 et

2195 1115 2332 1186 eritis
2375 1116 2498 1167 milii
2539 1125 2681 1166 testes
2723 1115 2774 1166 in
2801 1112 3083 1186 Jerusalem
3109 1156 3125 1179 ,
3149 1124 3197 1167 et
3231 1116 3285 1167 in
3308 1119 3442 1169 omni
3465 1112 3691 1186 Iudaea,
3722 1135 3776 1175 et

2197 1184 2433 1239 Samaria
2457 1225 2478 1254 ,Α
2505 1194 2549 1236 et
2584 1201 2738 1254 usque
2777 1183 2844 1254 ad
2879 1183 3105 1236 ultimum
3149 1195 3311 1238 terra.
3344 1187 3471 1251 Qua:
3494 1183 3771 1245 anteme:

2196 1254 2428 1324 potentia
2462 1252 2618 1326 fuerit
2638 1252 2664 1317 ,⁷
2682 1252 2839 1322 paulo
2866 1264 2987 1326 ante
3018 1254 3321 1326 insinuavit,
3352 1258 3535 1311 dicens
3564 1276 3574 1309 :
3606 1256 3774 1326 Inﬁr—

2196 1341 2301 1397 nios
2322 1334 2519 1397 curate,
2551 1323 2770 1389 leprosos
2801 1324 3064 1397 inundate,
3092 1324 3342 1397 dieinonia
3368 1328 3531 1393 ejicite
3552 1323 3769 1397 (Matth.

2196 1394 2283 1448 10.
2310 1395 2388 1462 8),
2419 1406 2471 1448 et
2495 1408 2839 1460 quaecumque
2868 1392 3125 1455 ejusmodi
3155 1390 3336 1462 :nulla
3372 1390 3511 1459 enim
3540 1390 3616 1451 est
3639 1440 3653 1461 ,
3687 1402 3775 1453 in-

2194 1465 2325 1533 quit,
2352 1460 2610 1537 argritumi
2641 1473 2744 1515 tam
2770 1462 3061 1537 gravis_._ut_
3082 1478 3182 1515 nun
3211 1460 3369 1515 cedat
3392 1466 3568 1520 virtuti
3592 1468 3767 1537 Spiri-

2196 1532 2276 1586 tus
2317 1534 2503 1587 sancti.
2550 1532 2837 1586 Tantorum
2869 1532 3020 1585 nobis
3050 1532 3304 1586 bonorum
3335 1549 3491 1588 causa
3528 1546 3602 1590 est
3630 1532 3767 1593 dies

2195 1602 2500 1677 bodiernns.
2527 1603 2711 1677 _ll_odie
2748 1602 2889 1655 enim
2934 1612 3248 1669 receperunt
3284 1604 3459 1674 angeli
3498 1623 3605 1673 qua:
3642 1609 3756 1677 jam

2191 1673 2389 1727 dudum
2422 1671 2740 1741 cupiebant,
2780 1681 3011 1743 nostram
3043 1680 3285 1743 naturam
3320 1671 3699 1743 conspicient'es
3723 1696 3757 1732 o

2192 1744 2352 1812 regali
2393 1751 2758 1796 coruscantem
2804 1742 3012 1794 tlirono.
3049 1741 3126 1812 (Et
3158 1752 3213 1794 ut
3241 1741 3593 1798 differentiam
3621 1752 3763 1802 servi

2191 1824 2244 1867 et
2262 1811 2467 1867 domini
2496 1813 2688 1877 discas,
2719 1812 2860 1865 Elias
2884 1811 3417 1882 qumodoassumptus
3436 1825 3536 1878 cst,
3563 1816 3614 1869 in
3646 1833 3769 1871 cur-

2191 1898 2251 1936 ru
2283 1885 2435 1952 igneo
2463 1882 2703 1937 sublatus
2729 1879 2910 1952 est“.
2934 1879 3060 1950 Reg.
3082 1881 3138 1948 2)
3165 1899 3177 1933 :
3201 1894 3254 1934 at
3278 1879 3491 1950 quando
3511 1886 3769 1942 Dominus

2190 1951 2372 2023 noster
2397 1968 2516 2006 cum
2541 1967 2720 2014 carne,
2738 1951 2911 2023 nubes
2936 1952 3000 2023 ad
3026 1966 3300 2023 ascensum
3328 1954 3619 2023 obsequuta
3646 1967 3767 2011 est.

2199 2022 2491 2076 Videntibus
2519 2025 2658 2074 cii‘m
2686 2021 2808 2084 illis,
2845 2020 3031 2088 inquit,
3052 2021 3267 2075 elevatus
3292 2031 3386 2087 est,
3411 2034 3460 2075 et
3479 2020 3645 2079 nubes
3673 2043 3767 2080 su-

2189 2097 2344 2161 scepit
2374 2110 2483 2146 cum
2514 2092 2576 2145 ob
2602 2092 2760 2145 oculis
2786 2107 2956 2145 eorum
2982 2091 3117 2160 (Act.
3157 2092 3207 2145 1.
3236 2092 3313 2160 9).
3345 2092 3410 2147 Ει
3435 2094 3524 2147 ille
3548 2096 3764 2162 quidem

2189 2164 2337 2228 quasi
2364 2165 2411 2216 in
2429 2164 2613 2216 castum
2636 2162 2931 2223 tollebatur,
2959 2177 3077 2214 nam
3104 2175 3287 2215 servus
3302 2172 3450 2227 erat;
3478 2163 3566 2217 hic
3586 2176 3764 2221 autem

2191 2233 2244 2286 iu
2295 2235 2465 2301 ipsum
2513 2233 2699 2287 caelum
2727 2272 2740 2293 ,
2769 2230 3015 2299 quoniam
3063 2232 3314 2285 Dominus
3336 2242 3471 2286 erat.
3505 2233 3640 2289 Ecce
3663 2236 3765 2290 duo

2188 2304 2282 2356 viri
2296 2303 2594 2356 additerunt
2617 2304 2668 2356 in
2685 2303 2893 2355 vestibus
2918 2301 3064 2366 albis,
3087 2302 3171 2370 qui
3196 2311 3241 2354 et
3268 2303 3501 2356 dixerunt
3523 2306 3594 2357 ad
3607 2306 3723 2359 illos
3746 2323 3765 2360 :

2192 2373 2290 2427 llic
2314 2373 2464 2426 Jesns
2484 2415 2500 2437 ,
2527 2374 2614 2441 qui
2638 2381 3018 2441 assumptusest
3045 2388 3076 2423 a
3100 2373 3234 2441 vobis
3259 2373 3311 2424 in
3338 2373 3518 2427 cwlum
3542 2415 3556 2435 ,
3583 2376 3656 2428 sic
3684 2391 3763 2428 ve-

2187 2444 2289 2496 niet
2326 2440 2745 2513 quemadmodum
2772 2440 2966 2513 vidistis
2993 2457 3105 2493 eum
3132 2442 3148 2507 (
3175 2440 3256 2493 ΙΙ».
3299 2458 3369 2513 v.7
3391 2443 3477 2496 10.
3518 2445 3579 2498 11
3609 2445 3648 2513 ).
3700 2446 3763 2500 Et

2187 2512 2398 2581 quando
2427 2528 2610 2568 servus
2636 2512 2906 2566 vocandus
2935 2520 3045 2565 erat
3069 2551 3083 2573 ,
3116 2526 3304 2565 currus
3341 2512 3720 2570 demittebatur
3746 2533 3761 2570 :

2186 2580 2397 2651 quando
2420 2599 2548 2638 vero
2571 2581 2750 2646 Filius,
2775 2582 2976 2650 ri-gium
3002 2580 3224 2651 solium;
3255 2596 3426 2651 neque
3451 2583 3763 2651 simpliciter

2186 2650 2375 2706 Soiium
2397 2692 2413 2715 ,
2443 2653 2535 2706 sed
2566 2654 2734 2721 ipsmn
2771 2651 2942 2721 Patris
2970 2650 3344 2721 solium._Audi
3374 2652 3513 2706 enim
3546 2650 3760 2709 Esaiam

2186 2737 2370 2791 magna
2404 2738 2531 2777 voce
2560 2718 2627 2777 de
2665 2723 2818 2791 Patre
2848 2720 3110 2774 dicentem
3141 2718 3314 2791 {Ecce
3342 2721 3582 2791 Dominus
3616 2726 3760 2778 sedet

2183 2790 2334 2859 super
2360 2793 2537 2844 nubem
2564 2795 2717 2846 levem
2742 2790 2891 2859 (Issi.
2924 2791 3009 2845 l9.
3036 2791 3108 2858 1).
3141 2790 3220 2845 Ob
3247 2790 3295 2844 id
3321 2799 3371 2844 ct
3398 2790 3528 2845 Filio
3553 2794 3757 2848 nubem

2187 2861 2422 2933 demisit.
2456 2862 2520 2933 Et
2547 2863 2686 2916 Elias
2707 2862 2917 2931 quidem
2948 2861 3259 2933 ascendens,
3289 2862 3510 2915 meloten
3534 2862 3759 2933 reliquit

2185 2929 2380 2984 Eiismo
2414 2950 2423 2982 :
2456 2932 2611 2986 Jesus
2654 2929 2828 2985 autem
2868 2930 3159 2985 ascendens
3195 2932 3479 2999 gratiarum
3517 2929 3668 2986 dona
3698 2935 3756 2987 iu

2182 3001 2769 3081 discipulosudimisitzn
2788 3016 2916 3081 quas
2948 3015 3051 3081 non
3082 3015 3251 3081 unum
3275 3000 3583 3081 prophetam
3609 3042 3625 3067 ,
3657 3004 3756 3057 sed

2183 3070 2414 3124 intinitos
2442 3073 2657 3126 Elis-mos
2687 3070 2940 3131 efﬁciunt,
2964 3078 3121 3138 atque
3145 3071 3309 3123 multo
3330 3085 3488 3139 quam
3520 3071 3608 3125 ille
3633 3083 3754 3127 erat

2183 3140 2412 3209 majores
2436 3150 2487 3195 et
2515 3142 2841 3195 illustriores.
2871 3139 2998 3206 Quae
3023 3140 3199 3193 omnia
3223 3140 3644 3204 considerantes,
3665 3143 3758 3197 vdi-

2182 3208 2472 3275 lectissimi,
2505 3212 2700 3264 mutuis
2728 3219 2777 3263 et
2806 3224 2902 3262 nes
2936 3209 3215 3262 Dominum
3243 3219 3481 3263 nostrum
3510 3225 3760 3266 remune-

2180 3293 2362 3333 remur
2403 3279 2557 3333 donis
2582 3324 2596 3343 ,
2628 3281 2829 3348 optimo
2858 3279 2977 3331 vita:
3003 3294 3233 3349 genere;
3264 3289 3320 3332 ut
3345 3280 3485 3333 sicut
3513 3280 3627 3349 ipse
3655 3296 3759 3336 nos

2180 3350 2407 3420 propriis
2448 3350 2760 3419 glorificavit
2796 3349 3276 3420 gratiarumAdonis
3299 3389 3314 3412 ,
3350 3350 3419 3401 ita
3446 3360 3501 3404 et
3525 3365 3622 3403 nos
3657 3368 3760 3420 per

2182 3419 2317 3472 bona
2342 3418 2503 3488 opera
2531 3431 2870 3488 sanctamque
2897 3419 3060 3471 vitam
3090 3418 3254 3472 Deum
3296 3420 3447 3472 nobis
3472 3418 3755 3477 reddamus

2179 3489 2463 3557 pr0pitium
2492 3487 3038 3560 [sannotiqgnefSpiﬂtus
3066 3490 3285 3560 gratiam
3310 3489 3748 3560 abundantiorem

2178 3556 2331 3612 nobis
2376 3556 2738 3630 conciliemus]
2783 3559 2821 3610 '.
2853 3556 3221 3612 Gluriticemus
3264 3559 3421 3627 igitur
3463 3559 3749 3630 Dominum

2178 3636 2456 3693 nostrum,
2489 3638 2542 3683 et
2591 3631 2779 3681 fastum
2823 3642 3034 3682 omnem
3074 3642 3250 3681 rerum
3293 3629 3632 3697 praesentium
3659 3631 3757 3685 de-

2176 3698 2477 3765 Spiciamus.
2510 3698 2633 3752 flare
2670 3700 2811 3752 enim
2856 3699 3051 3765 Optima
3081 3697 3316 3751 doctrina
3358 3698 3519 3753 etiam
3563 3699 3757 3755 infide-

2177 3768 2254 3820 les
2292 3767 2357 3820 ad
2392 3768 2666 3821 veritatem
2699 3768 3056 3822 manuducere
3086 3776 3276 3835 potest.
3323 3767 3437 3821 Non
3464 3770 3610 3822 enim
3643 3779 3749 3824 tam

2176 3836 2301 3906 quid
2329 3836 2585 3908 dicamus,
2622 3853 2773 3906 quam
2796 3837 2920 3908 quid
2947 3851 3181 3907 agamus,
3209 3836 3510 3908 attendunt.
3541 3840 3607 3893 Et
3630 3855 3755 3908 pro-

2174 3918 2360 3979 pterea
2373 3906 2615 3979 Christus
2634 3906 2847 3979 dicebat
2862 3926 2875 3961 :
2893 3906 3085 3961 Beatus
3104 3907 3193 3976 qui
3215 3906 3396 3979 fecerit
3413 3916 3469 3961 et
3488 3906 3751 3979 docuerit,

2175 3976 2463 4031 ostendens
2515 3977 2771 4031 factarum
2818 3977 3112 4046 doctrinam
3162 3976 3532 4046 perfectiorem
3579 3976 3747 4045 esse,

2174 4060 2331 4115 quam
2362 4047 2642 4117 verborum
2673 4047 2880 4117 (Matth.
2911 4048 2962 4101 5.
2993 4045 3081 4115 19)
3111 4063 3124 4099 :
3153 4045 3423 4116 magisque
3458 4048 3547 4102 illa
3574 4048 3747 4102 induci

2175 4130 2331 4188 posse
2354 4116 2585 4188 perﬁdos
2608 4116 2768 4187 atque
2794 4118 3020 4188 iniquos.
3052 4118 3158 4188 Deo
3182 4117 3338 4184 igitur
3359 4117 3570 4184 placere
3592 4127 3752 4188 atque

2175 4187 2394 4256 obsequi
2421 4186 2746 4257 Studeamus,
2774 4186 3061 4254 seduloque
3081 4187 3504 4257 victinguostram
3528 4186 3749 4257 conspo-

2175 4255 2360 4310 namus
2378 4296 2393 4321 ,
2422 4266 2480 4309 ut
2505 4266 2560 4311 et
2586 4256 2640 4310 S.
2674 4257 2900 4325 Spiritus
2924 4257 3153 4324 gratiam
3176 4255 3331 4309 nobis
3356 4255 3701 4310 cenciliemus
3727 4273 3742 4310 :

2171 4327 2249 4379 sic
2292 4329 2433 4380 enim
2478 4327 2543 4380 ad
2593 4327 2799 4381 virtutis
2849 4325 3156 4379 exercitium
3205 4326 3371 4394 magis
3411 4326 3741 4394 espediti__et

2173 4398 2400 4464 prompti
2447 4397 2685 4463 eriinus,
2717 4397 2942 4464 Spiritus
2980 4395 3146 4450 sancti
3185 4392 3379 4449 virtute
3411 4393 3594 4461 adjuti.
3638 4392 3738 4448 Ubi

2170 4466 2310 4519 enim
2338 4468 2500 4535 gratia
2529 4468 2756 4519 animam
2785 4466 3056 4526 sobrietati
3082 4479 3143 4519 ac
3166 4468 3522 4535 temperantia:
3541 4478 3737 4517 vacan-

2174 4544 2275 4588 tem
2307 4533 2600 4599 invenerit,
2646 4537 2717 4589 ibi
2756 4535 3035 4589 afﬂuenter
3058 4548 3118 4589 se
3146 4534 3409 4588 diffundit.
3441 4533 3618 4602 Quare
3645 4547 3743 4586 nos

2171 4620 2417 4675 paremus
2440 4645 2455 4669 ,
2485 4607 2707 4659 obsecro
2732 4647 2748 4671 ,
2777 4615 2835 4660 ut
2876 4605 3105 4674 Spiritus
3151 4605 3316 4675 sancti
3365 4604 3742 4675 coeperatimie

2170 4673 2336 4742 adjuti
2366 4683 2420 4730 et
2461 4676 2755 4752 confirmati
2784 4716 2799 4742 ,
2833 4685 3146 4752 praisentein
3187 4673 3742 4752 banc_vitam__absqne

2170 4760 2403 4800 munere
2444 4747 2793 4814 transigamus
2815 4742 2847 4809 ,⁷
2860 4755 2914 4799 et
2943 4744 3133 4798 futuris
3169 4744 3350 4814 arterni
3382 4742 3560 4811 gaudii
3594 4744 3743 4814 bonis

2170 4816 2525 4894 perfruamur,
2553 4811 2855 4884 ciiiestique
2882 4829 3046 4883 regno
3073 4814 3215 4894 digni
3236 4812 3580 4894 efficiamur:
3605 4811 3741 4892 quod

2169 4884 2571 4963 utinamomnes
2590 4899 2997 4963 consequamur,
3014 4884 3178 4963 gratia
3194 4892 3248 4963 et
3270 4884 3591 4963 benignitate
3606 4884 3739 4963 ejus,

2170 4956 2260 5025 qui
2290 4956 2519 5032 redemit
2544 4970 2642 5009 nos
2668 4953 2903 5032 pretioso
2929 4953 3130 5032 vivifici
3149 4953 3328 5032 lateris
3350 4953 3432 5032 sui
3462 4953 3741 5032 sanguine:

2167 5020 2222 5100 et
2261 5025 2330 5100 ab
2365 5020 2932 5100 erroreservituteque
2958 5038 3055 5100 nos
3079 5022 3358 5100 liberavit,
3386 5020 3514 5100 Jesu
3542 5020 3737 5100 Christi

2172 5094 2378 5148 Domini
2408 5095 2571 5148 nostri
2592 5134 2609 5162 ,
2639 5110 2794 5163 quem
2822 5091 2975 5148 decet
3005 5094 3249 5163 honoret
3271 5091 3503 5161 potentia
3521 5131 3537 5152 ,
3568 5091 3740 5143 omnis

2167 5178 2376 5234 quoque
2415 5164 2580 5234 gloria
2622 5162 2677 5219 et
2709 5163 3093 5234 magnificentia
3119 5200 3134 5224 ,
3165 5162 3345 5234 Patri,
3374 5168 3430 5215 et
3449 5167 3645 5234 sancto
3664 5171 3730 5234 ac

2168 5230 2376 5357 nunc:
2404 5230 2641 5303 Spiritui,
2660 5230 2881 5289 nunc'et
2903 5246 3134 5303 semper,
3151 5240 3207 5287 et
3232 5230 3284 5285 in
3305 5230 3499 5286 saecula
3520 5230 3691 5284 saeculi
3710 5253 3743 5267 -η

2168 5318 2303 5357 rum.
2383 5318 2523 5357 men.

2166 5318 2303 5357 rum.
2334 5318 2523 5357 amen.

2230 5415 2246 5483 ξ
2282 5421 2409 5474 time,
2432 5428 2541 5479 quae
2564 5419 2752 5483 uncinis
2771 5416 3070 5483 clauduntur,
3096 5414 3146 5467 in
3165 5423 3326 5467 amco
3360 5426 3458 5466 non
3480 5412 3735 5469 habent”.

2166 5475 2405 5526 habentur
2428 5475 2590 5528 autem
2614 5480 2661 5529 in
2683 5479 2871 5529 sas-ilio.
