4058 6222
517 213 619 271 815

518 333 576 395 ut
596 339 785 395 aquam
814 325 880 381 de
908 323 1050 381 fonte
1075 326 1448 381 seaturientcm
1475 343 1488 378 :
1513 323 1647 379 sicut
1673 333 1726 395 et
1749 323 1816 380 de
1843 324 2091 395 paradiso

515 393 713 449 dictum
739 406 820 450 est
847 413 859 448 :
887 395 1096 450 Flavius
1123 406 1288 450 autem
1314 395 1550 466 procedit
1571 412 1634 448 ea:
1674 393 2008 466 Edem‘(Cen.
2031 394 2089 450 2.

519 466 645 534 10);
674 467 909 534 procedit
946 476 999 520 et
1043 466 1282 521 scaturit.
1316 464 1484 535 Pater
1529 464 1646 518 fons
1688 481 1836 535 aqua;
1865 464 2094 520 viventis

517 535 736 599 dicitur,
780 536 1068 590 secundum
1113 535 1420 605 prophetam
1465 534 1791 588 Jeremiam:
1827 536 2095 603 Obstupuit

520 605 700 657 coelum
729 605 1026 674 super'hoc,
1052 615 1096 658 et
1126 606 1319 658 horruit
1361 605 1506 658 valde
1532 615 1664 658 terra
1682 645 1698 670 ,
1729 607 1962 674 quoniam
1993 606 2096 659 duo

520 674 727 727 et.mala
756 676 870 740 fecit
906 676 1124 743 papulas
1153 691 1291 728 meus
1321 691 1341 744 ξ
1367 691 1446 728 nte
1494 675 1858 744 dereliquerunt
1910 676 2095 742 fontem

523 744 893 820 aquwyitetttis
923 744 1055 812 (Jer.
1075 744 1130 799 2.
1145 745 1240 820 '12.
1257 743 1370 820 i3).
1401 745 1614 820 Divinus
1641 743 1818 820 sermo
1838 744 2094 820 deﬁniens

513 811 730 866 ‘Patre'm
757 811 952 867 fontem
984 829 1154 883 aqum,
1185 811 1383 884 inducit
1410 830 1472 868 ex
1498 817 1638 869 fonte
1661 815 1782 867 vitae
1809 829 2000 884 aquam
2025 815 2092 868 vi-

520 896 640 953 vam
669 897 790 953 qua}
818 884 1055 952 procedit
1084 902 1095 937 :
1131 884 1229 949 Qui
1258 901 1289 936 a
1313 883 1474 938 Patre
1518 884 1739 953 procedit
1768 883 1963 952 (Jban.
2006 885 2090 939 15.

521 950 638 1023 26).
661 951 794 1023 Quid
821 950 1061 1021 procedit
1080 954 1354 1022 ?‘Spiritus
1376 950 1606 1008 sanctus.
1635 950 1873 1020 Quonam
1904 955 2096 1023 pacto?

521 1021 715 1074 Sicuta
746 1021 896 1076 fonte
913 1039 1067 1094 aqua.
1099 1021 1392 1079 Unde'hoc
1433 1023 1573 1094 quod
1612 1024 1837 1092 Spiritus
1879 1021 2096 1079 sanctus

521 1104 655 1161 aqua
686 1093 938 1161 vocetur?
968 1093 1100 1147 Dicit
1128 1094 1371 1148 Salvator
1399 1112 1412 1147 :
1448 1093 1548 1159 Qui
1572 1094 1728 1147 credit
1754 1094 1805 1147 in
1847 1111 1944 1161 me,
1970 1095 2096 1148 sicut

523 1160 653 1233 dixit
675 1160 975 1233 Scriptura,
1006 1161 1247 1216 Flumina
1280 1180 1344 1217 ea:
1381 1174 1547 1217 ventre
1592 1166 1701 1232 ejus
1749 1163 1924 1232 ﬂuent'
1954 1179 2098 1233 aqua:

521 1232 644 1284 vitae
664 1230 682 1300 (
702 1230 928 1304 Iouini
967 1233 1074 1304 33)
1107 1249 1121 1286 :
1153 1243 1205 1288 et
1235 1235 1588 1304 interpretans
1612 1230 1932 1304 evangelista
1961 1230 2097 1288 hanc

521 1315 710 1369 aquam
735 1301 913 1357 subdit
937 1319 949 1355 :
977 1301 1090 1356 Hoc
1110 1313 1275 1356 autent
1299 1301 1492 1357 dicebat
1511 1304 1574 1357 de
1597 1303 1815 1372 Spiritu,
1841 1320 1985 1372 quem
2013 1320 2098 1356 ac-

520 1371 878 1444 cepturierant
902 1374 1154 1444 credentes
1195 1374 1247 1426 in
1275 1390 1386 1426 eum
1412 1375 1429 1441 (
1459 1373 1592 1444 Ibid.
1624 1373 1819 1444 v.39).
1851 1371 1905 1427 Si
1939 1373 2097 1442 igitur

521 1441 841 1512 evangelista
894 1442 1127 1498 Joannes
1181 1443 1456 1497 declarans
1515 1441 1785 1512 Spiritum
1817 1441 2091 1509 sanctum,

523 1509 657 1564 dixit
680 1525 868 1578 aquam
898 1513 1065 1565 vivam
1091 1554 1103 1576 ,
1130 1512 1288 1566 Pater
1311 1523 1488 1566 autem
1513 1509 1671 1576 dicit,
1706 1513 1791 1565 ille
1818 1513 2097 1581 derelique-

527 1590 644 1631 runt
701 1583 890 1652 [autem
936 1598 1079 1652 aquis
1117 1582 1426 1636 vivae:ions
1465 1584 1690 1650 Spiritus
1743 1583 1917 1644 Pater,
1969 1599 2095 1652 pro-

523 1657 704 1723 pterea
736 1651 986 1723 ctiame
1017 1652 1184 1723 Patre,
1201 1652 1460 1723 procedit.
1499 1653 1696 1706 Dicitur
1723 1653 1878 1720 igitur
1908 1651 2095 1723 (repe-

523 1719 856 1791 tet-eliceat)
897 1719 1124 1791 Spiritus
1170 1721 1282 1786 Dei,
1337 1731 1390 1775 et
1438 1721 1663 1790 Spiritus
1693 1719 1781 1791 qui
1830 1719 2094 1786 cx'Dco,

523 1787 750 1860 Spiritus
790 1787 994 1856 Patris,
1021 1802 1074 1846 et
1093 1790 1318 1860 Spiritus
1341 1791 1430 1860 qui
1454 1787 1491 1844 a'
1505 1792 1662 1846 Patre
1689 1787 1944 1858 procedit.
1972 1791 2096 1859 Spi-

523 1859 680 1929 ritum
734 1859 938 1929 Domini
977 1859 1201 1915 testatur
1226 1859 1443 1915 [lesaias
1484 1862 1534 1914 in
1579 1876 1802 1929 persona
1849 1860 2048 1929 Christi
2083 1880 2095 1912 ι

523 1925 759 2000 Spiritus,
775 1928 977 1982 Domini
1004 1946 1157 1998 super
1186 1947 1263 1983 me
1290 1947 1309 1984 :
1338 1947 1394 1983 eo
1419 1930 1561 2000 quod
1577 1925 1772 1984 unxerit
1814 1945 1908 2000 me,
1931 1932 1949 2000 ('
1969 1928 2094 1982 Isai.

523 1997 580 2065 (il
598 2035 609 2047 .
631 1999 698 2056 l).
727 1999 793 2052 Et
821 1999 1014 2053 Paulus
1040 2017 1052 2050 :
1081 1999 1326 2053 Dominus
1345 2008 1508 2053 autem
1535 1999 1778 2065 Spiritus.
1814 1998 1910 2052 Ubi
1933 1997 2100 2052 autem

525 2064 752 2136 Spiritus
783 2069 1006 2136 Domini,
1034 2070 1102 2123 ibi
1130 2068 1332 2122 libertas
1354 2066 1428 2134 (2.
1457 2064 1584 2120 Cor.
1609 2067 1662 2120 5.
1697 2065 1804 2134 17).
1826 2066 1880 2118 Si
1905 2066 1989 2118 ubi
2016 2069 2108 2136 ad:

517 2133 670 2206 venit
695 2138 924 2206 Spiritus
949 2181 963 2204 ,
992 2133 1066 2194 ibi
1093 2149 1173 2193 est
1205 2133 1442 2201 libertas,
1475 2150 1598 2190 num
1629 2136 1740 2204 ipse
1761 2133 1843 2188 est
1871 2148 2058 2206 servus
2084 2133 2106 2188 ?

523 2203 790 2279 Si-eoruin
817 2209 883 2264 ad
913 2203 1048 2279 qUos
1067 2208 1271 2263 accedit
1289 2207 1516 2279 Spiritus
1545 2203 1780 2279 sanctus,
1804 2203 1962 2258 solvit
1987 2219 2104 2258 ser-

524 2275 706 2347 vitutis
723 2275 1000 2346 jugum,_et
1024 2286 1236 2347 prmstat
1256 2275 1339 2332 eis
1359 2277 1615 2331 libertatis
1638 2289 1918 2347 personam
1939 2290 1952 2326 :
1977 2289 2108 2347 quo:

524 2346 684 2400 modo
707 2343 819 2416 ipse
848 2343 1066 2402 servus?
1087 2348 1352 2418 quomodo
1377 2348 1594 2415 largitur
1615 2343 1755 2415 quod
1776 2361 1880 2418 non
1908 2343 2058 2418 habet
2082 2344 2106 2398 Ἰ

523 2414 790 2486 quomodo
813 2433 934 2471 cum
981 2414 1201 2486 ipse'sit
1245 2414 1729 2482 servus,linertate
1757 2416 1960 2468 donat?
1991 2414 2104 2469 Non

524 2485 717 2555 audiSti
747 2488 966 2542 Paulum
997 2485 1262 2542 dicentem
1284 2527 1297 2548 ,
1325 2486 1438 2540 Lex
1473 2487 1605 2538 enim
1640 2487 1865 2555 Spiritus
1907 2486 2020 2538 rita:
2051 2487 2104 2539 in

523 2553 724 2610 Christo
761 2556 887 2612 Jesu
915 2557 1124 2612 liberum
1146 2575 1225 2612 me
1253 2557 1470 2610 reddidit
1501 2556 1519 2626 (
1542 2553 1691 2610 Rom.
1723 2559 1774 2610 8.
1805 2556 1840 2610 2
1864 2555 1917 2625 )?
1945 2555 2104 2626 Libe-

524 2628 885 2698 rosnereddit
911 2628 1138 2698 Spiritus
1177 2642 1380 2693 servos,
1407 2625 1711 2696 qui'natura
1741 2640 1834 2679 sua
1870 2641 1972 2698 non
2011 2625 2106 2680 ha-

525 2695 613 2749 bet
656 2695 992 2754 libertatem'?
1024 2699 1154 2753 Nam
1181 2699 1227 2754 si
1249 2695 1459 2754 creatus
1484 2707 1586 2763 est,
1615 2707 1669 2752 et
1694 2711 1878 2752 servus
1913 2697 2100 2764 factus,

525 2779 629 2819 non
657 2768 830 2823 reddit
857 2770 1100 2825 liberum.

593 2837 646 2890 2.
663 2838 738 2893 Ne
754 2855 848 2894 vos
864 2840 1276 2911 sophismatibus
1292 2839 1709 2895 circumveniant
1729 2837 2104 2912 limretici.Non

523 2905 643 2979 dico
668 2925 787 2963 eum
816 2905 1027 2966 servum
1053 2954 1068 2979 ,
1102 2929 1208 2968 tton
1229 2920 1523 2967 creaturam
1552 2929 1564 2964 :
1588 2925 1724 2964 nova
1750 2909 1865 2964 haac
1889 2919 1969 2963 est
1997 2909 2106 2963 bte-

524 2978 677 3032 resis.
702 2980 996 3036 Periculum
1015 2978 1094 3038 eSt
1117 2998 1181 3037 ne
1203 2983 1300 3035 tria
1329 2981 1584 3051 principia
1606 2979 1874 3048 inducant,
1899 2981 2107 3051 increa-

525 3057 657 3120 tum,
685 3060 944 3118 creatum,
964 3063 1015 3106 et
1036 3053 1178 3106 aliud
1205 3049 1386 3106 nescio
1409 3049 1677 3120 quumodo
1696 3066 1900 3104 vocem.
1931 3049 2104 3120 Spiri-

526 3118 731 3192 tus-Dei
752 3162 766 3186 ,
795 3120 1022 3189 Spiritus
1047 3122 1136 3192 qui
1169 3138 1236 3178 ex
1265 3125 1372 3175 Deo
1398 3118 1668 3192 {Spiritus
1703 3121 1875 3192 Patris
1895 3162 1909 3188 ,
1933 3118 2104 3192 Spiri-

523 3197 610 3261 t_u_s
634 3191 736 3261 qui
776 3192 992 3247 a-Patre
1022 3191 1259 3261 procedit
1287 3210 1299 3247 :
1333 3191 1563 3261 Spiritus
1609 3191 1846 3252 Domini,
1879 3191 2104 3261 Spiritus

525 3256 675 3331 Eilii.
693 3260 841 3326 Quod
870 3256 1036 3315 autem
1060 3264 1170 3316 sitis
1199 3262 1314 3331 ﬁlii,
1341 3256 1466 3316 dicit
1494 3261 1787 3331 apostolus,
1807 3256 1940 3314 misit
1967 3260 2104 3315 Deus

527 3327 777 3396 Spiritum
803 3331 926 3385 Filii
956 3335 1037 3387 sui
1071 3335 1124 3387 in
1167 3327 1322 3387 corda
1365 3327 1556 3397 nostra,
1589 3327 1919 3394 clamantem,
1965 3331 2105 3384 Abba

521 3397 684 3474 Pater
709 3400 852 3473 (Cal.
876 3404 934 3457 «6.
963 3402 1037 3474 6).
1071 3404 1208 3459 Ecce
1235 3405 1348 3474 ipse
1377 3403 1606 3474 Spiritus
1643 3402 1778 3474 Filii.
1824 3404 1943 3456 Alio
1986 3403 2104 3456 loco

523 3470 728 3543 iterum
746 3470 1006 3543 Spiritum
1025 3474 1222 3530 Christi
1245 3470 1372 3529 dicit
1409 3470 1605 3529 Paulus
1638 3492 1650 3526 :
1691 3471 1788 3526 Vos
1813 3483 1976 3525 autent
2002 3489 2104 3526 non

523 3541 641 3616 estis
666 3544 729 3616 in?
747 3541 899 3598 carne
919 3586 934 3611 ,
964 3545 1052 3600 sed
1081 3548 1134 3600 in
1156 3546 1357 3616 Spiritu
1384 3561 1401 3600 :
1429 3546 1673 3608 siquidem
1703 3543 1928 3616 Spiritus
1957 3543 2104 3616 Chri-

522 3613 587 3664 sti
614 3613 804 3668 habitat
817 3617 879 3691 _in
907 3616 1042 3671 vobis
1057 3613 1230 3691 (Itoni.
1251 3617 1304 3671 8.
1330 3617 1408 3688 9).
1423 3616 1676 3691 Qbsecro,
1698 3614 2103 3669 animadvertite

521 3695 760 3753 sanctam
803 3687 951 3742 hanc
989 3687 1396 3743 connexionem.
1437 3688 1596 3753 Quasi
1641 3694 1880 3739 catenam
1912 3699 2102 3752 quam-

521 3752 642 3825 dam
690 3769 926 3812 sanctam
971 3769 1024 3814 et
1057 3760 1229 3813 vivam
1271 3775 1337 3814 ex
1385 3752 1576 3825 triplici
1631 3755 1860 3824 potentia
1905 3755 2104 3809 inducit

523 3823 740 3900 Paulus,
771 3837 1010 3884 naturam
1039 3829 1367 3900 conjungens
1396 3823 1837 3900 inseparabilem,
1861 3835 1914 3880 et
1942 3826 1994 3878 iu
2024 3825 2104 3879 di-

522 3896 691 3950 versis
719 3900 1020 3954 nominibus
1037 3895 1193 3954 unam
1212 3895 1458 3955 virtutem
1481 3895 1753 3952 indicans:
1784 3895 1885 3950 Vos
1912 3907 2099 3962 autent,

523 3964 713 4035 inquit,
745 3985 845 4022 non
891 3972 1008 4024 estis
1052 3973 1103 4024 in
1139 3988 1306 4034 carne,
1335 3971 1421 4024 sed
1440 3971 1491 4023 in
1521 3968 1739 4036 Spiritu.
1775 3968 1912 4021 Ecce
1939 3967 2103 4034 Spiri.

523 4044 655 4110 tutu.
690 4039 950 4110 Siquidem
977 4041 1202 4110 Spiritus
1222 4041 1325 4094 Dei
1355 4040 1543 4092 habitat
1568 4040 1620 4092 in
1645 4039 1798 4091 vobis.
1819 4037 1951 4091 Vide
1970 4036 2098 4110 Spi-

521 4106 829 4182 ritum‘Dei.
855 4109 915 4164 Si
949 4106 1112 4165 autem
1155 4114 1266 4182 quis
1305 4111 1557 4178 Spiritum
1584 4110 1779 4182 Christi
1816 4125 1917 4162 non
1957 4109 2103 4182 habet

523 4173 732 4250 (ibid)
763 4179 827 4232 Et
853 4195 980 4235 sane
999 4173 1276 4250 oportebat
1305 4173 1484 4235 dicere
1504 4223 1517 4242 ,
1551 4181 1594 4234 si
1632 4181 1750 4249 quis
1776 4189 1950 4232 autem
1980 4181 2101 4246 Spi-

521 4247 679 4320 ritum
710 4249 804 4304 Dei
830 4265 936 4304 non
957 4247 1113 4307 habet
1136 4270 1150 4306 :
1173 4253 1266 4306 sed
1294 4251 1432 4305 dixit
1452 4247 1701 4320 Spiritum
1719 4249 1901 4303 Christi
1930 4265 1948 4302 :
1973 4250 2103 4303 dixit

519 4317 770 4392 Spiritum
801 4321 912 4392 Dei,
935 4332 990 4376 et
1015 4323 1190 4377 subdit
1207 4323 1459 4392 Spiritum
1482 4317 1694 4376 Christi.
1722 4320 1783 4375 Si
1809 4321 1919 4392 quis
1936 4331 2101 4373 autem

521 4387 774 4461 Spiritum
802 4387 988 4447 Christi
1016 4410 1116 4447 non
1155 4387 1327 4461 habet,
1369 4395 1451 4446 hic
1489 4409 1590 4446 non
1633 4402 1704 4444 est
1744 4387 1873 4461 ejus.
1906 4391 2101 4445 Verum

523 4457 626 4514 huc
667 4463 829 4525 dixit,
864 4474 920 4517 ut
973 4465 1237 4529 ostendat,
1266 4457 1322 4518 si
1353 4464 1578 4534 Spiritus
1607 4465 1702 4528 sit,
1732 4457 1786 4514 et
1830 4463 2101 4534 Christum

521 4545 676 4596 esse;
702 4543 756 4588 et
802 4534 938 4589 idem
998 4531 1436 4601 esse,Christuin
1485 4535 1705 4601 adesse,
1747 4542 1802 4586 et
1844 4531 2101 4599 Spiritum

519 4601 731 4675 adesse,
757 4605 1001 4675 idemque
1019 4622 1159 4672 esse,
1179 4608 1433 4675 Spiritum
1459 4606 1550 4660 Dei
1569 4606 1744 4658 dicere
1767 4613 1821 4657 et
1847 4603 2099 4670 Spiritum

483 4678 486 4686 ‘
520 4670 741 4727 Christi.
767 4674 860 4728 Est
881 4670 1040 4745 igitur
1061 4670 1287 4745 Spiritus
1309 4685 1544 4739 sanctus,
1574 4676 1802 4743 Spiritus
1831 4675 2096 4727 veritatis:

522 4745 670 4816 quasi
702 4747 821 4814 quis
848 4747 988 4802 dicat
1032 4747 1285 4816 Spiritum
1314 4746 1432 4801 Filii
1462 4764 1475 4800 :
1505 4747 1632 4816 quia
1658 4746 1902 4798 Salvator
1931 4745 2057 4797 dicit
2082 4788 2096 4808 ,

523 4813 634 4883 Ego
659 4813 773 4888 sunt
800 4818 981 4873 veritas
1010 4813 1364 4888 (Joan.li.6).
1396 4813 1597 4871 Dicit—ur
1615 4817 1844 4888 Spiritus
1862 4817 2100 4888 vrriiatis

521 4889 610 4951 qui
641 4897 723 4940 est
753 4887 981 4956 Spiritus
1018 4885 1172 4949 'Filii.
1202 4885 1339 4943 sicut
1364 4889 1492 4942 dicit
1519 4885 1710 4942 Paulus
1745 4903 1760 4940 :
1795 4885 1936 4940 Misit
1967 4885 2099 4940 Deus

523 4956 931 5033 Spiritumil'ilii
967 4963 1070 5033 sui
1096 4960 1235 5033 (Cal.
1267 4961 1322 5014 4.
1352 4960 1432 5031 6).
1457 4959 1554 5033 Est
1590 4960 1748 5033 igitur
1783 4957 2100 5033 etHSpiritus

522 5023 665 5101 Filii,
697 5039 749 5101 et
773 5031 1000 5098 Spiritus
1024 5023 1139 5100 ejus
1178 5033 1264 5101 qui
1311 5023 1557 5085 excitavit
1590 5023 1769 5084 Iesum
1805 5023 2094 5101 Christum.

526 5097 591 5171 lit
632 5099 750 5150 audi
798 5101 1014 5156 Paulum
1054 5097 1224 5171 ipsum
1253 5103 1514 5157 dicentem
1541 5117 1553 5153 :
1587 5101 1646 5154 Si
1674 5113 1840 5153 autent
1869 5099 2099 5171 Spiritus

523 5168 633 5240 {jus
649 5171 733 5234 qui
754 5174 1004 5226 suscitavit
1024 5168 1198 5227 Iesum
1213 5171 1470 5227 Christum
1495 5173 1680 5225 habitat
1695 5173 1746 5225 in
1767 5170 1902 5223 vobis
1922 5169 2095 5240 (Rom.

523 5238 577 5290 8-
612 5239 720 5306 ll).
747 5241 870 5296 Harc
901 5246 1112 5297 nomina
1144 5255 1346 5299 sanctis
1386 5253 1441 5298 et
1473 5243 1825 5296 immaculata:
1866 5238 2096 5305 virtutis,

524 5307 694 5360 sancti
723 5321 776 5365 et
799 5313 1052 5368 adorandi
1085 5314 1312 5385 Spiritus
1339 5331 1354 5367 :
1381 5322 1574 5385 suntet
1601 5313 1700 5385 ali_a
1728 5311 1961 5385 nomina,
1989 5326 2096 5364 non

526 5387 728 5432 natura:
761 5381 1162 5455 convenientia,
1191 5385 1286 5440 sed
1311 5384 1625 5455 operationi.
1653 5381 1952 5455 Profuindus
1981 5395 2094 5455 ser-

526 5465 634 5506 mo.
662 5459 718 5504 ct
758 5466 892 5517 opus
923 5453 1080 5508 habet
1127 5452 1364 5510 auribus
1387 5455 1636 5517 attentis,
1681 5453 1899 5508 munitis
1944 5460 1998 5504 et
2038 5452 2098 5503 li-

532 5521 761 5595 deiilms.
791 5521 1211 5595 Dicitur_antetn
1265 5527 1457 5581 iterum
1502 5525 1744 5595 Spiritus_
1764 5524 1883 5577 vita:
1909 5521 2096 5595 ;_qttia

522 5585 774 5665 Salvator
795 5593 940 5658 dicit,
973 5593 1086 5664 Ego
1113 5611 1221 5648 sunt
1270 5600 1452 5650 veritas
1492 5585 1663 5650 et'vita
1689 5592 1865 5665 (Joan.
1903 5585 2094 5665 lifti).

523 5653 727 5714 υιυίιυτ
753 5653 978 5736 Spiritus
1003 5653 1144 5734 v'ittc,
1171 5667 1305 5722 sicut
1326 5676 1381 5722 et
1407 5667 1598 5722 Paulus
1623 5653 1779 5720 dicit:
1803 5663 1912 5719 Lex
1937 5653 2099 5734 Spiri-

2029 210 2294 272 SPURIA.‘

3673 219 3780 275 8H3

2199 339 2278 382 tus
2320 329 2639 395 vitte(Rotn.
2689 329 2742 385 8.
2788 328 2878 396 Ξ).
2935 332 3058 384 Ilaec
3105 330 3316 384 nomina
3364 330 3603 398 ejusdem
3658 345 3777 387 sunt

2197 400 2568 467 auctoritatis,
2646 409 2701 454 et
2777 400 3014 468 ejusdem
3089 409 3314 454 natura.
3383 401 3519 455 Sunt
3594 411 3776 457 autem

2197 471 2297 542 alia
2323 473 2560 542 nomina.
2587 486 2705 538 quin
2749 485 2853 524 non
2880 470 3273 542 adscribuntur
3314 482 3501 526 sancto
3532 472 3778 542 Spiritui,

2199 540 2290 593 sed
2316 541 2492 593 virtuti
2520 549 2572 594 et
2597 540 2892 611 operationi
2917 541 3065 609 ejus;
3093 551 3149 594 ut
3167 551 3291 596 sunt
3319 542 3457 596 dona
3485 540 3624 610 ejus.
3653 543 3782 598 Dico

2198 621 2396 681 autem,
2428 620 2481 664 et
2521 622 2643 664 ante
2676 611 2890 681 declaro
2931 612 3272 674 sententiam,
3303 622 3486 681 postea
3533 615 3783 668 testimo—

2199 680 2342 733 nium
2388 681 2817 736 subiuducturus.
2865 680 3090 747 Quando
3127 681 3218 735 da‘t
3262 680 3492 749 spiritus
3536 694 3782 750 sanctus,

2199 751 2447 819 precibus
2476 762 2797 819 sanctorum,
2827 752 2913 806 vel
2939 751 3068 806 mihi
3089 793 3104 816 ,
3134 752 3218 806 vel
3248 753 3405 807 alicui
3444 754 3787 808 Christiano-

2199 835 2317 874 rum
2344 821 2813 876 sancttﬁcationem
2835 863 2850 886 ,
2879 833 2934 878 et
2962 822 3165 890 accipio
3192 821 3386 877 donum
3405 864 3420 886 ,
3451 823 3523 877 ita
3551 833 3605 877 nt
3655 838 3786 876 san-

2199 899 2342 962 ctum
2367 891 2584 945 habeam
2618 901 2670 962 et
2693 907 2886 962 corpus
2913 902 2966 947 et
2991 892 3244 958 animam,
3270 892 3468 947 donum
3504 894 3637 949 mihi
3667 895 3784 947 col—

2201 959 2360 1013 latum
2389 971 2608 1015 vocatur
2626 959 2852 1031 Spiritus
2881 962 3314 1017 sanctiﬁcationis
3333 1003 3349 1026 ,
3377 962 3480 1018 hoc
3505 972 3588 1017 est
3609 1007 3625 1028 ,
3651 965 3784 1018 cha-

2205 1031 2385 1102 risma.
2412 1031 2465 1086 Si
2513 1031 2719 1086 dederit
2760 1033 2987 1102 Spiritus
3029 1041 3243 1087 sanctus
3285 1033 3513 1100 cuipiam
3554 1034 3783 1100 donum,

2200 1115 2306 1174 non
2339 1101 2550 1174 habenti
2581 1101 2914 1174 sapientiam,
2943 1104 3025 1174 vel
3067 1117 3171 1174 non
3221 1103 3434 1174 habenti
3480 1105 3785 1174 intelligen-

2204 1170 2350 1242 tiam,
2387 1171 2479 1225 sed
2523 1170 2688 1226 solam
2735 1172 2890 1228 ﬁdem
2936 1173 3026 1228 det
3077 1173 3183 1234 illi,
3215 1173 3398 1242 quales
3447 1184 3571 1228 sunt
3627 1170 3782 1227 niulti

2203 1239 2457 1313 habentes
2483 1243 2656 1313 dona,
2699 1253 2754 1296 ut
2801 1244 3016 1298 credant
3059 1239 3367 1310 Scripturis,
3403 1245 3489 1312 qui
3532 1249 3783 1313 ignorant

2200 1309 2530 1378 Scripturas,
2564 1312 2686 1367 licet
2730 1313 2832 1366 illis
2875 1313 3128 1378 credant,
3153 1309 3373 1367 vocatur
3414 1309 3606 1368 donuin
3641 1314 3777 1368 illud

2207 1379 2432 1452 Spiritus
2481 1382 2621 1436 ﬁdei.
2651 1382 2708 1436 Si
2738 1383 2856 1452 quis
2904 1383 3128 1452 accipiat
3152 1384 3398 1438 virtutem
3425 1393 3474 1438 et
3499 1385 3700 1437 donum
3740 1400 3777 1436 ει

2201 1449 2400 1522 Spiritu
2422 1521 2425 1522 ν
2449 1462 2654 1517 sancto,
2687 1449 2965 1508 ufcredat
2993 1449 3328 1521 promissioni
3369 1455 3612 1508 bonorum
3642 1469 3775 1522 qua:

2201 1519 2393 1592 dantur
2416 1521 2467 1592 in
2497 1522 2674 1576 futuro
2716 1524 2912 1578 szcculo
2932 1566 2948 1588 ,
2979 1519 3065 1577 ille
3102 1522 3357 1592 Spiritum
3401 1519 3768 1591 promissionis

2201 1590 2413 1663 accipit.
2437 1591 2497 1663 Si
2529 1595 2646 1661 quis
2685 1595 2874 1663 accipit
2909 1603 2965 1648 et
2996 1590 3276 1661 sapientia:
3304 1590 3519 1658 donum,
3548 1603 3769 1646 vocatur

2202 1659 2398 1714 donum
2427 1659 2655 1732 Spiritus
2699 1659 2988 1732 sapientiae.
3034 1659 3096 1716 Et
3139 1663 3333 1731 ubique
3376 1664 3513 1718 dona
3545 1663 3768 1730 Spiritus

2206 1741 2460 1802 vocantur
2500 1733 2746 1801 Spiritus.
2798 1734 3024 1788 Attende
3063 1733 3357 1802 diligenter,
3404 1735 3528 1787 dum
3573 1748 3669 1787 nos
3713 1734 3768 1786 in

2204 1799 2372 1868 ﬁgura
2397 1817 2463 1855 ex
2495 1799 2643 1871 parte
2671 1804 3059 1871 Speculationes
3087 1799 3180 1857 tibi
3205 1803 3553 1857 declaramus.
3583 1803 3777 1856 Venia-

2204 1885 2323 1942 mus
2366 1887 2492 1941 ergo
2536 1873 2600 1925 ad
2651 1873 3398 1937 demonstrationes.Quando
3450 1873 3566 1942 quis
3617 1873 3778 1927 habet

2204 1938 2400 2011 donum
2431 1938 2935 2007 'caritatis,dicitur
2974 1943 3170 1998 habere
3210 1938 3478 2011 Spiritum'
3515 1943 3775 1996 caritatis.

2204 2007 2426 2082 Quando
2448 2011 2569 2082 quis
2596 2012 2862 2081 acceperit
2902 2011 3099 2066 donum
3142 2007 3409 2082 martyrii,
3437 2013 3629 2067 dicitur
3677 2013 3775 2063 ha-

2213 2075 2350 2154 here_
2369 2075 2620 2154 Spiritum
2652 2075 2860 2154 virtutis
2879 2124 2894 2148 ,
2926 2085 3029 2140 hoc
3067 2094 3166 2148 εει,
3191 2075 3406 2138 άοιῖιηη.
3429 2087 3544 2140 Jam
3570 2089 3691 2154 quia
3723 2092 3774 2143 nl

2212 2145 2352 2222 quod
2382 2147 2555 2216 datur,
2585 2150 2810 2222 Spiritus
2847 2145 3060 2210 sanctus
3089 2145 3204 2222 est,
3230 2165 3446 2210 vocatur
3489 2167 3542 2211 et
3584 2145 3787 2214 donum

2211 2214 2399 2293 eodem
2426 2214 2642 2293 nomine
2667 2239 2774 2292 quo
2801 2225 2845 2280 is
2873 2227 2962 2293 qui
2989 2227 3166 2280 donat.
3191 2214 3391 2284 ideirco
3411 2227 3539 2282 dicit
3552 2229 3786 2284 Paulus:

2212 2284 2337 2340 Non
2361 2289 2492 2363 enim
2516 2284 2774 2361 accepistis
2799 2284 3032 2363 spiritum
3060 2302 3307 2353 servitutis
3333 2305 3510 2354 iterum
3543 2301 3610 2351 ad
3636 2305 3784 2353 timo-

2210 2361 2756 2446 gen-tapeda'ccepistis
2788 2361 3040 2446 Spiritum
3058 2369 3355 2446 adoptionis
3370 2374 3591 2446 ﬁliorum
3607 2369 3781 2446 (limit.

2210 2427 2263 2481 8.
2291 2428 2413 2511 b5);
2441 2427 2710 2512 et‘itnerum
2745 2453 2756 2487 :
2794 2427 2912 2512 Non
2944 2439 3071 2512 enim
3102 2427 3237 2512 dedit
3271 2427 3410 2495 nobis
3447 2427 3680 2512 spiritum
3723 2445 3784 2497 ti-

2210 2501 2381 2582 moris,
2416 2503 2504 2582 sed
2534 2504 2996 2582 Spiri_tum.virtutis
3035 2517 3079 2561 et
3115 2510 3393 2566 dilectionis
3421 2501 3781 2582 et'temperan-

2211 2571 2294 2649 tite
2314 2571 2387 2638 (2.
2418 2571 2562 2649 Tim._
2583 2576 2633 2630 1.
2662 2577 2742 2649 1).
2772 2576 3023 2649 Spiritum
3050 2591 3223 2634 autem
3256 2582 3339 2636 hic
3364 2583 3519 2637 docet
3545 2571 3739 2638 donum
3765 2628 3780 2649 ,
3837 2589 3844 2593 ’

2209 2641 2601 2724 εἰσιιιηᾳωξίίο
2644 2647 2772 2700 dicit
2791 2641 2956 2724 .:'__V_os
2977 2653 3417 2724 autemﬂobsignati
3442 2656 3558 2708 estis
3589 2641 3781 2724 Spiritu

2210 2715 2555 2792 promissionis
2584 2727 2760 2792 sancto
2783 2715 3000 2788 (Ephes.
3029 2721 3078 2792 1.
3105 2722 3215 2785 15).
3248 2715 3643 2778 Ρῖοηιίεεὶοιιίέ
3666 2726 3780 2792 Spi-

2211 2785 2345 2835 ritus
2396 2785 2609 2840 ubinam
2658 2785 2886 2857 scriptus
2929 2790 3048 2844 est?
3087 2792 3221 2846 Dicit
3266 2793 3457 2847 Paulus
3487 2814 3498 2848 :
3534 2785 3783 2850 Haben-tes

2209 2864 2374 2932 autem
2405 2857 2632 2932 eumdem
2656 2859 2906 2932 Spiritum
2932 2861 3051 2929 ﬁdei
3079 2872 3124 2914 ct
3155 2865 3530 2932 promissionis,
3562 2867 3656 2917 hoc
3679 2878 3745 2920 est
3763 2909 3778 2930 ,

2210 2925 2427 3004 qrptiam
2452 2927 2676 3004 Spiritus
2701 2925 2785 2997 (9..
2805 2925 2997 3004 Corsi.
3035 2925 3315 3004 £5).'7Ecce
3348 2925 3780 3004 igitur'Spirituui

2212 2994 2354 3062 ﬁdei,
2377 3006 2430 3051 et
2465 2994 2723 3072 Spiritum
2748 2994 3132 3069 promissionis.
3162 3003 3218 3058 Si
3261 2994 3392 3072 quis
3419 2994 3585 3059 fuerit.
3632 3024 3782 3060 nian-

2209 3076 2392 3145 suetus
2432 3079 2487 3122 et
2531 3069 2744 3124 hutnilis
2801 3072 2994 3145 corde,
3027 3073 3222 3127 donum
3265 3069 3470 3145 accepit
3535 3094 3778 3132 mansue-

2211 3135 2403 3191 tudinis
2447 3155 2460 3189 :
2511 3150 2592 3194 est
2639 3152 2815 3195 autem
2863 3135 3060 3197 donum
3087 3145 3217 3199 Dei.
3266 3145 3331 3200 Et
3355 3135 3463 3202 .h'oc
3497 3149 3628 3201 diett
3657 3149 3781 3202 Pau-

2211 3204 2335 3286 lus:
2365 3207 2425 3262 Si
2468 3221 2637 3286 autem
2682 3225 3060 3286 prmoccupatus
3107 3217 3256 3285 fuerit
3309 3218 3457 3270 homo
3505 3219 3562 3270 in
3614 3221 3781 3286 aliquo

2209 3279 2411 3358 delicto,
2445 3298 2529 3334 vos
2551 3283 2638 3350 qui
2661 3279 2946 3358 spirituales
2971 3279 3117 3358 estis,
3151 3289 3382 3340 instruite
3409 3279 3709 3358 hujusmodi
3734 3291 3785 3341 in

2210 3348 2410 3417 Spiritu
2431 3348 2828 3427 mansuetudinis
2853 3354 2996 3427 (Gal.
3023 3357 3075 3410 6.
3107 3348 3184 3427 1),
3228 3357 3325 3412 hoc
3361 3369 3438 3412 est
3459 3348 3482 3421 ,”
3505 3360 3556 3411 in
3601 3361 3786 3412 citari-

2210 3431 2380 3497 smate
2430 3422 2554 3476 doni
2611 3422 3031 3481 mansuetudinis
3083 3446 3096 3480 :
3145 3422 3512 3492 Considi-rans,
3563 3430 3784 3497 inquit,

2210 3492 2526 3567 tent‘etipsuin
2552 3511 2614 3567 ne
2641 3505 2686 3547 et
2707 3506 2759 3549 tu
2789 3499 3006 3550 tcuteris.
3035 3498 3175 3553 Ecce
3199 3498 3437 3567 Spiritqu
3470 3492 3784 3554 mansuetu-

2209 3561 2504 3637 dinistAlii
2536 3565 2704 3637 Adfatur
2738 3567 3085 3620 sanctiﬁcatio
3126 3561 3311 3622 anima:
3339 3579 3391 3622 ct
3414 3571 3658 3637 corporis
3681 3612 3698 3635 ,
3729 3580 3788 3624 ct

2209 3642 2427 3706 vocatur
2458 3633 2683 3706 Spiritus
2707 3639 3143 3694 sanctiﬁcationis
3164 3682 3179 3706 ,
3211 3641 3345 3694 sicut
3380 3641 3453 3693 ait
3479 3633 3606 3695 ille:
3640 3633 3784 3693 Pau-

2209 3703 2287 3757 lus
2311 3721 2482 3781 servus
2509 3704 2636 3781 Iesu
2656 3706 2867 3781 Christi,
2902 3720 3101 3764 vocatus
3120 3703 3401 3775 apostolus,
3419 3723 3710 3781 segregatus
3731 3714 3785 3764 in

2209 3774 2517 3852 evangelium
2534 3774 2812 3852 Peiqquod
2836 3790 2948 3832 ante
2977 3774 3202 3848 promisit
3229 3774 3611 3852 perprophetus
3637 3800 3782 3845 suos,

2208 3845 2779 3921 secundttnt__Spiritunt
2807 3845 3238 3921 sanctiﬁcationis
3263 3853 3281 3920 (
3305 3845 3454 3904 Ront'.
3493 3855 3542 3906 1.
3572 3853 3640 3921 1).
3673 3852 3784 3907 Oh-

2209 3929 2365 3968 verso
2409 3917 2594 3971 ordine
2637 3918 2736 3972 hoc
2787 3917 3181 3984 dixit;‘sensus
3226 3917 3403 3976 autem
3449 3925 3527 3977 sic
3580 3917 3781 3977 habet:

2206 3984 2410 4062 Paulus
2454 3989 2541 4062 qui
2576 3987 2865 4062 factuscst
2891 3993 3164 4061 apostolus
3197 3994 3487 4047 secundum
3525 3993 3782 4062 Spiritum

2209 4057 2642 4132 sanctiﬁcationis
2661 4061 2697 4112 ¹.
2723 4061 2872 4114 Multi
2889 4057 3029 4116 euitn
3059 4057 3579 4132 putaverunt,pritno
3593 4065 3774 4130 verbo,

2211 4137 2267 4205 ut
2286 4128 2448 4205 jacet,
2475 4131 2876 4205 haerentes_(sic_
2895 4128 3462 4205 intelligendumiess'c)
3492 4152 3504 4185 :
3533 4135 3624 4203 qui
3650 4128 3784 4202 pra!-

2209 4198 2638 4272 destittatusgfuit
2667 4200 2827 4255 Filius
2856 4203 2944 4257 Dei
2975 4198 3264 4258 secundum
3292 4198 3780 4272 Spiritum-sancti-

2210 4271 2490 4343 licationis.
2521 4269 2636 4324 Non
2666 4282 2748 4343 est
2775 4281 2952 4328 autem
2985 4277 3098 4338 sic;
3132 4276 3247 4342 sed,
3282 4269 3475 4329 Paulus
3508 4277 3783 4343 apostolus

2208 4340 2486 4394 ordinatus
2530 4342 2830 4412 secundum
2883 4344 3136 4412 Spiritum
3204 4340 3660 4400 sanctiﬁcationis.
3721 4346 3788 4399 Et

2207 4412 2420 4480 quando
2445 4411 2720 4467 ordinatus
2742 4416 2864 4468 cst?
2892 4411 2968 4468 Ex
2995 4417 3385 4470 resurrectione
3405 4415 3531 4470 Jesu
3563 4415 3784 4471 Christi.

2208 4483 2468 4546 Quoniam
2500 4483 2589 4536 alii
2625 4484 2839 4552 quidem
2883 4487 3104 4555 apostoli
3146 4501 3270 4540 ante
3314 4489 3655 4554 passionem,
3700 4487 3788 4540 hic

2208 4561 2384 4626 autem
2419 4563 2546 4626 post
2565 4555 3032 4626 resurrectionem,
3063 4567 3115 4611 et
3142 4567 3420 4626 propterea
3448 4557 3660 4616 dicitur.
3692 4557 3789 4610 Se-

2208 4625 2430 4675 cundum
2453 4621 2702 4691 Spiritum
2720 4621 3156 4692 sanctificationis.—
3173 4621 3400 4680 lit-aliud
3435 4628 3554 4681 dico
3575 4647 3588 4681 :
3609 4628 3791 4694 Quan-

2207 4695 2276 4768 do
2306 4695 2586 4768 incipimus
2615 4710 2803 4750 omnes
2829 4707 3065 4767 tempore
3095 4713 3365 4768 sacrorum
3411 4700 3789 4768 mysteriorum

2207 4765 2404 4828 dicere,
2430 4763 2584 4840 Pater
2605 4776 2770 4840 noster
2797 4768 2882 4840 qui
2907 4763 2957 4820 es
2985 4770 3035 4840 in
3064 4766 3199 4840 cajlis
3226 4767 3437 4840 (Matth.
3467 4763 3520 4822 Β.
3549 4769 3613 4840 9)
3642 4786 3656 4820 :
3691 4770 3784 4820 do-

2209 4852 2332 4889 num
2362 4838 2662 4904 accepimus
2683 4837 2932 4900 Spiritum
2959 4837 3288 4905 adoptiOnis,
3328 4839 3430 4890 hoc
3469 4849 3552 4892 est
3586 4839 3787 4892 donum

2207 4907 2376 4960 sancti
2423 4907 2670 4976 Spiritus.
2718 4908 2944 4974 Spiritus
2982 4919 3201 4961 vocatur
3246 4909 3622 4972 aemulationis,
3654 4914 3789 4962 sicut

2207 4977 2336 5031 dicit
2365 4978 2557 5030 Paulus
2583 4997 2594 5030 :
2624 4977 2875 5042 Quoniam
2905 4979 3221 5032 (entitlatores
3245 4980 3361 5031 estis
3388 4979 3682 5047 Spiritum»
3711 4982 3783 5045 (1.

2206 5047 2325 5116 Cor.
2359 5047 2446 5116 14.
2472 5048 2580 5113 12),
2609 5047 2708 5102 hoc
2733 5058 2833 5114 est,
2861 5048 3250 5102 a'tuttlatiouem
3288 5049 3494 5101 habetis
3521 5049 3585 5101 ad
3628 5053 3786 5116 spiri-

2201 5115 2372 5188 tualia
2385 5115 2546 5168 dona.
2569 5116 2835 5188 Quoniam
2853 5116 3193 5188 aemulatores
3209 5119 3330 5171 estis
3343 5116 3662 5188 Spirituum,
3684 5120 3785 5170 hoc

2199 5192 2305 5248 est,
2341 5183 2630 5239 donorum.
2691 5186 2777 5247 Et,
2814 5187 2997 5241 Adhuc
3028 5183 3450 5241 excellentiorem
3475 5188 3615 5241 vobis
3642 5190 3781 5241 viam

2201 5263 2436 5328 monstro
2462 5254 2544 5323 (1.
2565 5253 2688 5309 Cor.
2722 5256 2804 5309 12.
2825 5256 2946 5327 51).
2977 5255 3035 5311 Si
3059 5257 3252 5328 linguis
3272 5259 3541 5311 hominum
3564 5257 3776 5328 loquar,

2199 5333 2249 5378 et
2275 5323 2606 5396 angelorum,
2628 5323 2912 5381 caritatem
2932 5336 3107 5382 autem
3124 5323 3229 5382 rion
3251 5327 3495 5394 habeam,
3510 5323 3645 5382 nihil
3659 5344 3776 5381 sum

2267 5488 2305 5555 ι·
2321 5487 2402 5534 Hic
2425 5493 2613 5555 textum
2631 5486 2885 5555 Scriptura:
2910 5487 3104 5555 invertit
3147 5485 3349 5555 scriptor
3371 5492 3480 5555 iste,
3509 5495 3561 5555 et
3583 5499 3692 5555 qua:
3710 5494 3775 5555 oe

2203 5548 2386 5596 Christo
2405 5548 2626 5596 dicuntur
2650 5547 2754 5594 vult
2791 5547 2856 5595 de
2876 5546 3019 5595 Paulo
3041 5546 3269 5607 intelligi.
3296 5547 3386 5593 Sed
3417 5546 3482 5596 de
3504 5546 3690 5595 Christo
3712 5548 3784 5594 in-

2207 5608 2383 5669 telligit
2405 5615 2537 5657 .Ioan.
2563 5609 2922 5670 Chrysostomus
2961 5611 3138 5662 Iiomil.
3159 5611 3178 5663 ι
3198 5610 3250 5663 in
3264 5609 3421 5676 Epist.
3448 5612 3509 5662 ad
3528 5613 3786 5666 Romanos,

2207 5681 2261 5722 ut
2283 5681 2447 5722 mouet
2471 5677 2640 5721 Fronto
2660 5678 2876 5720 Ducaeus.
