4058 6222
317 419 413 473 Βὲί

318 532 473 586 ducta
496 529 594 585 l'uit
614 570 629 593 ,
656 542 718 588 ut
742 539 920 598 postea
950 529 1226 596 vinceret,
1256 529 1419 585 homo
1460 544 1629 585 novus
1657 530 1893 599 ingredi-

326 613 440 665 tur,
470 600 753 669 comitatus
779 599 973 654 virtute
996 599 1245 668 Spiritus.
1289 599 1610 669 Propterea,
1652 605 1787 654 sicut
1812 600 1897 655 di-

322 672 427 730 xit,
474 668 775 741 Ductusrest
816 686 848 741 a
895 670 1092 741 Spiritu
1129 670 1181 723 in
1220 668 1489 735 desertum,
1534 680 1586 724 ut
1627 680 1900 724 tentaretur

322 741 535 810 (Matth.
566 740 618 793 4.
655 740 702 810 1)
742 758 755 793 :
783 740 861 794 sic
882 740 1091 809 quando
1117 740 1399 810 revertitur
1426 748 1482 794 ut
1510 741 1695 805 victor,
1727 741 1852 793 dicit
1882 759 1897 796 :

320 809 470 864 Iesus
504 809 935 863 autemrevarsus
969 820 1040 863 est
1081 810 1133 862 in
1168 811 1349 879 virtute
1373 809 1596 879 Spiritus
1636 826 1667 862 a
1705 809 1897 863 deserto

323 879 479 949 (Luc.
510 881 561 932 4.
598 880 708 949 lt).
742 880 935 934 llabuit
978 880 1133 950 igitur
1170 895 1296 935 caro
1329 877 1578 949 Spiritum
1618 888 1854 934 sanctum
1878 920 1894 946 ,

322 964 425 1003 non
453 958 657 1018 partem
687 949 967 1013 donorum,
1000 949 1137 1003 Sicut
1162 965 1258 1004 nos
1278 991 1292 1014 ,
1324 965 1442 1003 cum
1471 951 1556 1003 uni
1590 950 1848 1016 sapientia
1874 988 1890 1013 ,

320 1020 727 1091 alteriscientia
757 1018 911 1091 datur
944 1020 1019 1086 (1.
1059 1019 1175 1073 Cor.
1206 1020 1294 1073 1‘2.
1325 1019 1381 1091 8)
1412 1038 1424 1071 :
1458 1019 1552 1073 sed
1591 1019 1765 1091 omnia
1800 1019 1898 1091 ha-

323 1089 436 1141 buit
467 1088 625 1142 dona.
660 1088 714 1141 ln
744 1090 968 1143 veritate
1000 1091 1187 1144 anxius
1211 1104 1326 1143 sum
1357 1088 1411 1143 et
1438 1098 1628 1152 tremo,
1660 1105 1725 1143 ne
1753 1088 1900 1141 inlir-

322 1159 481 1211 initas
510 1158 700 1228 lingua}
724 1160 970 1212 obscuret
1000 1160 1411 1227 magnitudinem
1443 1159 1558 1226 ejus
1594 1158 1731 1228 quod
1764 1173 1899 1226 pra:-

320 1228 549 1283 dicatur.
579 1228 742 1297 Igitur
768 1243 959 1297 corpus
984 1230 1184 1283 Domini
1209 1239 1261 1284 et
1290 1244 1414 1283 caro
1434 1237 1637 1292 sancta,
1664 1239 1718 1282 ut
1741 1244 1894 1281 accec

322 1299 397 1367 pit
438 1298 669 1367 Spiritus
692 1300 857 1352 sancti
887 1300 1171 1353 clllCucium
1197 1340 1211 1362 ,
1243 1315 1344 1352 non
1387 1300 1626 1366 accepit,
1671 1299 1807 1352 sicut
1832 1298 1898 1351 de

321 1369 499 1436 aliquo
526 1369 887 1436 apostolorum
918 1368 1111 1424 dicitur
1140 1379 1194 1424 et
1228 1368 1599 1438 prophetarum
1621 1410 1635 1434 ,
1676 1368 1898 1437 gratiam

322 1454 524 1503 unam.
576 1438 662 1491 vel
714 1438 955 1491 alteram.
1019 1440 1187 1492 Ilomo
1238 1441 1379 1491 enim
1430 1454 1534 1491 non
1598 1446 1681 1492 est
1731 1452 1897 1505 capax

320 1507 556 1560 monium
592 1525 606 1561 :
639 1507 759 1560 ideo
799 1507 925 1560 dicit
968 1508 1163 1562 Paulus
1197 1525 1209 1558 :
1250 1507 1511 1578 Numquid
1553 1524 1723 1561 omnes
1767 1524 1895 1573 apo-

322 1578 437 1630 stoli
462 1582 486 1630 ?
505 1579 749 1647 numquid
771 1594 941 1632 onines
971 1578 1269 1647 prophette?
1298 1578 1538 1648 numquid
1567 1594 1735 1631 omnes
1765 1578 1897 1648 dona

322 1648 505 1699 habent
551 1648 874 1700 sanationum
910 1649 987 1714 (1.
1029 1648 1146 1704 Cor.
1197 1649 1284 1702 l2.
1334 1647 1439 1702 29.7
1471 1648 1604 1717 50)?
1646 1649 1702 1702 In
1747 1647 1898 1701 nobis

321 1719 464 1770 enim
492 1718 797 1771 dividuntur
824 1717 989 1781 dona;
1017 1718 1069 1771 in
1111 1733 1268 1773 carne
1294 1728 1468 1771 autem
1492 1718 1684 1772 Christi
1712 1731 1899 1773 omnes

320 1787 507 1853 gratia:
532 1828 546 1852 ,
578 1789 754 1841 (illiilla
784 1788 921 1841 dona
954 1787 1192 1853 luerunt,
1217 1787 1503 1842 secundum
1548 1787 1897 1842 substantiam

321 1857 517 1910 carnis.
545 1858 612 1911 Et
638 1858 871 1911 attende.
893 1856 1131 1926 Implevit
1156 1860 1324 1927 primo
1346 1858 1613 1927 proprium
1646 1859 1897 1927 templum

322 1928 467 1979 omni
515 1930 703 1996 gratia.
745 1928 943 1996 Habuit
981 1927 1178 1981 donum
1224 1928 1443 1982 curandi
1484 1929 1731 1993 morbos,
1760 1928 1896 1981 ellu-

321 1997 478 2065 gandi
519 1994 824 2060 dzemones,
856 1998 1145 2051 suscitandi
1188 2008 1462 2063 mortuos,
1510 1997 1895 2068 propltetattdi,

321 2068 575 2135 operantli
602 2082 661 2120 ea
685 2083 800 2135 qu.-e,
831 2068 1070 2121 veritatis
1098 2077 1220 2122 sunt
1252 2086 1265 2122 :
1290 2069 1463 2122 omnia
1497 2068 1664 2136 potuit
1683 2110 1696 2128 ,
1720 2077 1773 2121 et
1802 2068 1898 2119 ha-

323 2137 435 2208 buit
462 2136 721 2190 donorum
767 2137 1167 2208 plenitudinem,
1190 2154 1253 2192 ev
1281 2153 1386 2208 quo
1412 2138 1631 2208 impleta
1661 2149 1742 2191 est
1770 2151 1898 2191 caro

324 2206 589 2259 dominica
632 2208 877 2260 omnibus
921 2206 1347 2263 charismatibns.
1395 2207 1540 2275 Opus
1568 2218 1744 2260 autem
1768 2208 1893 2272 fuit,

321 2287 378 2329 ut
411 2276 759 2347 indeonmes
792 2278 1152 2347 acciperemus
1180 2295 1242 2332 ex
1272 2289 1435 2345 parte,
1461 2288 1726 2345 tamquam
1754 2293 1784 2330 a
1815 2293 1900 2331 re-

320 2346 597 2413 ceptaculo
634 2347 861 2415 quodam
903 2363 931 2400 a
972 2362 1193 2417 corpore
1230 2347 1494 2402 dominico
1526 2366 1539 2401 :
1566 2356 1619 2402 et
1646 2348 1897 2416 apostolis

320 2425 479 2485 atque
511 2417 781 2484 prophetis
806 2432 868 2470 ex
896 2434 960 2470 eo
988 2418 1366 2486 suppeditatur.
1399 2418 1628 2472 Joannes
1654 2427 1895 2482 tcSIatnr,

324 2485 376 2555 i_n
404 2500 469 2539 eo
512 2502 630 2540 esse
657 2495 818 2539 totam
860 2486 1070 2541 deitatis
1094 2485 1497 2555 plenitudinem
1521 2505 1534 2549 ;
1559 2498 1609 2541 et
1654 2488 1846 2541 Paulus
1878 2505 1893 2540 :

322 2553 388 2627 In
415 2573 517 2627 quo
556 2556 794 2627 habitavit
831 2558 1105 2622 divinitatis
1119 2553 1390 2627 plenitudo
1421 2559 1747 2626 corporaliter
1773 2556 1896 2627 (Co-

322 2625 444 2678 loss.
492 2626 548 2678 2.
598 2626 697 2696 9).
727 2627 837 2679 l\on
886 2628 1018 2681 dixit
1064 2625 1390 2696 simpliciter,
1423 2627 1476 2681 In
1512 2625 1616 2696 quo
1648 2625 1899 2679 habitavit

322 2695 515 2756 deitas,
550 2695 641 2749 sed
676 2695 945 2750 Plenitudo
971 2695 1207 2761 deitatis;
1236 2697 1336 2750 hoc
1357 2707 1439 2750 est
1464 2740 1477 2761 ,
1502 2695 1660 2752 omne
1685 2696 1897 2751 deitatis

323 2764 541 2836 donum.
591 2766 658 2819 Et
685 2775 742 2819 nt
786 2782 856 2836 ne
885 2769 1002 2836 quis
1032 2776 1195 2833 putet,
1228 2783 1344 2821 eam
1383 2768 1435 2822 in
1468 2768 1575 2822 Deo
1604 2766 1776 2820 Verbo
1807 2768 1900 2826 ha-

325 2834 522 2891 bitasse
543 2877 556 2898 ,
580 2836 705 2889 dicit
737 2854 748 2890 :
773 2835 838 2889 lu
884 2834 982 2901 quo
1012 2838 1250 2891 habitavit
1280 2840 1440 2893 omnis
1485 2836 1739 2906 plenitudo
1788 2836 1897 2888 dci-

324 2907 439 2957 tatis
486 2907 832 2974 corporaliter.
865 2907 918 2960 lu
960 2923 1119 2961 carne
1144 2909 1259 2975 ejus
1296 2908 1469 2962 omnis
1501 2906 1771 2975 plenitudo
1810 2920 1898 2959 sas

325 2975 557 3042 pientize,
590 2976 904 3041 intellectus,
937 2978 1167 3044 virtutis,
1200 2978 1487 3043 signorum,
1519 2976 1692 3030 omnis
1711 2990 1899 3043 opera-

325 3044 503 3115 tionis.
533 3046 729 3100 Deinde
762 3063 789 3097 ιι
837 3047 1159 3115 plenitudine
1188 3047 1302 3115 ejus
1340 3058 1641 3100 mutuamur
1687 3059 1894 3099 omnes.

323 3114 569 3187 Testatur
616 3114 847 3171 Joannes
896 3117 1126 3187 Baptis‘a
1160 3134 1172 3170 :
1202 3114 1266 3169 Et
1311 3134 1400 3185 ego
1432 3117 1703 3169 nesciebam
1733 3131 1847 3187 eum
1877 3130 1896 3167 :

322 3185 411 3237 sed
436 3186 520 3249 qui
559 3187 692 3238 misit
720 3204 795 3237 me
824 3195 877 3238 ut
921 3184 1256 3255 bthizarem,
1281 3184 1366 3240 ille
1401 3186 1522 3239 mihi
1550 3186 1696 3245 dixit,
1730 3184 1898 3252 Super

322 3270 468 3322 quem
506 3256 686 3309 videris
723 3256 970 3324 Spiritum
1004 3258 1409 3322 descmdentem,
1439 3266 1482 3309 et
1513 3264 1791 3309 manentem
1810 3271 1896 3307 su~

326 3339 545 3397 peream
572 3328 700 3393 (non
730 3326 879 3397 dixit,
910 3326 1241 3397 Largientem
1268 3327 1315 3381 ei
1344 3327 1539 3380 denum
1569 3340 1751 3397 unum;
1777 3324 1892 3384 sed,

328 3392 611 3465 Manentent
637 3395 847 3463 totum),
873 3398 950 3449 hic
978 3392 1047 3449 es't
1075 3398 1159 3463 qui
1179 3397 1397 3465 baptizat
1423 3399 1472 3448 in
1501 3396 1696 3465 Spiritu
1724 3404 1896 3446 sancto

324 3473 371 3537 et
395 3462 500 3537 igni
530 3464 703 3533 (Joan.
727 3468 775 3519 1.
795 3462 913 3537 55).
935 3462 1129 3520 Deinde
1154 3462 1334 3519 volens
1349 3467 1628 3537 Ostendcre
1642 3463 1894 3537 Joannes,

324 3534 652 3603 Salvatorem
685 3550 787 3589 non
819 3534 873 3589 ut
904 3536 1170 3589 hominem
1194 3546 1414 3603 gratzam
1437 3534 1705 3602 accepisse
1727 3574 1741 3597 ,
1772 3534 1899 3586 dicit

327 3602 491 3656 Deum
524 3605 714 3658 nonad
742 3619 1041 3659 mensuram
1070 3606 1119 3658 ei
1144 3602 1394 3672 Spiritum
1426 3606 1569 3658 dare.
1605 3603 1757 3657 Pater
1778 3603 1897 3654 dili-

323 3674 397 3796 git
420 3672 606 3726 Filium
630 3717 643 3737 ,
674 3683 721 3728 et
754 3676 920 3727 omnia
950 3675 1084 3728 dedit
1117 3676 1169 3729 in
1201 3692 1351 3728 manu
1390 3677 1497 3746 ejus
1525 3674 1701 3741 (Joan.
1732 3674 1783 3727 5.
1808 3673 1895 3727 54.

361 3743 440 3796 5).
464 3743 569 3796 Nos
596 3744 751 3796 igitur
788 3745 925 3796 unde
967 3745 1307 3796 accepimus?
1334 3744 1411 3796 De
1454 3745 1757 3796 plenitudine
1791 3744 1895 3796 eius

361 3743 440 3811 5).
464 3743 569 3796 Nos
596 3744 751 3813 igitur
788 3745 925 3798 unde
967 3745 1307 3813 accepimus?
1334 3743 1424 3798 De'
1452 3745 1757 3811 plenitudine
1791 3744 1898 3812 ejus

324 3830 417 3865 nos
444 3812 917 3883 omnesaccepimus
942 3812 1117 3882 (Joan.
1157 3816 1202 3867 1.
1229 3815 1339 3884 16).
1371 3816 1461 3870 llle
1490 3813 1892 3884 plenitudinem,

326 3896 425 3954 nos
470 3884 536 3938 de
575 3884 917 3951 plenitudine.
946 3884 1259 3953 Quomodo?
1286 3883 1361 3939 Ex
1404 3883 1508 3954 quo
1540 3884 1771 3954 implevit
1801 3883 1897 3936 do-

324 3953 573 4007 minicam
596 3970 831 4019 carnem,
860 3956 926 4009 ab
950 3952 1009 4007 ea
1045 3956 1217 4008 hausit
1237 3955 1373 4008 sicut
1397 3952 1625 4016 a‘l'onte,
1657 3963 1709 4008 et
1736 3952 1900 4022 largi-

328 4032 413 4075 tus
440 4031 522 4077 est
566 4022 866 4078 hominibus
904 4026 1147 4092 gratiam.
1176 4026 1433 4089 Attende,
1474 4026 1717 4077 obsecro.
1769 4024 1902 4077 Dicit

325 4092 487 4164 igitur
514 4111 528 4147 :
558 4093 772 4159 Quando
799 4096 983 4147 venerit
1021 4094 1349 4160 Paracletus',
1382 4094 1602 4164 Spiritus
1643 4094 1862 4146 veritatis
1882 4134 1897 4157 ,

324 4162 471 4233 ducet
509 4178 593 4215 vos
645 4165 695 4215 in
744 4180 940 4217 omnem
982 4165 1269 4232 veritatem,
1298 4162 1433 4233 quia
1459 4165 1521 4218 dc
1554 4178 1659 4217 meo
1689 4164 1899 4233 accipiet

325 4230 505 4302 (ιοση.
538 4233 623 4287 16.
661 4235 744 4289 13.
772 4235 882 4303 tt).

396 4363 450 4417 7.
483 4363 745 4430 Quomodo
768 4365 1142 4435 intelligendum
1168 4365 1231 4419 sit
1258 4364 1406 4432 illud,
1421 4364 1497 4419 De
1512 4381 1633 4420 meo
1649 4367 1895 4435 accipiet.

327 4431 684 4488 Παρθάοηὲαηὶ
724 4444 768 4487 et
796 4431 970 4489 Ariani
998 4437 1048 4488 in
1072 4435 1278 4490 diversis
1321 4431 1648 4489 errantes.-—-
1673 4431 1898 4494 Attende

323 4503 669 4574 diligentiam.
695 4504 983 4571 Nondixit,
1010 4506 1083 4561 De
1105 4521 1220 4568 me,
1245 4505 1359 4570 sed,
1391 4503 1466 4558 De
1494 4521 1622 4559 meo.
1648 4505 1723 4560 De
1744 4522 1863 4563 meo
1880 4550 1895 4574 ,

325 4574 503 4642 cujus?
531 4575 603 4627 De
633 4590 756 4629 meo
776 4576 923 4628 dabit
948 4576 1097 4630 vobis
1117 4617 1131 4641 ,
1159 4576 1251 4629 sed
1288 4575 1511 4644 accipiet
1544 4595 1556 4627 :
1581 4577 1770 4644 accipit
1791 4594 1898 4634 non

323 4644 733 4719 mutuo‘datum.
776 4648 844 4697 At
872 4648 1129 4719 quoniam
1163 4646 1400 4714 implevit
1428 4647 1625 4719 fontem
1650 4655 1705 4699 ut
1732 4650 1897 4719 origi-

325 4728 447 4767 nem
493 4714 791 4779 donorum,
834 4717 900 4768 ab
939 4729 1194 4782 aquarum
1234 4717 1568 4783 receptaculo
1606 4716 1782 4772 haurit
1802 4714 1897 4778 .vet

327 4784 524 4855 pra-bet
553 4786 811 4855 onmibus
836 4786 902 4838 de
946 4785 1193 4855 propriis.
1241 4786 1305 4837 Et
1333 4786 1471 4838 unde
1516 4786 1613 4838 hoc
1652 4796 1851 4839 certum
1879 4830 1895 4855 ,

323 4853 462 4927 quod
494 4855 752 4927 accipere,
784 4854 849 4927 de
878 4855 1104 4927 propriis
1133 4854 1201 4927 sit
1228 4855 1493 4927 accipere?
1524 4857 1681 4927 audi.
1703 4853 1892 4927 Imple;

324 4924 390 4973 vit
420 4922 557 4977 Deus
589 4924 789 4995 Mosent
808 4922 1006 4994 Spiritu
1026 4967 1041 4991 ,
1075 4934 1121 4977 et
1150 4926 1271 4976 dicit
1299 4922 1464 4977 Moses
1493 4940 1511 4977 :
1538 4924 1657 4979 Non
1696 4922 1898 4995 possunt

321 4995 461 5065 solas
484 4997 615 5065 ferre
657 4994 852 5065 pondus
899 4996 1048 5064 hujus
1079 4996 1271 5065 populi.
1296 4996 1475 5047 ordina
1500 4997 1654 5049 alium
1686 4994 1893 5065 tibiipsi.

325 5062 460 5138 [dicit
479 5062 523 5138 ei
544 5062 917 5138 _l)eas‘:‘Elige
954 5062 1271 5138 septuaginta
1299 5067 1561 5138 seniores_._
1582 5076 1627 5119 et
1653 5062 1895 5138 accipiam

322 5133 386 5186 de
413 5134 609 5197 Spiritu
631 5134 717 5204 qui
743 5134 794 5186 in
816 5128 976 5200 te'est,
995 5128 1040 5189 et
1063 5128 1191 5187 dabo
1211 5152 1363 5203 super
1385 5128 1465 5189 eos
1488 5136 1668 5204 (Nam.
1700 5128 1785 5194 11’.
1813 5142 1893 5194 14.

321 5205 481 5282 sqq.).
509 5204 621 5282 Non
651 5202 803 5267 dixit,
832 5206 1101 5282 Accipiam
1131 5202 1283 5282 t-uum
1305 5224 1333 5282 Ξ
1358 5207 1473 5271 sed,
1496 5202 1583 5282 ρει
1607 5209 1787 5282 spiritu
1810 5212 1896 5282 qui

321 5272 447 5343 in_te
472 5284 562 5343 est,
586 5274 652 5327 de
687 5288 806 5326 meo
832 5276 1108 5343 accipiam.
1143 5276 1278 5329 Dicit
1305 5276 1440 5329 Deus
1462 5317 1475 5340 ,
1510 5276 1573 5331 In
1597 5272 1767 5332 diebus
1792 5272 1895 5336 illis

320 5340 578 5418 e/[undain
600 5345 672 5418 de
690 5340 1203 5418 Spiritu‘nieasnper
1222 5363 1417 5418 omnem
1444 5362 1641 5401 carnem
1661 5390 1675 5411 ,
1704 5359 1751 5402 et
1774 5368 1895 5418 pro-

322 5413 591 5477 phetabunt
621 5412 760 5488 (Joel
1029 5412 1251 5488 Simbeus
1279 5434 1306 5467 a
1330 5417 1472 5488 Mosc
1497 5412 1896 5488 accipimts'mu-

322 5488 497 5554 gnatus
513 5493 597 5554 est
614 5525 628 5545 ,
657 5493 711 5538 et
730 5484 962 5552 Spiritus
980 5500 1010 5539 a
1032 5484 1168 5539 Filio
1202 5486 1461 5554 accipiens
1501 5484 1765 5545 umtitatus
1790 5500 1891 5545 est.

322 5550 528 5605 Etenim
546 5553 728 5625 Mescs
758 5550 921 5624 ligura
952 5566 1065 5609 erat
1089 5555 1289 5610 Christi
1318 5550 1335 5608 Ξ
1363 5559 1482 5625 quia
1518 5560 1655 5612 sicut
1682 5575 1712 5612 a
1753 5561 1894 5619 Mose

322 5624 649 5692 septuaginta
689 5625 901 5679 luerunt
940 5625 1179 5694 impleti,
1206 5627 1274 5679 ita
1312 5640 1340 5678 a
1367 5624 1580 5683 Christo
1607 5629 1751 5683 orbis
1788 5639 1892 5686 ter-

322 5706 500 5770 rarum
542 5697 755 5770 accepit
783 5696 1048 5770 Spiritum
1083 5705 1355 5770 sanctum.
1380 5696 1615 5770 Demea
1639 5700 1847 5770 accipiet
1873 5718 1894 5757 :

320 5775 385 5814 ex
417 5762 491 5839 iis,
517 5778 636 5839 qua;
666 5765 795 5839 mihi
816 5762 1185 5839 suppeditavit
1219 5766 1317 5839 soli
1345 5767 1545 5822 homini
1586 5762 1854 5828 dominico
1875 5815 1889 5839 ,

318 5838 500 5889 sumet
536 5833 638 5890 sibi
680 5837 768 5905 qui
796 5833 978 5927 dedit,
1009 5836 1100 5909 qui
1127 5837 1270 5895 venit
1299 5853 1461 5910 super
1488 5855 1599 5913 me,
1621 5849 1674 5898 et
1696 5833 1890 5900 mansit

1621 418 1705 473 DE
1742 417 2001 476 SPlRlTU
2041 418 2325 475 SANCTO.

3476 426 3581 479 8‘22

2007 530 2061 584 in
2083 545 2201 605 me,
2222 531 2311 605 qui
2354 530 2502 584 unxit
2546 545 2667 605 me,
2688 531 2783 605 qui
2806 530 3152 605 sanctiﬁcavit
3180 547 3285 599 me,
3316 532 3406 605 qui
3425 537 3577 590 duxit

2012 615 2100 654 me
2148 602 2199 653 in
2227 602 2533 664 desertum,
2560 602 2648 669 qui
2694 602 2903 656 reduxit
2946 617 3033 657 me
3053 602 3350 667 victorem;
3377 605 3450 659 De
3474 623 3583 659 meo

2009 670 2248 738 accipiet,
2277 679 2324 745 et_
2354 672 2678 745 annuntiabit
2725 672 2878 745 vobis.
2924 671 2991 745 Et
3039 681 3100 745 ut~
3135 673 3414 745 ostendat,
3438 678 3579 745 quod

2010 754 2116 794 non
2157 740 2326 793 sancti
2351 740 2577 808 Spiritus
2601 744 2923 796 mentionem
2944 740 3163 808 fecerit,
3192 743 3284 797 sed
3311 740 3577 799 donorum

2003 809 2444 882 ejus,_postquam
2470 811 2622 875 dixit,
2657 810 2735 882 De
2759 828 2866 882 meo
2891 810 3124 879 accipiet,
3154 812 3336 882 adjicit
3353 816 3528 868 statim
3563 833 3576 869 :

2007 877 2190 952 (lautia
2217 895 2536 952 quaecumque
2582 880 2728 952 habet
2777 880 2950 944 Pater,
2979 877 3089 934 mea
3121 877 3237 935 sunt
3280 882 3454 952 (Joun.
3488 886 3576 938 lti.

2005 950 2119 1017 15);
2147 949 2326 1015 accepi
2363 964 2434 1022 _ea
2469 951 2536 1004 de
2576 950 2772 1019 Spiritu
2795 958 2999 1015 sancto;
3028 949 3306 1022 propterea
3339 954 3471 1017 dixi,
3500 953 3579 1007 De

2005 1035 2114 1091 meo
2134 1029 2311 1072 sumet.
2350 1018 2629 1086 Quoniam
2656 1022 2792 1091 Dens
2813 1035 3025 1074 carnem
3067 1018 3417 1076 sanctiticavit
3455 1026 3578 1091 Spi-

2002 1089 2109 1143 ritu
2157 1100 2369 1160 s‘ancto,
2396 1098 2453 1142 et
2493 1092 2670 1143 emisit
2696 1090 2851 1144 Pater
2879 1092 3075 1145 donum
3117 1091 3344 1160 Spiritus
3383 1095 3434 1148 in
3462 1089 3580 1147 car-

2007 1158 2375 1229 nemChristi,
2406 1161 2549 1215 venit
2572 1170 2746 1229 autem
2773 1162 2960 1229 gratia,
2985 1171 3040 1215 et
3068 1158 3242 1215 omnia
3270 1163 3408 1216 dona
3438 1165 3576 1217 indi-

2005 1229 2081 1300 dit
2105 1227 2335 1300 Christo,
2366 1229 2494 1283 dicit
2520 1249 2532 1283 :
2562 1228 2639 1282 De
2676 1227 2793 1282 meo
2812 1232 3056 1300 accipiet,
3082 1241 3128 1284 et
3157 1234 3472 1286 annuntiabit
3493 1250 3582 1288 voc

2002 1297 2096 1351 bis.
2126 1298 2261 1365 Quid
2306 1299 2462 1371 igitur
2482 1310 2585 1361 est,
2616 1302 2657 1352 Α
2684 1301 2848 1369 seipse
2891 1297 2989 1354 non
3027 1301 3273 1371 loquetur,
3316 1304 3406 1356 sed
3438 1322 3579 1370 qua:-

2001 1369 2470 1456 cu-ntqne-audierit‘,
2504 1372 2797 1456 nota'l'aciet
2823 1371 2957 1456 vobis
2995 1369 3101 1456 (lib.
3133 1386 3181 1426 υ.
3209 1374 3295 1456 ib)
3318 1372 3570 1456 inDieImu

2001 1448 2084 1491 est
2116 1446 2288 1500 antea,
2316 1440 2454 1492 aliud
2494 1454 2611 1495 esse
2636 1440 2889 1508 Spiritum
2912 1440 3151 1495 sanetum
3174 1483 3189 1505 ,
3222 1454 3276 1495 et
3303 1443 3443 1497 aliud
3482 1444 3581 1496 do.-

2004 1522 2129 1560 num
2152 1526 2168 1562 :
2197 1507 2339 1561 aliud
2362 1524 2559 1578 regem,
2581 1520 2637 1564 et
2659 1507 2799 1563 aliud
2827 1510 3023 1563 donum
3046 1512 3438 1579 regis.Quaudo
3460 1514 3579 1579 quis

2005 1578 2429 1650 contra_mt_iltas
2481 1588 2535 1650 et
2574 1581 2749 1633 varias
2789 1578 3127 1633 barbarorum
3164 1592 3346 1650 gentes
3384 1578 3577 1637 bellum

2001 1650 2156 1720 gerit,
2190 1647 2395 1720 dubitat
2422 1649 2508 1703 ubi
2532 1650 2757 1718 przeliari
2781 1650 3012 1718 incipiat.
3036 1649 3089 1704 Si
3120 1647 3334 1705 in'hauc
3356 1652 3580 1720 impres-

2002 1717 2205 1771 sionem
2257 1717 2439 1781 iaciat,
2482 1717 2542 1773 et
2586 1717 2899 1786 occupetur,
2921 1735 3041 1772 mox
3084 1720 3237 1773 aliam
3280 1717 3581 1789 prospectat

2002 1802 2283 1855 erumpere
2323 1789 2491 1843 aciem
2520 1806 2531 1840 :
2559 1790 2603 1843 si
2638 1790 2690 1858 in
2719 1789 2852 1843 duas
2899 1799 3074 1858 partes
3113 1790 3345 1854 dividat,
3389 1792 3582 1845 dividi-

2004 1866 2087 1911 tur
2130 1858 2292 1911 rolmr
2336 1859 2620 1913 exercitus.
2670 1857 2727 1912 lu
2768 1857 2941 1912 medio
2983 1874 3165 1913 sumus
3219 1860 3571 1925 Arianorum,

2000 1928 2092 1996 qui
2116 1929 2401 1996 reprobant
2434 1928 2630 1982 Christi
2666 1930 2919 1998 gloriam,
2947 1939 2999 1982 et
3035 1930 3529 1983 Macedonianorum
3556 1973 3573 1995 ,

2001 1998 2092 2067 qui
2116 1999 2348 2051 divinam
2376 1998 2606 2067 Spiritus
2625 2000 2845 2065 gloriam
2868 2000 3206 2053 contumeliis
3236 1999 3491 2053 alliciunt.
3520 2001 3577 2053 St

2001 2066 2159 2131 igitur
2194 2066 2433 2125 confessa
2476 2068 2544 2123 de
2593 2069 2729 2123 Filio
2777 2070 2965 2138 loquar
3005 2070 3070 2122 ad
3124 2068 3528 2123 Macedonianos
3554 2109 3570 2136 ,

2006 2138 2237 2209 Arianus
2281 2138 2460 2209 statim
2509 2150 2702 2209 pugnat
2735 2139 2906 2193 :Num
2952 2138 3018 2193 de
3052 2138 3190 2193 Filio
3230 2142 3574 2209 persuasisti,

2001 2207 2090 2276 qui
2119 2208 2191 2279 de
2208 2207 2405 2279 Spiritu
2427 2207 2558 2263 mihi
2584 2207 2849 2279 loqueris?

2071 2278 2124 2331 8.
2182 2277 2546 2348 Verumrquia
2601 2276 2758 2333 hodie
2800 2279 3126 2348 propositum
3180 2286 3264 2332 est
3326 2276 3395 2332 de
3447 2277 3574 2346 Spi-
3664 2310 3687 2333 ο

2000 2346 2123 2419 ritur
2151 2358 2335 2419 sancto
2384 2347 2569 2419 (saepe
2615 2354 2757 2403 enim
2801 2346 3099 2402 secundum
3146 2348 3367 2415 gratiam
3418 2348 3572 2419 nobis

1999 2431 2030 2469 a
2071 2418 2282 2473 Christo
2322 2420 2498 2471 datam
2544 2418 2611 2473 de
2660 2419 2795 2473 Filio
2834 2420 3113 2471 victoriam
3165 2418 3574 2485 reportavinms,

2004 2496 2271 2556 testesque
2297 2488 2562 2541 dictorum
2594 2504 2688 2542 vos
2708 2490 2859 2549 estis,
2885 2487 3086 2541 scilicet
3132 2502 3235 2539 non
3278 2486 3578 2553 sophisma-

2003 2558 2160 2619 tibus,
2177 2560 2267 2611 sed
2290 2558 2680 2626 Scripturarum
2700 2556 3245 2611 demonstrationibus
3265 2571 3377 2626 rem
3404 2565 3575 2611 actam

2001 2626 2171 2697 esse),
2204 2629 2445 2682 volebam
2475 2639 2651 2683 autem
2681 2639 2733 2681 et
2763 2628 3193 2697 nuncinstituere
3218 2627 3283 2679 de
3306 2625 3440 2679 Filio
3460 2640 3574 2697 ser-

2001 2694 2248 2762 monem;
2290 2713 2502 2767 semper
2527 2700 2668 2752 enim
2705 2699 2756 2751 in
2787 2713 2845 2767 se
2881 2698 3128 2767 virtutem
3158 2694 3572 2767 l'ulgeutemlia-

2001 2767 2089 2820 bet
2112 2783 2127 2819 :
2156 2768 2247 2822 sed
2272 2777 2330 2821 ut
2353 2765 2694 2834 probationes
2717 2766 2974 2827 adferam,
3007 2765 3263 2819 adversus
3291 2765 3570 2819 haereticos

2001 2836 2089 2904 qui
2114 2838 2253 2890 circa
2273 2836 2525 2905 Spiritum
2549 2848 2791 2892 sanctum
2812 2834 3129 2899 claudieaut,
3154 2835 3363 2889 interim
3397 2842 3569 2888 taceo.

2001 2906 2535 2976 lmpossibileantem
2553 2914 2653 2970 est,
2678 2921 2772 2959 eos
2792 2907 2879 2973 qui
2896 2907 3034 2959 circa
3053 2905 3306 2976 Spiritum
3333 2915 3572 2959 sanctum

2001 2974 2250 3029 aberrant
2282 2984 2337 3030 et
2384 2974 2703 3037 claudicant,
2730 2984 2876 3030 recto
2927 2976 3063 3043 pede
3112 2974 3405 3028 ambulare
3432 2975 3575 3030 circa

2000 3043 2214 3098 Filium.
2247 3045 2431 3115 Usque,
2465 3045 2619 3099 hodie
2665 3046 2794 3099 nulli
2840 3045 3220 3099 Macedoniano
3251 3045 3570 3115 persuades,

2002 3123 2058 3169 ut
2134 3117 2575 3170 consubstantiali
2642 3115 2939 3170 subscribat
3017 3115 3309 3168 secundum
3402 3114 3573 3169 Niem-

2001 3200 2123 3238 nam
2168 3187 2470 3255 synodum,
2525 3186 2767 3254 quamvis
2809 3200 3022 3254 semper
3075 3185 3254 3255 dicant
3306 3201 3321 3238 :
3364 3184 3470 3239 Nos
3511 3185 3576 3239 il-

2003 3256 2104 3308 lam
2157 3254 2313 3309 [idem
2368 3268 2682 3310 sectamur:
2729 3257 2980 3325 quoniam
3047 3255 3116 3309 de
3183 3254 3380 3324 Spiritu
3446 3269 3573 3308 san-

1999 3334 2086 3379 cto
2117 3325 2245 3379 nihil
2274 3326 2596 3380 declaratum
2635 3335 2735 3379 est.
2769 3326 2949 3393 Neque
2989 3326 3130 3378 enim
3169 3325 3236 3378 de
3265 3325 3365 3378 hoc
3393 3339 3562 3394 pugna

2001 3396 2082 3447 vel
2132 3396 2353 3464 quzestio
2399 3404 2518 3449 erat
2548 3413 2560 3448 :
2590 3406 2826 3464 attamen
2869 3403 2926 3447 ut
2972 3394 3210 3463 pluribus
3253 3396 3575 3463 argumentis

2002 3464 2106 3518 illis
2131 3463 2531 3534 persuadeatur,
2565 3463 2686 3518 dico
2705 3505 2720 3529 ,
2767 3464 3032 3533 Scriptum
3063 3473 3173 3527 est,
3202 3463 3245 3534 Α
3280 3465 3575 3534 δείρεοηηοη

2002 3533 2247 3601 loquetur.
2281 3535 2369 3587 Dic
2394 3534 2772 3588 Macedoniano
2795 3552 2808 3586 :
2837 3534 3102 3603 Scriptum
3128 3544 3209 3603 est
3230 3533 3330 3587 hoc
3350 3534 3416 3587 de
3443 3533 3576 3586 Filio

2005 3603 2297 3672 (Jama-16.
2321 3603 2430 3673 l3).
2452 3604 2558 3658 imo
2582 3604 2693 3672 ipse
2717 3604 2846 3657 dicit
2863 3604 2930 3658 de
2955 3602 3150 3673 seipso,
3177 3602 3287 3671 Ego
3312 3621 3343 3655 a
3366 3619 3444 3657 me
3460 3604 3577 3673 ipso

2000 3690 2099 3726 non
2126 3673 2304 3743 loquor
2329 3676 2347 3745 (
2368 3672 2523 3727 Joan.
2551 3675 2634 3727 14.
2671 3672 2793 3743 l0).
2824 3672 3050 3729 Attende
3074 3715 3086 3745 ,
3110 3675 3348 3729 obsecro.
3398 3672 3577 3727 Allero

2003 3746 2361 3798 testimonium
2392 3745 2530 3813 apud
2562 3754 2612 3799 te
2652 3747 2953 3798 confessum
2984 3763 2997 3799 :
3026 3744 3279 3798 adversus
3321 3745 3575 3813 Arianum

2002 3816 2141 3883 enim
2168 3812 2459 3869 certamine
2499 3815 2585 3870 hic
2626 3829 2760 3883 opus
2811 3822 2988 3879 esset,
3021 3814 3072 3867 in
3104 3812 3369 3883 hochuod
3406 3812 3573 3878 dicit,

2003 3882 2114 3952 Ego
2140 3901 2173 3938 a
2198 3886 2386 3953 meipso
2408 3902 2506 3937 non
2532 3881 2726 3953 loquor,
2755 3894 2811 3939 et
2842 3885 3084 3937 similiter
3113 3882 3181 3937 de
3208 3881 3407 3951 Spiritu
3446 3898 3575 3936 san-

2002 3963 2089 4008 clo
2116 3973 2128 4006 :
2155 3955 2292 4021 apud
2323 3964 2374 4007 te
2398 3964 2595 4019 autem,
2627 3954 2714 4023 qui
2748 3953 3012 4022 proﬁteris
3042 3962 3093 4007 te
3124 3954 3222 4007 hoc
3263 3961 3446 4006 sancte
3481 3968 3576 4006 co-

2004 4026 2132 4088 lere,
2163 4024 2305 4078 nulla
2334 4038 2468 4093 opus
2494 4025 2907 4077 concertatione.
2943 4023 3015 4078 De
3042 4023 3253 4077 Christo
3277 4038 3573 4093 sermonem

2003 4095 2320 4158 instituens,
2369 4092 2501 4148 dicis
2540 4094 2799 4162 :equalem
2852 4093 2983 4157 Deo,
3015 4093 3241 4147 similem
3292 4092 3432 4146 Patri
3483 4109 3577 4161 per

2002 4165 2199 4217 omnia.
2230 4164 2361 4229 Quia
2389 4164 2643 4219 adversus
2680 4179 2801 4218 eum
2822 4203 2837 4227 ,
2869 4163 2957 4232 qui
3004 4164 3286 4218 conlitetur
3311 4163 3528 4231 gloriam
3558 4205 3573 4226 ,

2001 4235 2347 4303 quaestionem
2398 4234 2596 4288 induxi.
2632 4233 2780 4287 Dicis
2821 4234 2889 4287 de
2917 4234 3148 4302 Spiritu,
3178 4235 3219 4286 Α
3263 4236 3424 4303 scipso
3474 4249 3575 4286 non

2002 4305 2233 4373 loquetur
2263 4319 2284 4358 :
2307 4303 2435 4358 dicit
2480 4304 2520 4357 F
2526 4305 2644 4357 ilius
2688 4306 2754 4358 de
2794 4304 2973 4374 seipso
2997 4345 3013 4374 ,
3042 4304 3153 4373 Ego
3188 4321 3220 4356 α
3254 4305 3440 4372 nieipso
3475 4318 3575 4357 non

2002 4375 2199 4446 loquor,
2236 4374 2324 4446 sed
2365 4390 2686 4446 quotcumque
2710 4372 2949 4446 audivia
2974 4372 3145 4446 Patre
3183 4376 3456 4446 meo,_hrec
3499 4374 3575 4425 lo-

2000 4441 2129 4513 quor
2177 4442 2382 4515 (Joan.
2412 4445 2497 4498 M.
2534 4441 2618 4499 10.
2665 4455 2719 4499 et
2755 4444 2843 4515 15.Δ
2873 4444 2940 4498 15
2973 4445 3007 4510 ).
3054 4443 3193 4497 Ecce
3232 4453 3285 4496 et
3329 4441 3492 4515 Filius
3544 4458 3572 4493 a

2002 4511 2323 4582 Seipso'non
2375 4515 2651 4583 loquitur:
2695 4513 3017 4583 interimque
3063 4524 3145 4567 cst
3200 4512 3417 4583 aequalis
3472 4511 3573 4583 ho-

2003 4581 2122 4640 nor.
2154 4584 2277 4639 "me
2310 4583 2377 4637 ad
2414 4581 2465 4639 te
2492 4584 2646 4638 dico:
2678 4584 2906 4637 Arianus
2930 4581 3079 4637 enim
3119 4590 3174 4637 et
3215 4582 3281 4637 de
3312 4582 3403 4638 illo
3429 4581 3574 4636 etde

2004 4656 2106 4711 hoc
2147 4654 2373 4709 dubitat.
2413 4654 2562 4721 Quod
2607 4653 2874 4722 naufragis
2910 4653 3121 4715 accidit,
3161 4655 3260 4706 hoc
3296 4651 3490 4713 evenit.
3519 4659 3578 4714 ut

2001 4725 2128 4779 dicit
2172 4725 2383 4789 Paulus,
2412 4724 2717 4789 incredulis,
2755 4724 2852 4790 Qui
2892 4724 3025 4776 circa
3059 4724 3210 4790 ﬁdem
3249 4723 3574 4791 naufragium

2001 4800 2223 4865 feceram
2255 4796 2330 4863 (1.
2368 4794 2497 4848 Tim.
2532 4796 2581 4849 1.
2615 4796 2724 4859 19).
2754 4793 2933 4847 Ariani
2956 4792 3244 4865 naufragio
3278 4792 3414 4865 iacto
3448 4805 3570 4860 pero

1999 4862 2247 4920 diderunt
2264 4862 2325 4920 et
2351 4864 2545 4919 Christi
2585 4865 2826 4933 gloriam,
2863 4872 2918 4916 et
2948 4863 3176 4931 Spiritus
3217 4862 3383 4916 sancti
3411 4868 3572 4933 virtus

2001 4944 2138 5001 tem;
2168 4936 2527 4990 Macedoniam
2556 4932 2882 4989 contendunt
2910 4933 3120 5000 quidem
3153 4946 3443 5002 emergere,
3476 4932 3571 5002 sed

2000 5000 2268 5059 dimidiam
2299 5006 2558 5059 sarcinam
2585 5006 2893 5063 amiserunt,
2925 5004 3058 5057 sicut
3085 5002 3212 5056 dicit
3239 5000 3431 5056 Paulus
3460 5017 3474 5052 :
3508 5000 3572 5056 Si

1998 5078 2108 5145 quis
2129 5085 2295 5129 autem
2316 5075 2577 5145 Spiritum
2603 5072 2789 5145 Christi
2810 5089 2909 5126 non
2933 5073 3097 5133 habet,
3125 5073 3205 5145 hic
3233 5088 3331 5125 non
3360 5081 3432 5124 est
3459 5073 3571 5138 ejus

2001 5142 2176 5215 (Rom.
2210 5147 2260 5200 8.
2303 5142 2381 5215 9).
2421 5145 2646 5198 Attende
2687 5144 2861 5213 igitur,
2908 5153 2963 5194 ιιι
3010 5142 3383 5215 ne_videa_utur
3419 5156 3569 5195 more

1998 5211 2310 5271 certantium
2339 5211 2679 5283 irrumpere,
2712 5211 2770 5267 et
2815 5212 3194 5267 contumeliose
3231 5211 3570 5265 demonstra.

2002 5288 2195 5341 tionem
2221 5284 2429 5340 ell‘erre.
2466 5282 2573 5352 Ego
2614 5302 2645 5337 a
2695 5284 2891 5352 meipso
2934 5299 3031 5335 non
3068 5283 3262 5352 loquor.
3309 5282 3572 5348 Interpre-

2001 5365 2112 5411 tare
2157 5354 2284 5410 tnihi
2320 5355 2444 5424 quid
2486 5351 2569 5411 est
2612 5354 2713 5408 hoc
2759 5351 2900 5421 quod
2946 5352 3109 5424 dicit.
3164 5351 3345 5424 Egoua
3381 5352 3571 5424 meipso

1999 5443 2098 5480 non
2124 5428 2296 5497 loquor
2324 5421 2349 5480 Ῡ
2375 5426 2639 5497 quomodo
2671 5425 2732 5497 id
2763 5424 2894 5497 dixit
2942 5421 3231 5497 Salvator?
3266 5421 3562 5497 E_am_enim

1998 5512 2155 5565 quam
2187 5491 2594 5552 Macedonianus
2635 5494 2914 5549 adduxerit
2937 5493 3252 5546 solutionem
3274 5491 3341 5546 de
3381 5491 3519 5565 Filio
3547 5528 3563 5550 .

2001 5560 2134 5620 lianc
2183 5568 2437 5637 intelliget
2484 5574 2541 5637 et
2582 5565 2797 5637 Spiritui
2855 5572 3041 5637 sancto
3070 5577 3397 5637 congruere.
3454 5560 3569 5616 Duo

1998 5645 2139 5693 stant
2159 5632 2378 5704 aqualis
2408 5632 2692 5705 ponderis:
2738 5634 2920 5701 Neque
2945 5632 3220 5705 Spiritus_a
3251 5634 3445 5705 seipse,
3475 5644 3570 5683 ne-

1997 5722 2100 5778 que
2142 5702 2309 5778 Filius
2336 5723 2364 5754 a
2408 5702 2584 5778 seipso
2615 5706 2747 5760 :sed
2785 5719 2919 5778 opus
2957 5704 3128 5778 habet_
3169 5702 3330 5757 Filius
3373 5702 3527 5754 Patre
3551 5735 3566 5759 .

1996 5774 2130 5844 opus
2158 5776 2317 5845 habet
2334 5785 2387 5831 et
2406 5776 2632 5845 Spiritus
2654 5786 2868 5829 sanctus
2891 5774 3081 5829 l’atre:
3117 5774 3372 5845 hactenus
3389 5782 3566 5845 xequa-

2000 5840 2066 5903 lis
2089 5856 2170 5905 est
2194 5844 2386 5904 honor.
2412 5840 2636 5906 Attende
2664 5846 2842 5917 igitur.
2874 5846 2997 5903 Scio
3017 5857 3105 5900 me
3150 5846 3204 5898 in
3250 5840 3565 5913 prolttudttut
