4058 6222
311 217 418 274 8‘25

311 333 438 407 lese
465 331 692 407 Christi,
731 333 901 407 solem
927 344 981 407 et
1023 335 1200 391 lunam
1227 335 1450 405 epiiiccs
1486 351 1606 394 esse
1644 337 1760 407 (a)?
1803 335 1892 391 ubi

311 405 446 459 dixit
469 404 731 470 Christus,
765 405 904 472 quod
935 405 1049 462 haec
1093 404 1338 462 hauriant
1365 409 1588 472 animas,
1621 404 1677 462 et
1703 404 1891 462 iredu-

314 485 438 530 eant
462 474 596 548 eas?
639 475 730 528 nhi
761 475 930 545 legisti
950 477 1112 548 iure?
1141 478 1216 531 Ex
1243 493 1312 533 eo
1355 478 1496 548 quod
1527 493 1631 533 non
1657 477 1800 532 dicat
1830 492 1891 532 ea

310 561 432 614 quae
457 545 652 614 scripta
690 555 834 618 sunt,
867 547 959 618 sed
999 563 1028 600 a
1060 549 1236 616 seipso
1267 545 1530 618 loquatur,
1555 549 1893 604 manifesmm

315 625 398 688 est
417 631 542 670 eum
567 631 675 688 non
703 615 899 672 habere
943 615 1196 688 Spiritum
1217 615 1480 675 sanctum.
1507 621 1550 672 Α
1587 621 1752 686 seipso
1792 635 1894 673 non

313 684 566 758 loquetur,
589 685 676 740 sed
713 684 1033 758 qtuecumque
1095 689 1350 757 audierit,
1405 684 1719 745 aunuutiabit
1757 689 1894 743 vobis

314 755 495 828 (datm.
527 758 616 810 16.
651 758 738 828 15)
769 773 783 809 :
809 757 910 812 hoc
935 755 1037 823 est,
1065 776 1181 828 qua:
1211 755 1702 816 (lixi'conlirtttabit.
1736 759 1802 813 Et
1826 760 1899 813 vi-

313 827 381 881 de
400 827 734 882 miraculum.
749 827 1205 896 Quemadmodum
1223 832 1465 886 Salvator
1479 833 1642 895 venit,
1659 841 1710 885 et
1727 829 1894 884 factus

313 899 692 974 estplenitudo
708 899 841 974 legis
869 900 1246 974 prophetarum
1287 917 1300 954 :
1328 902 1400 957 ita
1420 900 1698 974 plenitudo
1721 897 1893 974 Evan-

315 968 441 1038 gelii
471 978 554 1042 esi
579 968 1072 1042 Spiritussanctus.
1115 971 1360 1027 Christus
1394 968 1536 1027 venit
1563 981 1618 1027 et
1656 971 1896 1042 impievit

313 1053 432 1111 qua:
459 1054 488 1091 a
519 1039 675 1094 Patre
729 1041 780 1094 in
824 1040 941 1110 lege
988 1051 1042 1096 et
1084 1042 1362 1111 prophetis
1408 1051 1532 1096 sunt
1565 1043 1704 1096 dicta
1733 1039 1744 1095 ὲ
1773 1039 1895 1111 ideo

313 1109 700 1183 dicitl’anlns:
737 1111 1016 1166 Plenitudo
1064 1109 1197 1180 legis
1215 1111 1460 1168 Christus
1495 1110 1889 1183 (Ro:n.1Q..1).

313 1179 547 1248 Spiritus
591 1190 809 1235 sanctus
836 1185 998 1245 vrnit,
1027 1192 1076 1253 et
1112 1183 1348 1249 implevit
1373 1179 1700 1253 evangelica.
1734 1179 1894 1248 Quae-

312 1266 542 1324 cumque
570 1253 784 1324 suntin
832 1253 982 1324 lege,
1013 1251 1254 1324 Christus
1278 1254 1464 1320 implet
1503 1251 1895 1324 {quaecumque

313 1319 518 1393 suntin
556 1319 802 1393 doctrina
823 1319 1040 1386 Christi,
1070 1323 1302 1393 Spiritus
1349 1319 1530 1392 implet
1548 1319 1582 1388 ,’
1611 1339 1714 1378 non
1751 1319 1892 1392 quod

314 1390 659 1464 imperfectus
687 1391 755 1446 sit
783 1391 940 1446 Pater
962 1435 977 1458 ,
1007 1397 1100 1448 sed
1113 1390 1186 1447 ἰιι
1217 1390 1474 1464 apparuit
1497 1395 1743 1448 Christus
1766 1390 1898 1448 eon-

315 1461 532 1514 lirmans
558 1477 677 1531 qua:
717 1472 840 1516 sunt
866 1464 1056 1528 Patris,
1102 1465 1180 1518 sic
1223 1461 1466 1534 apparuit
1495 1465 1726 1534 Spiritus
1769 1478 1893 1518 sau-

313 1543 427 1602 cius
455 1537 782 1587 contirmans
807 1549 866 1588 ea
895 1551 1013 1602 qua:
1059 1543 1184 1588 sont
1225 1533 1339 1589 Fitii
1403 1533 1554 1591 Unde
1584 1535 1718 1597 hoc?
1761 1535 1896 1589 Dicit

315 1601 560 1656 Salvator
587 1603 866 1670 discipulis
897 1601 922 1656 :'
941 1603 1107 1658 Multa
1130 1603 1288 1660 habeo
1315 1606 1450 1660 vobis
1471 1606 1656 1672 dicere,
1681 1605 1770 1659 sed
1797 1622 1897 1659 non

314 1673 517 1741 potestis
543 1683 744 1745 portare
787 1678 934 1726 modo
957 1693 975 1728 :
1013 1675 1215 1745 quando
1251 1686 1416 1730 autent
1444 1676 1627 1730 venerit
1669 1674 1896 1744 Spiritus

311 1753 532 1816 sanctus,
577 1744 776 1816 inducet
803 1760 888 1798 vos
907 1745 958 1798 in
996 1744 1190 1816 omnem
1218 1747 1491 1813 veritatem,
1517 1746 1636 1816 quia
1671 1763 1703 1799 a
1731 1747 1896 1816 seipso

311 1829 414 1887 non
440 1814 666 1887 (minetur
690 1817 704 1881 ί
713 1811 748 1866 ,1
753 1831 872 1867 oau.
899 1816 980 1870 16.
1016 1814 1102 1887 i2.
1129 1817 1215 1887 15)
1241 1833 1254 1868 :
1279 1831 1400 1871 nam
1432 1811 1550 1872 mea
1577 1817 1778 1886 implet.
1802 1811 1887 1870 Fi-

313 1882 417 1936 lius
443 1884 622 1956 implet
649 1899 711 1939 ea
737 1900 857 1953 qua:
877 1897 999 1939 sunt
1021 1882 1214 1951 Patris,
1245 1896 1300 1941 et
1328 1903 1355 1939 a
1387 1889 1566 1955 seipso
1591 1882 1695 1940 non
1724 1887 1898 1956 loqui-

313 1961 402 2007 tur
434 1969 448 2006 :
478 1955 705 2026 Spiritus
725 1964 942 2026 saucius
971 1956 1152 2025 implet
1181 1973 1298 2026 qua:
1325 1969 1448 2011 sunt
1477 1957 1616 2019 Filii.
1648 1967 1702 2012 et
1727 1973 1756 2010 a
1789 1955 1894 2010 Sei-

312 2038 540 2096 psonon
567 2025 818 2093 loquitur.
842 2023 904 2080 Si'
925 2023 1099 2080 autem
1122 2023 1352 2082 audieris
1371 2028 1660 2096 dicentem,
1693 2027 1892 2082 Mittam

311 2095 462 2148 vobis
515 2095 768 2161 Spiritum
821 2108 1104 2162 sanctum,
1157 2113 1262 2152 non
1299 2099 1592 2154 secundum
1641 2099 1893 2152 deitatem

314 2165 582 2232 accipias:
620 2166 756 2220 Deus
794 2167 934 2220 enim
982 2183 1086 2226 non
1116 2168 1360 2224 mittitur.
1389 2169 1608 2224 Nomina
1631 2178 1752 2224 sunt
1781 2169 1894 2222 lle

309 2237 671 2306 operationem
702 2235 1072 2306 signiﬁcantia,
1121 2238 1334 2292 nomina
1382 2240 1586 2294 occulta
1630 2240 1791 2294 simul
1837 2251 1894 2292 et

312 2304 484 2378 lucida
518 2323 544 2378 :7
563 2304 768 2361 occulta
798 2307 844 2362 si
885 2308 1194 2378 dignitatem
1221 2322 1462 2376 speetes;
1496 2310 1667 2363 lucida
1693 2312 1734 2364 si
1761 2325 1898 2365 cou-

312 2376 708 2448 templationem
735 2395 747 2428 :
771 2388 924 2432 certe
951 2376 1194 2448 quisquis
1233 2381 1416 2445 mittit,
1435 2381 1485 2433 in
1503 2380 1604 2434 alia
1624 2381 1782 2434 mittit
1809 2381 1892 2434 lo-

310 2459 396 2520 ca,
430 2447 481 2498 in
513 2447 703 2520 quibus
743 2465 846 2500 non
877 2447 987 2501 est.
1009 2448 1174 2520 Finge
1203 2465 1288 2520 me
1335 2450 1562 2520 aliquem
1600 2450 1796 2520 alloqui
1839 2451 1889 2504 in

311 2513 413 2588 hac
439 2516 604 2588 sede:
631 2533 734 2571 non
762 2533 974 2587 possum
1007 2513 1184 2574 dictfre
1207 2513 1457 2588 cuipiam,
1491 2519 1644 2582 Veni,
1687 2513 1890 2574 mittam

308 2593 362 2639 te
393 2587 497 2640 huc
525 2605 539 2640 :
571 2586 673 2641 hoc
699 2586 800 2642 non
823 2599 911 2642 est
937 2591 1166 2656 mittere,
1195 2586 1578 2644 sed—collocare
1611 2589 1693 2645 vel
1713 2606 1892 2645 accer-

306 2668 450 2710 sere.
482 2657 634 2724 Quod
655 2656 698 2710 si
745 2659 879 2712 Dt-us
913 2659 1104 2729 ubique
1144 2659 1474 2729 est;_Ctelum
1501 2661 1667 2726 enim,
1700 2661 1888 2729 inquit,

309 2733 377 2800 et_
407 2733 593 2800 terram
621 2743 724 2800 ego
753 2729 940 2800 impleo
995 2727 1130 2800 (Jer.
1153 2730 1242 2785 25.
1269 2727 1360 2800 Ξι)
1390 2745 1408 2786 :
1453 2745 1683 2800 quonam
1736 2727 1893 2800 igitur

307 2797 499 2868 mittit,
543 2798 630 2866 qui
652 2797 871 2868 ’uhique
893 2800 1006 2854 est?
1028 2799 1089 2855 Si
1111 2797 1379 2856 ascendere
1402 2805 1455 2855 in
1473 2797 1679 2865 caelum,
1709 2797 1775 2854 tu'
1787 2803 1892 2855 illic

309 2880 401 2929 es;
433 2867 477 2920 si
504 2867 802 2942 descendere
827 2871 879 2922 in
895 2871 1167 2942 infernum,
1197 2871 1357 2935 ades;
1385 2873 1428 2924 si
1467 2887 1725 2942 sumpsero
1761 2889 1888 2942 pen-

305 2951 400 2989 nas
442 2953 576 2990 meas
600 2938 845 3004 diluculo,
867 2949 915 2992 et
931 2940 1214 2994 habitavere
1240 2942 1290 2994 in
1310 2943 1543 2994 extremis
1561 2938 1713 2994 maris
1740 2938 1889 2994 :Vete-

307 3007 412 3058 uim
439 3007 557 3061 illuc
583 3025 760 3062 manus
783 3022 868 3062 tua
906 3010 1115 3063 deducet
1159 3027 1239 3064 me
1285 3011 1454 3134 il’sal.
1489 3011 1612 3066 158.
1637 3011 1884 3078 8.-10).

309 3079 573 3134 Quorsum
603 3079 760 3134 igitur
791 3081 926 3134 Deus
957 3081 1146 3134 mittit?
1176 3082 1256 3134 An
1305 3089 1420 3134 orte
1453 3080 1594 3134 auod
1623 3081 1736 3134 inse
1781 3083 1884 3134 uui-

309 3079 573 3152 Quorsum
603 3079 760 3152 igitur
791 3081 926 3134 Deus
957 3081 1146 3152 mittit?
1176 3082 1256 3152 An
1285 3079 1420 3137 forte
1453 3080 1594 3152 quod
1623 3081 1736 3150 ipse
1781 3083 1891 3152 qui-

303 3145 440 3220 d_em_
459 3145 670 3220 ubique,
703 3151 747 3203 is
793 3159 968 3204 autem
1005 3150 1090 3219 qui
1118 3151 1361 3215 mittitur,
1388 3145 1492 3204 non
1517 3145 1755 3220 ubique?
1784 3145 1886 3205 Mi-

303 3218 368 3269 sit
403 3217 538 3271 Deus
568 3217 764 3273 Filium
787 3235 932 3272 suum
953 3221 1005 3274 in
1025 3217 1288 3274 mundum
1317 3220 1492 3291 (Joan.
1522 3223 1576 3276 5.
1603 3217 1716 3291 17).
1745 3221 1880 3277 Num

307 3297 362 3358 ut
395 3303 497 3342 non
530 3300 841 3358 praesentem
865 3293 915 3344 in
942 3291 1179 3345 mundo?
1207 3295 1272 3346 At
1293 3292 1522 3346 mundus
1543 3308 1604 3346 ex
1627 3291 1762 3346 Filio
1781 3303 1880 3348 est.

306 3357 668 3431 PrOptereane
689 3364 835 3415 venit
861 3364 910 3414 in
945 3361 1218 3423 mundum,
1247 3363 1367 3431 quia
1397 3373 1552 3416 antea
1588 3379 1692 3416 non
1714 3361 1888 3417 fuerat

303 3427 356 3502 ip
387 3431 618 3502 mundo?
635 3431 910 3498 Quomodo
929 3431 1086 3502 igitur
1109 3427 1342 3488 Joannes
1375 3431 1694 3502 evangelista
1720 3432 1880 3486 dicit:

306 3497 492 3572 Omnia
530 3518 619 3568 per
635 3497 801 3567 ipsum
824 3497 1091 3572 facta'sunt
1117 3517 1138 3558 :
1159 3503 1209 3556 in
1231 3503 1416 3572 mundo
1446 3497 1573 3562 erit.
1597 3513 1644 3556 et
1665 3502 1885 3557 mundus

302 3586 393 3636 per
415 3571 578 3644 ipsum
604 3575 771 3643 factus
796 3571 867 3625 est
909 3572 1088 3644 (.ioau.
1119 3575 1172 3628 1.
1196 3573 1288 3642 5)?
1313 3571 1593 3640 Quomodo
1619 3573 1790 3644 igitur
1829 3574 1881 3628 in

300 3641 556 3714 mundum
589 3641 778 3697 missus
790 3652 880 3714 est
893 3641 1143 3714 ‘t'ltnrsus
1163 3644 1208 3698 si
1227 3644 1422 3698 missus
1441 3642 1630 3714 estqui
1661 3641 1879 3712 missus,

298 3719 355 3764 et
384 3713 577 3784 mansit
599 3727 756 3784 supra
786 3713 828 3766 is
855 3713 942 3784 qui
967 3714 1132 3781 misit,
1159 3723 1212 3768 et
1245 3714 1334 3784 qui
1362 3713 1666 3768 missus'est
1714 3715 1874 3784 infra,

298 3729 355 3764 Cl
384 3729 577 3774 mausn
599 3729 756 3781 supra
786 3729 828 3766 IS
855 3729 942 3837 iul
967 3729 1132 3781 nnsn,
1159 3729 1212 3768 et
1245 3729 1334 3784 qut
1362 3729 1556 3768 missus
1583 3729 1666 3768 ess
1714 3729 1874 3780 nura,

296 3783 580 3923 gnara):qu
605 3783 835 3851 dicebat,
887 3783 924 3834 ‘t
951 3785 1037 3854 qui
1059 3786 1193 3839 misit
1236 3799 1349 3853 me,
1377 3799 1570 3838 naccam
1603 3793 1674 3839 est
1701 3782 1878 3856 (lana.

371 3922 458 3993 11.
477 3922 728 3993 Obsecro,
759 3923 1037 3993 diligenter
1060 3923 1323 3990 attendas,
1353 3937 1653 3978 sermonem
1682 3923 1734 3978 in
1759 3931 1872 3978 tuto

294 3991 524 4048 colloca.
570 3992 752 4051 Potest
779 3991 921 4050 enim
948 3995 1128 4050 dicere
1162 3993 1448 4050 haereticus
1474 4011 1489 4049 :
1521 3993 1727 4049 Mecum
1757 4005 1876 4062 est,

357 4148 432 4210 (a)
448 4154 626 4212 Manes
645 4148 840 4202 dicebat
861 4147 1016 4199 solem
1038 4155 1092 4199 et
1113 4147 1275 4199 lunam
1294 4149 1495 4212 ,opiilces
1513 4161 1642 4212 esse.
1683 4149 1878 4199 Ubinam

292 4209 516 4260 dixerint
530 4219 614 4260 aut
637 4211 922 4261 manichtcus
958 4219 1039 4260 attt
1061 4211 1304 4261 Manichazi
1325 4209 1481 4261 Solem
1505 4219 1557 4261 et
1579 4210 1740 4260 lunam
1765 4224 1878 4262 esse

291 4272 510 4336 Opiﬁces,
549 4271 761 4320 nondum
783 4273 902 4322 mihi
939 4280 1238 4336 compertum
1261 4278 1356 4336 est.
1390 4272 1582 4336 Verum
1600 4273 1879 4322 atanichteos

291 4332 376 4396 qui
403 4332 500 4382 late
524 4346 612 4396 per
625 4335 797 4396 orbem
821 4334 1029 4396 grassati
1047 4332 1178 4394 sunt,
1195 4334 1314 4384 etin
1330 4335 1488 4396 varias
1509 4334 1679 4383 abiere
1693 4339 1874 4393 sectas,

323 4395 486 4458 _i_v_ersa
513 4395 768 4458 admodum
791 4395 842 4458 et
866 4408 1032 4458 parum
1054 4407 1262 4446 consona
1285 4395 1551 4458 tradidisse
1561 4402 1763 4458 certum,
1777 4403 1876 4447 est.

291 4452 419 4521 Vide
441 4456 806 4521 natricha‘orum
827 4452 1091 4521 historiam,
1115 4470 1340 4521 quamex
1370 4456 1710 4521 Ampitilochiis
1723 4457 1875 4521 Photii

291 4517 532 4582 edidimus
553 4517 601 4565 in
625 4517 916 4582 uitiiiotheca
937 4517 1200 4582 Ooislinfp.
1224 4519 1335 4570 550.
1371 4517 1502 4582 Quod
1525 4532 1634 4568 mox
1658 4518 1737 4568 hic
1751 4519 1874 4582 dici-

292 4583 370 4626 tur
391 4577 549 4642 solem
574 4585 625 4628 et
647 4578 809 4628 lunam
833 4580 1030 4630 haurire
1054 4577 1236 4630 animas
1258 4588 1309 4631 et
1348 4577 1608 4637 reducere,
1633 4593 1747 4642 cum
1766 4581 1874 4642 Epi-

291 4639 466 4700 phanio
488 4642 747 4700 consentit,
768 4641 850 4703 qui
867 4642 986 4692 dicit
1000 4642 1181 4691 Hmresi
1203 4643 1283 4703 66,
1307 4641 1574 4693 secundum
1591 4639 1872 4691 Manichaéo-

289 4712 408 4765 rum_
433 4703 749 4765 sententiam,
773 4703 1029 4765 tzhristum,
1073 4704 1157 4765 qui
1179 4711 1472 4764 apparentes
1494 4710 1680 4752 tantum
1714 4704 1870 4762 venit,

286 4761 558 4826 machinam
595 4761 834 4826 struxisse
878 4761 1131 4819 duodecan
1171 4761 1316 4814 cados
1351 4765 1645 4825 habentem,
1688 4777 1799 4826 quae
1841 4761 1871 4813 a

283 4821 478 4894 iiphtera
500 4823 703 4894 quadam
725 4825 1010 4875 circumacta
1029 4833 1324 4894 mortuorum
1362 4827 1545 4874 animas
1565 4821 1756 4894 sursum
1775 4832 1871 4875 tra-

287 4882 377 4941 hit,
401 4882 784 4950 quasluminare
809 4899 1032 4950 magnum
1053 4887 1202 4950 radiis
1245 4895 1480 4950 exceptas
1502 4892 1693 4950 purgat,
1718 4884 1869 4950 lume-

285 4957 402 5011 ςιιιεΔ
424 4947 583 5011 tradit,
631 4955 682 5011 et
712 4947 784 5011 sic
816 4947 943 4997 lunae
965 4948 1149 4998 discum
1181 4947 1414 5011 impleri:
1440 4947 1546 4998 haec
1567 4947 1748 5011 quippe
1769 4948 1868 5011 duo

287 5003 540 5073 luminaria
562 5003 753 5072 navigia
777 5017 826 5058 et
851 5015 1088 5073 [aintones
1125 5003 1402 5073 esse'dicit.
1440 5011 1522 5073 cui
1545 5003 1704 5073 simile
1727 5009 1868 5073 quid-

286 5067 612 5179 gam‘téicitur
633 5067 697 5120 at?
717 5067 980 5134 augustino
1001 5071 1065 5122 de
1109 5072 1383 5122 Haeresilms
1403 5072 1463 5122 ad
1485 5067 1867 5132 Quodvulul'eum

344 5144 391 5179 ι».
481 5163 498 5179 .

284 5141 391 5193 cap.
416 5141 498 5180 su.

1574 213 1664 271 DE
1701 211 1801 270 SPl
1813 207 1981 264 RITU
2021 210 2313 278 SANCTO.

3487 225 3592 284 326

2007 333 2138 408 inihi
2168 343 2257 408 est
2287 333 2486 408 auxilio
2500 377 2521 408 γ,
2549 335 2688 408 sicut
2715 344 2766 392 et
2791 351 2891 408 ego
2917 337 3058 400 dico,
3085 339 3224 394 Dens
3253 355 3458 394 mecum
3486 351 3589 397 est.

2007 405 2122 477 Non
2152 406 2286 460 dixit
2333 406 2646 477 simpliciter
2678 425 2691 462 :
2718 407 2812 462 sed
2830 405 2958 477 quid
2979 410 3003 462 ?
3024 409 3180 464 Pater
3203 409 3257 463 in
3276 426 3355 464 me
3383 427 3591 467 manens

2005 475 2188 547 (Joan.
2222 477 2446 548 1110).
2475 476 2536 548 Si
2565 493 2684 531 cum
2714 477 2830 546 ipso
2855 475 3008 545 erat,
3040 489 3095 534 et
3131 481 3183 533 in
3213 481 3327 548 ipso
3356 483 3547 534 mansit
3572 523 3588 546 ,

2006 546 2274 616 quomodo
2301 546 2388 602 ille
2417 547 2578 618 misit,
2626 549 2709 602 vel
2752 550 3019 618 quomodo
3045 549 3130 605 hic
3156 546 3351 605 missus
3377 550 3504 608 est?
3532 551 3588 606 Si

2007 620 2150 672 enim
2175 627 2464 680 venerunt,
2497 617 2602 673 duo
2629 617 2884 672 venerunt
2907 661 2924 684 ,
2953 630 3006 674 et
3046 621 3222 675 nullus
3250 623 3442 676 missus
3467 631 3548 676 est
3573 640 3588 678 :

2005 699 2095 742 aut
2125 704 2312 760 rur;us
2337 731 2367 760 ,ν
2393 687 2862 760 duo_mansernnt.
2895 689 2950 744 Si
2981 693 3174 744 mansit
3205 691 3363 760 Pater
3389 707 3547 760 supra
3572 734 3587 756 ,

2005 758 2272 828 quomodo
2320 759 2447 812 dicit
2493 758 2532 812 F
2537 759 2657 812 ilius
2689 776 2702 813 :
2735 759 2893 815 Pater
2929 776 3135 815 mecum
3164 762 3288 815 est?
3329 759 3384 816 Si
3427 758 3588 830 supra

2007 831 2202 882 mansit
2230 831 2316 898 qui
2350 830 2512 894 misit,
2554 831 2820 898 quomodo
2858 845 3038 886 secum
3083 831 3240 886 habet
3269 833 3314 886 is
3341 832 3432 898 qui
3457 838 3590 886 tuis-

2007 914 2099 970 sits
2125 909 2207 954 est
2235 915 2355 954 eum
2382 901 2473 969 qui
2502 900 2706 970 mittit?
2735 901 2847 970 Ego
2877 903 3041 963 enim,
3071 902 3224 966 dixit,
3252 903 3305 956 in
3335 900 3511 966 Patre,
3542 913 3590 958 et

2007 967 2165 1022 Pater
2191 967 2482 1042 mecumisst
2508 969 2683 1042 (Joan.
2718 967 2804 1026 10'.
2828 973 2942 1040 58).
2970 972 3248 1039 Quomodo
3279 975 3433 1042 igitur
3459 990 3589 1029 IIIIS-

2003 1053 2094 1094 sus
2117 1039 2488 1113 est,rqui_di_ci_t
2518 1039 2534 1094 Ξ
2569 1039 2726 1094 Pater
2753 1042 2806 1113 in
2834 1039 2912 1095 me
2937 1055 3004 1096 est
3023 1043 3050 1095 .9
3073 1042 3138 1096 Et
3173 1039 3440 1113 quomodo
3485 1047 3586 1100 ite-

2005 1126 2123 1164 rum
2175 1111 2359 1182 misit?
2409 1111 2578 1182 Igitur
2596 1125 2716 1165 cum
2761 1112 2926 1174 dicit,
2971 1113 3120 1166 Mitto
3141 1111 3290 1167 vobis
3330 1113 3584 1182 Spiritum

2006 1190 2246 1252 sanctum
2272 1222 2297 1252 ,γ
2331 1181 2529 1252 donum
2551 1181 2682 1236 dicit
2721 1185 2888 1237 sancti
2917 1182 3164 1252 Spiritus.
3199 1183 3264 1237 Et
3295 1185 3588 1241 utdisratis

2001 1251 2200 1305 donum
2232 1251 2389 1317 mitti,
2417 1251 2672 1319 Spiritum
2695 1265 2873 1308 autem
2905 1251 3008 1306 non
3037 1255 3195 1320 mitti,
3225 1253 3470 1310 Salvator
3496 1256 3582 1308 di-

2007 1322 2082 1375 cit
2110 1324 2364 1390 apostolis
2396 1339 2410 1376 :
2445 1321 2649 1376 Maneto:
2673 1323 2726 1377 in
2751 1323 3069 1388 Jerusalem,
3105 1325 3262 1378 donec
3305 1325 3589 1378 induamini

2003 1394 2184 1465 virtute
2211 1409 2273 1446 ea:
2296 1395 2421 1465 alto,
2447 1403 2494 1446 et
2521 1393 2772 1465 accipietis
2798 1395 3026 1465 virtutem
3051 1395 3442 1465 supervenientis
3465 1396 3586 1464 Spi-

2002 1463 2130 1516 ritus
2165 1463 2324 1536 sancti
2352 1467 2402 1516 in
2435 1479 2519 1536 vos
2549 1463 2566 1534 (
2591 1463 2831 1536 Luc.24.
2861 1463 2982 1536 49).
3026 1463 3139 1519 Alia
3169 1474 3252 1520 est
3278 1471 3444 1536 virtus
3466 1463 3586 1535 qua:

2002 1533 2334 1597 c0nceditur,
2367 1543 2421 1588 ct
2447 1534 2584 1588 alius
2617 1543 2698 1588 est
2723 1533 2950 1602 Spiritus
2984 1537 3072 1604 qui
3104 1537 3368 1590 concedit.
3400 1533 3588 1589 omnia

2001 1605 2134 1656 enim
2163 1614 2398 1676 operatur
2417 1620 2547 1676 unus
2571 1615 2617 1676 et
2647 1605 2776 1676 idem
2820 1605 3045 1676 Spiritus
3065 1647 3079 1668 ,
3113 1606 3338 1659 dividens
3374 1607 3588 1676 singulis

2003 1685 2152 1746 prout
2182 1675 2285 1746 vult
2308 1675 2386 1746 (1.
2407 1674 2530 1746 Cor.
2555 1674 2641 1728 12.
2671 1675 2780 1744 11).
2817 1675 2977 1744 Igitur
3012 1684 3064 1728 tu
3099 1691 3200 1729 neu
3232 1685 3382 1746 potes
3409 1674 3588 1732 osten-

2002 1745 2130 1798 dere
2160 1745 2294 1798 mitti
2314 1745 2583 1816 Spiritum
2621 1755 2862 1799 sanctum
2891 1762 2920 1798 a
2955 1760 3080 1815 pura
3111 1745 3326 1800 deitate.
3366 1746 3458 1801 Sin
3487 1762 3586 1800 au-

2005 1823 2110 1886 tem
2139 1813 2414 1870 ostendam
2445 1815 2537 1886 tihi
2561 1813 2814 1886 factorem
2845 1813 2966 1870 caeli
2986 1824 3223 1886 etitcrra:
3249 1817 3384 1870 mitti
3409 1831 3440 1871 a
3463 1817 3585 1886 Spi-

1999 1884 2104 1956 ritu
2129 1894 2336 1954 sancto,
2368 1885 2491 1955 quid
2521 1885 2721 1940 facies?
2753 1885 2840 1940 Vel
2871 1901 3002 1956 nega
3029 1885 3300 1941 Christum
3327 1927 3344 1950 ,
3383 1895 3438 1942 et
3461 1884 3584 1942 dele

2000 1954 2300 2028 Scripturas
2323 1997 2336 2019 ,
2377 1954 2460 2028 vel
2479 1970 2674 2028 servius
2701 1954 3094 2028 scripturarum
3117 1957 3402 2028 Scripturis
3428 1960 3585 2012 obse-

2003 2041 2186 2096 quere.
2221 2027 2283 2080 Et
2309 2027 2428 2092 ubi,
2475 2027 2679 2096 inquit,
2712 2026 2909 2080 dictum
2949 2037 3032 2082 est
3071 2026 3208 2082 hoc?
3237 2026 3374 2082 Audi
3419 2029 3582 2082 Deum

2001 2095 2262 2168 dicentem
2281 2106 2378 2167 per
2396 2095 2704 2168 prophetam
2726 2097 2990 2168 llesaiam,
3015 2113 3312 2167 przeconem
3337 2098 3580 2168 pietatis:

1999 2166 2134 2239 dtuli
2164 2165 2298 2239 me.—
2320 2165 2425 2234 ait,
2459 2166 2622 2220 Iacob
2666 2177 2714 2219 et
2757 2165 2957 2232 Israel,
2994 2165 3139 2238 quem
3174 2185 3264 2239 ego
3291 2165 3411 2239 voco
3439 2183 3459 2222 :
3487 2185 3578 2238 ego

2001 2235 2150 2309 Deus_
2175 2237 2367 2308 primus
2389 2281 2404 2302 ,
2445 2248 2494 2309 et
2525 2253 2615 2307 ego
2637 2246 2747 2309 post
2767 2243 2874 2292 iure
2892 2279 2908 2304 ,
2940 2250 2985 2292 et
3007 2235 3300 2309 'prtuter'me
3326 2237 3460 2292 Deus
3481 2235 3582 2294 non

1999 2317 2072 2360 est
2103 2306 2255 2378 (isoi.
2287 2307 2506 2378 18.12).
2541 2306 2767 2362 Attende
2791 2350 2807 2373 ,
2849 2306 3052 2378 qnteso.
3101 2309 3286 2362 Restat
3326 2311 3466 2364 enim
3494 2309 3582 2365 hic

1999 2376 2140 2447 quod
2173 2376 2620 2445 qumratur.Quis
2663 2379 2822 2447 igitur
2848 2376 2976 2432 dicit
3007 2379 3158 2432 tunc?
3191 2379 3345 2432 Pater
3381 2394 3450 2432 an
3489 2378 3579 2432 Fi-

1999 2449 2146 2502 lius?
2177 2449 2302 2502 Vide
2329 2449 2596 2516 quomodo
2619 2448 2674 2517 in
2708 2450 2869 2517 ligura
2911 2448 3232 2503 nionarchite
3267 2447 3580 2504 Trinitatem

1998 2529 2144 2573 recte
2173 2520 2440 2586 ιηἐιξιιίρυι.
2470 2517 2580 2589 Ego
2602 2516 2756 2589 Deus;
2772 2519 2990 2589 primus,
3037 2527 3082 2571 et
3110 2535 3199 2589 ego
3221 2527 3334 2589 post
3375 2519 3502 2584 haut,
3531 2535 3580 2573 et

2000 2601 2178 2656 prtetir
2204 2607 2280 2642 me
2306 2605 2406 2640 non
2426 2599 2497 2642 est
2542 2587 2676 2642 Deus
2703 2587 2862 2658 (Ibid.
2888 2597 2954 2658 et
2996 2589 3084 2642 44.
3117 2587 3194 2658 ti).
3223 2587 3354 2654 Quis
3379 2601 3462 2644 est
3488 2592 3578 2658 qui

1999 2663 2112 2713 tunc
2155 2657 2318 2712 dicit?
2345 2659 2519 2712 Mundi
2563 2657 2804 2712 Conditor
2833 2698 2846 2711 .
2876 2657 3062 2711 Sttbdit
3099 2657 3269 2729 enim,
3314 2657 3442 2729 Ego,
3467 2657 3578 2712 mea

1995 2745 2150 2800 manu
2180 2731 2388 2800 fundavi
2415 2735 2599 2800 terram
2626 2743 2646 2780 :
2672 2729 2790 2800 vide
2816 2729 3083 2800 quomon
3103 2728 3278 2798 opifex
3306 2727 3535 2800 loquitur
3557 2747 3572 2780 :

1999 2799 2064 2852 Et
2101 2797 2325 2866 Spiritus
2369 2815 2506 2851 meus
2539 2799 2756 2868 ﬁrmavit
2797 2798 2996 2850 ca'lum.
3031 2797 3143 2868 Ego
3164 2797 3392 2852 omnibus
3419 2800 3575 2852 stellis

1997 2869 2253 2932 mandavi,
2285 2883 2376 2938 ego
2413 2867 2622 2938 excitavi
2647 2883 2760 2920 cum
2775 2867 2978 2938 justitia
3005 2867 3187 2938 regem,
3211 2879 3256 2921 et
3285 2885 3455 2922 euntes
3481 2869 3576 2922 vias

1993 2955 2118 2993 mea:
2141 2948 2287 2992 recta:
2309 2936 2406 3008 (Is.
2431 2938 2520 2992 48.
2553 2937 2636 2994 15.
2667 2947 2712 2991 et
2737 2939 2826 3008 45.
2857 2936 2943 2990 1'2.
2977 2936 3084 3008 15).
3121 2939 3309 3008 Dicens
3335 2939 3572 3007 seipsum

1993 3009 2238 3077 epilicem
2279 3007 2333 3062 et
2369 3011 2619 3062 faetorem
2651 3007 2765 3062 caali
2795 3023 2857 3063 ac
2887 3007 3072 3074 terrae,
3117 3007 3444 3077 hatc'adjicit
3475 3027 3573 3076 po-

1994 3090 2106 3133 stea
2136 3097 2149 3132 :
2182 3077 2304 3132 Non
2333 3079 2394 3130 ab
2421 3078 2564 3132 initio
2589 3078 2640 3131 in
2668 3081 2862 3148 occulto
2885 3079 3118 3142 loquutus
3141 3096 3250 3133 sum
3275 3081 3408 3133 vobis
3433 3081 3570 3148 Iure,

1993 3165 2151 3218 neque
2179 3151 2231 3204 in
2269 3150 2377 3204 loco
2404 3148 2659 3202 tenebroso
2689 3147 2802 3219 (Ib.
2833 3149 2920 3204 48.
2955 3148 3075 3219 16).
3109 3149 3247 3203 Dixit
3271 3191 3286 3215 ,
3334 3149 3572 3204 Fundani

1995 3231 2198 3286 terram,
2230 3230 2285 3275 et
2312 3219 2408 3273 feci
2447 3219 2636 3274 cadum
2667 3237 2680 3270 :
2713 3222 2924 3287 quando
2951 3218 3084 3272 facta
3113 3231 3268 3286 sunt,
3310 3219 3417 3275 illic
3445 3227 3572 3275 atte-

1991 3306 2136 3362 ram:
2163 3291 2228 3344 Et
2247 3306 2385 3362 nunc
2407 3288 2652 3362 Dominus
2675 3291 2805 3344 misit
2827 3307 2904 3343 me
2927 3301 2974 3343 et
2997 3291 3219 3362 Spiritus
3239 3289 3567 3362 ejus(lbid.).

1992 3360 2086 3430 Te,
2116 3362 2205 3430 qui
2237 3361 2403 3417 fecisti
2442 3360 2719 3430 cmltunet
2769 3369 2993 3426 terram,
3035 3361 3124 3429 qui
3161 3360 3343 3414 dixisti
3373 3360 3566 3426 astris,

1990 3428 2239 3485 Dominus
2263 3432 2395 3484 misit
2421 3446 2499 3483 me
2532 3440 2578 3482 et
2622 3429 2847 3499 Spiritus
2883 3431 2991 3500 ejus
3013 3469 3029 3494 ,
3057 3428 3256 3500 genuit
3276 3433 3566 3486 secundum

1989 3501 2236 3556 deitatem
2263 3542 2278 3563 ,
2330 3501 2474 3554 misit
2513 3503 2804 3554 secundum
2849 3515 3082 3554 carnem.
3129 3500 3316 3570 Opifex
3359 3503 3473 3556 ca-li
3514 3513 3569 3556 et

1991 3579 2144 3642 terrm
2170 3571 2332 3642 dicit:
2364 3570 2613 3624 Dominus
2649 3571 2780 3642 misit
2808 3587 2888 3642 me
2922 3581 2968 3624 et
3007 3571 3232 3642 Spiritus
3271 3574 3403 3642 ejus.
3443 3573 3565 3626 Mis-

1988 3641 2192 3712 sionem
2246 3641 2474 3710 Spiritus
2527 3640 2760 3696 haeretici
2805 3637 2858 3695 in
2913 3637 3560 3712 contumeliamcapiunt.

1985 3711 2126 3766 Misit
2153 3713 2307 3766 Pater
2329 3713 2416 3780 qui
2448 3727 2551 3766 non
2582 3712 2800 3782 migrat,
2843 3727 2940 3766 nec
2971 3714 3222 3766 transfert
3245 3727 3366 3766 eum
3397 3713 3512 3766 loco
3545 3728 3560 3776 ;

1985 3783 2132 3838 misit
2162 3782 2326 3838 Filius
2353 3783 2604 3852 Spiritum
2631 3824 2646 3848 ,
2691 3797 2820 3849 non,
2842 3783 3088 3836 dividens
3126 3798 3221 3836 nec
3249 3783 3467 3836 divisus.
3501 3784 3566 3837 lit

1987 3853 2184 3908 idcirco
2211 3855 2478 3923 Scriptura
2500 3854 2628 3907 dicit
2651 3871 2663 3906 :
2695 3852 2832 3906 Deus
2856 3853 3038 3923 eﬂ‘udit
3064 3853 3315 3922 Spiritum
3343 3867 3496 3906 suum
3517 3857 3558 3918 ⁸,

1987 3923 2087 3979 hoc
2113 3933 2228 3990 est,
2256 3922 2454 3978 donum
2495 3923 2722 3994 Spiritus
2753 3924 2920 3976 sancti
2949 3922 3106 3991 (Joel.
3133 3923 3188 3977 2.
3215 3923 3329 3994 28).
3354 3923 3564 3994 Divini-

1986 4004 2066 4050 tas
2091 4009 2196 4048 non
2223 3994 2386 4048 eﬁusa
2415 4003 2497 4049 est
2516 3991 2652 4058 ,sed
2679 3991 2874 4064 donum
2903 4009 2916 4045 :
2951 4004 3228 4064 propterea
3256 3991 3312 4048 ut
3335 3992 3560 4048 demon~

1984 4077 2242 4119 straretur
2265 4105 2280 4128 ,
2326 4065 2427 4119 hoc
2451 4064 2592 4134 quod
2631 4063 2959 4134 cii'unditur,
2996 4081 3099 4118 non
3143 4079 3262 4119 esse
3305 4063 3559 4133 Spiritum

1983 4144 2222 4204 sanctum
2241 4177 2254 4196 ,
2281 4137 2374 4190 sed
2404 4133 2631 4204 Spiritus
2657 4133 2748 4187 Dei
2776 4137 2998 4203 gratiam
3017 4175 3034 4200 ,
3063 4133 3190 4204 dicit
3215 4135 3374 4188 David
3403 4135 3562 4189 Citri-

1983 4215 2108 4276 sto:
2149 4203 2364 4276 Di/Tusa
2395 4203 2466 4259 est
2507 4206 2671 4276 gratia
2715 4206 2766 4256 in
2809 4203 2957 4276 iubiis
2999 4205 3100 4259 tuis
3137 4203 3318 4276 (Psal.
3344 4208 3432 4260 «14.
3464 4207 3558 4274 5).

1983 4275 2162 4332 Gratia
2198 4273 2640 4346 clionditurfnon
2671 4276 2712 4329 is
2737 4275 2825 4344 qui
2853 4273 3014 4328 donat
3037 4273 3280 4346 gratiam.
3323 4276 3378 4330 Si
3404 4273 3562 4346 igitdr

1981 4348 2200 4416 aequalis
2229 4345 2400 4402 honor
2428 4345 2760 4415 praedicatur,
2791 4347 2914 4416 etsi
2945 4345 3071 4400 illud
3093 4387 3108 4413 ,
3147 4345 3191 4399 Α
3216 4347 3380 4416 seipso
3405 4345 3441 4408 ,ί
3459 4362 3557 4400 ex-

2002 4414 2231 4472 ilicattttli
2263 4428 2363 4476 est.
2398 4414 2604 4472 necnon
2633 4416 2756 4470 illud
2782 4457 2796 4480 ,
2837 4414 2914 4469 De
2936 4433 3046 4470 meo
3070 4414 3313 4486 accipiet,
3352 4417 3498 4486 quasi
3526 4431 3556 4470 a

2002 4433 2231 4472 meatum
2263 4433 2363 4476 εει.
2398 4433 2604 4472 necnon
2633 4433 2756 4470 tuna
2782 4457 2796 4480 ,
2837 4433 2914 4469 ue
2936 4433 3046 4470 meo
3070 4433 3278 4486 αεειριει
3297 4457 3313 4482 ,
3352 4433 3498 4486 quaSI
3526 4433 3556 4470 a

1980 4433 2126 4542 ionte
2152 4488 2487 4556 interpretari
2527 4487 2646 4556 quis
2682 4493 2891 4556 potest;
2946 4501 3014 4541 ne
3041 4488 3270 4541 habeant
3318 4486 3556 4541 haeretici

1983 4559 2158 4614 locum
2203 4561 2282 4612 vel
2311 4557 2696 4626 suhtcrlugium
2741 4557 3046 4625 impietatis.
3083 4556 3346 4610 Venerarc
3386 4557 3558 4624 Spiri-

1981 4638 2089 4684 tum
2121 4643 2360 4683 sancrum
2385 4669 2400 4693 ,
2432 4644 2587 4698 quem
2618 4628 2890 4694 accepisti.
2931 4626 3043 4681 Dixi
3085 4641 3228 4696 saepe
3254 4630 3306 4698 te
3329 4627 3558 4680 retribu-

1980 4700 2178 4754 tionem
2203 4697 2490 4767 aettepisse.
2517 4699 2812 4768 Assumpsit
2843 4712 2872 4750 a
2901 4707 2953 4752 te
2977 4697 3219 4754 Christus
3247 4697 3554 4770 ﬁgmentum

1977 4779 2122 4826 tuttm
2143 4811 2159 4838 ,
2188 4771 2332 4824 dedit
2359 4770 2449 4825 tibi
2481 4771 2592 4839 ipse
2619 4769 2870 4838 Spiritum
2900 4783 3072 4823 suum.

2039 4945 2055 4977 ί
2094 4949 2206 5004 neg.
2225 4950 2285 5004 et
2304 4941 2454 4993 (3011)..
2470 4940 2636 5003 eﬂ‘udit
2659 4940 2836 5004 donum
2859 4953 3015 5004 suum.
3039 4940 3122 4990 uie
3142 4948 3306 5004 autem
3328 4940 3478 5001 locus,
3497 4947 3552 5004 ut

1974 5005 2024 5054 in
2047 5002 2188 5055 textu
2217 5003 2372 5064 jacet,
2407 5002 2658 5066 nusquam,
2685 5006 2734 5052 ni
2759 5002 2912 5062 fallor,
2939 5003 3056 5066 ipsis
3089 5003 3255 5066 yerhis
3275 5003 3482 5066 habetur
3505 5003 3560 5052 iu

1973 5073 2100 5176 kxxt.
2127 5067 2226 5174 Ised
2260 5067 2308 5117 in
2348 5065 2470 5116 Joel.
2494 5063 2543 5126 ᾖ,
2571 5063 2651 5126 28,
2688 5073 2739 5116 et
2761 5067 2810 5115 in
2834 5063 3024 5114 Zachar.
3055 5065 3127 5128 12,
3156 5065 3236 5126 10,
3265 5063 3439 5116 similia
3471 5065 3534 5117 hs

2009 5140 2072 5178 en
2095 5141 2124 5176 ιι
2157 5163 2168 5176 .
