4058 6222
2001 163 2270 218 ςρωιιΑ.

1965 399 2317 460 MONITUM

601 521 656 576 In
693 520 832 576 hanc
858 520 1136 575 homiliam
1167 519 1282 574 haec
1316 528 1467 574 notat
1497 517 1734 574 Savilius
1758 534 1811 588 p.
1843 518 1987 573 759:
2021 536 2039 568 σ
2078 517 2229 572 Hanc
2273 516 2572 582 homiliam,
2613 517 2814 571 editam
2849 516 3036 570 Roma:
3084 529 3228 569 anno
3270 514 3432 580 1581,
3475 514 3778 585 castigavi-

529 627 654 666 mus
683 627 749 666 ex
771 610 1141 680 Manuscripto
1172 624 1236 665 cx
1268 610 1600 665 Bibliotheca
1627 611 1793 681 Regia
1836 609 2078 674 Lutetiae,
2131 609 2390 663 adhibitis
2427 609 2588 662 etiam
2637 608 2904 663 Florentis
2956 607 3248 661 Christiani
3297 606 3668 675 coniecturis:
3710 622 3778 660 ac

533 703 770 772 primum
797 702 1012 757 sublato
1051 702 1210 756 titulo
1236 699 1466 755 Romani
1491 701 1728 766 Codicis,
1763 715 1925 771 quem
1949 699 2256 753 rectissime
2292 699 2516 751 damnat
2549 695 2792 760 Florens,
2819 712 2942 751 cum
2968 697 3036 750 de
3072 694 3270 748 Acacio
3321 695 3527 748 nullum
3575 695 3628 748 in
3670 697 3778 750 hoc

536 808 650 852 toto
703 813 953 852 sermone
993 797 1241 861 verbum,
1282 797 1666 852 substituimus
1695 795 1862 849 alium
1913 809 1979 849 ex
2037 793 2206 863 Regio
2253 792 2699 847 commodiorem.
2755 791 2977 845 Florens
3026 805 3126 860 pro
3173 789 3426 842 Ἀκάκιον
3456 805 3519 843 ex
3552 791 3778 858 ingenio

533 888 736 940 ἄκακον
771 884 1120 959 [substituit],
1149 896 1208 940 ut
1231 887 1299 940 de
1330 886 1548 940 Christo
1571 885 1920 953 intelligatur.
1961 902 1980 935 ι
2010 881 2103 937 llis
2129 897 2371 937 consona
2392 882 2524 936 dicit
2546 880 2748 935 Fronto
2783 881 3010 936 Ducaus
3046 881 3100 934 in
3143 878 3298 934 Notis
3329 898 3343 933 :
3379 898 3399 930 ι
3437 877 3492 931 ln
3523 881 3778 934 Editione

534 982 796 1048 Romana,
832 982 1028 1053 inquit,
1056 981 1184 1036 anni
1217 981 1376 1046 1581,
1405 981 1530 1035 huic
1560 981 1797 1036 sermoni
1825 980 2080 1050 praeﬁxus
2107 993 2151 1030 et

2257 977 2464 1041 titulus,
2491 979 2573 1036 sic
2603 977 2693 1028 τὸν
2749 977 2904 1044 ἆγιον
2945 975 3201 1028 Ἀκάκιον
3243 974 3499 1042 ποιμένα,
3548 976 3642 1026 καὶ
3692 975 3777 1037 εἰς

533 1072 593 1125 τὸ
622 1071 911 1142 πρόϐατον,
947 1072 1021 1126 De
1048 1085 1228 1128 sancto
1261 1073 1452 1126 Acacio
1497 1081 1707 1140 pastore
1783 1081 1834 1125 et
1884 1071 1947 1122 de
2002 1084 2136 1124 ove:
2173 1070 2266 1125 sed
2311 1069 2595 1139 castigavit
2627 1084 2692 1122 ex
2727 1067 2826 1122 Ms.
2861 1067 3030 1136 Regio
3083 1065 3258 1120 Editio
3296 1063 3483 1119 Savilii
3525 1065 3775 1119 Graecum

542 1171 771 1228 textum,
803 1171 856 1216 et
881 1165 1024 1218 hunc
1057 1163 1270 1218 titulum
1301 1163 1601 1227 substituit,
1629 1177 1787 1232 quem
1817 1160 2164 1215 exhibuimus
2194 1177 2208 1213 :
2264 1159 2702 1229 quandoquidem
2743 1174 2917 1228 neque
2967 1158 3020 1212 in
3069 1166 3181 1211 toto
3223 1157 3486 1212 orationis
3542 1158 3776 1213 decursu

537 1255 743 1310 mentio
777 1255 884 1309 ulla
917 1257 974 1309 fit
1005 1257 1209 1310 Acacii.
1242 1255 1366 1310 Fuit
1403 1257 1507 1311 hoc
1537 1257 1753 1309 nomine
1789 1253 2050 1308 Caesarea:
2091 1252 2392 1307 Palaestinae
2436 1254 2722 1330 episcopus
2755 1252 2995 1321 quidam,
3031 1251 3122 1320 qui
3176 1251 3388 1320 synodo
3428 1248 3766 1305 Seleuciensi

543 1348 810 1414 interfuit,
845 1357 905 1402 ut
939 1364 1005 1402 ex
1040 1347 1332 1417 Tripartita
1360 1345 1596 1403 Historia
1623 1353 1840 1402 constat
1869 1346 1960 1399 lih.
1997 1345 2050 1407 5,
2077 1360 2126 1399 c.
2160 1344 2249 1398 54.
2277 1344 2433 1398 Alius
2463 1343 2666 1397 Beroeaa
2701 1343 2801 1396 fuit
2842 1343 3131 1411 episcopus
3167 1339 3500 1410 temporibus
3527 1339 3774 1394 Gratiani

537 1443 881 1513 Imperatoris
911 1459 975 1497 ex
1001 1443 1245 1513 ejusdem
1280 1442 1528 1497 Historiae
1556 1442 1648 1496 lib.
1676 1457 1750 1506 Ix,
1791 1455 1909 1510 cap.
1931 1440 1984 1492 3.
2018 1437 2180 1493 Forte
2209 1439 2470 1508 scriptum
2504 1439 2588 1492 hic
2623 1436 2742 1500 fuit,
2771 1438 2850 1498 εἰς
2874 1434 3076 1488 ἄκακον
3106 1434 3358 1502 ποιμένα,
3396 1430 3470 1483 De
3511 1433 3782 1485 innocente

537 1547 764 1608 pastore.
802 1556 819 1588 ι

613 1629 802 1686 Utrum
835 1640 1011 1684 autem
1041 1631 1155 1686 haec
1189 1632 1364 1693 lectio,
1399 1631 1479 1689 εἰς
1505 1630 1596 1682 τὸν
1626 1630 1780 1696 ἅγιον
1809 1628 2088 1694 Ἀκάκιον,
2129 1629 2151 1683 1

2239 1638 2476 1682 sanctum
2527 1626 2800 1687 Acacium,
2832 1639 2894 1677 ex
2947 1622 3291 1675 librariorum
3339 1621 3470 1674 vitio
3496 1619 3729 1674 manarit
3758 1638 3775 1673 :

540 1734 721 1778 utrum
751 1738 878 1778 ve'o
908 1740 971 1779 ex
998 1727 1297 1796 cujuspiam
1324 1725 1552 1780 Graeculi
1587 1742 1724 1780 ausu
1757 1725 1962 1778 invecta
1994 1723 2176 1786 fuerit,
2212 1739 2319 1776 non
2358 1722 2430 1774 ita
2461 1719 2618 1774 facile
2645 1729 2727 1773 est
2758 1727 3016 1771 statuere.
3060 1716 3220 1770 Certe
3265 1715 3334 1767 ita
3361 1715 3549 1766 titulus
3593 1713 3773 1771 habet,

544 1831 652 1871 non
683 1816 735 1868 in
768 1816 1012 1871 Romano
1035 1817 1235 1872 Codice
1263 1827 1492 1880 tantum,
1525 1818 1618 1871 sed
1649 1817 1809 1870 etiam
1843 1816 1895 1869 in
1929 1816 2118 1885 liegio,
2153 1814 2312 1883 cujus
2356 1814 2614 1868 lectiones
2647 1811 2697 1864 in
2748 1811 2872 1863 imis
2907 1809 3114 1879 paginis
3152 1809 3452 1878 posuimus.
3487 1805 3550 1860 Et
3592 1807 3783 1860 obser-

541 1928 636 1967 ves
666 1912 848 1978 vclim,
883 1912 985 1966 etsi
1019 1912 1176 1966 initio
1206 1914 1461 1967 memoria
1487 1921 1789 1982 martyrum
1833 1913 1884 1964 in
1919 1910 2112 1980 plurali
2141 1908 2404 1964 celebrari
2435 1907 2668 1971 dicatur,
2702 1905 2756 1958 in
2801 1904 2908 1958 ﬁne
2937 1913 3116 1957 tamen
3149 1902 3386 1957 homilia:
3419 1899 3567 1973 [8H]
3611 1916 3784 1954 unum

1359 2171 1480 2253 [Ν
1514 2170 2173 2254 ΜΕΜΟΒΙΑΜ
2227 2169 2937 2271 MARTYRUM,

745 2349 825 2389 ετ
865 2347 1035 2400 ouon
1067 2349 1371 2392 cumsrus
1417 2348 1514 2391 srr
1556 2349 1792 2391 msron
1837 2350 1917 2392 ET
1944 2349 2131 2394 ovrs:
2177 2348 2424 2393 necnon
2469 2349 2551 2389 ne
2597 2347 2759 2392 vnn
2794 2347 2874 2388 ετ
2917 2343 3402 2388 pnorrru'ronto
3448 2322 3558 2406 (a).

1991 2474 2362 2528 eam»

613 2620 665 2673 1.
701 2617 949 2689 Martyres
978 2635 1090 2671 cum
1114 2617 1310 2674 Christo
1335 2620 1652 2690 comparati;
1683 2617 1846 2673 Filius
1867 2635 1980 2672 cum
2021 2618 2126 2672 Pa-

544 2698 618 2741 tre
642 2699 956 2759 cooperatur.
986 2719 1056 2729 —-
1083 2690 1284 2744 Rursus
1307 2698 1600 2758 martyrum
1623 2690 1876 2743 memoria
1898 2731 1912 2754 ,
1941 2706 2126 2744 rursus

543 2760 752 2830 piorum
800 2759 918 2813 festi
961 2759 1094 2825 dies,
1147 2775 1331 2814 rursus
1377 2761 1686 2830 angelorum
1733 2770 2121 2829 argumentum,

543 2829 728 2884 rursus
761 2829 1014 2884 Ecclesia:
1059 2831 1360 2885 celebritas.
1393 2829 1652 2901 Memoria
1691 2839 1772 2884 est
1815 2845 1998 2884 eorum
2037 2831 2127 2901 qui

545 2901 856 2972 martyrium
888 2909 1010 2972 sunt
1053 2903 1286 2970 perpessi
1329 2919 1341 2955 :
1390 2900 1559 2954 honor
1590 2911 1764 2955 autem
1812 2900 2123 2972 martyrum,

543 2971 712 3040 gloria
743 2980 824 3025 est
860 2971 974 3038 ejus
996 2987 1091 3040 pro
1120 2987 1225 3040 quo
1252 2975 1562 3042 martyrium
1611 2972 1903 3042 subierunt.
1947 2971 2128 3025 Hono-

546 3052 733 3094 rantur
779 3051 1038 3110 martyres
1086 3057 1179 3101 pro
1225 3041 1437 3095 Christo
1471 3043 1642 3110 passi;
1685 3041 1934 3095 adoratur
1969 3042 2128 3096 Chri-

545 3119 683 3175 stus,
715 3113 801 3178 qui
824 3125 923 3181 pro
943 3112 1393 3181 omnibuspassus
1421 3121 1520 3165 est.
1554 3111 1628 3165 llli
1651 3113 1862 3180 quidem
1894 3128 1984 3181 per
2005 3128 2131 3181 sup-

545 3181 760 3250 plicium
779 3196 848 3235 ex
875 3179 1058 3234 humili
1083 3180 1248 3250 gradu
1277 3197 1396 3236 sese
1426 3182 1476 3235 in
1507 3179 1784 3236 sublimem
1803 3179 2126 3236 erexerunt:

546 3251 803 3306 Servator
825 3257 1004 3305 autem
1032 3266 1061 3304 a
1088 3251 1414 3306 sublimitate
1433 3251 1742 3317 divinitatis,
1762 3251 1829 3306 ad
1861 3252 2127 3305 humilita-

548 3331 654 3376 tem
683 3323 926 3375 lmmanaa
953 3330 1156 3376 natura:
1178 3321 1472 3388 descendit,
1511 3337 1614 3377 non
1646 3336 1890 3392 egressus
1914 3322 2128 3392 quidem

546 3408 576 3463 a
603 3392 878 3462 dignitate,
907 3392 999 3447 sed
1027 3402 1082 3446 ut
1106 3393 1457 3448 oeconomiam
1484 3407 1632 3447 suam
1669 3403 1998 3463 operaretur.
2025 3394 2132 3447 Au-

547 3462 944 3535 divimusenim
969 3478 1120 3535 eum,
1149 3463 1414 3518 dicentem
1460 3481 1474 3516 :
1524 3463 1633 3535 Ego
1674 3462 1787 3535 sum
1826 3473 2013 3535 pastor
2039 3463 2130 3535 bo-

546 3550 663 3606 nas,
707 3533 793 3603 qui
831 3534 996 3606 posuit
1038 3534 1258 3606 animam
1295 3551 1440 3606 suam
1486 3533 1586 3606 pro
1615 3533 1786 3587 ovibus
1814 3533 2008 3606 (Joan.
2041 3533 2127 3589 10.

551 3604 670 3674 11);
703 3618 805 3673 qua
842 3604 929 3659 ille
968 3604 1206 3659 oratione
1249 3614 1304 3659 et
1334 3605 1712 3674 benignitatem
1753 3604 1901 3658 suam
1946 3613 2129 3660 osten-

547 3673 646 3738 dit,
674 3685 727 3728 et
766 3675 1054 3743 potentiam
1087 3674 1410 3742 praedicavit.
1457 3673 1590 3730 Nam
1630 3674 1769 3743 quod
1809 3690 1908 3744 pro
1943 3676 2130 3728 ovibus

549 3747 810 3816 patiatur,
858 3745 908 3800 id
949 3744 1329 3816 benignitatis;
1367 3746 1510 3816 quod
1543 3759 1670 3800 vero
1708 3744 1942 3798 animam
1980 3760 2128 3799 suam

549 3815 664 3885 ipse
709 3827 893 3886 ponat,
946 3815 998 3870 id
1034 3815 1314 3884 putestatis
1367 3825 1484 3871 est:
1519 3831 1621 3870 non
1663 3816 1803 3886 enim
1842 3817 1945 3868 vim
1994 3817 2130 3884 pati-

549 3893 674 3952 tur,
717 3885 814 3940 sed
857 3887 1210 3941 oeconomiam
1251 3896 1523 3956 operatur.
1572 3885 1681 3941 Etsi
1719 3901 1949 3956 namque
1993 3885 2134 3956 dicat

549 3957 823 4027 apostolus
849 3956 1059 4012 Patrem
1086 3957 1234 4012 illum
1263 3955 1546 4013 tradidisse
1569 3972 1668 4027 pro
1699 3956 1851 4010 nobis
1873 3955 2050 4027 (Rom.
2075 3955 2128 4011 8.

550 4026 666 4096 '52).
712 4043 818 4081 non
862 4029 1179 4083 necessitate
1221 4028 1414 4083 Filium
1451 4026 1677 4083 subiisse
1710 4026 2025 4096 supplicium
2055 4041 2135 4080 ar-

550 4100 701 4168 guit,
757 4097 850 4151 sed
907 4098 1234 4168 voluntatem
1292 4097 1414 4153 Filii
1473 4114 1593 4153 cum
1648 4107 1861 4168 paterna
1909 4111 2135 4152 concur-

552 4167 688 4223 risse
734 4167 985 4238 ostendit.
1034 4168 1219 4223 Tradit
1265 4177 1445 4224 autem
1489 4167 1722 4238 seipsum
1772 4167 1975 4235 Filius,
2026 4183 2132 4221 non

553 4237 873 4293 necessitate
899 4239 1161 4303 serviens,
1193 4240 1286 4294 sed
1313 4254 1435 4294 cum
1462 4237 1634 4294 Patris
1659 4238 1919 4293 sententia
1947 4252 2137 4306 c00pe-

554 4323 701 4363 rans.
726 4307 883 4362 Aliud
920 4309 1063 4363 enim
1090 4319 1170 4362 est
1196 4310 1445 4364 servilem
1477 4310 1533 4364 in
1562 4309 1778 4364 modum
1804 4308 2129 4372 ministrare,

553 4378 698 4434 aliud
721 4379 900 4434 divino
930 4394 1080 4434 more
1110 4380 1124 4410 ⁸
1148 4380 1447 4449 cooperari.
1470 4379 1800 4448 Cooperatur
1827 4380 1970 4434 enim
2010 4394 2132 4433 cum

555 4449 712 4506 Patre
742 4449 1071 4519 Unigenitus,
1101 4451 1310 4506 etiamsi
1337 4450 1391 4506 id
1417 4450 1586 4506 nolint
1614 4449 1874 4514 haeretici,
1896 4450 1984 4520 qui
2013 4465 2135 4520 pro-

553 4521 668 4588 pria
696 4523 927 4592 nequitia
947 4521 1314 4592 indivisibilem
1345 4531 1588 4576 naturam
1609 4519 2012 4592 AdividuntL’qui
2034 4519 2135 4573 Pa-

556 4599 690 4646 trem
741 4590 1039 4647 creatorem
1068 4633 1083 4656 ,
1139 4591 1329 4646 Filium
1392 4590 1831 4655 subministrum,
1879 4590 2133 4659 Spiritum

555 4669 801 4717 sanctdm
846 4664 994 4742 item
1021 4661 1648 4742 ministrumprazdicant
1674 4678 1689 4724 ;
1720 4663 1948 4742 quinae.
1989 4659 2134 4714 Pauli

557 4747 714 4788 voces
750 4740 1093 4797 reverentur,
1145 4733 1234 4802 qui
1281 4733 1552 4786 ministros
1593 4731 1981 4800 praedicationis
2028 4745 2134 4802 non

557 4803 938 4859 subministros
975 4801 1205 4869 vocavit,
1233 4802 1328 4858 sed
1358 4812 1732 4871 cooperatores
1765 4801 1872 4866 Dei,
1901 4817 2021 4854 cum
2049 4801 2135 4854 di-

560 4878 666 4941 xit,
695 4875 790 4929 Dei
817 4892 992 4929 sumus
1038 4883 1384 4943 cooperatores
1415 4869 1490 4944 (ll
1527 4869 1646 4926 Cor.
1676 4871 1834 4944 5.79).
1872 4871 2138 4944 Paulusne

561 4958 898 5014 coorierator,
930 4946 1094 5001 Filius
1121 4961 1248 5000 vero
1289 4943 1676 5001 subministcr?
1708 4943 1784 4998 Ne
1812 4957 2020 5012 qua-ras
2051 4943 2138 5011 igi-

559 5027 648 5069 tur
672 5013 799 5086 qnid
836 5017 1075 5072 Christus
1102 5016 1294 5071 dixerit
1340 5031 1438 5086 per
1467 5015 1708 5086 Hesaiam
1731 5055 1746 5079 ,
1771 5014 1864 5069 sed
1891 5013 2014 5083 quid
2042 5028 2138 5081 per

565 5085 818 5155 seipsum.
892 5088 1114 5158 Propter
1178 5085 1411 5156 seipsum
1468 5085 1727 5158 siquidem
1787 5093 2133 5158 pastor_es_t_,

565 5153 784 5224 propter
821 5169 872 5214 te
924 5153 1074 5221 ovis;
1126 5153 1486 5227 lucc—quippe
1534 5153 1654 5227 dum
1688 5155 1943 5210 lectiones
1978 5153 2139 5208 hodie

563 5239 964 5296 concurrerunt.
990 5230 1210 5286 Hesaias
1238 5225 1384 5284 certe
1409 5227 1605 5296 deipso
1631 5225 1911 5281 lectionem
1939 5239 2139 5294 suppe-

566 5295 765 5350 ditabat
793 5301 1058 5367 eunucho,
1102 5300 1263 5368 Quasi
1300 5299 1404 5354 ovis
1429 5297 1497 5350 ad
1512 5295 1819 5351 occisionem
1857 5296 2036 5349 ductus
2065 5301 2139 5347 est

631 5435 648 5466 ί
687 5440 823 5494 Reg.,
848 5442 898 5483 ut
929 5443 1078 5485 neum
1101 5435 1254 5486 decet.

575 5554 585 5564 .
628 5496 701 5559 (a)
732 5489 904 5545 collata
926 5505 1136 5564 cum_.\ts.
1165 5498 1310 5560 Regio
1338 5497 1473 5552 H76,
1497 5495 1546 5564 in
1569 5507 1666 5557 quo
1690 5493 1856 5564 titulus
1872 5493 1940 5541 sic
1963 5489 2136 5564 habet;

570 5552 860 5625 instinctam
902 5558 1126 5625 έεαείιοη
1151 5552 1404 5622 pasiorem.
1429 5565 1473 5607 ct
1496 5556 1545 5606 in
1578 5552 1726 5615 orem,
1752 5561 1797 5604 et
1831 5554 1882 5604 in
1905 5552 2073 5612 velum,
2096 5556 2141 5600 et

568 5620 618 5670 iu
635 5620 1041 5682 propitiatorium.

2232 2621 2385 2690 (Isai.
2430 2623 2519 2693 55.
2559 2623 2612 2676 7.
2642 2622 2752 2693 Aet.
2782 2622 2835 2676 8.
2878 2619 2990 2693 52):
3031 2620 3282 2693 Servator
3307 2625 3482 2693 autem
3508 2656 3523 2680 ,
3559 2613 3671 2693 Ego
3696 2632 3807 2693 sura

2233 2687 2404 2762 pastor
2446 2692 2606 2746 bonus
2638 2692 2816 2763 (Joan.
2846 2687 3090 2760 10.”11).
3132 2690 3209 2744 Tu
3247 2687 3376 2763 inihi
3411 2687 3566 2755 igitur
3615 2687 3808 2763 discri-

2234 2757 2352 2837 inen
2379 2777 2532 2817 ovem
2552 2757 2688 2816 inter
2707 2772 2761 2817 et
2791 2757 3294 2837 pastoremostende
3317 2774 3331 2822 ;
3362 2758 3805 2837 inquonamovis,

2232 2833 2282 2886 in
2325 2848 2554 2903 quonam
2605 2826 2900 2903 pastor—sit.
2934 2833 3040 2886 Nisi
3087 2829 3533 2903 enimnominum
3560 2826 3808 2903 diﬂ’eren:

2232 2898 2358 2977 tiam
2378 2898 2771 2968 noveris,'unde
2796 2917 3086 2977 cognosces
3109 2899 3441 2977 excellentiae
3457 2898 3810 2977 dignitatem}

2233 2974 2414 3029 Palam
2445 2989 2573 3028 sane
2595 2984 2672 3029 est
2701 2989 2852 3028 ovem
2866 2969 3002 3047 vesse
3031 2973 3101 3047 ob
3131 2969 3389 3047 supplicii
3409 2969 3807 3047 oeconomiam‘.

2233 3055 2498 3114 pastorem
2519 3060 2643 3099 vero
2670 3047 2737 3099 ob
2763 3046 3052 3113 potentiam
3082 3038 3440 3114 benignitatis.
3457 3038 3638 3114 Eeque
3667 3038 3804 3114 enim

2231 3107 2497 3169 erubescit
2532 3115 2668 3168 Deus
2703 3107 2957 3184 appellari
3004 3107 3231 3184 pastor:
3263 3109 3552 3181 Oportebat
3595 3107 3804 3184 quidem

2235 3201 2330 3264 nos
2369 3187 2540 3264 ipsum
2600 3179 2790 3264 Deum-
2821 3200 2886 3264 ac_
2936 3179 3464 3264 Regem_agnoscere
3496 3195 3526 3261 ε.
3562 3180 3658 3232 sed
3685 3179 3806 3264 quia

2235 3249 2404 3310 Deum
2432 3265 2490 3310 ut
2517 3255 2759 3309 homines
2789 3257 2994 3322 ratione
3017 3249 3231 3322 praditi
3257 3267 3362 3305 non
3406 3249 3673 3314 novimus,
3702 3249 3812 3301 vult

2234 3327 2323 3382 ille
2353 3341 2468 3390 nos,
2490 3337 2556 3400 _u_t
2585 3341 2712 3400 oves
2733 3325 3151 3400 irrationabiles,
3176 3323 3364 3400 saltem
3392 3335 3684 3400 agnoscere
3716 3335 3812 3400 pa-

2232 3405 2455 3468 storem.
2483 3397 2538 3451 Si
2565 3398 2704 3450 enim
2729 3395 2998 3468 Servatur,
3031 3409 3155 3468 cum
3185 3394 3238 3447 in
3264 3391 3512 3468 mundpm
3542 3391 3730 3468 venit,
3766 3397 3816 3442 te

2235 3466 2503 3522 hominem
2539 3466 2905 3540 rationabilem
2957 3467 3272 3540 repeerisset,
3315 3469 3370 3540 ut
3415 3459 3553 3513 Deus
3581 3458 3674 3539 tibi
3710 3473 3818 3512 ne-

2234 3540 2472 3592 cessario
2499 3539 2864 3607 apparuisset:
2896 3532 3129 3609 sedequia
3150 3543 3200 3588 te
3224 3532 3488 3586 hominem
3520 3543 3625 3609 non
3656 3532 3821 3582 inve-

2235 3609 2334 3675 nit,
2383 3599 2650 3677 tamquam
2678 3622 2832 3662 ovem
2860 3622 2891 3661 a
2932 3599 3118 3676 priscis
3149 3618 3327 3677 usque
3360 3599 3698 3667 temporibus
3728 3614 3816 3677 er-

2233 3667 2460 3739 rantem,
2492 3667 2546 3732 et
2573 3693 2668 3746 per
2695 3667 2984 3748 prophetas
3007 3667 3288 3730 Dominum
3316 3673 3652 3748 invocantem
3675 3667 3816 3748 iiIi-'-

2234 3750 2342 3802 θ’αυί
2373 3738 2499 3802 sicut
2531 3738 2655 3812 ouis,
2687 3738 2989 3819 quar'periit,
3017 3761 3184 3819 qurere
3225 3759 3420 3819 servum
3451 3752 3592 3794 tuum
3627 3738 3808 3810 (Psal.

2241 3819 2367 3882 118,
2408 3819 2508 3873 176
2538 3819 2597 3889 ):
2631 3813 2977 3893 ideoregiam
3003 3813 3234 3893 occultat
3257 3813 3610 3893 dignitatem,
3638 3819 3811 3893 etpa-

2237 3893 2398 3944 storis
2423 3885 2604 3943 curam
2652 3885 2870 3958 profert.
2901 3889 3159 3954 Quocirca
3191 3902 3218 3940 a
3260 3885 3520 3953 principio
3549 3885 3734 3934 statuit
3761 3885 3813 3932 in

2236 3961 2462 4030 prmsepi
2481 3974 2674 4028 corpus
2708 3975 2859 4013 suum
2890 3958 3138 4030 collocari
3175 3975 3186 4009 :
3227 3964 3563 4030 matremque
3590 3959 3643 4005 et
3666 3964 3812 4004 uaco-

2236 4023 2430 4085 nomizé
2451 4023 2748 4084 ministrum
2764 4029 2962 4096 .loscph
2992 4029 3042 4081 in
3070 4027 3339 4100 angustias
3358 4023 3612 4100 deducit;
3642 4035 3814 4100 neque

2237 4102 2378 4155 enim
2411 4102 2556 4156 illum
2583 4101 2804 4155 dixerim
2834 4091 2916 4154 vel
2942 4091 3492 4167 patrem'Servatoris,
3521 4092 3601 4167 vel
3639 4091 3814 4167 alariae

2237 4172 2539 4236 virum,sed
2567 4172 2767 4246 socium
2795 4180 2853 4246 et
2879 4160 3224 4246 mediatorem
3254 4165 3517 4246 mysterii.
3544 4160 3815 4246 §iquidem

2237 4232 2467 4314 sponsus
2490 4241 2992 4314 eratvirginis,_non
3025 4238 3249 4293 maritus
3278 4232 3394 4314 eius
3420 4232 3571 4314 ἱερᾷ
3584 4232 3816 4314 maritus

2237 4304 2450 4382 quidem
2474 4304 2790 4375 nomine,'re
2812 4304 3051 4382 minister
3074 4306 3411 4382 (nequeenim.
3439 4304 3528 4382 llic
3560 4304 3736 4382 itaque
3761 4304 3811 4382 in

2242 4375 2523 4452 angustum
2543 4381 2822 4436 deducitur
2845 4396 2964 4435 cum
2985 4379 3232 4452 eMatjiaAin
3261 4375 3568 4452 Bethlehem
3612 4388 3628 4425 :
3655 4375 3816 4452 itaut

2240 4441 2456 4523 propter
2483 4452 2761 4523 diversorii
2792 4449 3060 4523 angustias
3090 4448 3343 4502 infantem
3369 4447 3421 4499 in
3447 4441 3816 4523 ρταεδςξβῖτξᾸΟ·

2241 4510 2355 4577 cari
2370 4538 2588 4578 necesse
2610 4521 2782 4577 fuerit.
2794 4510 2890 4593 Dei
2901 4529 3075 4593 autem
3095 4533 3228 4588 opus
3243 4525 3398 4593 erant
3416 4510 3816 4593 angustimjllzr,

2240 4607 2298 4648 ut
2323 4609 2389 4648 ex
2407 4593 2718 4648 necessitate
2744 4593 2794 4646 in
2823 4592 2967 4646 illum
2991 4583 3348 4658 deponeretur
3367 4586 3541 4658 locum
3563 4583 3818 4651 benignus

2246 4664 2332 4718 ille
2361 4681 2376 4730 ;
2405 4664 2779 4732 deponeretur,
2808 4663 3040 4732 inquam,
3068 4657 3287 4732 propter
3310 4657 3579 4712 carnalem
3603 4665 3817 4732 cecono-

2241 4723 2544 4790 miam.Citr
2569 4735 2670 4789 hoc
2690 4723 3087 4802 ita’dispensat?
3107 4723 3241 4802 Quia
3270 4739 3506 4796 praesepe
3523 4734 3607 4778 est
3637 4723 3818 4802 bruto-

2242 4822 2357 4860 rum
2385 4821 2588 4865 mensa;
2624 4791 2923 4858 humanitas
2939 4817 3067 4857 vero
3084 4791 3698 4855 in'hrut'orum'naturam
3725 4791 3818 4870 dc-

2240 4875 2514 4946 generavit
2543 4874 2562 4945 (
2571 4874 2733 4928 Homo
2764 4873 2927 4939 cnim,
2955 4888 3067 4946 cum
3206 4870 3393 4946 honore
3416 4874 3561 4946 esset,
3604 4879 3823 4946 non.th

2243 4936 2464 5009 Tellexit;
2489 4936 2923 5015 coinparatusrest’
2937 4943 3183 5015 juptenitis
3209 4936 3655 5015 insipientibusaet
3681 4936 3823 5012 sinti-

2243 5019 2304 5087 (ξε
2331 5005 2494 5087 factas
2518 5005 2738 5085 est'illis)
2771 5005 3051 5087 (ρεαιζιε.
3079 5014 3165 5081 15)
3188 5029 3211 5087 _:
3244 5005 3511 5087 cnflestetn
3539 5005 3737 5087 ieibum
3770 5005 3817 5087 iu

2245 5077 2520 5141 brutorutn
2552 5077 2734 5140 mensa
2763 5077 3000 5155 apponit,
3028 5092 3085 5137 ut
3112 5077 3208 5155 qui?
3227 5080 3406 5155 animo
3429 5077 3571 5130 bruti
3611 5085 3814 5155 essent.

2244 5157 2295 5209 in
2330 5157 2550 5226 praisepi
2572 5199 2588 5222 ,
2639 5144 2883 5226 quasi'in
2915 5144 3250 5226 propria-sibi
3279 5163 3491 5226 mensa,
3535 5160 3654 5226 non
3691 5144 3817 5226 ultra

2245 5211 2516 5281 brtitoruui
2547 5211 2747 5282 fuean
2777 5211 3227 5297 invenirent;_sed
3254 5234 3379 5297 eum
3405 5217 3493 5297 qui
3525 5215 3682 5297 dixit,
3715 5211 3820 5281 Ego

2243 5313 2353 5352 sum
2379 5299 2542 5367 panis.
2566 5301 2650 5367 qui
2680 5297 2743 5351 de
2763 5297 2887 5351 celo
2914 5287 3186 5357 descendit,
3205 5301 3276 5354 et,
3294 5291 3379 5358 qui
3400 5287 3485 5342 dat
3510 5288 3667 5338 vitam
3683 5299 3821 5365 mun-

2246 5313 2542 5418 cumfams.
2566 5315 2650 5367 qut
2680 5313 2743 5351 ae
2763 5313 2887 5351 creto
2914 5313 3186 5357 acscenau,
3205 5313 3276 5354 et,
3294 5313 3378 5358 qui
3400 5313 3484 5342 aut
3512 5313 3819 5365 υιωηιιςι-η-

2246 5367 2312 5440 είο
2339 5367 2358 5436 (
2399 5383 2516 5422 oan.
2537 5368 2589 5422 6.
2616 5369 2703 5424 '55.
2732 5368 2845 5438 41).
2864 5367 2998 5440 Ovis
3019 5367 3176 5436 igitur
3205 5368 3819 5440 proptergeonomtam,

2247 5437 2386 5492 Deus
2432 5454 2557 5493 vero
2585 5436 3046 5509 propter'gloriam
3076 5450 3248 5489 suam.
3305 5436 3462 5485 Ponit
3509 5436 3670 5498 igitur
3705 5439 3819 5476 ant-

2302 5550 2326 5620 f
2363 5547 2557 5602 Florens
2585 5551 2877 5608 Christianus
2921 5554 3123 5614 mavult,
3161 5541 3219 5597 ob
3244 5533 3487 5606 passionis
3520 5530 3610 5586 Dei
3639 5540 3830 5581 reconc-

2246 5624 2407 5662 "nam.
