4036 6374
194 451 696 464 .—-———-—-—————.
719 455 882 462 —————
915 451 1588 460 -———-—-———-————~-——-
1603 451 3414 464 MM“.

706 689 1665 900 SANCTI
1824 693 2959 905 JOANNIS

1289 1104 2382 1272 CHRYSOSTOMI,

593 1452 1508 1546 ARCHIEPISCOPI
1586 1453 3022 1548 CONSTANTINOPOLITANI
3062 1518 3099 1581 ,

1479 1750 1921 1865 OPUSC
1943 1753 2219 1867 ULA

1117 2059 1215 2121 DE
1259 2061 1593 2122 MOTIBUS
1637 2062 2591 2143 CONSTANTINOPOLITANIS,

897 2323 1104 2377 DEOUE
1143 2326 1220 2371 IIS
1259 2325 1400 2380 QUE
1449 2327 1532 2369 AD
1567 2326 1911 2381 UTRUMQUE
1956 2329 2102 2372 EJUS
2133 2329 2431 2374 EXSILIUM
2475 2331 2804 2377 SPECTANT.

1408 2825 1561 2903 W91
1610 2826 2337 2919 PROfEMlUM.

287 3101 498 3162 Visum
528 3106 617 3157 est
648 3114 716 3157 ea
749 3098 938 3157 omnia
963 3097 1239 3171 Opuscula
1274 3118 1397 3172 quze
1438 3101 1506 3157 ad
1551 3103 1843 3159 historiam
1882 3112 2133 3159 motuum
2181 3103 2920 3177 Constantinopolitanorum
2942 3149 2956 3176 ,
2993 3118 3048 3166 et
3090 3111 3154 3166 ad
3203 3118 3494 3184 utrumque

221 3218 613 3292 Chrysostomi
645 3216 900 3271 exsilium
929 3225 1194 3286 spectant,
1227 3218 1281 3272 in
1317 3218 1472 3288 prius
1503 3219 1668 3275 editis
1697 3221 1827 3276 hinc
1851 3229 1906 3276 et
1934 3221 2060 3278 inde
2091 3238 2299 3292 Sparsa,
2327 3227 2627 3280 secundum
2660 3226 2921 3297 temporis
2943 3227 3193 3283 ordinem
3216 3229 3306 3286 hic
3333 3230 3500 3288 simul

222 3335 535 3401 collocare,
573 3343 630 3390 et
658 3331 1017 3404 epistolarum
1050 3335 1363 3391 collectioni
1397 3335 1748 3405 praemittere.
1777 3335 1918 3391 Sunt
1950 3347 2133 3393 autem
2162 3338 2280 3394 haec
2306 3340 2568 3409 opuscula
2595 3341 2913 3412 hujusmodi
2947 3359 2960 3392 :

303 3455 363 3510 1.
400 3454 640 3510 Homilia
665 3456 721 3510 in
753 3456 1078 3526 Eutropium
1104 3456 1422 3510 eunuchum
1449 3465 1506 3511 et
1534 3455 1851 3526 patricium,
1884 3457 1979 3529 qui
2009 3456 2077 3512 ad
2103 3457 2352 3513 ecclesiae
2379 3458 2588 3528 asylum
2622 3456 2966 3529 confugerat.

300 3572 362 3626 2.
405 3571 640 3627 Homilia
670 3572 726 3626 in
758 3572 1012 3627 eumdem
1039 3572 1388 3642 Eutropium,
1415 3573 1510 3642 qui
1538 3573 1782 3628 ecclesiae
1806 3575 1954 3644 asylo
1990 3575 2182 3629 relicto
2213 3581 2407 3644 captus
2438 3582 2542 3629 est.

305 3685 365 3740 3.
408 3685 642 3740 Homilia
672 3701 796 3741 cum
824 3687 1153 3742 Saturninus
1183 3696 1240 3742 et
1261 3687 1592 3743 Aurelianus
1625 3689 1733 3742 acti
1773 3698 1958 3743 essent
1987 3690 2043 3742 in
2063 3690 2341 3755 exsilium,
2379 3696 2436 3744 et
2457 3688 2660 3744 Gainas
2688 3703 2941 3761 egressus
2969 3695 3116 3742 esset
3150 3702 3218 3741 ex
3254 3684 3498 3741 civitate.

307 3800 366 3856 4.
408 3798 641 3854 Homilia
669 3797 1044 3870 Chrysostomi
1074 3809 1196 3870 post
1218 3799 1459 3854 reditum
1479 3814 1546 3854 ex
1569 3798 1718 3864 Asia,
1749 3814 1816 3853 ex
1848 3813 1958 3869 quo
1984 3798 2182 3855 itinere
2206 3799 2450 3854 Asiatico
2471 3799 2789 3854 occasiones
2816 3796 3104 3852 incusandi
3126 3793 3499 3866 Chrysostomi

489 3915 718 3977 captata:
744 3906 920 3962 fuere.

320 4023 376 4079 5.
417 4021 650 4076 Homilia
677 4036 774 4075 seu
805 4020 1152 4076 oratiuncula
1183 4021 1250 4076 de
1278 4020 1600 4090 recipiendo
1625 4019 1946 4086 Severiano,
1980 4022 2075 4093 qui
2107 4022 2473 4077 tumultuante
2502 4025 2704 4095 populo
2727 4025 2921 4094 pulsus
2944 4023 3145 4079 fuerat.

317 4139 373 4200 6ο
411 4139 646 4197 Homilia
690 4155 788 4194 seu
834 4139 1183 4194 oratiuncula
1227 4139 1508 4196 Severiani
1595 4158 1720 4196 cum
1766 4152 2055 4213 susceptus
2092 4152 2238 4199 esset
2275 4159 2302 4197 a
2347 4143 2512 4198 beato
2559 4145 2769 4200 Joanne
2808 4146 3068 4216 episcopo
3113 4141 3516 4222 Constantino-i

497 4255 764 4327 politano.

322 4381 376 4436 7.
415 4379 649 4436 Homilia
677 4390 973 4451 antequam
1013 4381 1117 4435 iret
1142 4380 1199 4434 in
1226 4379 1503 4446 exsilium,
1531 4388 1588 4436 et
1613 4388 1773 4435 vetus
1807 4380 1990 4436 versio
2013 4381 2206 4436 Latina
2233 4381 2501 4451 ejusdem.

323 4496 375 4554 8.
408 4499 593 4555 Altera
616 4508 910 4569 antequam
944 4498 1050 4553 iret
1088 4498 1144 4553 in
1169 4499 1446 4564 exsilium,
1485 4499 1793 4562 ἀνέκδοτος,

325 4613 377 4670 9.
417 4613 652 4670 Homilia
686 4624 811 4685 post
837 4616 1077 4671 reditum
1103 4631 1134 4670 a
1162 4616 1346 4686 priore
1372 4615 1588 4681 exsilio,
1620 4623 1674 4669 ct
1698 4615 1857 4670 vetus
1889 4615 2071 4670 versio
2100 4615 2292 4669 Latina
2317 4613 2584 4685 ejusdem.
2626 4677 2634 4680 ,

294 4730 380 4786 10.
419 4730 605 4786 Altera
634 4740 756 4802 post
785 4732 1022 4787 reditum
1046 4747 1077 4786 a
1102 4731 1287 4802 priore
1309 4731 1522 4787 exsilio.

295 4845 381 4900 Η.
419 4845 654 4899 Homilia
680 4846 746 4900 de
769 4845 1074 4902 Chananaea
1102 4853 1224 4916 post
1249 4847 1487 4902 reditum
1515 4847 1722 4901 habita.

293 4961 378 5018 12.
417 4963 605 5030 Liber,
636 4983 654 5016 ι
688 4963 845 5030 Quod
872 4981 1034 5020 nemo
1069 4965 1290 5020 laeditur
1316 4965 1423 5019 nisi
1451 4981 1481 5020 a
1517 4965 1720 5034 seipse,
1756 4984 1774 5016 ›
1806 4964 1876 5020 ab
1910 4964 2106 5019 exsilio
2137 4964 2396 5035 scriptus.

297 5075 380 5133 l3.
420 5075 588 5131 Liber
609 5077 873 5134 adversus
895 5094 992 5134 eos
1024 5079 1118 5148 qui
1148 5078 1504 5134 scandalizati
1533 5085 1679 5142 sunt,
1706 5078 1838 5132 item
1875 5078 1945 5132 ab
1975 5077 2170 5134 exsilio
2205 5079 2466 5148 scriptus.

366 5190 492 5247 llaec
523 5191 704 5247 omnia
725 5193 988 5263 opuscula
1013 5208 1136 5248 cum
1168 5192 1386 5263 praeviis
1423 5192 1649 5248 monitis
1677 5192 2065 5263 subjiciuntur.

1663 5489 2097 5518 unusI-9’—

575 5852 602 5878 ‘
617 5770 888 5831 PATROL.
930 5768 1044 5828 Gn.
1078 5770 1199 5829 LII.
3117 5750 3150 5818 1
