4036 6374
475 367 579 422 539
1169 367 1224 421 S.
1261 366 1546 424 JOANNIS
1582 366 2073 423 CllliYSOSTOMl
2129 366 2446 421 ARCIIIEP.
2489 364 3033 425 CONSTANTINOP.
3627 363 3729 418 390

507 565 1001 574 -mI--OV—>>
1046 566 1442 574 »_-——.-._—.-_.
1474 567 1629 573 μοι-....μ
1666 568 1719 573 -...
1742 569 1779 573 .-
1828 570 1833 573 τ
1920 568 1927 571 -
1958 570 1965 573 ν
1988 568 2101 573 ενα-υ

1536 568 1553 573 -
1570 568 1629 573 ~F
1666 568 1719 573 -,,.
1742 569 1779 573 .-
1828 570 1833 573 ,
1920 568 1927 571 .
1958 570 1965 573 ,
1988 568 2197 574 -.._“,.s.~
2256 568 2293 573 _
2318 568 2589 574 _*»7*m
2609 564 3122 575 -Mw—ﬂ

854 581 1703 590 WW-_.—_-_-
1726 582 2407 590 .._._‘——o-——o-._-‘—-—————-_

504 580 838 592 *ι*-

2412 582 2817 592 —_———_

1906 891 2076 932 ('TRCA
2128 891 2209 932 llU
2228 891 2289 931 κδ

1343 1110 1780 1184 SEQUENTES
1841 1109 1917 1167 IN
1978 1108 2420 1168 EUTROPIUM
2483 1108 2840 1168 IIOMILIAS

1805 1361 2431 1456 MONITUM.

547 1664 839 1740 Eutropius
866 1669 1151 1725 eunuchus
1176 1669 1344 1740 gratia
1381 1669 1522 1740 apud
1558 1669 1952 1740 Imperatorem
1977 1669 2272 1725 Arcadium
2306 1671 2604 1741 plurimum
2634 1670 2865 1738 valebat,
2897 1670 3125 1741 ejusque
3156 1670 3383 1726 consilio
3403 1678 3457 1723 et
3483 1671 3727 1727 auctori-

473 1790 584 1836 tate
609 1797 840 1853 quaeque
868 1784 1105 1838 maxima
1140 1781 1355 1854 Imperii
1387 1784 1602 1856 negotia
1627 1786 1978 1856 gerebantur.
2010 1784 2059 1842 Is
2092 1802 2217 1842 cum
2256 1785 2486 1843 Joannis
2512 1788 2890 1859 Chrysustomi
2934 1787 2987 1840 in
3040 1786 3223 1842 sedem
3258 1786 3719 1856 Constantinopo-

470 1892 697 1948 litanam
727 1894 1081 1964 promovendi
1109 1905 1301 1950 auctor
1333 1894 1547 1959 fuisset,
1590 1895 1749 1951 initio
1783 1895 1902 1966 ejus
1931 1896 2156 1952 monitis
2194 1898 2525 1968 placitusque
2559 1898 2702 1952 baud
2742 1914 2884 1970 aegre
2922 1915 3128 1953 morem
3169 1898 3411 1969 gerebat.
3454 1898 3558 1953 Sed
3598 1914 3723 1953 cum

472 2024 598 2065 eum
645 2008 706 2064 S.
733 2008 926 2064 doctor
958 2009 1030 2064 ob
1055 2009 1341 2064 avaritiam
1382 2008 1868 2080 ambitionemque,
1905 2009 2085 2066 amico
2124 2011 2250 2067 licet
2287 2011 2490 2079 animo,
2533 2011 2845 2083 frequenter
2880 2013 3215 2083 objurgaret,
3259 2013 3311 2066 in
3352 2012 3471 2083 ejus
3508 2012 3723 2067 tandem

472 2122 830 2181 offensionem
867 2122 1114 2179 incurrit.
1142 2121 1285 2178 Inter
1313 2123 1418 2178 alia
1452 2139 1602 2191 vero,
1631 2141 1755 2196 quae
1788 2135 1982 2195 praeter
2014 2127 2391 2199 Chrysostomi
2424 2130 2713 2185 consilium
2746 2139 2799 2184 et
2835 2130 3167 2185 voluntatem
3196 2129 3500 2202 designavit
3536 2129 3728 2186 Eutro-

471 2250 620 2322 pius,
651 2248 820 2320 legem
848 2250 974 2306 ferri
1003 2249 1235 2314 curavit,
1263 2258 1323 2302 ut
1353 2248 1487 2319 asyli
1515 2258 1569 2304 et
1590 2249 1956 2305 immunitatis
1985 2248 2081 2321 jus
2101 2249 2347 2305 ecclesiis
2381 2249 2681 2305 tolleretur.
2715 2249 2865 2321 [580]
2892 2250 3089 2306 Verum
3123 2251 3174 2306 id
3208 2251 3293 2305 ille
3327 2249 3382 2303 in
3416 2249 3611 2318 capitis
3642 2249 3728 2303 sui

471 2364 766 2435 perniciem
796 2365 1018 2421 molitus
1044 2374 1128 2421 est
1156 2382 1170 2419 :
1199 2380 1321 2419 cum
1346 2364 1491 2420 enim
1520 2363 1874 2420 Consulatum
1907 2364 2036 2420 anni
2063 2364 2747 2436 undequadringentesimi,
2768 2364 2980 2419 Arcadii
3014 2375 3170 2431 nutu,
3208 2372 3530 2419 consecutus
3559 2372 3725 2424 esset,

473 2502 850 2544 universorum
901 2487 952 2540 in
984 2503 1043 2542 se
1071 2485 1254 2540 odium
1288 2485 1603 2541 concitavit.
1641 2484 1779 2541 Tum
1829 2485 2162 2557 Trihigildus
2210 2486 2509 2553 Tribunus,
2556 2488 2695 2543 clam
2743 2487 2957 2543 favente
3001 2486 3196 2551 Caina,
3252 2493 3438 2541 coacta
3492 2485 3723 2539 militum

474 2617 661 2668 manu,
694 2617 724 2656 a
756 2600 1109 2656 formidolosa
1149 2599 1391 2669 principe
1428 2599 1758 2668 impetravit,
1793 2610 1851 2653 ut
1890 2599 2059 2670 gradu
2100 2600 2422 2669 dejiceretur
2462 2601 2756 2670 Eutmpins
2794 2619 2807 2656 :
2850 2601 2966 2670 qui,
3007 2600 3151 2670 quod
3192 2615 3359 2690 unum
3402 2599 3504 2668 ipsi
3534 2596 3722 2667 perfu-

474 2710 623 2782 gium
651 2710 932 2766 residuum
961 2720 1098 2774 erat,
1133 2710 1186 2763 in
1222 2708 1507 2763 ecclesiam
1540 2724 1599 2763 se
1634 2709 1855 2778 recepit,
1883 2717 1937 2763 et
1962 2709 2193 2780 asylum,
2226 2711 2372 2779 quod
2410 2713 2525 2781 ipse
2554 2711 2927 2783 abrogandum
2969 2720 3272 2769 curaverat.
3321 2709 3546 2778 supplex
3579 2707 3731 2762 adire

473 2838 697 2881 coactus
724 2833 827 2881 est.
862 2823 1015 2881 Unus
1050 2832 1165 2878 tum
1198 2833 1251 2878 et
1279 2822 1415 2894 asyli
1440 2836 1493 2879 et
1524 2822 1766 2892 l-IutrOpii
1806 2822 2060 2877 defensor
2086 2822 2261 2879 adfuit
2291 2823 2739 2895 Chrysostomus,
2774 2825 2866 2895 qui
2904 2824 3119 2878 fortiter
3145 2833 3198 2878 et
3234 2823 3466 2876 niilizum
3493 2810 3728 2891 impetui

472 2954 528 3002 et
556 2947 902 3015 Imperatoris
944 2946 1165 3002 decreto
1202 2931 1435 3011 obstitit,
1473 2954 1619 3000 etne
1659 2943 1752 3015 jus
1792 2944 2038 3000 ecclesia:
2060 2946 2354 3000 violaretur
2390 2946 2586 3002 eﬂ‘eeil.
2632 2946 2823 3001 Verum
2866 2946 2982 2999 hth
3030 2945 3275 3015 pluribus
3320 2944 3372 2998 in
3412 2943 3528 2998 Vita
3555 2944 3731 3014 Chry-

474 3060 724 3115 sostomi.
767 3059 1089 3128 lnsequente
1134 3067 1260 3130 post
1299 3059 1544 3128 Eutropii
1590 3059 1645 3112 in
1687 3057 1978 3113 ecclesiam
2026 3068 2301 3129 receptum
2354 3060 2471 3125 die,
2499 3061 2641 3115 hanc
2689 3061 3149 3131 elegantissimam
3191 3062 3511 3117 concionem
3544 3061 3733 3115 habuit

475 3173 903 3246 Chrysostomus
934 3194 946 3228 :
982 3176 1072 3229 ubi
1109 3174 1175 3230 de
1204 3173 1348 3229 fluxa
1384 3188 1567 3229 rerum
1605 3174 1967 3229 humanarum
1994 3177 2305 3232 conditione
2339 3176 2569 3232 mirifice
2594 3155 2837 3240 disserit,
2864 3175 3187 3246 Eutrapium
3226 3175 3535 3244 compellat,
3566 3190 3734 3244 expo-

476 3285 556 3340 nit
593 3301 757 3356 quam
787 3288 1097 3343 inconsulto
1132 3287 1529 3342 immunitatem
1562 3288 1805 3345 ecclesiae
1834 3289 2040 3346 violare
2072 3292 2379 3359 tentaverit,
2410 3308 2572 3363 quam
2600 3293 2715 3363 ipse
2755 3292 2902 3362 prior
2940 3293 3090 3347 adire
3129 3302 3181 3345 et
3206 3302 3458 3362 expetere
3485 3290 3731 3361 compul-

476 3425 572 3466 sus
603 3410 676 3465 sit
706 3428 720 3466 :
748 3409 815 3465 ad
846 3408 966 3478 ejus
992 3417 1172 3463 tamen
1202 3408 1636 3465 misericordiam
1676 3408 1859 3479 populi
1888 3417 2089 3466 coetum
2120 3410 2195 3466 ita
2221 3411 2543 3484 παθητικῶς
2588 3412 2852 3484 perpulit,
2882 3421 2943 3466 nt
2973 3411 3217 3467 omnium
3255 3413 3526 3483 lacrymas
3563 3425 3728 3466 excu-

479 3532 637 3580 teret.

546 3658 758 3728 Elapsis
797 3669 919 3728 post
949 3658 1096 3712 illam
1119 3658 1361 3714 habitam
1392 3660 1669 3717 homiliam
1699 3662 1906 3733 aliquot
1936 3663 2146 3730 diebus,
2174 3663 2467 3735 Eutropius
2496 3674 2554 3718 ut
2577 3664 2925 3720 inimicorum
2950 3664 3210 3720 excubias
3239 3664 3471 3729 falleret,
3503 3677 3733 3732 seseque

475 3775 797 3846 proriperet,
829 3775 897 3830 ab
932 3776 1171 3831 ecclesia
1198 3776 1427 3847 aufugit.
1465 3775 1664 3831 Verum
1694 3787 1905 3848 captus,
1940 3794 2174 3849 moxque
2213 3781 2266 3834 in
2309 3780 2548 3851 Cyprum
2589 3783 2880 3851 relegatus,
2921 3779 3225 3849 deindeque
3264 3777 3409 3833 haud
3449 3780 3522 3832 ita
3561 3778 3735 3832 multo

475 3894 667 3961 elapso
697 3902 941 3966 tempore
962 3893 1362 3949 Chalcedonem
1401 3895 1698 3963 adductus,
1733 3898 2022 3953 damnatus
2055 3899 2341 3969 capiteque
2372 3900 2565 3969 plexus
2612 3907 2714 3954 est.
2761 3900 2913 3953 Hanc
2962 3914 3124 3970 porro
3165 3898 3481 3969 tragoediam
3525 3900 3578 3952 in
3613 3895 3733 3952 Vita

476 4015 944 4088 Chrysostomijad
977 4030 1181 4069 annum
1212 4013 1317 4072 599
1348 4014 1598 4084 pluribus
1630 4016 1899 4075 recensita
1928 4015 2128 4073 babes:
2156 4031 2220 4072 ac
2254 4017 2424 4071 multa
2444 4031 2566 4086 qme
2584 4015 2649 4069 ad
2685 4015 2828 4069 hanc
2858 4013 3138 4069 historiam
3170 4013 3525 4082 spectant,vel
3550 4015 3733 4067 hacte-

476 4147 582 4187 nus
612 4133 833 4199 intacta,
862 4132 945 4186 vel
979 4132 1230 4186 intricata
1257 4131 1571 4197 admodum,
1609 4134 1676 4187 ad
1711 4147 1896 4188 veram
1936 4148 2356 4205 germanamque
2384 4147 2568 4187 rerum
2618 4132 2814 4187 seriem
2861 4145 2964 4186 nos
3006 4130 3290 4185 reduxisse
3324 4145 3630 4199 speramus.

552 4244 652 4300 Vix
679 4247 880 4316 elapsis
906 4246 1119 4301 duobus
1146 4255 1271 4317 post
1293 4246 1538 4315 Eutropii
1572 4246 1754 4316 fugam
1794 4246 1987 4302 diebus
2026 4247 2347 4303 concionem
2383 4255 2700 4316 sequentem
2739 4245 2925 4300 habuit
2963 4244 3391 4316 Chrysostomus
3420 4262 3433 4297 :
3475 4247 3564 4301 tibi
3596 4249 3723 4317 qui-

475 4361 708 4417 busdam
743 4362 1041 4431 praemissis
1074 4361 1140 4416 de
1171 4361 1401 4417 utilitate
1423 4361 1672 4417 lectionis
1717 4361 2026 4415 divinarum
2069 4359 2502 4430 Scripturarum,
2539 4361 2822 4415 obsessam
2856 4360 3045 4429 paucis
3077 4371 3200 4415 ante
3230 4360 3423 4415 diebus
3445 4363 3729 4417 ecclesiam

474 4481 645 4538 fuisse
668 4491 875 4548 narrat,
910 4498 1087 4554 neque
1120 4491 1298 4539 tamen
1326 4484 1584 4540 traditum
1618 4484 1855 4539 inimicis
1881 4484 2229 4554 Eutropium,
2260 4484 2353 4554 qui
2385 4483 2432 4537 si
2461 4483 2746 4537 ecclesiam
2792 4498 2902 4537 non
2946 4482 3317 4547 deseruisset,
3366 4491 3558 4553 captus
3592 4498 3735 4536 nun-

474 4612 640 4666 quam
680 4595 892 4652 fuisset.
921 4596 1148 4652 Fluxam
1182 4597 1378 4653 iterum
1412 4598 1778 4653 humanarum
1809 4597 2129 4652 facultatum
2161 4597 2583 4667 divitiarumque
2616 4598 2984 4653 conditionem
3018 4598 3088 4653 ob
3112 4598 3298 4652 oculos
3322 4598 3472 4665 ponit
3503 4615 3516 4651 :
3549 4597 3732 4651 deser-

477 4722 703 4784 tumque
727 4716 859 4772 dicit
888 4716 956 4771 ab
985 4717 1195 4782 amicis,
1227 4733 1258 4772 a
1286 4716 1622 4783 domesticis,
1653 4732 1684 4772 a
1719 4717 1955 4772 fortunis
1989 4717 2245 4772 omnibus
2278 4715 2618 4786 Eutropium.
2652 4717 2943 4786 Multisque
2969 4717 3168 4771 additis
3202 4717 3270 4770 de
3302 4731 3433 4771 vero
3461 4716 3733 4787 legitimo-

475 4844 582 4896 que
610 4828 924 4884 divitiarum
966 4848 1090 4898 usu,
1131 4834 1308 4903 deque
1336 4833 1443 4888 vita
1487 4833 1761 4903 praesenti,
1809 4849 1973 4903 quam
2017 4832 2511 4903 peregrinationem
2551 4845 2674 4885 esse
2721 4837 3134 4892 commonstrat,
3167 4828 3232 4881 ad
3263 4827 3516 4884 Ecclesiae
3544 4829 3733 4883 laudes

477 4949 694 5013 transit,
739 4950 969 5020 ejusque
1017 4952 1237 5021 nuptias
1287 4968 1411 5008 cum
1460 4951 1681 5007 Christo
1729 4952 1978 5022 pluribus
2025 4953 2397 5023 prosequitur,
2437 4952 2538 5004 hoc
2575 4948 2888 5017 frequenter
2918 4961 3053 5001 usus
3089 4943 3288 4999 Psalmi
3331 4944 3733 5014 quadragesimi

476 5064 657 5134 quarti
700 5066 990 5132 versiculo,
1027 5068 1216 5121 Astitit
1248 5069 1428 5138 regina
1455 5086 1487 5123 a
1517 5069 1720 5123 dextris
1752 5070 1855 5123 tuis
1883 5069 1936 5121 in
1966 5069 2158 5123 vestitu
2195 5061 2498 5129 deaurata,
2524 5074 2629 5117 etc.
2683 5061 2857 5130 Hujus
2909 5069 3091 5115 autem
3135 5058 3390 5113 versiculi
3442 5058 3733 5114 occasione

480 5178 717 5238 Savilius
745 5192 801 5238 et
829 5183 1033 5240 Fronto
1060 5184 1289 5241 Ducaeus
1318 5187 1462 5243 hanc
1492 5187 1811 5242 concionem
1842 5187 1985 5241 inter
2015 5185 2281 5241 Homilias
2306 5185 2486 5239 varias
2520 5182 2573 5234 in
2611 5178 2862 5234 Psalmos
2888 5178 3225 5239 locaverunt,
3254 5174 3591 5229 reclamante”
3608 5173 3734 5226 licet

477 5302 531 5347 et
555 5294 711 5351 titulo
736 5309 791 5353 et
815 5299 986 5369 priori
1018 5300 1257 5355 homilim
1291 5308 1464 5370 parte,
1494 5298 1588 5352 ubi
1614 5297 1680 5352 de
1701 5308 1860 5366 capto
1890 5311 1921 5350 a
1947 5295 2213 5349 militibus
2245 5291 2505 5359 Eutropio
2535 5288 2785 5359 pluribus
2820 5288 3013 5355 agitur.
3046 5284 3337 5338 Enimvero
3368 5282 3485 5336 haec
3511 5281 3733 5336 homilia

479 5408 699 5464 ubinam
726 5414 1070 5468 commodius
1092 5412 1315 5477 locetur,
1347 5428 1509 5482 quam
1549 5420 1674 5481 post
1709 5410 1856 5464 illam
1895 5410 2015 5479 ipso
2043 5416 2308 5479 praesente
2337 5403 2598 5473 Eutropio
2632 5400 2908 5457 habitam?
2937 5397 2996 5453 In
3022 5398 3112 5453 illa
3137 5399 3340 5469 quippe
3361 5398 3429 5453 de
3458 5395 3722 5465 Eutropio

480 5521 722 5578 ecclesiae
750 5522 960 5594 asylum
990 5531 1040 5576 et
1065 5520 1377 5590 praesidium
1420 5521 1742 5589 implorante
1775 5519 1981 5590 agitur;
2008 5518 2061 5571 in
2095 5517 2199 5571 hac
2231 5518 2359 5570 vero
2402 5515 2469 5570 de
2496 5516 2685 5571 eodem
2721 5513 2974 5567 eunucho
3003 5519 3127 5581 post
3160 5510 3448 5566 dimissum
3479 5506 3724 5565 ecclesia:
3804 5590 3807 5593 b

481 5635 692 5706 asylum
726 5645 884 5705 capto
908 5650 1090 5690 sermo
1120 5635 1368 5690 habetur.
1401 5633 1726 5705 llujusmodi
1757 5641 1937 5687 autem
1977 5630 2227 5685 homilias
2258 5628 2590 5700 separandas
2624 5641 2733 5682 non
2763 5638 2884 5680 esse
2909 5639 3034 5678 cum
3068 5625 3185 5694 ipsa
3215 5625 3370 5690 ratio,
3397 5632 3512 5679 tum
3545 5622 3731 5677 erudi-

483 5762 686 5819 torum,
709 5769 845 5827 quos
860 5754 1252 5818 consuluimus,
1284 5751 1550 5824 judicium
1584 5750 1868 5806 suadebat.
