4036 6382
279 348 384 404 3S9
1390 345 1454 400 1N
1500 343 1926 400 EUTROPIUM.
1961 374 2028 383 —
2069 343 2408 400 .\l0.\'.TUM.
3425 343 3528 397 390

350 466 614 521 Caeterum
649 464 702 517 iu
736 463 836 517 hac
864 461 1151 534 posteriori
1191 463 1411 518 homilia
1437 463 1860 535 Chrysostomus
1891 481 1921 518 ει
1948 465 2108 518 solito
2139 466 2350 520 dicendi
2385 480 2582 536 genere
2613 479 2719 518 non
2753 478 2942 533 parum
2971 461 3224 516 deﬂectit.
3260 461 3358 515 llic
3381 460 3525 515 enim

283 585 447 646 iliam,
476 596 572 636 ceu
609 590 803 650 sponte
838 580 1092 632 ﬂuentem
1138 589 1328 633 saneto
1373 579 1580 633 doctori
1635 579 1953 632 familiarem
2001 561 2482 649 elegantiamonon
2520 578 2999 649 deprehendimus.
3047 575 3324 633 Orationis
3359 593 3528 647 genus

280 718 386 756 non
416 700 711 770 expolitum
739 707 838 764 est,
873 698 964 752 sed
995 698 1283 766 strigosum
1319 705 1374 752 et
1401 697 1711 752 intricatum
1740 717 1752 752 :
1801 697 1936 752 ordo
1959 698 2350 753 sententiarum
2383 698 2717 766 interceptus
2759 697 3083 766 plerumque
3111 714 3124 752 ε
3165 695 3527 750 interturbata

278 821 469 882 series,
499 826 559 872 ut
588 816 675 870 vix
713 815 899 885 capias
923 831 1030 884 qua
1060 815 1125 868 de
1153 829 1319 868 causa
1349 814 1416 867 ab
1440 813 1544 868 hoc
1579 823 1900 883 argumento
1930 815 1982 868 in
2018 813 2148 868 illud
2181 823 2443 869 transeat.
2476 813 2718 882 Denique
2740 827 2834 882 per
2864 820 3028 866 totam
3053 813 3336 868 homiliam
3361 814 3526 869 multa|

281 935 496 989 videtur
529 931 708 988 infusa
738 932 1118 1002 peregrinitas.
1145 929 1242 985 His
1267 931 1410 985 haud
1441 931 1602 986 dubie
1634 940 1914 1002 permotus
1941 929 2320 986 Tillemontius
2343 930 2552 1000 putavit
2579 929 2870 984 secundam
2901 938 3107 998 partem
3129 929 3222 983 ubi
3245 930 3312 984 de
3337 931 3528 995 Eccle-

279 1050 372 1104 sia:
405 1051 610 1118 nuptiis
641 1052 842 1122 agitur,
874 1052 1122 1105 alicunde
1153 1060 1464 1120 excerptam
1494 1053 1663 1121 priori
1696 1053 1763 1106 de
1788 1052 2048 1122 Eutropio
2077 1060 2318 1107 assutam
2355 1052 2560 1117 fuisse;
2592 1066 2692 1106 nec
2721 1050 2952 1105 obscure
2987 1051 3164 1105 innuit
3191 1051 3441 1106 dubitare
3471 1067 3529 1106 sc

279 1179 343 1216 an
376 1163 467 1215 illa
494 1179 621 1232 pars
655 1167 922 1234 posterior
945 1168 1013 1221 sit
1036 1166 1436 1237 Chrysostomi,
1465 1176 1672 1221 tantum
1706 1169 1912 1224 scilicet
1955 1169 2248 1223 abhorrere
2288 1167 2502 1222 videtur
2541 1167 2608 1221 ah
2657 1167 2802 1221 illius
2831 1167 3042 1222 dicendi
3081 1183 3295 1238 genere.
3330 1169 3528 1222 V'erum

280 1279 322 1332 si
351 1280 484 1347 quis
513 1281 746 1350 priorem
774 1298 898 1337 cum
932 1285 1230 1354 posteriore
1257 1296 1411 1353 parte
1450 1285 1642 1339 sedulo
1676 1283 1942 1350 conferat,
1979 1285 2267 1354 utriusque
2301 1284 2500 1354 Stylum
2537 1299 2567 1338 a
2608 1291 2872 1338 consueto
2911 1283 3286 1355 Chrysostomi
3318 1285 3533 1340 dicendi

279 1411 482 1465 genere
510 1397 670 1468 longe
697 1398 972 1453 diversum
1007 1400 1146 1453 haud
1177 1400 1338 1455 dubie
1370 1401 1773 1470 deprehendet:
1807 1403 1897 1456 sed
1934 1403 2164 1471 primam
2201 1413 2408 1472 partem
2443 1404 2696 1459 secundae
2724 1405 2826 1458 hac
2855 1403 2909 1458 in
2938 1418 2997 1458 re
3028 1405 3251 1458 omnino
3275 1405 3531 1472 similem,

279 1516 330 1570 ni
365 1531 490 1569 mea
524 1532 607 1571 me
633 1516 995 1588 fallitopinio,
1020 1517 1305 1587 iudicabit.
1341 1516 1498 1583 Quod
1532 1535 1636 1572 non
1673 1534 1738 1573 eo
1771 1535 1799 1572 a
1835 1534 1920 1573 me
1944 1519 2148 1573 dictum
2181 1519 2365 1573 animo
2394 1520 2696 1584 existimes,
2729 1530 2790 1574 ut
2829 1528 2995 1575 totam
3040 1520 3319 1575 homiliam
3357 1522 3531 1590 Chry-

279 1643 532 1689 sostomo
554 1635 852 1705 abjudicari
889 1635 1068 1691 velim.
1101 1633 1218 1689 Non
1246 1635 1390 1688 cnim
1438 1635 1638 1703 ubique
1687 1636 1770 1688 sui
1813 1635 2007 1690 similis
2047 1635 2134 1688 ille
2177 1647 2280 1699 est,
2327 1635 2468 1704 quod
2518 1635 2571 1688 in
2617 1635 2738 1690 aliis
2770 1637 3001 1690 summis
3031 1635 3188 1700 viris,
3220 1636 3532 1690 oratoribus

279 1750 544 1812 maxime,
573 1749 777 1818 passim
807 1749 1146 1804 observatur.
1185 1749 1344 1803 Certe
1378 1749 1670 1804 nonnullas
1701 1748 1814 1816 jam
1851 1749 2087 1805 vidimus
2117 1750 2390 1814 homilias,
2425 1764 2561 1818 quas
2601 1748 2974 1819 Chrysostomi
3008 1763 3128 1804 esse
3154 1749 3243 1803 vix
3278 1749 3530 1804 dubitare

280 1864 423 1926 licet,
465 1863 558 1917 ubi
593 1862 791 1917 mirum
819 1872 1081 1932 quantum
1113 1879 1141 1916 a
1169 1870 1430 1917 consueto
1458 1861 1574 1932 styli
1611 1875 1804 1932 genere
1827 1861 2073 1916 deﬂectat
2101 1861 2158 1914 S.
2186 1862 2395 1916 doctor.
2431 1859 2486 1914 lu
2516 1861 2616 1914 hac
2642 1868 2822 1913 autem
2854 1860 3116 1914 concione
3146 1861 3317 1915 multo
3349 1863 3533 1915 minus

281 1981 437 2034 liceat
479 1981 691 2045 νοθείας
723 1982 1088 2052 suspicionem
1117 1982 1422 2036 admittere.
1451 1981 1586 2036 Nam
1625 1981 1713 2034 illa
1750 1995 1873 2050 quae
1903 1979 1970 2034 de
2000 1978 2258 2048 Eutropio
2293 1979 2549 2034 eunucho
2575 1977 2890 2047 frequenter
2917 1977 3198 2044 dicuntur,
3222 1995 3327 2034 non
3360 1980 3529 2036 alium
3595 2045 3598 2048 _

278 2112 438 2166 quam
507 2095 953 2168 Chrysostomum
989 2107 1267 2153 auctorem
1324 2098 1524 2153 habere
1557 2113 1719 2169 posse
1747 2098 2018 2152 videntur.
2066 2096 2134 2150 Et
2183 2095 2424 2166 alioquin
2475 2097 2529 2150 in
2578 2096 2804 2151 homilia
2853 2097 3112 2165 secunda,
3147 2097 3364 2153 modico
3413 2103 3538 2168 post

277 2215 527 2286 priorem
569 2222 814 2284 tempore
844 2213 1046 2280 habita,
1083 2223 1265 2282 aperte
1292 2213 1532 2269 declarat
1564 2229 1624 2269 se
1646 2228 1817 2282 nuper
1849 2211 2020 2266 multa
2047 2218 2238 2265 contra
2271 2211 2465 2267 divites
2501 2211 2574 2267 di'
2601 2212 2828 2281 itiasque
2861 2212 3065 2268 dixisse
3085 2253 3101 2279 ,
3131 2212 3203 2266 ita
3233 2221 3294 2266 ut
3337 2213 3441 2268 hac
3467 2211 3535 2266 de

275 2347 439 2387 causa
488 2330 538 2384 in
564 2330 862 2384 multorum
891 2329 1242 2386 oﬂensionem
1289 2329 1618 2392 incurreret,
1656 2329 1800 2398 quod
1843 2343 1967 2382 cum
2020 2328 2110 2383 illa
2156 2326 2328 2398 priori
2368 2326 2591 2381 homilia
2635 2325 2708 2379 ita
2741 2327 3016 2393 convenit,
3054 2335 3113 2381 ut
3147 2325 3396 2382 dubitare
3428 2341 3538 2383 non

273 2446 462 2510 liceat,
502 2445 632 2515 quin
663 2444 780 2499 haec
806 2445 920 2514 ipsa
953 2443 1023 2498 ibi
1047 2444 1196 2514 prior
1225 2452 1702 2499 commemoretur.
1745 2441 1875 2499 Vide
1905 2444 1958 2498 iu
1991 2444 2211 2498 homilia
2244 2441 2426 2512 priore
2457 2456 2744 2496 numerum
2778 2441 2833 2495 2.

341 2561 560 2618 Prioris
594 2560 836 2617 homiliae
867 2561 1368 2632 interpretationem
1403 2560 1650 2617 Latinam
1687 2577 1717 2617 a
1743 2561 2093 2634 Sigismundo
2123 2561 2348 2617 Gelenio
2385 2561 2609 2624 editam,
2640 2559 2735 2615 sed
2765 2558 2972 2628 aliquot
3007 2557 3061 2611 in
3111 2557 3245 2614 locis
3283 2557 3541 2613 emenda?

278 2684 380 2729 tam
411 2689 442 2730 e
481 2675 700 2746 regione
727 2673 902 2730 ϐπ*ωοί
932 2683 1108 2730 textus
1135 2675 1424 2732 edidimus.
1458 2674 1784 2731 Posterioris
1820 2685 2002 2734 autem
2047 2691 2242 2733 novam
2289 2675 2633 2747 paravimus,
2669 2674 2799 2747 quia
2851 2673 2962 2740 illa,
3000 2689 3166 2746 quam
3209 2671 3538 2730 Godel‘ridus

281 2791 608 2850 Tilmanuus
637 2793 909 2861 ediderat,
941 2794 1301 2865 paraphrasin
1330 2793 1556 2852 omnino
1587 2795 1848 2866 sapiebat.
