4036 6388
326 372 423 431 ⁸591

645 556 1878 583 ______________.___.__.__————

327 573 637 588 ﬂ

1014 366 1072 421 S.
1111 360 1398 421 JOANNIS
1434 353 1925 417 CHRYSOSTOMI
1967 349 2288 409 ARCHIEP.
2326 344 2875 405 CONSTANTINOP.

1657 929 2269 1045 HOMILIA

1932 1296 1998 1342 ΙΝ

855 1597 1579 1696 EUTBOPIUM
1652 1588 2335 1686 EUNUCHUM
2410 1581 3077 1676 PATRICIUM

1650 1917 1740 1976 AC
1778 1913 2148 1974 CONSULEM
2182 1913 2281 1987 (η).

422 2673 473 2723 1.
500 2666 662 2733 Quam
688 2666 843 2734 βαπω
880 2680 959 2718 νει
999 2662 1152 2733 hujus
1181 2659 1313 2714 vitae.
1340 2686 1411 2696 --
1428 2653 1652 2722 Semper
1679 2646 1895 2720 quidem
1922 2682 1940 2709 ,

350 2772 493 2812 nunc
521 2773 649 2811 vero
679 2755 910 2810 maxime
962 2759 1323 2822 opportunum
1349 2756 1430 2800 est
1472 2743 1688 2798 dicere:
1719 2734 1933 2792 Vanita:

350 2848 650 2915 volutatum,
674 2856 720 2901 et
762 2845 929 2899 omnia
958 2843 1154 2897 vanitas
1176 2838 1395 2911 (Eccles.
1429 2837 1480 2890 1.
1525 2833 1604 2905 2).
1639 2829 1741 2887 Ubi
1790 2838 1933 2880 nunc

349 2940 579 3011 inclytus
622 2938 712 2993 ille
754 2935 1060 2991 consulatus
1109 2926 1411 3000 Splendor?
1441 2925 1529 2980 ubi
1557 2924 1793 2977 illustres
1835 2915 1940 2970 illa:

347 3031 532 3086 faces?
587 3030 677 3085 ubi
731 3028 1018 3098 applausus
1061 3023 1176 3089 illi,
1225 3037 1288 3077 ac
1329 3019 1540 3075 chorea:
1570 3014 1845 3085 epulaeque
1887 3017 1943 3063 et

348 3121 472 3176 festi
496 3128 790 3174 conventus
810 3117 835 3169 ?
884 3115 973 3171 ubi
999 3127 1214 3169 coronae
1244 3119 1298 3166 et
1324 3107 1534 3163 auiira?
1564 3105 1650 3159 ubi
1684 3101 1941 3171 strepitus

348 3213 498 3269 urbis
521 3254 536 3278 ,
569 3222 623 3266 et
645 3212 750 3265 illae
776 3208 1099 3264 circensium
1131 3204 1316 3259 fausta:
1359 3199 1789 3257 acclamationes,
1819 3209 1943 3264 spe-

349 3314 717 3371 ctatorumque
743 3297 1118 3355 adulationes?
1146 3294 1337 3350 Omnia
1364 3292 1452 3346 illa
1480 3289 1788 3360 perierunt:
1814 3299 1939 3353 pro-

349 3395 486 3451 cella
514 3392 806 3449 vehemens
833 3389 956 3443 l'olia
990 3386 1203 3455 dejecit,
1227 3384 1473 3438 arborem
1500 3377 1785 3448 spoliatam
1810 3371 1937 3427 red-

349 3485 504 3550 didit,
531 3483 640 3553 jam
691 3479 948 3536 radicitus
979 3475 1326 3531 vacillantcm
1352 3489 1365 3524 :
1400 3479 1651 3538 tantaque
1678 3465 1759 3520 vis
1797 3459 1941 3517 venti

351 3576 580 3645 impacta
607 3578 710 3635 est,
735 3578 790 3625 ut
817 3583 937 3623 cum
962 3579 1158 3621 nervos
1201 3563 1317 3632 ejus
1346 3561 1630 3615 universos
1656 3566 1944 3611 concusse-

352 3641 459 3731 rit,
489 3673 601 3719 tum
631 3663 799 3733 ipsam
850 3658 1089 3712 funditus
1139 3665 1485 3725 promeruere
1541 3648 1792 3701 minetur.
1842 3641 1943 3733 Ubi

354 3772 495 3812 nunc
521 3732 682 3808 fucati
714 3752 787 3806 illi
842 3748 1031 3803 amici?
1062 3747 1150 3801 ubi
1179 3740 1601 3812 compotationes
1630 3746 1684 3791 et
1725 3749 1893 3790 cmnze
1918 3732 1943 3787 ?

355 3848 442 3903 ubi
470 3843 823 3915 parasitorum
853 3854 1076 3895 examen
1103 3879 1118 3904 ,
1168 3843 1223 3890 et
1250 3847 1454 3888 merum
1484 3845 1582 3901 per
1608 3837 1773 3883 totam
1799 3825 1943 3880 diem

354 3939 692 4000 exhaustum,
720 3932 988 4001 variaaquc
1017 3941 1313 3998 coqunrum
1343 3934 1508 3987 artes,
1557 3930 1612 3976 et
1637 3926 1946 3990 potentatus

354 4031 591 4087 cultores
618 4028 718 4092 illi,
773 4024 841 4079 ad
884 4022 1109 4094 gratiam
1138 4017 1315 4074 omnia
1345 4015 1525 4071 dicere
1560 4027 1624 4068 ac
1651 4011 1826 4065 facere
1854 4022 1945 4063 as-

357 4120 531 4177 s'ueti?
559 4119 750 4173 Omnia
772 4115 863 4169 illa
899 4113 1034 4167 nihil
1063 4110 1165 4164 nisi
1195 4124 1301 4163 nox
1330 4115 1385 4161 et
1415 4102 1680 4160 somnium
1712 4101 1944 4164 fuerunt,

357 4223 411 4269 et
436 4219 718 4282 appetente
745 4207 834 4261 die
874 4211 1244 4259 evanuerunt:
1272 4199 1432 4254 ﬂores
1457 4197 1671 4251 fuerunt
1695 4193 1865 4261 verni,
1895 4201 1951 4247 et

363 4321 489 4360 vere
516 4311 707 4359 exacto
758 4302 1138 4354 emarcueruut
1181 4291 1360 4346 omnia
1396 4307 1408 4341 :
1439 4287 1626 4342 umbra
1671 4292 1845 4348 erant,
1893 4290 1949 4337 et

256 4428 261 4469 ι
360 4387 975 4466 praeterieruntzfumus
1030 4390 1218 4448 erant,
1253 4388 1308 4434 et
1359 4377 1535 4431 Saluta
1586 4383 1751 4430 sunt:
1789 4372 1948 4428 bulla:

361 4465 535 4553 erant,
566 4494 622 4540 et
668 4482 879 4550 dirupta
933 4484 1334 4531 suntzaranete
1380 4479 1567 4534 erant,
1625 4476 1678 4522 et
1716 4465 1949 4520 lacerata

362 4590 506 4633 sunt.
554 4575 891 4645 Quapromer
917 4566 1191 4640 spirituale
1222 4565 1324 4619 hoc
1367 4562 1565 4617 dictum
1609 4556 1901 4614 occinimus
1930 4596 1946 4622 ,

362 4672 671 4740 frequenter
695 4667 935 4722 dicentes
960 4680 974 4716 :
1011 4659 1223 4714 Vanitas
1251 4658 1548 4720 vanitatum,
1576 4661 1622 4706 et
1653 4650 1822 4705 omnia
1862 4664 1949 4700 va-

366 4763 516 4815 nilas.
548 4759 658 4813 lioc
676 4759 816 4812 enim
841 4754 1042 4810 dictum
1083 4753 1136 4806 in
1165 4747 1457 4822 parietibus
1477 4787 1494 4813 ,
1529 4747 1583 4799 in
1603 4743 1859 4806 vestibus,
1894 4740 1950 4794 in

367 4852 507 4918 foro,
532 4850 586 4903 in
616 4847 843 4912 aedibus,
867 4846 920 4899 in
941 4845 1061 4911 viis,
1080 4836 1347 4911 in'januis,
1368 4839 1421 4892 in
1445 4837 1594 4891 atriis
1617 4852 1630 4890 :
1669 4833 1763 4889 sed
1786 4831 1952 4902 potis-

308 4942 330 4954 '
364 4942 559 4997 simum
602 4940 656 4993 in
684 4939 796 5008 ipsa
820 4936 1077 5005 cujusque
1123 4930 1452 4988 conscientia
1505 4926 1842 4983 continenter
1868 4924 1951 4977 in-

368 5033 626 5102 scriptum
672 5044 794 5085 esse
844 5036 1086 5098 Oportet,
1144 5024 1396 5094 omnique
1443 5031 1688 5090 tempore
1754 5015 1955 5085 cogita-

370 5125 501 5183 tioni
543 5120 837 5179 obversari.
886 5115 1327 5186 Quandoquidem
1359 5112 1565 5182 negotia
1617 5107 1954 5164 fraudulenta

361 5227 421 5273 et
462 5222 746 5287 personata
795 5226 859 5266 ac
911 5206 1124 5264 mimica
1161 5205 1403 5260 veritatis
1450 5201 1760 5272 Opinionem
1811 5195 1953 5265 apud

364 5311 652 5381 plerosque
697 5305 800 5362 sibi
848 5310 1169 5374 paraverunt
1201 5316 1215 5354 :
1246 5290 1349 5353 huc
1416 5297 1560 5351 dicto
1599 5295 1652 5349 in
1707 5291 1952 5364 prandio,

365 5406 425 5474 in
478 5416 656 5469 coma,
690 5400 748 5455 in
785 5407 930 5453 coetu
977 5394 1288 5457 hominum,
1332 5404 1598 5461 quemque
1651 5386 1953 5457 proximum

433 5564 507 5627 (α)
539 5560 719 5627 collata
740 5570 850 5627 cum
866 5563 950 5627 MS.-
976 5553 1125 5627 εξθεὲο
1151 5551 1295 5627 ίθῖἐς.
1313 5546 1730 5627 Ρὲξιεζῗιέἕῖξέίὲηὲ
1751 5553 1955 5627 ‘35.?

368 5605 898 5685 ιηῖάὶςιῖέίῌέῑηιῑιῑιδὶιε
913 5605 1151 5685 gelenius
1173 5612 1330 5685 agdn.
1348 5605 1959 5685 ejwrccmmyefﬁtéci‘ﬁ

374 5668 719 5745 E-‘Eiiaii'
730 5668 849 5732 cum
870 5668 1046 5745 oﬂ‘eno
1064 5675 1281 5745 principe
1297 5668 1593 5745 delitesceret
1609 5668 1696 5745 διζὺ
1719 5668 1958 5745 auat-iee-

370 5732 647 5804 ἓὶεξςίὧξειιὶ
663 5732 765 5806 ipse
780 5732 925 5806 antea
928 5740 1015 5802 jus
1029 5732 1151 5802 asyli
1160 5732 1408 5806 ⁵αὗιῄοςιανιε
1428 5739 1623 5806 conatus
1644 5732 1824 5806 fuerat.
1836 5738 1955 5806 Quae

364 5796 437 5859 ίίἶ
450 5796 600 5857 nullo
632 5796 904 5867 εἰδητιιῆἃῇ
928 5796 1122 5867 ﬁrmi.
1160 5796 1398 5848 ιιδοιέουε
1416 5809 1457 5867 ,εἰ
1497 5796 1954 5867 99‘.“§.£°“SP°°‘°’

372 5854 590 5920 asiam;
613 5873 721 5916 Haec
742 5854 937 5917 humilia
960 5854 1140 5925 scripta
1161 5867 1239 5910 est
1260 5869 1386 5909 anno
1408 5857 1582 5907 Christi
1603 5854 1714 5906 399.

2051 2657 2215 2698 suum-
2242 2641 2567 2713 compellare
2591 2642 2890 2714 oportebat,
2915 2641 3161 2713 idemque
3183 2640 3252 2697 ab
3281 2641 3370 2697 illo
3397 2641 3639 2699 vicissim.

2045 2733 2230 2790 audire
2263 2775 2278 2799 ,
2337 2750 2529 2804 nempe
2593 2733 2802 2788 Vanitas
2841 2734 3115 2787 vanitalum
3143 2774 3158 2799 ,
3192 2734 3363 2788 omnia
3413 2736 3629 2789 vanitas.

2045 2824 2238 2879 Annon
2284 2825 2497 2880 assidue
2541 2824 2632 2879 tibi
2663 2824 2906 2879 dicebam
2935 2823 3178 2893 fugitivas
3224 2837 3345 2878 esse
3369 2823 3627 2878 divitias?

2045 2914 2125 2969 Tu
2183 2930 2312 2971 vero
2372 2930 2472 2971 nos
2535 2929 2640 2969 non
2697 2914 2926 2970 ferebas.
2980 2914 3175 2968 Annon
3230 2915 3472 2970 dicebam
3539 2929 3631 2970 eas

2045 3006 2306 3076 ingratum
2352 3006 2703 3062 domesticum
2739 3005 2900 3061 esse?
2942 3005 3020 3060 'l‘u
3071 3020 3201 3061 vero
3249 3005 3470 3062 credere
3524 3021 3628 3060 no-

2047 3096 2214 3152 lebas.
2244 3097 2384 3152 Ecce
2408 3097 2736 3167 experientia
2766 3095 2948 3151 docuit
2977 3110 3083 3152 non
3109 3096 3280 3151 solum
3308 3097 3552 3166 fugitivas
3580 3106 3633 3150 et

2046 3186 2301 3257 ingratas,
2330 3186 2424 3242 sed
2455 3187 2747 3243 homicidas
2772 3187 2933 3242 etiam
2958 3201 3099 3253 esse,
3132 3195 3191 3240 ut
3215 3201 3333 3256 quae
3357 3187 3409 3240 in
3439 3196 3635 3242 tremo:

2046 3294 2159 3334 rem
2185 3294 2249 3335 ac
2285 3288 2490 3335 metum
2526 3295 2666 3336 nunc
2694 3288 2747 3336 te
2790 3279 3138 3349 conjeeerint.
3173 3279 3360 3334 Nonne
3386 3278 3630 3333 dicebam

2047 3372 2162 3439 tibi,
2217 3388 2338 3427 cum
2382 3389 2470 3428 me
2497 3373 2861 3429 indesinenter
2901 3373 3212 3442 objnrgares
3253 3386 3378 3426 vera
3409 3385 3634 3425 monen-

2048 3473 2154 3518 tcm
2181 3504 2196 3529 ,
2228 3479 2314 3519 me
2335 3464 2427 3519 tibi
2464 3464 2640 3534 potius
2676 3464 2905 3520 amicum
2931 3477 3073 3531 esse,
3102 3478 3260 3533 quam
3285 3462 3587 3518 adulatores
3610 3462 3636 3515 Ζ)

2047 3569 2137 3609 me
2163 3555 2252 3623 qui
2280 3569 2557 3624 arguerem
2583 3595 2598 3620 ,
2627 3553 2883 3623 majorem
2930 3553 3006 3607 tui
3034 3567 3214 3607 curam
3241 3566 3448 3622 gerere,
3476 3567 3632 3622 quam

2049 3661 2162 3712 cos,
2194 3649 2282 3716 qui
2305 3646 2401 3701 tibi
2431 3662 2526 3716 per
2545 3645 2723 3700 omnia
2749 3644 3215 3715 obsequerentur?
3243 3643 3432 3699 Nonne
3459 3642 3635 3699 ethoc

2048 3735 2329 3802 addebam,
2356 3736 2458 3793 (ide
2501 3735 2744 3806 digniora
2765 3748 2884 3791 esse
2914 3734 3133 3789 vulnera
3158 3733 3225 3788 ab
3247 3734 3453 3800 amicis,
3477 3749 3635 3804 quam

2052 3828 2351 3883 voluntaria
2396 3828 2574 3882 oscula
2603 3827 2938 3881 inimicorum
2975 3823 3156 3898 (Prov.
3184 3823 3277 3878 27.
3311 3824 3407 3895 6)?
3433 3822 3489 3879 Si
3520 3838 3638 3878 mea

2050 3920 2267 3976 vulnera
2321 3919 2563 3985 tulisses,
2615 3918 3021 3989 haudquaquam
3053 3917 3146 3973 tibi
3189 3917 3402 3972 illorum
3457 3916 3637 3970 oscula

2053 4010 2157 4067 hoc
2174 4010 2392 4066 exitium
2419 4009 2723 4064 attulissent
2751 4026 2765 4061 :
2795 4023 2915 4064 mea
2942 4008 3085 4063 enim
3110 4006 3329 4062 vulnera
3349 4006 3637 4061 sanitatem

2053 4101 2300 4164 afferunt,
2326 4099 2538 4154 illorum
2576 4098 2757 4153 oscula
2800 4097 3046 4152 morbum
3069 4096 3516 4152 immedicabilem
3542 4096 3637 4151 tibi

2055 4194 2492 4249 conciliaverunt.
2528 4191 2625 4247 Ubi
2647 4205 2789 4245 nunc
2816 4190 3159 4260 pocillatores
3182 4189 3301 4244 tui?
3346 4189 3436 4244 ubi
3456 4189 3546 4260 qui
3586 4190 3640 4244 in

2055 4283 2174 4339 foro
2220 4283 2472 4353 pOpnlum
2516 4282 2584 4337 de
2630 4282 2714 4336 via
2761 4280 3027 4337 decedere
3064 4280 3367 4351 cogebant,
3418 4289 3643 4350 tuasque

2058 4374 2245 4431 laudes
2262 4374 2465 4444 passim
2493 4372 2635 4442 apud
2673 4387 2861 4427 omnes
2901 4369 3646 4442 praedicabant?Transfugo-

2057 4474 2204 4534 runt,
2236 4466 2571 4536 abnegarunt
2597 4474 2739 4519 tuam
2762 4461 3075 4530 amicitiam,
3103 4477 3257 4517 suam
3304 4462 3644 4517 securitatem

2059 4557 2166 4612 tuis
2208 4555 2460 4626 periculis
2507 4563 2773 4625 quierunt.
2821 4555 2892 4609 At
2945 4568 3054 4607 non
3103 4552 3242 4607 tales
3286 4566 3410 4620 nos,
3455 4550 3553 4607 sed
3589 4559 3645 4607 et

2060 4657 2187 4703 tunc
2206 4647 2446 4717 quamvis
2467 4661 2608 4718 mgre
2636 4645 2895 4702 ferentem
2917 4659 3024 4698 non
3050 4644 3408 4708 destituimus,
3430 4651 3486 4698 et
3504 4656 3646 4699 nunc

2062 4739 2354 4809 collapsum
2385 4737 2712 4809 protegimus
2736 4750 2800 4791 ac
2842 4748 3113 4791 curamus.
3160 4734 3397 4789 Ecclesia
3420 4749 3450 4789 a
3474 4741 3526 4789 te
3547 4734 3637 4789 ho-

2067 4836 2263 4903 stiliter
2290 4835 2490 4901 habita,
2522 4846 2759 4904 expanso
2783 4831 2903 4886 sinu
2930 4838 2984 4886 te
3010 4829 3246 4900 suscepit
3279 4846 3293 4883 :
3325 4826 3530 4882 theatra
3552 4841 3647 4881 au-

2063 4936 2170 4983 tem
2193 4927 2400 4998 magnis
2424 4925 2693 4995 obsequiis
2714 4931 2817 4978 ate
2836 4921 3000 4986 culta,
3018 4935 3244 4992 quorum
3268 4933 3430 4974 causa
3454 4918 3645 4988 smpiul

2067 5020 2221 5076 nobis
2252 5018 2494 5074 infensus
2522 5016 2664 5072 fuisti
2690 5055 2706 5081 ,
2758 5022 2814 5070 et
2859 5013 3210 5085 prodiderunt
3235 5020 3289 5067 te
3317 5021 3372 5067 et
3401 5009 3645 5080 perdide-

2064 5120 2208 5167 runt.
2234 5114 2482 5165 Attamen
2506 5119 2794 5175 numquam
2817 5104 3121 5160 destitimus
3140 5102 3224 5157 his'
3256 5111 3309 5156 te
3345 5098 3526 5155 verbis
3565 5099 3647 5153 al-

2064 5201 2208 5270 loqui
2235 5217 2250 5253 :
2281 5198 2391 5254 Cur
2430 5198 2531 5252 ista
2571 5194 2740 5251 facis?
2771 5195 2825 5250 in
2879 5193 3174 5250 Ecclesiam
3200 5189 3565 5255 debaccharis,
3597 5197 3648 5243 et

2066 5291 2293 5362 teipsum
2314 5290 2367 5344 in
2391 5287 2609 5344 exitium
2639 5284 2967 5358 praecipitem
2996 5283 3145 5354 agis:
3174 5292 3229 5337 et
3248 5289 3302 5337 tu
3331 5280 3445 5336 haec
3471 5280 3650 5335 omnia

2066 5384 2266 5440 monita
2292 5381 2621 5453 negligenter
2645 5377 3118 5452 prmtercurrebas.
3160 5375 3230 5430 Et
3255 5373 3513 5429 circensis
3527 5373 3648 5443 qui-

2066 5476 2188 5532 dem
2219 5472 2504 5530 multitudo
2533 5472 2805 5530 exhaustis
2832 5471 2885 5524 in
2916 5483 2975 5524 se
3020 5468 3124 5523 tuis
3150 5464 3492 5520 facultatibus
3534 5470 3648 5532 gla-

2064 5569 2208 5624 dium
2240 5569 2292 5623 iu
2316 5576 2369 5623 te
2388 5567 2529 5622 acuit
2554 5584 2568 5621 :
2591 5564 2830 5620 Ecclesia
2851 5577 2980 5618 vero
3011 5562 3317 5631 importuno
3346 5565 3438 5612 tuo
3464 5554 3648 5610 furore

2065 5662 2350 5732 exagitata,
2380 5660 2523 5715 ultro
2553 5659 2792 5727 citroque
2820 5655 3063 5719 cursitat,
3107 5652 3150 5708 si
3179 5666 3283 5722 quo
3308 5658 3464 5721 pacto
3485 5656 3538 5703 Ie
3580 5661 3645 5703 cx

2065 5750 2149 5807 his
2173 5751 2385 5806 casibus
2410 5748 2727 5819 implicitum
2758 5745 3021 5802 cxtricare
3048 5752 3230 5814 queat.
3698 5742 3701 5745 λ

2135 5844 2190 5898 9..
2227 5842 2340 5915 Quo
2394 5838 2606 5897 consilio
2642 5840 2749 5895 lucc
2800 5839 3074 5909 loquatur;
3123 5833 3363 5906 Eutrapii
3404 5830 3653 5904 splendor
