4036 6374
340 464 439 524 391

1734 446 1832 505 ‘IN
1870 444 2296 507 EUTBOPIUM.

364 640 3662 685 __________________________________________.______

1700 1058 2364 1182 OMIAIA

1989 1449 2091 1498 ΕΙΣ

1033 1781 1671 1876 ΕΥΤΡΟΠΙΟΝ
1737 1772 2354 1865 ΕΥΝΟΥΧΟΝ
2427 1768 3042 1861 ΠΑΤΡΙΚΙΟΝ

1817 2125 1939 2179 ΚΑΙ
1982 2122 2284 2177 ΥΠΑΤΟΝ.

446 2878 519 2935 α’.
535 2876 649 2931 Ἀεὶ
668 2875 789 2947 μὲν,
808 2875 1109 2946 μάλισταδέ
1122 2875 1216 2931 νῦν
1232 2876 1491 2953 εὔκαιρον
1507 2875 1701 2935 εἰπεῖν’
1719 2882 1976 2936 Ματαιό-

379 2982 491 3034 της
510 2962 946 3035 ματαιοτήτων,
961 2963 1058 3016 καί
1088 2963 1286 3018 πάντα
1310 2969 1659 3037 ματαιότης.
1680 2966 1791 3022 Ποῦ
1820 2968 1916 3022 νῦν
1938 2972 1971 3041 ἡ

250 3084 261 3089 -
377 3054 615 3126 λαμπρά
645 3054 744 3125 τῆς
767 3052 1028 3115 ὑπατείας
1060 3054 1320 3127 περιϐολή
1348 3073 1363 3121 ;
1398 3059 1505 3113 ποῦ
1534 3058 1592 3111 δέ
1640 3059 1699 3110 αί
1748 3056 1975 3129 φαιδραὶ

380 3142 698 3214 λαμπάδες;
738 3140 843 3196 ποῦ
886 3140 946 3195 δὲ
987 3142 1036 3197 οί
1064 3141 1271 3214 κρότοι,
1311 3146 1406 3199 καὶ
1461 3147 1510 3201 οί
1555 3146 1733 3217 χοροὶ,
1769 3146 1863 3200 καὶ
1917 3147 1974 3200 αί

382 3234 588 3297 θαλίαι,
618 3233 713 3287 καὶ
739 3234 796 3287 αί
844 3231 1216 3303 πανηγύρεις;
1250 3234 1354 3287 ποῦ
1405 3237 1454 3289 οί
1487 3236 1748 3305 στέφανοι
1779 3235 1876 3289 καὶ
1905 3234 1974 3288 τὰ

384 3320 901 3393 παραπετάσματα;
936 3318 1039 3372 ποῦ
1066 3322 1093 3373 6
1121 3322 1221 3391 τῆς
1248 3322 1457 3386 πόλεως
1508 3323 1760 3395 θόρυϐος,
1792 3322 1891 3376 καὶ
1917 3324 1974 3376 αἱ

384 3414 443 3464 ἐν
472 3408 857 3481 ἱπποδρομίαις
889 3408 1181 3479 εὐφημίαι,
1209 3411 1304 3464 καὶ
1335 3410 1444 3466 τῶν
1478 3411 1685 3466 θεατῶν
1713 3413 1771 3467 αί
1804 3411 1974 3465 κολα-

384 3501 571 3563 κεῖαι;
605 3497 790 3551 Πάντα
841 3497 1028 3549 ἐκεῖνα
1070 3498 1310 3567 οἴχεταν
1352 3499 1449 3553 καὶ
1496 3499 1699 3571 ἄνεμος
1733 3498 1975 3563 πνεύσας

383 3586 581 3658 ἀθρόον
608 3586 677 3640 τά
710 3587 809 3658 μὲν
849 3586 1025 3656 φύλλα
1073 3588 1368 3658 κατέϐαλε,
1406 3590 1615 3661 γυμνὸν
1652 3590 1709 3643 δὲ
1742 3592 1877 3661 ἡμῖν
1910 3590 1973 3644 τὸ

380 3675 598 3746 δένδρον
619 3675 808 3742 ἔδειξε,
841 3675 935 3729 καὶ
962 3676 1070 3729 ἀπὸ
1098 3677 1198 3748 τῆς
1226 3676 1385 3750 ῥίζης
1412 3678 1582 3747 αὐτῆς
1612 3678 1975 3749 σαλευόμενον

381 3763 570 3817 λοιπόν
593 3780 608 3795 ο
634 3761 861 3833 τοιαύτη
899 3762 1009 3837 γάρ
1045 3765 1079 3834 ἡ
1108 3764 1201 3817 τοῦ
1238 3764 1556 3836 πνεύματος
1576 3765 1767 3833 γέγονε
1804 3781 1976 3836 προσ-

382 3849 531 3921 δολὴ.
566 3850 642 3914 ὡς
671 3851 766 3903 καὶ
797 3850 1091 3923 πρόρριζον
1122 3851 1365 3904 ἀπειλεῖν
1391 3853 1664 3923 ἀνασπᾷν,
1686 3851 1973 3905 καὶταῦτα

381 3937 730 3993 διαπλεῦσαι
756 3936 853 3990 τοῦ
884 3936 1103 4009 δένδρου
1139 3937 1209 3991 τὰ
1252 3938 1440 4011 νεῦρα.
1488 3939 1602 3993 Ποῦ
1644 3938 1741 3994 νῦν
1772 3942 1821 3993 οί
1876 3956 1974 3993 πε-

387 4023 692 4096 πλασμένοι
722 4023 897 4094 φίλοι;
942 4023 1047 4076 πού
1077 4024 1146 4077 τὰ
1184 4027 1464 4097 συμπόσια
1490 4026 1582 4081 καὶ
1620 4027 1689 4081 τὰ
1736 4028 1930 4081 δεῖπνα
1957 4043 1971 4093 ;

384 4113 491 4167 ποῦ
528 4113 559 4165 6
585 4114 697 4166 τῶν
722 4112 1045 4184 παρασίτων
1071 4114 1244 4185 ἐσμὸς
1269 4153 1284 4178 ,
1330 4115 1426 4169 καὶ
1456 4117 1484 4169 6
1509 4116 1576 4169 δι’
1600 4116 1731 4188 ὅλης
1754 4115 1973 4188 ἡμέρας

386 4201 711 4272 ἐγχεόμενος
755 4200 1017 4272 ἄκρατος,
1063 4202 1158 4254 καὶ
1192 4202 1249 4255 αἱ
1276 4202 1519 4257 ποικίλαι
1548 4202 1656 4256 τῶν
1695 4202 1975 4274 μαγείρων

382 4287 590 4359 τέχναι,
622 4288 717 4341 καὶ
736 4288 787 4340 οί
810 4288 910 4357 τῆς
931 4287 1253 4352 δυναστείας
1282 4288 1650 4362 θεραπευταὶ,
1699 4292 1749 4343 οί
1797 4293 1977 4344 πάντα

386 4373 525 4445 πρὸς
551 4375 712 4445 χάριν
749 4374 1033 4438 ποιοῦντες
1072 4375 1169 4428 καὶ
1212 4374 1497 4445 λέγοντες;
1531 4378 1650 4441 Νὺξ
1698 4371 1766 4446 ἦν
1797 4377 1978 4431 πάντα

387 4464 573 4516 ἐκεῖνα
607 4462 702 4515 καὶ
730 4461 888 4532 ὄναρ,
925 4461 1019 4514 καὶ
1052 4461 1267 4533 ἡμέρας
1313 4464 1619 4534 γενομένης
1653 4463 1930 4535 ἠφανίσθη
1961 4479 1976 4495 ⁶

384 4550 521 4622 ἄνθη
550 4545 619 4622 ἦν
644 4549 857 4621 ἐαρινά,
902 4550 997 4604 καὶ
1039 4550 1408 4622 παρελθόντος
1442 4552 1534 4606 τού
1560 4552 1723 4625 ἔαρος
1751 4553 1970 4607 ἅπαντα

386 4638 775 4710 κατεμαράνθη
801 4654 815 4668 ’
850 4639 980 4693 σκιά
1005 4633 1096 4709 ἦν,
1121 4640 1216 4693 καὶ
1247 4640 1600 4713 παρέδραμε·
1633 4642 1845 4714 καρπὸς
1876 4638 1968 4713 ἦν,

384 4730 483 4783 καὶ
509 4728 726 4799 διελύθη
749 4746 763 4757 ·
818 4727 1173 4798 πομφόλυγες
1200 4724 1363 4800 ἦσαν,
1412 4730 1508 4784 καὶ
1553 4730 1924 4803 διερράγησαν
1953 4746 1969 4762 ⁸

384 4817 600 4888 ἀράχνη
630 4812 721 4887 ἦν,
754 4817 851 4869 καὶ
870 4815 1196 4886 διεσπάσθη.
1229 4816 1320 4870 Διδ
1346 4816 1552 4886 ταύτην
1581 4817 1680 4888 τὴν
1724 4835 1973 4890 πνευμα-

383 4905 547 4977 τικὴν
574 4906 731 4977 ῥῆσιν
758 4905 1033 4976 ἐπᾴδομεν
1062 4905 1304 4977 συνεχῶς
1327 4905 1690 4974 ἐπιλέγοντες·
1718 4906 1975 4962 Ματαιό-

386 5010 495 5061 της
524 4991 966 5063 ματαιοτήτων,
1019 4992 1120 5046 καὶ
1152 4992 1350 5046 πάντα
1376 4992 1723 5061 ματαιότηςι
1752 4994 1974 5067 Ταύτην

385 5078 497 5151 γὰρ
520 5080 617 5151 τὴν
658 5080 820 5151 ῥῆσιν
853 5081 949 5133 καὶ
973 5082 1031 5133 ἐν
1058 5080 1280 5150 τοίχοις,
1304 5079 1401 5133 καὶ
1435 5081 1493 5132 ἐν
1512 5080 1773 5150 ἱματίοις,
1798 5084 1895 5135 καὶ
1916 5085 1974 5136 ἐν

385 5169 583 5240 ἀγορᾷ,
614 5170 710 5221 καὶ
738 5171 795 5221 ἐν
819 5169 989 5240 οἰκίᾳ,
1020 5168 1116 5222 καὶ
1140 5171 1198 5221 ἐν
1222 5168 1383 5234 ὁδοῖς,
1417 5169 1513 5221 καὶ
1543 5171 1602 5221 ἐν
1629 5168 1846 5240 θύραις,
1879 5171 1975 5224 καὶ

385 5258 449 5311 ἐν
476 5256 724 5322 εἰσόδοις,
757 5258 852 5311 καὶ
873 5256 981 5328 πρὸ
1011 5257 1229 5310 πάντων
1257 5258 1315 5311 ἐν
1343 5256 1423 5328 τῷ
1446 5257 1680 5311 ἑκάστου
1706 5259 1973 5313 συνειδότι

388 5343 629 5414 συνεχῶς
662 5344 1038 5413 ἐγγεγράφθαι
1084 5343 1185 5409 δεῖ,
1222 5343 1318 5397 καὶ
1345 5343 1637 5407 διαπαντὸς
1668 5345 1841 5416 αὐτὴν
1878 5362 1976 5417 με-

385 5430 568 5503 λετᾷν.
608 5430 830 5504 Ἐπειδὴ
866 5435 899 5502 ἡ
942 5432 1052 5485 τῶν
1103 5431 1447 5503 πραγμάτων
1502 5432 1711 5504 ἀπάτη,
1759 5433 1852 5487 καὶ
1904 5434 1975 5487 τὰ

387 5522 728 5592 προσωπεῖα,
762 5520 854 5572 καὶ
883 5522 916 5591 ἡ
945 5520 1254 5593 ὑπόκρισις,
1280 5519 1508 5590 ἀλήθεια
1538 5523 1690 5592 παρὰ
1708 5525 1823 5585 τοῖς
1846 5522 1975 5576 πολ-

384 5605 498 5669 λοῖς
526 5604 665 5660 εἶναι
717 5606 890 5660 δοκεῖ’
930 5609 1136 5680 ταύτην
1168 5608 1293 5662 καθ’
1320 5609 1559 5680 έκάστην
1598 5610 1835 5682 ἡμέραν,
1878 5612 1972 5665 καὶ

387 5694 448 5747 ἐν
466 5692 685 5766 δείπνῳ,
710 5696 806 5750 καὶ
835 5698 893 5749 ἐν
922 5696 1151 5767 ἀρίστῳ,
1184 5697 1279 5750 καὶ
1306 5699 1364 5750 ἐν
1386 5696 1663 5766 συλλόγοις
1694 5698 1972 5767 ἐπιλέγειν

386 5788 613 5842 ἕκαστον
658 5788 739 5860 τῷ
794 5787 1020 5859 πλησίον
1052 5788 1245 5861 ἐχρῆν,
1281 5788 1376 5842 καὶ⁹
1408 5788 1560 5861 παρά
1613 5788 1708 5843 τοῦ
1742 5789 1970 5863 πλησίον

386 5874 627 5944 ἀκούειν,
658 5876 741 5930 ὅτι
770 5868 1112 5946 Μιιταιῦτης
1149 5877 1598 5948 ματαιοτήτων,
1651 5879 1723 5935 τὰ
1744 5877 1749 5885 ’
1770 5881 1970 5932 πάντα

2070 2885 2423 2953 ματαιότης.
2446 2883 2562 2938 Οὐκ
2589 2884 2777 2953 ἔλεγόν
2806 2903 2888 2938 σοι
2916 2885 3178 2957 συνεχῶς,
3212 2885 3293 2939 ὅτι
3327 2885 3602 2958 δραπέτης
3639 2888 3671 2941 ὁ

2076 2971 2312 3037 πλοῦτός
2344 2973 2459 3026 ἐστι
2489 2984 2549 3036 ις
2581 2972 2652 3025 Σὺ
2683 2973 2739 3025 δέ
2763 2972 2920 3043 ἡμῶν
2954 2972 3052 3026 οὐκ
3075 2972 3315 3043 ὴνείχου.
3337 2974 3453 3026 Οὐκ
3480 2972 3670 3042 ἔλεγον

2075 3063 2159 3115 ὅτι
2189 3061 2462 3133 ἀγνώμων
2502 3061 2653 3116 ἐστὶν
2684 3062 2937 3133 οίκέτης;
2972 3063 3044 3116 Σὺ
3087 3061 3143 3114 δέ
3173 3061 3273 3114 οὑκ
3306 3060 3527 3114 ἐδούλου
3556 3062 3669 3114 πεί-

2077 3147 2285 3202 θεσθαι.
2322 3149 2453 3203 Ἰδοὺ
2485 3148 2551 3200 ἐκ
2584 3148 2693 3202 τῶν
2732 3148 3075 3221 πραγμάτων
3097 3147 3301 3213 ἔδειξεν
3323 3150 3356 3220 ἡ
3380 3150 3569 3221 πεῖρα,
3586 3149 3670 3204 ὃτι

2075 3238 2136 3289 οὑ
2166 3236 2443 3306 δραπέτης
2477 3236 2659 3308 μόνον,
2694 3236 2817 3290 οὺδέ
2846 3235 3140 3308 ἀγνώμων,
3180 3235 3318 3290 ἁλλά
3345 3236 3436 3290 καὶ
3481 3235 3671 3308 ἀνδρο-

2077 3325 2264 3395 φόνοςο
2296 3320 2449 3389 οὗτος
2470 3326 2575 3396 γάρ
2604 3334 2671 3377 σε’
2691 3325 2913 3397 τρέμειν
2939 3325 3034 3378 νῦν
3061 3326 3157 3379 καὶ
3172 3324 3467 3379 δεδοικέναι
3506 3340 3671 3396 παρε-

2078 3412 2365 3469 σκεύασεν.
2399 3412 2512 3466 Οὐκ
2543 3411 2731 3481 ἔλεγόν
2773 3429 2889 3479 σοι,
2920 3412 3086 3484 ἡνίκα
3129 3411 3370 3482 συνεχῶς
3399 3410 3669 3481 ἐπετίμας

2079 3519 2171 3573 μοι
2204 3501 2418 3571 λέγοντι
2473 3501 2706 3570 τάληθῆ,
2761 3500 2844 3553 ὅτι
2886 3499 3029 3568 Ἐγώ
3069 3516 3128 3553 σε
3156 3499 3296 3569 φιλῶ
3334 3499 3537 3570 μᾶλλον
3561 3497 3669 3553 τῶν

2076 3589 2511 3653 κολακευόντων;
2564 3586 2676 3656 ἐγὼ
2714 3590 2742 3640 ὁ
2791 3586 3034 3657 ἐλέγχων
3088 3587 3253 3639 πλέον
3286 3586 3526 3657 κήδομαι
3561 3584 3669 3637 τῶν

2074 3677 2451 3749 χαριζομένων
2473 3694 2487 3743 ;
2513 3678 2587 3730 Οὐ
2611 3677 2943 3748 προσετίθην
2966 3678 3079 3739 τοῖς
3102 3677 3311 3748 ῥήμασι
3334 3675 3568 3738 τούτοις,
3586 3674 3670 3728 ὅτι

2074 3764 2493 3836 ἀξιοπιστότερα
2520 3764 2816 3836 τραύματα
2855 3763 3027 3833 φίλων
3063 3763 3206 3833 ύπέρ
3244 3760 3470 3816 ἑκούσια
3510 3760 3672 3832 φιλή-

2079 3872 2225 3927 ματα
2260 3854 2507 3925 ἐχθρῶν;
2544 3855 2608 3907 Εἰ
2638 3854 2745 3907 τῶν
2768 3853 2917 3925 ἐμῶν
2941 3853 3171 3923 ἠνέσχου
3198 3850 3671 3922 τραυμάτων,οὑκ

2074 3943 2138 3998 ἄν
2192 3960 2274 3995 σοι
2323 3943 2391 3997 τὰ
2424 3942 2707 4011 φιλήματα
2767 3939 2994 3994 ἐκείνων
3036 3941 3131 3993 τὸν
3182 3938 3414 3993 θάνατον
3467 3937 3666 3991 τοῦτον

2074 4030 2286 4085 ἔτεκονο
2320 4030 2388 4084 τὰ
2423 4028 2533 4100 γὰρ
2572 4029 2682 4099 ἐμὲ
2709 4027 3004 4101 τραύματα
3031 4026 3222 4096 ὑγείαν
3263 4023 3670 4098 ἐργάζεται,τά

2074 4118 2131 4172 δέ
2159 4118 2384 4172 ἐκείνων
2416 4118 2698 4189 φιλήματα
2714 4118 2867 4170 νόσον
2900 4115 3121 4170 ἀνίατον
3141 4112 3536 4168 κατεσκεύασε.
3557 4110 3669 4167 Ποῦ

2074 4205 2169 4259 νῦν
2198 4207 2247 4257 οί
2281 4206 2540 4275 οἱνοχόοι;
2573 4204 2675 4257 ποῦ
2709 4204 2765 4257 δέ
2796 4204 2847 4257 οί
2873 4201 3161 4266 σοϐοῦντες
3188 4202 3283 4256 ἐπὶ
3311 4203 3411 4273 τῆς
3439 4201 3668 4272 ἀγορᾶς,

2077 4293 2223 4365 [382]
2240 4294 2332 4346 κοιλ⁸
2353 4294 2524 4364 μυρία
2541 4292 2693 4363 παρά
2718 4294 2881 4346 πᾶσιν
2898 4292 3153 4363 ἐγκώμια
3171 4291 3454 4361 λέγοντες;
3486 4289 3670 4359 Ἐδρα-

2077 4384 2368 4445 πέτευσαν,
2396 4382 2709 4451 ἠρνήσαντο
2751 4380 2850 4452 τὴν
2882 4380 3090 4450 φιλίαν,
3121 4379 3422 4447 ἀσφάλειαν
3456 4378 3671 4439 ἑαυτοῖς

2074 4468 2165 4520 διὰ
2195 4468 2292 4539 τῆς
2341 4466 2443 4537 σῆς
2489 4467 2731 4535 ἀγωνίας
2800 4465 3139 4537 πορίζουσιν.
3191 4464 3333 4518 Ἀλλ’
3363 4464 3463 4534 οὐχ
3509 4463 3671 4533 ἡμεῖς

2076 4555 2270 4620 οὕτως,
2294 4553 2431 4608 ἀλλά
2460 4555 2555 4608 καὶ
2579 4553 2674 4607 τοῦ
2704 4554 3150 4624 δυσχεραίνοντος
3198 4569 3293 4605 σου
3325 4551 3427 4604 οὐκ
3448 4551 3670 4622 ἀποπη-

2080 4642 2281 4713 δῶμεν,
2306 4642 2401 4693 καὶ
2418 4640 2513 4694 νῦν
2542 4641 2780 4693 πεσόντα
2798 4639 3225 4712 περιστέλλομεν
3247 4639 3341 4692 καὶ
3370 4636 3670 4708 θεραπεύο-

2085 4747 2205 4801 μεν.
2265 4729 2374 4783 Καὶ
2412 4730 2446 4800 ἡ
2482 4729 2579 4799 μὲν
2619 4726 2995 4798 πολεμηθεῖσα
3029 4725 3330 4797 Ἐκκλησία
3370 4725 3524 4797 παρά
3573 4724 3671 4782 σοῦ

2081 4819 2206 4881 τοὺς
2236 4817 2469 4880 κόλπους
2494 4815 2717 4886 ἥπλωσε
2734 4814 2830 4867 καὶ
2860 4812 3158 4878 ἐπεδέξατο
3178 4830 3191 4844 ·
3220 4812 3288 4866 τὰ
3310 4812 3368 4865 δέ
3391 4811 3671 4883 θεραπευ-

2082 4906 2245 4959 θέντα
2267 4905 2488 4973 θέατρα,
2519 4903 2661 4974 ὑπέρ
2689 4896 2765 4955 ὧν
2804 4900 3073 4963 πολλάκις
3097 4900 3236 4971 πρὸς
3278 4901 3424 4971 ἡμᾶς
3454 4898 3670 4969 ἠγανά-

2083 5010 2253 5056 κτεις,
2278 4991 2560 5063 προῦδωκε
2583 4990 2679 5043 καλ⁹
2704 4989 3005 5043 ἀπώλεσεν.
3039 4988 3180 5042 Ἀλλ’
3206 4988 3356 5059 ὅμως
3378 4987 3477 5039 οὐκ
3500 4987 3673 5039 ἐπαυ-

2086 5082 2299 5154 σάμεθα
2326 5082 2414 5134 ἀεὶ
2451 5079 2732 5148 λέγοντες·
2760 5078 2827 5134 Τί
2846 5078 3021 5132 ταῦτα
3063 5078 3237 5140 ποιεῖς
3264 5093 3278 5137 ς
3309 5074 3671 5145 ὲκόακχεύεις

2081 5171 2182 5242 τὴν
2220 5167 2570 5240 Ἐκκλησίαν,
2603 5167 2699 5220 καὶ
2730 5165 2872 5221 κατά
2899 5165 3164 5238 κρημνῶν
3199 5163 3397 5219 σαυτὸν
3439 5163 3626 5236 φέρεις
3654 5179 3668 5192 σ

2082 5258 2179 5312 καὶ
2207 5258 2543 5328 παρέτρεχες
2574 5254 2813 5308 ἄπαντα.
2867 5254 2976 5306 Καὶ
3008 5254 3064 5306 αι
3119 5254 3219 5324 μὲν
3271 5249 3670 5322 ἱπποδρομίαι,

2082 5345 2173 5400 τὸν
2202 5344 2433 5397 πλοῦτον
2468 5344 2560 5397 τὸν
2582 5343 2674 5397 σὸν
2690 5340 3061 5403 ἀναλώσασαι,
3084 5340 3145 5393 τὸ
3173 5338 3323 5410 ξίφος
3370 5338 3668 5410 ἠκόνησαν·

2082 5436 2116 5505 η
2145 5434 2203 5487 δέ
2237 5432 2533 5504 Ἐκκλησία
2560 5434 2594 5504 ἡ
2618 5433 2717 5502 τῆς
2745 5431 2917 5503 ὀργῆς
2939 5430 3040 5501 τῆς
3068 5430 3167 5502 σῆς
3194 5427 3551 5483 ἀπολαύσασα
3573 5426 3674 5497 τῆς

2083 5524 2342 5594 ἀκαίρου,
2398 5520 2680 5592 πανταχοῦ
2735 5519 3097 5593 παρατρέχει,
3155 5518 3266 5572 τῶν
3317 5516 3552 5574 δικτύων
3611 5531 3672 5569 σε

2084 5612 2392 5686 ἐξαρπάσαι
2424 5610 2747 5682 βουλομένη.

2142 5824 2169 5853 ⁸
2192 5822 2274 5872 Sic
2296 5818 2445 5870 Savll.
2489 5824 2544 5869 el
2564 5818 2688 5881 Reg,
2714 5815 2799 5881 qui
2825 5821 3108 5881 postremus
3157 5815 3320 5879 habet,
3343 5817 3415 5866 ὅτι
3435 5816 3663 5881 δραπέτης

2080 5886 2207 5934 ἐστὶν
2228 5884 2429 5943 οίκέτης.
2456 5882 2513 5932 In
2538 5877 2709 5932 Murél.
2732 5877 2844 5930 Ιιωε
2875 5877 3046 5929 mutila
3065 5885 3195 5928 sunt.
