4036 6376
418 445 521 502 5‘33

488 566 553 635 β’.
579 564 688 618 K01
714 564 885 618 10510
913 563 1054 635 λέγω
1075 564 1188 629 νῦν,
1212 566 1311 621 οὐκ
1328 565 1675 637 ἐπεμϐαίνων
1701 567 1778 640 τῷ
1804 572 1983 640 κειμέο

413 669 512 722 νῳ,
538 649 672 704 ἀλλά
699 653 824 715 τοὺς
846 652 1083 716 ἑστῶτας
1101 652 1532 723 ἀσφαλεστέρους
1561 654 1984 724 11017300130010-

418 755 578 809 μενος
597 754 614 770 ⁸
639 739 738 792 οὐκ
760 738 1057 803 ἀναξαίνων
1088 739 1153 791 τὰ
1178 738 1309 811 ἕλκη
1337 739 1431 793 τοῦ
1452 742 1816 811 τετρωμένου,
1850 743 1984 797 ἀλλά

413 827 541 891 τοὺς
570 827 792 898 μηδέπω
808 827 1179 897 τετρωμένους
1201 830 1257 881 ἐν
1274 829 1432 900 ὑγεία
1459 830 1787 902 διατηρῆσαι
1810 832 1984 900 ἀσφα-

412 914 522 967 λεῖ·
553 915 613 971 ού
653 914 1056 979 καταποντίζων
1079 915 1169 968 τὸν
1203 916 1681 987 κλυδωνιζόμενον,
1706 918 1842 971 ἀλλά
1862 920 1985 983 τοὺς

413 998 472 1063 ἐξ
516 998 701 1068 οὐρίας
732 998 998 1063 πλέοντας
1048 999 1357 1065 παιδεύων,
1413 1000 1554 1055 ὥστε
1605 1002 1680 1074 μὴ
1725 999 1980 1072 γενέσθαι

415 1082 796 1153 ὑποϐρυχίους.
822 1084 946 1150 Πῶς
977 1085 1022 1140 δ’
1054 1085 1120 1139 ἂν
1151 1085 1309 1141 10510
1341 1088 1549 1156 γένοιτο
1572 1106 1586 1154 ;
1609 1090 1670 1141 Εἰ
1696 1089 1796 1152 τὰς
1823 1104 1984 1161 μετα-

416 1169 578 1235 ϐολάς
605 1170 715 1227 τῶν
754 1172 1111 1245 ἀνθρωπίνων
1141 1175 1450 1245 ἐννοώμεθα
1484 1177 1843 1247 πραγμάτων.
1879 1175 1986 1231 Καὶ

413 1256 523 1328 γὰρ
543 1251 698 1323 0510;
727 1260 775 1312 εί
812 1258 984 1312 ἔδεισε
1018 1260 1342 1333 μεταϐολὴν,
1369 1262 1470 1314 οὐκ
1504 1261 1571 1315 ἂν
1598 1262 1856 1333 ὑπέμεινε
1890 1278 1987 1332 με·

414 1343 648 1415 ταϐολήν
667 1361 679 1375 ’
703 1345 819 1401 ἀλλ’
843 1347 1073 1421 ἐπείπερ
1102 1340 1257 1412 οὗτος
1289 1346 1413 1402 οὗτε
1441 1347 1674 1413 οἴκοθεν,
1707 1348 1829 1402 οὔτε
1856 1349 1984 1419 παρ’

418 1430 619 1501 ἐτέρων
646 1432 856 1500 ἐγίνετο
886 1432 1131 1503 βελτίων,
1163 1435 1319 1505 ὑμεῖς
1347 1434 1478 1503 γοῦν
1506 1435 1556 1487 οἱ
1602 1434 1881 1504 κομῶντες
1909 1432 1987 1503 τῷ

420 1518 654 1587 πλούτῳ,
676 1519 783 1575 ἀπὸ
810 1520 907 1590 τῆς
946 1519 1132 1573 τούτου
1163 1520 1458 1592 κερδάνατε
1493 1522 1796 1592 συμφοράς·
1837 1520 1986 1573 οὐδὲν

420 1604 528 1675 γάρ
539 1605 646 1658 τῶν
657 1606 1009 1677 ἀνθρωπίνων
1024 1608 1359 1677 πραγμάτων
1374 1607 1777 1677 ἀσθενέστερον.
1793 1608 1988 1677 Διόπερ

417 1686 530 1743 οἷον
557 1692 623 1744 ἂν
650 1691 793 1745 είποι
821 1709 905 1756 τις
928 1692 1098 1764 ὄνομα
1122 1695 1222 1764 τῆς
1246 1693 1519 1757 εὐτελείας
1538 1694 1740 1757 αὐτῶν,
1768 1694 1987 1747 ἔλαττον

418 1779 519 1850 τῆς
565 1780 821 1851 ἀληθείας
863 1783 1014 1853 ἐρεῖ’
1067 1782 1168 1836 κᾶν
1200 1783 1404 1836 καπνὸν
1432 1781 1596 1849 αὐτὰ,
1628 1782 1732 1837 κάν
1763 1782 1983 1854 χόρτον,

418 1867 523 1922 κᾶν
556 1869 689 1939 δναρ
713 1908 727 1933 ,
777 1868 877 1923 κᾶν
909 1869 1043 1941 ἄνθη
1091 1870 1305 1940 ἐαρινά,
1344 1870 1448 1924 κᾶν
1478 1869 1655 1924 ὁτιοῦν
1699 1870 1945 1943 ὀνομάσῃ
1969 1886 1982 1900 ·

416 1954 590 2018 οὕτως
618 1954 767 2008 ἐστὶν
788 1956 1049 2027 ἐπίκηρα,
1069 1958 1165 2009 καὶ
1195 1956 1301 2010 τῶν
1322 1956 1473 2010 οὐδὲν
1493 1957 1661 2010 δντων
1690 1956 1990 2027 οὐδαμινώ-

416 2059 582 2112 τερα·
617 2042 697 2095 ὅτι
747 2041 805 2097 δὲ
862 2042 1000 2113 μετά
1030 2043 1130 2113 τῆς
1181 2042 1458 2106 ούθενείας
1488 2044 1583 2096 καὶ
1613 2043 1747 2098 πολὺ
1788 2043 1901 2114 ἔχει
1928 2043 1989 2096 τὸ

417 2130 791 2201 ἀπόκρημνον,
813 2130 971 2201 δῆλον
987 2130 1255 2187 ἐντεῦθεν.
1285 2130 1381 2195 Τίς
1415 2132 1523 2205 γάρ
1554 2130 1743 2184 τούτου
1769 2132 1991 2201 γέγονεν

418 2217 788 2290 ύψηλότερος;
840 2219 901 2271 ού
932 2220 1113 2274 πᾶσαν
1150 2219 1249 2291 τὴν
1285 2220 1613 2291 οἰκουμένην
1639 2219 1881 2291 παρῆλθε
1912 2219 1990 2291 τῷ

418 2304 667 2375 πλούτῳ;
702 2306 762 2359 οὐ
798 2306 934 2376 πρὸς
968 2306 1137 2370 αύτάς
1185 2305 1292 2359 τῶν
1336 2305 1663 2377 ἀξιωμάτων
1700 2306 1865 2376 ἀνέϐη
1892 2307 1991 2371 τὰς

419 2392 697 2461 κορυφάς;
725 2392 846 2461 ούχλ¹
872 2392 1072 2455 πάντες
1118 2393 1278 2446 αὐτὸν
1308 2393 1554 2465 ἔτρεμον,
1585 2393 1679 2447 καὶ
1713 2393 1993 2446 ἐδεδοίκεις

421 2496 557 2547 σαν;
596 2480 735 2533 Ἀλλ’
770 2480 878 2534 ἰδοὺ
913 2481 1105 2550 γέγονε
1150 2481 1245 2535 καὶ
1290 2480 1585 2552 δεσμωτῶν
1635 2481 1986 2553 ἀθλιώτερος,

421 2570 516 2622 καὶ
556 2567 784 2622 οἰκετῶν
814 2569 1194 2640 ἐλεεινότερος,
1244 2569 1341 2624 καὶ
1366 2569 1476 2623 τῶν
1506 2569 1651 2641 λιμῷ
1676 2570 1993 2641 τηκομένων

420 2655 652 2724 πτωχῶν
699 2654 1061 2726 ἐνδεέστερος,
1122 2657 1245 2710 καθ’
1297 2658 1535 2729 ἑκάστην
1594 2657 1808 2727 ἡμέραν
1864 2655 1991 2728 ξίφη

421 2740 636 2810 βλέπων
668 2742 1007 2813 ἠκονημένα,
1039 2744 1133 2796 καὶ
1174 2743 1468 2827 βάραθρον,
1501 2745 1595 2797 καὶ
1619 2743 1866 2814 δημίους,
1901 2744 1995 2797 x01

418 2829 519 2899 τὴν
544 2830 637 2884 ἐπὶ
667 2830 894 2885 θάνατον
925 2831 1228 2902 ἀπαγωγήν
1252 2849 1264 2861 ·
1289 2833 1382 2887 καὶ
1410 2832 1533 2886 οὐδὲ
1562 2831 1745 2886 εἴποτε
1774 2832 1997 2902 γέγονεν

420 2916 513 2968 ἐπὶ
540 2917 637 2987 τῆς
667 2918 861 2989 ήδονῆς
886 2916 1026 2972 οἶδεν
1058 2920 1294 2991 ἐκείνης,
1327 2920 1448 2973 ούδέ
1482 2919 1653 2990 αὐτῆς
1678 2919 1995 2974 αἰσθάνεται

419 3002 519 3073 τῆς
562 3003 778 3069 ἀκτῖνος
802 3022 816 3035 ’
853 3004 969 3061 ἀλλ’
998 3005 1057 3059 ἐν
1108 3006 1427 3077 μεσημϐρίᾳ.
1460 3004 1623 3076 μέσῃ,
1656 3005 1911 3076 καθάπερ
1939 3008 1996 3059 ἐν

422 3091 737 3163 πυκνοτάτῃ
760 3092 937 3158 νυκτὶ,
978 3092 1512 3162 περιεστοιχισμένος
1539 3086 1694 3154 0510;
1720 3091 1819 3155 τὰς
1846 3093 1999 3163 δψεις

423 3178 572 3248 πεπή
584 3195 770 3247 ρωται.
825 3179 1042 3234 Μᾶλλον
1072 3179 1127 3233 δέ
1159 3181 1260 3233 ὅσα
1289 3179 1354 3232 ἂν
1383 3179 1882 3250 φιλονεικήσωμεν,
1936 3181 1996 3233 ού

424 3264 764 3335 δυνησόμεθα
822 3266 900 3336 τῷ
932 3265 1074 3337 λόγῳ
1123 3267 1477 3338 παραστῆσαι
1522 3268 1582 3320 τὸ
1616 3266 1808 3332 πάθος,
1861 3267 1998 3338 ὅπερ

425 3353 718 3422 ὑπομένειν
744 3355 906 3408 αὑτὸν
939 3354 1106 3421 εἰκὸς,
1148 3354 1271 3407 καθ’
1294 3354 1533 3423 ἑκάστην
1559 3353 1709 3426 ὥραν
1742 3352 2000 3407 ἀποκτεί-

423 3439 610 3493 νεσθαι
642 3440 1048 3513 προσδοκῶντα.
1094 3440 1253 3495 Ἀ)λά
1286 3439 1395 3511 γάρ
1442 3441 1494 3494 τί
1546 3439 1625 3494 δεῖ
1670 3440 1778 3494 τῶν
1826 3440 1999 3508 λόγων

424 3526 530 3580 τῶν
551 3528 680 3599 παρ’
698 3527 876 3597 ἡμῶν,
891 3527 1057 3581 αὑτοῦ
1075 3527 1247 3580 ταῦτα
1268 3528 1517 3598 καθάπερ
1536 3529 1593 3581 ἐν
1618 3528 1785 3581 εικόνι
1814 3529 1999 3597 σαφῶς

428 3613 848 3685 ὑπογράψαντος
905 3616 1071 3686 ἡμῖν;
1110 3615 1186 3685 Τῇ
1222 3615 1332 3687 γάρ
1382 3615 1716 3688 προτεραίᾳ,
1769 3616 1856 3668 ὅτε
1915 3618 1998 3670 ἐπ’

426 3702 590 3755 αὐτὸν
644 3699 808 3773 ἦλθον
861 3703 921 3757 ἐκ
961 3702 1069 3757 τῶν
1124 3703 1418 3774 βασιλικῶν
1470 3702 1648 3757 αὐλῶν
1698 3703 1832 3774 πρὸς
1882 3703 2001 3775 βίαν

427 3790 727 3859 ἀφελκύσαι
755 3791 1087 3868 βουλόμενοι,
1128 3793 1223 3845 1101
1242 3796 1355 3857 τοῖς
1398 3791 1614 3846 σκεύεσι
1653 3793 1999 3865 προσέδραμε

427 3881 539 3943 τοῖς
558 3880 721 3950 ἱεροῖς
744 3892 790 3944 ι,
820 3879 967 3952 [585]
988 3875 1054 3951 ἦν
1075 3879 1237 3933 05105
1262 3880 1321 3935 τὸ
1348 3880 1657 3950 πρόσωπον,
1690 3882 1784 3934 1101
1813 3881 1999 3947 τανῦν,

426 3965 793 4036 νεκρωθέντος
820 3965 965 4031 ἅπαξ
992 3967 1140 4020 οὐδὲν
1161 3968 1381 4038 ἄμεινον
1396 3968 1735 4038 διακείμενον
1755 3986 1768 3999 ·
1799 3968 2002 4033 κτύπος

427 4054 485 4107 δὲ
512 4053 617 4107 τῶν
649 4052 896 4119 ὀδόντων,
928 4056 1022 4107 καὶ
1050 4054 1293 4121 πάταγος
1329 4055 1423 4107 καὶ
1451 4053 1651 4124 τρόμος
1684 4056 1886 4117 παντὸς
1907 4052 1999 4107 τοῦ

431 4142 702 4213 σώματος,
738 4143 832 4196 καὶ
866 4143 1016 4213 φωνὴ
1049 4143 1469 4213 διακοπτομένη,
1501 4144 1595 4197 καὶ
1626 4142 1843 4210 γλῶττα
1889 4143 2003 4203 610-

432 4229 694 4300 λυομένη,
720 4229 815 4282 καὶ
848 4230 1032 4301 σχῆμα
1064 4229 1325 4295 τοιοῦτον,
1368 4224 1480 4283 οἷον
1503 4229 1647 4293 εἰκὸς
1677 4229 1774 4301 τὴν
1799 4229 2003 4302 λιθίνην

434 4315 577 4387 ἔχειν
614 4316 813 4386 ψυχήν.

500 4456 570 4519 γ’.
589 4449 696 4513 K01
716 4448 889 4503 10510
902 4448 1067 4519 λέγω,
1095 4449 1194 4502 ούκ
1208 4447 1501 4514 ὀνειδίζων,
1519 4449 1639 4505 οὐδὲ
1660 4448 2005 4519 ἐπεμϐαίνων

432 4533 598 4587 05105
629 4536 695 4605 τῇ
733 4534 1011 4605 συμφορᾷ,
1054 4532 1191 4586 ἀλλά
1214 4534 1312 4602 τὴν
1342 4533 1613 4603 ὑμετέραν
1640 4532 1877 4586 διάνοιαν
1899 4549 2004 4602 μα-

431 4620 588 4685 λάξαι
619 4619 963 4691 βουλόμενος,
1004 4620 1100 4673 καὶ
1147 4619 1225 4683 είς
1255 4618 1404 4671 ἔλεον
1450 4617 1883 4678 ἐπισπάσασθαι,
1912 4615 2005 4668 καὶ

433 4711 618 4763 πεῖσαι
681 4707 1015 4779 ἀρκεσθῆναι
1072 4709 1137 4777 τῇ
1198 4705 1441 4777 τιμωρία
1502 4707 1571 4774 τῇ
1635 4701 2000 4777 γεγενημένῃ.

446 4795 664 4866 Ἐπειδὴ
687 4797 796 4864 γάρ
824 4799 927 4850 εἱσι
953 4796 1135 4851 1101101
1157 4796 1286 4865 παρ’
1309 4797 1341 4865 ἡ
1352 4797 1440 4865 μίν
1462 4792 1839 4861 ἀπάνθρωποι,
1866 4789 2005 4841 ὥστε

433 4884 633 4954 ὁμοίως
662 4884 756 4935 καὶ
796 4884 928 4952 ἡμῖν
975 4882 1250 4949 ἐγκαλεῖν,
1282 4881 1363 4936 ὅτι
1410 4879 1571 4935 αὑτὸν
1602 4877 1906 4947 ἐδεξάμεθα
1931 4876 2008 4946 τῷ

437 4975 675 5045 [δήμων
704 4970 765 5021 τὸ
787 4970 1051 5039 ἄστοργον
1074 4968 1254 5025 αὐτῶν
1286 4971 1396 5031 τοῖς
1430 4968 1737 5037 διηγήμασι
1772 4964 2009 5035 μαλάξαι

437 5060 777 5133 βουλόμενος,
805 5055 1141 5127 ἐκπομπεύω
1170 5056 1237 5111 τά
1267 5056 1456 5110 τούτου
1486 5054 1654 5125 πάθη.

506 5195 665 5257 Τίνος
694 5191 803 5267 γὰρ
830 5191 1016 5244 ἕνεκεν
1043 5189 1390 5257 ἀγανακτεῖς,
1424 5187 1547 5241 είπέ
1583 5202 1693 5257 μοι,
1727 5183 2009 5252 ἀγαπητέ;

441 5281 583 5339 Ὅτι,
616 5278 800 5347 φησὶν,
832 5277 910 5337 εἰς
941 5272 1233 5342 ἐκκλησίαν
1281 5271 1585 5340 κατέφυγεν
1629 5272 1656 5322 ὁ
1695 5269 2013 5338 πολεμήσας

437 5364 607 5435 αὐτὴν
636 5359 920 5430 διηνεκῶς.
958 5357 1056 5410 Διά
1075 5356 1232 5408 10510
1264 5356 1362 5426 μὲν
1384 5352 1476 5409 οὖν
1508 5355 1742 5426 μάλιστα
1773 5352 2013 5417 δοξάζειν

438 5447 602 5517 ἐχρῆν
633 5444 725 5496 τὸν
757 5442 911 5507 Θεὸν,
946 5442 1027 5494 ὅτι
1050 5440 1260 5511 ἀφῆκεν
1290 5438 1450 5491 αὐτὸν
1479 5441 1535 5493 ἐν
1589 5437 1826 5509 τοσαύτῃ
1858 5453 2016 5489 κατα-

442 5532 633 5599 στῆναι
660 5526 896 5600 ἀνάγκη,
917 5526 1058 5579 ὥστε
1076 5525 1169 5583 καὶ
1189 5523 1287 5592 τὴν
1307 5521 1533 5592 δύναμιν
1557 5525 1655 5594 τῆς
1695 5520 2016 5592 Ἐκκλησίας

506 5701 530 5727 ³
555 5697 630 5748 Ad
656 5700 868 5746 Iiueram
895 5694 1186 5745 vertendum
1212 5698 1362 5748 esscl,
1388 5702 1498 5738 cum
1515 5689 1579 5737 ad
1605 5703 1744 5738 sacra
1773 5702 1886 5737 rasa
1905 5701 2017 5737 con-

446 5758 662 5819 (uqisset.
688 5759 788 5807 Sed
812 5771 923 5819 qua:
946 5759 1026 5806 hic
1053 5768 1187 5806 sacra
1209 5768 1319 5804 vasa
1353 5753 1599 5811 dicuntur,
1623 5764 1731 5799 mox
1762 5754 1890 5817 βῆμα
1913 5753 2017 5801 si1e

444 5818 534 5875 0111
556 5818 945 5884 appellabuntur.

1115 450 1175 507 S.
1215 448 1498 505 JOANMS
1536 448 2021 510 CHRYSOSTOMI
2052 451 2376 509 ABCHIEP.
2416 452 2962 509 CONSTANTINOP.
3550 461 3654 517 ἴθι

2086 585 2180 639 καὶ
2202 584 2301 655 τὴν
2326 582 2736 655 φιλανθρωπίαν
2766 580 2958 652 μαθεῖν
2982 596 2995 610 ·
3030 580 3127 651 τὴν
3156 580 3383 651 δύναμιν
3414 584 3534 654 μὲν,
3559 567 3655 653 ἀφ’

2082 659 2156 720 ὧν
2175 665 2441 737 τοσαύτην
2462 666 2721 734 ὑπέμεινε
2745 661 3046 733 μεταϐολὴν
3080 664 3141 715 ἐκ
3156 662 3264 716 τῶν
3286 664 3422 736 πρὸς
3442 665 3656 735 ἐκείνην

2084 749 2365 817 πολέμωνο
2395 748 2492 818 τὴν
2523 745 2929 816 φιλανθρωπίαν
2974 745 3052 809 δὲ,
3090 745 3148 810 ἐξ
3182 742 3257 798 ὧν
3288 747 3656 818 πολεμηθεῖσα

2083 829 2177 883 νῦν
2202 829 2301 899 τὴν
2333 829 2532 881 ἀσπίδα
2564 828 2954 899 προϐάλλεται,
2989 828 3084 880 καὶ
3124 828 3228 881 ὑπὸ
3247 828 3346 891 τὰς
3380 829 3657 901 πτέρυγας

2084 910 2299 975 ἐδέξατο
2326 911 2424 975 τὰς
2456 912 2646 980 αὐτῆς,
2674 910 2769 963 καὶ
2798 913 2855 963 ἐν
2888 910 3155 979 ἀσφαλείᾳ
3203 911 3353 983 πάσῃ
3387 912 3657 983 κατέστη-

2087 1009 2197 1058 σεν,
2230 994 2288 1046 ού
2325 995 2779 1064 μνησικακήσασα
2804 992 2943 1063 ὑπὲρ
2970 992 3077 1045 τῶν
3094 993 3399 1064 ἔμπροσθεν
3422 994 3656 1055 οὐδενὸς,

2084 1076 2218 1129 άλλά
2245 1076 2370 1139 τοὺς
2401 1076 2631 1139 κόλπους
2660 1075 2807 1145 αὐτῷ
2838 1074 2977 1145 μετά
3006 1075 3207 1144 πολλῆς
3234 1075 3532 1130 ἀπλώσασα
3560 1078 3656 1146 τῆς

2087 1159 2485 1230 φιλοστοργίας.
2528 1158 2697 1211 T0510
2724 1158 2832 1228 γάρ
2884 1158 3146 1228 τροπαίου
3178 1158 3377 1222 παντὸς
3406 1158 3656 1231 λαμπρό-

2085 1258 2262 1311 τερον,
2297 1242 2454 1294 τοῦτο
2476 1241 2598 1310 νίκη
2629 1239 2952 1310 περιφανὴς,
2986 1239 3143 1294 τοῦτο
3180 1238 3447 1309 ’Έλληνας
3478 1241 3661 1310 ἐντρέ-

2088 1336 2199 1383 πει,
2235 1319 2392 1372 10510
2419 1321 2511 1372 καὶ
2547 1319 2829 1382 Ἰουδαίους
2859 1317 3227 1388 καταισχύνει.
3255 1318 3410 1371 10510
3442 1319 3662 1389 φαιδρὸν

2088 1404 2258 1472 αὐτῆς
2286 1402 2346 1455 τὸ
2376 1403 2664 1473 πρόσωπον
2706 1401 2975 1455 δείκνυσιν
2994 1418 3007 1430 ·
3058 1402 3139 1453 ὅτι
3167 1400 3258 1453 τὸν
3286 1400 3545 1471 πολέμιον
3579 1404 3663 1455 αξ-

2088 1486 2372 1556 χμάλωτον
2405 1484 2675 1548 λαϐοῦσα,
2709 1484 2968 1552 φείδεται,
3012 1484 3103 1536 καὶ
3157 1484 3375 1536 πάντων
3413 1485 3575 1538 αὑτὸν
3605 1486 3664 1537 ἐν

2088 1567 2296 1639 ἐρημίᾳ
2322 1567 2677 1637 παριδόντων,
2713 1566 2849 1635 μόνη
2885 1564 3136 1637 καθάπερ
3176 1568 3356 1636 μήτηρ
3383 1566 3665 1639 φιλόστορ-

2088 1670 2203 1720 γος,
2232 1652 2335 1704 ὑπὸ
2358 1653 2426 1703 τὰ
2455 1650 2928 1719 παραπετάσματα
2954 1648 3121 1717 αὐτῆς
3148 1648 3374 1718 ἔκρυψε,
3409 1650 3504 1701 καὶ
3530 1650 3664 1719 πρὸς

2092 1735 2374 1807 βασιλικὴν
2406 1734 2571 1805 ὀργὴν
2607 1734 2759 1803 ἔστη,
2797 1732 2932 1803 πρὸς
2958 1732 3130 1802 δήμου
3163 1732 3354 1802 θυμὸν,
3400 1734 3496 1785 καὶ
3527 1733 3664 1803 πρὸς

2094 1820 2248 1888 μῖσος
2295 1817 2608 1888 ἀφόρητον
2666 1815 2821 1868 τοῦτο
2868 1813 2945 1885 τῷ
3004 1814 3376 1888 θυσιαστηρίῳ
3436 1816 3659 1885 κόσμος.

2090 1903 2248 1963 Ποῖος
2277 1900 2498 1968 κόσμος,
2536 1898 2687 1967 φησὶ,
2712 1898 2771 1950 τὸ
2796 1898 2885 1949 τὸν
2909 1896 3076 1967 ἐναγῆ
3106 1898 3199 1950 καὶ
3228 1898 3552 1960 πλεονέκτην
3573 1899 3667 1951 καὶ

2092 1983 2317 2051 ἅρπαγα
2345 1980 2613 2034 ἂπτεσθαι
2638 1978 2730 2033 τοῦ
2758 1978 3173 2049 θυσιαστηρίους
3204 1979 3294 2050 Μὴ
3316 1979 3439 2047 λέγε
3456 1978 3625 2031 ταῦτα
3646 1995 3660 2009 ’

2091 2066 2275 2137 ἐπειδὴ
2301 2065 2394 2118 καὶ
2428 2067 2462 2135 ἠ
2497 2065 2668 2135 πόρνη
2698 2062 2874 2133 ἥψατο
2900 2063 3007 2117 τῶν
3041 2062 3217 2115 ποδῶν
3262 2062 3356 2115 105
3392 2060 3626 2131 Χριστοῦ
3646 2103 3660 2126 ,

2092 2150 2125 2219 ἡ
2158 2149 2360 2220 σφόδρα
2384 2148 2583 2219 ἐναγὴς
2604 2149 2694 2201 καὶ
2725 2146 3060 2217 ἀκάθαρτοςο
3090 2146 3183 2198 καὶ
3203 2147 3303 2199 οὑκ
3323 2142 3389 2217 ἦν
3419 2146 3668 2217 ἔγκλημα

2089 2232 2168 2304 τῷ
2201 2231 2375 2303 Ἰησοῦ
2400 2232 2461 2285 τὸ
2499 2231 2808 2301 γενόμενον,
2853 2229 2987 2283 άλλά
3019 2228 3205 2298 θαῦμα
3245 2230 3338 2283 καὶ
3372 2228 3538 2299 ὕμνος
3566 2230 3667 2299 μέ-

2091 2332 2225 2384 γας·
2284 2316 2345 2367 οὐ
2381 2314 2488 2385 γάρ
2532 2314 2622 2367 τὸν
2670 2312 2908 2384 καθαρὸν
2943 2311 3208 2365 ἔϐλαπτεν
3243 2313 3276 2382 ἡ
3333 2312 3664 2382 ἀκάθαρτος,

2092 2396 2230 2450 ἀλλά
2255 2396 2353 2467 τὴν
2381 2395 2550 2465 ἐναγῆ
2584 2396 2787 2466 πόρνην
2817 2396 2845 2447 ό
2887 2393 3125 2465 καθαρὸς
3178 2396 3272 2448 καὶ
3303 2395 3532 2464 ἄμωμος
3579 2394 3669 2449 διὰ

2092 2478 2192 2548 τῆς
2246 2478 2389 2547 ἀφῆς
2437 2477 2684 2548 καθαρὰν
2736 2477 3051 2548 εἰργάσατο.
3107 2475 3200 2545 Μὴ
3260 2474 3325 2545 δὴ
3402 2491 3670 2545 μνησικα-

2094 2561 2291 2631 κήσῃς,
2322 2553 2366 2612 ὦ
2388 2559 2662 2630 ἄνθρωπε.
2697 2559 2936 2611 Ἐκείνου
2963 2557 3169 2611 οἰκέται
3193 2557 3358 2627 ἐσμὲν
3389 2555 3485 2609 105
3509 2575 3672 2609 σταυ-

2100 2658 2191 2712 ρου
2200 2643 2358 2712 μένου
2387 2642 2479 2695 καὶ
2497 2642 2761 2710 λέγοντος·
2785 2643 2971 2710 Ἄρες
2999 2639 3221 2705 αὐτοῖς,
3247 2642 3319 2692 οὐ
3340 2637 3448 2708 γὰρ
3475 2639 3671 2691 οἴδασι

2095 2726 2153 2778 τί
2183 2725 2486 2778 ποιοῦσιν.
2531 2724 2669 2775 Ἀλλ’
2698 2723 3042 2792 ἀπετείχισε,
3077 2723 3243 2793 φησὶ,
3292 2721 3390 2791 τὴν
3436 2720 3673 2774 ἐνταῦθα

2096 2808 2420 2878 καταφυγὴν
2472 2807 2764 2876 γράμμασι
2816 2806 2911 2858 καὶ
2949 2805 3132 2875 νόμοις
3185 2803 3481 2875 διαφόροις.
3530 2802 3668 2855 Ἀλλ’

2099 2890 2207 2944 ἰδοὺ
2232 2888 2320 2943 διά
2346 2889 2451 2942 τῶν
2480 2889 2655 2959 έργων
2693 2887 2894 2957 ἔμαθεν
2913 2926 2927 2951 ,
2970 2888 3109 2956 ὅπερ
3139 2887 3361 2957 ἐποίησε
3386 2924 3401 2947 ,
3444 2887 3537 2940 καὶ
3583 2884 3673 2938 τὸν

2098 2974 2260 3043 νόμον
2306 2972 2462 3024 ἔλυσε
2490 2969 2707 3040 πρῶτος
2739 2969 2922 3033 αὐτὸς,
2961 2968 3028 3021 δι’
3055 2964 3130 3022 ὧν
3173 2969 3417 3038 ἐποίησε,
3454 2967 3549 3020 καὶ
3581 2966 3674 3034 γέ·

2095 3073 2221 3125 γονε
2262 3056 2362 3126 τῆς
2407 3051 2729 3123 οἰκουμένης
2762 3052 3008 3123 θέατρον,
3066 3052 3159 3105 καὶ
3210 3052 3378 3118 σιγῶν
3425 3049 3673 3106 ἐντεῦθεν

2097 3140 2290 3211 ἀφίησι
2321 3138 2504 3209 φωνὴν
2546 3138 2719 3190 ἀπασι
2764 3136 3063 3206 παραινῶν,
3082 3132 3173 3207 Μὴ
3200 3138 3399 3187 ποιεῖτε
3428 3133 3671 3197 1010510,

2099 3225 2185 3277 ἴνα
2224 3221 2298 3293 μὴ
2326 3222 2533 3291 πάθητε
2555 3219 2799 3275 τοιαῦτα.
2832 3218 3161 3282 Διδάσκαλος
3188 3217 3425 3287 ἀνεφάνη
3454 3215 3541 3269 διά
3576 3216 3675 3285 τῆς

2102 3306 2408 3377 συμφορᾶς,
2442 3304 2537 3358 1101
2554 3304 2877 3376 λαμπηδόνα
2902 3302 3144 3374 μεγάλην
3169 3302 3362 3371 ἀφίησι
3389 3300 3451 3353 τὸ
3482 3299 3669 3352 θυσιαςρ

2103 3392 2342 3460 στήριον,
2385 3385 2482 3440 νῦν
2511 3386 2739 3457 φοϐερὸν
2769 3386 3000 3457 μάλιστα
3025 3386 3119 3437 καὶ
3152 3387 3216 3437 ἐκ
3247 3382 3436 3436 τούτου
3485 3381 3673 3449 φαινό-

2107 3490 2287 3545 μενον,
2323 3473 2405 3524 ὅτι
2450 3471 2542 3524 τὸν
2573 3470 2762 3523 λέοντα
2797 3468 3079 3539 δεδεμένον
3111 3468 3259 3538 ἔχει’
3301 3466 3425 3519 ἐπεὶ
3452 3467 3545 3517 καὶ
3580 3464 3675 3534 βα-

2105 3556 2283 3625 σιλικῇ
2324 3554 2490 3611 εἰκόνι
2525 3553 2695 3623 μέγας
2726 3551 2932 3620 γένοιτο
2952 3551 3176 3621 κόσμος,
3201 3551 3299 3619 ούχ
3319 3550 3446 3603 ὃταν
3472 3549 3565 3602 ἐπὶ
3584 3546 3675 3600 105

2104 3638 2293 3710 θρόνου
2322 3636 2557 3706 κάθηται
2590 3635 2898 3706 πορφυρίδα
2930 3634 3410 3706 περιϐεϐλημένος,
3447 3633 3540 3685 καὶ
3568 3632 3678 3684 διά-

2101 3722 2250 3792 δημα
2278 3717 2658 3792 περικείμενος
2698 3718 2727 3769 δ
2760 3716 3011 3787 βασιλεὺς
3054 3716 3234 3786 μόνον,
3266 3715 3411 3791 ἀλλά¹
3438 3716 3532 3767 καὶ
3552 3714 3678 3765 ὅταν

2104 3806 2208 3859 ὑπὸ
2230 3803 2306 3874 τῷ
2338 3802 2458 3855 11061
2479 3801 2555 3875 τῷ
2586 3799 2849 3871 βασιλικῷ
2878 3799 3142 3872 βάρϐαροι
3168 3799 3276 3851 τῶν
3307 3798 3504 3869 χειρῶν
3526 3795 3617 3868 [38
3630 3793 3676 3868 ι]

2102 3889 2277 3942 ὀπίσω
2310 3885 2599 3957 δεδεμένοι,
2640 3883 2789 3937 κάτω
2821 3883 2919 3946 τὰς
2952 3881 3191 3951 κεφαλὰς
3246 3881 3441 3933 νεύωσι
3490 3880 3676 3948 κείμεο

2103 3992 2205 4028 νοι.
2236 3973 2343 4029 Καὶ
2374 3972 2455 4024 ὅτι
2497 3970 2558 4022 οὺ
2610 3966 2927 4035 πιθανότητι
2976 3965 3237 4034 κέχρηται
3285 3962 3480 4029 λόγων,
3521 3962 3677 4031 ὑμεῖς

2108 4059 2383 4128 μάρτυρες
2419 4054 2519 4122 τῆς
2550 4050 2784 4117 σπουδῆς
2828 4048 2919 4100 1101
2948 4049 3046 4116 τῆς
3078 4046 3398 4116 συνδρομῆς.
3428 4045 3539 4097 Καὶ
3563 4043 3679 4128 γὰρ

2104 4127 2356 4211 λαμπρὸν
2388 4139 2521 4209 ἡμῖν
2560 4137 2620 4188 τὸ
2669 4132 2893 4203 θέατρον
2943 4132 3200 4201 σήμερον,
3247 4129 3342 4211 καὶ
3393 4127 3616 4211 φαιδρὸς
3652 4127 3680 4179 ὁ

2107 4209 2384 4289 σύλλογος,
2434 4218 2528 4272 καὶ
2570 4218 2692 4269 ὅσον
2742 4215 2799 4267 ἐν
2843 4213 2921 4283 τῷ
2968 4213 3163 4281 Πάσχα
3219 4210 3295 4280 τῷ
3343 4209 3472 4279 ἱερῷ
3511 4210 3680 4282 δῆμον

2105 4303 2242 4359 εἶδον
2296 4300 2680 4370 ξυναγόμενον,
2716 4295 2965 4349 τοσοῦτον
2993 4294 3104 4365 ὁρῶ
3153 4293 3247 4346 καὶ
3286 4290 3521 4355 ἐνταῦθα
3553 4291 3679 4341 νῦν·

2112 4389 2202 4443 x01
2226 4387 2367 4441 οὕτω
2393 4383 2559 4454 σιγῶν
2582 4380 2789 4443 πάντας
2834 4379 3082 4443 ἐκάλεσε,
3113 4376 3413 4443 σάλπιγγος
3434 4374 3683 4444 λαμπρο-

2106 4473 2272 4545 τέραν
2302 4468 2486 4539 φωνὴν
2526 4463 2615 4518 διὰ
2639 4462 2748 4516 τῶν
2785 4460 3129 4541 πραγμάτων
3159 4459 3339 4545 ἀφείς.
3375 4456 3681 4545 καὶ-παρ-

2110 4538 2255 4610 θένοι
2278 4538 2573 4621 θαλάμους,
2595 4548 2691 4600 καὶ
2711 4538 2969 4614 γυναῖκες
2989 4542 3351 4610 γυναικῶνας,
3381 4540 3474 4592 καὶ
3495 4538 3684 4608 ἀνδρες

2108 4642 2207 4709 τὴν
2256 4635 2462 4706 ἀγοράν
2511 4629 2865 4690 κενώσαντες,
2902 4627 3101 4709 πάντες
3119 4623 3380 4709 ,ἐνταῦθα
3414 4621 3686 4709 501150915,-

2114 4703 2265 4793 μέτε,
2294 4703 2380 4774 ἵνα
2410 4718 2509 4788 τὴν
2537 4711 2886 4793 ἀνθρωπίνην
2912 4708 3074 4777 φύσιν
3090 4707 3251 4793 Δἴδητε
3296 4703 3680 4793 ἐλεγχομένην,

2110 4787 2206 4858 καὶ
2233 4802 2339 4854 τῶν
2371 4787 2637 4869 βιωτικῶν
2667 4790 3003 4862 πραγμάτων
3053 4790 3115 4841 τὸ
3160 4788 3424 4857 ἐπίκηρον
3475 4787 3684 4869 ἀπογυ-

2113 4867 2547 4957 μνούμενον,καὶ
2574 4877 2672 4947 τὴν
2697 4874 2958 4944 πορνικὴν
2975 4873 3095 4957 ὄψιν
3112 4870 3469 4957 τὴν-χθὲς-καῖι
3494 4867 3684 4957 πρώην

2111 4949 2330 5038 φαιδρὸν
2363 4962 2791 5030 ἀπολάμπουσαν
2816 4957 2929 5025 (καὶ
2957 4955 3067 5025 γὰρ
3093 4954 3329 5007 τοιοῦτον
3350 4955 3383 5022 ἡ
3409 4949 3683 5038 εὐπραγία

2110 5034 2142 5122 ἧ
2169 5034 2279 5103 ἀπὸ
2307 5046 2413 5099 τῶν
2445 5040 2783 5108 πλεονεξιῶν,
2814 5038 3011 5101 παντὸς
3027 5037 3268 5109 γραῖδίου
3298 5035 3515 5107 ῥυτίδας
3537 5034 3690 5103 ἔχον--

2112 5118 2202 5196 τος
2232 5127 2556 5199 αἱσχροτέρα
2585 5120 3195 5193 φαινομένη),καθάπερ
3225 5119 3462 5187 σπογγιᾷ
3494 5132 3602 5169 τινι
3621 5118 3687 5193 τῇ

2119 5214 2397 5287 μεταϐολῇ
2423 5211 2490 5263 10
2533 5206 2912 5279 ἐπιτρίμματα
2948 5205 3041 5259 1101
3081 5204 3179 5266 τὰς
3225 5201 3540 5271 ἐπιγραφὰς
3600 5202 3686 5252 ὲκ-

2118 5299 2361 5370 μάξασαν
2388 5296 2435 5346 b.

2185 5382 2250 5435 δ’.
2271 5378 2505 5446 Τοιαύτη
2532 5375 2640 5446 γὰρ
2656 5376 2751 5443 τῆς
2775 5372 3107 5444 δυσημερίας
3124 5369 3326 5440 ταύτης
3345 5370 3378 5438 ἠ
3403 5366 3577 5436 ἰσχύς·
3602 5366 3685 5416 113.

2118 5468 2341 5542 φαιδρὸν
2363 5466 2455 5520 καὶ
2485 5464 2757 5533 περιφανῆ
2781 5462 2995 5514 πάντων
3018 5459 3272 5528 ἐποίησεν
3312 5453 3688 5522 εὐτελέστερον

2119 5556 2401 5629 φαίνεσθαι
2436 5555 2551 5608 νῦν.
2590 5553 2707 5607 Κᾶν
2746 5549 2997 5611 πλούσιος
3035 5546 3272 5617 εἰσέλθῃ,
3325 5543 3535 5615 μεγάλα
3562 5559 3683 5612 κερ-

2118 5649 2284 5703 δαίνει
2312 5663 2325 5676 ’
2350 5644 2492 5715 ὁρῶν
2519 5644 2625 5715 γάρ
2653 5643 2714 5695 ἐκ
2736 5640 3000 5707 τοσαύτης
3029 5634 3274 5705 κορυφῆς
3299 5629 3691 5701 κατενεχθέντα

2118 5740 2207 5794 τδιν
2241 5738 2451 5790 σείοντα
2493 5735 2589 5803 τὴν
2629 5732 2951 5801 οἰκουμένην
2995 5729 3233 5792 ἃπασαν,
3272 5724 3365 5778 1101
3407 5720 3689 5775 συνεσταλ-

2184 5866 2210 5906 b
2235 5866 2351 5925 ﬂcg,
2437 5862 2706 5924 μαχθεῖςαν.
