4036 6410
321 410 430 465 393

318 541 441 585 ante
458 527 807 584 calamitatem
833 542 852 592 ;
882 522 1187 596 Eutropium
1240 518 1488 575 Arcadius
1517 515 1805 595 Imperator
1829 514 1917 568 ab-

320 639 438 675 auct
467 638 504 673 a
529 616 1037 692 templojubet.—Et
1063 616 1177 669 haec
1199 627 1341 668 nunc
1360 611 1501 675 dico,
1528 624 1635 663 non
1667 624 1772 679 quo
1803 624 1924 676 tro-

318 721 497 769 Strato
523 712 798 774 insnltem,
824 708 919 764 sed
949 706 1095 779 quod
1124 721 1217 762 eos
1243 705 1332 774 qui
1355 702 1527 757 adhuc
1556 709 1719 765 stant,
1760 699 1921 753 tutio-

316 819 406 858 res
435 802 671 857 reddere
716 797 925 870 cupiam
954 817 966 853 :
992 812 1090 852 nec
1141 804 1198 849 ut
1247 794 1433 866 plagas
1462 790 1724 846 vulnerati
1771 790 1926 845 refri-

316 910 465 961 cem,
501 893 597 948 sed
638 901 697 947 ut
727 890 962 945 nondum
1014 888 1319 942 vulneratos
1365 885 1419 939 in
1449 884 1678 939 sanitate
1704 897 1927 937 conser-

319 999 444 1038 vem
480 1001 499 1015 ο
533 998 638 1038 non
667 991 723 1036 ut
770 982 1022 1051 jactatum
1067 975 1316 1032 [luctibus
1359 974 1661 1044 demergam
1692 1015 1707 1040 ,
1734 972 1829 1027 srd
1871 983 1926 1027 ut

318 1091 444 1143 cos,
472 1075 569 1147 qui
609 1074 858 1131 secundis
904 1073 1049 1126 auris
1078 1069 1348 1139 navigant,
1392 1065 1654 1132 erudiam,
1698 1083 1765 1121 ne
1793 1065 1925 1119 fut-se

319 1166 373 1219 in
412 1164 744 1235 profundum
773 1163 1105 1219 deferantur.
1149 1159 1267 1226 Quo
1311 1167 1489 1212 autem
1536 1156 1696 1212 modo
1746 1157 1924 1210 caveri

324 1255 836 1327 possit?Nimirum
884 1255 927 1309 si
972 1268 1152 1308 rerum
1203 1251 1556 1305 humanarum
1608 1248 1928 1304 mutationes

322 1350 765 1404 consideremus.
808 1347 865 1402 Si
915 1344 1057 1400 enim
1108 1344 1212 1399 iste
1244 1344 1589 1396 mulationem
1621 1341 1924 1407 timuisset,

324 1454 476 1493 nunc
502 1454 623 1493 eam
676 1454 781 1492 non
811 1446 1085 1507 pateretur
1109 1452 1123 1500 ;
1168 1434 1261 1489 sed
1301 1434 1553 1503 quoniam
1582 1434 1682 1488 iste
1710 1448 1808 1487 nec
1835 1432 1929 1487 do-

326 1532 579 1585 mesticis
612 1546 709 1585 nec
755 1530 949 1584 alienis
980 1527 1219 1582 consiliis
1252 1526 1447 1595 corrigi
1477 1525 1665 1594 potuit,
1697 1539 1793 1579 vos
1819 1525 1928 1579 sal-

326 1632 440 1677 tem
466 1623 563 1694 qui
591 1623 789 1677 divitiis
816 1621 1157 1687 extollimini,
1186 1620 1342 1687 hujus
1363 1618 1717 1675 calamitatem
1744 1617 1795 1671 in
1834 1633 1928 1671 vc-

325 1725 507 1770 strum
551 1715 847 1786 profectum
871 1713 1167 1769 convertite
1201 1729 1214 1765 :
1241 1709 1368 1764 nihil
1398 1709 1540 1763 enim
1571 1717 1655 1763 est
1684 1708 1931 1762 humanis

327 1808 499 1861 rebus
554 1806 838 1860 infirmius.
871 1805 1208 1873 Quapropter
1229 1814 1567 1870 quocumque
1599 1799 1813 1853 nomine
1841 1813 1930 1852 ea-

328 1913 450 1950 rum
484 1897 746 1951 vilitatem
774 1894 1156 1965 signiﬁcaveris
1179 1933 1194 1959 ,
1230 1891 1407 1945 minus
1427 1903 1585 1959 quam
1614 1902 1710 1957 pro
1740 1887 1813 1941 rei
1843 1903 1933 1941 vc-

329 1988 500 2042 ritate
529 1987 731 2042 dixeris
764 1985 892 2040 :vel
936 1985 979 2039 si
1021 1978 1224 2038 fumum
1279 1996 1392 2046 eas,
1447 1980 1529 2035 vel
1562 1979 1762 2034 fatuum
1787 2020 1803 2045 ,
1847 1980 1931 2033 vel

330 2094 606 2145 somnum,
637 2079 718 2133 vel
747 2077 906 2133 ﬂores
934 2091 1146 2140 vernos,
1178 2076 1261 2129 vel
1283 2073 1543 2143 quidlibet
1581 2071 1723 2126 aliud
1757 2072 1930 2125 nomi-

329 2171 557 2225 naveris
590 2188 605 2225 :
637 2185 806 2240 uSqne
849 2169 983 2224 adeo
1037 2176 1157 2223 sunt
1214 2166 1427 2236 fragiles
1455 2207 1468 2229 ,
1497 2174 1551 2219 et
1576 2164 1743 2233 magis
1781 2161 1932 2216 nihili

331 2276 500 2330 quam
532 2260 659 2314 nihil
680 2262 888 2328 ipsum;
915 2258 1053 2328 quod
1080 2267 1255 2312 autem
1287 2271 1392 2311 non
1419 2256 1591 2311 solum
1619 2254 1767 2310 nihili
1791 2254 1893 2308 siut
1912 2292 1931 2319 ,

332 2352 431 2406 sed
458 2361 519 2406 et
542 2352 593 2405 in
626 2351 883 2421 praecipiti
911 2358 1072 2412 slent,
1102 2350 1186 2404 vel
1215 2349 1339 2403 hinc
1378 2358 1622 2417 apparet.
1651 2347 1783 2415 Quis
1832 2345 1935 2400 hoc

333 2442 560 2497 homine
606 2441 703 2496 fuit
749 2441 1049 2497 excelsior?
1093 2454 1272 2495 nonne
1306 2441 1358 2494 in
1391 2447 1504 2494 toto
1552 2439 1684 2493 orbe
1733 2438 1934 2493 divitiis

335 2533 728 2604 prmeellebat?
774 2550 954 2589 nonne
997 2534 1061 2588 ad
1107 2534 1217 2603 ipsa
1250 2532 1456 2602 fastigia
1510 2532 1772 2587 honorum
1801 2547 1934 2586 con-

336 2625 595 2680 scendit?
621 2640 801 2679 nonne
834 2639 1019 2679 omnes
1047 2639 1167 2678 eum
1197 2623 1553 2678 formidabant
1576 2637 1641 2678 ac
1678 2621 1937 2675 vereban-

338 2720 461 2770 tur?
487 2715 592 2771 Sed
624 2731 749 2771 ecce
778 2715 1049 2771 metusest
1076 2723 1128 2769 et
1176 2714 1368 2767 vinctis
1396 2713 1658 2776 miserior,
1684 2722 1738 2765 et
1767 2710 1935 2765 servis

339 2806 719 2871 miserabilior,
751 2814 805 2860 et
827 2805 1084 2860 mendicis
1117 2803 1256 2858 fame
1284 2801 1677 2857 tabescentibus
1697 2800 1938 2870 indigen-

341 2900 467 2963 tior,
499 2914 594 2969 per
618 2898 857 2967 singulos
883 2898 998 2953 dies
1014 2897 1221 2966 gladios
1246 2912 1351 2965 prro
1380 2895 1546 2950 oculis
1572 2894 1774 2949 habens
1802 2893 1853 2947 in
1880 2907 1939 2947 se

341 2997 621 3055 exacutos,
649 2997 702 3043 et
753 2987 1000 3041 harathra
1030 2996 1084 3042 et
1126 2986 1425 3050 carnifices,
1471 2993 1525 3040 et
1566 2984 1703 3038 viam
1726 2998 1843 3053 qua:
1872 2982 1936 3037 ad

343 3079 664 3149 supplicium
714 3078 861 3133 ducit
891 3096 903 3129 :
931 3093 995 3133 ac
1043 3094 1216 3148 neque
1256 3075 1512 3132 memoria
1546 3074 1933 3144 praeteritarum

345 3173 679 3241 voluptatum
711 3170 925 3237 fruitur,
949 3170 1055 3224 imo
1095 3186 1162 3224 ne
1202 3169 1324 3224 luce
1373 3167 1590 3238 quidem
1643 3166 1937 3231 communi,

344 3264 443 3319 scd
496 3263 718 3318 meridie
761 3277 972 3333 quoque
1013 3272 1279 3332 tamquam
1328 3261 1379 3313 in
1436 3258 1753 3339 densissima
1783 3266 1941 3312 nocte

347 3357 613 3427 angustiis
653 3355 912 3425 parietum
958 3355 1214 3419 inclusus,
1247 3355 1524 3409 oculorum
1549 3366 1645 3406 usu
1679 3351 1937 3420 privatur.

349 3449 414 3503 Et
445 3464 697 3520 quorsum
732 3448 846 3502 haec
875 3462 1300 3502 commemorare
1354 3447 1564 3510 attinet,
1597 3458 1717 3497 cum
1769 3457 1943 3513 quan-

348 3540 546 3594 tumvis
571 3539 804 3604 adnitar,
836 3538 998 3593 nullis
1022 3538 1199 3593 verbis
1220 3539 1523 3606 exprimere
1564 3536 1791 3599 valeam,
1823 3534 1943 3603 quis

350 3630 423 3683 illi
447 3631 656 3685 animus
674 3630 763 3694 sit,
789 3645 883 3699 per
905 3630 1139 3699 singulas
1189 3630 1347 3684 horas
1375 3627 1566 3697 capitis
1616 3626 1942 3695 supplicium

350 3722 730 3792 exSpectanti?
757 3722 863 3775 Aut
889 3721 1014 3790 quid
1065 3721 1266 3774 nostris
1301 3719 1481 3774 verbis
1510 3731 1647 3786 opus
1694 3723 1796 3778 est,
1825 3728 1945 3767 cum

352 3814 469 3883 ipse
495 3813 610 3867 hrec
654 3814 810 3868 nobis
841 3822 1104 3882 tamquam
1150 3812 1203 3865 in
1250 3811 1478 3880 imagine
1505 3809 1794 3880 depingat?
1822 3810 1946 3864 lleri

361 3918 591 3973 namque
614 3903 791 3957 missis
813 3902 878 3956 ad
912 3918 1031 3956 eum
1060 3903 1127 3957 ab
1157 3902 1485 3972 lmperatore
1508 3902 1594 3971 qui
1617 3905 1697 3958 vel
1722 3918 1815 3973 per
1841 3904 1947 3958 vim

357 3996 626 4049 hominem
660 3994 1032 4066 pertraherent
1060 4037 1075 4057 ,
1113 4011 1233 4050 cum
1263 3996 1329 4050 ad
1360 3995 1651 4050 sacrarium
1680 3995 1949 4066 confugis-

356 4098 438 4145 set
461 4087 556 4158 (a),
576 4089 742 4142 nihilo
767 4089 1064 4155 meliorem,
1089 4096 1146 4142 ut
1163 4103 1302 4142 nunc
1320 4103 1552 4159 quoque,
1577 4104 1734 4158 quam
1757 4089 1948 4143 mortui

357 4180 594 4235 colorem
646 4180 921 4234 obtinebat
955 4197 968 4230 :
1000 4190 1125 4235 tunc
1177 4180 1414 4234 dentium
1454 4179 1691 4247 stridor,
1752 4189 1953 4234 tremor

360 4272 525 4325 totius
552 4271 817 4340 corporis,
843 4285 944 4324 vox
972 4270 1284 4336 singultiens
1310 4280 1363 4324 et
1412 4270 1587 4340 lingua
1620 4271 1870 4333 titubans,
1899 4274 1950 4325 in

359 4377 565 4415 summa
617 4361 737 4415 talis
782 4360 1012 4425 habitus,
1045 4363 1253 4432 qualem
1283 4362 1564 4432 Oportebat
1593 4360 1791 4416 habere
1833 4363 1952 4415 ani-

361 4468 501 4507 mam
530 4468 648 4523 quae
677 4452 882 4520 lapidea
910 4461 1070 4507 esset.

434 4546 485 4599 ὅ.
514 4544 641 4599 “me
667 4545 787 4598 dico
834 4560 939 4598 non
985 4545 1343 4614 exprobrandi
1371 4559 1552 4612 causa,
1587 4560 1759 4615 neque
1785 4545 1953 4600 insul-

364 4644 482 4689 tans
502 4635 618 4704 ejus
643 4634 953 4701 infortunio,
976 4636 1073 4692 sed
1097 4647 1153 4690 nt
1180 4647 1412 4690 vestrum
1435 4637 1671 4691 animum
1695 4637 1951 4703 mollium,

363 4737 421 4783 et
450 4727 513 4783 ad
562 4728 1083 4784 commiserationcm
1120 4730 1423 4798 pertraham
1445 4771 1460 4795 ,
1492 4745 1663 4799 eoque
1709 4730 1953 4784 inducam

365 4829 424 4874 ut
465 4822 712 4889 praesenti
757 4819 993 4875 hominis
1036 4836 1190 4890 ptena
1247 4821 1318 4875 sit
1359 4830 1663 4875 contentus.
1692 4821 1955 4886 Quoniam

363 4913 507 4968 enim
530 4913 678 4967 multi
704 4922 828 4966 sunt
856 4928 886 4966 e
908 4914 1102 4967 nostris
1127 4911 1262 4966 adeo
1286 4910 1582 4977 inhumani,
1604 4920 1660 4965 ut
1681 4928 1778 4966 nos
1795 4912 1953 4967 etiam

363 5004 629 5070 incusent,
663 5004 754 5073 qui
780 5018 904 5058 eum
929 5004 1163 5057 sacrario
1197 5003 1588 5072 exceperimus,
1621 5003 1835 5057 illorum
1859 5003 1958 5057 du-

365 5097 544 5152 ritiem
574 5097 773 5151 nostris
814 5097 1153 5152 sermoliibus
1206 5097 1417 5151 mollire
1455 5096 1663 5160 volens,
1712 5098 1957 5153 miserias

366 5188 520 5243 istius
550 5189 792 5243 traduco.

437 5278 717 5349 Eutropius
742 5279 796 5332 in
817 5278 1096 5345 ecclesiam,
1113 5279 1262 5348 cujus
1282 5279 1645 5347 humanitate»:
1664 5279 1955 5347 violaverat,

365 5377 635 5443 confugere
658 5381 865 5425 coactus
892 5382 983 5426 est.
1016 5400 1087 5412 ——
1111 5370 1249 5438 Quid
1280 5372 1422 5424 enim
1454 5380 1556 5434 est,
1584 5386 1787 5441 quaeso,
1819 5370 1957 5425 dile—

365 5473 471 5530 cte,
521 5463 666 5534 quod
705 5462 923 5533 indigne
965 5461 1110 5517 fers?
1163 5463 1348 5528 Dices,
1397 5461 1529 5528 Quia
1574 5464 1625 5516 in
1675 5464 1956 5518 ecclesiam

429 5668 500 5727 ((ι)
536 5667 605 5717 Ad
631 5667 825 5716 literam
849 5666 1141 5718 vertendum
1168 5672 1320 5721 esset,
1347 5678 1457 5714 cum
1475 5663 1540 5714 ad
1554 5677 1698 5714 sacra
1721 5678 1835 5715 vasa
1850 5679 1961 5714 con-

365 5729 579 5790 fugisset.
604 5731 695 5779 Sed
721 5742 832 5793 qua:
857 5730 936 5793 hic
955 5742 1081 5793 man,
1108 5731 1213 5777 sive
1235 5741 1371 5776 sacra
1406 5740 1518 5793 vasa
1545 5728 1798 5793 dicuntur,
1826 5741 1958 5785 mox,

368 5789 489 5850 κιαι.
513 5794 619 5841 sive
653 5789 752 5840 ara’
775 5790 1167 5852 appellabuntur.
1203 5797 1379 5838 \erum
1410 5790 1476 5839 de
1509 5789 1582 5838 his
1615 5789 1784 5839 ultimo
1814 5797 1960 5840 't‘omo

366 5849 558 5912 agetur,
584 5854 664 5902 ubi
689 5853 755 5902 de
778 5849 1027 5917 disciplina
1052 5849 1401 5901 Ecciesiastica.

1729 400 1794 461 [Ν
1830 393 2240 457 EUTROPIUM.

3517 392 3619 448 395

2039 508 2298 580 Confugit,
2348 505 2439 577 qui
2478 518 2598 561 eam
2640 502 3003 561 indesinenter
3048 506 3412 578 unpugnabat.
3459 512 3618 580 Atqui

2030 602 2133 659 hoc
2162 600 2494 672 potissimum
2524 599 2741 657 nomine
2763 597 3142 671 gloriﬁcandus
3160 610 3275 654 erat
3295 599 3451 667 Deus,
3477 603 3621 672 quod

2028 695 2274 766 permisit
2301 709 2422 750 eum
2453 694 2505 749 in
2532 701 2676 748 tanta
2698 693 2947 748 constitui
2994 692 3332 758 necessitate,
3366 704 3502 750 utet
3529 711 3622 765 po-

2031 788 2247 841 tentiam
2278 786 2534 841 Ecclesiae
2556 793 2612 840 ct
2635 785 2971 841 clementiam
2990 783 3221 839 disceret
3250 801 3264 838 :
3298 785 3618 854 potentiam,

2030 891 2096 931 eo
2121 876 2263 947 quod
2290 876 2344 931 in
2374 884 2574 930 tantam
2597 875 2841 930 inciderit
2872 874 3220 929 mutationem
3252 875 3320 931 ob
3347 875 3483 930 bella
3504 892 3624 946 quae

2032 968 2131 1035 ipsi
2159 967 2412 1022 intulerat
2441 984 2454 1020 :
2487 966 2827 1022 clementiam
2867 980 3015 1032 vero,
3039 965 3181 1035 quod
3213 966 3384 1035 ipsum
3410 966 3626 1036 objecto

2033 1074 2170 1112 nunc
2200 1068 2353 1113 scuto
2380 1067 2641 1128 protegat,
2669 1067 2723 1113 et
2751 1058 2952 1112 alarum
2983 1057 3203 1113 obtentu
3233 1067 3467 1124 tueatur,
3498 1075 3626 1129 prm-

2035 1153 2414 1221 teritarumque
2439 1151 2750 1222 injuriarum
2790 1150 2971 1215 oblita,
3004 1149 3154 1205 sinus
3179 1151 3226 1205 ei
3258 1153 3627 1207 amantissime

2034 1244 2249 1315 pandat.
2275 1244 2389 1299 Hoc
2416 1244 2557 1299 enim
2586 1243 2773 1314 quovis
2802 1252 3003 1315 tropzeo
3043 1243 3392 1313 Splendidius,
3438 1246 3628 1315 quavis

2034 1338 2250 1391 victoria
2274 1336 2551 1400 illustrius,
2584 1335 2685 1391 hoc
2707 1335 2971 1397 ethnicos,
2999 1334 3101 1389 hoc
3144 1334 3357 1390 Judaeos
3407 1335 3626 1405 pudefa-

2033 1428 2124 1492 cit,
2158 1428 2259 1482 hoc
2285 1428 2640 1497 placiditatcm
2666 1425 2843 1481 vultus
2865 1428 2981 1496 ejus
3008 1435 3238 1481 ostentat
3270 1446 3282 1480 :
3315 1428 3455 1497 quod
3485 1427 3622 1482 hosti

2034 1523 2243 1590 captivo
2287 1533 2492 1591 parcat,
2523 1529 2576 1576 et
2603 1522 2670 1575 ab
2697 1520 2946 1574 omnibus
2992 1519 3261 1574 desertum
3290 1535 3352 1575 ac
3378 1530 3622 1575 contem-

2036 1623 2181 1682 ptmn
2200 1615 2311 1668 sola
2330 1624 2384 1666 ut
2401 1614 2763 1667 amantissima
2783 1621 2951 1667 mater
2976 1614 3087 1668 suis
3111 1613 3422 1667 velamentis
3445 1614 3626 1669 occul-

2038 1713 2129 1768 tet,
2154 1705 2494 1774 Imperatoris
2516 1705 2673 1759 simul
2707 1706 2799 1759 ira:
2825 1714 2879 1760 et
2909 1705 3228 1759 intolerabili
3252 1707 3428 1776 populi
3460 1704 3626 1761 furori

2036 1810 2099 1849 ac
2126 1795 2250 1850 odio
2280 1811 2338 1851 se
2371 1811 2648 1866 uppOnens
2681 1813 2694 1851 :
2722 1796 2821 1850 hoc
2852 1796 3024 1865 ipsum
3053 1805 3134 1850 est
3160 1798 3413 1852 eximium
3444 1799 3630 1854 altaris

2037 1896 2431 1942 ornamentum.
2462 1889 2637 1955 Dices,
2666 1887 2900 1942 Haecine
2927 1898 3321 1953 ornamentum,
3354 1891 3626 1945 hominem

2036 1979 2341 2045 scelestum,
2368 1995 2609 2044 avarum,
2635 1976 2902 2049 rapacem,
2926 1979 3091 2034 altare
3115 1981 3466 2052 contingere?
3488 1981 3631 2037 Cave

2039 2072 2162 2126 talia
2190 2072 2388 2127 dixeris
2419 2091 2432 2127 :
2464 2072 2895 2143 quandoquidem
2921 2082 2972 2126 et
2995 2074 3246 2127 meretrix
3277 2072 3439 2143 pedes
3463 2073 3631 2143 ipsius

2037 2164 2233 2218 Christi
2275 2164 2514 2234 contigit,
2563 2166 2762 2218 incesta
2801 2162 2890 2217 illa
2929 2175 2984 2217 et
3023 2163 3230 2233 impura
3265 2182 3278 2217 :
3313 2179 3411 2218 nec
3452 2173 3628 2219 tamen

2039 2253 2143 2310 hoc
2169 2255 2222 2309 in
2242 2255 2446 2310 crimen
2475 2255 2698 2309 Domino
2717 2253 2844 2311 Jesu
2872 2255 3052 2321 cessit,
3079 2254 3174 2309 sed
3198 2254 3252 2309 in
3279 2254 3485 2310 laudem
3519 2271 3632 2309 ma-

2038 2363 2194 2418 gnam
2221 2357 2275 2402 et
2306 2346 2754 2403 admirationem:
2782 2362 2954 2417 neque
3000 2347 3141 2401 cnim
3189 2362 3380 2417 purum
3426 2347 3635 2418 impura

2040 2439 2283 2505 oli‘endit,
2312 2438 2407 2493 sed
2438 2437 2722 2495 scelestam
2763 2437 3100 2493 meretricem
3132 2452 3293 2507 purus
3318 2446 3373 2492 et
3399 2437 3636 2508 inculpa-

2041 2530 2161 2585 bilis
2190 2546 2286 2585 suo
2311 2539 2558 2585 contactu
2588 2529 2903 2599 purificavit.
2938 2530 3077 2585 Cave
3106 2531 3418 2600 injuriarum
3448 2531 3636 2585 memi-

2041 2627 2204 2687 neris,
2234 2638 2268 2676 0
2296 2622 2473 2677 homo.
2503 2622 2752 2677 Crucilixi
2780 2622 2923 2676 illius
2951 2622 3089 2677 servi
3137 2637 3323 2677 sumus
3363 2623 3587 2678 dicentis
3620 2642 3633 2677 :

2043 2714 2261 2769 Remitte
2296 2716 2428 2782 illis,
2475 2733 2576 2770 non
2619 2716 2750 2769 enim
2781 2716 2943 2769 sciunt
2989 2714 3112 2785 quid
3140 2716 3335 2787 faciunt
3362 2715 3516 2787 (Luc.
3537 2716 3629 2771 2⁵5.

2045 2807 2155 2878 54).
2202 2808 2353 2862 Dices
2384 2826 2397 2861 :
2429 2810 2496 2861 At
2522 2808 2785 2877 prasclusit
2815 2809 2969 2878 hujus
2999 2809 3097 2864 loci
3131 2808 3387 2879 refugium
3435 2809 3637 2880 legibus

2043 2898 2274 2966 scriptis,
2323 2897 2514 2967 quibus
2555 2898 2655 2953 hoc
2700 2898 2904 2952 irritum
2946 2897 3121 2952 facere
3167 2910 3391 2954 conatus
3434 2910 3535 2955 est.
3565 2900 3636 2955 At

2046 3002 2185 3041 nunc
2233 2988 2407 3056 reipsa
2450 2987 2653 3052 didicit,
2702 2988 2859 3057 quale
2898 2987 2964 3041 sit
2986 2986 3127 3058 quod
3154 2987 3279 3042 fecit
3305 3007 3317 3042 :
3348 2998 3401 3043 et
3426 2999 3641 3045 suomet

2047 3078 2183 3133 facto
2214 3080 2380 3149 legem
2409 3095 2559 3134 suam
2603 3081 2802 3149 primus
2850 3080 3142 3151 abrogavit,
3174 3081 3343 3136 factus
3380 3082 3526 3137 orbis
3552 3093 3635 3139 to—

2048 3172 2150 3227 tius
2173 3173 2527 3241 spectaculum
2561 3189 2574 3228 :
2606 3182 2658 3227 et
2685 3174 2841 3227 sileat
2866 3173 3009 3237 licet,
3032 3189 3221 3229 omnes
3251 3182 3428 3231 tamen
3448 3173 3636 3228 admo-

2046 3276 2155 3329 net,
2190 3264 2367 3319 Nolite
2413 3264 2526 3318 haec
2557 3264 2753 3331 facere,
2786 3281 2853 3320 ne
2875 3267 3048 3335 qualia
3078 3281 3178 3335 ego
3204 3267 3499 3336 patiamini.
3531 3266 3638 3323 Sua

2047 3355 2349 3411 Calamitate
2378 3355 2512 3410 alios
2540 3355 2717 3419 docet,
2742 3367 2795 3410 et
2819 3357 2987 3411 altare
3020 3357 3120 3412 hoc
3147 3358 3261 3428 ipso
3285 3359 3553 3415 illustrem
3574 3376 3641 3416 ex

2048 3463 2107 3502 se
2132 3447 2473 3518 splendorem
2506 3448 2721 3514 emittit,
2755 3464 2818 3503 ac
2846 3449 2929 3503 vel
2957 3449 3079 3504 hinc
3107 3451 3445 3507 tremendum
3488 3453 3642 3509 vide-

2052 3554 2154 3611 tur,
2179 3544 2318 3615 quod
2352 3545 2557 3598 leonem
2592 3545 2821 3599 vinctum
2855 3544 3129 3599 contineat
3162 3563 3175 3600 :
3207 3547 3639 3617 quandoquidem

2050 3646 2105 3690 ct
2132 3637 2289 3707 regia:
2317 3635 2510 3706 cfﬁgiei
2540 3651 2643 3690 non
2674 3645 2876 3691 tantum
2913 3645 3131 3691 ornatus
3162 3652 3225 3692 ex
3255 3653 3321 3693 eo
3346 3639 3638 3709 conlingat,

2052 3730 2097 3783 si
2126 3729 2259 3783 solio
2293 3744 2383 3783 rex
2431 3727 2645 3782 sublimi
2694 3727 2880 3783 sedeat
2922 3738 3242 3798 purpuratus
3271 3739 3325 3784 et
3343 3729 3644 3786 diademate

2054 3821 2352 3885 redimitus,
2385 3831 2638 3891 quantum
2659 3820 2698 3874 si
2730 3820 2827 3875 sub
2855 3820 3079 3891 pedibus
3109 3836 3319 3891 quoilue
3344 3823 3504 3892 regiis
3523 3822 3648 3879 bar-

2053 3914 2167 3969 bari
2198 3913 2443 3968 manibus
2483 3924 2601 3983 post
2643 3922 2789 3984 terga
2824 3914 3080 3968 revinctis
3123 3914 3277 3983 proni
3315 3913 3545 3984 iaceant.
3580 3914 3647 3971 Et

2053 3996 2195 4068 quod
2223 3997 2401 4052 verbis
2425 4012 2533 4050 non
2555 3997 2624 4050 sit
2670 4010 2798 4052 USttS
2837 3996 2903 4050 ad
2948 3996 3375 4066 persuadendum
3427 4000 3645 4065 paratis,

2056 4099 2263 4146 vosmet
2309 4090 2646 4145 festinatione
2685 4098 2863 4145 vestra
2891 4106 2954 4145 ac
2991 4106 3253 4145 concursu
3299 4091 3648 4147 attestatnini.

2058 4185 2265 4238 Etenim
2300 4183 2611 4254 prreclarum
2636 4182 2795 4237 hodie
2824 4182 2979 4236 nobis
3003 4183 3363 4253 spectaculum
3389 4192 3442 4238 et
3465 4183 3649 4240 hilaris

2058 4286 2350 4331 conventus
2380 4276 2639 4346 contingit
2665 4295 2677 4331 :
2703 4291 2801 4331 nec
2829 4276 3090 4330 minorem
3120 4291 3261 4329 nunc
3288 4276 3444 4331 video
3471 4277 3649 4346 populi

2058 4369 2435 4439 frequentiam,
2454 4385 2611 4438 quam
2640 4369 2691 4423 in
2723 4384 2874 4423 sacra
2906 4368 3123 4423 Pasch-.0
3148 4369 3489 4423 celebritate:
3514 4368 3650 4422 adeo

2059 4459 2214 4515 exciti
2244 4458 2373 4513 estis
2405 4460 2556 4512 istius
2583 4459 2816 4525 silentio,
2841 4458 2980 4529 quod
3010 4458 3491 4528 impratsentiarum
3513 4474 3650 4528 quae

2061 4552 2140 4605 vis
2171 4551 2295 4605 tuba
2322 4551 2603 4605 clariorem
2630 4566 2819 4605 sonum
2865 4550 3079 4605 emittit.
3114 4550 3178 4603 Et
3201 4549 3433 4618 virgines
3481 4549 3649 4603 thala-

2063 4643 2183 4706 mis,
2217 4651 2269 4696 et
2297 4641 2544 4695 mulieres
2574 4639 2837 4712 gyuarceis
2866 4639 3111 4704 desertis,
3137 4648 3188 4691 ct
3215 4639 3312 4691 viri
3341 4637 3458 4693 foro
3483 4653 3651 4693 vacuo

2064 4735 2270 4795 relicto,
2304 4733 2534 4787 universi
2565 4732 2667 4786 huc
2691 4730 3057 4796 concurristis,
3090 4739 3145 4783 ut
3172 4730 3459 4785 humanam
3493 4741 3653 4787 natu-

2062 4842 2174 4880 ram
2206 4825 2407 4880 traduci
2432 4825 2698 4889 videretis,
2732 4834 2784 4877 et
2811 4823 3144 4877 saecularium
3174 4823 3508 4893 negotiorum
3532 4840 3650 4879 mo-

2065 4929 2403 4971 mentaneam
2432 4906 2839 4970 mutabilitatem
2887 4914 3083 4984 detegi,
3116 4914 3364 4984 illamque
3404 4915 3652 4969 meretri-

2062 5014 2199 5066 ciam
2260 5010 2447 5065 faciem
2510 5008 2624 5063 hcri
2665 5023 2729 5062 ac
2768 5006 2958 5062 nudius
3010 5008 3198 5061 tertius
3243 5005 3652 5077 praeclarissime

2064 5102 2434 5174 splendentem
2463 5100 2607 5168 (talis
2636 5099 2777 5154 enim
2808 5106 2892 5152 est
2917 5113 2981 5152 ex
3005 5098 3193 5153 alienis
3234 5098 3443 5168 injuriis
3488 5097 3656 5153 felici-
3730 5086 3737 5095 “

2067 5205 2168 5256 tas,
2200 5209 2317 5263 qua:
2345 5205 2536 5261 rugosa
2575 5190 2763 5260 quavis
2799 5190 3005 5243 anicula
3053 5189 3342 5244 deformior
3382 5188 3654 5260 apparet),

2067 5304 2243 5343 rerum
2295 5287 2584 5341 mutatione
2630 5295 2897 5354 tamquam
2937 5285 3155 5354 spongia
3177 5283 3403 5354 quadam
3434 5272 3654 5338 tectoria

2063 5380 2319 5448 focosque
2349 5376 2684 5431 abstersissc.

2137 5471 2191 5523 4.
2221 5468 2387 5522 Tanta
2434 5482 2626 5536 nempe
2668 5472 2754 5521 est
2796 5465 2952 5534 hujus
2997 5464 3268 5520 infortunii
3297 5466 3399 5529 vis,
3429 5480 3550 5535 qua:
3577 5465 3657 5520 vi-

2067 5578 2182 5617 rum
2216 5562 2419 5616 felicem
2438 5575 2501 5615 ac
2533 5560 2901 5632 cuiuspicuum,
2924 5575 3064 5613 nunc
3091 5560 3328 5614 omnium
3357 5558 3657 5629 abjectissi-

2069 5672 2212 5710 mum
2268 5653 2517 5709 reddidit.
2568 5652 2802 5708 lntroeat
2847 5651 2999 5706 dives
3036 5651 3262 5721 aliquis,
3308 5660 3363 5705 et
3410 5664 3655 5721 magnam

2068 5747 2348 5802 utilitatem
2382 5745 2637 5815 percipiet
2669 5760 2683 5797 :
2713 5743 2898 5798 videns
2929 5742 3071 5797 enim
3105 5752 3212 5798 tam
3257 5743 3404 5797 celso
3448 5740 3661 5811 fastigio

2070 5840 2344 5910 delapsum
2378 5854 2499 5894 eum
2543 5836 2632 5909 qui
2683 5845 2851 5892 totum
2901 5834 3084 5891 orbem
3128 5844 3258 5889 nutu
3317 5828 3661 5887 concutiebat
