4036 6374
479 304 583 361 395

474 433 538 471 ac
563 417 847 477 formidine
872 427 1222 488 contractum,
1248 424 1545 503 quavisque
1579 439 1708 480 rana
1737 435 1830 483 aut
1876 428 2062 500 lepore

475 508 822 579 timidiorem,
852 520 908 567 et
936 510 1140 584 absque
1163 513 1391 573 vinculis
1417 516 1679 581 columnae
1703 517 1827 574 huic
1853 519 2059 578 lueren-

473 607 613 667 tem,
647 609 701 655 et
726 601 842 660 vice
877 612 1079 659 catena:
1126 601 1315 667 timore
1348 604 1566 662 allixum
1616 618 2057 683 trementemque,

471 691 728 760 reprimet
772 696 1127 764 arrogantiam
1150 734 1169 764 ,
1194 692 1390 759 fastum
1424 706 1604 767 exuet,
1629 709 1682 755 et
1709 701 2059 761 consideratis

464 796 586 850 qua:
616 781 673 838 in
703 782 950 849 humanis
991 784 1203 840 casibus
1228 787 1616 844 consideranda
1643 798 1788 859 sunt,
1820 791 2065 850 discedet-

466 886 525 926 re
551 872 666 942 ipsa
694 873 904 943 doctus,
936 892 1056 949 qua:
1081 877 1369 950 Scriptura:
1396 897 1493 937 nos
1517 882 1710 940 docent
1737 901 1751 938 :
1779 888 1937 955 quale
1974 898 2057 945 est

466 962 593 1018 illud
621 981 635 1015 :
673 962 850 1019 Omnis
889 983 1008 1022 caro
1034 972 1247 1040 (mnum,
1278 982 1324 1025 et
1349 974 1531 1029 omnis.
1552 974 1715 1046 gloria
1758 977 1974 1033 hominis
1999 992 2054 1035 ut

464 1054 556 1120 (Ias
579 1055 701 1126 freni
727 1069 751 1110 :
776 1057 910 1110 aruit
929 1060 1143 1130 frenum,
1174 1070 1222 1115 et
1250 1062 1348 1131 ﬂos
1386 1064 1495 1133 ejus
1527 1064 1711 1120 decidit
1738 1066 1936 1138 (Hesai.
1959 1070 2050 1127 40.

462 1145 512 1198 6.
540 1147 594 1217 7)
625 1164 639 1200 :
673 1147 800 1203 item
841 1149 972 1204 illud
1007 1169 1020 1204 :
1049 1151 1194 1207 Sicut
1220 1159 1410 1225 foenum
1452 1159 1683 1213 velociter
1716 1172 1960 1231 arescent,
2003 1174 2051 1219 et

459 1236 584 1297 sicut
626 1237 764 1290 olera
811 1240 1079 1305 herbarum
1118 1245 1217 1298 cito
1265 1246 1492 1301 deciderit
1525 1246 1694 1319 (Psal.
1737 1251 1826 1307 '56.
1872 1253 1964 1326 2):
1996 1264 2050 1311 et

460 1326 715 1392 Quoniam
738 1331 864 1385 sicut
903 1333 1075 1402 fumus
1113 1335 1220 1391 dies
1244 1339 1354 1407 ejus
1386 1350 1504 1394 sunt
1533 1339 1702 1410 (Psal.
1736 1344 1858 1399 101.
1886 1346 1966 1416 4),
1993 1357 2047 1403 ct

458 1421 658 1491 reliqua
702 1423 917 1480 similia.
945 1427 1143 1483 Contra
1188 1446 1390 1502 pauper
1427 1433 1802 1506 introgressus,
1854 1448 1907 1494 et
1942 1439 2046 1495 hoc

453 1515 817 1581 Spectacnlum
864 1519 1314 1589 animadverteris,
1361 1537 1468 1578 non
1511 1524 1756 1596 displicet
1780 1528 1879 1583 sibi
1907 1529 2038 1599 ipse,

452 1617 626 1671 neque
673 1614 873 1660 sortem
925 1624 1075 1664 suam
1120 1609 1395 1682 deplorat;
1445 1616 1540 1671 sed
1584 1620 1781 1688 gratias
1822 1621 2042 1692 insuper

450 1699 748 1763 panpertati
781 1696 959 1764 habet,
992 1716 1109 1770 qua:
1136 1702 1236 1756 sibi
1264 1713 1317 1758 et
1342 1706 1473 1776 asyli
1504 1708 1618 1763 vice
1647 1710 1717 1764 sit
1765 1712 2033 1782 tutissimi,

448 1792 501 1839 et
539 1797 724 1855 portus
770 1791 1211 1861 tranquillissimi,
1266 1802 1322 1849 et
1360 1797 1499 1851 arcis
1542 1800 1911 1856 munitissima:
1944 1813 2038 1859 :et

430 1877 531 1932 .his
573 1878 723 1951 visis,
754 1882 798 1935 si
824 1881 981 1937 detur
1018 1885 1184 1954 optio,
1219 1887 1400 1943 mallet
1439 1892 1688 1958 praesenti
1728 1893 2035 1951 conditione

444 1976 727 2023 contentus
752 1984 890 2035 esse,
924 1988 1082 2043 quam
1110 1975 1350 2031 omnium
1382 1977 1724 2037 facultatibus
1764 1983 2035 2056 paulisper

443 2060 736 2128 occupatis,
769 2076 892 2116 mox
917 2064 970 2117 in
994 2067 1192 2136 proprii
1215 2069 1488 2139 sanguinis
1506 2071 1803 2140 periculum
1826 2076 2027 2132 venire.

444 2146 605 2205 Vides
618 2166 722 2207 non
744 2169 962 2223 parvam
980 2157 1255 2214 utilitatem
1274 2159 1526 2219 divitibus
1544 2174 1597 2219 et
1615 2167 1955 2236 pauperibus,
1977 2179 2032 2225 et

438 2241 599 2297 celsis
615 2252 670 2298 et
689 2243 1002 2317 humilibus,
1021 2250 1189 2305 servis
1206 2262 1259 2307 et
1274 2252 1539 2324 ingenuis,
1563 2272 1631 2311 ex
1654 2258 1754 2314 hoc
1775 2260 1924 2314 istius
1950 2277 2029 2317 re-

438 2330 583 2402 fugio
606 2343 815 2389 enatam
837 2339 996 2392 esse?
1014 2339 1162 2395 vides
1175 2348 1233 2395 ut
1250 2358 1369 2397 cum
1395 2346 1632 2401 remedio
1662 2350 1883 2419 quisque
1905 2351 2027 2408 hinc

438 2423 613 2491 abeat,
634 2424 790 2496 hujus
820 2428 897 2482 rei
922 2432 1227 2499 spectacqu
1243 2433 1463 2491 allectus
1488 2453 1682 2493 curans
1704 2443 1863 2495 suos?
1884 2442 2021 2500 Num

437 2514 595 2584 igitur
620 2516 822 2572 mollivi
855 2528 1060 2576 vestros
1088 2522 1315 2594 animos,
1347 2534 1439 2580 aut
1476 2527 1889 2599 indignationem
1921 2549 2018 2589 ex-

435 2604 580 2675 puli?
610 2623 737 2661 num
770 2608 1214 2667 inhumanitatem
1256 2615 1522 2673 exstinxi?
1552 2634 1677 2673 num
1702 2620 1767 2675 ad
1789 2624 2020 2678 commi-

431 2696 750 2763 serationem
778 2698 1013 2755 adduxi?
1038 2701 1299 2772 Equidem
1342 2705 1627 2764 adduxisse
1655 2726 1739 2765 me
1780 2713 1974 2781 opinor
2001 2734 2017 2772 :

429 2787 589 2857 idque
612 2805 677 2843 ex
705 2790 938 2846 vultibus
958 2794 1148 2849 vestris
1167 2811 1231 2851 ae
1250 2797 1500 2870 lacrymis
1526 2800 1739 2872 colligo.
1761 2803 2015 2870 Quando-

427 2879 642 2948 quidem
671 2882 826 2951 igitur
851 2893 997 2954 petra
1030 2885 1206 2941 eordis
1233 2890 1392 2943 vestri
1422 2889 1477 2944 in
1505 2891 1752 2961 pinguem
1782 2905 1835 2948 et
1863 2895 2013 2950 ferti-

426 2969 531 3024 lem
560 2985 742 3040 agrum
774 2988 924 3027 versa
952 2982 1053 3041 est,
1081 2990 1178 3047 age
1201 2977 1313 3047 jam
1344 2978 1571 3034 fructum
1610 2998 1821 3053 quoque
1851 2986 2012 3042 misc-

425 3062 667 3115 ricordia:
696 3062 1050 3133 proferentes,
1070 3068 1365 3139 uberesquc
1389 3072 1868 3130 commiscratiouis
1895 3078 2012 3149 spi-

421 3166 514 3207 cas
542 3169 650 3222 prae
677 3154 830 3210 nobis
858 3154 1111 3227 ferentes,
1142 3155 1552 3228 procumbamus
1595 3166 1906 3237 Imperatori
1937 3171 2006 3227 ad

419 3262 592 3319 genua
620 3262 635 3301 :
666 3248 748 3303 vel
774 3251 949 3320 potius
973 3251 1324 3322 deprecemur
1350 3256 1789 3328 benignissimum
1817 3263 2003 3328 Deum,

418 3350 478 3395 ut
508 3339 710 3395 molliat
734 3341 867 3396 iram
913 3342 1272 3414 Imperatoris,
1293 3356 1347 3403 et
1374 3364 1468 3404 cor
1490 3350 1567 3406 illi
1600 3361 1837 3409 tenerum
1877 3355 2005 3413 dare

417 3432 686 3503 dignetur,
715 3452 821 3506 quo
848 3436 986 3494 hanc
1013 3440 1236 3511 gratiam
1268 3442 1529 3514 integram
1560 3446 1627 3500 ab
1658 3447 1772 3516 ipso
1793 3448 2003 3505 auferre

416 3529 700 3594 possimus.
728 3529 847 3586 Jam
870 3533 1011 3587 enim
1040 3550 1107 3589 ex
1132 3535 1222 3589 illo
1245 3535 1333 3592 die
1355 3552 1461 3608 quo
1487 3539 1590 3597 huc
1616 3540 1853 3612 confugit
1876 3543 1998 3609 iste,

412 3633 517 3671 non
556 3634 718 3689 parva
755 3632 838 3676 est
864 3621 1002 3678 facta
1033 3627 1252 3682 mutatio
1282 3646 1295 3682 :
1327 3637 1605 3700 postquam
1636 3632 1778 3686 enim
1805 3648 2000 3703 cogno-

410 3708 485 3763 vit
516 3710 810 3780 Imperator
836 3729 957 3769 eum
986 3715 1050 3770 ad
1077 3718 1282 3788 asylum
1316 3719 1417 3776 hoc
1440 3735 1498 3777 se
1527 3724 1812 3793 recepisse,
1839 3726 1996 3781 afﬂu-

409 3809 534 3855 ente
560 3804 794 3858 exercitu
825 3815 879 3860 et
905 3808 1172 3864 concitato
1196 3810 1266 3865 ob
1289 3813 1403 3881 ejus
1428 3813 1669 3882 crimina,
1701 3816 1996 3887 deposcen-

408 3903 563 3962 teque
591 3894 861 3952 hominem
888 3898 955 3953 ad
985 3902 1323 3972 supplicium,
1348 3904 1559 3976 longam
1591 3906 1773 3962 habuit
1796 3910 1992 3964 oratio-

403 3998 548 4050 nem,
581 4003 683 4052 qua
708 3988 987 4044 militarem
1019 3992 1434 4064 indignationem
1464 4008 1858 4068 compesceret,
1887 4015 1988 4071 po—

400 4075 603 4129 stulans
620 4087 678 4131 ut
706 4094 810 4135 non
837 4080 1109 4151 culparum
1140 4086 1321 4152 modo,
1341 4087 1434 4143 sed
1461 4089 1622 4144 etiam
1649 4100 1791 4146 recte
1818 4094 1986 4147 facto-

401 4179 518 4219 rmn
550 4166 807 4222 rationem
839 4170 1098 4229 haberent
1127 4193 1140 4229 :
1173 4184 1232 4231 ut
1258 4178 1346 4247 qui
1378 4193 1473 4249 pro
1503 4178 1608 4234 illis
1634 4182 1855 4251 gratiam
1887 4181 1981 4236 ha—

398 4255 567 4320 beret,
599 4266 653 4312 et
681 4259 724 4312 si
753 4260 877 4330 quid
922 4277 1079 4319 secus
1120 4268 1421 4337 accidisset,
1470 4280 1736 4343 tamquam
1780 4273 1980 4330 homini

393 4345 777 4414 ignoscendum
820 4351 1062 4410 duceret.
1124 4355 1256 4412 Cum
1300 4370 1478 4415 autem
1537 4361 1613 4416 illi
1659 4362 1727 4441 de
1772 4364 1979 4436 integro

393 4447 647 4506 urgerent
674 4440 741 4495 ad
780 4442 1069 4515 vindictam
1100 4448 1211 4504 lmsi
1235 4450 1611 4521 Imperatoris,
1644 4440 1935 4512 clamantes
1959 4500 1973 4525 ,

390 4531 714 4599 exsilientes,
736 4534 804 4591 ad
824 4549 1050 4595 mortem
1071 4542 1443 4614 deposcentes,
1465 4546 1647 4603 hastas
1670 4549 1970 4605 vibrantes:

388 4628 500 4675 tum
515 4638 642 4678 vero
662 4623 837 4685 fontes
865 4629 1219 4704 lacrymarum
1251 4636 1679 4694 clementissimis
1705 4641 1815 4693 suis
1840 4655 1970 4693 ocn~

386 4709 453 4769 lis
479 4713 777 4787 effundens,
810 4731 865 4776 et
887 4738 1238 4784 sacrosancta:
1264 4745 1482 4797 mensae,
1514 4731 1579 4787 ad
1610 4747 1766 4801 quam
1789 4732 1970 4802 periu-

1192 305 1251 363 S.
1289 306 1569 369 JOANNIS
1604 311 2076 372 CHRYSOSTOMI
2116 319 2433 379 ARCHIEP.
2474 323 3007 389 CONSTANTINOP.

3655 350 3765 407 596

2167 446 2338 505 gerat,
2368 439 2677 511 religionem
2706 446 2811 505 illis
2859 449 3140 519 incutiens,
3183 470 3325 526 a‘gre
3369 460 3578 518 tandem
3623 464 3757 523 iram

2168 541 2352 582 eorum
2382 532 2604 588 sedavit.

2239 621 2293 677 5.
2325 622 2715 684 Admoveamus
2744 631 2903 702 igitur
2925 650 3022 690 nos
3046 652 3258 709 quoque
3283 657 3403 712 qua:
3428 660 3457 698 a
3482 646 3635 703 nobis
3657 650 3756 705 ad—

2166 708 2336 767 hiberi
2364 730 2460 784 par
2488 728 2588 773 est.
2627 720 2737 788 Qua
2768 724 2912 785 enim
2943 727 3042 798 ipsi
3067 708 3221 786 venia
3249 708 3394 806 digni
3424 740 3636 805 essetis,
3670 744 3711 797 si
3737 785 3753 808 ,

2165 801 2491 873 lmperatore
2521 814 2789 885 propriam
2828 816 3076 887 injuriam
3103 801 3439 883 condonante
3465 838 3517 884 et
3545 801 3747 898 oblito,

2162 909 2256 948 vos
2288 896 2417 951 nihil
2460 901 2561 956 tale
2599 905 2743 974 passi
2774 905 2828 961 in
2875 909 2955 964 ira
2980 911 3247 971 obstinato
3286 921 3619 987 pergeretis?
3657 896 3755 978 aut

2159 990 2430 1057 quomodo
2459 991 2559 1049 hoc
2590 1000 2895 1067 spectacqu
2935 1004 3112 1059 soluto
3157 1022 3489 1066 sacramenta
3533 1024 3749 1069 contre-

2158 1082 2398 1149 ctabitis,
2431 1094 2486 1141 et
2517 1091 2875 1155 precationem
2902 1095 3045 1152 illam
3072 1097 3281 1167 dicetis,
3310 1119 3412 1172 qua
3438 1121 3627 1176 rogare
3653 1109 3744 1177 ju-

2156 1170 2347 1230 bemur
2377 1178 2633 1236 :~Dimitte
2673 1185 2814 1239 nobis
2838 1187 2969 1242 sicut
3009 1200 3055 1243 et
3081 1208 3171 1246 nos
3211 1170 3530 1252 dimittimusv
3546 1199 3742 1253 debito—

2155 1263 2295 1319 ribus
2348 1272 2536 1325 nostris
2598 1273 2810 1340 (Matth.
2854 1277 2907 1332 6.
2953 1279 3080 1350 12),
3132 1283 3177 1338 si
3215 1299 3245 1339 a
3284 1284 3527 1342 debitore
3561 1300 3743 1345 vestro

2152 1368 2336 1423 poenas
2377 1361 2635 1431 exigatis?
2667 1364 2877 1436 Injuriis
2917 1386 3013 1424 vos
3042 1372 3176 1428 forte
3220 1378 3427 1446 magnis
3468 1378 3644 1435 affecit
3678 1397 3740 1439 ac

2150 1452 2532 1509 contumeliis?
2575 1456 2651 1511 Ne
2699 1475 2796 1515 nos
2839 1463 3054 1532 quidem
3096 1466 3235 1522 istud
3278 1470 3482 1526 inficias
3521 1473 3735 1529 ibimus.

2148 1539 2251 1595 Sed
2284 1559 2389 1598 non
2424 1548 2701 1606 tribunalis
2730 1562 2812 1608 est
2848 1571 3086 1625 prtesens
3127 1567 3366 1631 tempus,
3396 1565 3490 1619 sed
3522 1567 3735 1622 miseri-

2145 1634 2347 1691 cordia:
2385 1639 2563 1707 potius
2594 1660 2608 1697 :
2640 1658 2743 1698 non
2774 1649 3215 1718 repetundarum,
3244 1655 3337 1710 sed
3385 1655 3685 1714 clementia:
3717 1678 3732 1715 :

2145 1739 2250 1779 non
2287 1731 2571 1799 examinis,
2608 1734 2701 1790 sed
2742 1738 3150 1797 condonationis
3184 1760 3199 1803 :
3227 1760 3333 1800 non
3359 1747 3733 1819 sull‘ragiornm

2143 1832 2207 1872 ac
2234 1818 2560 1877 calculorum
2580 1866 2594 1890 ,
2627 1826 2720 1881 scd
2751 1830 3112 1887 miserationis
3151 1851 3213 1889 ac
3238 1838 3445 1906 gratiaz.
3469 1818 3547 1894 Ne
3573 1841 3733 1910 igitur

2140 1909 2261 1979 quis
2282 1921 2516 1968 vestrum
2547 1918 2889 1986 accendatur,
2916 1937 3052 1979 neve
3076 1940 3219 1995 mgre
3243 1925 3397 1995 ferat,
3431 1929 3524 1984 sed
3553 1909 3730 2000 potius

2139 2002 2479 2060 mitissimum
2509 2008 2676 2063 Deum
2718 2011 3102 2083 deprecemur,
3135 2029 3193 2072 ut
3218 2034 3313 2074 reo
3351 2021 3513 2075 vitam
3539 2038 3729 2093 proro-

2137 2101 2247 2162 get,
2278 2110 2510 2167 cumque
2537 2114 2601 2153 ex
2633 2100 2974 2171 impendente
3000 2106 3145 2162 crede
3178 2110 3388 2181 eripiat,
3415 2121 3474 2175 ut
3503 2113 3615 2182 ipse
3636 2129 3727 2168 er-

2136 2195 2250 2239 rata
2290 2201 2385 2241 sua
2418 2189 2651 2260 corrigat
2681 2209 2695 2245 :
2727 2201 2780 2247 et
2819 2198 3089 2252 communi
3118 2213 3280 2268 Opera
3327 2202 3727 2273 interpellemus

2134 2277 2618 2338 clementissimum
2651 2283 3029 2355 Imperatorem
3065 2307 3160 2359 pro
3186 2292 3426 2351 Ecclesia
3448 2304 3502 2350 et
3529 2298 3721 2363 altari,

2134 2385 2298 2423 unum
2349 2368 2620 2429 hominem
2668 2389 3024 2435 sacrosancta:
3071 2397 3271 2438 mensa:
3317 2385 3506 2442 donari
3563 2389 3723 2446 obse~

2132 2468 2365 2516 crantes.
2392 2460 2544 2529 Quod
2574 2464 2618 2519 si
2649 2464 2955 2535 fecerimus,
2985 2479 3039 2525 et
3070 2472 3381 2542 Imperatori
3409 2487 3615 2548 gratum
3643 2480 3720 2534 fa-

2129 2549 2355 2618 ciemus,
2386 2562 2441 2607 et
2486 2553 2634 2611 Deus
2661 2557 2807 2627 prius
2832 2575 2990 2630 quam
3039 2562 3336 2634 Imperator
3377 2568 3574 2624 factum
3617 2587 3717 2626 no-

2127 2651 2295 2697 strum
2324 2646 2661 2714 approbabit,
2694 2664 3048 2722 magnamque
3078 2656 3231 2711 nobis
3270 2657 3427 2729 hujus
3468 2660 3717 2718 humani-

2127 2734 2250 2786 tatis
2294 2737 2597 2792 mercedem
2640 2743 2919 2798 retribuet.
2962 2744 3112 2801 Sicut
3153 2750 3296 2803 enim
3346 2754 3615 2808 crudelem
3658 2768 3713 2811 et

2124 2823 2473 2881 inhumanum
2507 2842 2787 2886 aversatur
2815 2843 2867 2889 et
2905 2835 3020 2890 odit
3051 2854 3065 2891 :
3098 2839 3171 2893 ita
3214 2841 3616 2901 misericordem
3655 2858 3712 2901 et

2122 2912 2414 2973 humanum
2456 2922 2796 2991 amplectitur
2835 2935 2891 2981 et
2934 2937 3121 2985 amat:
3166 2932 3345 3003 eique,
3385 2937 3499 2991 sive
3531 2938 3708 3007 justus

2120 3007 2210 3072 sit,
2257 3008 2648 3079 Splendidiores
2704 3014 2888 3085 plectit
2934 3033 3202 3085 coronas;
3255 3014 3370 3079 sive
3422 3038 3703 3099 peccator,

2120 3109 2337 3166 peccata
2378 3102 2496 3171 ejus
2540 3103 2859 3176 dissimulat,
2903 3113 3385 3172 commiscratiouis
3420 3133 3543 3189 erga
3570 3135 3703 3179 con-

2115 3204 2331 3246 servum
2361 3194 2612 3249 talionem
2643 3196 2717 3252 illi
2746 3200 3050 3256 retribuens
3075 3219 3093 3259 :
3124 3203 3529 3264 Misericordiam
3558 3213 3697 3278 uolo=

2114 3281 2308 3354 inquit,
2360 3296 2407 3340 et
2445 3303 2547 3342 non
2589 3291 2899 3361 sacri/icium
2945 3294 3099 3366 (Osee
3150 3297 3202 3353 6.
3248 3300 3342 3369 6);
3371 3310 3424 3355 et
3451 3318 3549 3372 per
3578 3305 3695 3358 uni-

2114 3388 2325 3433 versam
2354 3376 2686 3451 Scripturam
2712 3383 2862 3440 vides
2889 3400 3011 3440 eum
3033 3402 3246 3458 semper
3272 3391 3373 3447 hoc
3402 3396 3695 3463 requirere,

2110 3474 2269 3537 atque
2288 3467 2427 3526 hanc
2442 3487 2561 3528 esse
2582 3474 2761 3530 dicere
2784 3486 3125 3546 peccatorum
3152 3483 3438 3539 medelam.
3466 3486 3695 3543 Proinde

2112 3573 2209 3613 uos
2250 3575 2463 3633 quoque
2500 3564 2567 3619 ad
2609 3565 2752 3622 hunc
2799 3569 3014 3624 modum
3052 3572 3201 3627 illum
3244 3578 3531 3647 propitium
3572 3580 3695 3636 red-

2106 3648 2318 3718 demus,
2347 3652 2425 3707 sic
2453 3665 2668 3725 peccata
2690 3668 2877 3717 nostra
2907 3661 3254 3733 redimemus,
3287 3668 3365 3723 sic
3394 3668 3690 3727 Ecclesiam

2106 3743 2456 3812 ornabimus,
2506 3748 2585 3802 sic
2637 3758 2690 3804 et
2739 3746 3038 3822 Imperator
3094 3755 3578 3829 clementis~imus,
3634 3773 3691 3819 nt

2102 3832 2235 3898 dixi,
2266 3851 2366 3891 nos
2409 3838 2685 3897 laudabit:
2713 3842 2783 3899 ita
2813 3843 2903 3897 fiet
2933 3854 2989 3900 ut
3032 3848 3312 3905 universus
3340 3854 3569 3923 populus
3592 3872 3689 3909 no-
3782 3892 3793 3901 -

2099 3922 2183 3977 his
2208 3926 2518 3994 applaudat,
2549 3942 2603 3985 et
2652 3946 2820 4003 usque
2845 3935 2911 3990 ad
2958 3936 3092 3993 fmes
3126 3941 3271 3994 orbis
3316 3922 3471 3998 terra:
3500 3944 3685 4001 huma-

2098 4019 2279 4074 nitatis
2309 4030 2364 4074 et
2393 4023 2694 4080 clementia:
2723 4038 2921 4087 nostrae
2951 4029 3088 4085 fama
3127 4033 3460 4104 celebretur,
3489 4048 3544 4092 et
3583 4039 3683 4095 hoc

2096 4125 2371 4182 Comperto
2394 4115 2587 4185 ubique
2615 4128 2875 4174 terrarum
2897 4122 3056 4178 laude
3081 4124 3396 4184 afficiantur.
3430 4130 3499 4187 Ut
3525 4133 3682 4201 igitur

2096 4206 2287 4261 talibus
2315 4207 2472 4264 bonis
2498 4208 2601 4264 frui
2635 4213 2941 4283 contingat,
2978 4218 3315 4287 procidamus
3359 4223 3425 4278 ad
3463 4240 3631 4295 genua
3660 4267 3675 4291 ,

2091 4297 2459 4367 obtestemur,
2532 4301 2885 4373 deprecemur
2950 4323 2963 4359 :
3014 4311 3304 4379 eripiamus
3349 4330 3380 4368 e
3425 4318 3676 4384 periculis

2090 4390 2379 4459 captivum,
2431 4393 2733 4464 profugum,
2786 4399 3105 4469 supplicem,
3145 4412 3202 4457 ut
3244 4413 3299 4459 et
3342 4405 3439 4475 ipsi
3495 4405 3670 4463 futura

2087 4482 2223 4536 bona
2273 4499 2702 4563 consequamur,
2760 4493 2929 4576 gratia
2983 4504 3038 4548 et
3086 4495 3413 4568 benignitate
3463 4502 3668 4556 Domini

2086 4574 2255 4628 nostri
2282 4573 2411 4630 Jcsu
2455 4576 2675 4645 Christi,
2718 4573 2801 4635 cui
2840 4583 3005 4652 gloria
3047 4598 3100 4640 et
3128 4587 3411 4658 imperium
3454 4608 3592 4647 nunc
3613 4604 3668 4649 et

2085 4681 2296 4737 semper
2326 4681 2378 4724 et
2410 4670 2460 4724 in
2488 4673 2680 4727 saecula
2707 4676 3045 4733 saiculorum.
3076 4682 3268 4736 Amen.

380 4839 3069 4883 Μ

1804 4956 2271 5028 ΗΟΜΠᾸΑ

378 5103 510 5155 CUM
537 5105 744 5159 EXTBA
778 5110 1119 5165 ECCLESIAM
1151 5110 1597 5166 DEPREHENSUS
1644 5122 1992 5165 EUTROPIUS
2024 5125 2346 5170 ABBEI’TUS
2374 5130 2545 5173 FUIT.
2579 5134 2661 5176 DE
2692 5136 2998 5183 PARADISO
3026 5139 3141 5183 SEU
3178 5142 3415 5200 HORTO,
3454 5145 3534 5187 ΕΤ
3579 5147 3655 5188 D8

514 5203 925 5267 SCRIPTURIS;
970 5214 1179 5267 ATQUE
1224 5218 1289 5261 IN
1331 5220 1544 5277 ILLUD,
1592 5223 1888 5267 ADSTITIT
1929 5223 2165 5268 REGINA
2208 5227 2248 5269 Α
2290 5228 2565 5278 DEXTRIS
2609 5236 2752 5289 τως
2801 5220 3027 5302 (Psal.
3072 5223 3174 5284 Ut.
3208 5227 3327 5308 10)
3377 5226 3491 5313 (a).

441 5466 491 5520 I.
531 5465 781 5527 Lectionis
826 5471 1213 5544 Scripturarum
1250 5479 1470 5536 utilitas.
1502 5515 1572 5525 —
1606 5487 1782 5542 Suave
1832 5503 1952 5557 pra-

367 5561 501 5622 tum,
539 5562 718 5619 suavis
762 5573 845 5618 est
874 5563 1085 5632 hortus,
1112 5577 1169 5622 at
1205 5569 1363 5640 longe
1391 5577 1605 5631 suavior
1652 5580 1949 5639 divinarum

426 5668 497 5752 te)
518 5670 704 5752 foliata
729 5688 837 5752 eum
856 5682 977 5752 3155.
995 5686 1112 5752 fteg.
1163 5681 1299 5743 I935,
1323 5684 1461 5746 1963,
1491 5689 1627 5752 1965,
1648 5693 1790 5745 ests.
1816 5699 1943 5751 'ritu~

372 5734 474 5784 Iutn
499 5736 672 5785 damus
699 5753 726 5786 υ
753 5737 904 5789 Savil.
933 5749 985 5793 et
1011 5734 1124 5798 mss.

1966 5346 2073 5402 EE

2062 5484 2458 5554 Seripturarum
2484 5489 2661 5547 lectio.
2693 5495 2801 5549 Illic
2821 5498 3017 5568 quippe
3045 5517 3438 5565 marcescentes
3466 5512 3647 5579 ﬂores,

2072 5369 2265 5383 *ι--ι-

2065 5576 2150 5631 hic
2177 5581 2458 5635 sententia:
2485 5584 2674 5639 vivida:
2713 5603 2726 5640 :
2754 5588 2864 5643 illic
2893 5592 3157 5665 zephyrus
3184 5599 3374 5669 spirat,
3406 5604 3492 5659 hic
3516 5622 3643 5662 aura

2057 5669 2331 5738 Spiritus:
2377 5674 2488 5729 illic
2533 5677 2702 5745 spina:
2752 5683 2996 5753 sepiuut,
3047 5688 3134 5744 hic
3164 5694 3498 5760 providentia
3552 5702 3642 5756 Dei

2051 5769 2251 5816 tutatur
2282 5778 2297 5818 ξ
2331 5764 2438 5819 illic
2467 5767 2663 5824 cicadae
2700 5776 2986 5845 cantitant,
3023 5778 3106 5837 hic
3143 5785 3419 5855 prephetze
3450 5792 3640 5846 modu-
