4036 6384
303 370 404 433 595

310 493 489 568 μένον,
520 491 619 546 καὶ
647 490 862 561 λαγωοῦ
891 493 983 547 καὶ
1021 492 1293 565 βατράχου
1324 492 1622 562 δειλότερον
1667 507 1894 562 γεγενη-

314 582 493 654 μένον,
527 580 624 634 καὶ
654 579 824 652 χωρὶς
871 580 1086 652 δεσμῶν
1110 580 1189 652 τῷ
1238 580 1376 635 κίονι
1401 579 1576 652 τούτῳ
1608 578 1895 652 προσηλω-

318 671 499 742 μένον,
534 669 631 723 καὶ
659 669 783 721 ἀντὶ
804 668 1049 733 ἁλύσεως
1073 669 1149 740 τῷ
1188 668 1340 739 φόϐῳ
1371 668 1892 739 περισφιγγόμενον,

316 762 410 815 καὶ
446 758 744 822 δεδοικότα,
775 760 870 812 καὶ
898 759 1191 831 τρέμοντα,
1237 757 1593 812 καταστέλλει
1642 757 1741 828 τὴν
1770 754 1900 825 φλεο

314 847 545 919 γμονὴν,
564 845 823 918 καθαιρεῖ
838 844 899 898 τὸ
923 845 1173 916 φύσημα,
1207 846 1301 899 καὶ
1330 844 1698 914 φιλοσοφήσας
1737 842 1773 897 ὃ.
1792 840 1897 915 χρὴ

312 934 446 1003 περὶ
472 932 583 986 τῶν
612 931 970 1003 ἀνθρωπίνων
998 931 1329 1001 φιλοσοφεῖν,
1375 930 1549 992 οὕτως
1589 929 1828 992 ἄπεισιν,
1862 927 1899 981 ἃ

310 1021 399 1075 διὰ
444 1022 707 1092 ῥημάτων
758 1020 1008 1088 λέγουσιν
1052 1022 1107 1073 αἱ
1168 1020 1404 1090 Γραφαὶ,
1454 1017 1631 1072 ταῦτα
1663 1017 1751 1070 διὰ
1790 1016 1898 1070 τῶν

317 1110 661 1178 πραγμάτων
691 1107 977 1178 μανθάνων
996 1124 1011 1138 θ
1047 1107 1131 1160 ὅτι
1157 1105 1335 1161 Πᾶσα
1361 1104 1519 1173 σὰρξ
1554 1101 1901 1173 χόρτος-,καὶ

318 1194 492 1248 πᾶσα
538 1194 687 1259 δόξα
729 1194 1044 1263 ἀνθρώπου
1088 1193 1170 1258 ὡς
1215 1192 1398 1258 ἄνθος
1431 1192 1651 1261 χόρτου
1672 1208 1686 1221 ·
1731 1190 1828 1243 καὶ
1867 1192 1900 1243 ὁ

319 1280 539 1349 χόρτος
573 1279 898 1352 ἐξηράνθη,
937 1280 1036 1333 καί
1066 1278 1133 1332 τὸ
1161 1278 1345 1343 ἄνθος
1395 1277 1718 1341 ἐξέπεσεν·
1766 1269 1898 1338 οἷον,

210 1390 215 1400 ·
330 1367 491 1425 Ὡσεί
520 1369 734 1436 χόρτος
764 1366 917 1435 ταχὺ
957 1365 1586 1435 ὰποξηρανθήσονται,
1626 1361 1727 1415 καὶ
1757 1362 1900 1415 ὡσεί

315 1454 560 1522 λάχανα
573 1456 761 1524 χλόης
777 1453 928 1524 ταχὺ
949 1452 1405 1507 ἀποπεσοῦιταιο
1421 1451 1497 1504 ὅτι
1512 1448 1666 1505 Ὦσεὶ
1678 1449 1905 1515 καπνὸς

317 1549 375 1599 al
406 1543 611 1613 ἡμέραι
640 1543 844 1610 αὐτοῦ,
894 1540 987 1593 καὶ
1020 1540 1122 1592 ὅσα
1150 1536 1395 1593 τοιαῦτα,
1444 1537 1614 1591 Πάλιν
1660 1539 1688 1589 6
1730 1535 1903 1604 πένης

319 1626 602 1691 εἰσελθὼν,
629 1628 723 1680 καὶ
753 1629 891 1697 πρὸς
926 1629 1024 1699 τὴν
1044 1628 1169 1697 ὄψιν
1191 1626 1398 1698 ταύτην
1432 1625 1577 1688 ἰδὼν,
1619 1625 1720 1678 οὑκ
1749 1623 1902 1688 ἐξευ-

318 1713 519 1779 τελίζει
552 1714 767 1779 ἑαυτὸν,
800 1715 920 1768 οὐδὲ
949 1715 1201 1768 ὀδυνᾶται
1219 1714 1306 1768 διὰ
1325 1714 1423 1783 τὴν
1451 1711 1741 1783 πτωχείαν⁸
1767 1710 1905 1765 ἀλλὰ

318 1802 416 1856 καὶ
464 1804 624 1874 χάριν
666 1797 773 1855 οἶδε
808 1804 875 1873 τῇ
910 1803 1092 1874 πενίᾳ,
1140 1802 1223 1855 ὅτι
1273 1801 1472 1872 χωρίον
1503 1800 1653 1870 αὑτῷ
1684 1799 1906 1868 γέγονεν

318 1891 517 1945 ἄσυλον
547 1890 639 1943 καὶ
656 1889 822 1961 λιμὴν
848 1889 1179 1961 ἀκύμαντος,
1208 1891 1302 1943 καὶ
1326 1891 1506 1960 τεῖχος
1522 1887 1781 1957 ἀσφαλές-⁸
1813 1887 1907 1940 καὶ

322 1978 580 2041 πολλάκις
609 1977 674 2031 ἂν
700 1978 874 2032 ἕλοιτο
894 1977 1066 2031 ταῦτα
1098 1978 1240 2049 ὁρῶν
1275 1978 1478 2048 μένειν,
1517 1975 1645 2028 ἔνθα
1676 1974 1845 2038 ἐστὶν,
1871 1975 1904 2046 ἢ

321 2066 461 2137 πρὸς
492 2065 666 2137 βραχὺ
698 2064 769 2120 τά
812 2064 1031 2119 πάντων
1078 2064 1283 2129 λαϐὼν,
1339 2064 1565 2135 ὕστερον
1620 2063 1714 2116 καὶ
1768 2062 1907 2134 ὑπὲρ

320 2153 553 2223 αἵματος
570 2153 900 2207 κινδυνεύειν
917 2152 1110 2206 ἑαυτοῦ
1122 2192 1134 2205 .
1159 2153 1322 2223 Ὁρᾷς
1335 2152 1409 2216 ὠς
1426 2151 1483 2203 οὐ
1505 2149 1698 2220 μικρὸν
1720 2149 1908 2219 κέρδος

319 2240 515 2308 γέγονε
537 2240 631 2291 καὶ
666 2239 963 2305 πλουσίοις,
999 2240 1095 2292 καὶ
1119 2239 1336 2309 πένησι,
1381 2238 1473 2291 καὶ
1495 2239 1793 2301 ταπεινοῖς,
1815 2237 1909 2288 καὶ

321 2326 568 2397 ὑψηλοῖς,
600 2326 693 2378 καὶ
718 2325 946 2392 δούλοις,
986 2326 1076 2380 καὶ
1098 2325 1402 2396 ἐλευθέροις
1423 2324 1530 2376 ἀπὸ
1555 2323 1655 2393 τῆς
1678 2323 1909 2376 ἐνταῦθα

319 2414 514 2469 τούτου
537 2415 858 2486 καταφυγῆς
876 2431 890 2479 ;
907 2416 1037 2486 ὁρᾷς
1057 2413 1174 2477 πῶς
1190 2414 1421 2475 ἕκαστος
1439 2411 1707 2483 φάρμακα
1728 2410 1909 2464 λαϐὼν

323 2500 574 2555 ἐντεῦθεν
602 2500 842 2569 ἄπεισιν,
870 2501 978 2554 ἀπὸ
1017 2501 1115 2571 τῆς
1149 2499 1325 2570 ὅψεως
1370 2499 1575 2570 ταύτης
1620 2500 1788 2570 μόνης
1823 2498 1910 2551 θε-

323 2592 733 2662 ραπευόμενος;
786 2587 937 2662 τΑρα
985 2590 1232 2659 ἐμάλαξα
1266 2589 1419 2661 ὑμῶν
1476 2590 1537 2642 τὸ
1574 2589 1766 2653 πάθος,
1815 2589 1910 2643 καὶ

322 2680 578 2745 ἐξέὸαλον
611 2682 815 2751 ὀργήν;
848 2676 956 2752 ἆρα
1002 2680 1202 2735 ἔσϐεσα
1226 2679 1323 2750 τὴν
1346 2678 1772 2750 ἀπανθρωπίαν;
1799 2674 1909 2749 ἆρα

323 2769 406 2830 είς
440 2767 786 2837 συμπάθειαν
834 2768 1079 2838 ήγαγον;
1117 2766 1331 2836 Σφόδρα
1371 2765 1546 2834 ἔγωγε
1595 2761 1769 2835 οἶμαι,
1814 2766 1910 2820 καὶ

321 2854 475 2945 δηλοῖ
502 2854 570 2908 τά
599 2854 889 2926 πρόσωπα,
904 2854 998 2907 καὶ
1019 2854 1075 2906 αί
1107 2853 1213 2907 τῶν
1244 2853 1494 2925 δακρύων
1531 2853 1719 2924 πηγαί.
1760 2852 1912 2906 Ἐπεὶ

323 2940 431 2998 οὖν
477 2944 605 3015 ὑμῖν
652 2944 686 3013 ή
746 2942 924 3013 πέτρα
971 2942 1163 3011 γέγονε
1216 2941 1525 3012 βαθύγειος,
1569 2943 1663 2998 καὶ
1707 2940 1912 3011 λιπαρά

325 3032 503 3104 χώρα,
536 3031 666 3103 φέρε
698 3030 763 3101 δὴ
794 3030 888 3083 καὶ
916 3028 1127 3100 καρπόν
1164 3028 1538 3101 ὲλεημοσύνης
1567 3029 1908 3101 βλαστήσαν-

326 3141 441 3189 τες,
472 3124 567 3176 καὶ
607 3122 700 3175 τὸν
733 3121 934 3191 στάχυν
966 3120 1221 3190 κομῶντα
1260 3121 1360 3191 τῆς
1390 3120 1735 3190 συμπαθείας
1791 3121 1912 3172 ἐπι-

325 3212 657 3281 δειξάμενοι,
690 3210 1088 3281 προσπέσωμεν
1115 3208 1192 3280 τῷ
1226 3208 1459 3279 βασιλεῖ,
1486 3208 1687 3280 μᾶλλον
1723 3208 1781 3261 δὲ
1813 3225 1916 3262 πασ-

331 3300 724 3372 ρακαλέσωμεν
776 3299 868 3352 τὸν
918 3299 1301 3370 φιλάνθρωπον
1345 3298 1501 3365 Θεὸν,
1540 3296 1775 3370 μαλάξαι
1826 3297 1921 3351 τὸν

329 3387 504 3459 θυμὸν
538 3387 634 3440 τοῦ
669 3387 953 3458 βασιλέως,
984 3386 1077 3441 καὶ
1119 3386 1332 3458 ἁπαλὴν
1366 3385 1529 3441 αὑτοῦ
1558 3386 1783 3457 ποιῆσαι
1818 3386 1918 3455 τὴν

330 3475 582 3546 καρδίαν,
611 3473 753 3527 ὥστε
786 3473 1078 3545 ὀλόκληρον
1107 3475 1240 3546 ήμῖν
1272 3474 1454 3528 δοῦναι
1473 3474 1570 3545 τὴν
1596 3475 1776 3545 χάριν.
1813 3472 1920 3525 Καὶ

331 3559 486 3633 [585]
520 3562 619 3632 ἤδη
652 3561 877 3632 μὲνγὰρ
899 3561 1005 3614 ἀπὸ
1035 3562 1132 3631 τῆς
1162 3561 1377 3632 ἡμέρας
1411 3561 1645 3632 ἐκείνης,
1672 3556 1739 3633 ἧς
1767 3551 1920 3622 οὗτος

332 3649 637 3717 κατέφυγεν
680 3648 936 3712 ἐνταῦθα,
972 3649 1032 3702 ού
1076 3648 1247 3723 μικρά
1277 3649 1500 3717 γέγονεν
1532 3652 1564 3719 ή
1609 3648 1877 3720 μεταϐολή
1902 3663 1915 3677 ·

333 3735 522 3806 ἐπειδὴ
554 3735 663 3806 γάρ
702 3738 730 3788 6
770 3735 1023 3805 βασιλεὺς
1054 3736 1215 3803 ἔγνω,
1252 3736 1333 3788 ὅτι
1364 3739 1443 3799 είς
1460 3736 1520 3788 τὸ
1546 3735 1743 3789 ἄσυλον
1763 3734 1921 3787 τοῦτο

334 3824 534 3894 χωρίον
577 3823 906 3895 κατέδραμε,
948 3822 1039 3878 τοῦ
1087 3822 1453 3895 στρατοπέδου
1503 3823 1793 3895 παρόντος,
1827 3822 1921 3881 καὶ

334 3910 774 3981 παροξυνομένου
817 3910 957 3980 ὑπὲρ
1001 3909 1110 3963 τῶν
1145 3909 1293 3981 αύτῷ
1343 3909 1918 3981 πεπλημμελημένων,

337 4000 433 4052 καὶ
478 4001 558 4062 εἰς
597 3999 812 4070 σφαγὴν
845 3999 1007 4052 αὑτὸν
1050 3997 1364 4064 αἰτούντων,
1413 3986 1621 4069 μα’κρὸν
1667 3998 1920 4051 ἀπέτεινε

335 4087 515 4155 λόγον,
555 4087 646 4139 τὸν
680 4086 1069 4157 στρατιωτικὸν
1112 4086 1490 4140 καταστέλλων
1528 4086 1718 4156 θυμὸν.
1756 4084 1922 4152 ἀξιῶν

339 4176 418 4245 μὴ
458 4174 525 4226 τὰ
553 4174 930 4245 ἁμαρτήματα
965 4174 1144 4243 μόνον,
1170 4174 1307 4229 ἀλλά
1335 4174 1430 4229 καὶ
1470 4176 1523 4227 εί
1554 4192 1604 4226 τι
1642 4174 1792 4245 αύτῷ
1828 4173 1923 4242 γέ-

270 4256 275 4259 ’
336 4278 461 4330 γονε
501 4261 853 4331 κατόρθωμα,
884 4261 980 4315 καὶ
1010 4261 1167 4315 τοῦτο
1191 4261 1522 4330 λογίζεσθαι,
1559 4263 1786 4325 καὶτοῖς
1824 4262 1923 4332 μὲν

338 4349 536 4402 εἰδέναι
566 4348 727 4419 χάριν
750 4347 1051 4418 ὁμολογῶν,
1081 4347 1223 4420 ὑπὲρ
1253 4348 1310 4402 δέ
1336 4349 1442 4401 τῶν
1465 4349 1664 4420 ἑτέρως
1692 4349 1923 4419 ἐχόντων

337 4437 416 4502 ὡς
444 4435 717 4508 ἀνθρώπῳ
751 4444 1163 4506 συγγινώσκων.
1207 4439 1294 4500 Ὠς
1333 4437 1389 4490 δὲ
1433 4439 1715 4491 ἐπέκειντο
1763 4437 1925 4492 πάλιν

340 4527 422 4589 είς
458 4524 697 4578 ἐκδικίαν
738 4525 830 4578 τοῦ
865 4525 1192 4597 ὑϐρισμένου
1217 4525 1500 4596 βασιλέως,
1538 4524 1787 4595 βοῶντες,

338 4610 559 4678 δῶντες,
591 4611 818 4666 θανάτου
877 4612 1241 4682 μεμνημένοι,
1277 4612 1372 4664 καὶ
1405 4610 1474 4663 τά
1514 4611 1712 4678 δόρατα
1753 4610 1924 4663 σείον-

340 4714 454 4762 τες,
486 4697 669 4767 πηγὰς
694 4688 881 4753 λοιπὸν
905 4699 1064 4768 ἀφεὶς
1089 4699 1340 4770 δακρύων
1362 4699 1470 4752 ἀπὸ
1497 4697 1605 4751 τῶν
1636 4697 1925 4769 ἡμερωτά-

341 4801 451 4837 των
494 4784 808 4856 ὀφθαλμῶν,
843 4786 937 4839 ml
969 4786 1286 4857 ἀναμνήσας
1314 4786 1412 4854 τῆς
1452 4788 1602 4857 ἱερᾶς
1627 4784 1924 4856 τραπέζης,

342 4872 425 4934 εἰς
457 4872 524 4941 ἣν
549 4872 878 4942 κατέφυγεν,
911 4873 1054 4925 οὕτω
1079 4872 1177 4943 τήν
1209 4874 1378 4944 ὀργὴν
1412 4873 1746 4926 κατέπαυσε.

843 375 1133 434 HOMILIA
1169 377 1260 433 DE
1297 376 1526 434 CAPTO
1564 372 1910 432 ΕυΤιιοΡιο

2016 372 2052 428 Τ
2089 374 2181 428 DE
2221 376 2636 435 DlVlTIARlJM
2678 379 3050 437 VANITATE.

3474 382 3581 438 596

2067 498 2128 546 ε’.
2158 494 2304 566 Πλὴν
2323 494 2457 550 ἀλλά
2479 495 2573 549 καὶ
2588 498 2750 567 ἡμεῖς
2764 498 2836 550 τά
2852 495 2983 566 παρ’
3001 492 3208 548 ἑαυτῶν
3233 492 3578 565 προσθῶμεν.

1998 576 2156 643 Τίνος
2178 581 2286 653 γάρ
2314 581 2379 635 ἂν
2400 578 2499 654 ἦτε
2544 584 2876 654 συγγνώμης
2916 582 3078 651 ἄξιοι,
3115 583 3164 634 εί
3191 580 3284 633 τοῦ
3317 580 3585 651 βασιλέως

1997 666 2092 719 τοῦ
2119 667 2448 739 ὑϐρισμένου
2486 668 2563 741 μὴ
2599 668 3085 741 μνησικακοῦντος,
3123 669 3281 739 ὑμεῖς
3321 669 3371 720 οί
3417 668 3584 738 μηδὲν

1998 753 2236 811 τοιοῦτον
2262 755 2522 822 παθόντες
2552 758 2818 826 τοσαύτην
2836 758 3004 828 ὀργὴν
3026 756 3371 822 ἐπεδείξασθε
3386 768 3409 796 ³
3429 773 3443 819 ;
3467 756 3585 819 πῶς

1999 843 2058 899 δὲ
2097 843 2192 897 τοῦ
2235 843 2470 915 θεάτρου
2512 845 2702 899 τούτου
2746 844 3021 908 λυθέντος,
3068 845 3224 914 ὑμεῖς
3270 844 3586 914 μυστηρίων

2004 930 2227 1000 ἆψεσθε,
2258 933 2353 985 καὶ
2382 932 2481 1003 τὴν
2508 931 2672 1002 εὐχὴν
2692 932 2867 1004 ἐρεῖτε
2907 932 3142 1002 ἐκείνην,
3176 931 3244 984 δι’
3276 926 3343 1002 ἦς
3369 930 3585 984 κελευό-

2005 1016 2148 1088 μεθα
2182 1016 2361 1087 λέγειν
2381 1037 2395 1049 ⁸
2430 1019 2607 1089 Ἄφες
2653 1017 2794 1087 ἡμῖν
2840 1016 3035 1084 καθὼς
3063 1017 3162 1071 καί
3216 1016 3390 1085 ἡμεῖς
3420 1017 3587 1085 ἀφίε-

1994 1105 2248 1175 μεντοῐς
2269 1106 2604 1175 ὀφειλέταις
2624 1103 2814 1175 ἡμῶν,
2836 1105 2928 1159 τὸν
2945 1104 3100 1175 ὑμῶν
3121 1104 3404 1173 ὀφειλέτην
3416 1103 3585 1157 ἀπαι-

1999 1192 2216 1255 τοῦντες
2258 1192 2446 1262 δίκην;
2496 1189 2746 1264 Ἦδίκησε
2795 1190 3005 1263 μεγάλα
3035 1191 3130 1245 καὶ
3162 1190 3415 1261 ὑϐρισενς
3450 1186 3587 1242 Οὐδὲ

2001 1280 2162 1351 ἡμεῖς
2195 1280 2549 1352 ἀντεροῦμεν.
2586 1280 2726 1334 Ἀλλ’
2754 1281 2816 1334 οὑ
2844 1280 3195 1351 δικαστηρίου
3237 1279 3425 1350 καιρὸς
3468 1278 3585 1341 νῦν,

2002 1366 2117 1419 ἀλλ’
2147 1368 2363 1433 ἐλέους·
2405 1370 2504 1422 οὐκ
2548 1370 2799 1440 εὐθύνης,
2837 1369 2975 1423 ἀλλὰ
3018 1368 3459 1439 φιλανθρωπίας·
3487 1367 3586 1418 οὐκ

2002 1454 2320 1519 ἐξετάσεως,
2347 1456 2485 1510 ἀλλά
2519 1459 2946 1528 συγχωρήσεως’
2981 1457 3042 1509 οὐ
3075 1456 3258 1527 ψήφου
3291 1454 3386 1508 καὶ
3409 1452 3586 1522 δίκης,

2002 1542 2139 1595 ἀλλά
2178 1543 2397 1615 οἴκτρου
2433 1546 2527 1598 καὶ
2562 1546 2802 1615 χάριτος.
2845 1544 2938 1616 Μὴ
2981 1543 3160 1597 τοίνυν
3208 1540 3590 1612 φλεγμαινέτω

2003 1650 2108 1698 τις,
2146 1633 2281 1703 μηδὲ
2319 1634 2739 1704 δυσχεραινέτω,
2787 1633 2923 1687 ἀλλά
2956 1633 3155 1704 μᾶλλον
3185 1631 3465 1702 δεηθῶμεν
3494 1626 3588 1681 τοῦ

2015 1720 2395 1790 φιλανθρώπου
2434 1720 2591 1785 Θεοῦ,
2625 1721 2808 1774 δοῦναι
2846 1719 2994 1790 αὑτῷ
3035 1718 3376 1790 προθεσμίαν
3419 1716 3589 1786 ζωῆς,

2012 1810 2107 1864 καὶ
2130 1811 2226 1881 τῆς
2250 1809 2650 1879 ἀπειλουμένης
2676 1808 2981 1880 ἐξαρπάσαι
3014 1809 3248 1877 σφαγῆς,
3276 1806 3415 1858 ὥστε
3431 1803 3594 1857 αὐτὸν

2010 1897 2468 1953 ἀποδύσασθαιτά
2499 1897 3027 1969 πεπλημμελημένα,
3051 1896 3144 1949 καὶ
3173 1894 3325 1964 κοινῇ
3362 1893 3592 1963 προσέλ-

2011 1986 2194 2056 θωμεν
2244 1985 2321 2055 τῷ
2356 1984 2723 2056 φιλανθρώπῳ
2771 1983 2999 2054 βασιλεῖ,
3034 1982 3174 2052 ὑπὲρ
3226 1981 3324 2050 τῆς
3367 1978 3594 2046 Ἑκκλη-
3634 1994 3653 2005 ε

2013 2074 2153 2136 σίας,
2182 2072 2323 2145 ὑπὲρ
2360 2072 2453 2126 τοῦ
2487 2072 2893 2144 θυσιαστηρίου.
2917 2071 3014 2124 ἕνα
3039 2069 3206 2140 ἀνδρα
3234 2071 3300 2139 τῇ
3344 2064 3594 2137 τραπέζῃ

2010 2162 2076 2232 τῇ
2110 2160 2234 2231 ἱερᾷ
2264 2159 2602 2232 χαρισθῆναι
2637 2157 3099 2229 παρακαλοῦντες.
3131 2157 3228 2208 Ἂν
3250 2157 3409 2207 τοῦτο
3434 2152 3592 2221 ποιή·

2013 2263 2217 2316 σωμεν,
2246 2247 2339 2305 καὶ
2368 2246 2529 2309 αὐτὸς
2568 2247 2596 2299 6
2630 2244 2883 2314 βασιλεὺς
2915 2243 3258 2311 ἀποδέξεται,
3283 2240 3380 2295 καὶ
3409 2242 3437 2293 6
3463 2239 3594 2302 Θεὸς

2011 2333 2119 2403 πρὸ
2146 2332 2239 2387 τοῦ
2272 2332 2537 2403 βασιλέως
2563 2334 2929 2399 ἐπαινέσεται,
2952 2332 3045 2384 καὶ
3069 2329 3312 2400 μεγάλην
3335 2328 3465 2398 ἡμῖν
3493 2324 3595 2392 τῆς

2013 2418 2422 2491 φιλανθρωπίας
2466 2419 2735 2474 ἀποδώσει
2785 2418 2883 2491 τὴν
2918 2417 3175 2490 ἀμοιϐήν.
3229 2415 3442 2484 Ὠσπερ
3486 2412 3595 2482 γὰρ

2011 2508 2102 2562 τὸν
2131 2508 2283 2579 ὠμὸν
2328 2507 2423 2562 καὶ
2468 2508 2834 2580 ἀπάνθρωπον
2870 2506 3270 2577 ἀποστρέφεται
3300 2501 3393 2556 καὶ
3427 2502 3591 2572 μισεῖ,

2011 2594 2154 2649 οὕτω
2196 2595 2286 2649 τὸν
2317 2596 2584 2667 ἐλεήμονα
2618 2596 2711 2649 καὶ
2758 2594 3138 2666 φιλάνθρωπον
3181 2589 3461 2663 προσίεται
3503 2586 3598 2639 καὶ

2014 2683 2189 2752 φιλεῖ·
2223 2682 2324 2737 κᾶν
2358 2684 2456 2755 μὲν
2507 2683 2707 2746 δίκαιος
2733 2684 2761 2734 ὁ
2788 2680 3029 2744 τοιοῦτος
3081 2675 3139 2753 ᾗ,
3186 2676 3598 2748 λαμπροτέρους

2013 2771 2162 2841 αύτῷ
2194 2771 2381 2824 πλέκει
2411 2771 2539 2833 τοὺς
2578 2771 2874 2840 στεφάνους
2895 2787 2908 2800 ·
2936 2769 3001 2822 ἂν
3039 2768 3096 2821 δὲ
3125 2765 3466 2837 ἁμαρτωλὸς,
3492 2779 3599 2814 παο

2016 2860 2267 2930 ρατρέχει
2304 2860 2371 2913 τά
2408 2859 2802 2930 ἁμαρτήματα,
2833 2857 2934 2927 τῆς
2989 2857 3123 2926 πρὸς
3169 2854 3260 2907 τὸν
3311 2850 3601 2924 ὁμόδουλον

2020 2947 2360 3017 συμπαθείας
2388 2947 2623 3018 ἀμοιϐὴν
2639 2945 2785 3016 αὑτῷ
2806 2946 3009 3016 ταύτην
3034 2941 3317 3004 ἀποδιδούς
3337 2984 3350 2996 .
3379 2942 3601 2996 Ἕλεον

2010 3039 2141 3106 γὰρ,
2168 3036 2323 3106 φησι,
2351 3035 2525 3101 θέλω,
2557 3034 2656 3088 καὶ
2677 3037 2747 3088 οὐ
2774 3034 2999 3087 θυσίαν
3026 3049 3040 3063 ·
3070 3031 3165 3085 καὶ
3196 3028 3473 3099 πανταχοῦ
3492 3027 3601 3080 τῶν

2011 3126 2244 3197 Γραφῶν
2276 3126 2410 3197 ὁρᾷς
2447 3125 2609 3179 αὐτὸν
2635 3124 2793 3177 τοῦτο
2820 3124 2906 3177 ἀεὶ
2938 3120 3323 3192 ἐπιζητοῦντα,
3359 3120 3453 3174 καὶ
3473 3116 3602 3170 ταύ-

2012 3232 2109 3284 την
2141 3212 2294 3266 λύσιν
2338 3212 2447 3266 τῶν
2500 3211 2918 3283 ἁμαρτημάτων
2965 3206 3106 3267 εἶναι
3159 3208 3405 3276 λέγοντα.
3448 3204 3604 3259 Οὕτω

2012 3300 2190 3357 τοίνυν
2222 3301 2384 3355 αὑτὸν
2413 3301 2508 3354 καὶ
2536 3302 2698 3371 ἡμεῖς
2725 3300 2882 3352 ἵλεων
2910 3296 3261 3369 ἐργασόμεθα
3280 3297 3329 3360 ι),
3370 3293 3511 3347 οὕτω
3535 3292 3605 3345 τὰ

2009 3378 2263 3459 ¹ἡμέτερα
2295 3387 2620 3458 διαλύσομεν
2654 3387 3125 3457 πλημμελήματα,
3178 3383 3321 3437 οὕτω
3352 3383 3449 3453 τὴν
3491 3382 3606 3433 Ἐκ-

2022 3475 2248 3545 κλησίαν
2284 3476 2654 3546 κοσμήσομεν,
2692 3473 2834 3527 οὕτω
2865 3475 2959 3528 καὶ
2990 3473 3244 3545 βασιλεὺς
3267 3474 3415 3542 ἡμᾶς
3460 3472 3487 3524 6
3518 3486 3604 3538 φι-

2020 3562 2336 3634 λάνθρωπος
2366 3563 2737 3627 ἐπαινέσεται,
2769 3562 3023 3631 καθάπερ
3048 3561 3219 3631 ἔφθην
3271 3559 3462 3621 είπὼν,
3507 3557 3605 3611 καὶ

2023 3653 2171 3714 ἆπας
2202 3654 2230 3704 ὁ
2258 3650 2427 3721 δῆμος
2452 3651 2728 3721 κροτήσει,
2746 3649 2841 3703 καὶ
2868 3648 2935 3701 τὰ
2965 3648 3176 3720 πέρατα
3206 3646 3307 3716 τῆς
3351 3644 3607 3713 οίκουμέ·

2021 3753 2119 3806 νης
2146 3736 2207 3788 τὸ
2231 3734 2611 3804 φιλάνθρωπον
2644 3733 2738 3786 καὶ
2765 3734 2972 3804 ἥμερον
3024 3733 3123 3801 τῆς
3157 3730 3366 3792 πόλεως
3394 3728 3606 3798 θαυμά-

2025 3839 2195 3891 σεται,
2227 3822 2321 3877 καὶ
2352 3822 2614 3893 μαθόντες
2656 3823 2707 3874 οί
2758 3818 3032 3889 πανταχοῦ
3073 3819 3171 3889 τῆς
3210 3816 3359 3888 [586]
3399 3816 3504 3885 γῆς
3537 3815 3607 3868 τά

2022 3911 2286 3982 γενόμενα
2312 3908 2639 3980 κηρύξουσιν
2690 3910 2856 3979 ἡμᾶς.
2905 3910 3019 3961 Ἵνα
3070 3902 3164 3960 οὖν
3211 3903 3608 3974 ἀπολαύσωμεν

2022 4001 2132 4054 τῶν
2160 3998 2430 4052 τοσούτων
2457 3997 2702 4067 ἀγαθῶν,
2742 3995 3167 4068 προσπέσωμεν,
3209 3991 3608 4064 παρακαλέσω-

2027 4106 2148 4160 μεν,
2176 4086 2477 4158 δεηθῶμεν,
2518 4085 2918 4154 ἐξαρπάσωμεν
2953 4081 3045 4135 τοῦ
3087 4080 3333 4134 κινδύνου
3363 4079 3454 4133 τὸν
3488 4078 3610 4147 αἰχ-

2028 4178 2296 4249 μάλωτον,
2322 4176 2412 4229 τὸν
2443 4174 2678 4244 φυγάδα,
2708 4173 2799 4227 τὸν
2832 4172 3033 4241 ἱκέτην,
3068 4172 3156 4225 ἵνα
3192 4169 3286 4222 καὶ
3311 4167 3465 4222 αὐτοὶ
3499 4165 3612 4220 τῶν

2029 4264 2331 4336 μελλόντων
2365 4261 2586 4331 ἀγαθῶν
2642 4261 3010 4333 ὲπιτύχωμεν,
3055 4262 3238 4330 χάριτι
3276 4257 3369 4311 καὶ
3419 4255 3611 4325 φιλαν-

2027 4352 2243 4424 θρωπίᾳ
2294 4351 2389 4403 τοῦ
2412 4351 2617 4420 Κυρίου
2646 4349 2803 4421 ἡμῶν
2834 4348 3008 4419 Ἰησοῦ
3048 4345 3308 4419 Χριστοῦ,
3335 4338 3378 4409 ᾧ
3414 4347 3449 4414 ὴ
3485 4342 3612 4408 δόξα

2026 4441 2123 4495 καὶ
2171 4440 2232 4493 τὸ
2275 4439 2495 4510 κράτος,
2520 4438 2616 4492 νῦν
2642 4439 2737 4492 καὶ
2770 4437 2876 4505 ἀεὶ,
2909 4438 3001 4490 καὶ
3029 4436 3105 4498 εἰς
3141 4436 3263 4497 τοὺς
3290 4429 3613 4493 αἰῶναςτῶν

2027 4527 2257 4583 αἰώνων.
2307 4528 2362 4579 Ἀ
2372 4527 2496 4596 μήν.

2098 4754 2123 4784 ⁸
2145 4752 2226 4800 Sic
2252 4750 2403 4799 Savil.
2425 4748 2619 4797 Solarce
2649 4747 2819 4795 Morel.
2847 4750 2900 4793 et
2942 4739 3105 4791 Montf.
3134 4739 3436 4796 ἑπιδείξησθε.
3480 4736 3615 4785 Em.

2096 4815 2125 4855 1)
2158 4814 2244 4862 Ms.
2290 4814 2415 4874 Reg:
2460 4810 2823 4874 ἐργασώμεθά...
2868 4805 3225 4874 διαλύσωμεν...
3271 4801 3613 4874 κοσμήΙσωιιεν.

2034 4878 2209 4928 Morel.
2234 4882 2288 4923 et.
2307 4864 2456 4924 Saﬁil.
2487 4864 2875 4934 ’ἐργασόμεθαηυ
2915 4864 3258 4928 διαλύσομεν...
3284 4864 3611 4926 κοσμήσομεν.

351 5052 3607 5089 _______________________________________________________._

1822 5233 2221 5321 OMIAIA

344 5374 489 5429 Ὅτε
519 5371 616 5442 τῆς
650 5374 987 5441 ἐκκλησίας
1020 5371 1136 5440 ἕξω
1158 5373 1420 5441 εἰφεθείς
1471 5375 1799 5441 Εὐτρόπιος
1828 5370 2218 5437 ἀπεσπάσθη,
2270 5372 2365 5442 καί
2399 5368 2530 5442 {rapi
2559 5366 2931 5435 παραδείσου
2962 5363 3063 5419 καί
3099 5365 3377 5433 Γραφῶν,
3406 5362 3502 5416 καί
3531 5363 3625 5431 εἷς

1226 5439 1316 5509 τὸ,
1360 5463 1378 5495 ι
1414 5439 1688 5513 Παρέστη
1719 5448 1756 5514 ἠ
1779 5439 2133 5510 ,βασίλισσα
2162 5443 2229 5496 ἐκ
2261 5439 2476 5505 δεξιῶν
2506 5455 2642 5492 σου.
2680 5455 2696 5486 ι

419 5642 488 5689 α’.
516 5635 710 5700 Ἦδὺςει
734 5636 834 5705 μὲν
855 5634 1060 5706 λειμὼν
1080 5635 1175 5688 καὶ
1200 5635 1547 5707 παράδεισος,
1568 5638 1703 5692 πολὺ
1723 5639 1777 5693 δὲ
1800 5642 1932 5710 ήδύ-
2041 5648 2191 5699 ἐστιν
2228 5641 2362 5713 ἄνθη
2409 5638 2799 5712 μαραινόμενα,
2828 5636 3059 5691 ἐνταῦθα
3090 5636 3145 5688 δὲ
3173 5637 3414 5705 νοήματα
3451 5636 3622 5705 ἀκμά-

343 5740 507 5797 τιρον
528 5722 634 5778 τῶν
661 5724 821 5779 θείων
841 5722 1072 5794 Γραφῶν
1100 5724 1133 5792 ἡ
1166 5723 1490 5791 ἀνάγνωσις.
1529 5725 1677 5777 Ἐκεῖ
1697 5726 1795 5795 μὲν
1827 5729 1932 5802 γάρ
2044 5732 2233 5797 ζοντασ
2264 5731 2381 5782 ἐκεῖ
2415 5728 2648 5799 ζέφυρος
2698 5727 2892 5791 πνέων,
2933 5723 3165 5777 ἐνταῦθα
3207 5725 3263 5777 δὲ
3306 5725 3626 5795 ΙΙνεύματος

413 5827 442 5858 ⁸
463 5824 617 5878 Savil.
643 5835 697 5878 et
714 5838 844 5875 unus
866 5823 972 5874 cod.
995 5823 1102 5882 ἡδύ.
1127 5820 1809 5889 \‘idetomihujusl‘rwf.§?jc.
1830 5818 1848 5867 l
1867 5818 1903 5867 ί.

2046 5818 2188 5883 αὖρα
2208 5835 2219 5848 ·
2262 5819 2378 5871 ἐκεῖ
2403 5816 2634 5873 ἄκανθαι
2672 5816 2725 5869 αἱ
2760 5813 3114 5886 τειχίζουσαι,
3148 5811 3379 5865 ἐνταῦθα
3407 5812 3465 5867 δὲ
3492 5815 3623 5885 πρά·
