4036 6380
386 397 490 454 307

385 528 500 566 νοια
550 511 684 565 Θεοῦ
735 511 768 582 ἡ
817 509 1255 579 ἀσφαλιξομένη’
1286 508 1402 561 ἐκεῖ
1427 506 1668 574 τέττιγες
1716 503 1952 576 ᾅδοντες,

385 597 621 652 ἐνταῦθα
668 596 724 649 δὲ
773 597 1047 667 προφῆται
1077 592 1423 656 κελαδοῦντες
1445 610 1458 623 ·
1491 594 1607 645 ἐκεῖ
1633 591 1823 661 τέρψις
1851 588 1959 643 ἀπὸ

382 682 485 753 τῆς
511 683 709 752 ὅψεως,
729 682 960 735 ἐνταῦθα
982 681 1037 733 δὲ
1066 681 1302 749 ὠφέλεια
1322 681 1431 733 ἀπὸ
1455 680 1555 749 τῆς
1576 676 1954 741 ἀναγνώσεως.

396 769 455 821 '0
490 769 814 840 παράδεισος
848 769 903 819 ἐν
931 768 1011 820 ἐνὶ
1037 768 1236 837 χωρίῳ,
1278 768 1333 819 αί
1359 765 1416 818 δέ
1444 765 1655 837 Γραφαὶ
1682 760 1954 831 πανταχοῦ

383 854 482 923 τῆς
510 856 830 924 οἰκουμένης
850 870 862 883 ⁸
889 855 917 906 6
943 855 1268 925 παράδεισος
1291 852 1527 906 δουλεύει
1565 850 1769 921 καιρῶν
1792 849 1958 915 ἀνάγ-

383 960 531 1007 καις,
563 945 615 995 αί
645 943 700 994 δέ
747 943 957 1011 Γραφαὶ
994 943 1089 995 καὶ
1119 945 1177 995 ἐν
1202 942 1430 1013 χειμῶνι
1460 942 1554 994 καὶ
1591 942 1649 992 ἐν
1691 938 1838 1010 θέρει
1865 955 1956 990 κο-

388 1028 529 1099 μῶσι
558 1031 669 1090 τοῖς
713 1028 952 1097 φύλλοις,
985 1029 1226 1098 βρίθουσι
1251 1032 1363 1091 τοῖς
1386 1031 1635 1098 καρποῖς.
1671 1025 1956 1095 Προσέχω-

385 1130 486 1184 μεν
524 1115 701 1167 τοίνυν
740 1118 804 1185 τῇ
850 1114 957 1166 τῶν
986 1114 1218 1183 Γραφῶν
1258 1114 1557 1182 ἀναγνώσει
1580 1133 1592 1146 ·
1619 1115 1713 1167 ἐάν
1744 1111 1851 1183 γὰρ
1886 1114 1951 1182 τῇ

382 1200 569 1273 Γραφῇ
595 1203 886 1274 προσέχῃς,
921 1202 1170 1255 ἐκϐάλλει
1194 1219 1286 1255 σου
1317 1201 1413 1271 τὴν
1444 1201 1700 1271 ἀθυμίαν,
1734 1200 1952 1269 φυτεύει

382 1306 477 1342 σου
504 1289 603 1360 τὴν
646 1290 857 1359 ἡδονὴν,
898 1291 1108 1360 ἀναιρεῖ
1137 1290 1235 1359 τὴν
1269 1289 1486 1351 κακίαν,
1524 1288 1663 1360 ριζοί
1694 1288 1791 1357 τὴν
1820 1287 1952 1358 ἀρε-

380 1376 499 1447 τὴν,
534 1377 634 1429 οὐκ
660 1375 883 1445 ἀφίησιν
906 1378 962 1429 ἐν
998 1376 1210 1447 θορύϐῳ
1234 1376 1572 1448 πραγμάτων
1598 1375 1662 1427 τὰ
1683 1374 1791 1426 τῶν
1821 1373 1951 1426 κλυ-

380 1462 748 1531 δωνιζομένων
780 1462 1027 1532 πάσχειν.
1072 1464 1135 1515 Ἢ
1177 1462 1421 1516 θάλασσα
1469 1462 1739 1533 μαίνεται,
1792 1461 1855 1513 σὺ
1893 1460 1951 1512 δὲ

382 1547 521 1615 μετά
553 1548 794 1619 γαλήνης
843 1548 1061 1610 πλέεις·
1108 1549 1252 1619 ἔχεις
1300 1550 1411 1619 γὰρ
1457 1549 1793 1620 κυϐερνήτην
1842 1547 1952 1599 τῶν

381 1634 611 1704 Γραφῶν
642 1638 738 1704 τλν
791 1636 1120 1702 ἀνάγνωσιν·
1169 1636 1326 1688 τοῦτο
1373 1635 1483 1707 γὰρ
1524 1636 1586 1688 τὸ
1630 1635 1858 1706 σχοινίον
1889 1636 1950 1687 ού

379 1719 732 1791 διαῤῥήγνυσι
762 1722 869 1773 τῶν
907 1722 1245 1792 πραγμάτων
1284 1723 1313 1774 6
1353 1723 1677 1792 πειρασμός.
1714 1723 1822 1775 Καὶ
1867 1724 1950 1774 ὅτι

379 1810 438 1861 οὐ
472 1809 755 1879 ψεύδομαι,
783 1815 1051 1881 μαρτυρεῖ
1073 1811 1141 1863 τὰ
1170 1811 1469 1883 πράγματα
1493 1813 1648 1866 αύτά.
1677 1811 1952 1880 Ἐπολιορ-

380 1895 577 1965 κὴθηή
653 1895 918 1969 ἐκκλησία
947 1897 1052 1967 πρὸ
1090 1898 1284 1965 ὀλίγων
1323 1899 1575 1969 ἡμερῶν·
1615 1894 1744 1969 ἦλθε
1787 1915 1955 1967 στρα-

377 1979 619 2042 τόπεδον,
649 1982 743 2034 καὶ
777 1981 886 2051 πῦρ
916 1983 1026 2035 ἀπὸ
1069 1983 1177 2036 τῶν
1209 1982 1505 2053 ὀφθαλμῶν
1538 1985 1709 2053 ἠφίει,
1733 1985 1827 2037 καί
1858 1984 1952 2054 τὴν

378 2064 560 2120 ἐλαίαν
586 2066 685 2119 ούκ
736 2068 1008 2137 ἐμάρανε⁸
1046 2068 1170 2139 ξίφη
1229 2069 1598 2139 γεγύμνωντο,
1652 2070 1745 2123 καὶ
1795 2069 1955 2140 τραύ-

378 2169 524 2226 ματα
553 2153 723 2217 οὐδεὶς
753 2156 997 2221 ἐδέξατο’
1031 2159 1088 2209 αί
1135 2158 1409 2226 βασιλικαὶ
1443 2157 1606 2210 πύλαι
1635 2159 1693 2211 ἐν
1722 2149 1947 2229 ἀγωνία,

378 2241 528 2309 καὶὴ
596 2242 858 2312 ἐκκλησία
901 2245 958 2294 ἐν
998 2244 1292 2315 ἀσφαλείᾳο
1328 2245 1500 2299 καίτοι
1539 2262 1602 2313 γε
1644 2247 1673 2299 ό
1719 2246 1952 2316 πόλεμος

378 2325 609 2380 ἐνταῦθα
630 2327 908 2399 ἐῤῥευσεν.
951 2330 1211 2383 Ἐνταῦθα
1235 2332 1342 2403 γὰρ
1369 2332 1611 2402 ἐζητεῖτο
1648 2333 1677 2383 ὁ
1707 2349 1950 2401 καταφυ-

378 2413 512 2481 γὼν,
533 2414 626 2467 καὶ
649 2416 1033 2487 παριστάμεθα
1060 2418 1133 2487 μὴ
1169 2418 1462 2481 δεδοικότες
1481 2419 1571 2471 τὸν
1610 2419 1830 2472 ἐκείνων
1861 2420 1955 2472 θυ-

383 2500 502 2570 μόν.
538 2502 601 2554 Τί
635 2502 861 2573 δήποτε;
906 2505 1140 2575 Εᾶομεν
1190 2507 1442 2577 ἐνέχυρον
1473 2506 1712 2575 ἀσφαλὲς
1753 2507 1834 2570 τὸ,
1867 2509 1952 2561 Σὺ

379 2583 435 2640 εἷ
459 2589 702 2656 Πέτρος,
732 2591 831 2644 καί
876 2592 973 2644 ἐπὶ
1016 2594 1199 2661 ταύτῃ
1241 2592 1315 2661 τῇ
1353 2594 1536 2661 πέτρᾳ
1581 2595 1953 2663 οἰκοδομήσω

375 2692 492 2744 μου
518 2674 631 2742 τὴν
658 2677 1044 2746 Ἐκκλησίαν
1076 2680 1175 2733 καί
1203 2683 1387 2735 πύλαι
1414 2682 1560 2748 ᾅδου
1586 2684 1655 2736 οὺ
1679 2685 1957 2751 κατισχύ-

378 2776 606 2814 σουσιν
627 2761 834 2830 αὐτῆς.
877 2766 1196 2836 Ἐκκλησίαν
1223 2767 1279 2819 δέ
1300 2768 1461 2835 λέγω,
1487 2769 1546 2820 οὐ
1580 2769 1744 2822 τόπον
1770 2770 1950 2839 μόνον,

380 2846 515 2900 ἀλλά
537 2849 632 2901 καὶ
660 2849 886 2920 τρόπον·
923 2852 982 2903 ού
1010 2852 1217 2922 τοίχους
1245 2854 1558 2924 ἐκκλησίας,
1594 2856 1727 2908 ἀλλά
1755 2856 1953 2926 νόμους

393 2931 739 3004 Ἐκκλησίας.
771 2937 935 2990 Ὅταν
950 2940 1297 3011 καταφεύγῃς
1322 2943 1379 2996 ἐν
1404 2943 1688 3013 ἐκκλησίᾳ,
1711 2943 1785 3014 μὴ
1805 2944 1956 3014 τόπῳ

382 3021 727 3094 καταφύγῃς,
762 3023 896 3077 ἀλλὰ
932 3026 1146 3096 γνώμη.
1184 3028 1481 3097 Ἐκκλησία
1517 3029 1626 3100 γὰρ
1670 3029 1731 3083 οὐ
1763 3033 1944 3101 τοῖχος

383 3108 479 3161 καὶ
510 3109 725 3179 ὄροφος,
762 3110 896 3163 ἀλλὰ
919 3111 1098 3174 πίστις
1120 3115 1214 3166 καὶ
1237 3113 1370 3183 βίος.

454 3194 548 3265 Μὴ
594 3194 742 3264 λέγε,
773 3197 854 3250 ὅτι
901 3200 1162 3271 προεδόθη
1210 3201 1319 3255 άπὸ
1355 3202 1679 3273 Ἐκκλησίας
1705 3206 1733 3256 6
1758 3204 1954 3274 προδο-

384 3280 498 3343 θείς
516 3296 530 3310 ο
557 3282 606 3333 εί
637 3282 711 3353 μὴ
732 3282 910 3354 ἀφῆκε
942 3285 1041 3355 τὴν
1071 3286 1386 3357 ἐκκλησίαν,
1405 3289 1505 3341 οὐκ
1534 3289 1601 3343 ἂν
1625 3290 1953 3361 προεδίδοτο.

385 3367 478 3438 Μὴ
506 3367 653 3436 λέγε.
687 3371 767 3422 ὅτι
796 3372 890 3425 καὶ
919 3373 1191 3441 κατέφυγε
1220 3375 1312 3428 καὶ
1338 3376 1599 3448 προεδόθη
1619 3392 1633 3406 ⁸
1651 3379 1749 3448 οὐχ
1768 3381 1801 3449 ἡ
1832 3378 1977 3432 Ἕκα·

387 3456 583 3526 κλησία
611 3457 771 3510 αὑτὸν
801 3458 1031 3529 ἀφῆκεν,
1055 3460 1170 3514 ἀλλ’
1196 3461 1358 3525 αὐτὸς
1376 3465 1472 3534 τὴν
1494 3464 1786 3535 ἐκκλησίαν
1815 3466 1957 3535 ἀφῆ-

388 3559 503 3597 κεν.
534 3544 647 3597 Οὐκ
677 3543 885 3599 ἔνδοθεν
909 3546 1199 3618 παρεδόθη,
1223 3548 1337 3601 ἀλλ’
1368 3549 1585 3615 ἔξωθεν.
1608 3551 1707 3604 Διά
1729 3551 1781 3604 τί
1808 3552 1957 3605 κατέο

387 3629 553 3685 λιπεεΙ
576 3629 673 3702 τὴν
703 3632 1023 3702 ἐκκλησίαν;
1069 3635 1319 3688 Ἐϐούλου
1373 3637 1670 3703 σώζεσθαι;
1707 3639 1957 3707 Ὠφειλες

388 3719 639 3789 κατέχειν
666 3720 728 3773 τὸ
758 3719 907 3793 [587]
936 3722 1338 3795 θυσιαστήριον.
1374 3727 1489 3779 Οὐκ
1532 3722 1673 3797 ἦσαν
1723 3727 1958 3782 ἐνταῦθα

385 3808 575 3877 τοῖχοι,
605 3807 740 3861 ἀλλά
778 3809 915 3863 Θεοῦ
954 3812 1177 3882 πρόνοια
1218 3814 1250 3881 ἡ
1285 3812 1709 3887 ἀσφαλιζομένη.
1752 3816 1959 3888 Ἀμαρ-

274 3891 284 3899 ’
386 3893 554 3957 τωλὸς
582 3889 682 3965 ﬂe;
720 3897 834 3949 Οὐκ
877 3898 1269 3969 ἀποπέμπεται
1311 3917 1373 3953 σε
1417 3903 1447 3954 6
1494 3902 1661 3966 Θεός·
1692 3904 1791 3957 οὐκ
1827 3900 1957 3974 ἦλθε

385 3981 497 4051 γὰρ
546 3983 772 4037 καλέσαι
815 3983 1076 4052 δικαίους,
1105 3986 1241 4040 ἀλλὰ
1278 3989 1635 4058 ἁμαρτωλοὺς
1682 3993 1761 4055 είς
1793 3993 1957 4062 μετά-

386 4087 552 4124 νοιαν.
591 4070 770 4141 Πόρνη
800 4070 999 4143 ἐσώθη,
1031 4074 1218 4145 ἐπειδὴ
1238 4076 1404 4139 πόδας
1445 4078 1724 4147 κατέσχεν.
1769 4080 1959 4134 Ἠκού-

388 4175 517 4211 σατε
540 4158 633 4211 τοῦ
666 4160 900 4230 σήμερον
924 4161 1334 4233 ἀνεγνωσμένου
1354 4181 1369 4229 ;
1391 4164 1573 4219 Ταῦτα
1597 4167 1653 4219 δέ
1684 4167 1844 4236 λέγω.
1871 4170 1959 4224 ἵνα

390 4243 658 4315 μηδέποτε
717 4249 795 4309 εἰς
851 4247 1175 4317 Ἐκκλησίαν
1222 4251 1579 4319 καταφεύγων
1622 4255 1955 4325 ἀμφιϐάλῃς,

386 4328 629 4390 Μένεείς
658 4330 1005 4403 Ἐκκλησίαν,
1028 4335 1117 4386 καὶ
1145 4335 1205 4386 ού
1239 4337 1544 4406 προδίδοσαι
1568 4340 1675 4394 ἀπὸ
1704 4342 1803 4412 τῆς
1836 4344 1958 4396 Ἑκ-

387 4414 633 4486 κλησῖας.
670 4417 793 4471 Ἐὰν
812 4419 867 4472 δὲ
898 4419 1074 4490 φύγῃς
1102 4420 1208 4473 ἀπὸ
1252 4422 1594 4494 Ἐκκλησίας,
1627 4428 1727 4481 ούκ
1751 4430 1897 4482 αἰτία
1921 4433 1953 4499 ἡ

398 4501 712 4574 Ἐκκλησία.
766 4506 890 4559 Ἐὰν
916 4507 1011 4577 μὲν
1032 4507 1139 4579 γάρ
1164 4504 1229 4581 ᾖς
1266 4508 1391 4573 ἔσω,
1417 4512 1444 4563 6
1468 4512 1625 4577 λύκος
1647 4516 1747 4567 οὐκ
1781 4516 1957 4586 εἰσέρ-

384 4610 565 4664 χεται·
598 4594 771 4647 ἐὰνδὲ
821 4593 1042 4668 ἐξέλθῃς
1081 4596 1204 4661 ἐξω,
1255 4596 1585 4667 θηριάλωτος
1640 4602 1799 4675 γίνῃ*
1844 4603 1957 4655 ἀλλ’

385 4682 446 4733 ού
480 4680 629 4751 παρὰ
646 4682 742 4751 τὴν
774 4682 1009 4754 μάνδραν
1036 4684 1211 4747 τοῦτο,
1258 4685 1392 4738 ἀλλά
1427 4685 1576 4756 παρὰ
1605 4688 1701 4757 τὴν
1741 4689 1837 4757 σὴν
1869 4708 1959 4760 μι-

388 4767 702 4837 κροψυχίαν.
750 4769 1072 4841 Ἐκκλησίας
1098 4772 1248 4827 οὐδὲν
1289 4773 1423 4826 ἴσον.
1459 4775 1548 4845 Μή
1582 4792 1671 4843 μοι
1696 4774 1819 4835 λέγε
1846 4778 1958 4831 τεί-

387 4868 457 4922 χη
494 4853 588 4904 καί⁵
621 4852 786 4904 ὃπλαο
814 4853 963 4923 τείχη
1004 4856 1101 4923 μὲν
1138 4859 1247 4927 γὰρ
1272 4856 1348 4927 τῷ
1376 4858 1551 4927 χρόνῳ
1588 4857 1958 4924 παλαιοῦνται,

389 4935 421 5003 ἡ
465 4933 759 5002 Ἐκκλησία
780 4934 836 4986 δὲ
867 4936 1120 4989 οὐδέποτε
1147 4941 1313 5009 γηρᾷ.
1340 4940 1506 5008 Τείχη
1553 4939 1816 5012 βάρϐαροι
1864 4960 1961 4994 κα-

389 5015 699 5079 ταλύουσιν,
743 5017 1066 5087 Ἐκκλησίας
1101 5020 1158 5072 δὲ
1199 5020 1319 5073 ούδέ
1364 5022 1616 5091 δαίμονες
1650 5024 1960 5093 περιγίνον-

386 5118 497 5154 ται.
530 5101 641 5154 Καὶ
693 5101 776 5153 ὃτι
821 5101 881 5153 ού
937 5102 1146 5171 κόμπος
1200 5104 1267 5157 τά
1327 5107 1567 5174 ῥήματα,
1601 5110 1869 5177 μαρτυρεῖ
1896 5109 1963 5161 τὰ

389 5184 708 5253 πράγματα.
763 5184 927 5237 Πόσοι
961 5184 1307 5256 ἐπολέμησαν
1350 5189 1449 5257 τὴν
1491 5190 1835 5259 Ἐκκλησίαν,
1866 5191 1964 5243 καὶ

387 5268 434 5318 οἱ
469 5266 871 5335 πολεμήσαντες
905 5268 1212 5333 ἀπώλοντος
1244 5270 1379 5341 αὕτη
1414 5272 1470 5325 δὲ
1503 5271 1641 5342 ὑπὲρ
1662 5273 1768 5324 τῶν
1799 5275 1961 5341 ούρα-

387 5347 493 5403 νῶν
515 5348 840 5419 ἀναϐέϐηκε,
881 5351 1130 5404 Τοιοῦτον
1153 5352 1264 5420 ἔχει
1302 5354 1527 5421 μέγεθος
1557 5356 1588 5425 ἡ
1633 5354 1922 5421 Ἐκκλησία
1945 5372 1960 5386 ·

389 5434 626 5502 πολεμου
636 5433 769 5501 μένη
787 5437 932 5504 νικᾷ·
952 5435 1407 5508 ἐπιϐουλευομένη
1433 5440 1798 5509 περιγίνεται·
1817 5438 1963 5509 ὑϐρι-

385 5512 607 5586 ζομὲνη,
640 5515 994 5587 λαμπροτέρα
1040 5516 1388 5570 καθίσταται·
1416 5520 1625 5590 δέχεται
1650 5522 1960 5591 τραύματα,

390 5599 484 5650 καὶ
510 5600 571 5650 ού
598 5600 923 5653 καταπίπτει
952 5600 1051 5654 ὑπὸ
1069 5599 1176 5650 τῶν
1194 5600 1365 5653 ἑλκῶν
1388 5619 1400 5631 ·
1428 5603 1827 5668 κλυδωνίζεται,
1851 5605 1961 5657 ἀλλ’

457 5726 483 5754 ⁸
510 5726 606 5773 Alii
637 5738 745 5774 cum
771 5726 901 5775 Savil
962 5727 1080 5775 διότι
1102 5729 1339 5775 κατέλιπε·
1367 5728 1447 5777 alii
1471 5743 1579 5777 cum
1607 5730 1775 5779 Morel.
1805 5732 1880 5779 διὰ
1918 5732 1963 5778 τί

392 5788 629 5837 κατέλιπε.

1102 391 1162 447 S.
1196 389 1481 447 JOANNIS
1513 381 1999 446 CIIRYSOSTOMI
2043 382 2360 441 ARCHIEI’.
2403 388 2952 446 CONSTANTIROP.

3522 391 3632 448 398

2063 498 2124 551 ού
2156 503 2600 568 καταποντίζεται
2624 522 2635 534 ·
2696 504 3031 574 χειμάζεται.
3064 500 3199 556 ἀλλὰ
3251 499 3500 570 ναυάγιον
3533 504 3633 572 ούχ

2061 584 2323 654 ὑπομένει
2342 602 2358 617 ο
2404 588 2641 651 παλαίει,
2674 589 2786 641 ἀλλ’
2810 591 2906 657 ούχ
2927 589 3187 657 ἡττᾶται·
3214 586 3486 649 πυκτεύει,
3512 587 3631 641 ἀλλ’

2057 667 2116 719 ού
2140 671 2375 725 νικᾶται.
2410 672 2508 725 Διά
2538 672 2590 725 τί
2622 669 2717 726 οὖν
2741 673 3081 743 συνεχώρησε
3111 671 3201 723 τὸν
3224 671 3486 742 πόλεμον;
3514 673 3636 724 ’Ὶνα

2056 749 2249 825 δείξῃιι
2293 754 2670 828 λαμπρότερον
2707 757 2765 810 τὸ
2798 758 3075 827 τρόπαιον.
3114 755 3505 826 Παρῆτεεκατὰ
3530 755 3634 825 τὴν

2057 837 2274 906 ἡμέραν
2295 838 2530 908 ἐκείνην,
2557 840 2651 892 καὶ
2678 838 2936 891 ἐϐλέπετε
2964 840 3064 892 ὅσα
3091 841 3318 892 ἐκινεῖτο
3349 837 3509 896 ὅπλα.
3534 837 3635 890 καὶ

2055 920 2226 991 θυμὸς
2262 923 2650 992 στρατιωτικὸς
2697 923 2867 994 πυρὸς
2913 922 3291 993 σφοδρότερος.
3326 923 3420 974 καὶ
3464 922 3635 991 ἡμεῖς

2055 1006 2147 1058 ἐπὶ
2183 1004 2282 1068 τὰς
2318 1006 2601 1075 βασιλικάς
2621 1007 2791 1068 αὐλάς
2814 1002 3184 1076 ἐπειγόμεθα.’
3214 1005 3374 1058 Ἀλλὰ
3401 1005 3485 1072 τί;
3518 1004 3631 1058 Τοῦ

2053 1087 2187 1140 Θεοῦ
2208 1089 2387 1159 χάριτι
2419 1090 2568 1144 οὐδὲν
2592 1091 2738 1160 ἡμᾶς
2770 1090 2993 1142 ἐκείνων
3020 1087 3350 1157 κατέπληξε.

2126 1171 2191 1240 β’.
2217 1173 2402 1227 Ταῦτα
2422 1171 2478 1225 δέ
2510 1172 2669 1242 λέγω,
2694 1174 2778 1227 ἴνα
2804 1176 2897 1227 καὶ
2925 1175 3081 1242 ὑμεῖς
3105 1172 3361 1242 μιμῆσθε.
3386 1170 3483 1224 Διὰ
3502 1169 3631 1224 τίδὲ

2054 1258 2115 1309 οὐ
2146 1259 2606 1326 κατεπλάγημεν;
2640 1259 2761 1311 Ὀτι
2792 1258 2943 1310 οὐδὲν
2985 1258 3091 1319 τῶν
3121 1258 3400 1326 παρόντων
3436 1254 3629 1309 δεινῶν

2054 1339 2413 1408 ἐδεδοίκαμεν.
2442 1339 2509 1392 Τί
2535 1339 2643 1410 γάρ
2686 1343 2802 1394 ἐστι
2827 1342 3032 1406 δεινόν;
3063 1340 3333 1402 Θάνατοςς
3366 1340 3480 1391 Οὐκ
3510 1337 3629 1391 ἐστι

2054 1422 2214 1475 τοῦτο
2239 1423 2437 1476 δεινόν’
2474 1424 2681 1493 ταχέως
2700 1423 2809 1495 γὰρ
2842 1425 2935 1476 ἐπὶ
2961 1424 3052 1477 τὸν
3086 1424 3279 1495 λιμένα
3311 1422 3626 1491 ἀπερχόμε-

2053 1504 2121 1558 θα
2151 1506 2243 1559 τὸν
2265 1504 2598 1575 ἀκύμαντον.
2645 1506 2802 1559 Ἀλλά
2837 1506 3159 1576 δημεύσεις;
3189 1505 3427 1574 Γυμνὸς
3446 1502 3631 1571 ἐξῆλο

2053 1591 2160 1642 θον
2177 1588 2246 1641 ἐκ
2279 1589 2511 1654 κοιλίας
2543 1591 2765 1657 μητρός
2798 1608 2937 1658 μου,
2978 1589 3202 1657 γυμνιῖς
3246 1589 3341 1640 καὶ
3372 1587 3629 1641 ἀπελεύ-

2053 1687 2251 1741 σομαι.
2296 1673 2435 1725 Ἀλλ’
2462 1672 2696 1743 ἐξορίαι;
2731 1675 2839 1728 Τοῦ
2859 1675 3072 1740 Κιιοίσυ
3090 1674 3126 1739 ἠ
3153 1672 3229 1741 τῆ
3258 1672 3355 1726 καὶ
3383 1675 3446 1724 τὸ
3467 1671 3627 1738 πλή-

2044 1773 2214 1823 ρωμα
2264 1755 2474 1824 αὐτῆς.
2536 1754 2695 1811 Ἀλλὰ
2770 1759 3156 1826 συκοφαντίαι;
3213 1758 3451 1824 Χαίρετε
3525 1758 3624 1809 καὶ

2051 1838 2442 1907 ἀγαλλιᾶσθε.
2464 1840 2608 1894 ὅταν
2630 1844 2842 1896 εἴπωσι
2867 1842 2991 1896 πᾶν
3014 1842 3282 1907 πονηρὸν
3303 1840 3468 1908 ῥῆμα
3495 1844 3628 1893 καθ’

2051 1921 2217 1990 ὑμῶν
2253 1924 2630 1993 ψευδόμενοι,
2670 1926 2760 1978 ὅτι
2810 1928 2842 1978 ὀ
2885 1926 3101 1992 μισθὸς
3140 1922 3309 1993 ὑμῶν
3336 1923 3528 1989 πολὺς
3556 1923 3630 1976 ἐν

2052 2008 2175 2075 τοῖς
2232 2009 2530 2075 οὐρανοῖς.
2576 2010 2791 2081 Ἐώρων
2831 2010 2899 2063 τά
2934 2010 3081 2077 ξίφη,
3120 2012 3215 2063 καὶ
3263 2009 3353 2062 τὸν
3398 2007 3629 2080 οὐρανὸν

2053 2095 2377 2164 ἐλογιζόμην
2397 2112 2411 2124 ·
2439 2097 2781 2166 προσεδόκων
2813 2096 2901 2147 τὸν
2951 2096 3200 2157 θάνατον,
3228 2097 3321 2148 καὶ
3358 2097 3456 2165 τὴν
3493 2095 3628 2149 ἀνά-

2055 2194 2242 2230 στασιν
2266 2179 2506 2232 ἐνενόουν
2528 2196 2541 2209 ⁸
2582 2178 2768 2247 ἐώρων
2791 2179 2858 2231 τά
2879 2180 3029 2232 κάτω
3054 2179 3221 2246 πάθη,
3240 2180 3333 2232 καὶ
3360 2179 3628 2249 ἡρίθμουν

2050 2262 2119 2314 τὰ
2160 2261 2271 2315 ἄνω
2306 2260 2567 2331 βραϐεῖαο
2609 2260 2831 2313 ἔϐλεπον
2863 2262 2961 2324 τὰς
2987 2262 3297 2326 ἐπιϐουλάς,
3331 2263 3424 2315 καὶ
3452 2262 3629 2328 ἐλογι-

2055 2344 2231 2414 ζόμην
2252 2344 2343 2397 τὸν
2364 2344 2475 2399 ἄνω
2499 2344 2757 2414 στέφανον
2776 2347 2835 2415 ’ἡ
2866 2345 2973 2414 γὰρ
2998 2345 3250 2408 ὑπόθεσις
3274 2346 3381 2397 τῶν
3403 2344 3630 2413 ἀγώνων

2054 2426 2298 2495 ἀρκοῦσα
2324 2424 2390 2496 ἦν
2418 2429 2495 2491 είς
2516 2427 2854 2498 παράκλησιν
2880 2429 2974 2481 καὶ
3005 2429 3374 2498 παραμυθίαν.
3393 2429 3629 2498 ’Λπηγόο

2060 2530 2165 2582 μην
2192 2512 2268 2576 δέ,
2301 2512 2415 2565 ἀλλ’
2438 2512 2537 2565 ούκ
2568 2509 2635 2583 ἦν
2667 2511 2821 2581 ὕϐρις
2865 2515 2988 2582 ἐμοὶ
3033 2513 3092 2565 τὸ
3130 2513 3438 2582 γινόμενον·
3472 2513 3629 2584 ὕϐρις

2057 2596 2166 2664 γὰρ
2215 2595 2271 2647 ἓν
2322 2596 2481 2665 μόνον
2536 2596 2700 2658 ἐστὶν,
2736 2597 2769 2664 ή
2800 2595 3057 2665 ἁμαρτία.
3095 2594 3208 2649 Κᾶν
3245 2595 3352 2666 γὰρ
3386 2599 3416 2664 ἡ
3452 2598 3630 2651 οἰκου-

2064 2678 2194 2745 μένη
2221 2680 2370 2732 πᾶσά
2399 2695 2457 2730 σε
2489 2676 2703 2748 ὑϐρίζῃ.
2732 2680 2793 2731 σὺ
2824 2679 2877 2731 δὲ
2906 2679 3100 2731 σαυτὸν
3152 2679 3224 2749 μὴ
3254 2680 3502 2751 ὑϐρίσῃς,
3529 2681 3629 2752 οὐχ

2058 2760 2340 2830 ύϐρίσθης.
2371 2761 2636 2831 Ῑῐροδοσία
2679 2762 2811 2830 μόνη
2843 2764 2874 2831 ἡ
2903 2763 2994 2815 τοῦ
3020 2764 3336 2826 συνειδότος.
3370 2764 3461 2835 Μὴ
3498 2782 3630 2835 προ-

2054 2842 2163 2911 δῷς
2192 2859 2285 2896 σου
2307 2843 2367 2895 τὸ
2399 2844 2654 2906 συνειδὸς,
2685 2845 2779 2896 καὶ
2795 2843 2967 2907 οὐδείς
2995 2862 3054 2897 σε
3088 2844 3423 2915 προδίδωσιν.
3462 2846 3629 2915 Ἀπη-

2054 2927 2252 2997 γόμην,
2288 2927 2381 2980 καὶ
2413 2925 2600 2998 ἐώρων
2630 2927 2697 2980 τὰ
2719 2927 3038 2997 πράγπατα,
3090 2928 3287 2997 μᾶλλον
3330 2927 3387 2980 δέ
3429 2928 3498 2981 τά
3532 2929 3630 2996 ῥή-

2059 3010 2203 3079 ματά
2240 3028 2339 3079 μου
2368 3010 2669 3081 πράγματα
2704 3011 2981 3079 γινόμενα,
3007 3010 3103 3080 τὴν
3131 3010 3345 3079 ὁμιλίαν
3379 3027 3502 3080 μου.
3527 3010 3630 3079 τὴν

2055 3092 2141 3146 διὰ
2166 3092 2274 3145 τῶν
2311 3092 2592 3162 ῥημάτων,
2625 3093 2717 3145 ἐπὶ
2746 3093 2844 3162 τῆς
2886 3094 3089 3164 ἀγορᾶς
3120 3093 3206 3146 διὰ
3230 3094 3336 3147 τῶν
3368 3092 3628 3163 πραγμά-

2056 3193 2163 3230 των
2195 3174 2347 3246 [588]
2381 3176 2808 3246 κηρυττομένην.
2843 3177 3009 3229 Ποίαν
3034 3175 3281 3246 ὁμιλίαν;
3309 3177 3411 3228 Ἦν
3444 3175 3629 3244 ἔλεγον

2060 3258 2168 3314 ἀεί.
2193 3261 2424 3330 Ἄνεμος
2444 3259 2691 3319 ἔπνευσε,
2708 3260 2800 3312 καὶ
2823 3259 2891 3312 τὰ
2915 3259 3087 3328 φύλλα
3107 3258 3420 3312 κατέϐαλεν.
3455 3261 3628 3328 Ἐξη-

2051 3342 2246 3410 ρὰνθη
2288 3345 2319 3395 ό
2345 3341 2575 3409 χόρτος,
2615 3341 2711 3394 καὶ
2750 3340 2815 3393 τὸ
2848 3341 3029 3405 ἄνθος
3059 3340 3369 3404 ἐξέπεσεν.
3423 3341 3628 3411 Ἀπῆλ-

2058 3425 2204 3496 θενὴ
2233 3423 2349 3489 νὺξ,
2383 3425 2476 3476 καὶ
2500 3424 2669 3493 ἐφάνη
2706 3424 2738 3493 ἡ
2772 3423 2952 3494 ἡμέρα
2974 3438 2986 3451 ·
3019 3423 3257 3493 ἠλέγχθη
3290 3424 3323 3493 ἡ
3363 3424 3508 3487 σκιὰ,
3534 3427 3629 3479 καὶ

2059 3507 2233 3576 ἐφάνη
2271 3508 2304 3576 ή
2335 3506 2579 3576 ἀλήθεια.
2624 3503 2920 3574 Ἀνέϐησαν
2963 3504 3066 3563 ἕως
3091 3504 3198 3557 τῶν
3225 3506 3486 3576 ούρανῶν,
3532 3507 3629 3559 καὶ

2061 3589 2368 3658 κατέϐησαν
2416 3589 2519 3652 ἕως
2562 3586 2672 3641 τῶν
2719 3586 2934 3639 πεδίων.
2978 3585 3056 3638 Τὰ
3090 3584 3310 3657 κύματα
3359 3587 3466 3657 γὰρ
3517 3590 3632 3641 ἂνω

2062 3671 2364 3742 κατεστάλη
2410 3670 2497 3725 διὰ
2526 3672 2633 3722 τῶν
2682 3668 3035 3739 ἀνθρωπίνων
3065 3668 3421 3738 πραγμάτων.
3464 3670 3623 3736 Πῶς;

2061 3754 2387 3809 Διδασκαλία
2414 3749 2481 3824 ἦν
2519 3752 2589 3805 τὰ
2624 3751 2902 3822 γινόμενα.
2936 3750 3045 3804 Καὶ¹
3072 3750 3254 3818 ἔλεγον
3286 3751 3419 3820 πρὸς
3448 3753 3622 3820 ἐμαυ-

2063 3838 2182 3892 τόν·
2207 3832 2355 3905 *Αρα
2383 3832 2800 3904 σωφρονίσονται
2822 3831 2872 3885 οἱ
2892 3834 3031 3905 μετὰ
3059 3833 3266 3899 ταῦτα;
3302 3830 3409 3906 ἆρα
3433 3835 3492 3888 οὐ
3521 3853 3627 3889 πα-

2066 3920 2347 3991 ρέρχονται
2374 3917 2467 3971 δύο
2511 3918 2734 3988 ἡμέραι,
2774 3916 2868 3970 καὶ
2898 3916 3035 3989 λήθῃ
3066 3917 3133 3971 τά
3160 3919 3417 3987 γινόμενα
3450 3935 3630 3989 παρα-

2058 4003 2296 4067 δίδοται;
2331 4001 2568 4054 Ἐναυλα
2609 4000 2681 4053 τὰ
2731 4002 3095 4071 ὑπομνήματα
3124 3996 3212 4071 ἦν.
3254 4001 3419 4053 Πάλιν
3467 4003 3626 4065 εἴπω,

2064 4085 2226 4138 πάλιν
2273 4083 2512 4153 λαλήσω.
2550 4083 2615 4134 Τί
2669 4082 2890 4150 δφελος;
2920 4082 3134 4136 Μᾶλλον
3168 4083 3223 4134 δέ
3265 4083 3473 4150 ὄφελος.
3509 4085 3625 4138 Κάν

2059 4168 2168 4239 γὰρ
2193 4166 2265 4237 μὴ
2288 4166 2483 4228 πάντες
2511 4165 2803 4231 ἀκούσωσι,
2828 4169 2875 4217 οί
2905 4165 3121 4236 ἡμίσεις
3150 4165 3496 4219 ἀκούσονταιο
3525 4168 3628 4220 κᾶν

2061 4252 2136 4322 μὴ
2170 4251 2219 4302 οἱ
2251 4250 2470 4320 ἡμίσεις
2503 4247 2793 4311 ἀκούσωσι,
2827 4248 2888 4302 τὸ
2916 4248 3093 4318 τρίτον
3120 4250 3284 4319 μέρος
3303 4263 3316 4277 ·
3339 4248 3440 4301 κᾶν
3474 4250 3546 4320 μὴ
3569 4250 3629 4303 τὸ

2057 4336 2260 4406 τρίτον,
2318 4334 2378 4386 τὸ
2436 4333 2690 4400 τέταρτον
2719 4347 2733 4362 ο
2797 4330 2897 4384 κᾶν
2934 4332 3007 4403 μὴ
3065 4333 3125 4385 τὸ
3173 4333 3462 4403 τέταρτον,
3524 4334 3629 4387 κᾶν

2059 4420 2222 4473 δέκα·
2259 4416 2361 4471 κᾶν
2402 4416 2474 4487 μὴ
2522 4416 2672 4472 δέκα.
2708 4415 2809 4469 κᾶν
2839 4417 2997 4469 πέντε
3018 4432 3031 4445 ·
3069 4416 3173 4468 κᾶν
3202 4417 3277 4485 μὴ
3312 4416 3494 4481 πέντε,
3525 4418 3630 4470 κᾶν

2060 4499 2169 4567 εἷς·
2201 4503 2305 4556 κᾶν
2340 4501 2413 4572 μὴ
2445 4496 2524 4563 εἷς
2545 4500 2719 4567 ε,ἐγὼ
2741 4500 2832 4552 τὸν
2859 4498 3048 4569 μισθὸν
3067 4493 3471 4568 ἀπηρτισμένον
3500 4500 3625 4568 ἔχω.

2073 4584 2406 4652 Ἐξηράνθη
2435 4587 2465 4637 ό
2492 4584 2718 4651 χόρτος,
2746 4582 2839 4635 καὶ
2870 4581 2935 4633 τό
2968 4581 3149 4645 ἄνθος
3170 4581 3421 4643 ἐξέπεσε
3441 4598 3453 4611 ·
3477 4582 3542 4634 τὸ
3562 4582 3631 4634 δὲ

2051 4668 2221 4737 ῥῆμα
2255 4667 2361 4719 τοῦ
2399 4666 2546 4718 Θεοῦ
2578 4664 2741 4732 μένει
2775 4670 2865 4727 εὶς
2887 4663 2993 4714 τὸν
3021 4662 3224 4714 αἰῶνα.

2122 4751 2381 4821 γ¹.Εῖδετε
2394 4750 2501 4803 τῶν
2514 4748 2863 4818 ἀνθρωπίνων
2878 4747 3213 4816 πραγμάτων
3227 4746 3322 4815 τὴν
3335 4746 3632 4813 εὐτέλειαν,

2060 4836 2230 4890 εἴδετε
2256 4834 2354 4903 τῆς
2385 4832 2703 4893 δυναστείας
2738 4829 2798 4880 τὸ
2817 4828 3113 4898 ἐπίκηρον;
3144 4829 3311 4880 εἴδετε
3338 4828 3430 4881 τὸν
3471 4828 3632 4881 πλοῦ-

2061 4938 2173 4982 τον,
2204 4920 2262 4971 ὃν
2292 4919 2379 4971 ἀεὶ
2407 4914 2680 4986 δραπέτην
2712 4911 2958 4976 ἐκάλουν,
2983 4912 3043 4963 ού
3068 4912 3341 4982 δραπέτην
3365 4911 3419 4962 δὲ
3451 4912 3632 4981 μόνον,

2062 5002 2197 5056 ἀλλὰ
2240 5001 2335 5055 καὶ
2386 4999 2741 5067 ἀνδροφόνον;
2777 4996 2851 5048 Ού
2897 4994 3007 5065 γὰρ
3054 4994 3449 5063 καταλιμπάνει
3507 4996 3631 5058 τοὺς

2064 5086 2284 5156 ἔχοντας
2312 5083 2489 5155 μόνον,
2518 5081 2652 5134 ἀλλὰ
2676 5081 2767 5132 καὶ
2794 5078 2987 5148 σφάζει
3018 5078 3212 5140 αὐτούς
3230 5096 3243 5109 ’
3277 5079 3402 5129 ὃταν
3422 5077 3531 5146 γάρ
3552 5094 3633 5141 τις

2064 5167 2230 5222 αὑτὸν
2277 5164 2577 5236 θεραπεύῃ,
2610 5165 2730 5215 τότε
2785 5162 3018 5232 μάλιστα
3070 5160 3231 5213 αὑτὸν
3278 5160 3629 5229 παραδίδωσι.

2064 5252 2129 5303 Τί
2164 5249 2484 5319 θεραπεύεις
2514 5248 2604 5298 τὸν
2634 5244 2861 5297 πλοῦτον
2894 5245 2983 5296 τὸν
3011 5244 3247 5313 σήμερον
3268 5243 3404 5311 πρός
3435 5259 3513 5306 σε,
3542 5241 3635 5293 καὶ

2064 5333 2255 5402 αὔριον
2295 5332 2425 5402 πρὸς
2461 5330 2648 5393 ἄλλως
2687 5329 2740 5381 τί
2764 5326 3088 5397 θεραπεύεις
3120 5324 3361 5386 πλοῦτον,
3402 5324 3492 5376 τὸν
3530 5341 3635 5394 μη·-

2060 5416 2253 5469 δέποτε
2285 5413 2683 5483 κατασχεθῆναι
2718 5411 3039 5479 δυνάμενον;
3072 5408 3258 5460 Βούλει
3304 5405 3635 5477 θεραπεῦσαι

2066 5499 2261 5560 αύτύν;
2297 5497 2472 5566 βούλει
2522 5496 2681 5549 αὑτὸν
2734 5496 3056 5563 κατασχεῖν;
3089 5493 3179 5563 Μὴ
3212 5491 3517 5564 κατορύξῃς
3543 5490 3640 5542 αύ-

2127 5663 2153 5700 ι)
2178 5663 2274 5711 Alii
2296 5668 2345 5709 ct
2371 5661 2518 5710 Snvil.
2545 5664 2668 5723 δέξῃ,
2687 5664 2767 5710 alii
2791 5663 2933 5721 δείξῃ.

2131 5730 2151 5755 τ
2182 5729 2278 5772 Kay
2310 5726 2371 5785 μὴ
2411 5724 2473 5770 εἷς
2514 5718 2686 5773 ιὶιιοιίέιὶ
2732 5728 2778 5772 in
2827 5718 2960 5771 odim
3001 5721 3196 5780 Morc|.,
3241 5719 3328 5767 sed
3362 5718 3568 5768 hubvlur
3596 5722 3643 5767 in

2069 5803 2180 5838 mss.
2209 5797 2258 5834 cl
2286 5786 2331 5833 in
2360 5788 2488 5835 Savil
