4036 6418
278 472 375 527 597

286 587 497 639 lantur:
546 586 663 641 illic
689 602 754 643 ex
802 598 1021 658 aspectu
1061 588 1340 657 voluptas,
1388 587 1478 642 hic
1523 602 1586 642 ex
1641 585 1873 641 lectione

286 676 506 731 utilitas.
544 677 749 734 Hortus
772 694 876 734 uno
896 680 949 734 in
976 679 1095 734 loco
1115 721 1130 746 ,
1159 679 1450 748 Scriptura:
1481 677 1678 747 ubique
1706 687 1874 731 terra-

287 781 437 829 rum;
469 767 666 824 hortus
709 779 1086 840 tempestatum
1128 769 1431 825 necessitati
1474 768 1718 824 subditus
1758 778 1873 833 esti,

284 857 574 927 Scriptura:
615 870 672 914 et
704 864 894 933 hyeme
925 871 978 916 et
1020 872 1206 916 testate
1242 870 1517 916 comantes
1560 859 1730 922 foliis,
1764 858 1873 911 fru-

286 949 462 1003 ctibus
492 961 701 1006 onusta:
731 962 874 1006 sunt.
907 954 1261 1008 Attendamus
1291 953 1451 1024 igitur
1476 952 1872 1021 Scripturarunt

286 1042 502 1097 lectioni
532 1061 547 1099 :
580 1061 702 1099 nam
736 1047 780 1100 si
812 1046 1105 1115 Scriptura:
1131 1047 1400 1111 attendas,
1431 1046 1596 1116 abigit
1622 1045 1711 1099 illa
1741 1058 1875 1100 mce-

285 1152 485 1204 rorem,
516 1139 850 1209 voluptatem
890 1140 1081 1194 inserit
1113 1140 1240 1206 tibi,
1284 1139 1537 1194 malitiam
1571 1139 1741 1202 tollit,
1767 1137 1875 1189 vir-

287 1228 417 1282 tutis
469 1228 679 1283 radices
724 1230 976 1296 roborat,
1018 1244 1117 1284 nec
1164 1229 1290 1283 sinit
1318 1230 1369 1283 in
1418 1230 1753 1300 negotiorum
1797 1236 1877 1279 tu-

286 1319 455 1372 multu
500 1319 869 1375 ﬂuctuantium
925 1335 1074 1374 more
1127 1320 1349 1375 turbari.
1406 1318 1559 1373 Furit
1613 1318 1870 1387 pelagus,

288 1417 343 1462 tu
375 1424 503 1463 vero
532 1426 654 1465 cum
689 1411 1071 1481 tranquillitate
1099 1410 1355 1481 navigas;
1385 1410 1502 1465 vice
1524 1423 1751 1478 namque
1771 1422 1871 1476 gu-

283 1498 584 1554 bernatoris
604 1500 769 1555 habes
794 1500 1184 1570 Scripturarum
1206 1500 1491 1555 lectionem
1522 1516 1536 1555 :
1566 1499 1706 1553 hunc
1728 1497 1870 1552 eniut

287 1588 586 1644 funiculum
613 1606 720 1645 non
761 1590 1029 1661 abrumpit
1073 1592 1408 1661 negotiorum
1450 1590 1688 1643 tentatio.
1719 1588 1872 1656 Quod

286 1690 470 1735 autem
498 1697 603 1736 non
636 1684 885 1750 mentiar,
918 1698 1002 1738 res
1034 1684 1160 1752 ipsae
1186 1682 1552 1738 testificantur.
1590 1683 1729 1735 Ante
1757 1681 1872 1734 dies

284 1772 488 1841 aliquot
526 1774 747 1827 obsessa
788 1773 885 1828 fuit
936 1773 1213 1828 Ecclesia:
1248 1772 1394 1827 venit
1440 1772 1734 1838 exercitus,
1780 1770 1869 1840 qui

286 1866 464 1934 ignem
494 1867 663 1920 oculis
703 1867 1008 1934 emittebat,
1056 1881 1227 1936 neque
1273 1875 1451 1920 tamen
1481 1866 1673 1919 olivam
1723 1878 1867 1917 mar-

284 1957 458 2011 cidam
483 1957 712 2011 reddidit
741 1975 755 2012 :
799 1958 1132 2012 nudabautur
1171 1973 1356 2024 enses,
1388 1970 1653 2024 nemoque
1678 1955 1869 2009 vulnus

284 2046 494 2115 accepit
524 2064 538 2098 :
572 2046 912 2116 imperatoria
937 2050 1073 2102 ostia
1106 2048 1158 2101 in
1186 2048 1455 2102 anxietate
1484 2046 1864 2110 versabantur,

285 2146 340 2190 et
384 2138 621 2192 Ecclesia
655 2141 705 2192 in
750 2148 863 2193 tuto
894 2141 1062 2210 posita
1103 2149 1252 2206 erat,
1282 2138 1493 2195 etiamsi
1538 2138 1642 2192 huc
1670 2138 1868 2193 bellum

271 2229 542 2297 eruperit.
588 2227 685 2283 Hic
721 2231 1060 2299 quaerebatur
1099 2232 1171 2296 is,
1228 2230 1319 2300 qui
1366 2229 1471 2285 huc
1511 2230 1867 2300 confugerat:

283 2318 605 2389 illorumque
664 2320 902 2375 furerent
962 2336 1070 2376 non
1131 2321 1480 2377 formidantes
1545 2320 1867 2375 adstitimus.

283 2407 494 2474 Quare?
514 2410 709 2465 Aderat
735 2411 892 2467 nobis
915 2414 1234 2468 tutissimum
1259 2413 1463 2482 pignus,
1489 2427 1680 2481 nempe
1701 2410 1864 2465 illud:

286 2499 363 2554 Tu
382 2517 434 2555 es
461 2500 665 2570 Petrus,
687 2512 732 2556 ct
756 2519 910 2574 super
928 2504 1057 2558 hanc
1078 2512 1271 2574 petram
1299 2503 1560 2572 wdiﬁcabo
1587 2502 1869 2557 Ecclesium

284 2591 449 2645 ηπεαηί
467 2635 481 2660 ,
512 2604 558 2647 et
590 2605 750 2663 porta:
778 2596 931 2667 inferi
958 2613 1060 2650 non
1103 2596 1443 2665 prwvalebunt
1475 2595 1717 2648 adversus
1757 2610 1867 2647 eam

289 2686 503 2754 (Matth.
533 2689 621 2742 16.
652 2686 764 2760 18).
795 2689 1085 2743 Ecclesium
1124 2688 1265 2753 dico,
1298 2703 1402 2742 non
1428 2687 1602 2742 locum
1632 2694 1831 2740 tantum
1850 2728 1863 2751 ,

284 2778 379 2833 sed
408 2794 621 2834 mores:
655 2796 761 2835 non
791 2796 972 2836 muros
1003 2782 1266 2848 ecclesiae,
1299 2781 1391 2836 sed
1419 2781 1565 2851 leges
1590 2780 1864 2835 Ecclesiae.

281 2871 412 2926 Cum
445 2871 748 2943 confugcris
788 2876 840 2928 in
884 2874 1196 2941 ecclesiam,
1240 2889 1344 2928 non
1375 2872 1550 2928 locum
1595 2882 1743 2943 pete,
1771 2873 1864 2928 sed

280 2962 461 3016 animo
484 2963 774 3034 transfuge.
807 2964 1044 3020 Ecclesia
1071 2966 1213 3020 enim
1234 2980 1342 3021 non
1362 2980 1545 3021 murus
1565 2975 1619 3022 et
1644 2974 1862 3033 tectum,

280 3053 372 3108 sed
400 3052 532 3107 ﬁdes
553 3064 606 3109 et
630 3055 755 3108 vita:
783 3056 917 3110 ratio
944 3066 1046 3112 est.

350 3141 631 3213 Eutropius
673 3147 927 3215 quomodo
957 3158 1157 3216 captus.
1184 3178 1254 3189 —
1284 3147 1361 3204 Ne
1403 3148 1551 3205 dicas
1598 3165 1743 3217 eum,
1775 3151 1863 3221 qui

282 3235 521 3304 proditus
566 3246 667 3304 est,
700 3239 768 3294 ab
805 3238 1046 3294 Ecclesia
1081 3241 1348 3310 proditum
1374 3256 1494 3297 esse
1522 3260 1536 3297 :
1566 3243 1665 3298 nisi
1707 3244 1864 3299 dese-

279 3329 473 3384 ruisset
498 3331 803 3397 ecclesiam,
831 3342 1018 3402 captus
1044 3349 1150 3388 non
1180 3334 1382 3388 fuisset.
1408 3334 1488 3389 Ne
1515 3334 1663 3390 dicas
1690 3336 1861 3405 ipsum

279 3425 579 3494 confugisse
613 3432 668 3479 et
713 3425 981 3493 proditum
1030 3427 1229 3482 fuisse:
1273 3444 1378 3482 non
1406 3428 1644 3483 Ecclesia
1690 3429 1863 3498 ipsum

274 3520 500 3585 dimisit,
533 3522 627 3575 sed
676 3522 790 3593 ipse
823 3522 1107 3577 ecclesiam
1152 3523 1371 3578 dimisit.
1421 3522 1537 3577 Non
1572 3523 1715 3578 intus
1743 3538 1865 3593 pro-

277 3608 420 3664 ditus
443 3619 548 3675 est,
580 3612 674 3666 sed
718 3612 870 3666 loris.
897 3611 1007 3666 Cur
1038 3612 1251 3682 reliquit
1286 3613 1605 3668 ecclesiam?
1632 3613 1708 3669 Te
1746 3629 1862 3669 ser-

248 3711 458 3780 ‘valum
488 3702 745 3757 volebas"
778 3703 957 3757 Altare
995 3704 1277 3775 complecti
1318 3704 1618 3775 oportebat.
1653 3705 1765 3759 Non
1810 3705 1861 3759 hi

278 3793 438 3856 muri,
465 3792 560 3846 sed
592 3794 681 3848 Dei
711 3794 1040 3863 providentia
1066 3806 1116 3850 te
1146 3804 1315 3849 tutunt
1349 3805 1604 3864 praestare
1634 3806 1860 3865 poterat.

278 3882 535 3938 Peccator
563 3889 719 3939 eras?
748 3885 863 3940 Non
903 3898 953 3940 te
986 3887 1125 3941 Deus
1156 3888 1277 3941 ideo
1307 3888 1509 3958 respuit
1540 3906 1552 3940 :
1583 3903 1686 3942 non
1715 3890 1861 3943 enim

279 3974 422 4028 venit
451 3990 640 4029 vocare
672 3977 866 4043 justus,
907 3976 1002 4031 sed
1035 3988 1343 4047 peccatores
1387 3980 1453 4032 ad
1495 3959 1861 4049 pteuitentiant

226 4120 231 4123 ,
282 4063 494 4127 (Matth.
540 4068 596 4122 9.
642 4066 751 4140 15).
798 4068 1048 4123 Meretrix
1090 4070 1312 4125 salutem
1370 4081 1693 4141 consequuta
1745 4082 1858 4137 est,

279 4156 403 4224 quia
441 4158 605 4228 pedes
645 4160 1016 4229 apprehendit.
1050 4161 1358 4217 Audistisne
1403 4163 1712 4217 hodiernam
1751 4164 1863 4219 lec-

280 4248 515 4303 tionem?
561 4250 684 4305 [hcc
734 4268 892 4321 porro
939 4252 1078 4316 dico,
1111 4262 1168 4306 ut
1215 4269 1502 4323 numquam
1547 4254 1761 4310 dubites
1807 4256 1858 4309 in

278 4340 574 4396 Ecclesiam
614 4341 922 4414 confugere.
955 4343 1107 4399 Mane
1136 4345 1186 4398 in
1216 4344 1452 4399 Ecclesia
1474 4387 1488 4411 ,
1522 4354 1575 4399 et
1600 4361 1704 4399 non
1737 4362 1861 4415 pro-

277 4431 422 4487 deris
449 4434 516 4488 ab
546 4433 804 4488 Ecclesia.
836 4433 988 4500 Quod
1017 4434 1061 4488 si
1095 4434 1293 4505 fugeris
1331 4435 1399 4489 ab
1437 4435 1704 4502 Ecclesia,
1738 4446 1863 4492 tunc

279 4525 516 4580 Ecclesia
548 4527 600 4579 in
630 4541 787 4581 causa
811 4542 916 4581 non
942 4527 1063 4581 erit.
1091 4526 1223 4581 Nam
1248 4528 1292 4582 si
1325 4527 1466 4581 intus
1488 4526 1672 4595 fueris,
1707 4528 1862 4597 lupus

277 4630 384 4670 non
412 4616 744 4686 ingreditur;
778 4618 862 4671 sin
886 4618 1099 4682 exieris,
1126 4634 1155 4670 a
1185 4618 1359 4673 bellua
1389 4619 1644 4687 capieris;
1675 4635 1859 4673 verum

279 4724 385 4763 non
416 4710 587 4775 cauta,
617 4710 709 4764 sed
739 4710 1150 4780 pusillauintitas
1182 4721 1267 4765 tua
1299 4711 1350 4765 in
1378 4726 1537 4766 causa
1567 4712 1687 4766 erit.
1720 4711 1860 4766 Nihil

279 4799 533 4855 Ecclesia:
576 4816 669 4870 par
716 4809 833 4859 cst..
863 4800 939 4856 Ne
986 4802 1113 4855 mihi
1143 4816 1535 4856 commemores
1574 4818 1755 4857 muros
1805 4812 1861 4857 et

272 4906 422 4945 arma
457 4907 474 4946 :
505 4891 642 4946 muri
670 4893 812 4946 enim
844 4900 1082 4963 tempore
1110 4893 1443 4961 deteruntur,
1472 4894 1709 4949 Ecclesia
1731 4911 1859 4949 vero

273 4996 565 5051 numquam
590 4984 843 5038 senescit.
873 4984 1054 5038 Muros
1088 4985 1297 5039 barbari
1327 4985 1721 5053 demoliuntur,
1755 4987 1855 5041 Ec-

272 5076 496 5130 elesiant
525 5092 591 5130 ne
619 5076 891 5131 daemones
919 5077 1132 5146 quidem
1162 5078 1401 5131 vincunt.
1430 5077 1581 5144 Quod
1608 5077 1722 5134 luce
1751 5095 1855 5133 non

269 5169 380 5223 sint
408 5168 677 5238 jactantiae
704 5171 889 5236 verba,
922 5185 1010 5225 res
1041 5171 1168 5240 ipsze
1196 5180 1474 5225 testantur.
1504 5171 1645 5237 Quot
1673 5172 1861 5226 Eccle-

268 5262 404 5315 siant
434 5272 841 5331 oppugnarunt,
873 5263 1079 5333 ipsique
1124 5262 1427 5333 perierunt?
1458 5265 1691 5319 Ecclesia
1730 5280 1857 5319 vero

268 5352 434 5407 culos
479 5353 827 5407 transcendit.
877 5354 1020 5408 Talis
1061 5365 1144 5409 est
1192 5354 1447 5410 Ecclesia:
1491 5358 1797 5427 magnitudo
1840 5376 1854 5412 :

270 5448 434 5503 vincit
473 5443 808 5516 impugnata;
856 5448 1064 5502 insidiis
1101 5447 1332 5516 appetita
1379 5457 1623 5517 superat;
1665 5460 1854 5503 contu-

267 5541 442 5595 meliis
493 5541 683 5595 affecta
731 5538 1059 5609 Splendidior
1109 5538 1322 5603 evadit;
1372 5539 1593 5593 vulnera
1638 5541 1853 5610 excipit,

269 5647 369 5686 nec
415 5633 686 5688 ulceribus
726 5631 907 5697 cadit;
959 5633 1153 5702 agitata
1199 5629 1446 5685 ﬂuctibus
1493 5647 1597 5689 non
1639 5631 1855 5686 demer-

268 5725 434 5793 gitur;
468 5725 724 5795 procellis
755 5725 992 5793 impetita
1022 5721 1351 5793 naufragium
1379 5738 1482 5777 non
1511 5724 1741 5792 patitur;
1777 5725 1855 5778 lu-

268 5827 456 5884 ctatur,
505 5833 609 5872 nec
656 5817 1042 5886 pr0sternitur;
1083 5816 1319 5885 pugilatu
1361 5824 1547 5879 certat,
1603 5830 1698 5869 nec
1739 5817 1854 5868 viu-

268 5911 421 5967 citur.
453 5911 562 5965 ϐυτ
608 5924 738 5980 ergo
766 5909 962 5963 bellum
1009 5909 1286 5979 permisit?
1312 5908 1375 5966 L'-t
1405 5908 1494 5963 illa
1524 5908 1851 5978 Splendidius

827 474 1109 533 HOMlLlA
1148 473 1239 529 DE
1278 473 1504 530 CAPTO
1544 472 1887 529 EU'l‘ROPlO
1927 473 2016 527 ET
2058 472 2146 527 DE
2188 471 2592 527 DIVITIARUM
2632 471 3002 529 VANlTATE.

3458 472 3563 529 598

1987 595 2241 655 tropaeum
2267 586 2513 655 erigeret.
2537 586 2787 642 Aderatis
2811 588 2899 642 illo
2919 588 3024 652 die,
3055 601 3116 640 ac
3142 586 3344 642 vidistis
3369 598 3562 656 quanta

1982 690 2324 733 moverentur
2379 693 2568 733 arma:
2620 680 2869 734 militaris
2916 679 3064 735 furor
3108 681 3228 750 igne
3279 679 3563 734 vehemen-

1982 768 2086 822 tior
2133 778 2249 823 erat
2286 786 2299 822 :
2351 784 2553 839 nosque
2599 771 2665 825 ad
2708 772 2881 825 aulam
2923 772 3318 841 imperatoriam
3370 786 3562 840 prope-

1980 862 2249 916 rabamus.
2283 862 2387 917 Sed
2409 863 2568 932 quid?
2598 863 2701 918 Per
2729 865 2817 918 Dei
2843 865 3067 936 gratiam
3096 864 3223 918 nihil
3254 878 3439 919 eorum
3469 876 3565 916 nos

1981 955 2188 1007 terruit.

2048 1043 2102 1097 2.
2146 1043 2273 1098 Vero
2316 1044 2605 1101 Christiano
2646 1047 2773 1101 nihil
2816 1047 3353 1102 timendum—Hmc
3400 1062 3560 1115 porro

1977 1136 2119 1199 dico,
2155 1147 2205 1191 ut
2236 1150 2287 1193 et
2329 1155 2423 1194 vos
2453 1141 2750 1195 imitemini.
2784 1140 2893 1195 Cur
2916 1157 3018 1193 non
3050 1139 3318 1209 perterriti
3341 1137 3558 1192 sumus?

1977 1227 2128 1294 Quod
2177 1230 2377 1283 nullunt
2423 1231 2764 1298 prmsentimn
2814 1232 3073 1284 malorum
3131 1229 3557 1283 l‘ormidaremus.

1976 1319 2113 1384 Quid
2158 1324 2297 1375 enim
2326 1337 2487 1392 grave
2521 1324 2643 1376 est?
2678 1323 2759 1377 An
2786 1338 2931 1377 mors
2947 1322 2970 1376 ?
3006 1322 3346 1392 Nequaquam
3384 1319 3561 1390 gravis

1975 1421 2059 1465 est
2090 1413 2177 1466 illa
2213 1430 2226 1465 :
2256 1415 2411 1468 citius
2442 1416 2581 1468 enim
2631 1415 2697 1469 ad
2743 1414 3087 1484 tranquillum
3143 1422 3354 1483 portum
3401 1411 3560 1465 deve-

1976 1503 2205 1557 niemus.
2243 1505 2321 1564 An
2365 1505 2622 1559 bonorum
2657 1503 3074 1574 publicatioues?
3107 1500 3296 1555 Nudus
3331 1515 3559 1572 egressu

1974 1609 2085 1645 sum
2111 1595 2174 1647 de
2187 1605 2323 1648 utero
2346 1597 2520 1650 matris
2543 1612 2694 1658 ntere,
2721 1607 2765 1650 et
2783 1595 2948 1649 nudus
2970 1604 3188 1649 revertar
3206 1593 3326 1662 (Job
3367 1594 3415 1646 1.
3438 1592 3554 1663 2|).

1973 1684 2108 1737 Nunt
2162 1688 2388 1740 exsilia?
2437 1686 2647 1739 Domini
2697 1699 2771 1739 est
2825 1698 2991 1749 terra,
3043 1696 3088 1739 et
3143 1683 3403 1755 plenitudo
3449 1683 3558 1753 ejus

1975 1775 2195 1842 (Psalm.
2223 1779 2313 1834 23.
2338 1779 2417 1851 Ξ).
2447 1778 2584 1832 Nunt
2615 1777 2939 1832 calumnia?
2970 1776 3195 1831 Gaudete
3222 1787 3268 1829 et
3290 1773 3555 1836 exsultate,

1973 1882 2087 1919 cum
2116 1869 2337 1922 dixerint
2376 1886 2525 1923 omne
2550 1871 2740 1922 malum
2766 1870 2964 1922 verbum
3010 1867 3276 1919 adversum
3303 1879 3389 1917 vos
3416 1878 3557 1916 men-

1974 1961 2189 2025 (iantes,
2244 1962 2485 2030 quoniam
2538 1977 2727 2014 merces
2774 1969 2938 2013 vestra
2987 1957 3150 2011 multa
3199 1965 3271 2010 est
3316 1957 3371 2008 in
3421 1954 3558 2008 cali:

1974 2049 2184 2124 (Matth.
2330 2051 2440 2122 12).
2495 2051 2750 2106 Videbam
2790 2051 3026 2121 gladios,
3083 2059 3137 2104 et
3175 2047 3363 2102 caelum
3407 2045 3554 2114 cogi-

1975 2143 2148 2196 tabam
2178 2160 2190 2194 :
2221 2143 2599 2211 exspectabam
2624 2152 2871 2205 mortem,
2902 2149 2954 2194 et
2978 2142 3029 2194 in
3054 2147 3282 2194 mentem
3312 2135 3558 2190 veniebat

1971 2234 2294 2287 resurrectio
2321 2250 2335 2285 :
2370 2232 2464 2286 bas
2490 2230 2703 2285 intimas
2733 2244 2999 2285 aerumnas
3034 2228 3348 2289 cernebam,
3381 2234 3435 2279 ct
3463 2240 3554 2277 su-

1971 2338 2135 2393 perna
2166 2323 2383 2392 praemia
2424 2322 2769 2378 numerabant
2797 2339 2809 2375 :
2844 2321 3063 2376 insidias
3092 2318 3471 2382 Observabam,
3504 2327 3558 2370 et

1971 2428 2260 2483 supernam
2312 2429 2565 2470 coronam
2612 2414 2947 2478 meditabar;
3002 2412 3349 2468 certaminum
3396 2424 3556 2480 argu-

1970 2514 2208 2560 mentum
2239 2506 2369 2560 satis
2394 2514 2510 2561 erat
2533 2505 2599 2560 ad
2628 2505 3071 2559 consolationem.
3101 2501 3418 2557 Abducebar
3449 2499 3557 2553 uti-

1970 2613 2102 2668 que;
2135 2598 2233 2654 sed
2264 2599 2316 2653 id
2362 2598 2490 2653 mihi
2518 2599 2857 2654 contumelia:
2899 2614 3003 2650 non
3031 2608 3143 2651 erat
3177 2614 3189 2650 :
3232 2609 3332 2649 una
3360 2595 3556 2663 quippe

1970 2690 2289 2744 contumelia
2322 2698 2433 2754 cst,
2468 2702 2763 2761 peceatum.
2803 2690 2954 2745 Licet
2982 2689 3122 2744 enim
3160 2697 3211 2743 te
3242 2695 3383 2741 totus
3411 2684 3555 2739 orbis

1970 2783 2292 2835 contumelia
2322 2782 2577 2847 affecerit,
2611 2783 2655 2836 si
2686 2797 2802 2836 eam
2834 2790 2887 2834 tu
2921 2781 3013 2834 tibi
3048 2780 3160 2849 ipse
3189 2794 3292 2832 non
3323 2776 3552 2841 inferas,

1971 2888 2299 2942 nequaquam
2327 2873 2647 2928 contumelia
2675 2872 2896 2928 affectus
2922 2888 3001 2927 es.
3032 2870 3267 2926 Proditio
3292 2884 3352 2924 ea
3382 2869 3554 2923 solum

1974 2975 2079 3032 est,
2109 2979 2228 3035 qua:
2257 2981 2322 3020 ex
2370 2965 2694 3019 conscientia
2740 2963 2998 3035 procedit.
3046 2963 3123 3017 Ne
3170 2973 3310 3015 tuam
3361 2960 3556 3030 prodas

1969 3058 2350 3112 conscientiam
2383 3068 2432 3113 et
2464 3072 2622 3111 nemo
2654 3064 2703 3110 te
2734 3055 2942 3126 prodet.
2992 3052 3344 3118 Abducebar,
3373 3062 3427 3105 et
3470 3052 3551 3104 vi-

1969 3150 2159 3205 debam
2187 3150 2428 3220 negotia;
2462 3149 2568 3203 into
2596 3149 2769 3219 potius
2799 3148 2958 3203 verba
2980 3142 3097 3201 mea
3124 3146 3174 3199 in
3202 3144 3408 3215 negotia
3426 3158 3554 3197 eon-

1970 3259 2144 3308 versa,
2188 3258 2383 3313 nempe
2416 3244 2730 3298 concionem
2788 3256 2983 3305 meam,
3026 3254 3185 3309 quam
3234 3236 3411 3291 verbis
3454 3235 3551 3289 ha-

1970 3337 2211 3403 bueram,
2262 3336 2315 3390 in
2352 3335 2468 3390 foro
2508 3349 2602 3405 per
2637 3348 2726 3388 res
2772 3333 2913 3402 ipsas
2941 3330 3336 3387 denunciatam.
3383 3329 3552 3394 Quant

1967 3430 2323 3486 concionem?
2352 3430 2481 3484 Eam
2529 3444 2688 3497 quam
2728 3441 2943 3495 semper
2972 3423 3234 3479 dicebam.
3261 3420 3557 3475 lnsufllavit

1968 3534 2178 3588 ventus,
2207 3532 2261 3575 et
2289 3520 2413 3576 l‘olia
2448 3518 2664 3589 dejecit.
2690 3513 3014 3571 Exsiccatum
3043 3523 3116 3568 est
3145 3518 3354 3586 fartum,
3384 3522 3432 3565 et
3456 3511 3553 3582 ﬂos

1969 3615 2153 3668 decidit
2167 3611 2484 3682 (HesaiJO.
2503 3609 2580 3682 8).
2599 3609 2744 3665 Abiit
2768 3624 2894 3675 nox,
2917 3617 2966 3663 et
2992 3605 3164 3661 illuxit
3189 3604 3332 3669 dies;
3356 3602 3550 3671 rejecta

1967 3719 2049 3762 εει
2070 3708 2279 3769 umbra,
2303 3714 2358 3760 ct
2384 3705 2629 3775 apparuit
2650 3702 2865 3756 veritas.
2895 3699 3265 3755 Ascenderunt
3294 3711 3459 3765 usque
3485 3694 3551 3747 ad

1967 3800 2149 3866 caries,
2180 3808 2234 3853 et
2268 3795 2662 3852 descenderunt
2694 3806 2863 3860 usque
2896 3792 2961 3845 ad
3013 3787 3302 3859 planitiem.
3332 3786 3551 3840 Fluctus

1968 3891 2133 3955 enim,
2165 3890 2341 3958 quise
2386 3888 2438 3942 in
2486 3887 2649 3941 altum
2691 3884 3012 3944 extulerant,
3042 3896 3138 3950 per
3177 3879 3405 3932 humana
3452 3891 3550 3930 ne—

1966 3982 2108 4052 gotia
2149 3979 2389 4050 depressi
2440 3986 2583 4031 sunt.
2618 3974 2937 4042 Quomodo?
2968 3971 3212 4026 Doctrina
3253 3976 3407 4023 erant
3449 3983 3549 4033 ea,

1966 4088 2086 4144 qua:
2140 4079 2287 4142 gesta
2330 4078 2472 4123 sunt.
2518 4067 2585 4121 Et
2633 4065 2875 4119 dicebam
2927 4063 3064 4117 intra
3109 4060 3369 4130 meipsum
3408 4075 3422 4111 :
3468 4059 3549 4111 An

1965 4163 2168 4234 posteri
2201 4161 2325 4216 hinc
2370 4158 2717 4213 erudientur?
2745 4171 2810 4208 an
2863 4152 3070 4209 duobus
3117 4166 3222 4203 non
3272 4148 3552 4202 transactis

1967 4254 2154 4310 diebus
2179 4252 2316 4319 hate,
2346 4265 2463 4321 qua:
2500 4259 2648 4319 gesta
2689 4255 2832 4311 sunt,
2870 4242 3120 4298 oblivioni
3163 4249 3286 4293 sunt
3326 4237 3551 4292 tradita?

1968 4348 2237 4406 Manentia
2286 4350 2439 4398 erant
2476 4342 2564 4395 illa
2608 4338 2830 4393 monita.
2873 4335 3078 4390 Rursus
3121 4331 3314 4394 dicam,
3358 4330 3548 4382 iterant

1966 4442 2172 4510 loquar.
2206 4437 2336 4504 Quae
2365 4434 2493 4488 hinc
2528 4430 2763 4486 utilitas?
2792 4428 2903 4482 lmo
2946 4426 3148 4479 utilitas
3178 4421 3369 4476 aderit.
3404 4419 3551 4473 Licet

1969 4532 2112 4586 enim
2141 4546 2246 4583 non
2274 4540 2461 4582 omnes
2482 4524 2717 4587 audiant,
2746 4534 2870 4590 pars
2891 4516 3076 4571 saltem
3099 4513 3316 4568 dimidia
3341 4510 3548 4572 audiet;

1966 4622 2010 4678 si
2038 4636 2137 4676 nec
2163 4618 2380 4675 dimidia
2411 4631 2554 4686 pars,
2588 4615 2776 4669 saltent
2827 4609 3018 4673 tertia;
3049 4607 3093 4660 si
3142 4619 3316 4672 neque
3358 4600 3511 4655 tertia
3532 4640 3547 4665 ,

1967 4721 2190 4782 quarta;
2219 4713 2263 4764 si
2302 4723 2406 4762 non
2454 4715 2641 4776 quarta
2686 4716 2831 4772 pars,
2869 4698 3057 4753 saltent
3106 4694 3324 4756 decem;
3355 4692 3397 4745 si
3442 4704 3548 4782 non

1966 4780 2176 4865 decem,
2220 4800 2488 4870 quinque;
2534 4795 2579 4851 si
2625 4808 2730 4848 non
2770 4789 3031 4861 quinque,
3077 4784 3264 4839 saltem
3309 4796 3476 4845 unus;
3506 4780 3550 4835 si

1969 4911 2142 4965 neque
2171 4908 2327 4957 unus,
2358 4905 2457 4961 ego
2487 4896 2726 4958 paratam
2757 4880 3058 4937 mercedem
3089 4876 3277 4930 habeo.
3309 4874 3551 4928 Exsicca-

1967 4999 2072 5043 tum
2092 4996 2163 5041 est
2187 4990 2394 5057 faenum,
2425 4992 2469 5035 et
2491 4982 2589 5052 ﬂos
2613 4977 2795 5032 decidit
2821 4991 2838 5029 :
2861 4973 3059 5028 verbum
3084 4979 3249 5027 autem
3270 4967 3366 5023 Dei
3387 4975 3553 5020 manet

1964 5080 2018 5133 in
2046 5089 2291 5133 wternum
2318 5073 2520 5146 (Hesai.
2553 5071 2641 5126 40.
2669 5069 2747 5140 8).

2035 5173 2090 5227 ὃ.
2135 5169 2439 5223 Diuitiarum
2466 5167 2575 5237 quis
2604 5180 2744 5217 usus.
2774 5189 2848 5201 ——
2877 5158 3163 5215 \‘idistisne
3202 5155 3550 5215 humanarum

1964 5276 2140 5316 rerum
2168 5256 2460 5314 vilitatem?
2490 5254 2764 5310 vidistisne
2793 5250 3040 5319 potentia:
3068 5244 3449 5321 fragilitatem?
3477 5243 3552 5295 vi—

1964 5356 2185 5410 distisne
2211 5352 2441 5417 divitias,
2471 5365 2602 5420 quas
2628 5361 2841 5414 semper
2866 5343 3108 5414 fugitivas
3130 5341 3374 5395 dixeram
3398 5378 3412 5402 ,
3447 5353 3549 5387 non

1965 5446 2124 5502 ntodo
2151 5443 2395 5513 fugitivas
2418 5482 2433 5507 ,
2464 5440 2558 5495 sed
2588 5439 2746 5494 etiam
2778 5432 3113 5490 homicidas?
3143 5429 3256 5486 Non
3288 5428 3431 5484 enim
3459 5440 3549 5478 so-

1964 5538 2072 5592 lum
2097 5551 2155 5590 se
2183 5533 2517 5603 possidentes
2538 5530 2813 5594 deserunt,
2839 5525 2932 5581 sed
2956 5524 3114 5580 etiam
3127 5521 3406 5593 jugulant:
3430 5532 3550 5572 cum

1926 5674 1929 5677 γ
1964 5629 2105 5695 enim
2132 5628 2251 5697 quis
2279 5640 2369 5680 eas
2398 5624 2633 5678 studiose
2660 5621 2788 5676 colit
2808 5661 2823 5684 ,
2855 5628 2965 5673 tum
2994 5616 3222 5671 maxime
3252 5613 3352 5667 illa:
3378 5612 3551 5666 culto-

1965 5737 2076 5777 rem
2105 5735 2257 5775 suum
2291 5717 2540 5789 produnt.
2573 5715 2678 5771 Cur
2704 5714 2915 5768 divitias
2938 5710 3092 5776 colis,
3123 5724 3241 5778 qua:
3270 5705 3427 5760 hodie
3458 5721 3551 5771 iae-

1966 5828 2060 5868 ues
2090 5823 2141 5867 te
2166 5821 2308 5877 sunt,
2338 5826 2457 5866 cras
2488 5822 2650 5880 penes
2674 5805 2876 5861 alium?
2900 5802 2994 5859 cur
3014 5801 3225 5855 divitias
3252 5799 3403 5862 colis,
3426 5813 3549 5866 qua:

1965 5921 2250 5976 numquam
2294 5902 2509 5959 retineri
2542 5897 2806 5972 possunt?
2835 5896 2925 5951 Vis
2955 5909 3046 5950 cas
3072 5891 3293 5949 colere?
3322 5889 3400 5945 vis
3419 5885 3547 5942 reti-
