4036 6396
377 367 481 429 599

375 495 544 551 nere?
563 493 641 553 Ne
659 496 898 555 defodias
913 514 1024 563 eas,
1049 500 1143 556 sed
1166 501 1217 556 in
1240 518 1531 574 pauperum
1556 523 1743 563 manus
1762 509 1961 564 tradas.

375 581 526 640 Ferte
568 596 695 643 sunt
739 589 980 646 divitiae:
1019 592 1063 646 si
1095 593 1460 662 retineantur,
1500 596 1744 669 fugiunt;
1787 602 1832 656 si
1877 604 1960 657 di-

371 685 707 744 spergantur,
741 689 973 735 manent.
1002 680 1131 735 Nam
1153 680 1425 754 Disperstt,
1456 687 1639 758 inquit,
1667 692 1804 745 dedit
1829 710 1960 763 pau-

371 756 573 830 peribus
590 806 606 832 ,
633 768 829 832 iustitia
853 771 961 840 ejus
986 781 1150 825 manet
1177 774 1231 828 in
1258 778 1499 830 secutum
1528 756 1699 851 Psal.
1731 756 1850 837 lll'.
1876 785 1954 853 9).

371 853 644 926 Disperge,
678 868 733 912 ut
765 871 1053 916 maneant:
1087 878 1155 919 ne
1183 864 1443 933 defodias,
1479 886 1545 926 ne
1576 870 1795 943 fugiant.
1825 874 1956 931 Ubi-

369 956 490 996 nam
520 954 645 999 suut
687 946 935 1004 divitias?
976 960 1034 1006 ut
1079 953 1285 1022 placide
1330 957 1651 1030 interrogem
1697 980 1828 1031 eos,
1865 969 1952 1036 qui

365 1038 492 1088 tunc
518 1033 908 1093 abscesserunt.
943 1040 1066 1096 llzec
1093 1053 1271 1100 autem
1304 1062 1411 1101 non
1437 1053 1767 1119 exprobrans
1792 1057 1911 1110 dico
1935 1099 1951 1124 ,

365 1138 538 1194 neque
563 1126 742 1182 ulcera
771 1131 1051 1201 refricans,
1084 1135 1241 1202 absit,
1270 1138 1361 1195 sed
1392 1150 1449 1196 ut
1477 1144 1703 1199 aliorum
1739 1149 1953 1203 naufra-

362 1214 447 1283 gia
486 1216 539 1270 in
583 1228 794 1288 portum
824 1223 974 1278 vobis
1015 1238 1341 1284 convertam.
1375 1231 1509 1288 Cum
1557 1237 1752 1293 milites
1776 1281 1791 1305 ,
1832 1257 1951 1294 cum

361 1306 522 1374 gladii
543 1309 765 1366 aderant
787 1328 936 1379 ,cum
956 1315 1081 1371 urbs
1104 1317 1505 1391 incendebatur,
1529 1340 1646 1381 cum
1671 1328 1913 1384 diadema
1934 1333 1950 1362 ί

362 1395 490 1450 nihil
521 1407 767 1469 poterat,
795 1417 915 1457 cum
955 1420 1185 1477 purpura
1225 1415 1560 1471 contumeliis
1600 1418 1947 1485 afficiebatur,

361 1502 483 1542 cum
511 1492 689 1547 omnia
733 1491 912 1550 furore
952 1497 1104 1565 plena
1131 1511 1283 1556 erant
1302 1544 1317 1568 ,
1351 1505 1564 1561 ubinam
1595 1509 1834 1566 divitiae?
1862 1514 1949 1570 ubi

360 1591 483 1632 vasa
512 1583 810 1651 argentea?
838 1585 925 1638 ubi
953 1591 1188 1657 argentei
1217 1592 1378 1647 let-ti?
1406 1597 1491 1650 ubi
1535 1598 1813 1657 domestici
1839 1603 1863 1655 ?
1892 1604 1948 1659 ln

361 1667 481 1741 fuga
510 1686 716 1728 omnes.
742 1672 841 1730 Ubi
870 1679 1099 1734 eunuchi
1124 1682 1148 1735 ?
1174 1682 1371 1740 Omnes
1397 1702 1517 1744 sese
1548 1694 1945 1762 proripuerunt.

360 1759 456 1816 Ubi
483 1763 679 1817 amici?
701 1764 899 1822 Larvas
926 1771 1213 1841 ponebant.
1239 1773 1341 1830 Ubi
1366 1759 1594 1835 domus?
1614 1759 1949 1841 Claudeban-

357 1860 460 1906 tur.
498 1852 594 1909 Ubi
634 1858 919 1924 pecunias?
950 1860 1144 1917 Earum
1190 1878 1469 1933 possessor
1505 1870 1728 1943 aufugit.
1761 1875 1825 1929 Et
1854 1878 1945 1933 ubi

356 1941 565 1997 tandem
596 1948 835 2014 pecunia:
857 1948 881 2000 ?
905 1950 1141 2007 Defessa!
1168 1963 1316 2009 sunt.
1347 1955 1576 2014 Ubinam
1616 1941 1945 2021 reconditae?

354 2029 488 2086 Num
511 2034 768 2093 molestus
791 2039 940 2095 vobis
961 2055 1100 2108 sum,
1126 2059 1253 2099 num
1274 2060 1555 2117 onerosus,
1583 2050 1708 2107 dum
1735 2068 1947 2126 semper

352 2124 492 2191 dico,
524 2127 737 2187 divitias
759 2148 853 2189 eos
881 2177 895 2203 ,
931 2137 1021 2207 qui
1054 2137 1183 2208 ipsis
1217 2140 1357 2197 male
1384 2152 1624 2212 utuntur,
1674 2147 1945 2217 prodere?

354 2213 505 2270 Venit
554 2228 763 2292 tempus
787 2265 804 2291 ,
850 2241 957 2295 quo
998 2228 1282 2287 verborum
1325 2234 1524 2291 veritas
1553 2238 1941 2329 ostenderetur.

354 2303 485 2329 “"21
518 2323 601 2329 Α--
630 2311 726 2329 __.!
808 2328 817 2329 κ
1071 2319 1084 2329 -
1338 2324 1350 2329 -
1536 2325 1566 2329 _-
1594 2327 1623 2329 .-

349 2303 486 2370 Quid
512 2323 604 2362 eas
629 2311 828 2368 retines
852 2356 868 2382 ,
910 2331 1030 2388 qua:
1069 2319 1122 2374 in
1168 2324 1458 2380 tentatione
1495 2325 1626 2381 nihil
1667 2339 1718 2384 te
1756 2303 1943 2400 iuvare

349 2401 615 2465 possunt?
641 2401 698 2457 Si
727 2404 851 2474 quid
895 2406 1094 2465 habent
1118 2413 1330 2481 virium,
1378 2417 1555 2472 adsint
1596 2420 1687 2475 tibi
1726 2438 1845 2477 cum
1886 2425 1939 2480 in

349 2490 724 2547 necessitatem
772 2496 1068 2554 incideris:
1101 2501 1144 2556 si
1190 2512 1317 2560 tunc
1354 2507 1677 2579 diffugiunt,
1724 2515 1933 2568 cuinam

349 2577 443 2631 tibi
476 2582 593 2635 usui
623 2586 789 2639 sunt?
817 2587 951 2657 Ipsa:
981 2605 1068 2646 res
1095 2595 1463 2653 testificantur.
1493 2577 1750 2667 Qumnam
1776 2621 1840 2659 ex
1875 2605 1939 2660 iis

349 2671 592 2727 utilitas?
620 2675 794 2733 Gladii
821 2680 961 2735 acati
980 2723 994 2747 ,
1026 2699 1172 2740 mors
1201 2686 1485 2746 imminens
1511 2733 1525 2759 ,
1556 2697 1824 2752 exercitus
1850 2696 1939 2752 fu-

347 2776 493 2828 rens,
521 2773 597 2819 tot
624 2768 884 2825 minarum
907 2777 1235 2842 exspectatio
1261 2796 1273 2832 :
1297 2779 1500 2836 divitim
1522 2799 1648 2839 vero
1674 2802 1934 2857 nusquam

341 2865 672 2923 comparent.
703 2858 818 2926 Quo
846 2875 907 2918 se
947 2864 1316 2925 subduxerunt
1356 2871 1459 2927 illae
1498 2872 1774 2944 fugitivae?
1803 2879 1937 2950 Ipsae

344 2943 438 2998 tibi
467 2943 580 3001 hmc
600 2950 777 3004 omnia
809 2953 945 3008 mala
972 2969 1325 3024 procurarunt
1350 3003 1365 3028 ,
1408 2971 1463 3018 ct
1493 2964 1544 3018 in
1572 2975 1811 3038 tempore
1840 2985 1937 3025 ne-

340 3036 607 3091 cessitatis
633 3039 858 3111 fugiunt.
889 3044 1220 3117 Quamquam
1250 3066 1336 3106 me
1362 3054 1512 3108 multi
1540 3036 1753 3127 semper
1778 3074 1935 3114 accu-

340 3133 499 3191 sant,
531 3129 672 3198 quod
698 3130 888 3187 divites
914 3134 1175 3191 incessam
1208 3157 1221 3194 :
1250 3149 1302 3193 at
1328 3141 1404 3201 illi
1433 3159 1695 3214 pauperes
1721 3163 1937 3220 semper

340 3213 632 3270 incessunt.
676 3218 786 3289 Ego
829 3237 955 3277 vero
997 3240 1210 3296 semper
1252 3230 1462 3287 ineesso
1507 3235 1737 3302 divites;
1784 3254 1889 3295 non
1916 3284 1930 3309 ,

341 3302 596 3372 inquam,
625 3307 816 3365 divites
839 3352 853 3377 ,
887 3312 979 3369 sed
1012 3330 1105 3369 eos
1128 3359 1143 3384 ,
1177 3318 1262 3387 qui
1293 3321 1429 3376 male
1458 3323 1659 3379 divitiis
1689 3337 1935 3386 utuntur.

339 3394 567 3467 Semper
607 3401 746 3455 enim
797 3403 918 3459 dico
960 3421 1046 3461 me
1090 3423 1194 3465 non
1243 3413 1511 3469 criminari
1551 3417 1768 3474 divitem
1795 3461 1808 3486 ,
1841 3423 1933 3477 sed

243 3477 263 3491 “
340 3502 611 3556 rapacem.
640 3494 795 3549 Aliud
824 3495 973 3552 dives
997 3540 1010 3563 ,
1041 3501 1182 3556 aliud
1210 3520 1370 3574 rapax
1404 3523 1417 3573 ;
1450 3509 1590 3564 aliud
1623 3477 1927 3584 opulentus,

337 3575 481 3631 aliud
522 3593 735 3636 avarus.
790 3583 897 3640 Res
925 3586 1190 3661 distingue
1209 3635 1222 3659 ,
1258 3610 1325 3649 ne
1352 3597 1646 3655 confundas
1673 3617 1734 3657 ea
1762 3645 1775 3668 ,
1807 3621 1929 3675 qua:

337 3669 670 3726 commisceri
716 3690 820 3728 non
863 3690 1101 3745 possunt.
1155 3683 1307 3740 Dives
1352 3689 1455 3743 es?
1501 3689 1614 3745 Non
1648 3695 1928 3761 prohibeo.

340 3757 519 3829 Rapax
551 3763 654 3818 es?
682 3763 792 3819 Hoc
813 3766 882 3821 do
905 3770 1133 3826 crimini.
1164 3773 1272 3827 Tua
1304 3779 1587 3846 possides?
1616 3782 1703 3837 llis
1731 3783 1928 3841 fruare.

339 3851 524 3907 Aliena
570 3857 756 3925 rapis?
799 3859 913 3913 Non
961 3862 1116 3917 sileo.
1148 3865 1237 3920 Vis
1267 3883 1352 3923 me
1392 3870 1675 3941 lapidare?
1708 3876 1930 3933 Paratus

336 3954 454 3995 sum
481 3947 791 4015 sanguinem
814 3951 1154 4021 profundere,
1179 3971 1453 4028 peccatum
1480 3964 1755 4022 dumtaxat
1782 3979 1928 4026 tuum

338 4035 616 4100 prohibeo.
643 4038 760 4094 Non
786 4057 915 4097 curo
935 4046 1053 4100 odia
1080 4089 1095 4114 ,
1131 4063 1234 4104 non
1265 4050 1461 4108 bellum
1483 4072 1495 4108 :
1520 4072 1620 4111 una
1646 4061 1772 4114 mihi
1802 4077 1928 4117 cura

337 4131 421 4178 cst
465 4127 768 4184 auditorum
797 4134 1087 4202 profectus.
1116 4138 1233 4195 Filii
1262 4146 1365 4198 mei
1396 4158 1517 4201 sunt
1543 4152 1763 4219 perinde
1788 4154 1928 4209 divi.

339 4221 420 4267 tes
463 4222 623 4286 atque
670 4233 969 4292 pauperes:
1005 4229 1191 4284 ambos
1228 4234 1369 4287 enim
1411 4237 1597 4294 eadem
1648 4247 1929 4311 parturivit

256 4319 265 4337 ί
337 4302 488 4359 alvus
509 4345 523 4367 ,
553 4306 736 4362 iisdem
766 4314 924 4367 ambo
950 4314 1223 4375 doloribus
1250 4324 1378 4378 nati.
1411 4325 1467 4381 Si
1507 4302 1686 4401 itaque
1729 4349 1927 4406 paupe-

264 4442 269 4446 .
339 4409 450 4448 rem
481 4395 734 4465 incessas,
763 4411 814 4456 te
836 4419 1034 4475 arguo:
1059 4423 1164 4463 non
1190 4421 1389 4467 tantum
1412 4427 1495 4471 est
1515 4420 1765 4493 damnum
1795 4442 1925 4496 pau-

336 4484 512 4553 peris,
541 4498 793 4557 quantum
821 4492 1018 4551 divitis.
1047 4497 1178 4552 Nam
1216 4517 1418 4572 pauper
1442 4522 1546 4563 non
1578 4484 1923 4572 multunide-

334 4577 572 4636 trimenti
623 4585 818 4653 patitur
850 4604 863 4651 ;
894 4588 945 4642 in
994 4594 1231 4660 pecuniis
1256 4599 1396 4652 enim
1427 4601 1673 4659 laeditur:
1707 4616 1760 4661 tu
1788 4626 1918 4666 vero

335 4667 389 4722 in
413 4671 587 4726 anima
620 4674 847 4733 lauderis.
880 4680 978 4745 Qui
1008 4684 1137 4748 vult,
1172 4686 1360 4754 caedat,
1390 4690 1653 4761 lapidibus
1682 4697 1924 4770 impetat,

337 4758 462 4815 odio
486 4762 680 4819 habeat
703 4785 715 4820 :
742 4773 960 4828 materia
987 4777 1181 4847 quippe
1205 4796 1522 4838 Coronarum
1552 4785 1758 4844 insidia:
1779 4802 1922 4861 sunt,

338 4856 676 4922 praemiorum
709 4859 846 4915 idem
874 4878 1129 4922 numerus
1148 4911 1162 4933 ,
1189 4872 1276 4941 qui
1307 4875 1603 4932 vulnerum.
1858 4945 1867 4949 _

409 4941 463 4996 4.
496 4943 678 4999 Solum
706 4961 965 5017 peccatum
993 4955 1177 5012 (cedere
1199 4973 1380 5031 potest.
1411 4996 1483 5004 —
1508 4967 1732 5027 Insidias
1762 4945 1924 5044 igitur

336 5048 443 5088 non
473 5036 633 5091 timeo
660 5056 673 5091 :
703 5056 864 5095 unum
894 5045 1075 5112 timeo,
1109 5065 1405 5120 peccatum.
1436 5058 1512 5113 Ne
1544 5076 1629 5117 me
1652 5067 1770 5133 quis
1800 5084 1924 5137 pcc~

336 5131 439 5181 cati
470 5143 693 5198 arguere
723 5136 926 5203 possit,
968 5149 1022 5193 et
1050 5149 1192 5197 totus
1216 5148 1362 5202 orbis
1390 5166 1474 5205 me
1506 5150 1650 5208 bello
1669 5131 1918 5229 impr-atat.

339 5219 452 5274 lloe
479 5222 675 5291 quippe
721 5225 913 5281 bellum
953 5245 1040 5286 me
1086 5235 1501 5302 splendidiorem
1546 5245 1729 5302 efficit.
1754 5219 1836 5306 lla
1866 5264 1919 5309 et

338 5325 437 5366 vos
465 5312 741 5373 instituere
767 5318 908 5375 v'olo.
952 5321 1030 5378 Ne
1071 5326 1299 5384 linteatis
1343 5333 1561 5391 insidias
1597 5339 1694 5394 viri
1734 5354 1922 5413 poten-

338 5401 405 5458 tis
433 5405 453 5434 ²
477 5443 494 5471 ,
525 5405 620 5460 sed
658 5407 842 5464 timete
881 5412 987 5467 vim
1023 5420 1249 5485 peccati.
1278 5422 1451 5481 Homo
1491 5437 1541 5484 te
1581 5445 1688 5486 non
1719 5401 1872 5491 liedet
1898 5478 1914 5503 ,

402 5605 449 5685 ⁵
459 5603 1000 5685 tinuisic‘ltabettcum
1023 5612 1138 5685 urbs
1176 5614 1537 5685 incendebatur,
1562 5639 1671 5677 cum
1694 5629 1921 5684 intolera-

347 5657 940 5749 ἔξὲῃίανρςέκειςζιλςξιςδ
971 5657 1299 5742 catcabmttur,
1314 5657 1922 5749 “cini"i-é;}éé"2$ii§i§iié.

341 5721 528 5778 (tantur,
553 5721 661 5774 cum
684 5721 926 5780 diudctiia.

401 5786 422 5818 ι
454 5782 571 5833 Hau:
602 5786 765 5851 verba,
790 5802 849 5837 ne
880 5792 1084 5846 timentis
1115 5799 1317 5854 insidias
1359 5806 1453 5858 viri
1490 5814 1721 5871 volentis.
1757 5826 1807 5868 et
1840 5834 1919 5869 se-

1136 388 1202 445 S.
1237 388 1518 447 JOANNIS
1553 390 2025 448 CllRYSOSTOlll
2063 396 2379 457 ARCHIEP.
2422 403 2960 472 CONSTANTINOP.

3549 428 3652 486 400

2069 514 2168 570 nisi
2193 527 2247 573 tu
2276 520 2520 592 teipsum.
2546 527 2602 583 Si
2629 542 2903 598 peccatum
2932 549 3036 590 non
3065 534 3283 609 habeas,
3306 548 3361 597 et
3388 541 3658 602 innumeri

2067 608 2243 664 adsint
2267 612 2446 681 gladii,
2478 625 2530 672 te
2554 618 2692 674 Deus
2718 622 2943 693 eripiet;
2974 626 3018 679 si
3048 638 3320 697 peceatum
3349 630 3569 701 habeas,
3596 648 3656 692 et

2067 695 2119 750 in
2148 701 2395 767 paradiso
2436 704 2641 775 fueris,
2681 711 2806 767 inde
2845 695 3081 771 excides.
3137 718 3194 774 ln
3240 722 3488 790 paradiso
3529 738 3651 784 erat

2066 788 2256 853 Adam,
2284 802 2339 847 et
2374 797 2565 852 cecidit
2586 800 2685 873 ;in
2716 802 2841 858 fimo
2875 807 3098 863 sedebat
3134 788 3256 878 Job,
3286 822 3340 868 et
3367 827 3658 875 coronatus

2064 888 2166 968 est.
2190 880 2325 949 Quid
2350 885 2424 940 illi
2448 890 2646 956 profuit
2662 895 2964 965 paradisus,
2987 899 3113 968 quid
3134 899 3256 958 huic
3272 903 3441 961 obfuit
3460 907 3658 966 fimus?

2064 967 2147 1023 llli
2177 986 2334 1029 nemo
2363 976 2733 1051 insidiabatur,
2756 994 2811 1040 et
2835 967 3208 1058 supplantatus
3235 1004 3349 1062 est;
3381 996 3505 1054 huic
3528 1000 3654 1055 dia-

2060 1058 2215 1116 bolus
2262 1063 2645 1140 insidiabatur,
2681 1082 2736 1129 et
2771 1088 3055 1136 coronatus
3079 1092 3179 1136 est.
3222 1058 3411 1142 Nonne
3436 1087 3658 1145 faculta-

2062 1157 2142 1205 tes
2166 1153 2282 1220 ejus
2307 1157 2565 1214 abstulit?
2599 1162 2706 1219 Sed
2748 1166 2997 1235 pietatem
3041 1186 3145 1227 non
3189 1176 3410 1245 eripuit.
3458 1178 3657 1237 Nonne

2061 1242 2201 1300 filios
2226 1246 2343 1317 ejus
2367 1254 2749 1312 sustulit?Sed
2791 1259 2949 1315 fidem
2993 1278 3098 1317 non
3137 1242 3414 1324 successit.
3459 1271 3654 1329 Nonne

2059 1347 2254 1404 corpus
2299 1338 2415 1408 ejus
2449 1345 2705 1400 sauciavit
2734 1348 2757 1402 ?
2794 1348 2896 1405 Sed
2929 1352 3234 1409 thesaurum
3270 1374 3376 1413 non
3420 1360 3650 1418 invenit.

2058 1424 2245 1484 Nonne
2266 1445 2488 1489 uxorem
2509 1436 2626 1506 ejus
2654 1442 2817 1498 armis
2840 1442 3127 1502 instruxit?
3151 1447 3259 1504 Sed
3286 1451 3507 1508 militem
3537 1471 3651 1511 non

2056 1522 2365 1585 prostravit.
2396 1524 2585 1584 Nonne
2631 1532 2732 1585 tela
2774 1534 3099 1607 sagittasque
3139 1540 3360 1595 emisit?
3402 1542 3507 1599 Sed
3555 1546 3650 1603 ille

2055 1608 2271 1663 vulnera
2297 1627 2403 1668 non
2429 1620 2653 1688 accepit.
2697 1620 2969 1681 Machinas
3006 1628 3280 1699 admovit,
3324 1632 3418 1688 sed
3454 1638 3647 1691 turrim

2055 1714 2161 1754 non
2189 1708 2493 1776 quassavit;
2524 1709 2716 1768 ﬂuctus
2755 1715 2999 1786 induxit,
3041 1722 3134 1776 sed
3175 1739 3361 1780 navem
3410 1743 3516 1783 non
3546 1730 3648 1785 de-

2054 1794 2258 1849 mersit.
2294 1797 2439 1854 llane
2467 1802 2596 1856 mibi
2628 1804 2796 1875 legem
2826 1818 3037 1865 servate
3058 1852 3075 1877 ,
3106 1828 3288 1884 quaaso
3310 1857 3327 1881 ,
3358 1829 3644 1890 vestraque

2055 1892 2212 1956 tango
2228 1903 2418 1959 genua,
2438 1898 2539 1950 etsi
2570 1912 2675 1952 non
2706 1915 2885 1968 manu,
2918 1903 3102 1958 saltem
3131 1908 3329 1975 animo,
3352 1909 3646 1983 lacrymas-

2051 1991 2157 2046 que
2202 1979 2384 2037 fundo.
2429 1983 2577 2041 Hanc
2615 1988 2746 2043 mihi
2786 2004 2993 2048 servate
3022 1994 3191 2065 legem
3216 2038 3232 2062 ,
3263 2007 3318 2053 et
3358 1979 3515 2056 nemo
3544 2017 3644 2058 vos

2050 2068 2229 2125 ltedet.
2258 2071 2557 2143 Numquam
2596 2078 2810 2135 beatum
2844 2084 3142 2152 prtedicetis
3179 2088 3434 2157 divitem;
3467 2094 3644 2148 nemi-

2051 2176 2173 2219 nem
2216 2165 2469 2223 miserum
2496 2169 2684 2227 dicatis
2728 2174 2830 2229 nisi
2866 2191 2989 2232 eum
3028 2179 3120 2248 qui
3165 2180 3218 2235 in
3263 2193 3483 2253 peccato
3524 2187 3639 2241 sit:

2048 2252 2264 2310 beatum
2295 2259 2579 2327 prmdicate
2606 2278 2728 2319 eum
2759 2266 2848 2336 qui
2879 2268 2933 2321 in
2958 2269 3184 2341 justitia.
3217 2252 3331 2327 Non
3360 2275 3503 2329 enim
3538 2292 3641 2331 na~

2051 2353 2166 2399 tura
2195 2362 2373 2404 rerum
2398 2392 2412 2417 ,
2444 2353 2539 2408 sed
2571 2370 2723 2411 meus
2748 2356 3024 2415 hominum
3056 2371 3110 2417 et
3139 2362 3279 2419 hunc
3304 2376 3354 2420 et
3379 2366 3524 2421 illum
3554 2377 3637 2423 ta-

2049 2436 2153 2491 lem
2177 2437 2357 2495 cffieit.
2387 2441 2683 2514 Numquam
2709 2448 2911 2518 gladios
2942 2452 3150 2517 timeas,
3180 2455 3280 2509 nisi
3310 2458 3637 2514 conscientia

2051 2537 2103 2582 te
2126 2538 2340 2585 accuset
2373 2550 2386 2587 :
2427 2549 2713 2606 numquam
2743 2540 2929 2595 timeas
2956 2542 3006 2596 in
3038 2542 3199 2611 bello,
3234 2546 3277 2600 si
3308 2549 3638 2604 conscientia

2050 2626 2135 2670 tua
2166 2634 2297 2688 pura
2322 2624 2410 2677 sit.
2438 2623 2666 2681 Ubinam
2693 2640 2819 2684 sunt
2848 2631 2918 2697 ii,
2951 2634 3039 2702 qui
3068 2633 3190 2689 hinc
3218 2637 3639 2694 abscesserunt?

2046 2708 2231 2765 Nonne
2258 2726 2447 2769 omnes
2474 2715 2690 2771 demissi
2721 2721 2972 2777 Stabant?
3002 2739 3178 2779 nonne
3203 2726 3292 2795 qui
3319 2727 3371 2782 in
3404 2730 3635 2784 maxima

2046 2799 2302 2871 dignitate
2331 2807 2605 2861 constituti
2633 2819 2808 2876 erant,
2839 2813 3137 2869 tremebant
3166 2816 3322 2871 illos?
3347 2833 3525 2873 nonne
3550 2837 3638 2875 ve-

2046 2892 2415 2949 nerabantur?
2446 2895 2551 2951 Sed
2580 2900 2723 2953 venit
2752 2912 3046 2971 peccatum,
3078 2915 3133 2960 et
3161 2910 3338 2962 omnia
3370 2922 3634 2979 prostrata

2049 2994 2217 3049 sunt;
2267 2985 2450 3041 famuli
2495 2990 2741 3059 judices,
2786 2992 3092 3052 adulatores
3140 3000 3419 3055 carnifices
3459 3004 3635 3059 effecti

2044 3084 2168 3129 sunt
2196 3092 2210 3142 ;
2242 3078 2330 3146 qui
2366 3094 2556 3135 manus
2580 3080 2695 3152 ejus
2716 3084 3116 3155 osculabantur,
3156 3091 3327 3159 ipsum
3356 3092 3425 3144 ab
3454 3096 3632 3148 eccle~
3667 3109 3671 3112 ‘

2043 3165 2120 3220 sia
2167 3167 2515 3237 abripuerunt
2540 3187 2554 3236 ;
2579 3173 2674 3241 qui
2708 3173 2821 3228 heri
2865 3192 3077 3232 manum
3118 3180 3234 3249 ejus
3269 3184 3631 3254 osculabatur,

2044 3257 2201 3312 hodie
2240 3259 2485 3316 inimicus
2516 3262 2657 3317 illius
2685 3274 2786 3320 est.
2814 3265 3036 3332 Quare?
3062 3269 3196 3335 Quia
3225 3272 3337 3327 heri
3370 3290 3472 3327 non
3504 3292 3634 3355 vere

2042 3347 2189 3403 illum
2213 3350 2483 3421 diligebat.
2510 3353 2663 3409 Venit
2694 3365 2901 3426 tempus
2924 3400 2939 3424 ,
2982 3370 3036 3414 et
3078 3361 3238 3416 larvae
3280 3351 3632 3433 deprehensa:

2041 3450 2185 3496 sunt.
2217 3443 2409 3498 Annon
2437 3445 2549 3500 heri
2581 3462 2770 3502 manus
2796 3450 3124 3506 osculabaris
3148 3494 3162 3519 ,
3191 3468 3420 3523 eumque
3446 3471 3633 3512 serva-

2044 3544 2232 3600 torem,
2263 3545 2564 3592 curatorem
2592 3546 2645 3592 et
2679 3539 2972 3595 beneficum
3000 3545 3273 3599 vocabas?
3301 3562 3477 3601 nonne
3516 3548 3632 3602 lau-

2040 3623 2136 3678 des
2186 3625 2401 3681 texcbas
2442 3626 2801 3683 innumeras?
2836 3630 2941 3685 Cur
2984 3631 3142 3688 hodie
3187 3637 3455 3691 accusas?
3501 3638 3629 3693 Heri

2040 3714 2300 3780 laudator,
2330 3715 2488 3771 hodie
2509 3721 2828 3774 accusator?
2850 3721 2960 3804 beri
2992 3722 3195 3791 laudes,
3226 3725 3382 3781 hodie
3402 3729 3628 3784 crimina

2039 3806 2242 3862 offers?
2269 3811 2397 3875 Qua:
2426 3812 2690 3866 mutatio?
2714 3829 2832 3884 qum
2868 3816 3178 3870 translatio?

2110 3901 2163 3955 5.
2188 3901 2274 3954 -At
2302 3915 2404 3955 non
2436 3916 2535 3971 ego
2562 3904 2680 3957 talis
2707 3921 2720 3956 :
2754 3906 2843 3975 qui
2872 3907 3077 3962 insidiis
3099 3911 3409 3978 appetebar,
3443 3922 3625 3982 patro-

2039 4006 2139 4043 nus
2164 3990 2386 4046 effectus
2414 4008 2551 4047 sum.
2600 3993 2882 4050 lnnumera
2922 4000 3100 4067 gravia
3135 4016 3323 4069 passus
3347 4044 3361 4067 ,
3395 4019 3499 4058 neu
3530 4020 3627 4073 par

2039 4082 2155 4152 pari
2193 4084 2369 4139 retuli.
2411 4085 2693 4140 Dominum
2732 4103 2906 4143 meum
2937 4091 3136 4155 imitor,
3168 4093 3256 4161 qui
3284 4093 3335 4146 in
3362 4109 3519 4148 cruce
3544 4095 3630 4149 di-

2038 4174 2112 4228 xit
2144 4191 2157 4227 :
2192 4174 2398 4229 Dimitte
2422 4177 2492 4229 eis
2524 4192 2543 4230 :
2571 4193 2671 4230 non
2699 4179 2830 4231 enim
2860 4181 3024 4234 sciunt
3061 4182 3182 4251 quid
3225 4185 3418 4255 faciunt
3453 4184 3621 4256 (Luc.

2034 4265 2123 4320 2'5.
2149 4265 2274 4335 Si).
2305 4267 2427 4321 Hcce
2454 4277 2629 4321 autem
2659 4267 2780 4323 dico
2804 4311 2819 4335 ,
2862 4286 2929 4326 ne
2969 4272 3226 4327 malorum
3255 4289 3349 4329 vos
3392 4277 3631 4345 suSpicio

2036 4366 2361 4426 corrumpat.
2391 4360 2531 4424 Quot
2559 4361 2875 4416 mutationes
2901 4363 3238 4426 exstiterunt,
3269 4380 3330 4418 ex
3363 4382 3466 4435 quo
3497 4359 3627 4421 civi-

2037 4448 2128 4501 tati
2161 4448 2283 4502 huic
2315 4448 2520 4519 praefui,
2555 4458 2609 4505 et
2633 4466 2792 4505 nemo
2821 4451 2886 4506 ad
2914 4454 3188 4507 meliorem
3220 4470 3277 4509 se
3305 4454 3510 4525 frugem
3541 4474 3624 4512 re-

2035 4542 2205 4606 cipit?
2227 4540 2359 4597 Cum
2385 4551 2564 4598 autem
2587 4543 2727 4611 dico,
2757 4560 2936 4609 nemo,
2961 4561 3065 4599 non
3091 4562 3278 4602 omnes
3299 4548 3621 4615 condemno,

2035 4632 2192 4685 absit.
2226 4631 2342 4687 Non
2371 4635 2512 4687 enim
2554 4632 2669 4690 fieri
2712 4643 2927 4704 potest,
2959 4647 3015 4690 ut
3043 4637 3142 4692 hoc
3169 4637 3363 4709 pingue
3391 4654 3579 4693 arvum
3610 4680 3628 4705 ,

2036 4735 2328 4781 sementem
2361 4728 2624 4798 recipiens
2647 4771 2660 4793 ,
2692 4739 2926 4798 segetem
2959 4746 3063 4783 non
3095 4730 3330 4800 proferat
3359 4750 3371 4785 :
3400 4731 3493 4787 sed
3522 4748 3623 4802 ego

2035 4816 2347 4871 insatiabilis
2367 4832 2506 4884 sum,
2532 4819 2654 4872 nolo
2683 4834 2897 4889 paucos,
2922 4820 3017 4876 sed
3039 4836 3224 4874 omnes
3244 4821 3470 4877 salutem
3495 4838 3625 4878 eon-

2035 4909 2205 4978 sequi.
2232 4908 2285 4964 Si
2318 4911 2401 4963 vel
2431 4926 2564 4965 unus
2592 4920 2775 4980 pereat
2798 4952 2812 4977 ,
2842 4928 2938 4981 ego
2972 4914 3099 4982 perii
3126 4932 3141 4967 :
3175 4924 3302 4983 puto
3326 4930 3413 4969 me
3441 4925 3623 4986 pasto-

2035 5017 2149 5054 rem
2180 5001 2325 5055 illum
2353 5001 2544 5055 imitari
2571 5044 2584 5065 ,
2613 5003 2701 5072 qui
2729 5019 2848 5057 cum
2874 5006 3157 5073 nonaginta
3186 5022 3374 5059 novem
3401 5006 3623 5062 haberet

2033 5108 2161 5145 oves
2186 5134 2202 5159 ,
2228 5092 2292 5147 ad
2321 5109 2475 5147 unam
2503 5110 2621 5162 qua:
2646 5104 2918 5148 erraverat
2953 5097 3177 5149 accurrit
3206 5095 3373 5167 (Luc.
3402 5097 3489 5151 15.
3521 5099 3555 5152 4
3580 5100 3621 5169 ).

2031 5184 2320 5256 ριιοιιειμω
2359 5188 2596 5256 pecunia:
2617 5188 2639 5240 ?
2663 5203 2941 5257 quouSqne
2985 5199 3260 5258 argentum
3288 5232 3304 5256 ,
3344 5207 3624 5260 quousque

2030 5293 2218 5331 aurqu
2243 5320 2255 5342 ,
2286 5294 2561 5349 quousque
2590 5279 2772 5333 vinum
2805 5280 3073 5335 effusum?
3102 5297 3377 5351 quousque
3403 5282 3621 5337 famulo-

2030 5388 2147 5427 rum
2173 5369 2544 5428 adulationes?
2564 5387 2840 5442 quousque
2867 5383 3103 5428 crateres
3129 5375 3404 5429 coronati?
3424 5391 3622 5445 quons~

2033 5478 2136 5532 que
2159 5464 2395 5517 satanica
2421 5463 2683 5530 convivia,
2713 5463 2973 5518 diabolica
3000 5466 3308 5535 operatione
3333 5467 3526 5537 plena?

2025 5637 2246 5707 quentia,
2269 5648 2428 5705 usque
2450 5635 2529 5711 ad2
2556 5634 2598 5686 si
2612 5636 2899 5711 fonscientie
2917 5644 3005 5711 tua
3027 5652 3153 5711 pure
3172 5639 3250 5711 sit,
3281 5652 3392 5711 quae
3409 5639 3620 5711 mediam

2026 5698 2223 5747 circiter
2238 5699 2466 5778 paginam
2487 5698 2766 5778 absrdvpnt,
2792 5701 2844 5748 in
2867 5698 3090 5751 Editis'et
3110 5703 3184 5774 .iu
3208 5698 3312 5778 slsis-3
3342 5703 3619 5778 bella-till“:

2262 5768 2454 5778 μη.-.-
2482 5772 2493 5778 ,
2539 5774 2589 5778 η
2690 5762 2741 5778 ,μ
3011 5771 3034 5778 η
3112 5777 3145 5778 η
3195 5770 3221 5778 Α

2031 5763 2092 5808 tis
2114 5760 2455 5827 desiderantur
2481 5772 2493 5808 :
2536 5761 2624 5827 sed
2650 5760 2896 5811 habentur
2919 5765 2969 5812 in
3009 5764 3155 5827 Regio
3190 5764 3363 5814 Codice
3400 5763 3539 5823 1965.
3563 5770 3617 5815 et

2025 5822 2210 5883 optime
2234 5820 2469 5870 ouadraut
2493 5822 2549 5868 ad
2574 5834 2788 5871 sensum.
