4036 6378
283 350 381 406 599
851 346 1136 404 HOMle
1174 345 1263 401 DE
1300 342 1528 403 CAPTO
1569 340 1920 399 EUTROPIO
1957 340 2048 398 ET
2089 341 2177 399 DE
2212 342 2626 406 DIVITIARUM
2663 346 3042 410 VANITATE.

288 466 397 529 τὸν,
444 463 587 519 ἀλλά
630 465 720 529 66;
765 464 928 518 αὐτὸν
974 465 1055 528 είς
1083 463 1181 527 τὰς
1233 466 1423 535 χεῖρας
1463 462 1574 519 τῶν
1603 463 1873 532 πενήτων.

290 551 485 624 Θηρίον
514 552 667 605 ἐστὶν
693 552 722 605 6
758 550 1014 613 πλοῦτος·
1052 550 1117 604 ἂν
1169 551 1269 621 μὲν
1302 551 1619 622 κατέχηται,
1651 550 1842 619 φεύγει
1863 564 1877 579 ⁸

292 646 356 700 ἂν
385 645 443 697 δέ
477 643 872 714 σκορπίζηται,
906 643 1081 713 μένει.
1125 643 1487 710 Ἐσκόρπισε
1531 641 1661 713 γὰρ,
1691 642 1877 711 φησὶν,

289 731 469 787 ἔδωκε
497 730 624 797 τοῖς
653 729 933 798 πένησιν,
966 729 1004 795 ἡ
1023 729 1378 797 δικαιοσύνη
1403 728 1587 785 αὐτοῦ
1600 729 1765 798 μένει
1792 731 1881 794 εὶς

290 820 396 874 τὸν
417 821 628 875 αιῶνα..
659 818 980 889 Σκόρπισον,
1009 817 1094 870 ἵνα
1120 817 1306 890 μείνῃο
1338 818 1412 888 μὴ
1439 817 1765 891 κατορύξῃς,
1791 818 1879 873 ἵνα

294 908 366 980 μὴ
416 907 586 980 φύγῃ.
638 907 746 960 Ποῦ
800 908 828 959 6
877 903 1140 971 πλοῦτος;
1174 905 1343 976 ἡδέως
1390 905 1456 959 ἂν
1498 905 1726 977 ἐροίμην
1753 906 1879 969 τοὺς

290 995 647 1058 ἀπελθόντας.
677 994 837 1062 Λέγω
874 994 930 1047 δέ
967 991 1139 1046 ταῦτα
1190 994 1292 1046 οὐκ
1342 993 1637 1058 ὀνειδίζων,
1671 992 1744 1064 μὴ
1787 992 1879 1062 γέ-

288 1099 451 1137 νοιτο.
490 1082 615 1136 οὐδὲ
658 1080 963 1145 ἀναξαίνων
1019 1081 1089 1135 τὰ
1148 1080 1319 1152 ἐλκη,
1375 1080 1511 1135 ἀλλὰ
1554 1082 1624 1135 τὰ
1674 1081 1878 1152 ἐτέρων

287 1170 525 1239 ναυάγια
555 1169 686 1240 ὑμῖν
714 1168 908 1239 λιμένα
942 1168 1390 1234 κατασκευάζων.
1418 1168 1551 1222 Ὅτε
1595 1169 1646 1222 οἱ
1708 1186 1875 1240 στραι-

286 1258 500 1322 τιῶται,
528 1256 622 1310 καὶ
651 1254 720 1309 τὰ
744 1252 891 1328 ξίφη,
915 1257 1002 1310 ὅτε
1033 1256 1187 1319 πόλις
1210 1255 1444 1323 ἐκαίετο,
1480 1257 1569 1309 ὅτε
1595 1256 1831 1327 διάδημα
1849 1267 1875 1298 α

287 1346 388 1399 οὐκ
407 1347 614 1417 ἴσχυεν,
644 1346 733 1399 ὅτε
764 1343 1023 1415 πορφύρα
1054 1342 1328 1414 ὑϐρίζετο,
1355 1344 1445 1396 ὅτε
1478 1344 1674 1414 μανίας
1693 1344 1875 1398 πάντα

288 1433 478 1504 ἔγεμε,
507 1433 610 1487 ποῦ
646 1435 676 1486 6
716 1431 976 1498 πλοῦτος;
1001 1430 1105 1484 ποῦ
1132 1430 1199 1485 τὰ
1228 1429 1634 1503 ἀργυρώματα;
1661 1431 1764 1486 ποῦ
1816 1434 1874 1486 αξ

287 1519 468 1574 κλῖναι
502 1521 558 1573 αἱ
586 1521 859 1592 ἀργυραῖ;
888 1519 991 1572 ποῦ
1026 1520 1076 1572 οἱ
1107 1518 1316 1572 οἰκέται
1340 1534 1355 1583 ;
1384 1517 1594 1581 Πάντες
1618 1519 1677 1572 ἐν
1703 1521 1870 1591 φυγῇ.

288 1606 402 1660 Ποῦ
422 1608 472 1660 οἱ
497 1606 774 1678 εὐνοῦχοι;
805 1606 1015 1670 Πάντες
1039 1605 1465 1676 ἐδραπέτευσαν.
1493 1605 1603 1658 Ποῦ
1628 1608 1675 1659 οἱ
1697 1606 1872 1675 φίλοις

287 1693 374 1748 Τά
405 1697 727 1765 προσωπεῖα
759 1693 1046 1765 ήλλασσον.
1080 1692 1190 1746 Ποῦ
1219 1694 1273 1746 αί
1300 1692 1501 1758 οίκίαι;
1537 1691 1877 1746 Ἀπεκλείον-

287 1798 369 1834 το·
404 1780 516 1834 Ποῦ
551 1780 621 1834 τὰ
659 1781 954 1851 χρήματα;
990 1778 1231 1848 Ἐφυγεν
1257 1781 1285 1833 6
1312 1778 1450 1850 ἔχων
1477 1780 1638 1834 αὐτά.
1666 1780 1778 1833 Καὶ
1810 1783 1878 1835 τὰ

285 1869 550 1939 χρήματα
581 1866 720 1933 ποῦ;
758 1865 1088 1938 Κατωρύγη.
1136 1866 1249 1920 Ποῦ
1302 1865 1511 1938 ἐκρύϐη
1531 1865 1690 1920 τοῦτο
1725 1867 1874 1933 ὅλον;

286 1956 379 2026 Μὴ
424 1954 684 2025 φορτικός
736 1954 873 2024 εἰμι,
929 1954 1004 2025 μὴ
1052 1951 1318 2023 ἐπαχθὴς,
1364 1953 1451 2005 ἀεὶ
1492 1952 1685 2021 λέγων,
1737 1954 1820 2006 ὅτι
1848 1954 1877 2005 6

288 2040 519 2105 πλοῦτος
546 2043 673 2105 τοὺς
693 2040 878 2103 κακῶς
899 2040 1272 2111 κεχρημένους
1293 2040 1616 2109 προδίδωσιν
1636 2058 1651 2109 ;
1674 2034 1877 2095 ’Ἦλθεν

284 2129 313 2181 6
342 2128 539 2199 καιρὸς
563 2128 777 2191 δεικνὺς
808 2126 915 2180 τῶν
946 2126 1207 2199 ῥημάτων
1236 2127 1333 2199 τὴν
1366 2126 1647 2198 ἀλήθειαν.
1681 2128 1746 2181 Τί
1780 2146 1879 2182 κα-

284 2216 467 2287 τέχεις
497 2216 680 2282 αὐτὸν,
723 2218 781 2269 ἐν
816 2214 1112 2285 πειρασμῷ
1138 2232 1198 2267 σε
1231 2213 1399 2285 μηδὲν
1433 2213 1782 2283 ὠφελοῦντα;
1815 2216 1876 2269 EE

284 2302 399 2373 ἔχει
417 2302 593 2372 ἰσχὺν,
609 2302 735 2356 ὅταν
752 2301 999 2373 ἐμπέσῃς
1014 2301 1093 2364 εἰς
1114 2301 1382 2373 ἀνάγκην,
1402 2300 1663 2372 παρέστω
1686 2319 1767 2355 σοι
1792 2318 1804 2331 ο
1828 2303 1875 2355 εἰ

284 2391 340 2445 δὲ
366 2391 493 2445 τότε
528 2391 739 2459 φεύγει,
757 2389 811 2442 τί
843 2393 1030 2463 χρείαν
1048 2388 1211 2442 αὐτοῦ
1228 2388 1373 2460 ἔχεις
1393 2408 1406 2457 ;
1423 2390 1571 2444 Αὐτά
1596 2391 1663 2444 τά
1694 2392 1875 2460 πράγ-

268 2496 434 2550 ματα
469 2482 757 2551 μαρτυρεῖ.
793 2476 857 2530 Τί
888 2477 946 2530 16
990 2474 1215 2546 630210;;
1250 2476 1394 2547 Ξίφη
1423 2478 1759 2548 ἠκονημένα,
1782 2479 1876 2532 θά-

285 2587 444 2632 νατος
473 2567 883 2639 ἀπειλούμενος,
912 2567 1272 2639 στρατόπεδον
1317 2569 1665 2638 μαινόμενον,
1709 2584 1877 2640 προσο

281 2656 440 2710 δοκία
464 2655 699 2725 ἀπειλῆς
726 2653 876 2727 [589]
910 2654 1205 2725 τοσαύτης·
1253 2655 1348 2708 καὶ
1383 2655 1411 2707 6
1459 2654 1686 2719 πλοῦτος
1717 2657 1877 2708 οὐδα-

287 2744 413 2815 μοῦ.
446 2743 557 2796 Ποῦ
587 2744 829 2812 ἔφυγενὸ
850 2743 1158 2814 δραπέτης;
1187 2743 1357 2807 Αὐτός
1382 2760 1468 2796 σοι
1493 2741 1869 2797 κατεσκεύασε

281 2830 461 2886 ταῦτα
494 2831 692 2893 πάντα,
731 2831 826 2883 καὶ
850 2832 907 2883 ἐν
938 2829 1114 2901 καιρῷ
1148 2831 1397 2902 ἀνάγκης
1443 2831 1655 2900 φεύγει.
1683 2831 1875 2884 Καίτοι

285 2919 475 2975 πολλοὶ
519 2918 814 2988 ἐγκαλοῦσί
845 2935 934 2989 μοι
978 2920 1065 2972 ἀεὶ
1105 2917 1379 2987 λέγοντες,
1400 2917 1741 2989 Κεκόλλησαι
1766 2921 1876 2982 τοῖς

284 3007 561 3072 πλουσίοις
583 3024 595 3037 ·
633 3008 730 3061 καὶ
762 3006 871 3077 γὰρ
922 3007 1016 3060 καὶ
1049 3008 1245 3061 ἐκεῖνοι
1272 3006 1358 3060 ἀεὶ
1389 3006 1745 3076 κεκόλληνται
1765 3008 1877 3070 τοῖς

286 3097 538 3166 πένησιν.
580 3094 721 3164 Ἐγὼ
748 3094 805 3148 δ“ε
840 3094 1069 3165 κεκόλλη
1080 3112 1177 3165 μαι
1205 3097 1316 3158 τοῖς
1341 3094 1646 3158 πλουσίοις·
1676 3095 1736 3147 οὐ
1765 3097 1878 3158 τοῖς

285 3184 565 3246 πλουσίοις
586 3182 663 3245 δὲ,
701 3182 836 3238 ἀλλὰ
868 3184 979 3245 τοῖς
1021 3181 1205 3244 κακῶς
1235 3182 1313 3253 τῷ
1359 3181 1574 3252 πλούτῳ
1598 3181 1876 3253 κεχρημέ-

286 3288 417 3334 νοις.
465 3271 577 3322 Ἀεὶ
602 3270 710 3341 γὰρ
763 3269 926 3339 λέγω,
958 3271 1039 3322 ὅτι
1067 3271 1128 3323 ού
1160 3269 1250 3323 16v
1285 3269 1538 3323 πλούσιον
1585 3269 1875 3334 διαϐάλλω,

284 3357 423 3412 ἀλλὰ
458 3357 551 3410 τὸν
593 3357 841 3430 ἅρπαγα.
878 3356 1040 3410 "A110
1069 3356 1124 3411 δέ
1170 3356 1448 3423 πλούσιος,
1484 3357 1579 3411 καὶ
1616 3356 1745 3411 ἄλλο
1778 3355 1879 3427 ἆρ-

286 3445 428 3512 παξ*
470 3444 598 3500 ἀλλο
626 3444 879 3517 εὔπορος,
903 3444 998 3498 καὶ
1022 3444 1151 3498 ἄλλο
1186 3445 1535 3514 πλεονέκτης.
1577 3444 1785 3516 Διαίρει
1809 3444 1879 3499 τά

284 3534 612 3605 πράγματα,
645 3532 741 3585 καὶ
783 3532 857 3603 μὴ
898 3531 1092 3602 σύγχεε
1124 3531 1193 3585 τὰ
1244 3532 1468 3603 ἄμικτα.
1499 3531 1760 3596 Πλούσιος
1791 3527 1874 3599 cf;

287 3624 365 3677 Οὐ
409 3621 624 3677 κωλύω.
663 3622 884 3692 ’Ἅρπαξ
918 3617 998 3687 et;
1044 3621 1374 3691 Κατηγορῶ.
1412 3622 1596 3693 Ἔχεις
1642 3621 1713 3675 τά
1778 3621 1875 3688 σά;

298 3710 586 3764 Ἀπόλαυε.
616 3709 932 3779 Λαμϐάνεις
967 3708 1034 3762 τὰ
1065 3709 1351 3780 ἀλλότρια;
1383 3709 1459 3765 Ού
1501 3710 1658 3778 σιγῶ.
1693 3708 1878 3772 Θέλεις

292 3816 362 3870 με
393 3797 644 3862 λιθάσαι;
681 3797 941 3867 Ἕτοιμός
970 3798 1085 3867 είμι
1113 3796 1174 3849 16
1200 3792 1341 3867 αἷμά
1376 3814 1479 3867 μου
1512 3796 1744 3867 ἐκχέειν,
1780 3796 1879 3865 μό-

289 3904 378 3939 νον
406 3885 504 3956 τὴν
541 3885 817 3956 ἁμαρτίαν
854 3899 948 3936 σου
982 3884 1196 3937 κωλύω.
1248 3884 1404 3954 Ἐμοὶ
1428 3884 1487 3936 ού
1514 3883 1664 3954 μέλει
1699 3884 1874 3954 μῖσος,

289 3975 351 4030 ού
389 3975 541 4046 μέλει
578 3992 666 4045 μοι
697 3973 931 4044 πόλεμος
952 3990 965 4003 ·
1003 3973 1119 4036 ἐνὸς
1150 3972 1207 4026 δέ
1241 3990 1332 4043 μοι
1368 3972 1527 4042 μόνον
1574 3970 1747 4042 μέλει,
1777 3970 1879 4041 τῆς

290 4062 575 4135 προκοπῆς
602 4061 711 4115 τῶν
738 4060 1067 4115 ἀκουόντων.
1101 4061 1214 4114 Καὶ
1242 4061 1292 4113 οἱ
1324 4058 1571 4113 πλούσιοι
1609 4058 1720 4128 ἐμὰ
1757 4058 1879 4112 τέκ-

293 4168 378 4214 ra,
406 4152 502 4206 καὶ
537 4151 587 4203 οἱ
616 4150 847 4219 πένητες
882 4148 991 4218 ἐμὰ
1038 4147 1230 4200 τέκνα·
1263 4148 1296 4218 ἡ
1350 4146 1488 4217 αὑτὴ
1539 4145 1752 4217 γαστὴρ
1782 4146 1883 4215 ἀμ-

291 4239 553 4311 φοτέρους
585 4237 773 4291 ὤδινεν
796 4254 811 4269 ο
850 4238 904 4289 αί
935 4236 1096 4290 αὐταὶ
1145 4235 1337 4297 ὠδῖνες
1379 4234 1723 4303 ἀμφοτέρους
1772 4230 1882 4284 ἐτε-

291 4344 408 4384 κον.
441 4327 539 4379 Ἂν
585 4325 767 4378 τοίνυν
813 4322 1144 4393 κεκόλλησαι
1191 4320 1268 4392 τῷ
1315 4321 1532 4392 πένητι,
1588 4317 1881 4390 κατηγορῶ

296 4431 421 4469 σουσ
457 4415 518 4467 ού
563 4412 671 4484 γὰρ
718 4409 815 4464 τοῦ
866 4411 1102 4482 πένητος
1148 4408 1384 4480 τοσαύτη
1420 4406 1613 4479 ζημία,
1648 4407 1744 4477 ὅση
1784 4404 1878 4458 τοῦ

295 4502 551 4556 πλουσίου
572 4502 622 4555 1³.
671 4500 731 4557 Ὀ
762 4501 862 4571 μέν
892 4500 1002 4570 γὰρ
1036 4499 1205 4571 πένης
1233 4498 1385 4551 οὐδὲν
1423 4498 1564 4568 μέγα
1592 4497 1876 4549 ἀδικεῖται·

294 4591 378 4655 εἰς
404 4593 664 4663 χρήματα
691 4589 802 4660 γὰρ
840 4589 1137 4660 βλάπτεται
1157 4602 1173 4618 ⁸
1209 4589 1273 4641 σὺ
1294 4587 1351 4640 δέ
1387 4587 1466 4650 εἰς
1491 4585 1670 4656 ψυχὴν
1708 4585 1880 4654 βλάπ-

293 4695 383 4753 τῃ.
403 4680 461 4732 '0
480 4677 797 4749 βουλόμενος
818 4680 985 4732 ἀποτε
995 4677 1193 4748 μνέτω,
1212 4678 1240 4729 6
1258 4674 1579 4746 βουλόμενος
1592 4673 1877 4739 λιθαζέτω,

294 4770 324 4821 6
356 4766 673 4836 βουλόμενος
710 4766 940 4838 μισείτω
959 4784 972 4798 ·
1014 4764 1285 4835 ὑποθῆκαι
1315 4762 1423 4833 γὰρ
1449 4763 1574 4832 ἐμοὶ
1603 4761 1881 4831 στεφάνων

295 4854 355 4907 αἱ
381 4852 677 4918 ἐπιϐουλαὶ,
710 4853 805 4907 καὶ
837 4851 1069 4923 ἀριθμὸς
1104 4850 1372 4922 βραϐείων
1401 4849 1470 4903 τὰ
1501 4849 1812 4921 τραύματα.

367 4939 430 4993 δ’.
472 4940 547 4992 υύ
578 4940 792 4993 δέδοικα
819 4940 996 4994 τοίνυν
1027 4938 1350 5009 ἐπιϐουλήν·
1384 4937 1441 4990 ἓν
1466 4937 1677 4991 δέδοικα
1701 4937 1880 5007 μόνον,

294 5022 593 5095 ἁμαρτίαν.
648 5023 731 5095 Μὴ
787 5024 853 5094 μέ
900 5041 984 5086 τις
1031 5022 1226 5096 ἐλέγξῃ
1277 5021 1677 5094 ἁμαρτάνοντα,
1723 5020 1818 5073 καὶ
1849 5021 1883 5090 ἡ

297 5106 591 5178 οἰκουμένη
616 5109 765 5161 πᾶσα
785 5108 1094 5178 πολεμείτω
1126 5125 1234 5177 μοι.
1272 5107 1328 5160 '0
1349 5105 1457 5176 γὰρ
1478 5104 1712 5175 πόλεμος
1731 5098 1884 5167 οὗτος

300 5189 677 5262 λαμπρότερόν
698 5208 763 5261 με
784 5189 1098 5262 ἐργάζεται.
1126 5190 1281 5243 Οὕτω
1303 5190 1397 5242 καὶ
1418 5189 1561 5258 ὑμᾶς
1598 5185 1884 5240 παιδεῦσαι

298 5270 581 5343 βούλομαι.
606 5272 720 5346 [Μὴ
760 5272 1034 5345 φοϐηθῆτε
1057 5272 1349 5343 ἐπιϐουλὴν
1379 5270 1636 5324 δυνάστου
1663 5280 1711 5333 ε,
1749 5267 1884 5323 ἀλλά

362 5387 391 5417 ⁸
415 5385 645 5458 ροσε-εἰσ
663 5386 926 5458 hgbel,_612
941 5390 975 5458 ᾖ
995 5387 1131 5458 πόλις
1150 5383 1353 5441 ἐκαίετο,
1378 5382 1458 5453 ὅτε
1472 5380 1614 5457 μανία
1631 5380 1881 5458 ἀφόρητος,

295 5448 387 5499 ὅτι
398 5450 536 5563 νηῒς
545 5447 825 5509 ἐπατοῦντο,
838 5449 918 5496 ὅτε
938 5448 1144 5511 βασιλεῖς
1153 5462 1267 5494 κατε
1273 5444 1527 5513 φρονοῦντο
1534 5480 1545 5501 ,
1559 5444 1792 5513 ὅτευδιάδη
1799 5459 1880 5503 μα.

306 5512 450 5582 ’.δίε
487 5524 653 5582 ’περ
685 5511 876 5579 Regiys
898 5508 1116 5582 _0pu§ne.
1134 5509 1356 5582 .Edlqti’et
1393 5507 1478 5553 alu
1499 5505 1553 5552 οὐ
1574 5521 1660 5552 του
1687 5505 1885 5560 πένητος

301 5572 359 5624 δὲ
371 5574 599 5625 τοσοῦτον
617 5574 735 5622 ὅσον
754 5570 842 5619 τοῦ
862 5571 1092 5619 πλουσίου
1130 5572 1185 5616 τὸ
1224 5570 1450 5629 ἀδίκημα.

365 5636 389 5668 ⁸⁵
413 5634 539 5687 Hm
551 5634 727 5695 verba,
771 5633 845 5696 μή
884 5633 1119 5696 φοϐηθῆτε
1145 5626 1406 5696 *ἐπιϐουλήν
1435 5626 1686 5696 δυνάστου,
1717 5631 1770 5674 et
1793 5638 1885 5696 _sq-

302 5688 723 5761 quamimnsque'
742 5688 803 5744 ad
828 5688 1224 5761 669.16;aovev.66;
1242 5708 1329 5739 σου
1365 5689 1568 5761 καθαρόν
1612 5688 1662 5761 ἧι,
1692 5688 1885 5736 uncinis

306 5748 816 5821 ihelnsidxhsfulpole
857 5756 1040 5821 qualn
1086 5752 1255 5803 multis
1297 5765 1406 5801 cum
1450 5748 1598 5800 editis
1638 5755 1741 5798 tum
1776 5764 1881 5798 ma-

300 5822 557 5885 nanscriplis
590 5815 937 5870 hon'exsleﬁt.
967 5815 1103 5866 Enl'r.

3461 354 3568 411 400

1983 481 2255 553 φοϐήθητε
2277 484 2551 555 ἁμαρτίας
2574 485 2828 556 δύναμιν.
2848 486 3176 558 Ἀνθρωπός
3194 505 3254 542 σε
3272 488 3334 544 οὐ
3353 489 3542 562 βλάψει
3555 534 3570 557 ,

1980 569 2078 624 ἐὰν
2108 570 2181 641 μὴ
2233 572 2298 625 σὺ
2353 572 2580 627 σεαυτὸν
2620 573 2850 648 πλήξῃς.
2902 575 3029 629 Ἐὰν
3078 576 3154 648 μὴ
3201 577 3335 651 ἔχῃς
3385 580 3569 654 ἀμαρ-

1979 656 2122 722 τίαν,
2157 657 2252 711 καὶ
2303 658 2474 732 μυρία
2521 660 2650 732 ξίφη
2700 664 2875 733 παρῇ,
2935 662 3173 734 ἁρπάζει
3231 681 3291 717 σε
3337 665 3365 718 6
3402 665 3567 732 Θεόςο

1979 744 2076 799 ἐὰν
2118 742 2175 798 δὲ
2223 745 2349 819 ἔχῃς
2386 747 2656 820 ἁμαρτίαν
2697 748 2791 802 καὶ
2838 750 2896 802 ἐν
2945 749 3257 822 παραδείσῳ
3287 745 3372 825 ᾖς,
3407 754 3567 808 ἐκπί-

1981 847 2155 900 πτεις.
2190 834 2279 889 Ἐν
2311 836 2624 909 παραδείσῳ
2650 834 2718 911 ἦν
2739 841 2767 893 6
2797 838 2991 909 Ἀδὰμ,
3016 840 3111 893 καὶ
3128 839 3352 894 ἐπεσεψ
3386 843 3445 894 ἐν
3471 860 3568 897 κο⁴

1979 923 2117 994 πρίᾳ
2146 918 2214 994 ἦν
2248 924 2277 976 6
2318 923 2458 992 Ἰὼϐ,
2496 925 2592 980 καὶ
2618 925 2991 996 ἐστεφανώθη.
3022 928 3088 979 Τί
3111 927 3395 999 ὠφέλησεν
3424 930 3570 982 ἐκεῖ-

1978 1028 2068 1065 νον
2099 1014 2126 1066 6
2162 1014 2519 1086 παράδεισος;
2573 1014 2609 1087 ἢ
2648 1015 2703 1067 τί
2753 1015 2952 1085 ἔϐλαψε
2996 1017 3186 1070 τοῦτον
3235 1018 3268 1089 ή
3325 1019 3563 1089 κοπρία;

1991 1099 2215 1173 Ἐκείνῳ
2240 1102 2415 1167 οὐδεὶς
2429 1103 2839 1171 ἐπεϐούλευσεν,
2870 1105 2963 1159 καὶ
2981 1104 3345 1177 ὑπεσκελίσθη
3363 1124 3375 1136 ο
3390 1106 3567 1178 τούτῳ

1977 1190 2005 1242 6
2034 1188 2297 1254 διάϐολος,
2329 1191 2425 1245 καὶ
2454 1191 2828 1263 ἐστεφανώθη.
2867 1193 2943 1245 Οὐ
2993 1192 3062 1245 τὰ
3093 1192 3354 1266 χρήματα
3397 1193 3564 1247 αὐτοῦ
3585 1241 3603 1257 ,

1979 1275 2170 1330 ἐλαϐεν
2195 1295 2209 1343 ;
2254 1277 2416 1332 Ἀλλά
2447 1280 2546 1351 τὴν
2580 1280 2865 1333 εὐσέϐειαν
2894 1280 2996 1334 οὐκ
3024 1281 3309 1351 ἐσύλησεν.
3335 1285 3409 1337 Οὐ
3439 1283 3567 1348 τοὺς

1980 1365 2174 1428 παῖδας
2221 1365 2388 1419 αὑτοῦ
2419 1367 2704 1436 ἥρπασενς
2755 1366 2916 1420 Ἀλλά
2947 1367 3049 1437 τὴν
3079 1367 3262 1422 πίστιν
3296 1370 3396 1424 οὐκ
3440 1372 3567 1424 ἐσά-

1978 1450 2191 1508 λευσεν.
2221 1453 2294 1506 Οὐ
2317 1452 2379 1506 16
2418 1453 2578 1524 σῶμα
2596 1453 2762 1508 αὐτοῦ
2797 1453 3119 1527 διέρρηξεν;
3162 1456 3322 1511 Ἀλλά
3346 1459 3436 1511 τὸν
3472 1458 3567 1530 θη-

1981 1540 2179 1611 σαυρὸν
2211 1541 2309 1612 ούχ
2344 1532 2521 1612 εὗρεν.
2552 1541 2628 1594 Οὐ
2673 1542 2773 1613 τὴν
2812 1545 3049 1611 γυναῖκα
3080 1542 3248 1598 αὐτοῦ
3297 1545 3563 1612 ὦπλισεν;

1993 1629 2156 1684 Ἀλλά
2187 1629 2280 1684 16v
2324 1631 2665 1703 στρατιώτην
2697 1631 2795 1701 οὐχ
2841 1626 3224 1688 ὑπεσκέλισεν.
3257 1633 3372 1687 Οὐκ
3403 1633 3564 1687 ἔϐαλε

1977 1716 2108 1784 τόξα
2139 1718 2233 1772 καὶ
2268 1717 2435 1789 βέλη;
2483 1717 2644 1771 Ἀλλά
2665 1718 2956 1789 τραύματα
2980 1720 3080 1774 οὐκ
3109 1719 3346 1784 ἐδέξατο.
3388 1722 3567 1792 Προσ-

1979 1807 2167 1877 ήγαγε.
2198 1806 2589 1877 μηχανήματα,
2643 1804 2781 1859 ἀλλά
2832 1804 2926 1858 τὸν
2990 1805 3203 1877 πύργον
3264 1807 3367 1861 οὐκ
3422 1806 3567 1861 ἔσει-

1981 1910 2073 1947 σεν
2096 1911 2109 1925 ·
2146 1894 2393 1963 ἐπήγαγε
2420 1891 2662 1962 κύματα,
2696 1890 2832 1946 ἀλλά
2863 1891 2925 1945 τὸ
2953 1892 3137 1947 πλοῖον
3186 1893 3248 1947 οὐ
3294 1894 3563 1948 κατεπόν-

1977 1998 2117 2037 τισε.
2158 1980 2360 2034 Τοῦτόν
2412 1997 2504 2051 μοι
2541 1981 2633 2034 τὸν
2668 1980 2834 2051 νόμον
2866 1983 3146 2053 τηρήσατε
3174 2022 3189 2045 ,
3231 1983 3559 2055 παρακαλῶ,

1978 2067 2077 2119 καὶ
2116 2065 2226 2118 τῶν
2259 2064 2502 2133 γονάτων
2545 2064 2701 2133 ὑμῶν
2737 2065 3018 2135 ἅπτομαι,
3057 2068 3106 2119 εἰ
3139 2066 3232 2121 καὶ
3281 2066 3356 2139 μὴ
3394 2068 3561 2140 χειρὶ,

1977 2148 2113 2201 ἀλλά
2141 2150 2206 2218 τῇ
2237 2146 2431 2218 γνώμῃ
2455 2187 2470 2211 ,
2501 2148 2595 2200 καὶ
2622 2147 2837 2217 δάκρυα
2862 2148 3058 2217 ἐκχέω.
3088 2147 3289 2203 Τοῦτόν
3320 2166 3413 2221 μοι
3459 2167 3565 2221 τη-

1983 2233 2185 2302 ρήσατε
2211 2231 2302 2283 τὸν
2348 2230 2513 2300 νόμον
2540 2272 2555 2296 ,
2587 2231 2684 2283 καὶ
2719 2230 2895 2294 οὐδεὶς
2927 2230 3073 2300 ὑμᾶς
3108 2230 3357 2301 βλάπτει,
3383 2232 3565 2303 Μηδέ.

1980 2335 2110 2373 ποτε
2134 2314 2473 2387 μακαρίζετε
2504 2313 2759 2367 πλούσιον
2784 2329 2798 2341 ⁸
2835 2314 3105 2384 μηδέποτε
3143 2315 3455 2381 ταλανίζετε
3493 2315 3565 2388 [εἰ

1982 2398 2056 2471 μὴ
2080 2398 2196 2471 τὸν]
2229 2402 2286 2452 ἐν
2315 2396 2562 2469 ἁμαρτία
2583 2413 2596 2427 ·
2627 2396 2962 2468 μακαρίζετε
2992 2397 3085 2450 τὸν
3123 2400 3180 2452 ἐν
3223 2397 3563 2471 δικαιοσύνῃ.

1978 2486 2053 2538 υύ
2081 2484 2190 2556 γὰρ
2219 2485 2252 2554 ἠ
2282 2482 2444 2552 φύσις
2471 2481 2581 2534 τῶν
2605 2480 2980 2551 πραγμάτων,
3020 2480 3136 2534 ἀλλ’
3177 2482 3210 2551 ἡ
3237 2480 3431 2553 γνώμη
3456 2481 3566 2535 τῶν

1978 2569 2283 2637 ἀνθρώπων
2308 2568 2404 2621 καὶ
2430 2565 2620 2620 τοῦτον
2660 2566 2916 2619 κάκεῖνον
2945 2569 3110 2620 ποιεῖ.
3145 2565 3430 2636 Μηδέποτε
3464 2583 3567 2636 φο-

1977 2655 2154 2727 ϐηθῇς
2181 2651 2341 2722 ξίφη,
2369 2651 2464 2703 ἐὰν
2512 2649 2587 2720 μὴ
2630 2648 2691 2701 τὸ
2725 2647 2965 2712 συνειδὸς
3014 2665 3109 2701 σου
3162 2650 3518 2721 κατηγορήσῃ
3548 2667 3563 2683 ο

1978 2737 2131 2811 [390]
2168 2735 2437 2806 μηδέποτε
2466 2733 2711 2803 φοϐηθῇς
2740 2733 2798 2784 ἐν
2826 2732 3080 2802 πολέμῳ,
3109 2730 3204 2786 ἐὰν
3237 2732 3301 2785 16
3330 2732 3568 2796 συνειδός

1980 2838 2074 2874 σου
2111 2815 2458 2890 καθαρὸν
2496 2815 2606 2869 Ποῦ
2649 2816 2699 2867 οί
2728 2815 3092 2880 ἀπελθόντες;
3126 2814 3248 2868 εἰπέ
3282 2831 3393 2885 μοι.
3430 2815 3568 2884 υύχὶ

1978 2905 2181 2967 πάντες
2216 2902 2573 2964 ὑπέκυπτον;
2608 2898 2731 2969 οὐχὶ
2782 2900 2832 2952 οί
2886 2901 2945 2951 ἐν
2984 2899 3127 2969 ἀρχῇ
3176 2897 3330 2961 ὄντες
3380 2899 3566 2969 μεῖζον

1977 2989 2206 3061 ἔτρεμον
2256 2986 2505 3050 αὑτούς;
2553 2984 2654 3037 ούκ
2704 2983 3080 3054 ἐθεράπευον;
3134 2981 3277 3034 Ἀλλ’
3319 2977 3484 3052 ἦλθεν
3530 2982 3564 3052 η

1979 3073 2245 3145 ἁμαρτία,
2273 3071 2370 3125 καὶ
2397 3069 2575 3123 πάντα
2614 3067 2853 3140 ἠλέγχθη
2874 3084 2888 3098 ο
2925 3068 3018 3120 κα)⁵
3054 3067 3104 3120 οἱ
3131 3065 3463 3138 θεράποντες
3492 3066 3567 3119 δι-

1977 3158 2177 3211 κασταὶ
2215 3154 2463 3223 ἐγένοντο
2490 3192 2505 3213 ,
2537 3153 2587 3205 οἱ
2636 3150 3026 3214 κολακεύοντες
3076 3150 3264 3220 δήμιοι
3296 3166 3311 3181 ο
3371 3152 3421 3204 οἱ
3465 3148 3566 3213 τὰς

1977 3244 2168 3312 χεῖρας
2193 3236 2649 3306 καταφιλοῦντες,
2694 3236 2850 3288 αὐτοὶ
2885 3235 3047 3288 αὑτὸν
3082 3229 3263 3288 εἷλκον
3313 3233 3422 3288 ἀπὸ
3465 3234 3567 3305 τῆς

1978 3323 2278 3393 ἐκκλησίας
2296 3361 2312 3387 ,
2342 3322 2439 3374 καὶ
2461 3321 2490 3373 6
2519 3318 2647 3390 χθὲς
2677 3319 2777 3389 τὴν
2818 3320 2977 3388 χεῖρα
3018 3315 3289 3386 καταφιλό
3302 3334 3361 3381 ν,
3392 3317 3566 3387 σήμε-

1983 3425 2073 3479 ρον
2104 3406 2382 3475 πολέμιος.
2411 3401 2509 3455 Διὰ
2546 3402 2600 3454 τί
2623 3419 2637 3467 ;
2658 3403 2781 3455 Ὅτι
2809 3399 2931 3454 οὔτε
2975 3400 3101 3470 χθὲς
3135 3400 3275 3470 μετά
3305 3398 3567 3470 ἀληθείας

1979 3489 2177 3560 ἐφίλει.
2200 3484 2374 3541 Ἦλθε
2401 3485 2512 3557 γὰρ
2546 3486 2574 3538 6
2601 3484 2824 3555 καιρὸς,
2856 3483 2951 3537 καὶ
2977 3483 3216 3554 ἠλέγχθη
3256 3483 3325 3536 τὰ
3351 3500 3567 3554 προσω-

1982 3578 2131 3628 πεῖα.
2168 3572 2242 3627 Ού
2281 3571 2410 3641 χθές
2458 3569 2557 3632 τὰς
2606 3571 2794 3640 χεῖρας
2838 3566 3150 3635 κατεφίλεις
3174 3607 3189 3631 ,
3216 3566 3313 3620 καὶ
3346 3569 3569 3636 σωτῆρα

1979 3656 2262 3727 ὠνόμαζες
2281 3694 2296 3718 ,
2342 3654 2438 3708 καὶ
2468 3651 2745 3723 κηδεμόνα
2772 3691 2786 3714 ,
2838 3651 2933 3704 καὶ¹
2968 3651 3301 3721 εὐεργέτηνς
3332 3650 3435 3704 οὐκ
3475 3652 3570 3719 ἐγ-

1978 3741 2164 3810 κώμια
2212 3738 2436 3807 ῦφαινες
2484 3736 2685 3806 μυρία;
2714 3733 2817 3788 Διά
2850 3732 2903 3785 τί
2938 3734 3176 3803 σήμερον
3201 3735 3529 3803 κατηγορεῖς
3547 3751 3565 3801 ;

1978 3824 2127 3886 Χθές.
2151 3822 2442 3891 ἐπαινέτης
2467 3859 2482 3883 ,
2513 3818 2607 3872 καὶ
2658 3820 2898 3889 σήμερον
2944 3819 3283 3887 κατήγορος;
3318 3817 3446 3886 χθὲς
3474 3819 3570 3886 ἐγ-

1981 3905 2189 3975 κώμια,
2219 3904 2313 3957 καὶ
2345 3904 2584 3972 σήμερον
2608 3900 2930 3970 ἐγκλήματα
2954 3897 3201 3970 μιγνύεις
3227 3914 3243 3964 ;
3271 3899 3368 3962 Τίς
3402 3901 3436 3970 η
3468 3916 3570 3970 με..

1979 3991 2217 4062 ταϐολή;
2249 3988 2332 4051 τίς
2360 3989 2393 4058 ἠ
2424 3985 2790 4057 μετάστασις;

2052 4107 2091 4154 ε’
2102 4143 2113 4153 .
2132 4096 2272 4152 Ἀλλ’
2288 4097 2389 4150 οὐκ
2405 4094 2515 4164 ἐγὼ
2526 4092 2786 4156 τοιοῦτος’
2805 4092 2919 4145 ἀλλ’
2937 4090 3047 4161 ἐγὼ
3060 4091 3565 4165 ἐπιϐουλευόμενος,

1982 4187 2295 4260 προστάτης
2328 4183 2615 4254 ἐγενόμην.
2659 4181 2847 4253 Μυρία
2880 4180 3078 4235 ἔπαθον
3117 4179 3301 4247 δεινὰ,
3344 4181 3439 4236 καὶ
3467 4183 3568 4238 οὐκ

1980 4275 2329 4348 ἠμειψάμην.
2360 4273 2465 4326 Τὸν
2511 4271 2619 4342 γάρ
2649 4269 2926 4342 Δεσπότην
2959 4268 3049 4323 τὸν
3082 4267 3320 4339 ἐμαυτοῦ
3373 4269 3568 4341 μιμοῦ-

1987 4383 2105 4436 μαι,
2127 4364 2185 4426 6;
2208 4363 2264 4415 ἐν
2285 4359 2364 4431 τῷ
2393 4359 2611 4431 σταυρῷ
2642 4359 2826 4427 ἔλεγεν
2847 4374 2861 4388 '
2889 4359 3065 4428 Ἄφες
3093 4357 3299 4422 αὺτοῖς
3320 4373 3336 4388 ’
3362 4361 3434 4414 οὐ
3454 4360 3566 4429 γὰρ

1983 4452 2182 4507 οἴδασι
2210 4451 2268 4505 τί
2294 4448 2598 4503 ποιοῦσιν.
2619 4447 2807 4500 Ταῦτα
2837 4445 2894 4499 δέ
2916 4444 3080 4513 λέγω,
3109 4444 3199 4499 ἵνα
3225 4444 3301 4516 μὴ
3332 4447 3398 4516 τῇ
3431 4444 3566 4497 ὑπο-

1982 4540 2100 4612 νοίᾳ
2126 4539 2234 4593 τῶν
2265 4535 2516 4607 πονηρῶν
2545 4532 3017 4606 παραφθείρησθε.
3047 4532 3218 4584 Πόσαι
3268 4529 3563 4600 μεταϐολαί⁵

1983 4628 2288 4698 γεγόνασιν,
2319 4623 2378 4689 ἐξ
2409 4617 2470 4677 οὗ
2499 4621 2599 4691 τῆς
2628 4621 2836 4683 πόλεως
2861 4619 3114 4689 ἐπέστην,
3138 4618 3232 4671 καὶ
3252 4617 3424 4681 οὐδεὶς
3457 4634 3564 4672 σω-

1985 4716 2301 4790 φρονίζεται
2326 4731 2340 4779 ;
2373 4710 2560 4775 Οὐδεὶς
2596 4710 2652 4764 δὲ
2685 4710 2813 4763 ὅταν
2847 4708 2985 4762 εἴπω
3010 4747 3025 4771 ,
3054 4706 3115 4759 ού
3146 4706 3363 4760 πάντων
3391 4724 3562 4761 κατα-

1983 4803 2269 4874 γινώσκω·
2299 4800 2375 4872 μὴ
2403 4799 2630 4867 γένοιτο.
2660 4796 2734 4850 Οὐ
2759 4793 2869 4866 γὰρ
2904 4791 3018 4847 ἐδτι
3043 4794 3142 4865 τὴν
3171 4794 3412 4866 ἄρουραν
3436 4794 3568 4849 ταύ-

1984 4909 2084 4965 την
2106 4892 2204 4963 τὴν
2225 4888 2463 4960 λιπαρὰν
2485 4927 2500 4950 ,
2524 4884 2824 4955 δεξαμένην
2854 4882 3165 4954 σπέρματα,
3209 4880 3285 4955 μὴ
3317 4883 3414 4937 καὶ
3439 4883 3566 4937 στά-

1985 4998 2085 5053 χυν
2113 4981 2386 5047 ἐνεγκεῖν·
2417 4975 2533 5028 ἀλλ’
2559 4973 2670 5043 ἐγὼ
2696 4970 2992 5043 ἀκόρεστός
3031 4973 3185 5053 εἰμι,
3207 4971 3269 5025 οὐ
3306 4968 3565 5041 βούλομαι

1984 5051 2198 5138 δλίγους
2241 5064 2501 5138 σωθῆναι,
2539 5061 2674 5117 ἀλλὰ
2709 5059 2937 5123 πάντας.
2973 5057 3093 5112 Κᾶν
3142 5051 3225 5122 εἷς
3263 5057 3564 5130 ἀπολειφθῇ

1985 5155 2355 5228 ἀπολλύμενος
2374 5195 2390 5219 ,
2419 5152 2529 5222 ἐγὼ
2555 5150 2885 5221 ἀπόλλυμαι,
2923 5149 3016 5203 καὶ
3045 5143 3199 5219 οἶμαι
3223 5145 3314 5201 τὸν
3335 5146 3568 5217 ποιμένα

1988 5249 2194 5301 ἐκεῖνον
2221 5243 2526 5315 μιμεῖσθαι,
2543 5239 2603 5304 6;
2624 5239 2949 5309 ἐνενήκοντα
2970 5236 3125 5290 ἐννέα
3150 5230 3265 5304 εἶχε
3293 5232 3564 5306 πρόϐατα,

1985 5334 2081 5388 καὶ
2113 5335 2209 5387 ἐπὶ
2240 5333 2302 5386 16
2348 5331 2406 5385 ἓν
2459 5326 2877 5398 πεπλανημένον
2924 5324 3176 5395 ἔδραμεν.
3220 5321 3399 5393 Μέχρι
3433 5321 3566 5375 πότε

1985 5424 2284 5494 χρήματας
2316 5419 2478 5491 μέχρι
2506 5416 2636 5470 πότε
2667 5415 2928 5486 ἄργυρος·
2968 5412 3130 5483 μέχρι
3166 5410 3295 5464 πότε
3327 5408 3564 5480 χρυσόςς

1990 5513 2153 5584 μέχρι
2184 5510 2316 5565 πότε
2346 5505 2489 5572 οἶνος
2525 5506 2884 5577 ἐκχεόμενος;
2928 5501 3090 5573 μέχρι
3122 5499 3252 5553 πότε
3284 5498 3566 5552 κολακεὶαι

1986 5598 2242 5664 ohe-211%;
2300 5596 2462 5668 μέχρι
2494 5594 2626 5648 πότε
2674 5594 2950 5664 κρατῆρες
2999 5587 3357 5658 ἐστεμμένςι;
3403 5584 3567 5656 μέχρι

1987 5687 2119 5741 πότε
2161 5684 2438 5755 συμπόσια
2479 5680 2742 5737 σατανικά
2767 5719 2782 5745 ,
2827 5678 2923 5734 καὶ
2963 5675 3274 5746 διαϐολικῆς
3326 5672 3565 5745 γέμοντα

1991 5775 2267 5846 ἐνεργείας
2282 5790 2300 5840 ,°
