4036 6382
474 363 573 417 491

547 472 663 527 Οὐκ
683 466 872 537 οἶσθα,
917 471 1000 524 ὃτι
1037 469 1314 540 ἀποδημία
1344 470 1371 522 6
1407 466 1598 538 παρὼν
1645 467 1792 537 βίος;
1822 466 1915 537 Μὴ
1948 468 2056 540 γὰρ

475 554 701 625 πολίτης
747 549 840 612 εἷς
902 553 1114 621 Ὀδίτης
1146 547 1213 603 εἷ.
1249 550 1495 620 Συνῆκας
1539 550 1591 603 τί
1635 551 1825 615 εἰπον;
1868 551 1981 603 Οὐκ
2010 547 2062 603 εἶ

476 639 734 710 πολίτης,
775 637 888 691 ἀλλ’
931 635 1107 706 ὁδίτης
1145 630 1196 686 εἷ
1245 634 1339 686 καὶ
1385 632 1686 704 ὀδοιπόρος.
1730 633 1822 704 Μὴ
1856 632 2017 705 εἴπῃς
2043 650 2057 665 ·

479 722 628 791 Ἐχω
649 721 805 790 τήνδε
834 719 931 789 τὴν
961 716 1135 780 πόλιν,
1162 716 1256 769 καὶ
1272 714 1380 786 ἔχω
1394 715 1571 787 τήνδε.
1603 715 1716 768 Οὐκ
1745 715 1857 786 ἔχει
1883 716 2061 779 οὐδεὶς

475 804 649 858 πόλιν.
700 804 765 857 Ἡ
814 803 967 865 πόλις
1016 800 1129 855 ἀνω
1175 799 1311 853 ἐστί.
1340 799 1423 854 Τά
1461 799 1706 871 παρόντα
1740 799 1859 863 ὀδός
1887 801 2055 855 ἐστιν.

487 885 772 957 Ὀδεύομεν
802 884 980 937 τοίνυν
1020 882 1141 937 καθ’
1176 881 1389 954 ἡμέραν
1413 921 1429 945 ,
1455 882 1560 944 ἓως
1590 884 1623 952 ἡ
1654 881 1817 953 φύσις
1842 882 2060 953 ἐπιτρέ-

474 990 579 1042 χει.
611 973 766 1024 Ἐστι
812 987 898 1032 τις
943 970 1001 1021 ἐν
1035 966 1141 1038 ὀδῷ
1171 967 1431 1037 χρήματα
1469 965 1860 1037 ἀποτιθέμενος
1883 983 1898 996 ·
1943 965 2057 1018 ἐστι

473 1073 555 1117 τις
602 1055 659 1106 ἐν
686 1052 791 1123 ὁδῷ
828 1051 1052 1122 χρυσίον
1081 1048 1450 1120 κατορύττων.
1492 1048 1659 1103 Ὅταν
1689 1046 1780 1103 οὖν
1810 1047 2057 1119 εἰσέλθῃς

473 1141 553 1202 εἰς
582 1136 915 1203 πανδοχεῖον,
940 1132 1063 1185 εἰπέ
1098 1149 1210 1202 μοι,
1238 1131 1299 1185 τὸ
1323 1130 1636 1201 πανδοχεῖον
1663 1131 2056 1195 καλλωπίζεις;

473 1226 627 1296 Οὐχὶ,
666 1222 779 1277 ἀλλ’
811 1219 1013 1283 ἐσθίεις
1061 1218 1155 1272 καὶ
1189 1219 1396 1282 πίνεις,
1426 1220 1523 1272 καὶ
1560 1219 1757 1290 ἐπείγῃ
1798 1218 2053 1286 ἐξελθεῖν.

471 1308 795 1378 Πανδοχεῖόν
832 1305 981 1357 ἐστιν
1029 1305 1057 1356 6
1085 1302 1277 1375 παρὼν
1318 1302 1453 1373 βίος.
1484 1301 1822 1374 Είσήλθομεν
1848 1342 1862 1365 ,
1893 1318 2059 1355 κατα-

470 1393 671 1463 λύομεν
730 1390 821 1444 τὸν
872 1388 1117 1460 παρόντα
1170 1386 1284 1457 βίον
1321 1403 1336 1418 ·
1385 1387 1775 1457 σπουδάζωμεν
1821 1386 2056 1451 ἐξελθεῖν

474 1476 612 1546 μετά
657 1474 828 1544 καλῆς
875 1472 1089 1535 ἐλπίδος
1119 1511 1133 1536 ,
1197 1470 1362 1542 μηδὲν
1418 1469 1647 1541 ἀφῶμεν
1679 1464 1810 1536 ὧδε,
1846 1471 1935 1524 ἴνα
1981 1472 2055 1543 μὴ

473 1559 825 1629 ἀπολέσωμεν
856 1559 990 1610 ἐκεῖ.
1018 1557 1191 1609 Ὅταν
1235 1553 1481 1625 εἰσέλθῃς
1510 1556 1590 1617 εἰς
1614 1554 1676 1607 τὸ
1718 1555 2052 1625 πανδοχεῖον,

470 1645 525 1697 τί
548 1643 727 1712 λέγεις
751 1639 829 1711 τῷ
859 1638 1036 1704 παιδί;
1065 1637 1238 1690 Βλέπε
1272 1636 1377 1690 ποῦ
1403 1637 1670 1709 ἀποτίθης
1696 1638 1763 1692 τά
1794 1638 2055 1710 πράγμα-

470 1743 537 1779 τα
565 1766 579 1787 ,
613 1726 684 1797 μή
720 1741 771 1777 τι
796 1719 1124 1789 καταλείπῃς
1148 1719 1399 1785 ἐνταῦθα,
1452 1718 1539 1773 ἵνα
1571 1721 1646 1791 μή
1675 1737 1730 1773 τι
1762 1720 2052 1791 ἀπόληται,

473 1812 610 1880 μήτε
642 1807 855 1880 μικρὸν,
888 1806 1026 1877 μήτε
1053 1804 1295 1867 εὐτελὲς,
1320 1804 1408 1856 ἵνα
1436 1804 1613 1857 πάντα
1640 1805 1721 1868 είς
1755 1805 1857 1877 τὴν
1878 1806 2053 1859 οὶκίαν

468 1892 888 1960 ἀπενέγκωμεν.
925 1886 1083 1942 Οῦτω
1110 1888 1207 1941 καὶ
1248 1890 1412 1957 ἡμεῖς
1450 1889 1509 1940 ἐν
1533 1886 1614 1957 τῷ
1652 1887 1882 1958 παρόντι
1913 1887 2013 1957 βίῳ
2036 1903 2051 1917 ·

470 1975 755 2045 βλέπωμεν
786 1971 977 2042 ὥσπερ
1000 1971 1311 2041 πανδοχεῖον
1340 1971 1433 2024 τὸν
1467 1970 1600 2041 βίον,
1626 1969 1720 2023 καὶ
1754 1970 1919 2041 μηδὲν
1950 1964 2052 2025 ὧδε

468 2057 886 2127 καταλείπωμεν
914 2056 971 2109 ἐν
1004 2053 1081 2124 τῷ
1107 2052 1408 2125 πανδοκείῳ
1425 2092 1440 2117 ,
1464 2052 1602 2107 ἀλλὰ
1646 2052 1828 2108 πάντα
1848 2054 1930 2117 εἰς
1952 2053 2052 2125 τὴν

470 2143 801 2215 μητρόπολιν
834 2140 1249 2211 ἀπενέγκωμεν.
1299 2140 1509 2210 Ὀδίτης
1546 2136 1601 2192 εἴ
1628 2141 1724 2192 καὶ
1749 2139 2047 2211 ὀδοιπόρος,

470 2229 671 2299 μᾶλλον
730 2228 787 2281 δὲ
830 2227 925 2281 καὶ
955 2224 1129 2279 ὀδίτου
1162 2223 1560 2294 εὐτελέστερος.
1588 2224 1700 2276 Καὶ
1744 2223 1899 2288 πῶςς
1941 2222 2053 2292 ἐγὼ

464 2311 633 2381 λέγω.
668 2312 728 2364 Ὀ
762 2309 944 2379 ὁδίτης
970 2302 1077 2361 οἶδε
1107 2306 1169 2360 τὸ
1197 2306 1329 2359 πότε
1367 2306 1677 2377 εἰσέρχεται
1696 2304 1849 2378 [591]
1882 2306 1963 2371 είς
1990 2306 2052 2360 τὸ

468 2394 781 2464 πανδοχεῖον
801 2431 815 2456 ,
848 2391 944 2445 καὶ
969 2391 1099 2443 πότε
1130 2389 1403 2443 ἐκϐαίνει·
1442 2388 1631 2460 κύριος
1667 2389 1777 2460 γάρ
1814 2390 1930 2442 ἐστι
1956 2389 2050 2443 τοῦ

465 2476 730 2541 ἐξελθεῖν,
765 2475 954 2546 ὥσπερ
984 2475 1081 2529 καὶ
1127 2473 1222 2528 τοῦ
1262 2472 1553 2527 εἰσελθεῖν·
1583 2472 1695 2542 ἐγὼ
1723 2474 1781 2527 δὲ
1805 2473 2053 2544 εἰσερχό-

468 2578 629 2633 μενος
652 2563 731 2625 εἰς
755 2560 815 2614 τὸ
845 2558 1160 2629 πανδοχεῖον
1182 2598 1197 2623 ,
1223 2556 1502 2611 τουτέστιν
1529 2599 1544 2622 ,
1576 2559 1657 2622 είς
1687 2557 1777 2611 τὸν
1806 2556 2052 2628 παρόντα

465 2645 610 2716 βίον,
657 2644 790 2696 πότε
825 2643 1118 2714 ἐξέρχομαι
1166 2641 1268 2695 οὐκ
1323 2637 1461 2695 οῖδα.
1506 2639 1618 2695 Καὶ
1666 2640 1833 2694 ἐνίοτε
1867 2657 2051 2711 παρα-

464 2726 803 2796 σκευάζομαι
853 2726 1049 2779 πολλοῦ
1090 2725 1281 2797 χρόνου
1309 2723 1636 2796 διατροφὰς,
1672 2723 1769 2778 καὶ
1796 2725 1825 2777 ὁ
1846 2723 2051 2777 Δεσπό-

459 2827 562 2880 της
588 2808 932 2880 παραχρῆμα
964 2809 1120 2862 καλεῖ
1169 2824 1238 2878 με
1259 2824 1273 2838 ·
1314 2808 1576 2876 Ἄφρων,
1626 2805 1665 2860 ἁ
1690 2806 2049 2875 ἡτοίμασας,

460 2894 577 2947 τίνι
604 2891 813 2952 Eurus;
854 2889 933 2958 Τῇ
966 2889 1140 2943 νυκτὶ
1168 2890 1279 2959 γὰρ
1308 2890 1496 2957 ταύτῃ
1529 2889 1910 2959 λαμϐάνουσι
1936 2890 2052 2957 τὴν

460 2974 674 3045 ψυχήν
701 2989 837 3029 σου,
878 2973 1108 3045 νΑδηλος
1137 2975 1170 3044 ἡ
1213 2972 1393 3037 ἔξοδος
1416 3012 1431 3037 ,
1484 2972 1718 3037 ἀστατος
1765 2973 1798 3045 ἡ
1830 2972 2046 3043 κτῆσις)

464 3059 649 3130 μυρίοι
686 3058 944 3128 κρημνοὶ,
974 3055 1312 3126 πανταχόθεν
1347 3054 1593 3126 κύματα.
1628 3055 1695 3110 Τί
1722 3054 1886 3127 μαίνῃ
1922 3056 2050 3129 περὶ

458 3143 560 3205 τὰς
609 3141 806 3207 σκιάς;
834 3141 889 3195 τί
919 3140 1079 3209 ἀφεὶς
1119 3139 1220 3210 τὴν
1258 3138 1520 3210 ἀλήθειαν
1570 3136 1929 3209 κατατρέχεις
1957 3139 2050 3192 ἐπὶ

458 3224 560 3290 τὰς
599 3225 759 3288 σκιάς
778 3241 793 3290 ;

532 3316 609 3374 ς’.
632 3308 820 3362 Ταῦτα
832 3307 997 3377 λέγω,
1017 3307 1112 3361 καὶ
1124 3306 1300 3376 λέγων
1325 3307 1387 3361 ού
1409 3306 1712 3380 παύσομαι,
1732 3310 1933 3380 συνεχῆ
1952 3310 2051 3382 τὴν

414 3458 421 3465 ,
459 3392 651 3464 ὀδύνην
698 3391 1106 3463 ἐργαζόμενος,
1163 3392 1259 3445 καὶ
1298 3390 1369 3444 τά
1414 3392 1707 3464 τραύματα
1750 3394 2049 3448 καταστέλ-

458 3478 587 3545 λων,
619 3479 714 3532 καὶ
747 3479 809 3530 οὐ
836 3477 925 3530 διὰ
954 3476 1080 3539 τοὺς
1108 3476 1411 3541 πεσόντας,
1444 3475 1583 3529 ἀλλά
1609 3477 1696 3530 διά
1722 3478 1850 3542 τοὺς
1883 3478 2053 3531 ἑστῶ-

459 3579 577 3626 τας.
614 3562 843 3614 Ἐκεῖνοι
878 3560 986 3631 γάρ
1024 3557 1306 3629 ἀπῆλθον,
1339 3559 1434 3612 καὶ
1463 3558 1619 3625 τέλος
1650 3558 1845 3615 ἔλαϐον
1865 3578 1878 3592 ·
1917 3563 1965 3615 οί
1992 3561 2050 3616 δὲ

458 3644 693 3709 ἑστῶτες
719 3646 778 3698 ἐν
800 3646 923 3708 ταῖς
949 3643 1171 3697 ἐκείνων
1198 3644 1505 3714 συμφοραῖς
1533 3643 1930 3717 ἀσφαλέστεροι
1958 3663 2051 3715 γε-

457 3728 668 3796 γόνασι.
705 3727 817 3782 Καὶ
848 3726 936 3792 τί,
972 3726 1142 3797 φησὶ,
1190 3726 1518 3797 ποιήσομεν;
1556 3728 1652 3780 ’Ἐν
1686 3727 1845 3798 μόνον
1892 3728 2049 3800 ποίη-

459 3827 573 3875 σον,
603 3811 835 3881 μίσησον
865 3810 1145 3881 χρήματα,
1172 3809 1267 3862 καὶ
1299 3808 1443 3876 φίλει
1479 3825 1573 3862 σου
1607 3810 1705 3881 τὴν
1733 3811 1899 3884 ζωήν.
1939 3812 2049 3865 Ῥῖ-

455 3893 558 3966 ψον
589 3893 660 3947 τὰ
691 3893 820 3947 ὄντα
843 3934 858 3958 ,
907 3893 968 3945 οὐ
999 3891 1141 3961 λέγω
1185 3891 1253 3945 τὰ
1286 3890 1463 3945 πάντα
1490 3933 1505 3957 ,
1544 3891 1681 3946 ἀλλά
1717 3895 1787 3947 τὰ
1820 3893 2050 3965 περιττὰ

458 3978 774 4051 περίκοιῖνον.
808 3975 933 4030 Τῶν
959 3975 1256 4048 ἀλλοτρίων
1301 3975 1376 4048 μὴ
1418 3975 1675 4048 ἐπιθύμει
1696 4017 1710 4041 ,
1744 3978 1842 4048 τὴν
1873 3979 2047 4049 χήραν

463 4062 537 4134 μὴ
568 4060 864 4132 γυμνώσῃς
889 4098 904 4123 ,
936 4060 1027 4114 τὸν
1057 4060 1292 4131 ὀρφανὸν
1322 4060 1396 4131 μὴ
1429 4060 1714 4134 ἀρπάσῃς,
1742 4062 1841 4132 τὴν
1868 4062 2048 4117 οἰκίαν

462 4140 537 4216 μὴ
580 4144 752 4215 λάϐῃς
773 4157 788 4171 ·
824 4144 886 4195 οὐ
926 4142 1072 4211 λέγω
1117 4142 1419 4212 πρόσωπα,
1455 4141 1592 4197 ἀλλά
1626 4143 1950 4215 πράγματα.
1983 4143 2053 4197 Εἴ

458 4243 603 4288 τινος
626 4226 681 4278 δέ
728 4223 1161 4296 ἐπιλαμϐάνεται
1196 4223 1221 4251 ³
1253 4223 1313 4277 τὸ
1338 4223 1574 4289 συνειδὸς
1595 4266 1609 4290 ,
1645 4225 1809 4290 αὐτὸς
1852 4226 2045 4290 αἴτιος,

458 4308 558 4379 οὐχ
585 4310 613 4361 ὀ
642 4308 776 4378 ἐμὸς
800 4307 978 4378 λόγος.
1013 4307 1078 4360 Τί
1120 4307 1387 4379 ἀρπάζεις
1412 4346 1426 4373 ,
1471 4308 1604 4362 ὅπου
1643 4308 1835 4379 φθόνος
1863 4328 1877 4379 ;
1912 4310 2048 4382 Ἀρ-

459 4409 662 4459 πασον,
690 4393 823 4446 ὅπου
877 4391 1162 4461 στέφανος.
1200 4392 1292 4465 Μὴ
1339 4392 1551 4463 ἅρπαζε
1598 4393 1698 4466 τὴν
1736 4394 1839 4466 γῆν
1865 4433 1879 4458 ,
1911 4393 2046 4448 ἀλλά

460 4478 550 4534 τὸν
584 4478 831 4551 οὐρανόν.
865 4476 1143 4533 Βιαστῶν
1179 4478 1353 4531 ἐστιν
1380 4479 1418 4547 τι
1460 4477 1753 4542 ,βασιλεία
1784 4478 1905 4532 τῶν
1948 4481 2048 4533 οὺ-

455 4564 677 4634 ίανῶν,
717 4564 815 4618 καί
838 4563 1089 4629 βιασταὶ
1121 4561 1490 4632 ἁρπάζουσιν
1520 4562 1732 4633 αὐτήν.
1759 4563 1824 4616 Τί
1869 4562 2048 4635 ἀρπά-

458 4647 573 4711 ζεις
597 4647 688 4701 τὸν
718 4648 926 4718 πένητα
957 4646 1048 4700 τὸν
1083 4644 1418 4715 ἐγκαλοῦντα
1444 4664 1458 4715 ;
1498 4646 1777 4718 ’Ἅρπασον
1805 4647 1897 4702 τὸν
1914 4648 2049 4718 Χρι-

461 4732 704 4788 στὸν.τὸν
732 4732 1077 4786 ἐπαινοῦντα.
1110 4729 1262 4797 Εἶδες
1286 4732 1680 4803 ἀγνωμοσύνην
1702 4732 1796 4785 καὶ
1823 4731 2042 4802 μανίαν;

470 4813 764 4887 Ἀρπάζεις
789 4818 996 4888 πένητα
1021 4818 1109 4871 τὸν
1138 4817 1332 4887 έχοντα
1360 4816 1540 4885 ὀλίγον
1569 4833 1584 4880 ;
1618 4818 1678 4870 Ὃ
1698 4816 1931 4888 Χριστὸς
1960 4816 2047 4870 λέ-

460 4914 582 4968 γει·
627 4897 755 4971 Ἑμέ
780 4897 1040 4971 ἅρπασον,
1067 4899 1221 4973 χάριν
1249 4918 1328 4955 σοι
1360 4899 1469 4971 ἔχω
1506 4901 1604 4972 τῆς
1634 4901 1918 4972 ἁρπαγῆς·
1946 4901 2045 4974 τὴν

459 4983 600 5054 ἐμὴν
633 4982 906 5051 βασιλείαν
936 4982 1183 5053 ἀρπασαι
1216 4985 1311 5039 καὶ
1342 4984 1543 5055 βίασαι.
1570 4985 1681 5054 Τὴν
1711 4985 1862 5038 κάτω
1888 4986 2044 5055 βασι-

459 5067 608 5120 λείαν
641 5066 736 5121 ἐάν
771 5065 1003 5138 θελήσῃς
1033 5067 1275 5138 ἁρπάσαι
1301 5110 1314 5131 ,
1352 5067 1551 5137 μᾶλλον
1591 5068 1648 5121 δὲ
1679 5067 1780 5121 κᾶν
1813 5067 2046 5138 θελήσῃς

459 5151 728 5221 ἐννοῆσαι,
766 5150 1001 5222 κολάζῃ·
1032 5150 1132 5220 τὴν
1161 5152 1274 5205 ἀνω
1293 5153 1351 5205 δὲ
1372 5152 1468 5206 ἐὰν
1506 5152 1579 5223 μὴ
1605 5151 1861 5223 ἀρπάσῃς
1879 5191 1895 5217 ,
1920 5153 2042 5206 τότε

458 5234 684 5305 κολάσῃ.
732 5236 908 5288 Ὅπου
958 5233 1029 5288 τά
1079 5234 1349 5305 βιωτικὰ,
1409 5234 1647 5305 φθόνος·
1685 5237 1820 5289 ὅπου
1865 5236 1921 5289 δὲ
1975 5236 2045 5290 τὰ

457 5315 838 5387 πνευματικὰ,
880 5316 1092 5386 ἀγάπη.
1145 5317 1333 5370 Ταῦτα
1390 5318 1591 5389 μελέτα
1643 5318 1765 5373 καθ’
1801 5320 2042 5391 ἑκάστην

454 5401 690 5473 ἡμέραν,
728 5400 821 5453 καὶ
857 5399 932 5471 μὴ
962 5399 1125 5454 πάλιν
1173 5398 1298 5454 ἰδὼν
1344 5401 1483 5473 μετά
1516 5401 1609 5456 δύο
1645 5400 1858 5474 ἡμέρας
1883 5401 2042 5456 ἄλλον

454 5485 692 5557 ὀχήματι
720 5485 1040 5559 φερόμενον,
1062 5485 1285 5558 σηρικὸν
1314 5486 1776 5558 περιϐεϐλημένον
1805 5486 2040 5559 ἱμάτιον,

456 5570 865 5641 κορυφούμενον
887 5613 903 5636 ,
939 5570 1250 5643 θορυϐηθῇς
1275 5612 1290 5637 ,
1320 5571 1614 5643 ταραχοῇς.
1652 5572 1742 5644 Μὴ
1777 5572 1990 5627 ἐπαίνει
2014 5574 2041 5613 b

456 5652 710 5706 πλούσιον
735 5694 751 5718 ,
782 5652 920 5707 ἀλλὰ
949 5653 1039 5708 τὸν
1084 5656 1142 5709 ἐν
1176 5654 1489 5725 δικαιοσύνῃ
1517 5656 1694 5725 μόνον.
1730 5655 1821 5727 Μὴ
1848 5655 2041 5721 κάκιζε

517 5763 543 5827 fl
574 5759 655 5827 ξίρ
677 5761 862 5827 optime
880 5761 1030 5827 _Savil.
1055 5763 1228 5813 Morel.
1252 5769 1303 5827 et
1327 5763 1496 5827 Μοῃιῖ.
1525 5765 1886 5827 ἐκλαμϐάνεται.
1903 5766 2037 5816 Em'r.

515 5821 544 5862 ι)
580 5820 661 5871 Sic
692 5820 756 5883 μή
781 5823 957 5873 ἐπαίνει
976 5838 1148 5875 omnes
1173 5832 1225 5876 et
1248 5824 1394 5876 Savil.
1414 5825 1585 5877 Morel.
1602 5820 1721 5879 véro
1740 5828 1819 5876 καὶ
1844 5828 2036 5878 ἐπαίνει.

1185 356 1240 409 S.
1274 352 1561 410 .IOANNIS
1595 350 2087 410 CHRYSOSTOMI
2127 354 2450 414 ARCIIIEP.
2491 357 3041 416 CONSTANTINOP.

3640 354 3757 408 40:2

2165 470 2393 543 πένητα,
2424 475 2560 528 ἀλλά
2592 475 2730 545 μάθε
2758 476 2866 530 τῶν
2900 474 3241 551 πραγμάτων
3264 472 3362 541 τὴν
3393 471 3572 543 κρίσιν
3599 471 3761 543 ἔχειν

2161 558 2327 629 ὀρθὴν
2351 561 2444 614 καὶ
2477 562 2837 618 ἀδιάπτωτον.

2231 647 2323 718 Μὴ
2375 648 2583 720 ἀπέχου
2617 651 2972 723 Ἐκκλησίας·
3036 650 3188 705 οὐδὲν
3246 647 3357 720 γὰρ
3418 646 3762 717 Ἐκκλησίας

2164 733 2529 807 ἰσχυρότερον.
2572 739 2637 789 Ἢ
2672 736 2826 802 ἐλπίς
2864 755 2957 792 σου
2993 739 3027 808 ή
3069 737 3365 808 Ἐκκλησία
3387 777 3402 800 ,
3435 737 3470 806 ἡ
3501 732 3762 803 σωτηρία

2162 823 2311 892 σουὴ
2354 823 2672 896 Ἐκκλησία,
2705 827 2738 897 ἠ
2769 826 3057 896 καταφυγή
3088 841 3180 878 σου
3213 826 3247 894 ἡ
3284 820 3604 891 Ἐκκλησία.
3636 814 3760 871 Τοῦ

2159 910 2391 980 ούρανοῦ
2420 912 2727 984 ὑψηλοτέρα
2756 914 2874 967 ἐστὶ
2903 954 2917 980 ,
2950 914 3050 983 τῆς
3077 912 3180 983 γῆς
3215 909 3527 979 πλατυτέρα
3572 905 3759 960 ἐστίν.

2160 999 2428 1054 Οὐδέποτε
2454 1004 2602 1073 γηρᾷ
2623 1042 2638 1066 ,
2668 1002 2755 1056 ἀεὶ
2794 1003 2850 1056 δὲ
2892 1000 3152 1073 ἀκμάζει.
3186 999 3288 1054 Διά
3310 998 3468 1052 τοῦτο
3494 996 3557 1051 τὸ
3584 995 3760 1065 στερ-

2161 1087 2253 1157 ρὸν
2280 1088 2450 1159 αὐτῆς
2478 1091 2573 1143 καὶ
2599 1090 2897 1144 ἀσάλευτον
2938 1089 3175 1161 δηλοῦσα
3205 1091 3239 1161 ἡ
3266 1085 3457 1158 Γραφὴ
3490 1085 3618 1156 ὅρος
3652 1084 3765 1137 αὑ..

2157 1176 2256 1247 τὴν
2278 1177 2464 1230 καλεῖ·
2497 1178 2558 1231 τὸ
2595 1177 2849 1249 ἄφθορον,
2881 1177 3053 1249 αὐτὴν
3082 1177 3240 1231 καλεῖ
3268 1173 3537 1247 παρθένον
3569 1184 3593 1213 ε
3623 1189 3636 1202 ·
3684 1172 3761 1226 τὸ

2161 1265 2484 1330 πολυτελὲς,
2518 1265 2833 1336 βασίλισσαν
2865 1268 3036 1339 αὐτὴν
3080 1267 3260 1321 καλεῖ³
3306 1264 3368 1318 τὸ
3397 1262 3661 1332 συγγενὲς
3686 1260 3762 1315 τὸ

2158 1355 2297 1422 πρὸς
2320 1355 2409 1408 τὸν
2434 1355 2588 1419 Θεὸν,
2619 1356 2896 1430 θυγατέρα
2922 1356 3091 1429 αὐτὴν
3122 1354 3280 1411 καλεῖ
3302 1371 3317 1387 ·
3339 1354 3402 1407 τὸ
3424 1352 3755 1422 πολύγονον,

2161 1444 2378 1514 στεῖραν
2406 1442 2574 1516 αὐτὴν
2595 1443 2753 1498 καλεῖ
2776 1445 3067 1499 τίκτουσαν
3090 1443 3232 1497 ἑπτά
3249 1461 3262 1473 ·
3295 1443 3462 1515 μυρία
3482 1441 3756 1511 ὀνόματα,

2159 1532 2246 1585 ἵνα
2280 1534 2611 1605 παραστήσῃ
2636 1534 2806 1604 αὐτῆς
2842 1536 2942 1607 τὴν
2982 1536 3285 1604 εὐγένειαν.
3318 1534 3532 1603 Ὠσπερ
3564 1530 3677 1602 γὰρ
3721 1531 3760 1583 6

2155 1621 2432 1692 Δεσπότης
2461 1621 2630 1693 αὐτῆς
2660 1623 2830 1677 πολλά
2859 1624 3099 1694 ὀνόματα
3125 1623 3270 1693 ἔχει·
3301 1622 3398 1677 καὶ
3422 1619 3612 1691 Πατὴρ
3644 1636 3756 1673 καο

2155 1709 2364 1772 λεῖται,
2401 1710 2497 1764 καὶ
2531 1711 2647 1775 όδὸς
2700 1711 2976 1775 καλεῖται,
3026 1712 3121 1764 καὶ⁸
3164 1710 3279 1780 ζωὴ
3329 1708 3606 1775 καλεῖται,
3648 1708 3756 1761 καὶ

2157 1798 2273 1865 φῶς
2301 1798 2587 1865 καλεῖται,
2643 1801 2738 1853 καὶ
2779 1800 3017 1873 βραχίων
3061 1799 3343 1862 καλεῖται,
3384 1797 3479 1852 καὶ⁵
3516 1795 3756 1867 ἱλασμὸς

2154 1889 2431 1955 καλεῖται,
2458 1892 2552 1945 καὶ
2582 1890 2830 1960 θεμέλιος
2862 1891 3143 1954 καλεῖται,
3173 1890 3267 1943 καὶ
3304 1888 3445 1960 θύρα
3473 1886 3751 1948 καλεῖται,

2154 1978 2249 2031 καὶ
2282 1978 2669 2050 ἀναμάρτητος
2716 1979 2983 2044 καλεῖται,
3007 1980 3100 2032 καὶ
3148 1977 3423 2049 θησαυρὸς
3471 1977 3751 2038 καλεῖται,

2156 2066 2249 2120 καὶ
2273 2063 2475 2140 Κύριος
2499 2067 2765 2133 καλεῖται,
2796 2067 2891 2121 καὶ
2920 2066 3053 2130 Θεὸς
3078 2066 3345 2130 καλεῖται,
3377 2065 3470 2120 καὶ
3495 2063 3618 2127 Υἱὸς
3643 2080 3755 2116 κα-

2153 2153 2348 2219 λεῖται,
2380 2155 2477 2210 καὶ
2493 2154 2803 2227 Μονογενὴς
2830 2155 3093 2217 καλεῖται,
3121 2155 3213 2207 καλ⁵
3248 2154 3431 2224 μορφὴ
3457 2149 3615 2214 Θεοῦ,
3644 2149 3756 2203 καὶ

2154 2242 2317 2297 εἰκὼν
2344 2242 2481 2296 Θεοῦ
2514 2242 2759 2296 καλεῖται
2776 2259 2791 2276 ·
2830 2243 2903 2313 μὴ
2933 2243 3096 2310 ἀρκεῖ
3122 2242 3180 2294 ἓν
3202 2240 3373 2311 ὄνομα
3397 2238 3547 2313 [592]
3573 2256 3756 2311 παρα-

2156 2333 2350 2403 στῆσαι
2375 2334 2438 2385 τὸ
2467 2332 2620 2398 ὅλον;
2652 2326 2942 2402 Οὐδαμῶς·
2970 2330 3105 2385 ἀλλά
3130 2330 3219 2385 διά
3238 2329 3397 2384 τοῦτο
3429 2329 3599 2402 μυρία
3622 2328 3751 2383 ὀνό-

2156 2438 2324 2492 ματα,
2357 2420 2445 2474 ἵνα
2477 2419 2736 2491 μάθωμέν
2773 2437 2824 2472 τι
2847 2419 2975 2490 περὶ
2996 2418 3154 2482 Θεοῦ,
3185 2419 3291 2473 κᾶν
3327 2417 3541 2490 μικρόν.
3574 2415 3743 2471 Οὕτω

2151 2507 2216 2579 δὴ
2242 2508 2337 2563 καὶ
2369 2510 2403 2578 ἡ
2444 2506 2740 2578 Ἐκκλησία
2773 2506 2944 2559 πολλὰ
2979 2506 3245 2561 καλεῖται.
3276 2506 3551 2578 Παρθένος
3583 2505 3749 2574 λέγε-

2151 2612 2278 2661 ται,
2305 2597 2401 2650 καὶ
2432 2595 2539 2667 μὴν
2566 2597 2741 2666 πόρνη
2774 2591 2843 2666 ἦν
2879 2594 2986 2667 πρὸ
3020 2594 3209 2649 τούτου
3234 2611 3248 2628 ·
3286 2594 3347 2649 τὸ
3392 2592 3501 2664 γὰρ
3531 2593 3755 2663 θαυμαο

2156 2683 2279 2737 στὸν
2311 2682 2405 2737 τοῦ
2457 2683 2688 2754 νυμφίου
2713 2724 2727 2749 ,
2777 2684 2858 2738 ὅτι
2899 2682 3059 2737 ἔλαϐε
3093 2682 3340 2754 πόρνην,
3371 2683 3466 2736 καὶ
3516 2680 3755 2751 ἐποίησε

2153 2771 2445 2843 παρθένον.
2496 2772 2562 2824 Ὢ
2605 2771 2810 2825 καινῶν
2856 2772 2952 2824 καὶ
3002 2769 3319 2840 παραδόξων
3373 2770 3747 2842 πραγμάτων.

2152 2859 2337 2929 Γάμος
2370 2861 2500 2931 παρ’
2540 2859 2672 2930 ἡμῖν
2719 2857 3016 2930 παρθενίαν
3049 2857 3169 2912 λύει
3195 2899 3210 2923 ,
3238 2856 3418 2928 γάμος
3448 2859 3597 2928 παρά
3621 2858 3753 2930 Θεῷ

2153 2947 2453 3020 παρθενίαν
2506 2949 2793 3018 ἀνέστησε.
2836 2944 2975 3019 Παρ’
3021 2948 3153 3017 ἡμῖν
3204 2948 3238 3018 ἡ
3272 2943 3408 3001 οὖσα
3448 2945 3750 3019 παρθένος,

2153 3038 2619 3110 γαμουμένη,οὐκ
2643 3038 2759 3091 ἐστι
2783 3036 3076 3109 παρθένος·
3111 3037 3264 3110 παρά
3283 3036 3506 3109 Χριστῷ
3542 3040 3576 3107 ἡ
3603 3032 3752 3091 οὖσα

2154 3127 2361 3200 πόρνη,
2392 3127 2717 3199 γαμουμένη
2740 3167 2754 3191 ,
2789 3126 3060 3200 παρθένος
3097 3127 3341 3196 γέγονεν.

2225 3217 2289 3282 ζ’.
2307 3217 2691 3288 Ἐρμηνευέτω
2704 3218 2731 3271 ό
2745 3217 3017 3289 αἱρετικὸς
3031 3216 3190 3271 τοῦτο
3209 3219 3367 3287 μόνον
3377 3261 3389 3279 ,
3405 3222 3433 3273 ὁ
3448 3236 3602 3290 περιε
3611 3236 3753 3290 ργα-

2153 3305 2379 3376 ζόμενος
2404 3307 2501 3378 τὴν
2535 3306 2648 3361 ἀνω
2684 3305 2963 3376 γέννησιν,
2993 3306 3087 3360 καὶ
3127 3305 3303 3376 λέγων
3330 3324 3343 3338 ·
3369 3307 3492 3372 Πῶς
3514 3307 3752 3381 ἐγέννη-

2154 3410 2246 3446 σεν
2272 3394 2300 3447 ό
2325 3394 2547 3465 Πατήρ;
2588 3393 2723 3447 Εἰπὲ
2744 3392 2892 3463 αὐτῷ
2918 3411 2931 3425 ·
2958 3392 3084 3458 Πῶς
3116 3395 3149 3464 ἡ
3200 3394 3495 3465 Ἐκκλησία
3516 3435 3532 3461 ,
3564 3395 3749 3470 πόρνη

2152 3476 2307 3547 οὖσα,
2349 3481 2619 3554 παρθένος
2642 3481 2887 3550 ἐγένετο;
2928 3481 3046 3546 πῶς
3077 3481 3133 3536 δὲ
3165 3485 3198 3553 ἡ
3226 3489 3534 3553 γεννήσασα
3554 3523 3569 3547 ,
3600 3502 3755 3556 παρ-

2154 3568 2308 3634 θένος
2328 3569 2511 3642 ἔμεινε
2535 3586 2549 3635 ;
2584 3568 2757 3636 Ζηλῶ
2784 3569 2896 3638 γὰρ
2919 3569 3075 3640 ὑμᾶς
3099 3571 3248 3625 Θεοῦ
3276 3570 3450 3638 ζήλῳ,
3477 3573 3506 3625 6
3525 3571 3753 3639 Παῦλός

2152 3674 2318 3729 φησιν
2350 3708 2354 3710 .
2386 3656 2749 3727 ἡρμοσάμην
2779 3656 2890 3726 γὰρ
2917 3655 3075 3725 ὑμᾶς
3104 3657 3199 3711 ἐνὶ
3228 3658 3401 3726 ἀνδρὶ
3440 3660 3751 3729 παρθένον

2151 3745 2351 3816 ἁγνὴν
2385 3744 2776 3813 παραστῆσαι
2818 3744 2899 3811 τῷ
2930 3743 3184 3813 Χριστῷ.
3226 3746 3290 3798 Ὦ
3323 3747 3484 3814 σοφία
3511 3747 3604 3801 καὶ
3647 3748 3751 3802 σύ-

2150 3849 2320 3897 νεσις.
2354 3832 2529 3901 Ζηλῶ
2569 3833 2681 3903 γὰρ
2726 3832 2885 3902 ὑμᾶς
2915 3832 3061 3887 Θεοῦ
3096 3830 3270 3901 (ﬁqu
3298 3834 3365 3887 Τί
3397 3835 3514 3889 ἐστι
3540 3836 3699 3891 τοῦτο
3726 3855 3749 3906 ;

2151 3919 2326 3990 Ζηλῶ
2350 3962 2365 3987 ,
2404 3919 2574 3987 λέγει.
2613 3919 2840 3991 Ζηλοϊς,
2892 3921 2921 3973 ό
2962 3922 3365 3991 πνευματικός;
3396 3923 3573 3992 Ζηλῶ
3606 3925 3746 3995 γὰρ,

2149 4006 2332 4075 λέγει,
2369 4006 2446 4070 ὡς
2478 4008 2507 4060 6
2536 4005 2687 4069 Θεός.
2719 4007 2832 4060 Καὶ
2873 4006 3005 4071 Θεὸς
3041 4006 3194 4079 ζηλοῖ
3220 4025 3234 4074 ;
3268 4009 3377 4064 Ναὶ
3397 4049 3412 4075 ,
3453 4010 3644 4081 ζηλοῖ,
3676 4013 3746 4069 οὐ

2154 4093 2355 4161 πάθει,
2397 4094 2531 4148 ἀλλά
2591 4094 2781 4167 ἀγάπῃ
2808 4133 2823 4158 ,
2880 4093 2972 4148 καὶ
3042 4095 3362 4169 ζηλοτυπία.
3409 4097 3584 4167 Ζηλῶ
3627 4099 3745 4171 γὰρ

2150 4178 2307 4251 ὑμᾶς
2349 4181 2497 4235 Θεοῦ
2534 4178 2708 4247 ζήλῳ.
3424 4241 3429 4247 l

2222 4267 2376 4323 Εἴπω
2401 4286 2504 4333 σοι,
2527 4268 2645 4331 πῶς
2674 4267 2859 4340 ζηλοῖ;
2882 4263 3037 4323 Εἶδεν
3061 4269 3166 4324 ὑπὸ
3197 4271 3468 4342 δαιμόνων
3496 4272 3747 4345 διαφθει-

2154 4355 2389 4427 ρομένην
2432 4355 2531 4427 τὴν
2572 4355 2708 4427 γῆν,
2762 4355 2974 4410 καὶτὸν
3005 4357 3133 4411 Υίὸν
3162 4358 3323 4413 αὐτοῦ
3378 4359 3624 4428 ἐξέδωκε.
3657 4365 3746 4421 Τά

2150 4442 2259 4514 γὰρ
2290 4445 2511 4516 ῥήματα
2571 4443 2664 4497 ἐπὶ
2693 4442 2787 4497 τοῦ
2817 4443 2954 4497 Θεοῦ
3003 4444 3273 4517 λεγόμενα
3327 4447 3387 4500 ού
3439 4448 3534 4519 τὴν
3568 4451 3744 4524 αὐτὴν

2149 4529 2263 4601 ἔχει
2297 4530 2450 4601 ίσχύν
2475 4548 2487 4561 ·
2517 4528 2649 4596 οἷον,
2680 4531 2899 4604 ζηλεύει
2928 4532 3095 4600 Θεὸς,
3114 4533 3392 4604 ὀργίζεται
3432 4536 3596 4603 Θεὸς,
3637 4558 3742 4610 με-

2148 4621 2331 4671 τανοεῖ
2354 4617 2486 4683 Θεὸς
2506 4659 2521 4683 ,
2552 4623 2704 4689 μισεῖ
2747 4619 2901 4683 Θεός.
2937 4619 3020 4674 Τὰ
3070 4621 3291 4691 ῥήματα
3321 4623 3494 4678 ταῦτα
3528 4626 3737 4697 ἀνθρώο

2151 4723 2300 4771 πινα,
2326 4704 2462 4760 ἀλλά
2490 4705 2560 4763 τὰ
2588 4707 2839 4777 νοήματα
2865 4706 3165 4779 θεοπρεπῆ.
3190 4708 3315 4774 Πῶς
3346 4709 3740 4781 ζηλεύειΘεόςς

2149 4791 2323 4859 Ζηλῶ
2356 4791 2467 4861 γὰρ
2498 4789 2656 4861 ὑμᾶς
2684 4792 2832 4847 Θεοῦ
2867 4791 3042 4861 ζήλῳ.
3089 4795 3399 4867 Ὀργίζεται
3436 4798 3598 4867 Θεός;
3627 4805 3744 4858 Κύ-

2140 4896 2267 4945 ριε,
2291 4878 2378 4948 μὴ
2425 4879 2505 4944 τῷ
2535 4878 2700 4950 θυμῷ
2729 4897 2846 4935 σου
2885 4881 3145 4952 ἐλέγξῃς
3182 4902 3280 4954 με.
3318 4887 3482 4941 Ὥστε
3513 4890 3607 4942 καὶ
3635 4909 3741 4945 κα-

2149 4965 2325 5020 θεύδει
2367 4966 2538 5033 Θεός;
2600 4967 2910 5038 Ἀνάστηθι
2936 5012 2950 5037 ,
2990 4972 3091 5025 ἵνα
3126 4973 3185 5026 τί
3235 4975 3487 5044 ὑπνοῖς,
3520 4982 3743 5047 Κύριε;

2147 5054 2418 5109 Μετανοεῖ
2446 5055 2580 5120 Θεός
2605 5073 2619 5120 ;
2664 5060 3017 5128 Μετενόησα
3036 5101 3049 5124 ,
3084 5060 3175 5116 ὅτι
3206 5063 3468 5131 ἐποίησα
3499 5065 3605 5121 τόν
3635 5068 3744 5123 ἄν·

2148 5145 2408 5211 θρωπον.
2435 5141 2598 5197 Μισεῖ
2626 5144 2655 5197 6
2694 5144 2860 5212 Θεός;
2891 5147 3002 5215 Τὰς
3043 5148 3249 5218 ἑορτὰς
3293 5151 3462 5221 ὑμῶν
3499 5155 3599 5209 καί
3632 5158 3743 5226 τὰς

2147 5231 2472 5300 νεομηνίας
2502 5231 2676 5301 μισεῖ
2699 5233 2738 5301 ἡ
2785 5234 2957 5303 ψυχή
3002 5254 3145 5305 μου.
3189 5238 3349 5293 Ἀλλά
3396 5240 3471 5313 μὴ
3500 5243 3740 5317 πρόσεχε

2145 5322 2213 5391 τῇ
2262 5319 2508 5391 εὐτελείᾳ
2558 5320 2669 5375 τῶν
2729 5320 2928 5388 λέξεων
2952 5339 2967 5354 ·
3001 5323 3138 5377 ἀλλά
3169 5325 3302 5381 λάϐε
3337 5328 3617 5402 θεοπρεπῆ
3669 5334 3742 5388 τὰ

2146 5408 2415 5478 νοήματα.
2446 5408 2673 5480 Ζηλεύε-ι
2703 5412 2732 5463 6
2762 5410 2893 5474 Θεὸς
2920 5449 2935 5476 ,
2963 5412 3154 5485 ἀγαπᾷ
3195 5415 3324 5487 γάρ.
3370 5417 3682 5489 Ὀργίζεται
3709 5423 3742 5474 6

2147 5494 2308 5559 Θεὸς,
2358 5497 2420 5549 οὐ
2453 5497 2634 5561 πάθει,
2676 5497 2817 5551 ἀλλά
2844 5501 3089 5572 τιμωρία
3130 5501 3226 5555 καὶ
3258 5503 3501 5561 κολάσει.
3546 5506 3741 5563 ’Υπνοῖ

2147 5580 2312 5651 Θεὸς,
2344 5583 2404 5636 ού
2438 5582 2737 5653 καθεύδων,
2768 5585 2905 5640 ἀλλά
2937 5587 3332 5661 μακροθυμῶν.
3370 5592 3606 5664 Ἔκλεγε
3635 5595 3738 5664 τὰς

2210 5709 2233 5739 ο
2259 5706 2381 5780 ﬁam
2406 5712 2485 5757 est
2506 5710 2656 5780 le_c_lio
2692 5709 2955 5780 _Savi|i_a_na,
2979 5713 3408 5780 Benediglinianze
3428 5718 3725 5780 interpreta-

2149 5769 2530 5844 tioniconsgna.
2556 5770 2728 5823 Morel.
2757 5778 2810 5825 et
2835 5769 3008 5828 Monif.
3047 5777 3128 5827 καὶ
3171 5778 3375 5844 ἄφθορον
3410 5769 3722 5844 αὐτὴν’κα).εἷ,

2147 5832 2388 5895 παρθένον.
2417 5832 2548 5884 Εοιτ.
