4036 6382
314 370 405 425 401
939 364 1217 420 IIOMILIA
1259 362 1347 418 DE
1386 358 1610 417 (ΞΜ)Το
1650 353 1996 412 EUTIlOPlO
2035 351 2121 407 ET
2166 350 2251 406 DE
2295 349 2698 407 DIVITIARUM
2740 347 3104 407 VANITATE.

378 481 507 537 lico
536 482 647 536 vita
676 482 1031 551 peregrinatio.
1060 509 1133 520 —
1158 479 1291 533 Num
1321 479 1457 532 nosti
1483 478 1641 531 vitam
1675 487 1907 543 prresen—

313 583 413 628 tem
446 587 572 627 esse
605 572 1088 642 peregrinationem
1112 570 1135 623 ?
1159 570 1419 624 Numnam
1449 577 1501 621 tu
1525 567 1700 621 civis?
1726 565 1908 620 Viator

310 680 384 721 es.
413 664 740 722 Intellexisti
764 664 890 734 quid
920 662 1192 719 dixerim?
1217 661 1333 716 Non
1356 677 1414 717 es
1439 661 1592 727 civis,
1623 658 1718 713 sed
1741 659 1909 712 viator

307 765 359 809 et
404 756 752 824 peregrinus.
799 753 875 809 Ne
915 754 1113 809 dixeris
1143 772 1156 808 ε
1187 754 1334 807 Hanc
1360 761 1415 807 et
1453 751 1597 806 illam
1641 752 1906 805 civitatem

308 843 499 900 habeo.
520 844 699 899 Nemo
717 844 984 899 civitatem
1007 843 1187 899 habet.
1210 843 1407 897 Civitas
1422 856 1633 898 sursum
1656 850 1755 895 est.
1775 840 1911 893 Prae-

294 937 477 1006 sentia
498 937 586 991 via
612 943 757 992 sunt.
781 937 1027 1003 Quotidie
1053 936 1211 1006 igitur
1236 934 1336 989 iter
1361 933 1604 1000 facimus,
1624 932 1798 986 donec
1816 946 1909 985 na-

290 1002 420 1082 itura
441 1043 670 1082 cursum
695 1029 921 1099 perﬁcit.
946 1028 1040 1083 Est
1062 1002 1222 1097 quiin
1246 1026 1327 1079 via
1349 1025 1599 1096 pecunias
1615 1021 1906 1079 recondat:

310 1129 392 1175 est
415 1121 510 1191 qui
541 1122 598 1176 in
633 1121 715 1176 via
737 1136 924 1176 aurum
951 1120 1202 1175 defodiat.
1234 1121 1507 1190 Ingressus
1532 1116 1906 1179 diversorium,

309 1212 511 1268 illudne
542 1214 816 1269 exornas?
840 1214 1192 1282 Minime,sed
1224 1213 1463 1270 comedis
1489 1222 1543 1269 et
1560 1213 1720 1279 bibis,
1751 1220 1910 1281 atque

312 1306 435 1361 hinc
458 1306 648 1377 egredi
671 1307 910 1362 festinas.
932 1306 1288 1361 Diversorium
1310 1306 1515 1360 estvita
1540 1318 1795 1375 praesens.
1825 1303 1910 1358 ln-

310 1397 479 1468 gressi
499 1413 715 1462 sumus,
738 1408 1057 1468 praesentem
1079 1399 1240 1454 vitam
1265 1399 1506 1453 ﬁnimus:
1523 1411 1766 1453 curemus
1786 1409 1907 1449 cum

314 1490 447 1544 bona
466 1505 567 1560 spe
579 1490 785 1559 egredi,
804 1490 937 1545 nihil
958 1490 1045 1546 hic
1059 1490 1440 1561 relinquamus.
1457 1506 1524 1545 ne
1539 1490 1645 1545 illic
1658 1490 1809 1544 nobis
1826 1503 1912 1558 pe-

312 1592 443 1637 reat.
462 1585 809 1653 Ingressusin
828 1598 1120 1652 cauponam
1142 1582 1265 1653 quid
1287 1597 1452 1653 puero
1472 1582 1641 1637 dicis?
1662 1581 1791 1638 Vide
1804 1597 1908 1651 quo

313 1674 428 1728 loco
456 1690 548 1729 res
580 1684 793 1730 nostras
817 1675 1043 1746 deponis
1066 1717 1082 1741 ,
1114 1691 1182 1731 ne
1206 1676 1332 1746 quid
1360 1675 1446 1730 hic
1468 1675 1816 1745 relinquatur,
1843 1688 1909 1728 ne

313 1765 435 1833 quid
462 1767 811 1835 quantumvis
842 1766 957 1822 leve
983 1768 1063 1821 vel
1095 1767 1346 1836 exiguum
1379 1775 1598 1836 pereat,
1632 1773 1689 1820 ut
1728 1765 1908 1818 omnia

313 1857 529 1912 domum
560 1870 918 1929 reportamus.
948 1860 1038 1915 Sic
1059 1869 1114 1914 et
1142 1874 1239 1915 nos
1262 1862 1314 1915 in
1343 1860 1588 1930 pratsenti
1617 1860 1723 1914 vita
1749 1878 1761 1913 :
1789 1874 1905 1915 eam

314 1950 459 2018 quasi
490 1964 795 2019 cauponam
828 1952 1215 2022 respiciamus,
1248 1952 1483 2023 nihilque
1520 1952 1608 2007 hic
1635 1953 1908 2022 relinqua-

315 2054 451 2107 mus,
471 2040 574 2095 sed
602 2041 782 2096 omnia
810 2041 861 2096 in
891 2043 1227 2113 metropolim
1255 2052 1610 2114 reportemus.
1638 2043 1822 2098 Viator
1850 2058 1907 2097 es

312 2146 373 2186 ac
400 2132 743 2201 peregrinus,
772 2133 881 2189 imo
911 2135 1113 2190 viatore
1136 2135 1314 2190 vilior.
1342 2134 1663 2202 Quomodo?
1691 2149 1792 2205 ego
1818 2134 1906 2189 di-

313 2236 449 2277 cam.
480 2222 671 2277 Viator
711 2225 811 2279 scit
850 2225 1064 2295 quando
1103 2227 1397 2296 ingreditur
1421 2227 1773 2283 diversorium
1796 2268 1812 2294 ,
1854 2234 1909 2280 et

311 2313 526 2382 quando
550 2315 825 2384 egreditur
853 2334 864 2371 :
895 2317 946 2371 in
973 2316 1088 2387 ejus
1113 2318 1252 2373 enim
1281 2317 1500 2373 arbitrio
1527 2327 1611 2372 est
1634 2332 1902 2388 egressus,

313 2406 762 2474 quemadmodum
793 2416 845 2462 et
887 2408 1191 2477 ingressus;
1220 2426 1319 2480 ego
1343 2420 1520 2465 autem
1552 2410 1822 2482 ingressus
1853 2410 1903 2464 in

313 2497 668 2554 diversorium
696 2542 710 2565 ,
754 2500 856 2557 hoc
894 2512 978 2557 est
1013 2508 1066 2558 in
1112 2513 1428 2573 prmsentem
1457 2506 1617 2559 vitam
1650 2547 1664 2569 ,
1693 2505 1904 2574 quando

313 2603 631 2659 egressurus
671 2593 771 2646 sim
816 2592 1021 2662 ignoro.
1072 2595 1245 2664 Atque
1291 2595 1554 2651 interdum
1600 2613 1696 2666 pro
1746 2596 1903 2665 longo

315 2688 553 2752 tempore
572 2684 823 2738 alimenta
846 2701 996 2755 paro,
1016 2695 1069 2741 et
1084 2686 1342 2742 Dominus
1361 2698 1585 2756 repente
1608 2705 1693 2743 me
1712 2701 1866 2744 vocat
1886 2707 1900 2745 :

314 2772 498 2840 Stulte,
535 2792 654 2845 qua:
681 2778 871 2845 parasti
896 2780 1043 2850 cujus
1071 2780 1256 2835 erunt?
1286 2778 1403 2833 Hac
1431 2782 1564 2833 enim
1592 2791 1736 2835 nocte
1763 2782 1901 2833 acci-

312 2865 443 2934 pient
467 2867 695 2919 animum
726 2876 863 2920 tuam
893 2867 1049 2939 (Luc.
1080 2869 1167 2923 12.
1191 2870 1306 2940 20).
1335 2870 1573 2926 Incertus
1599 2872 1792 2937 exitus,
1825 2875 1902 2925 in-

311 2958 512 3013 stabilis
547 2960 835 3027 possessio,
872 2971 1126 3016 sexcenta
1158 2963 1445 3032 prmcipitia
1467 3004 1480 3027 ,
1514 2963 1743 3033 undique
1773 2978 1900 3032 pro-

310 3049 474 3102 cellae.
507 3048 621 3103 Cur
647 3051 847 3105 insanis
872 3053 1010 3106 circa
1044 3052 1302 3107 umbras?
1330 3068 1427 3108 cur
1456 3054 1637 3109 relicta
1681 3056 1902 3109 veritate

310 3143 372 3196 ad
400 3144 618 3198 umbras
643 3142 917 3216 confugis?

376 3277 427 3334 6.
474 3278 603 3334 Haec
630 3279 750 3334 dico
777 3322 791 3347 ,
827 3297 925 3335 nec
950 3280 1129 3337 dicere
1154 3281 1391 3337 desinam
1421 3323 1436 3349 ,
1481 3282 1717 3339 dolorem
1761 3282 1897 3338 infe-

312 3385 431 3425 rens
451 3412 467 3438 ,
498 3382 555 3425 et
582 3373 795 3427 vulnera
822 3376 1212 3444 comprimens;
1245 3376 1400 3446 idque
1428 3393 1532 3430 non
1565 3387 1782 3447 prepter
1805 3392 1899 3431 eos

312 3462 394 3530 qui
439 3463 788 3528 ceciderunt,
835 3465 928 3520 sed
975 3474 1194 3535 propter
1220 3482 1312 3522 eos
1352 3468 1439 3537 qui
1485 3477 1789 3535 supersunt.
1823 3466 1895 3519 Illi

314 3569 540 3623 namque
567 3555 959 3623 abscesserunt,
992 3556 1253 3627 ﬁnemque
1283 3569 1603 3627 acceperunt
1627 3577 1639 3613 :
1663 3561 1750 3629 qui
1773 3573 1899 3612 vero

312 3655 596 3714 supersunt
620 3688 636 3713 ,
672 3662 857 3701 eorum
887 3648 1272 3703 calamitatibus
1294 3650 1560 3704 cautiores
1586 3659 1895 3704 evaserunt.

311 3737 373 3789 Et
398 3737 547 3807 quid,
577 3738 808 3808 inquies,
844 3738 1137 3794 faciemus?
1166 3740 1337 3796 Unum
1371 3741 1472 3795 hoc
1502 3740 1697 3804 facito,
1733 3756 1897 3809 pecu-

312 3829 423 3881 nias
466 3829 592 3883 odio
631 3829 865 3896 habeas,
904 3840 959 3885 et
1000 3832 1161 3885 vitam
1198 3841 1339 3886 tuatu
1366 3832 1572 3902 diligas.
1603 3831 1787 3901 Abjice
1817 3833 1896 3885 l'a-

314 3921 533 3975 cultates
557 3961 573 3986 ,
622 3936 728 3976 non
768 3920 889 3976 dico
928 3937 1115 3977 omnes
1142 3964 1158 3990 ,
1206 3922 1300 3979 sed
1342 3923 1640 3994 superﬂuas
1691 3937 1892 3977 reseca.

314 4014 493 4068 Aliena
522 4030 590 4069 ne
617 4016 967 4085 concupiscas
991 4058 1007 4083 ,
1038 4017 1248 4072 viduam
1283 4032 1348 4071 ne
1376 4016 1643 4087 exspolies
1661 4059 1677 4082 ,
1710 4015 1896 4086 pupilli

313 4104 446 4159 bona
487 4121 555 4160 ne
597 4107 772 4176 rapias
795 4146 811 4172 ,
855 4106 1072 4162 domum
1104 4124 1169 4165 ne
1197 4110 1424 4179 accipias
1459 4124 1474 4164 τ
1506 4123 1611 4164 non
1641 4124 1897 4179 personas

312 4194 463 4261 dico,
509 4196 603 4251 sed
646 4212 754 4251 res.
799 4196 854 4252 Si
884 4213 1040 4268 quem
1067 4200 1389 4254 conscientia
1421 4200 1627 4255 mordet
1655 4241 1671 4265 ,
1702 4200 1815 4269 ipse
1842 4202 1894 4253 in

313 4300 467 4342 causa
497 4296 581 4342 est
602 4329 618 4355 ,
650 4304 756 4343 non
786 4305 938 4345 meus
967 4306 1165 4346 sermo.
1196 4291 1302 4346 Cur
1332 4292 1472 4362 rapis
1495 4334 1510 4359 ,
1542 4292 1628 4347 ubi
1658 4291 1895 4346 invidia?

316 4375 476 4447 Rape,
504 4379 593 4433 ubi
620 4394 838 4434 corona.
865 4380 944 4436 Ne
965 4381 1139 4450 rapias
1164 4390 1383 4449 terram,
1412 4382 1505 4437 sed
1534 4382 1741 4436 caelum.
1776 4379 1899 4435 Vio-

313 4467 556 4523 lentorunt
585 4480 657 4525 est
684 4486 894 4541 regnum
920 4472 1178 4540 cwlorum,
1206 4482 1254 4527 et
1286 4474 1486 4527 violenti
1517 4475 1720 4544 rapiunt
1767 4474 1898 4527 illud

314 4559 541 4630 (Matth.
570 4565 657 4620 11.
693 4564 761 4620 12
784 4565 823 4636 ).
852 4565 989 4633 Quid
1020 4567 1164 4637 rapis
1195 4583 1481 4637 pauperem
1513 4569 1897 4623 accusantem?

313 4652 456 4724 Rape
500 4656 770 4712 Christum
817 4658 1140 4714 laudantem.
1169 4658 1357 4714 Vidisti
1403 4659 1797 4728 improbitatem
1843 4667 1898 4713 et

314 4743 608 4802 insaniam?
630 4748 794 4818 Rapis
815 4764 1099 4818 pauperem
1127 4765 1290 4819 pauca
1316 4750 1714 4820 possidentem?
1740 4749 1898 4805 Chri-

313 4845 423 4890 stus
451 4839 600 4903 dicit,
630 4840 715 4895 ΜΒ
743 4842 937 4911 rapito,
967 4842 1167 4911 rapinae
1199 4842 1291 4898 tibi
1318 4843 1540 4912 gratiam
1569 4841 1740 4898 habeo
1771 4861 1783 4895 :
1812 4860 1898 4897 re-

313 4941 468 4995 gnum
494 4944 671 4984 meum
704 4933 899 5000 rapito,
928 4940 981 4985 et
1005 4931 1110 4986 vim
1142 4932 1321 4988 facito.
1351 4932 1643 4986 Terrenum
1675 4949 1893 5004 regnum

312 5019 354 5071 si
384 5034 574 5089 rapere
599 5022 833 5075 volueris
853 5065 868 5090 ,
902 5022 1008 5076 imo
1032 5023 1075 5077 si
1109 5023 1160 5077 id
1188 5024 1272 5078 vel
1300 5023 1616 5093 cogitaveris
1639 5065 1653 5090 ,
1690 5023 1894 5094 suppli-

313 5111 446 5167 cium
487 5112 602 5167 lues
630 5131 646 5168 :
674 5128 963 5183 supernum
1004 5131 1133 5171 vero
1176 5116 1222 5171 si
1268 5132 1371 5171 non
1407 5106 1643 5186 rapueris
1668 5158 1682 5182 ,
1712 5132 1898 5186 pmnas

313 5201 440 5258 lues.
469 5203 568 5260 Ubi
601 5207 891 5271 mundana,
921 5207 989 5262 ibi
1018 5207 1214 5264 invidia
1244 5227 1257 5263 :
1286 5210 1373 5265 ubi
1404 5225 1531 5264 vero
1559 5212 1851 5280 spiritualia
1879 5254 1894 5280 ,

314 5296 380 5349 ibi
409 5299 620 5353 caritas.
655 5297 781 5353 Haec
822 5300 1043 5370 singulis
1089 5300 1278 5357 diebus
1324 5302 1620 5369 meditare;
1666 5319 1734 5358 ne
1776 5312 1900 5374 post

315 5386 521 5441 biduum
549 5404 777 5446 cernens
802 5391 963 5446 alium
990 5408 1148 5447 curru
1177 5404 1386 5448 vectum
1412 5434 1427 5459 ,
1457 5395 1630 5450 serico
1655 5395 1896 5451 indutum

312 5479 646 5546 vestimento,
675 5496 797 5536 sese
818 5481 1151 5550 ell‘crentem,
1177 5484 1511 5539 cunturberis
1540 5494 1631 5539 aut
1657 5495 1895 5554 stupeas.

315 5568 386 5625 Ne
430 5571 614 5627 laudes
647 5574 661 5605 ¹
695 5573 915 5633 divitem
940 5615 955 5643 ,
987 5575 1082 5632 sed
1112 5591 1234 5631 eum
1266 5584 1467 5631 tantum
1494 5577 1584 5648 qui
1615 5578 1665 5632 in
1692 5578 1895 5647 justitia

377 5795 393 5826 ι
427 5794 517 5857 sic,
537 5803 604 5849 Ne
624 5794 813 5858 laudes,
837 5806 1010 5846 omnes
1034 5802 1086 5845 et
1107 5796 1276 5859 Savil.;
1304 5798 1479 5852 Morel.
1502 5814 1638 5859 vero,
1656 5804 1699 5848 tu
1724 5795 1887 5851 lauda.

3500 338 3604 394 402

2016 467 2161 521 vivit.
2193 466 2485 539 Pauperem
2528 482 2593 521 ne
2634 466 2939 536 vitupercs,
2971 464 3065 521 sed
3107 464 3247 522 circa
3289 478 3377 520 res
3417 477 3609 519 omnes

2013 558 2159 613 disce
2189 566 2335 612 recto
2360 567 2413 613 et
2445 558 2753 627 incorrupto
2785 558 2857 610 uti
2883 556 3105 628 judicio.

2084 645 2324 701 Ecclesia:
2347 648 2540 702 laudes.
2573 677 2642 687 ——
2670 646 2753 701 Ab
2778 648 3002 701 ecclesia
3032 662 3098 701 ne
3127 645 3395 701 abstineas
3420 663 3434 701 :
3464 644 3597 700 nihil

2011 741 2154 794 enim
2195 739 2386 794 fortius
2430 739 2688 794 Ecclesia.
2731 739 2875 813 .Spes
2920 747 3005 792 tua
3053 737 3315 804 Ecclesia,
3341 735 3602 808 refugium

2016 840 2163 885 tuum
2196 830 2456 885 Ecclesia.
2484 829 2629 884 Caelo
2656 829 2920 884 excelsior
2944 837 2999 883 ct
3028 837 3165 882 terra
3197 828 3355 883 latior
3383 836 3464 883 est
3490 827 3601 882 illa.

2012 921 2309 992 Numquam
2348 918 2616 986 senescit,
2657 919 2751 974 sed
2793 934 3007 989 semper
3046 919 3205 989 viget.
3246 919 3602 987 Quamobrem

2013 1014 2127 1084 ejus
2153 1013 2454 1068 ﬁrmitatem
2476 1011 2921 1081 stabilitatemque
2942 1011 3312 1065 demonstrans
3328 1009 3603 1081 Scriptura

2014 1113 2247 1158 montem
2281 1103 2421 1157 illam
2446 1112 2639 1167 vocat;
2689 1101 2805 1171 ejus
2835 1101 3383 1171 iucorruptibilitatem
3412 1101 3602 1170 appel-

2012 1193 2087 1248 lat
2116 1195 2409 1264 virginem;
2444 1194 2887 1263 magniticentiam
2918 1193 3033 1261 ejus
3060 1193 3253 1263 regina:
3274 1193 3489 1247 nomine
3509 1192 3604 1248 de-

2012 1286 2217 1349 clarat;
2264 1286 2668 1356 cognationem,
2714 1300 2874 1355 quam
2918 1299 3038 1338 cum
3087 1284 3194 1338 Deo
3239 1284 3432 1352 habet,
3480 1285 3603 1339 ﬁliae

2014 1392 2144 1433 voce
2183 1377 2411 1432 indicat:
2454 1389 2670 1448 propter
2695 1392 3034 1432 numerosam
3067 1377 3270 1447 prolem
3296 1377 3441 1432 illam
3472 1378 3600 1431 olim

2013 1468 2250 1524 sterilem
2274 1510 2289 1535 ,
2314 1484 2457 1524 nunc
2487 1480 2643 1523 vocat
2668 1485 2786 1524 eam
2808 1511 2822 1535 ,
2848 1484 2966 1539 quie
2989 1469 3194 1538 peperit
3214 1479 3418 1539 septem
3444 1487 3457 1524 :
3481 1483 3603 1524 sex-

2012 1571 2164 1613 centa
2205 1560 2441 1625 nomina,
2488 1570 2545 1613 ut
2579 1559 2694 1629 ejus
2731 1561 3061 1614 nobilitatem
3091 1559 3307 1615 iudicet.
3333 1560 3602 1626 Quemad-

2014 1650 2232 1705 modum
2282 1652 2423 1705 enim
2471 1651 2727 1705 Dominus
2769 1651 2885 1719 ejus
2930 1652 3095 1705 multa
3136 1650 3298 1705 habet
3338 1652 3600 1705 nomina:

2013 1756 2135 1795 nam
2178 1750 2328 1811 pater
2367 1750 2616 1808 vocatur,
2650 1742 2730 1795 via
2752 1783 2767 1809 ,
2801 1743 2906 1796 vita
2929 1784 2943 1810 ,
2975 1745 3092 1807 lux,
3132 1742 3408 1797 brachium
3429 1785 3443 1809 ,
3474 1759 3602 1814 pro-

2015 1836 2238 1904 pitiatio,
2264 1835 2662 1889 fundamentum
2684 1874 2699 1901 ,
2728 1837 2943 1903 ostium,
2974 1836 3356 1904 impeccabilis,
3385 1836 3602 1892 thesau-

2013 1942 2103 1981 rus
2122 1969 2138 1995 ,
2168 1926 2415 1981 dominus
2434 1968 2450 1993 ,
2483 1928 2621 1981 Deus
2642 1966 2657 1993 ,
2688 1927 2825 1980 ﬁlius
2845 1968 2858 1990 ,
2888 1927 3190 1997 unigenitus
3213 1968 3229 1993 ,
3264 1926 3433 1982 forma
3466 1928 3558 1982 Dei
3584 1969 3600 1994 ,

2012 2021 2187 2091 imago
2217 2019 2311 2074 Dei
2340 2036 2353 2071 :
2386 2034 2454 2073 an
2477 2018 2670 2073 sufﬁcit
2701 2034 2896 2074 nomen
2924 2034 3087 2073 unum
3114 2018 3181 2072 ad
3209 2028 3384 2073 totum
3399 2034 3601 2088 reprrc-

2011 2111 2327 2166 sentandum
2348 2111 2371 2164 ?
2393 2111 2543 2166 Nullo
2574 2112 2733 2166 modo
2766 2129 2780 2165 :
2814 2111 3039 2181 ideoque
3063 2111 3339 2165 innumera
3360 2119 3485 2166 sunt
3507 2126 3601 2164 no-

2012 2203 2185 2273 mina,
2228 2212 2284 2258 ut
2309 2203 2375 2257 de
2405 2202 2519 2257 Deo
2542 2203 2621 2257 vel
2653 2202 2917 2256 tantillum
2945 2201 3386 2256 ediscamus.’Sic
3411 2209 3465 2255 et
3494 2200 3600 2255 Ec-

2010 2295 2170 2349 clesia
2213 2294 2395 2349 multis
2440 2304 2660 2349 vocatur
2699 2293 3025 2347 nominibus.
3068 2290 3232 2361 Virgo
3268 2291 3599 2362 appellatur,

2009 2402 2128 2455 qua?
2158 2394 2333 2440 tamen
2354 2387 2504 2455 prius
2530 2384 2783 2439 nteretrix
2805 2392 2920 2438 erat
2950 2401 2962 2437 :
2996 2398 3141 2449 nam,
3165 2381 3308 2448 quod
3329 2383 3382 2436 in
3404 2398 3601 2452 sponsu

2009 2478 2253 2532 mirabile
2278 2487 2392 2531 est:
2423 2476 2628 2547 accepit
2655 2474 3013 2540 meretricem,
3043 2483 3096 2529 et
3122 2473 3299 2529 ell'ecit
3318 2474 3600 2544 virginem.

2007 2569 2052 2623 Ο
2087 2584 2197 2623 rem
2237 2583 2424 2623 novam
2449 2576 2503 2623 et
2529 2566 2897 2623 admirabilem
2923 2569 2936 2620 Ξ
2969 2565 3175 2632 Nuptiae
3198 2564 3341 2636 apud
3370 2579 3467 2620 nos
3492 2565 3602 2619 vir-

2007 2660 2278 2729 giuitatem
2325 2660 2575 2724 solvunt,
2620 2657 2817 2726 nupti-.e
2856 2656 2999 2726 apud
3039 2658 3205 2715 licunt
3244 2656 3599 2726 virginitatem

2007 2751 2347 2805 resuscitant.
2373 2749 2526 2820 Apud
2559 2764 2656 2804 nos
2684 2764 2801 2819 qua:
2824 2748 2973 2818 virgo
3001 2757 3118 2803 erat
3137 2788 3151 2813 ,
3182 2756 3364 2816 nupta,
3392 2762 3495 2801 non
3519 2755 3601 2801 est

2006 2843 2156 2913 virgo
2180 2858 2195 2908 ;
2218 2842 2358 2912 apud
2380 2842 2648 2898 Christum
2671 2857 2789 2911 qua:
2811 2840 3065 2894 meretrix
3090 2848 3225 2907 erat,
3248 2849 3431 2908 nupta,
3453 2838 3600 2909 virgo

2004 2935 2252 2990 cflicitur.

2078 3028 2129 3081 7.
2181 3026 2294 3081 Iloc
2339 3025 2515 3079 solum
2555 3024 2710 3079 velim
2757 3024 3139 3094 interpretetur
3174 3020 3482 3087 luereticus,
3509 3021 3597 3091 qui
3686 3037 3693 3044 ·

2004 3119 2071 3173 de
2107 3133 2338 3188 superna
2376 3118 2723 3187 generatione
2764 3116 3028 3170 curiosius
3055 3114 3313 3184 inquirit,
3345 3128 3407 3168 ac
3433 3112 3596 3177 dicit,

2003 3212 2282 3281 Quomodo
2311 3211 2497 3282 genuit
2534 3211 2730 3265 Pater?
2762 3211 2855 3265 Dic
2882 3210 2987 3277 illi,
3015 3209 3296 3277 Quomodo
3324 3208 3558 3264 Ecclesia
3580 3250 3595 3274 ,

2004 3322 2125 3376 qua:
2151 3305 2403 3359 meretrix
2432 3312 2547 3358 erat
2568 3344 2581 3368 ,
2616 3304 2765 3372 virgo
2796 3301 2986 3357 ell'ccta
3018 3301 3140 3356 est?
3170 3300 3439 3372 quomodo
3470 3301 3553 3353 illa
3580 3341 3594 3361 .

2004 3415 2121 3468 qua:
2145 3397 2367 3468 genuit,
2396 3396 2547 3465 virgo
2587 3393 2921 3463 permansit?
2952 3391 3199 3446 ίΕηιιιιον
3224 3392 3353 3446 enim
3385 3409 3470 3445 vos
3503 3390 3597 3444 Dei

2002 3489 2345 3551 wmulatione,
2371 3488 2541 3556 inquit
2568 3487 2798 3552 Paulus;
2829 3485 3075 3556 despondi
3100 3486 3233 3539 enim
3254 3501 3340 3539 vos
3362 3485 3447 3537 uni
3467 3484 3595 3550 viro,

2004 3583 2243 3653 virginem
2274 3592 2462 3635 castam
2483 3579 2712 3634 exhibere
2737 3578 2938 3633 Christo
2970 3578 3044 3643 (9..
3078 3577 3193 3633 Cor.
3224 3578 3312 3635 11.
3339 3576 3419 3650 2).
3445 3575 3489 3632 Ο
3508 3593 3597 3633 sa-

2003 3673 2289 3743 pientiam,
2336 3682 2389 3726 et
2437 3671 2879 3740 intelligentiam!
2926 3669 3173 3724 λΕηιαιον
3212 3671 3342 3723 enim
3381 3686 3468 3723 vos
3504 3667 3597 3721 Dei

2001 3765 2341 3818 wmulatione.
2374 3763 2509 3830 Quid
2532 3762 2635 3817 hoc
2661 3764 2786 3815 est?
2815 3762 3062 3814 zEnmlor
3085 3802 3100 3828 ,
3135 3762 3323 3829 inquit.
3355 3759 3599 3814 rEmula-

2002 3854 2077 3908 ris
2122 3862 2175 3908 tu
2197 3894 2210 3918 ,
2254 3852 2343 3922 qui
2384 3852 2676 3921 spiritualis
2703 3850 2805 3906 es?
2836 3849 3082 3904 Afmulor
3105 3850 3272 3914 enim,
3304 3850 3507 3919 inquit,
3538 3857 3597 3907 ut

2004 3947 2167 4000 Deus.
2222 3945 2431 4014 Ergone
2477 3945 2615 3998 Deus
2656 3944 2976 3997 aemulatur?
3023 3943 3229 4008 Etiam,
3273 3942 3594 4009 aemulatur,

2003 4056 2109 4095 non
2140 4040 2303 4093 animi
2328 4039 2515 4093 morbo
2539 4078 2555 4102 ,
2588 4037 2681 4092 sed
2709 4037 2930 4092 caritate
2952 4048 3005 4091 et
3032 4035 3317 4107 zelotypia.
3349 4033 3597 4089 .IEmulor

2001 4133 2132 4186 enim
2161 4148 2246 4185 vos
2271 4130 2367 4184 Dei
2393 4130 2739 4185 azntulatione.

2072 4224 2296 4292 Aﬂ'ectus
2346 4225 2399 4278 in
2448 4221 2558 4276 Deo
2606 4221 2881 4291 quomodo.
2938 4221 3093 4275 Varia
3138 4218 3321 4276 Christi
3367 4219 3592 4275 nomina.

2000 4317 2253 4371 —Dicam
2287 4315 2377 4371 tibi
2406 4315 2674 4385 quomodo
2696 4313 3019 4369 aemulatur?
3044 4311 3188 4368 Vidit
3222 4322 3416 4368 terram
3438 4328 3468 4365 a
3488 4311 3595 4367 da:-

2003 4410 2249 4464 monibus
2286 4417 2589 4477 corruptam
2616 4450 2632 4474 ,
2673 4416 2727 4462 et
2756 4405 2946 4461 Filium
2973 4420 3125 4461 suum
3154 4404 3386 4459 tradidit.
3419 4403 3594 4460 Verba

2003 4502 2199 4570 quippe
2243 4499 2309 4553 de
2355 4498 2465 4552 Deo
2512 4497 2653 4552 dicta
2699 4512 2802 4550 non
2848 4495 3036 4551 eadem
3079 4503 3203 4548 sunt
3244 4495 3296 4548 vi
3324 4494 3543 4564 prardita
3580 4511 3593 4547 :

2003 4591 2232 4659 exempli
2262 4604 2418 4644 causa
2443 4630 2457 4657 ,
2490 4589 2772 4642 tumulatur
2802 4588 2946 4641 Deus
2969 4627 2984 4652 ,
3016 4584 3292 4650 irascitur,
3328 4585 3595 4653 ptrniten-

2005 4685 2074 4738 tia
2122 4700 2187 4737 mi
2215 4691 2397 4747 velur,
2441 4680 2572 4735 odit.
2609 4680 2781 4734 Verba
2811 4687 2938 4731 sunt
2964 4679 3190 4732 humana
3210 4719 3223 4742 ,
3256 4677 3350 4731 sed
3379 4692 3593 4732 sensum

2006 4777 2202 4831 habent
2234 4776 2341 4829 Deo
2368 4781 2771 4844 congruentem.
2801 4765 3077 4839 Quomodo
3106 4769 3384 4824 aemulatur
3415 4771 3597 4825 Deus?

2003 4868 2249 4923 limatior
2270 4868 2401 4921 enim
2424 4881 2507 4919 vos
2537 4863 2634 4917 Dei
2661 4861 3000 4917 aemulatione.
3026 4861 3274 4916 Irascitur
3292 4861 3430 4917 Deus
3444 4861 3469 4915 ‘.’
3483 4860 3595 4916 Do-

2006 4960 2138 5013 mine
2158 5000 2174 5026 ,
2217 4975 2278 5012 ne
2311 4959 2363 5011 in
2390 4958 2562 5027 furore
2587 4967 2671 5010 tuo
2697 4942 2883 5025 arguas
2915 4971 2993 5008 me
3016 4952 3188 5024 (Psal.
3218 4954 3271 5008 ϐ.
3305 4953 3379 5024 1).
3415 4952 3599 5024 Itaque

2005 5052 2165 5105 etiam
2211 5050 2410 5104 dormit
2451 5048 2635 5103 Deus?
2675 5046 2942 5117 Exsurge,
2969 5062 3124 5115 quare
3161 5046 3449 5110 obdormis,
3486 5044 3594 5099 Do-

2004 5143 2138 5195 mine
2171 5141 2341 5213 (Psal.
2382 5141 2470 5196 45.
2503 5139 2616 5211 25).
2654 5138 2971 5194 Pmnitentia
2998 5145 3242 5193 movetur
3272 5137 3449 5191 Deus?
3475 5135 3597 5190 Pae-

2006 5236 2163 5301 nitet,
2206 5234 2402 5304 inquit,
2452 5248 2529 5285 me
2576 5232 2751 5303 fecisse
2790 5231 3042 5285 hominem
3079 5227 3230 5301 (Gen.
3274 5228 3327 5283 6.
3352 5227 3428 5300 7).
3459 5225 3596 5283 Odio

2006 5322 2166 5381 habet
2194 5325 2374 5381 Deus?
2406 5324 2763 5379 Solemnitatcs
2785 5332 2971 5377 vestras
2990 5330 3036 5375 et
3058 5320 3342 5374 neomenias
3362 5318 3465 5371 odit
3484 5319 3595 5371 ani-

2006 5434 2089 5471 mo
2118 5433 2227 5470 mea
2256 5414 2457 5488 (Ilesai.
2492 5414 2540 5467 1.
2569 5414 2677 5484 14).
2702 5411 2897 5467 Verum
2930 5427 2997 5466 ne
3022 5405 3307 5466 verborum
3339 5408 3592 5462 vilitatem

2006 5518 2252 5579 spectes,
2298 5506 2394 5562 sed
2433 5506 2759 5570 sententias,
2804 5513 2860 5558 ut
2898 5503 3062 5559 Deum
3108 5502 3293 5569 decet,
3334 5500 3593 5570 intelligo.

2006 5602 2311 5659 AEmulatur
2342 5601 2483 5656 Deus
2505 5642 2521 5669 ,
2556 5600 2750 5671 quippe
2775 5601 2862 5668 qui
2895 5598 3103 5667 diligat.
3132 5596 3377 5651 Irascitur
3407 5593 3549 5649 Deus
3577 5635 3594 5660 ,

2008 5709 2112 5747 non
2151 5692 2314 5747 animi
2353 5702 2531 5758 motu,
2568 5689 2664 5745 sed
2705 5688 2904 5744 ultione
2942 5696 2995 5742 et
3022 5686 3302 5757 supplicio.
3335 5683 3593 5740 Somnum

2006 5787 2146 5860 capit
2188 5786 2361 5853 Deus,
2397 5800 2504 5843 non
2528 5781 2833 5851 dormiens,
2863 5786 2957 5836 sed
2986 5782 3185 5836 diutius
3210 5787 3461 5834 tolerans.
3504 5775 3593 5832 Dis

3603 5871 3628 5900 Χ
