4036 6400
384 376 491 433 403

382 496 589 544 cttones
628 501 752 545 cum
792 487 1005 545 delectu
1042 490 1245 561 accipe.
1286 489 1375 544 Sic
1399 502 1522 544 eum
1551 488 1782 544 audieris
1804 490 1967 544 Deum

380 581 619 649 gignere,
638 595 706 635 ne
723 580 989 636 sectiones
1000 581 1220 648 cogites,
1240 579 1333 635 sed
1345 579 1969 635 consubstantialitatem.

383 668 555 724 Verba
589 670 733 724 enim
763 670 926 725 multa
953 670 1144 724 similia
1171 686 1202 724 a
1230 670 1383 727 nobis
1411 679 1682 726 mutuatus
1710 680 1791 724 est
1809 671 1969 736 Deus,

381 769 437 813 ut
459 769 513 814 et
537 775 637 815 nos
656 760 835 816 abillo
859 761 1080 815 mutuati
1106 775 1311 828 sumus,
1338 770 1394 816 ut
1415 761 1466 815 id
1489 762 1640 816 nobis
1660 762 1728 815 sit
1761 760 1969 815 honori.

453 849 506 904 8.
541 849 853 906 Intellexisti
880 850 1005 921 quid
1032 850 1257 906 dixerim
1273 852 1298 904 ?
1328 851 1559 906 Attende
1583 850 1769 905 sedulo
1791 893 1807 917 ,
1832 850 1970 905 dile-

378 951 483 996 cte.
518 941 704 997 Divina
730 950 855 996 sunt
880 945 1094 997 nomina
1120 985 1135 1011 ,
1162 952 1217 999 et
1243 942 1474 998 humana
1503 952 1629 1000 sunt
1658 944 1893 999 nomina.
1926 942 1967 997 A

380 1048 466 1087 me
491 1033 733 1103 accepit,
767 1042 820 1089 et
849 1035 977 1088 mihi
1007 1033 1156 1090 dedit
1183 1035 1318 1105 ipse.
1346 1036 1420 1089 Da
1450 1035 1578 1089 mihi
1609 1043 1694 1089 tua
1718 1075 1734 1100 ,
1764 1034 1968 1105 inquit,

377 1132 431 1177 et
469 1124 651 1194 accipe
695 1140 834 1180 mea.
868 1125 1104 1181 Meorum
1147 1140 1282 1196 opus
1323 1126 1488 1181 habes
1510 1125 1835 1180 verborum:
1864 1139 1969 1178 non

379 1228 514 1283 Opus
562 1215 734 1271 habeo
777 1232 908 1288 ego,
955 1216 1051 1272 sed
1079 1224 1134 1272 tu
1164 1235 1177 1270 :
1210 1218 1331 1288 quia
1359 1217 1500 1273 enim
1528 1216 1823 1272 substantia
1851 1230 1970 1270 mea

381 1309 687 1379 incorrupta
708 1317 826 1375 εει,
861 1318 916 1363 tu
941 1316 1119 1364 autem
1148 1309 1310 1365 homo
1336 1323 1416 1375 es,
1438 1309 1647 1379 corpori
1672 1320 1967 1375 connexus,

378 1414 667 1470 eorporeas
713 1414 960 1469 qumrens
1001 1399 1306 1467 dictiones,
1351 1410 1409 1455 ut
1451 1408 1538 1467 tu,
1586 1399 1799 1469 corpori
1842 1412 1971 1454 cen-

382 1509 583 1559 nexus,
616 1508 646 1547 a
676 1493 817 1548 notis
848 1493 942 1548 tibi
970 1493 1146 1549 verbis
1174 1494 1466 1548 sententias
1492 1507 1609 1562 qua:
1642 1501 1694 1547 te
1717 1501 1971 1561 superant

382 1582 668 1653 intelligas.
699 1583 953 1651 Quasnam
983 1584 1189 1654 accepit
1209 1599 1237 1636 a
1268 1598 1374 1648 me,
1404 1597 1646 1652 quaenam
1673 1582 1820 1638 dedit
1839 1582 1970 1637 mihi

382 1673 641 1727 nomina?
671 1672 787 1743 ipse
820 1673 958 1727 Deus
979 1681 1062 1728 est
1088 1713 1103 1739 ,
1132 1682 1187 1728 et
1207 1672 1365 1727 deum
1388 1687 1474 1727 me
1498 1671 1706 1728 vocavit
1731 1689 1743 1726 :
1773 1672 1843 1728 ibi
1868 1663 1997 1727 na-'

382 1774 499 1820 tura
533 1765 608 1819 rei
633 1807 647 1833 ,
686 1764 772 1820 hic
810 1763 983 1819 honor
1010 1764 1261 1820 nominis.
1290 1763 1403 1835 Ego
1432 1764 1539 1819 dixi
1575 1780 1593 1818 :
1624 1763 1712 1819 Dii
1739 1765 1857 1820 estis
1880 1804 1894 1830 δ
1924 1774 1970 1819 et

382 1855 480 1925 ﬁlii
520 1855 724 1910 Excetsi
763 1872 934 1910 omnes
958 1854 1127 1926 (Psal.
1160 1855 1248 1912 81.
1277 1853 1351 1928 6).
1382 1855 1478 1911 Hic
1503 1856 1661 1911 verba
1688 1865 1835 1924 sunt,
1865 1857 1971 1913 illic

381 1961 556 2002 rerum
598 1956 807 2002 natura.
841 1946 1063 2002 Vocavit
1103 1960 1191 2002 me
1227 1944 1413 2012 deum,
1449 1945 1551 2001 hoc
1578 1945 1721 2002 enim
1752 1961 1840 2002 me
1870 1947 1969 2002 ho-

383 2053 512 2094 nore
536 2037 780 2108 dignatus
801 2044 882 2093 est
914 2054 928 2093 :
957 2037 1046 2093 ille
1068 2045 1286 2093 vocatus
1305 2046 1390 2093 est
1415 2036 1574 2093 homo
1592 2078 1609 2105 ,
1640 2046 1858 2092 vocatus
1887 2047 1970 2093 est

387 2128 524 2183 filius
564 2129 816 2196 hominis,
849 2140 1065 2184 vocatus
1093 2138 1176 2184 est
1204 2129 1308 2196 via,
1340 2128 1559 2197 ostium,
1590 2137 1758 2198 petra.
1787 2127 1911 2184 Haec
1936 2144 1968 2183 a

383 2234 469 2274 me
497 2220 731 2289 accepit,
764 2219 852 2275 illa
880 2235 1006 2276 vero
1036 2220 1135 2275 sibi
1164 2220 1378 2291 prepria
1404 2220 1618 2275 nomina
1638 2219 1785 2276 dedit
1812 2220 1964 2276 mihi.

388 2310 488 2364 Cur
535 2319 754 2366 vocatus
803 2322 888 2366 est
922 2311 1045 2366 via?
1092 2311 1164 2368 Ut
1204 2311 1377 2367 discas
1440 2327 1538 2367 nos
1591 2327 1688 2382 per
1728 2326 1850 2367 eum
1900 2312 1967 2366 ad

383 2402 593 2459 Patrem
651 2403 956 2459 ascendere.
1011 2405 1119 2458 Cur
1158 2414 1373 2462 vocatus
1413 2413 1495 2461 est
1531 2406 1716 2475 petra?
1754 2406 1824 2463 Ut
1857 2403 1969 2460 edi-

382 2510 500 2551 scas
568 2498 831 2553 sinceram
875 2498 1028 2552 simul
1088 2502 1143 2554 et
1197 2498 1565 2555 inconcussam
1627 2500 1805 2556 fidem.
1861 2497 1968 2555 Cur

386 2595 600 2643 vocatus
662 2597 745 2642 est
798 2587 1245 2645 fundamentum?
1295 2589 1365 2646 Ut
1418 2591 1556 2645 scias
1607 2604 1729 2645 eum
1788 2591 1967 2645 omnia

385 2686 618 2748 portare.
657 2668 764 2735 Cur
791 2688 1009 2735 vocatus
1029 2690 1110 2735 est
1138 2680 1287 2735 radix
1306 2681 1331 2733 ?
1350 2681 1420 2737 Ut
1444 2681 1617 2736 discas
1647 2695 1744 2736 nos
1774 2682 1824 2735 in
1853 2682 1967 2750 ipso

384 2770 596 2825 florere.
623 2769 733 2825 Cur
758 2781 978 2826 vocatus
1008 2776 1090 2826 est
1121 2772 1338 2842 pastor?
1358 2771 1487 2840 Quia
1516 2788 1611 2827 nos
1643 2773 1829 2842 pascit.
1860 2771 1969 2826 Cur

382 2869 599 2917 vocatus
635 2874 718 2919 est
750 2862 904 2919 ovis?
948 2864 1079 2932 Quia
1122 2880 1220 2934 pro
1247 2864 1399 2920 nobis
1426 2866 1763 2930 immolatus,
1800 2864 1968 2920 factus

382 2963 462 3008 est
482 2956 806 3025 prepitiatio.
829 2956 936 3011 Cur
961 2958 1109 3012 vita?
1134 2957 1267 3025 Quia
1289 2971 1387 3012 nos
1409 2968 1648 3013 mortuos
1669 2958 1965 3013 suscitavit.

382 3047 559 3114 Quare
602 3046 734 3102 lux?
774 3047 906 3116 Quia
950 3062 1099 3103 nosa
1145 3048 1378 3104 tenebris
1420 3048 1681 3105 liberavit.
1705 3048 1816 3104 Cur
1841 3049 1966 3104 bra-

382 3139 557 3193 chium
580 3138 811 3194 dicitur?
829 3139 961 3206 Quia
985 3140 1450 3195 consubstantialis
1470 3141 1634 3195 Patri.
1658 3142 1832 3209 Quare
1849 3152 1968 3196 ver-

383 3230 545 3286 bum?
588 3230 721 3299 Quia
771 3247 800 3286 a
852 3231 1008 3286 Patre
1053 3230 1281 3302 genitus.
1325 3231 1780 3300 Quemadmodum
1823 3231 1966 3287 enim

382 3322 601 3379 verbum
633 3339 810 3378 meum
837 3321 905 3377 ab
928 3325 1101 3378 anima
1131 3337 1248 3378 mea
1276 3322 1535 3393 gignitur,
1564 3322 1641 3379 sic
1667 3331 1721 3379 et
1746 3322 1911 3378 Filius
1934 3337 1966 3377 a

384 3414 539 3470 Patre
591 3416 801 3486 genitus
852 3424 952 3471 est.
1007 3415 1117 3470 Cur
1162 3426 1380 3471 vocatus
1426 3423 1508 3471 est
1553 3417 1966 3472 vestimentum?

383 3505 513 3574 Quia
576 3506 692 3575 ipso
738 3505 953 3560 indutus
1004 3520 1122 3559 sum
1167 3506 1219 3559 in
1260 3506 1563 3576 baptismo?
1598 3508 1704 3561 Cur
1744 3508 1967 3561 mensa?

384 3595 514 3664 Quia
545 3596 715 3666 ipsum
743 3596 968 3652 comedo
991 3636 1007 3663 ,
1039 3596 1165 3651 dum
1187 3594 1336 3649 fruor
1357 3596 1646 3668 mysteriis.
1676 3597 1851 3666 Quare
1870 3597 1966 3651 do-

383 3686 541 3741 mus?
586 3686 718 3755 Quia
764 3686 817 3741 in
862 3687 977 3756 ipso
1000 3687 1199 3741 habito.
1248 3686 1357 3742 Cur
1392 3685 1695 3741 inhabitans
1735 3687 1966 3742 dicitur?

382 3777 514 3844 Quia
551 3779 803 3847 templum
839 3778 953 3849 ejus
978 3777 1262 3835 efficimur.
1286 3777 1392 3833 Cur
1417 3779 1612 3848 caput?
1638 3778 1772 3844 Quia
1800 3793 1967 3834 mem-

324 3862 331 3869 ’
383 3869 534 3925 brum
587 3870 704 3940 ejus
752 3887 867 3925 sum
917 3872 1256 3926 constitutus.
1304 3871 1480 3939 Quare
1534 3885 1760 3940 sponsus
1809 3887 1968 3926 voca-

383 3971 469 4018 tus
488 3965 605 4019 est?
622 3962 752 4030 Quia
775 3963 827 4018 in
849 3979 1097 4034 sponsam
1117 3980 1202 4019 me
1219 3966 1572 4019 concinnavit.
1595 3966 1768 4032 Quare
1788 3974 1967 4021 castus

382 4052 617 4108 dicitur?
642 4052 774 4120 Quia
804 4069 891 4109 me
915 4054 1172 4125 virginem
1215 4054 1384 4109 duxit.
1411 4055 1520 4110 Cur
1536 4055 1782 4111 dominus
1802 4070 1966 4112 voca-

385 4144 507 4197 tur?
531 4143 664 4209 Quia
686 4143 873 4198 ancilla
901 4144 1015 4213 ejus
1044 4158 1183 4198 sum.

453 4234 507 4289 9.
555 4235 687 4290 Vide
728 4236 868 4290 enim
910 4236 1236 4303 Ecclesiam,
1282 4245 1341 4291 ut
1377 4237 1650 4306 dicebam,
1696 4242 1971 4310 quomodo

385 4327 673 4397 aliquando
723 4342 917 4399 sponsa
938 4328 1023 4394 sit,
1049 4327 1330 4398 aliquando
1357 4327 1483 4395 filia,
1506 4331 1770 4386 interdum
1792 4332 1961 4404 virgo,

384 4435 784 4491 nonnumquam
823 4420 1042 4487 ancilla,
1091 4420 1250 4475 modo
1297 4422 1509 4492 regina,
1544 4422 1703 4477 modo
1731 4425 1962 4494 sterilis,

382 4511 666 4584 aliquando
714 4526 868 4568 mons
895 4552 912 4578 ,
957 4511 1150 4568 deinde
1194 4513 1468 4582 paradisus
1498 4553 1512 4579 ,
1565 4513 1829 4570 interdum
1880 4513 1965 4569 fe—

382 4604 576 4668 cunda,
592 4600 756 4657 modo
771 4599 966 4669 lilium,
980 4600 1270 4672 aliquando
1286 4602 1438 4662 fons:
1459 4603 1642 4663 omnia
1653 4613 1753 4660 est.
1770 4605 1965 4673 Quam-

393 4698 585 4753 obrem
634 4697 722 4752 bis
798 4696 991 4750 auditis
1012 4734 1032 4764 ,
1076 4710 1204 4751 eave
1228 4703 1383 4765 putes
1406 4708 1662 4764 corporea
1693 4694 1782 4749 illa
1803 4709 1921 4751 esse
1949 4710 1965 4750 :

389 4788 482 4842 sed
509 4794 739 4841 mentem
766 4797 907 4841 tuam
930 4787 995 4841 ad
1025 4801 1241 4858 scopum
1264 4786 1467 4857 dirige;
1494 4800 1752 4858 corporea
1774 4787 1971 4857 quippe

389 4880 512 4934 talia
557 4893 677 4934 esse
713 4894 820 4932 non
860 4886 1101 4948 possunt.
1134 4878 1292 4934 Verbi
1330 4879 1499 4949 gratia
1532 4899 1545 4935 :
1576 4894 1730 4935 mons
1758 4894 1864 4933 non
1890 4886 1973 4934 est:

389 4974 573 5044 virgo;
604 4970 754 5041 virgo
784 4986 889 5025 non
917 4978 1002 5024 est
1025 4984 1217 5041 sponsa
1243 4988 1257 5036 ;
1288 4971 1471 5041 regina
1497 4984 1605 5024 non
1635 4979 1718 5024 est
1741 4970 1967 5035 ancilla;

392 5062 632 5120 Ecclesia
671 5061 788 5116 haec
831 5061 1008 5115 omnia
1055 5070 1155 5117 est.
1207 5060 1424 5128 Quare?
1462 5060 1597 5126 Quia
1631 5059 1747 5114 haec
1783 5074 1890 5114 non
1917 5061 1973 5113 in

388 5169 650 5226 corpore,
694 5153 789 5209 sed
831 5153 882 5208 in
920 5153 1116 5208 anima.
1158 5151 1291 5207 Nam
1330 5154 1382 5207 in
1411 5166 1633 5222 corpore
1656 5150 1770 5205 huic
1796 5152 1972 5206 conti-

388 5247 503 5302 ncri
545 5254 817 5316 nequeunt
863 5262 876 5299 :
923 5245 976 5298 iu
1002 5244 1177 5299 anima
1201 5258 1331 5299 vero
1355 5256 1603 5313 magnum
1629 5251 1711 5296 est
1735 5243 1970 5312 pelagus.

392 5338 596 5394 Adstitit
637 5337 811 5408 regina
850 5352 882 5388 a
923 5335 1112 5389 dextris
1148 5335 1245 5389 tuis
1273 5333 1442 5405 (Psal.
1471 5335 1562 5390 44.
1592 5332 1701 5403 10).
1735 5332 1975 5402 Regina?

391 5431 480 5487 Illa
525 5430 832 5486 conculcata
878 5436 934 5483 et
973 5427 1124 5496 inops
1143 5468 1158 5491 ,
1184 5426 1452 5495 quomodo
1479 5423 1614 5480 facta
1640 5433 1723 5480 est
1746 5424 1927 5493 regina
1950 5420 1977 5475 ?

389 5538 495 5593 quo
520 5521 802 5577 ascendit?
823 5519 1045 5574 Sursum
1074 5516 1279 5571 adstitit
1299 5515 1415 5573 haec
1431 5515 1635 5588 regina.
1657 5511 1975 5583 Quomodo?

391 5613 524 5681 Quia
554 5628 646 5667 rex
676 5612 844 5666 factus
866 5617 948 5664 est
972 5623 1160 5663 servus
1193 5623 1208 5659 :
1234 5621 1339 5661 non
1367 5615 1483 5662 erat
1502 5647 1516 5673 ,
1548 5606 1645 5662 sed
1675 5606 1844 5659 factus
1867 5610 1971 5659 est.

397 5703 549 5759 Disce
587 5702 744 5772 igitur
781 5714 899 5771 quae
940 5707 1065 5755 sunt
1110 5698 1426 5762 divinitatis,
1455 5709 1508 5754 et
1524 5699 1799 5769 sapienter
1822 5696 1978 5754 intel-

400 5795 506 5866 lige
542 5809 661 5865 quae
700 5793 768 5849 ad
808 5793 1161 5850 oeconomiam
1202 5801 1460 5859 spectant.
1497 5791 1649 5847 Disce
1676 5791 1793 5860 quis
1820 5802 1969 5861 erat,

1093 377 1150 435 S.
1190 376 1468 436 JOANNIS
1503 375 1978 434 Cll’RYSOSTOMI
2020 374 2331 434 ARCHIEP.
2371 379 2909 445 CONSTANTINOP.

3565 398 3676 458 4ῡᾶ

2081 498 2129 545 ει
2172 492 2291 562 quis
2325 504 2541 565 propter
2573 504 2626 551 te
2664 497 2831 555 factus
2860 501 2927 556 sit
2959 519 2973 556 :
3007 518 3075 559 nc
3100 518 3186 562 res
3216 509 3546 580 confundas,
3576 532 3675 571 ne-

2079 595 2184 678 que
2223 582 2340 652 ejus
2379 600 2504 678 erga
2536 602 2636 643 nos
2657 589 2998 663 benignitatis
3023 609 3392 667 argumentum
3423 604 3680 678 blasphe-

2081 673 2203 727 mite
2228 676 2564 732 occasionem
2592 678 2810 737 efficias.
2835 682 3092 741 Sublimis
3113 698 3228 744 erat
3245 732 3261 759 ,
3290 701 3346 747 et
3365 693 3479 750 hare
3501 673 3681 752 humil-

2080 763 2185 858 lis;
2229 766 2471 822 sublimis
2518 785 2624 824 non
2673 773 2822 838 loco,
2866 776 2962 831 sed
3008 789 3223 835 natura.
3272 783 3581 858 incorrupta
3617 798 3677 845 et

2080 854 2397 914 immortalis
2434 870 2551 915 erat
2576 863 2902 934 substantia,
2936 868 3244 942 incorrupta
3272 854 3678 945 natura,'inco-

2076 950 2307 1020 gitabilis
2325 993 2339 1015 ,
2370 951 2681 1022 invisibilis,
2707 957 3294 1034 incomprehensibilis,
3323 983 3537 1039 semper
3558 971 3679 1025 exi-

2078 1052 2229 1097 stens
2250 1085 2264 1108 ,
2296 1043 2486 1099 eodem
2519 1048 2678 1103 modo
2705 1050 2942 1106 existens
2962 1095 2977 1120 ,
3002 1058 3388 1114 transeendens
3413 1061 3631 1133 angelos
3659 1103 3679 1130 ,
3704 1054 3717 1133 ξ

2077 1136 2323 1203 supernis
2367 1137 2655 1195 virtutibus
2702 1144 2984 1213 superior,
3041 1148 3320 1208 ratiocinia
3365 1124 3627 1225 superans
3657 1124 3713 1223 ξ’

2078 1234 2309 1281 mentem
2360 1232 2740 1287 transcendens
2772 1250 2788 1287 :
2822 1236 2991 1291 videri
3037 1254 3145 1293 non
3167 1249 3379 1309 potest,
3408 1243 3556 1299 credi
3582 1259 3677 1300 so-

2077 1315 2184 1371 lum
2215 1329 2410 1387 potest.
2439 1322 2628 1391 Angeli
2658 1324 2909 1380 videbant
2934 1337 2987 1382 et
3014 1332 3345 1398 tremebant,
3375 1332 3672 1392 Cherubim

2077 1407 2187 1491 alas
2226 1410 2588 1466 obtendebant
2632 1428 2744 1483 pra:
2787 1426 2954 1472 metu.
2984 1418 3323 1491 Respieiebat
3350 1432 3546 1480 terram
3567 1467 3583 1491 ,
3613 1435 3675 1481 et

2076 1490 2304 1546 faciebat
2327 1508 2445 1549 eam
2471 1503 2738 1553 tremere:
2765 1500 3064 1556 minabatur
3090 1490 3257 1571 mari,
3285 1515 3340 1561 et
3362 1490 3675 1563 exsiceabat

2076 1582 2229 1637 illud.
2266 1583 2483 1640 Fluvios
2507 1600 2572 1641 ex
2602 1587 2818 1644 deserto
2842 1592 3141 1661 educebat;
3169 1606 3380 1653 montes
3403 1600 3587 1653 statuit
3611 1602 3668 1653 in

2076 1673 2329 1742 pondere,
2354 1685 2408 1730 et
2428 1678 2595 1733 saltus
2625 1679 2678 1734 in
2699 1689 2917 1736 statera.
2939 1683 3221 1751 Quomodo
3239 1687 3508 1743 narrabo?
3525 1703 3669 1759 quo-

2075 1764 2236 1820 modo
2263 1766 2585 1824 declarabo?
2606 1770 2979 1841 Magnitudiuis
3003 1775 3120 1843 ejus
3144 1792 3249 1832 non
3271 1789 3353 1833 est
3372 1779 3629 1836 terminus
3644 1822 3666 1849 ,

2075 1859 2351 1927 sapientia:
2375 1861 2493 1929 ejus
2519 1877 2623 1918 non
2651 1872 2735 1919 est
2759 1881 3012 1922 numerus
3032 1909 3049 1935 ,
3072 1868 3269 1938 judicia
3297 1870 3412 1940 ejus
3439 1871 3669 1929 investi-

2075 1951 2265 2019 gabilia
2290 1993 2304 2017 ,
2331 1954 2432 2009 vias
2459 1953 2576 2024 ejus
2603 1956 2993 2014 inserutabiles.
3018 1960 3089 2014 At
3116 1960 3203 2015 ille
3230 1970 3407 2017 tantus
3425 1972 3482 2018 et
3501 1964 3624 2018 talis
3644 2002 3667 2029 ,

2075 2044 2122 2097 si
2172 2052 2349 2099 tamen
2399 2046 2516 2101 sine
2556 2048 2793 2117 periculo
2828 2049 2932 2105 dici
2976 2057 3185 2120 potest,
3228 2059 3407 2108 tantus
3433 2061 3490 2109 et
3519 2054 3662 2110 talis.

2076 2134 2273 2191 Verum
2298 2138 2425 2208 quid
2470 2138 2703 2195 faciam?
2734 2142 2892 2198 homo
2914 2158 3065 2210 sum,
3093 2154 3145 2199 et
3175 2144 3408 2202 humane
3435 2147 3662 2216 loquor;

2075 2229 2272 2285 luteam
2313 2232 2562 2302 possideo
2588 2235 2852 2306 linguam,
2884 2238 3095 2291 veniam
3123 2252 3153 2292 a
3179 2238 3405 2294 Domino
3430 2239 3667 2308 postulo.
3750 2248 3751 2253 ‘

2072 2319 2189 2374 Non
2218 2322 2361 2377 enim
2388 2337 2452 2379 ex
2475 2327 2776 2396 arrogantia
2800 2327 2882 2380 his
2903 2328 3122 2383 vocibus
3147 2343 3282 2384 usus
3309 2344 3451 2397 sum,
3477 2328 3571 2385 sed
3592 2343 3665 2386 ex

2074 2411 2399 2471 infirmitatis
2425 2417 2664 2487 penuria,
2696 2427 2751 2474 et
2770 2435 2836 2475 ex
2864 2420 3056 2491 linguae
3076 2430 3275 2478 nostrae
3304 2432 3511 2478 natura.
3534 2423 3669 2480 Pro-

2073 2505 2235 2574 pitius
2268 2516 2414 2572 esto,
2464 2508 2717 2577 Dominc,
2746 2526 2851 2565 non
2879 2513 3020 2566 enim
3050 2527 3115 2566 ex
3148 2514 3450 2585 arrogantia
3480 2514 3671 2584 hujus-

2072 2598 2217 2653 modi
2257 2613 2415 2655 voces
2461 2614 2690 2670 usurpo,
2738 2602 2832 2655 sed
2874 2603 3016 2673 quod
3058 2603 3176 2657 alia:
3211 2618 3315 2658 non
3355 2613 3664 2674 suppetant.

2072 2690 2257 2760 Neque
2305 2698 2480 2746 tamen
2529 2692 2580 2745 in
2630 2692 2878 2749 dictionis
2918 2695 3118 2751 vilitate
3147 2697 3413 2763 consisto,
3443 2698 3536 2753 sed
3560 2698 3663 2753 alis

2073 2781 2435 2852 intelligentiae
2459 2783 2716 2839 ascendo.
2741 2784 2943 2841 Tantus
2981 2797 3038 2841 et
3085 2788 3223 2843 talis.
3257 2787 3385 2843 Haec
3409 2788 3531 2843 dico
3557 2830 3571 2853 ,
3604 2798 3662 2843 ut

2074 2888 2141 2928 ne
2181 2872 2506 2929 dictionibus
2547 2875 2632 2929 vel
2676 2875 2938 2930 dictorum
2992 2877 3185 2947 inopia:
3230 2878 3555 2944 immorans,
3603 2888 3661 2933 tu

2070 2978 2284 3033 quoque
2326 2963 2553 3034 idipsum
2596 2966 2772 3020 facere
2799 2965 2993 3021 discas.
3025 2967 3161 3035 Quid
3184 2969 3393 3023 miraris
3413 2970 3455 3023 si
3483 2969 3534 3023 id
3559 2984 3662 3039 ego

2074 3056 2209 3110 facio
2230 3097 2244 3121 ,
2272 3057 2414 3126 quod
2441 3068 2494 3112 et
2522 3058 2634 3127 ipse
2661 3056 2819 3125 facit,
2849 3060 3061 3129 quando
3084 3060 3197 3114 vult
3221 3060 3491 3130 quidpiam
3519 3061 3661 3116 indi-

2071 3163 2195 3203 care
2215 3138 2363 3217 quod
2376 3147 2609 3202 humana
2633 3150 3015 3204 transcendat?
3034 3149 3297 3216 Quoniam
3319 3150 3562 3205 homines
3581 3151 3664 3205 al-

2071 3239 2336 3308 loquitur,
2377 3238 2623 3294 humanis
2650 3240 2813 3294 utitur
2837 3239 3159 3309 imaginibus
3178 3281 3192 3306 ,
3220 3256 3339 3310 quae
3364 3240 3503 3310 quod
3529 3241 3662 3296 dici-

2054 3342 2158 3386 ~tur
2184 3331 2313 3385 satis
2336 3331 2548 3401 quidem
2577 3331 2950 3386 demonstrare
2976 3346 3080 3384 non
3110 3340 3351 3400 possunt,
3381 3345 3552 3399 neque
3574 3340 3659 3383 to-

2072 3429 2178 3476 tam
2209 3421 2286 3476 rei
2316 3436 2620 3475 mrnsuram
2648 3421 2699 3474 in
2730 3420 2963 3475 medium
2994 3419 3279 3485 adducere,
3307 3418 3400 3475 sed
3422 3419 3488 3474 ad
3508 3418 3662 3474 audi-

2073 3521 2248 3568 turum
2278 3512 2641 3568 infirmitatem
2668 3511 2957 3568 sufﬁciunt.

2129 3683 2217 3741 10.
2258 3683 2359 3738 llic
2399 3682 2596 3737 mentis
2621 3681 3019 3737 contentionem
3047 3678 3242 3735 adhibe
3266 3720 3280 3745 ,
3315 3693 3414 3735 nec
3438 3688 3645 3736 sermon-

2058 3775 2142 3829 nis
2190 3774 2493 3845 prolixitate
2518 3772 2753 3827 fatiseas.
2784 3773 2932 3827 Sicut
2958 3771 3099 3826 enim
3127 3786 3248 3826 cum
3270 3779 3510 3841 apparet,
3533 3786 3641 3826 non

2056 3876 2115 3920 ut
2138 3876 2220 3920 est
2242 3865 2473 3929 videtur,
2505 3878 2677 3935 neque
2703 3864 2845 3919 nuda
2868 3864 3160 3919 substantia
3181 3874 3437 3934 apparet:
3461 3866 3644 3935 (nemo

2056 3957 2199 4013 enim
2218 3956 2350 4011 vidit
2372 3956 2557 4021 Deum,
2584 3954 2685 4010 hoc
2707 3957 2877 4025 ipsum
2900 3956 3101 4010 scilicet
3120 3955 3259 4026 quod
3286 3952 3375 4009 ille
3394 3964 3493 4019 est;
3519 3969 3642 4010 nam

2057 4049 2183 4105 licet
2225 4045 2668 4116 attemperatione
2712 4046 2938 4115 quadam
2986 4053 3308 4115 appareret,
3354 4044 3643 4101 Cherubim

2059 4140 2364 4194 tremebant
2388 4156 2402 4205 ;
2440 4144 2792 4206 attemperate
2819 4135 3135 4203 descendit,
3163 4144 3217 4190 et
3247 4142 3456 4190 montes
3480 4134 3642 4189 furni»

2057 4238 2184 4300 gant
2214 4246 2230 4295 ;
2270 4237 2622 4298 attemperate
2662 4227 2965 4293 descendit,
2997 4234 3051 4282 et
3078 4239 3228 4282 mare
3256 4226 3487 4282 siccatur
3514 4241 3531 4291 ;
3554 4233 3641 4279 at-

2061 4332 2351 4391 temperate
2400 4321 2704 4383 descendit,
2749 4327 2803 4374 et
2852 4320 3041 4373 caelum
3087 4324 3452 4373 commovetur
3509 4335 3523 4371 :
3579 4331 3645 4372 ac

2060 4417 2160 4471 nisi
2211 4422 2559 4483 attemperate
2611 4411 3014 4477 descendisset,
3065 4409 3183 4479 quis
3250 4408 3391 4464 ferre
3444 4407 3647 4479 potuis-

2060 4507 2234 4570 set?)
2282 4516 2341 4559 ut
2393 4505 2537 4559 enim
2588 4516 2696 4558 non
2741 4512 2961 4573 apparet
3010 4501 3063 4556 id
3105 4500 3246 4571 quod
3277 4509 3395 4566 est,
3426 4498 3521 4556 sed
3547 4508 3648 4569 pro

2060 4600 2308 4655 facultate
2350 4597 2466 4667 ejus
2513 4596 2603 4667 qui
2647 4596 2863 4666 respicit
2908 4612 2922 4649 :
2970 4593 3092 4649 ideo
3141 4592 3428 4663 aliquando
3482 4604 3646 4647 senex

2059 4700 2314 4761 apparet,
2369 4686 2651 4758 aliquando
2698 4687 2911 4757 juvenis
2935 4727 2949 4750 ,
2989 4684 3255 4739 interdum
3286 4685 3338 4738 in
3370 4685 3526 4753 igne,
3559 4682 3647 4736 in-

2062 4784 2267 4840 terdum
2319 4783 2373 4836 in
2408 4795 2535 4837 aura
2554 4822 2568 4847 ,
2603 4780 2764 4835 modo
2799 4779 2851 4834 in
2879 4793 3011 4849 aqua
3031 4820 3046 4845 ,
3074 4777 3235 4831 modo
3257 4777 3309 4830 in
3329 4776 3512 4841 armis,
3541 4788 3645 4828 non

2062 4883 2274 4928 mutans
2321 4872 2693 4939 substantiam,
2725 4870 2819 4926 sed
2849 4871 3023 4925 visum
3051 4867 3395 4922 conformans
3419 4867 3487 4921 ad
3516 4867 3646 4921 sub-

2059 4967 2321 5038 jectorum
2367 4966 2699 5019 varietatem.
2751 4962 2840 5018 Sic
2888 4962 3095 5033 quoties
3142 4955 3648 5029 vultqnidpiamde

2063 5058 2242 5127 scipso
2282 5055 2461 5111 dicere
2483 5097 2497 5122 ,
2547 5054 2798 5109 humanis
2846 5054 3011 5107 utitur
3040 5050 3378 5120 imaginibus.
3406 5048 3644 5118 Exempli

2063 5165 2221 5204 causa
2256 5168 2267 5202 :
2300 5147 2540 5203 ascendit
2567 5148 2618 5199 in
2650 5156 2914 5211 montem,
2941 5142 3008 5196 Et
3029 5142 3427 5212 transﬁguratus
3440 5148 3513 5194 est
3528 5149 3646 5194 ante

2063 5256 2177 5307 eos,
2206 5249 2252 5293 et
2279 5236 2590 5309 resplenduit
2618 5236 2774 5303 [acies
2798 5237 2907 5305 eius
2934 5234 3063 5288 sicut
3087 5233 3206 5298 lux,
3236 5232 3527 5285 vestimenta
3555 5245 3647 5283 au-

2066 5340 2163 5385 tem
2201 5330 2311 5400 ejus
2339 5330 2473 5399 facta
2501 5337 2619 5383 sunt
2646 5327 2763 5381 alba
2788 5326 2916 5380 sicut
2943 5325 3033 5378 nia:
3064 5322 3274 5395 (Matth.
3305 5324 3392 5378 17.
3423 5322 3499 5392 2).
3531 5322 3647 5376 Ali-

2063 5429 2327 5491 quatenus
2370 5418 2500 5489 ipsis
2552 5417 2882 5472 divinitatem
2927 5428 3076 5468 suam
3115 5413 3364 5484 aperuit,
3417 5411 3649 5468 ostendit

2064 5511 2143 5565 eis
2167 5509 2547 5565 inhabitantem
2570 5508 2735 5563 Deum
2761 5546 2779 5574 ,
2807 5505 2872 5559 Et
2900 5505 3295 5575 transﬁguratus
3318 5512 3390 5559 est
3412 5513 3528 5557 ante
3541 5519 3646 5557 eos.

2067 5601 2338 5657 Attendite
2363 5600 2595 5656 sermoni
2623 5598 2926 5670 diligenter.
2956 5596 3094 5653 Dicit
3123 5615 3136 5651 :
3170 5596 3237 5650 Et
3257 5596 3648 5667 transﬁguratus

2064 5702 2137 5747 est
2183 5702 2299 5747 ante
2344 5709 2459 5757 eos,
2508 5699 2555 5746 et
2589 5690 3004 5757 resplenduerunt
3041 5688 3333 5741 vestimenta
3372 5687 3483 5757 ejus
3517 5685 3648 5738 sicut

2065 5787 2187 5850 lux,
2230 5794 2275 5838 et
2312 5784 2476 5838 vultus
2513 5783 2623 5852 ejus
2652 5782 2779 5836 sicut
2805 5780 2900 5836 sol.
2936 5778 3161 5847 Quando
3188 5778 3333 5847 dixi,
3365 5777 3567 5833 Tantus
3590 5785 3647 5831 et
