4036 6380
342 382 445 438 603

337 499 519 564 λέξεις.
549 495 712 551 Οὕτω
738 495 835 549 καὶ
863 496 990 550 ὅταν
1027 496 1294 570 ἀκούσῃς.
1323 497 1406 551 ὅτι
1445 499 1607 568 γεννᾷ
1637 497 1804 563 Θεὸς,
1841 497 1916 567 μὴ

334 589 531 662 τμῆσιν
561 581 791 658 νόμιζε,
835 575 972 640 ἀλλά
1006 585 1068 640 16
1102 587 1406 658 όμοούσιον.
1441 584 1524 641 Τά
1551 587 1662 658 γάρ
1695 587 1918 660 ῥήματα

335 679 504 735 ταῦτα
529 676 707 731 πολλά
738 677 872 748 παρ’
899 677 932 746 ή
941 675 1054 746 μῶν
1087 677 1360 748 ἐχρήσατο
1384 677 1412 729 6
1445 675 1611 744 Θεὸς,
1637 670 1731 730 καὶ
1759 677 1918 746 ἡμεῖς

333 771 464 846 παρ’
489 769 659 824 06106
679 811 695 836 ,
731 769 820 822 ἴνα
850 757 1195 840 τιμηθῶμεν.

415 883 452 935 η
473 869 507 918 ’.
545 861 799 932 Συνῆκας
825 860 880 914 τί
913 855 1103 926 εἵπον;
1136 861 1390 932 Πρόσεχε
1429 860 1564 932 μετά
1595 861 1884 932 ὸικριεείας
1905 901 1921 926 ,

336 944 612 1016 ἀγαπητέ.
638 945 910 1014 ὐνόματά
925 945 1040 997 ἐστι
1057 943 1194 1012 θεῖα,
1211 936 1306 998 καλ
1324 945 1564 1016 ὀνόματα
1580 945 1678 998 ἀνθ
1685 944 1917 1016 ρώπινα.

341 1030 544 1086 Ἔλαϐε
574 1028 705 1098 παρ’
731 1027 866 1098 ἐμοῦ
889 1067 904 1091 ,
932 1027 1026 1081 καὶ
1059 1027 1232 1082 ἔδωκέ
1264 1046 1358 1098 μοι
1381 1028 1564 1092 αὑτός,
1593 1029 1691 1092 Δός
1726 1047 1816 1099 μοι
1853 1027 1924 1082 τά

339 1115 430 1173 σά.
464 1113 560 1166 καὶ
581 1112 715 1165 λάϐε
743 1112 812 1164 τά
839 1111 968 1182 ἐμά,
999 1110 1168 1179 λέγει.
1197 1111 1318 1165 Τῶν
1352 1113 1504 1182 ἐμῶν
1531 1112 1718 1182 χρείαν
1745 1112 1918 1182 ἐχειςο

335 1199 439 1250 οὐκ
469 1195 582 1264 ἐγὼ
608 1195 798 1266 χρείαν
823 1193 932 1264 ἔχω
953 1233 968 1260 ,
1000 1192 1138 1246 ἀλλά
1186 1193 1251 1246 σύ
1277 1211 1293 1226 ο
1323 1193 1514 1266 ἐπειδὴ
1555 1195 1662 1266 γάρ
1693 1196 1728 1266 ή
1767 1193 1924 1248 οὐσία

341 1299 448 1353 μου
479 1277 754 1350 ἀκήρατός
779 1279 918 1343 ἐστι,
955 1281 1018 1332 σὺ
1047 1279 1106 1332 δὲ
1137 1277 1425 1349 ἄνθρωπος
1452 1275 1521 1345 εἴ,
1545 1277 1760 1351 σώματι
1785 1295 1922 1347 συμ-

335 1363 725 1433 πεπλεγμένος
745 1402 760 1428 ,
795 1359 1112 1430 σωματικὰς
1140 1361 1324 1433 ζητῶν
1353 1363 1446 1414 καὶ
1480 1361 1654 1426 λέξεις
1677 1399 1692 1424 ,
1723 1361 1810 1414 ἴνα
1834 1361 1921 1424 σὺ,

338 1450 368 1503 6
393 1448 613 1518 σώματι
649 1444 1160 1516 συμπεπλεγμένος,
1184 1443 1366 1498 λαϐὼν
1389 1445 1500 1500 ἀπὸ
1530 1444 1642 1497 τῶν
1666 1443 1818 1514 παρά
1841 1443 1924 1497 σοὶ

340 1532 639 1603 γνωρίμων
657 1530 938 1602 ῥημάτων,
964 1529 1164 1600 νοήσῃς
1189 1527 1258 1581 τὰ
1289 1527 1688 1596 ύπερϐαίνοντά
1717 1545 1777 1582 σε
1809 1527 1928 1598 νοή-

343 1631 514 1686 ματα.
552 1615 683 1666 Ποῖα
711 1610 869 1665 ἔλαϐε
900 1610 1029 1681 παρ’
1065 1609 1222 1682 ἐμοῦ,
1255 1613 1384 1664 ποῖα
1414 1611 1472 1665 δὲ
1497 1610 1664 1665 ἔδωκέ
1695 1627 1786 1682 μοι
1812 1608 1928 1664 ὀνό-

345 1715 497 1770 ματα
519 1717 535 1765 ;
558 1696 728 1760 Αὐτὸς
755 1695 886 1759 Θεός
918 1697 1052 1760 ἐστι,
1085 1696 1178 1748 καὶ
1203 1696 1302 1767 ἐμὲ
1335 1695 1456 1749 θεὸν
1480 1695 1742 1749 ἐκάλεσεν
1767 1713 1781 1726 ·
1810 1696 1929 1750 ἐκεῖ

342 1784 508 1851 φύσις
561 1779 915 1851 πράγματος,
970 1777 1205 1832 ἐνταῦθα
1257 1777 1396 1850 τιμὴ
1445 1777 1731 1848 ὀνόματος·
1779 1778 1928 1847 Ἐγὼ

339 1858 510 1920 εἶπα*
539 1863 672 1917 Θεοί
703 1862 862 1923 ἐστε,
891 1861 988 1914 καί
1033 1860 1150 1915 υἱοὶ
1193 1863 1476 1929 Ὑψίστου
1509 1861 1755 1927 πάντες.
1805 1862 1929 1932 Ῥή-

345 1949 494 2021 ματά
526 1946 677 2019 [5951
702 1948 846 1998 ἐστιν
872 1944 1128 2008 ἐνταῦθα,
1149 1946 1267 1997 ἐκεῖ
1285 1945 1342 1998 δὲ
1372 1945 1718 2016 πραγμάτων
1743 1943 1926 2014 φύσις.

353 2031 618 2086 Ἐκάλεσέ
651 2047 718 2100 με
748 2029 890 2090 θεὸν,
923 2028 1188 2100 ἐτιμήθην
1219 2027 1348 2099 γάρ.
1381 2027 1616 2100 Ἐκλήθη
1647 2028 1808 2092 αὐτὸς
1837 2028 1930 2082 άν-

341 2115 598 2182 θρωπος,
634 2111 839 2183 ἐκλήθη
870 2111 1030 2175 αὐτὸς
1065 2111 1192 2176 Υἱὸς
1213 2111 1537 2182 ἀνθρώπου,
1585 2111 1789 2183 ἐκλήθη
1829 2112 1927 2166 06-

341 2199 437 2262 16;
463 2197 582 2259 ὁδὸς
607 2235 622 2259 ,
655 2195 860 2267 ἐκλήθη
893 2193 1057 2258 αὐτὸς
1087 2194 1227 2266 θύρα
1253 2235 1267 2261 ,
1303 2193 1508 2265 ἐκλήθη
1537 2194 1700 2258 0616;
1729 2195 1925 2266 πέτρα.

343 2283 388 2334 Τ
390 2281 536 2335 0610
565 2279 695 2352 παρ’
725 2279 858 2350 ἐμοῦ
889 2278 1102 2338 ἐλαϐεν.
1127 2279 1310 2332 ἐκεῖνα
1342 2278 1473 2350 παρ’
1501 2277 1696 2332 ἑαυτοῦ
1732 2278 1800 2332 τὰ
1827 2279 1928 2351 ῥή-

345 2365 497 2437 ματά
536 2381 624 2436 μοι
656 2363 849 2420 ἔδωκε.
881 2363 980 2416 Διὰ
1025 2362 1078 2416 τί
1124 2361 1330 2433 ἐκλήθη
1379 2363 1534 2428 666;;
1577 2364 1698 2416 Ἵνα
1728 2363 1926 2436 μάθῃς,

342 2451 430 2502 ὅτι
463 2447 529 2502 δι’
559 2445 724 2500 06106
773 2445 912 2519 πρὸς
961 2445 1054 2500 τὸν
1098 2445 1319 2516 Πατέρα
1353 2445 1716 2516 ἀνερχόμεθα.
1749 2445 1848 2500 Διά
1875 2447 1930 2500 τί

345 2533 554 2604 ἐκλήθη
591 2530 806 2602 πέτρας
841 2529 961 2584 Ἵνα
997 2527 1176 2604 μάθῃς
1212 2528 1275 2582 τὸ
1313 2529 1616 2601 ἐπιτήδειον
1667 2530 1762 2582 καὶ
1795 2529 1930 2583 ἀσά-

343 2617 533 2670 λευτον
576 2615 675 2684 τῆς
712 2614 971 2676 πίστεως.
1005 2613 1106 2666 Διά
1154 2608 1208 2666 τί
1255 2612 1460 2684 ἐκλήθη
1491 2613 1741 2684 θεμέλιος
1767 2629 1782 2678 ;
1813 2613 1931 2667 Ἵνα

345 2700 558 2772 μάθῃς,
582 2699 663 2752 ὅτι
691 2699 870 2752 πάντα
892 2696 1174 2768 βαστάζει.
1195 2695 1294 2750 Διά
1320 2697 1373 2750 τί
1401 2696 1608 2768 ἐκλήθη
1633 2696 1756 2768 ῥίζα
1778 2713 1793 2761 ;
1815 2697 1932 2750 Ἵνα

348 2783 530 2855 μάθῃς
549 2821 566 2846 ,
597 2783 679 2836 ὅτι
702 2782 760 2834 ἐν
781 2779 932 2852 αὐτῷ
953 2780 1246 2850 ἀνθοῦμεν.
1263 2778 1366 2834 Διά
1390 2779 1444 2834 τί
1470 2779 1676 2853 ἐκλήθη
1703 2780 1929 2850 ποιμήν;

347 2869 475 2920 Ὀτι
503 2867 652 2936 ἡμᾶς
677 2865 851 2936 νέμει.
876 2863 974 2917 Διά
1001 2863 1055 2917 τί
1084 2863 1290 2936 ἐκλήθη
1312 2862 1586 2940 πρόϐατον
1607 2881 1622 2928 ;
1642 2863 1764 2917 Ὅτι
1791 2864 1930 2934 ὑπὲρ

343 2951 505 3022 ἡμῶν
544 2948 710 3017 ἐτύθη
735 2987 749 3011 ,
805 2948 900 3001 καὶ⁵
947 2945 1174 3018 ἱλασμὸς
1210 2947 1448 3017 ἐγένετο.
1480 2946 1580 3001 Διά
1628 2946 1679 3000 τί
1724 2946 1930 3017 ἐκλήθη

337 3027 498 3104 (mi);
549 3033 672 3085 Ὅτι
712 3031 940 3102 νεκροὺς
985 3029 1146 3094 ὄντας
1195 3031 1346 3102 ἡμᾶς
1396 3029 1682 3101 ἀνέστησε.
1737 3031 1835 3082 Δια
1877 3029 1933 3082 τί

344 3117 554 3188 ἐκλήθη
587 3115 736 3184 φῶς;
773 3115 893 3167 Ὅτι
944 3113 1168 3175 σκότους
1217 3114 1366 3184 ἡμᾶς
1410 3114 1708 3184 ἀπήλλαξε.
1753 3112 1852 3166 Διά
1879 3112 1934 3166 τί

343 3200 548 3272 ἐκλήθη
573 3196 852 3269 βραχίων;
885 3195 1006 3250 Ὅτι
1035 3195 1321 3267 ὁμοούσιός
1354 3197 1470 3250 ἐστι
1501 3196 1579 3267 τῷ
1609 3197 1805 3268 Πατρί.
1835 3195 1934 3248 Διὰ

343 3280 400 3332 τί
455 3277 660 3350 ἐκλήθη
695 3274 912 3344 Λόγος;
949 3273 1074 3330 Ὀτι
1130 3275 1242 3330 ἀπὸ
1288 3273 1394 3350 106
1447 3274 1662 3348 Πατρὸς
1714 3275 1930 3347 ἐτέχθη.

345 3349 692 3435 Ὥσπεργάρ
730 3362 760 3414 6
787 3359 945 3426 λόγος
991 3359 1019 3412 6
1046 3358 1178 3429 ἐμὸς
1203 3349 1312 3412 ἀπὸ
1349 3357 1447 3428 τῆς
1473 3358 1652 3430 ψυχῆς
1685 3375 1785 3429 μου
1809 3375 1935 3426 γενι-

343 3448 529 3511 νὶται,
563 3443 706 3498 οὕτω
736 3444 832 3497 καὶ
855 3443 885 3496 6
913 3442 1042 3506 Υίδς
1073 3439 1184 3496 ἀπὸ
1206 3441 1300 3496 106
1340 3441 1555 3514 110196;
1582 3441 1800 3514 ἐτέχθη.
1834 3441 1936 3496 Διά

344 3529 401 3583 τί
423 3528 630 3600 ἐκλήθη
662 3527 910 3598 ίμάτιον;
941 3525 1066 3579 Ὅτι
1089 3524 1376 3597 ἐνδέδυμαι
1401 3525 1565 3579 αὐτὸν
1595 3525 1930 3596 βαπτισθείς.

345 3613 448 3666 Διὰ
475 3613 529 3665 τί
562 3609 765 3683 ἐκλήθη
815 3609 1096 3681 τράπεζα;
1133 3607 1256 3662 Ὅτι
1301 3607 1467 3662 ἐσθίω
1503 3606 1668 3662 αὐτὸν
1697 3606 1935 3662 ἀπολαύ-

347 3714 448 3760 σας
466 3695 576 3749 τῶν
604 3693 943 3767 μυστηρίων.
977 3692 1078 3746 Διά
1097 3692 1150 3746 τί
1179 3691 1384 3764 ἐκλήθη
1407 3686 1556 3756 οἷκος
1581 3707 1596 3755 ;
1632 3691 1756 3745 Ὅτι
1799 3691 1934 3746 οἰκῶ

348 3782 408 3834 ἐν
437 3779 604 3850 αὐτῷ.
632 3776 730 3832 Διά
753 3778 808 3831 τί
845 3776 1052 3840 ἕνοικος
1077 3793 1093 3841 ;
1131 3775 1255 3828 Ὅτι
1294 3775 1422 3838 ναος
1451 3773 1618 3829 06106
1646 3774 1929 3845 γινόμεθα.

348 3863 450 3916 Διά
485 3863 540 3916 τί
571 3861 778 3932 ἐκλήθη
811 3859 1022 3930 κεφαλή
1049 3875 1062 3924 ;
1095 3859 1215 3912 Ὅτι
1250 3857 1412 3930 μέλος
1445 3857 1610 3911 06106
1643 3858 1931 3930 κατέστην.

347 3943 450 3998 Διά
478 3946 533 3999 τί
576 3945 784 4016 ἐκλήθη
819 3943 1050 4014 νυμφίος
1077 3943 1235 4008 ς”Οτι
1259 3940 1478 4013 νύμφην
1525 3958 1592 4012 με
1625 3941 1930 4012 ἡρμόσατο.

350 4029 450 4082 Διά
494 4029 548 4082 τί
593 4024 797 4100 ἐκλήθη
844 4028 1046 4094 ἀγνός;
1079 4027 1202 4080 Ὅτι
1230 4025 1499 4097 παρθένον
1532 4042 1599 4093 με
1627 4025 1804 4081 ἔλαϐε.
1835 4027 1934 4082 Διά

348 4113 403 4166 τί
430 4111 638 4186 ἐκλήθη
657 4107 1119 4179 .Δεσπότης;“οτι
1157 4108 1316 4181 δούλη
1341 4107 1506 4163 06106
1530 4109 1664 4179 είμι.

421 4265 486 4320 θ’.
507 4266 649 4335 Ὅρα
677 4263 786 4336 γὰρ
818 4264 916 4335 τὴν
945 4261 1292 4334 Ἐκκλησίαν,
1311 4261 1446 4333 ὅπερ
1467 4259 1668 4330 ἔλεγον,
1701 4261 1780 4314 ὅτι
1805 4261 1935 4315 ποτέ

349 4351 536 4420 νύμφη
564 4349 700 4412 ἐστὶ,
737 4348 867 4401 ποτέ
913 4345 1159 4416 θυγάτηρ
1184 4344 1321 4408 ἐστὶ,
1348 4344 1476 4398 ποτέ
1496 4343 1766 4416 παρθένος
1795 4345 1936 4409 ἐστὶ,

350 4431 485 4485 ποτέ
511 4431 670 4502 δούλη
706 4429 857 4493 ἐστὶ,
886 4429 1016 4482 ποτὲ
1058 4427 1348 4498 βασίλισσά
1389 4429 1534 4490 ἐστι,
1572 4425 1704 4480 ποτὲ
1748 4427 1937 4499 στεϊρά

351 4523 493 4579 ἐστι.
523 4518 654 4574 ποτὲ
675 4517 798 4590 ὅρος
833 4515 974 4579 ἐστὶ,
1007 4515 1140 4569 ποτὲ
1161 4514 1490 4586 παράδεισός
1516 4515 1651 4579 ἐστι,
1681 4513 1814 4566 ποτὲ
1839 4531 1938 4566 πο-

347 4602 573 4666 λυτάκος
611 4601 730 4654 ἐστὶ
755 4641 769 4665 ,
807 4599 937 4654 ποτέ
989 4599 1172 4672 κρίνον
1213 4597 1368 4662 ἐστὶ,
1407 4597 1537 4650 ποτέ
1587 4596 1740 4668 πηγή
1795 4597 1932 4650 ἐστι’

350 4686 532 4741 πάντα
564 4683 702 4738 ἐστί.
752 4683 854 4738 Διά
878 4683 1039 4737 τοῦτο
1083 4682 1322 4745 ἀκούσας
1369 4681 1571 4745 ταῦτα,
1629 4680 1705 4752 μὴ
1745 4677 1936 4752 νόμιζε

353 4767 642 4838 σωματικά
673 4763 833 4829 εἶναι,
860 4765 1165 4838 παρακαλῶ
1190 4783 1204 4798 ο
1244 4764 1382 4820 ἀλλά
1412 4763 1686 4818 σύντεινόν
1715 4780 1808 4816 σου
1837 4763 1936 4835 τήν

346 4852 588 4907 διάνοιαν
613 4869 626 4882 ·
653 4851 723 4906 τά
751 4851 862 4922 γὰρ
902 4849 1192 4921 σωματικὰ
1223 4848 1448 4902 τοιαῦτα
1479 4842 1619 4902 εἶναι
1651 4847 1712 4900 06
1746 4845 1937 4900 δύναν-

345 4954 462 4991 ται.
497 4933 620 4990 Οἷόν
651 4954 704 4988 τι
736 4935 910 5004 λέγωο
958 4933 1020 4987 16
1058 4933 1182 5004 ὅρος
1217 4931 1488 5003 παρθένος
1542 4931 1642 4984 οὐκ
1689 4930 1868 4984 ἔστιν’
1899 4932 1933 5001 ή

349 5018 620 5092 παρθένος
651 5015 840 5089 νύμφη
866 5018 966 5071 οὐκ
1005 5015 1152 5069 ἐστιν
1177 5034 1190 5046 ·
1236 5015 1270 5086 ή
1306 5014 1589 5084 βασίλισσα
1627 5012 1789 5084 δούλη
1835 5014 1936 5066 οὑκ

347 5104 534 5157 ἔστιν·
567 5105 600 5173 ή
660 5099 959 5173 Ἐκκλησία
1000 5099 1178 5153 πάντα
1218 5097 1358 5154 ἐστί.
1411 5097 1510 5152 Διά
1555 5097 1638 5164 τί;
1683 5097 1804 5151 Ὅτι
1836 5099 1938 5152 οὐκ

347 5189 410 5240 ἐν
441 5185 654 5256 σώματι
683 5183 878 5250 ταῦτα,
914 5183 1032 5237 ἀλλ’
1060 5186 1118 5236 ἐν
1142 5183 1311 5254 ψυχῇ.
1342 5182 1430 5234 Ἐν
1463 5183 1562 5252 μὲν
1586 5180 1694 5254 γάρ
1722 5181 1937 5252 σώματι

346 5269 523 5325 ταῦτα
551 5266 985 5340 ἐστενοχώρηται
1004 5283 1018 5298 ·
1055 5267 1114 5318 ἐν
1145 5265 1201 5318 δέ
1239 5265 1387 5336 ψυχῇ
1413 5264 1568 5340 πολὺ,
1589 5264 1704 5335 ἔχει
1742 5264 1804 5318 16
1837 5265 1938 5318 πέ-

346 5355 534 5422 λαγος.
566 5338 841 5421 Παρέστη
949 5351 1296 5415 βασίλισσα
1319 5343 1390 5402 ἐκ
1414 5338 1630 5413 δεξιῶν
1657 5360 1794 5402 σου.
1841 5349 1941 5402 Βα-
1974 5366 1981 5371 ·

349 5437 569 5492 σίλισσα
595 5453 612 5503 ;
649 5434 716 5488 Ἡ
743 5434 1104 5504 πεπατημένη
1125 5474 1138 5495 ,
1175 5435 1210 5505 ή
1237 5429 1466 5503 πτωχὴ,
1503 5432 1620 5495 πῶς
1653 5431 1939 5500 βασίλισσα

298 5513 308 5519 ’
348 5520 604 5587 ἐγένετο;
633 5519 728 5572 καὶ
769 5516 872 5572 ποῦ
893 5515 1098 5582 ἀνέϐης
1134 5516 1282 5570 Ἀνω
1311 5515 1558 5588 παρέστη
1589 5515 1622 5586 ἡ
1648 5513 1940 5586 βασίλισσα

350 5605 511 5674 αὐτή.
551 5602 676 5666 Πῶς
701 5621 716 5668 ;
754 5601 972 5670 Ἐπειδὴ
1000 5602 1028 5652 ὀ
1065 5595 1331 5664 Βασιλεὺς
1354 5599 1570 5667 ἐγένετο
1601 5595 1814 5664 δοῦλοςδ
1838 5599 1940 5656 οὐκ

347 5683 422 5758 ἦν
438 5727 454 5751 ,
482 5687 596 5740 ἀλλ’
623 5686 860 5755 ἐγένετο.
892 5683 1049 5737 Μάθε
1074 5679 1168 5736 οὖν
1189 5682 1258 5736 τὰ
1285 5683 1386 5753 τῆς
1407 5681 1664 5753 θεότητος
1685 5725 1700 5751 ,
1725 5683 1820 5738 καὶ
1851 5682 1940 5738 σο.-

351 5771 512 5841 φίζου
551 5770 619 5824 τά
651 5771 752 5840 τῆς
781 5766 1118 5837 οἰκονομίαςο
1162 5767 1300 5838 μάθε
1329 5766 1412 5831 τίς
1441 5761 1530 5837 ἦν,
1575 5769 1668 5822 καὶ
1690 5765 1774 5832 τίς
1819 5769 1930 5836 ἐγέο

354 5871 476 5912 νετο
501 5853 588 5910 διά
613 5852 692 5919 σέ,
721 5851 814 5904 καὶ
849 5850 926 5922 μὴ
957 5850 1156 5920 σύγχεε
1189 5850 1256 5904 τὰ
1295 5851 1598 5923 πράγματα
1621 5889 1638 5920 ,
1673 5850 1809 5922 μηδὲ
1837 5851 1936 5921 τήν

646 5949 916 6007 ΡΔΤιιοι..
949 5944 1072 6005 Gn.
1099 5944 1221 6010 LII.

888 375 1174 440 ΠΟΜΠᾸΑ
1214 383 1302 438 DE
1341 382 1568 440 CAPTO
1609 376 1960 439 EU’I‘ROPIO
2003 374 2090 434 ΕΤ
2128 379 2216 434 DE
2258 378 2667 440 DIVITIARUM
2703 377 3077 440 VANlTATE.
3499 379 3608 437 ὅθι

2032 498 2286 554 ὑπόθεσιν
2319 497 2421 568 τῆς
2445 496 2858 569 φιλανθρωπίας
2882 493 3138 567 ἀφορμὴν
3170 494 3324 549 ποιοῦ
3366 495 3607 570 $10011,-

2033 581 2182 656 μίας.
2201 581 2432 654 Ὑψηλὺς
2446 577 2533 652 ἦν,
2558 572 2654 636 καὶ
2673 573 2813 652 αὓτη
2833 579 3064 651 ταπεινή
3089 596 3102 608 ·
3125 579 3326 650 ὑψηλὸς
3349 581 3409 634 ού
3437 579 3610 653 τόπῳ,

2030 663 2166 718 ἀλλὰ
2216 664 2396 735 φύσει.
2465 665 2768 736 Ἀκήρατος
2823 659 2930 734 ἦν,
2969 661 3272 733 ἀνώλεθρος
3331 663 3364 734 ή
3415 661 3612 730 οὐσία,

2029 747 2306 821 ἄφθαρτος
2329 741 2450 828 ἦν
2483 745 2665 828 φύσις,
2683 745 3060 818 ἀπερινόητος,
3077 742 3326 828 ἀόρατος,
3338 747 3606 820 ἀκατάλη-

2032 833 2198 896 Mog,
2230 828 2317 885 ἀεὶ
2343 822 2453 896 ὢν,
2488 822 2750 896 ὡσαύτως
2781 830 2857 883 ὢν
2885 870 2899 894 ,
2935 824 3280 899 ὑπερϐαίνων
3323 830 3613 898 ἀγγέλους,

2031 914 2302 986 ἀνώτερος
2333 912 2442 968 τῶν
2473 915 2586 970 ἄνω
2613 906 2918 986 δυνάμεων,
2941 913 3109 967 νικῶν
3134 911 3415 984 λογισμὸν,
3445 914 3612 984 ὑπερ-

2033 995 2232 1049 ϐαίνων
2259 995 2518 1059 διάνοιαν,
2543 996 2775 1064 ὀφθῆναι
2805 996 2880 1066 μὴ
2905 991 3202 1064 δυνάμενος
3220 1035 3234 1057 ,
3260 991 3616 1064 πιστευθῆναι

2031 1078 2088 1131 δὲ
2125 1078 2306 1150 μόνον.
2351 1079 2610 1148 ¹Ἄγγελοι
2643 1078 2869 1132 ἔϐλεπον
2893 1079 2986 1132 καὶ
3020 1075 3270 1150 ἔτρεμον,
3303 1078 3374 1131 τά
3405 1076 3617 1146 Χερουο

2033 1158 2134 1231 ϐὶμ
2161 1161 2260 1225 τάς
2286 1163 2563 1234 πτέρυγας
2594 1163 2912 1228 ἐπέϐαλλον,
2952 1161 3128 1214 πάντα
3156 1164 3212 1214 ἐν
3242 1159 3410 1230 φόϐῳ.
3455 1157 3617 1212 Ἐπέ-

2035 1245 2234 1298 ϐλεπεν
2263 1246 2355 1299 ἐπὶ
2386 1246 2484 1317 τὴν
2506 1242 2630 1316 γῆν,
2666 1245 2815 1318 1594]
2847 1243 2940 1300 καὶ
2966 1242 3137 1298 ἐποίει
3169 1245 3338 1316 αὐτὴν
3363 1243 3612 1315 τρέμειν·

2033 1327 2248 1397 ἠπείλει
2269 1333 2336 1398 τῇ
2367 1328 2610 1402 θαλάσσῃ
2629 1373 2642 1395 ,
2677 1331 2768 1382 καὶ
2799 1325 3084 1400 ἐξήραινεν
3110 1323 3278 1396 αὐτήν
3299 1342 3312 1352 ·
3338 1326 3618 1396 ποταμοὺς

2035 1407 2314 1482 ἐξηρήμου
2341 1429 2356 1444 ο
2407 1412 2476 1466 τὰ
2521 1415 2622 1486 ὄρη
2670 1413 2866 1487 ἔστησε
2921 1409 3144 1484 σταθμῷ
3186 1415 3281 1466 καὶ
3312 1413 3411 1476 τὰς
3442 1411 3622 1472 νάπας

2036 1489 2204 1566 ζυγῷ.
2235 1497 2358 1562 Πῶς
2397 1497 2535 1550 εἴπω
2563 1516 2576 1564 ;
2607 1497 2723 1562 πῶς
2747 1493 3112 1570 παραστήσω;
3159 1498 3225 1550 Ἦ
3258 1495 3620 1568 μεγαλωσύνη

2035 1578 2201 1633 06106
2233 1581 2407 1652 πέρας
2457 1581 2558 1634 οὐκ
2603 1575 2748 1651 ἔχει,
2851 1580 3012 1650 σοφία
3061 1581 3227 1634 06106
3258 1576 3490 1650 ἀριθμὸν
3521 1579 3622 1632 ούκ

2037 1657 2172 1732 ἔχει,
2203 1661 2274 1715 τὰ
2303 1663 2552 1734 κρίματα
2579 1663 2748 1717 06106
2783 1663 3183 1733 άνεξιχνίαστα,
3221 1659 3276 1716 αἶ
3325 1659 3431 1715 ιδοὶ
3454 1659 3620 1715 06106

2037 1743 2472 1817 ἀνεξερεύνητοι.
2504 1746 2642 1799 Ἀλλ’
2663 1739 2819 1810 0610;
2846 1749 2874 1800 6
2893 1745 3144 1810 1000610;
3165 1747 3257 1800 καὶ
3279 1745 3620 1816 τηλικοῦτος,

2038 1831 2088 1884 εί
2115 1831 2355 1901 ἀσφαλὲς
2378 1832 2650 1887 καὶτοῦτο
2677 1834 2872 1900 εἰπεῖν,
2890 1833 3142 1897 τοσοῦτος
3167 1833 3260 1887 καὶ
3283 1831 3622 1904 τηλικοῦτος.

2049 1914 2211 1968 ’Λλλά
2239 1916 2292 1970 τί
2321 1916 2510 1983 πάθω;
2532 1917 2820 1990 ἄνθρωπός
2850 1921 2985 1989 εἰμι,
3013 1919 3104 1972 καὶ
3127 1917 3490 1990 ἀνθρωπικῶς
3511 1916 3626 1970 διαε-

2038 1996 2268 2070 λέγομαι
2292 2017 2306 2031 '
2352 2000 2586 2071 πηλίνην
2637 2001 2911 2074 κέκτημαι
2963 2001 3246 2070 γλῶσσαν,
3291 2000 3624 2071 συγγνώμην

2039 2083 2176 2136 αίτῶ
2217 2084 2368 2156 παρά
2401 2085 2496 2138 106
2541 2087 2833 2140 Δεσπότου.
2873 2086 2946 2141 Οὐ
2979 2087 3088 2158 γάρ
3122 2085 3182 2152 ἐξ
3219 2079 3479 2150 ἀπονοίας
3503 2083 3626 2148 ταῖς

2039 2166 2217 2235 λέξεσι
2245 2169 2470 2233 ταύταις
2500 2169 2798 2242 κέχρημαι,
2818 2171 2952 2224 ἀλλὰ
2990 2170 3055 2225 δι’
3086 2163 3320 2240 ἀπορίαν
3345 2161 3442 2240 τῆς
3469 2169 3624 2222 ἀσθεο

2038 2252 2188 2317 νείας
2216 2294 2232 2320 ,
2275 2253 2370 2307 καὶ
2400 2256 2499 2325 τῆς
2529 2255 2745 2323 φύσεως
2777 2251 2874 2326 τῆς
2907 2249 3153 2328 γλώττης
3195 2255 3294 2326 τῆς
3326 2252 3624 2326 ἡμετέρας.

2041 2335 2228 2402 ’ῐλεως
2277 2336 2402 2401 ἔσο,
2449 2339 2730 2406 Δέσποτα,
2779 2333 2841 2393 ού
2877 2339 2986 2411 γάρ
3027 2339 3257 2408 ἀπονοίᾳ
3286 2338 3626 2410 κεχρημένος

2038 2419 2244 2484 ταύτας
2274 2417 2418 2489 λέγω
2451 2421 2548 2486 τὰς
2569 2416 2742 2486 λέξεις
2761 2461 2776 2484 .
2805 2421 2919 2476 ἀλλ’
2943 2422 3043 2476 οὐκ
3073 2421 3180 2493 ἔχω
3202 2422 3370 2483 ἄλλας
3389 2439 3403 2452 ·
3433 2423 3494 2476 06
3522 2421 3628 2492 μὴν

2040 2505 2162 2558 οὐδὲ
2201 2505 2428 2575 ἵσταμαι
2461 2507 2520 2558 ἐν
2540 2508 2607 2576 τῇ
2640 2506 2884 2578 εὐτελείᾳ
2917 2507 3016 2577 τῆς
3049 2505 3247 2570 λέξεως
3271 2547 3286 2570 ,
3313 2500 3450 2561 ἀλλὰ
3491 2509 3628 2560 ἀνα-ο

2042 2586 2210 2643 ϐαίνω
2238 2587 2316 2660 τῷ
2347 2588 2533 2660 πτερῴ
2561 2589 2654 2643 106
2692 2591 2982 2662 νοήματος.
3023 2592 3080 2644 Ὀ
3117 2590 3372 2656 τοσοῦτος
3406 2591 3502 2646 καὶ
3533 2609 3632 2661 τηε·

2040 2669 2308 2737 λικοῦτος.
2337 2673 2523 2728 T0610
2562 2673 2740 2744 λέγω,
2783 2675 2872 2730 ἵνα
2923 2675 2998 2748 μὴ
3047 2679 3173 2738 ταῖς·
3210 2675 3388 2740 λέξεσι
3451 2693 3630 2748 παρα-

2045 2756 2255 2826 μένων,
2292 2752 2429 2828 μηδέ
2463 2759 2528 2828 τῇ
2559 2757 2926 2830 πτωχείᾳτῶν
2955 2751 3291 2830 λεγομένων,
3332 2751 3510 2832 μάθῃς
3537 2759 3632 2814 καὶ

2041 2839 2205 2903 αὐτὸς
2234 2839 2394 2893 10610
2419 2841 2613 2894 ποιεῖν.
2641 2840 2707 2895 Τί
2731 2840 3051 2913 θαυμάζεις,
3075 2844 3124 2896 εί
3145 2843 3261 2912 ἐγὼ
3281 2842 3442 2897 10610
3467 2844 3628 2910 ποιῶ,
3687 2863 3690 2866 ’

2041 2923 2242 2992 ὅπουγε
2295 2923 2390 2978 καὶ⁹
2437 2923 2601 2988 0616;
2625 2965 2641 2991 ,
2691 2925 2820 2980 ὅταν
2869 2919 3126 2997 βούληταί
3176 2943 3230 2978 τι
3281 2915 3634 2998 παραστῆσαι

2043 3006 2371 3080 ὑπερϐαἰνον
2411 3005 2480 3060 τὰ
2511 3005 2866 3080 ἀνθρώπινας
2907 3007 3128 3080 Ἐπειδὴ
3178 3007 3488 3080 ἀνθρώποις
3513 3004 3634 3062 δια-

2041 3089 2260 3160 λέγεται
2283 3131 2298 3158 ,
2324 3091 2428 3154 καὶ,
2451 3089 2823 3164 ἀνθρωπίναις
2853 3093 3118 3163 κέχρηται
3147 3093 3375 3156 εἰκόσιν,
3408 3092 3509 3146 οὐκ
3531 3093 3633 3163 ἀρο

2043 3174 2269 3240 κούσαις
2299 3176 2396 3247 μὲν
2427 3175 2778 3248 παραστῆσαι
2807 3175 2866 3230 16
2895 3176 3206 3248 λεγόμενον,
3243 3176 3366 3230 οὐδὲ
3397 3175 3635 3248 δυναμέ-

2043 3276 2162 3324 ναις
2193 3259 2314 3315 ὅλον
2345 3261 2408 3314 16
2435 3261 2635 3333 μέτρον
2665 3262 2894 3330 ἀγαγεῖν
2927 3261 3008 3324 είς
3029 3260 3088 3314 16
3128 3261 3314 3332 μέσον,
3335 3257 3634 3334 ἀρχούσαις

2043 3343 2100 3398 δέ
2131 3345 2197 3416 τῇ
2229 3343 2486 3416 ἀσθενείᾳ
2514 3343 2624 3399 τῶν
2661 3343 2994 3399 ἀκουόντων.

2120 3443 2174 3490 ι’.
2206 3434 2484 3491 Σύντεινον
2507 3437 2724 3503 σαυτὸν,
2747 3436 2824 3510 μή
2843 3437 3126 3508 ἀπόκαμνε
3149 3437 3206 3492 δέ
3225 3437 3320 3492 τοῦ
3346 3437 3507 3507 λόγου
3532 3455 3638 3509 μη-

2044 3527 2366 3599 κυνομένου.
2383 3529 2594 3600 Ὥσπερ
2619 3527 2730 3600 γὰρ
2754 3529 2884 3583 ὅταν
2911 3529 3192 3600 φαίνηται,
3223 3530 3322 3600 οὐχ
3351 3529 3490 3599 ὅπερ
3516 3528 3636 3582 ἐστὶ

2047 3619 2334 3688 φαίνεται,
2363 3621 2488 3674 οὐδὲ
2516 3619 2704 3692 γυμνή
2800 3621 2959 3674 οὐσία
2986 3621 3294 3690 φαίνεται’⁹(
3315 3620 3492 3684 οὐδεὶς
3525 3621 3636 3691 γάρ

2045 3707 2152 3764 εἶδε
2174 3711 2330 3778 Θεὸν,
2351 3713 2486 3768 αὐτὸ
2505 3714 2534 3768 ὅ
2559 3714 2708 3768 ἐστιν
2727 3729 2742 3744 ο
2765 3715 2831 3784 τῇ
2857 3713 2965 3784 γὰρ
2996 3713 3422 3783 συγκαταϐάσει,
3449 3713 3542 3767 καὶ
3567 3715 3637 3769 τὰ

2045 3805 2328 3876 Χερουϐὶμ
2357 3806 2588 3878 ἔτρεμεν
2615 3825 2628 3837 ·
2657 3805 3002 3876 συγκατέϐη,
3029 3807 3122 3860 καὶ
3146 3805 3214 3858 τὰ
3245 3805 3346 3878 δρη
3375 3805 3638 3870 καπνίζε-

2043 3909 2170 3949 ται·
2199 3895 2508 3968 συγκατέϐη
2529 3939 2544 3964 ,
2579 3897 2673 3950 καὶ
2704 3893 2737 3968 ὴ
2771 3895 3014 3950 θάλασσα
3043 3895 3394 3968 ξηραίνεται·
3440 3909 3642 3965 συγκα-

2044 3986 2178 4058 τέϐη
2203 4027 2218 4052 ,
2270 3986 2366 4040 καὶ
2409 3989 2436 4041 6
2469 3985 2697 4059 οὐρανὸς
2745 3985 3032 4042 σαλεύεται
3057 4003 3070 4018 ·
3099 3988 3200 4042 ’καὶ
3231 3985 3280 4042 εί
3317 3985 3390 4060 μὴ
3433 4001 3638 4057 συγκα-

2045 4079 2178 4150 τέϐῃ
2203 4123 2217 4146 ,
2251 4081 2331 4146 τίς
2365 4082 2432 4136 ἂν
2456 4081 2686 4152 ἤνεγκεν
2707 4081 2760 4149 ς)
2787 4079 2978 4152 ὥσπερ
3001 4077 3093 4134 οὖν
3116 4081 3176 4134 06
3215 4080 3465 4150 φαίνεται
3497 4081 3636 4153 ὅπερ

2045 4169 2196 4228 ἐστὶν
2219 4215 2234 4239 ,
2269 4171 2384 4227 ἀλλ’
2413 4173 2441 4227 δ
2464 4167 2687 4227 δύναται
2725 4167 2754 4227 6
2799 4173 2941 4245 ὀρῶν
2985 4169 3110 4228 [δεῖν
3138 4189 3152 4204 ⁸
3183 4167 3270 4228 διά
3300 4172 3458 4226 τοῦτο
3503 4173 3637 4228 ποτέ

2051 4263 2149 4337 μὲν
2177 4262 2404 4329 παλαιὸς
2429 4265 2698 4336 φαίνεται.
2730 4267 2861 4320 ποτέ
2887 4265 2943 4320 δὲ
2987 4267 3134 4330 νέος,
3167 4267 3298 4320 ποτέ
3317 4266 3373 4320 δὲ
3396 4267 3456 4320 ἐν
3481 4269 3635 4338 πυρὶ,

2048 4362 2180 4415 ποτέ
2209 4360 2266 4414 δὲ
2298 4363 2356 4414 ἐν
2381 4360 2546 4432 αὔρᾳ,
2581 4361 2712 4414 ποτὲ
2741 4361 2797 4414 δὲ
2827 4362 2884 4413 ἐν
2909 4359 3082 4424 ὕδατι,
3112 4359 3243 4412 ποτέ
3265 4359 3322 4412 δὲ
3345 4359 3403 4413 ἐν
3426 4357 3634 4422 ὅπλοις,

2047 4453 2109 4506 06
2149 4451 2500 4522 μεταϐάλλων
2548 4451 2647 4522 τὴν
2693 4451 2911 4517 οὐσίαν,
2957 4451 3092 4504 ἀλλὰ
3140 4449 3490 4520 σχηματίζων
3534 4451 3638 4518 τὴν

2047 4543 2170 4614 ὖψιν
2213 4541 2349 4614 πρὸς
2379 4542 2478 4613 τὴν
2511 4542 2784 4596 ποικιλίαν
2815 4541 2926 4596 τῶν
2951 4543 3350 4612 ὑποκειμένων.
3381 4541 3537 4595 Οὕτω
3571 4541 3639 4615 δὴ

2047 4637 2144 4691 καὶ
2171 4636 2299 4688 ὅταν
2340 4632 2596 4705 βούληταί
2637 4649 2692 4686 τι
2737 4633 2868 4704 περὶ
2918 4629 3084 4686 06106
3113 4632 3287 4686 εἰπεῖν
3313 4673 3327 4695 ,
3361 4631 3640 4704 ἀνθρωπί-

2047 4747 2168 4794 ναις
2217 4728 2390 4782 είκόσι
2431 4727 2715 4797 κέχρηται.
2745 4719 2870 4778 Οίόν
2913 4741 2966 4776 τι
2999 4724 3144 4793 λέγω
3168 4737 3182 4752 ⁶
3235 4724 3404 4795 ἀνέϐη
3458 4725 3538 4788 είς
3577 4723 3638 4780 τδ

2047 4823 2173 4894 ὅρος
2201 4863 2216 4885 ,
2269 4817 2380 4874 Καὶ
2431 4815 2853 4888 μετεμορφώθη
2891 4815 3234 4882 ἔμπροσθεν
3270 4810 3502 4880 αὐτῶν,
3536 4812 3638 4868 καὶ

2046 4911 2283 4984 ἔλαμψε
2315 4911 2380 4966 τὸ
2429 4911 2756 4979 πρόσωπον
2803 4905 2992 4962 αὑτοῦ
3037 4907 3118 4973 ὡς
3157 4905 3222 4960 τὸ
3271 4899 3431 4976 φώς,
3465 4907 3534 4960 τὰ
3569 4905 3638 4958 δὲ

2049 5005 2250 5078 ἱμάτια
2293 5005 2481 5060 αὑτοῦ
2513 5001 2792 5073 ἐγένοντο
2836 5001 3029 5057 λευκὰ
3062 4995 3205 5055 ώσεὶ
3245 5000 3410 5070 χιών.
3449 4997 3638 5070 Παρή-

2047 5098 2192 5164 νοιξε
2215 5137 2229 5162 ,
2279 5097 2444 5168 φησὶν
2470 5139 2485 5163 ,
2531 5089 2712 5162 ὀλίγον
2750 5088 2849 5162 τῆς
2880 5091 3134 5163 θεότητος
3163 5133 3176 5158 ,
3213 5087 3414 5158 ἔδειξεν
3451 5088 3636 5154 αὐτοῖς

2046 5191 2140 5244 16v
2174 5188 2490 5243 ἐνοικοῦντα
2521 5187 2656 5240 Θεὸν
2672 5229 2686 5254 ,
2713 5186 2825 5240 Καὶ
2845 5184 3266 5254 μετεμορφώθη
3293 5184 3630 5254 ἔμπροσθεν

2047 5281 2266 5337 αὐτῶν.
2299 5279 2605 5352 Προσέχετε
2653 5277 2794 5350 μετά
2821 5279 3110 5348 ἀκριϐείας
3139 5277 3216 5350 τῷ
3242 5278 3406 5348 λόγῳ.
3446 5278 3632 5347 Λέγει.

2047 5373 2158 5428 Καὶ
2183 5370 2603 5443 μετεμορφώθη
2630 5371 2972 5440 ἔμπροσθεν
3005 5370 3227 5436 αὐτῶν,
3269 5373 3366 5426 καί
3395 5371 3636 5440 ἔλαμψε

2047 5468 2122 5522 τὰ
2161 5467 2364 5538 ἱμάτια
2408 5465 2599 5520 αὐτοῦ
2631 5466 2714 5532 ὡς
2767 5464 2836 5518 τὸ
2879 5462 3042 5534 φῶς,
3074 5462 3174 5517 καί
3221 5463 3260 5530 ἠ
3308 5463 3558 5531 ὄψιςςὼς
3600 5465 3638 5516 ό

2049 5559 2246 5627 ἥλιος.
2289 5555 2510 5628 Ἐπειδὴ
2535 5551 2712 5618 εἷπον,
2731 5549 3002 5631 T000610;
3027 5554 3122 5608 καὶ
3152 5553 3472 5623 τηλικοῦτος
3493 5593 3508 5620 ,
3537 5553 3634 5606 καὶ

2048 5647 2201 5706 εἷπον
2225 5663 2270 5715 α,
2301 5645 2489 5714 Ἵλεώς
2510 5665 2598 5720 μοι
2639 5645 2800 5716 γενοῦ
2825 5688 2840 5714 ,
2875 5646 3124 5700 Δέσποτα
3163 5645 3259 5716 (06
3291 5643 3400 5715 γὰρ
3436 5646 3636 5700 ἐναπο-

2112 5795 2136 5822 “
2159 5790 2321 5840 Verba
2362 5786 2626 5845 τοσοῦτος..
2693 5788 2843 5848 εἷπον,
2885 5799 2912 5835 a
2953 5785 3161 5836 ﬂorello
3186 5786 3384 5844 omissa,
3421 5797 3486 5836 ex
3509 5797 3624 5836 Ima.

2047 5856 2356 5920 supplentur.
3165 5891 3205 5954 2
