  <div class='ocr_page' id='page_1' title='image "/cluster/home/n/w/nwhite01/storage/ocr_20150623/52:no.3:pt.2/coo.31924054869510/029.png"; bbox 0 0 4036 6382; ppageno 0'>
   <div class='ocr_carea' id='block_1_1' title="bbox 408 428 511 485">
    <p class='ocr_par' dir='ltr' id='par_1_1' title="bbox 408 428 511 485">
     <span class='ocr_line' id='line_1_1' title="bbox 408 428 511 485; baseline -0.019 0"><span class='ocrx_word' id='word_1_1' title='bbox 408 428 511 485; x_wconf 65' lang='grc'>495</span> 
     </span>
    </p>
   </div>
   <div class='ocr_carea' id='block_1_2' title="bbox 407 526 1980 612">
    <p class='ocr_par' dir='ltr' id='par_1_2' title="bbox 407 526 1980 612">
     <span class='ocr_line' id='line_1_2' title="bbox 407 526 1980 612; baseline -0.01 -18"><span class='ocrx_word' id='word_1_2' title='bbox 407 541 553 612; x_wconf 79' lang='grc' dir='ltr'>μένω</span> <span class='ocrx_word' id='word_1_3' title='bbox 586 541 650 609; x_wconf 83' lang='grc' dir='ltr'>τῇ</span> <span class='ocrx_word' id='word_1_4' title='bbox 685 538 849 605; x_wconf 77' lang='grc' dir='ltr'>λέξει,</span> <span class='ocrx_word' id='word_1_5' title='bbox 883 536 997 590; x_wconf 76' lang='grc' dir='ltr'>ἀλλ’</span> <span class='ocrx_word' id='word_1_6' title='bbox 1026 535 1235 606; x_wconf 84' lang='grc' dir='ltr'>ἀπορῶ,</span> <span class='ocrx_word' id='word_1_7' title='bbox 1262 533 1354 587; x_wconf 73' lang='grc' dir='ltr'>καὶ</span> <span class='ocrx_word' id='word_1_8' title='bbox 1379 532 1479 587; x_wconf 86' lang='grc' dir='ltr'>οὐκ</span> <span class='ocrx_word' id='word_1_9' title='bbox 1516 530 1624 602; x_wconf 85' lang='grc' dir='ltr'>ἔχω</span> <span class='ocrx_word' id='word_1_10' title='bbox 1647 529 1812 600; x_wconf 79' lang='grc' dir='ltr'>ἄλλην</span> <span class='ocrx_word' id='word_1_11' title='bbox 1838 526 1980 612; x_wconf 61' lang='grc' dir='ltr'>λέξιν</span> 
     </span>
    </p>
   </div>
   <div class='ocr_carea' id='block_1_3' title="bbox 406 610 1984 693">
    <p class='ocr_par' dir='ltr' id='par_1_3' title="bbox 406 610 1984 693">
     <span class='ocr_line' id='line_1_3' title="bbox 406 610 1984 693; baseline -0.009 -17"><span class='ocrx_word' id='word_1_12' title='bbox 406 610 820 693; x_wconf 82' lang='grc' dir='ltr'>συντιθεμένην)</span> <span class='ocrx_word' id='word_1_13' title='bbox 842 660 855 683; x_wconf 90' lang='grc'>,</span> <span class='ocrx_word' id='word_1_14' title='bbox 887 620 1025 673; x_wconf 89' lang='grc' dir='ltr'>θέλω</span> <span class='ocrx_word' id='word_1_15' title='bbox 1068 637 1128 671; x_wconf 90' lang='grc' dir='ltr'>σε</span> <span class='ocrx_word' id='word_1_16' title='bbox 1185 618 1379 689; x_wconf 77' lang='grc' dir='ltr'>μαθεῖν</span> <span class='ocrx_word' id='word_1_17' title='bbox 1400 656 1414 679; x_wconf 92' lang='grc'>,</span> <span class='ocrx_word' id='word_1_18' title='bbox 1447 616 1528 669; x_wconf 83' lang='grc' dir='ltr'>ὃτι</span> <span class='ocrx_word' id='word_1_19' title='bbox 1705 612 1806 681; x_wconf 79' lang='grc' dir='ltr'>τῆς</span> <span class='ocrx_word' id='word_1_20' title='bbox 1841 610 1984 683; x_wconf 85' lang='grc' dir='ltr'>Γρα-</span> 
     </span>
    </p>
   </div>
   <div class='ocr_carea' id='block_1_4' title="bbox 405 692 1986 776">
    <p class='ocr_par' dir='ltr' id='par_1_4' title="bbox 405 692 1986 776">
     <span class='ocr_line' id='line_1_4' title="bbox 405 692 1986 776; baseline -0.009 -17"><span class='ocrx_word' id='word_1_21' title='bbox 405 704 513 776; x_wconf 82' lang='grc' dir='ltr'>φῆς</span> <span class='ocrx_word' id='word_1_22' title='bbox 563 704 723 757; x_wconf 85' lang='grc' dir='ltr'>τοῦτο</span> <span class='ocrx_word' id='word_1_23' title='bbox 754 692 1115 771; x_wconf 84' lang='grc' dir='ltr'>ἐπαιδεύθην.</span> <span class='ocrx_word' id='word_1_24' title='bbox 1180 700 1475 769; x_wconf 85' lang='grc' dir='ltr'>Ἥθέλησεν</span> <span class='ocrx_word' id='word_1_25' title='bbox 1529 692 1623 750; x_wconf 80' lang='grc' dir='ltr'>οὖν</span> <span class='ocrx_word' id='word_1_26' title='bbox 1671 694 1841 759; x_wconf 81' lang='grc' dir='ltr'>δεῖξαι</span> <span class='ocrx_word' id='word_1_27' title='bbox 1887 693 1986 765; x_wconf 83' lang='grc' dir='ltr'>τὴν</span> 
     </span>
    </p>
   </div>
   <div class='ocr_carea' id='block_1_5' title="bbox 403 777 1985 858">
    <p class='ocr_par' dir='ltr' id='par_1_5' title="bbox 403 777 1985 858">
     <span class='ocr_line' id='line_1_5' title="bbox 403 777 1985 858; baseline -0.008 -17"><span class='ocrx_word' id='word_1_28' title='bbox 403 787 723 858; x_wconf 74' lang='grc' dir='ltr'>λαμπηδόνα</span> <span class='ocrx_word' id='word_1_29' title='bbox 795 785 957 838; x_wconf 86' lang='grc' dir='ltr'>αὐτοῦ</span> <span class='ocrx_word' id='word_1_30' title='bbox 1031 786 1059 837; x_wconf 90' lang='lat'>6</span> <span class='ocrx_word' id='word_1_31' title='bbox 1127 781 1558 851; x_wconf 80' lang='grc' dir='ltr'>εὐαγγελιστὴς,</span> <span class='ocrx_word' id='word_1_32' title='bbox 1641 778 1736 833; x_wconf 71' lang='grc' dir='ltr'>καὶ</span> <span class='ocrx_word' id='word_1_33' title='bbox 1796 777 1985 845; x_wconf 79' lang='grc' dir='ltr'>λέγει,</span> 
     </span>
    </p>
   </div>
   <div class='ocr_carea' id='block_1_6' title="bbox 406 859 1983 941">
    <p class='ocr_par' dir='ltr' id='par_1_6' title="bbox 406 859 1983 941">
     <span class='ocr_line' id='line_1_6' title="bbox 406 859 1983 941; baseline -0.008 -15"><span class='ocrx_word' id='word_1_34' title='bbox 406 873 707 939; x_wconf 71' lang='grc' dir='ltr'>Ἕλαμψε.</span> <span class='ocrx_word' id='word_1_35' title='bbox 738 868 889 941; x_wconf 67' lang='grc'>[395]</span> <span class='ocrx_word' id='word_1_36' title='bbox 930 867 1054 932; x_wconf 85' lang='grc' dir='ltr'>Πῶς</span> <span class='ocrx_word' id='word_1_37' title='bbox 1082 866 1353 936; x_wconf 71' lang='grc' dir='ltr'>ἔλαμψενς</span> <span class='ocrx_word' id='word_1_38' title='bbox 1395 865 1517 918; x_wconf 81' lang='grc' dir='ltr'>εἰπέ</span> <span class='ocrx_word' id='word_1_39' title='bbox 1557 880 1667 935; x_wconf 92' lang='grc' dir='ltr'>μοι.</span> <span class='ocrx_word' id='word_1_40' title='bbox 1711 859 1983 932; x_wconf 75' lang='grc' dir='ltr'>Σφοδρῶς.</span> 
     </span>
    </p>
   </div>
   <div class='ocr_carea' id='block_1_7' title="bbox 403 945 1987 1020">
    <p class='ocr_par' dir='ltr' id='par_1_7' title="bbox 403 945 1987 1020">
     <span class='ocr_line' id='line_1_7' title="bbox 403 945 1987 1020; baseline -0.007 -13"><span class='ocrx_word' id='word_1_41' title='bbox 403 957 514 1008; x_wconf 79' lang='lat' dir='ltr'>Kal</span> <span class='ocrx_word' id='word_1_42' title='bbox 545 954 659 1016; x_wconf 88' lang='grc' dir='ltr'>πῶς</span> <span class='ocrx_word' id='word_1_43' title='bbox 692 952 896 1020; x_wconf 85' lang='grc' dir='ltr'>λέγεις;</span> <span class='ocrx_word' id='word_1_44' title='bbox 944 951 1039 1017; x_wconf 82' lang='grc' dir='ltr'>Ὡς</span> <span class='ocrx_word' id='word_1_45' title='bbox 1072 954 1104 1005; x_wconf 82' lang='grc' dir='ltr'><em>ὁ</em></span> <span class='ocrx_word' id='word_1_46' title='bbox 1133 951 1323 1020; x_wconf 73' lang='grc' dir='ltr'>ἣλιος.</span> <span class='ocrx_word' id='word_1_47' title='bbox 1368 948 1461 1014; x_wconf 83' lang='grc' dir='ltr'>Ὧς</span> <span class='ocrx_word' id='word_1_48' title='bbox 1485 952 1517 1002; x_wconf 86' lang='grc' dir='ltr'>ό</span> <span class='ocrx_word' id='word_1_49' title='bbox 1540 948 1741 1017; x_wconf 69' lang='grc' dir='ltr'>ἥλιος,</span> <span class='ocrx_word' id='word_1_50' title='bbox 1775 945 1987 1012; x_wconf 88' lang='grc' dir='ltr'>λέγεις;</span> 
     </span>
    </p>
   </div>
   <div class='ocr_carea' id='block_1_8' title="bbox 405 1027 1985 1105">
    <p class='ocr_par' dir='ltr' id='par_1_8' title="bbox 405 1027 1985 1105">
     <span class='ocr_line' id='line_1_8' title="bbox 405 1027 1985 1105; baseline -0.008 -14"><span class='ocrx_word' id='word_1_51' title='bbox 405 1038 524 1093; x_wconf 88' lang='grc' dir='ltr'>Ναί.</span> <span class='ocrx_word' id='word_1_52' title='bbox 554 1035 649 1088; x_wconf 84' lang='grc' dir='ltr'>Διά</span> <span class='ocrx_word' id='word_1_53' title='bbox 681 1035 735 1088; x_wconf 90' lang='grc' dir='ltr'>τί</span> <span class='ocrx_word' id='word_1_54' title='bbox 762 1051 775 1099; x_wconf 92' lang='lat'><strong>;</strong></span> <span class='ocrx_word' id='word_1_55' title='bbox 801 1035 945 1088; x_wconf 88' lang='grc' dir='ltr'>Διότι</span> <span class='ocrx_word' id='word_1_56' title='bbox 965 1034 1064 1088; x_wconf 86' lang='grc' dir='ltr'>οὐκ</span> <span class='ocrx_word' id='word_1_57' title='bbox 1092 1034 1200 1105; x_wconf 86' lang='grc' dir='ltr'>ἔχω</span> <span class='ocrx_word' id='word_1_58' title='bbox 1222 1032 1351 1087; x_wconf 77' lang='grc' dir='ltr'>ἄλλο</span> <span class='ocrx_word' id='word_1_59' title='bbox 1381 1032 1580 1100; x_wconf 82' lang='grc' dir='ltr'>ἄστρον</span> <span class='ocrx_word' id='word_1_60' title='bbox 1612 1027 1985 1100; x_wconf 77' lang='grc' dir='ltr'>φαιδρότερον.</span> 
     </span>
    </p>
   </div>
   <div class='ocr_carea' id='block_1_9' title="bbox 402 1110 1990 1188">
    <p class='ocr_par' dir='ltr' id='par_1_9' title="bbox 402 1110 1990 1188">
     <span class='ocr_line' id='line_1_9' title="bbox 402 1110 1990 1188; baseline -0.006 -14"><span class='ocrx_word' id='word_1_61' title='bbox 402 1121 510 1174; x_wconf 87' lang='lat' dir='ltr'>Kal</span> <span class='ocrx_word' id='word_1_62' title='bbox 533 1118 727 1181; x_wconf 80' lang='grc' dir='ltr'>λευκὸς</span> <span class='ocrx_word' id='word_1_63' title='bbox 745 1113 813 1188; x_wconf 85' lang='grc' dir='ltr'>ἦν</span> <span class='ocrx_word' id='word_1_64' title='bbox 846 1116 939 1184; x_wconf 83' lang='grc' dir='ltr'>Ὡς</span> <span class='ocrx_word' id='word_1_65' title='bbox 961 1117 1137 1186; x_wconf 87' lang='grc' dir='ltr'>χιών;</span> <span class='ocrx_word' id='word_1_66' title='bbox 1161 1116 1261 1171; x_wconf 81' lang='grc' dir='ltr'>Διὰ</span> <span class='ocrx_word' id='word_1_67' title='bbox 1286 1115 1358 1174; x_wconf 90' lang='grc' dir='ltr'>τί.</span> <span class='ocrx_word' id='word_1_68' title='bbox 1396 1115 1490 1180; x_wconf 85' lang='grc' dir='ltr'>Ὡς</span> <span class='ocrx_word' id='word_1_69' title='bbox 1509 1112 1694 1184; x_wconf 86' lang='grc' dir='ltr'>χιὼν;</span> <span class='ocrx_word' id='word_1_70' title='bbox 1718 1112 1862 1164; x_wconf 84' lang='grc' dir='ltr'>Διότι</span> <span class='ocrx_word' id='word_1_71' title='bbox 1889 1110 1990 1164; x_wconf 89' lang='grc' dir='ltr'>οὐκ</span> 
     </span>
    </p>
   </div>
   <div class='ocr_carea' id='block_1_10' title="bbox 399 1193 1988 1274">
    <p class='ocr_par' dir='ltr' id='par_1_10' title="bbox 399 1193 1988 1274">
     <span class='ocr_line' id='line_1_10' title="bbox 399 1193 1988 1274; baseline -0.006 -18"><span class='ocrx_word' id='word_1_72' title='bbox 399 1204 505 1274; x_wconf 87' lang='grc' dir='ltr'>ἔχω</span> <span class='ocrx_word' id='word_1_73' title='bbox 548 1201 715 1273; x_wconf 82' lang='grc' dir='ltr'>ἀλλην</span> <span class='ocrx_word' id='word_1_74' title='bbox 761 1201 894 1272; x_wconf 84' lang='grc' dir='ltr'>ὑλην</span> <span class='ocrx_word' id='word_1_75' title='bbox 948 1200 1297 1270; x_wconf 89' lang='grc' dir='ltr'>λευκοτέραν.</span> <span class='ocrx_word' id='word_1_76' title='bbox 1350 1198 1474 1251; x_wconf 86' lang='grc' dir='ltr'>Ὅτι</span> <span class='ocrx_word' id='word_1_77' title='bbox 1523 1195 1633 1268; x_wconf 80' lang='grc' dir='ltr'>γὰρ</span> <span class='ocrx_word' id='word_1_78' title='bbox 1664 1196 1764 1265; x_wconf 89' lang='grc' dir='ltr'>οὐχ</span> <span class='ocrx_word' id='word_1_79' title='bbox 1812 1193 1988 1257; x_wconf 83' lang='grc' dir='ltr'>οὑτως</span> 
     </span>
    </p>
   </div>
   <div class='ocr_carea' id='block_1_11' title="bbox 398 1278 1991 1358">
    <p class='ocr_par' dir='ltr' id='par_1_11' title="bbox 398 1278 1991 1358">
     <span class='ocr_line' id='line_1_11' title="bbox 398 1278 1991 1358; baseline -0.006 -18"><span class='ocrx_word' id='word_1_80' title='bbox 398 1286 664 1358; x_wconf 74' lang='grc' dir='ltr'>ἔλαμψεν,</span> <span class='ocrx_word' id='word_1_81' title='bbox 700 1284 811 1339; x_wconf 74' lang='grc' dir='ltr'>ἀπὸ</span> <span class='ocrx_word' id='word_1_82' title='bbox 837 1282 931 1337; x_wconf 88' lang='grc' dir='ltr'>τοῦ</span> <span class='ocrx_word' id='word_1_83' title='bbox 966 1284 1093 1353; x_wconf 80' lang='grc' dir='ltr'>ἐξῆς</span> <span class='ocrx_word' id='word_1_84' title='bbox 1122 1282 1418 1335; x_wconf 73' lang='grc' dir='ltr'>δείκνυται.</span> <span class='ocrx_word' id='word_1_85' title='bbox 1443 1281 1553 1334; x_wconf 86' lang='lat' dir='ltr'>Kal</span> <span class='ocrx_word' id='word_1_86' title='bbox 1586 1280 1781 1332; x_wconf 91' lang='grc' dir='ltr'>ἔπεσον</span> <span class='ocrx_word' id='word_1_87' title='bbox 1814 1278 1991 1348; x_wconf 80' lang='grc' dir='ltr'>χαμαὶ</span> 
     </span>
    </p>
   </div>
   <div class='ocr_carea' id='block_1_12' title="bbox 398 1362 1989 1442">
    <p class='ocr_par' dir='ltr' id='par_1_12' title="bbox 398 1362 1989 1442">
     <span class='ocr_line' id='line_1_12' title="bbox 398 1362 1989 1442; baseline -0.006 -18"><span class='ocrx_word' id='word_1_88' title='bbox 398 1372 447 1425; x_wconf 77' lang='grc' dir='ltr'>οἱ</span> <span class='ocrx_word' id='word_1_89' title='bbox 491 1370 753 1442; x_wconf 81' lang='grc' dir='ltr'>μαθηταί.</span> <span class='ocrx_word' id='word_1_90' title='bbox 784 1370 847 1422; x_wconf 82' lang='grc' dir='ltr'><strong>Εἰ</strong></span> <span class='ocrx_word' id='word_1_91' title='bbox 875 1368 951 1432; x_wconf 86' lang='grc' dir='ltr'>ὡς</span> <span class='ocrx_word' id='word_1_92' title='bbox 986 1369 1015 1421; x_wconf 87' lang='lat'>6</span> <span class='ocrx_word' id='word_1_93' title='bbox 1058 1368 1208 1437; x_wconf 80' lang='grc' dir='ltr'>ἥλιος</span> <span class='ocrx_word' id='word_1_94' title='bbox 1242 1366 1512 1438; x_wconf 76' lang='grc' dir='ltr'>ἔλαμψεν,</span> <span class='ocrx_word' id='word_1_95' title='bbox 1545 1364 1645 1417; x_wconf 91' lang='grc' dir='ltr'>οὐκ</span> <span class='ocrx_word' id='word_1_96' title='bbox 1671 1362 1737 1417; x_wconf 84' lang='grc' dir='ltr'>ἂν</span> <span class='ocrx_word' id='word_1_97' title='bbox 1760 1363 1989 1416; x_wconf 77' lang='grc' dir='ltr'><strong>ἔπιπτον</strong></span> 
     </span>
    </p>
   </div>
   <div class='ocr_carea' id='block_1_13' title="bbox 398 1446 1990 1527">
    <p class='ocr_par' dir='ltr' id='par_1_13' title="bbox 398 1446 1990 1527">
     <span class='ocr_line' id='line_1_13' title="bbox 398 1446 1990 1527; baseline -0.006 -19"><span class='ocrx_word' id='word_1_98' title='bbox 398 1457 445 1508; x_wconf 87' lang='grc' dir='ltr'>οἱ</span> <span class='ocrx_word' id='word_1_99' title='bbox 472 1453 745 1527; x_wconf 78' lang='grc' dir='ltr'>μαθηταί·</span> <span class='ocrx_word' id='word_1_100' title='bbox 777 1453 928 1524; x_wconf 75' lang='grc' dir='ltr'>ἥλιον</span> <span class='ocrx_word' id='word_1_101' title='bbox 963 1450 1071 1523; x_wconf 85' lang='grc' dir='ltr'>γάρ</span> <span class='ocrx_word' id='word_1_102' title='bbox 1104 1450 1330 1504; x_wconf 80' lang='grc' dir='ltr'>ἔϐλεπον</span> <span class='ocrx_word' id='word_1_103' title='bbox 1358 1450 1478 1503; x_wconf 74' lang='grc' dir='ltr'>καθ’</span> <span class='ocrx_word' id='word_1_104' title='bbox 1498 1448 1736 1520; x_wconf 81' lang='grc' dir='ltr'>ἡμέραν,</span> <span class='ocrx_word' id='word_1_105' title='bbox 1766 1448 1859 1501; x_wconf 73' lang='grc' dir='ltr'>καὶ</span> <span class='ocrx_word' id='word_1_106' title='bbox 1889 1446 1990 1500; x_wconf 87' lang='grc' dir='ltr'>οὐκ</span> 
     </span>
    </p>
   </div>
   <div class='ocr_carea' id='block_1_14' title="bbox 300 1530 1990 1606">
    <p class='ocr_par' dir='ltr' id='par_1_14' title="bbox 300 1530 1990 1606">
     <span class='ocr_line' id='line_1_14' title="bbox 300 1530 1990 1606; baseline -0.005 -14"><span class='ocrx_word' id='word_1_107' title='bbox 300 1537 311 1548; x_wconf 84' lang='grc'><em>’</em></span> <span class='ocrx_word' id='word_1_108' title='bbox 400 1539 646 1592; x_wconf 77' lang='grc' dir='ltr'>ἔπιπτον·</span> <span class='ocrx_word' id='word_1_109' title='bbox 666 1538 776 1591; x_wconf 86' lang='grc' dir='ltr'>ἀλλ’</span> <span class='ocrx_word' id='word_1_110' title='bbox 800 1536 987 1606; x_wconf 81' lang='grc' dir='ltr'>ἐπειδὴ</span> <span class='ocrx_word' id='word_1_111' title='bbox 1017 1536 1156 1606; x_wconf 78' lang='grc' dir='ltr'>ὑπὲρ</span> <span class='ocrx_word' id='word_1_112' title='bbox 1185 1533 1276 1587; x_wconf 82' lang='grc' dir='ltr'>τὸν</span> <span class='ocrx_word' id='word_1_113' title='bbox 1305 1534 1455 1603; x_wconf 83' lang='grc' dir='ltr'>ἥλιον</span> <span class='ocrx_word' id='word_1_114' title='bbox 1478 1532 1708 1601; x_wconf 70' lang='grc' dir='ltr'>ἔλαμψε,</span> <span class='ocrx_word' id='word_1_115' title='bbox 1732 1532 1827 1585; x_wconf 81' lang='grc' dir='ltr'>καὶ</span> <span class='ocrx_word' id='word_1_116' title='bbox 1851 1530 1990 1601; x_wconf 80' lang='grc' dir='ltr'>ὑπὲρ</span> 
     </span>
    </p>
   </div>
   <div class='ocr_carea' id='block_1_15' title="bbox 399 1615 1991 1695">
    <p class='ocr_par' dir='ltr' id='par_1_15' title="bbox 399 1615 1991 1695">
     <span class='ocr_line' id='line_1_15' title="bbox 399 1615 1991 1695; baseline -0.008 -16"><span class='ocrx_word' id='word_1_117' title='bbox 399 1623 497 1695; x_wconf 79' lang='grc' dir='ltr'>τὴν</span> <span class='ocrx_word' id='word_1_118' title='bbox 525 1623 699 1694; x_wconf 87' lang='grc' dir='ltr'>χιόνα,</span> <span class='ocrx_word' id='word_1_119' title='bbox 724 1622 811 1675; x_wconf 79' lang='grc' dir='ltr'>διὰ</span> <span class='ocrx_word' id='word_1_120' title='bbox 826 1621 983 1675; x_wconf 89' lang='grc' dir='ltr'>τοῦτο</span> <span class='ocrx_word' id='word_1_121' title='bbox 1008 1620 1082 1693; x_wconf 75' lang='grc' dir='ltr'>μὴ</span> <span class='ocrx_word' id='word_1_122' title='bbox 1114 1619 1370 1691; x_wconf 83' lang='grc' dir='ltr'>φέροντες</span> <span class='ocrx_word' id='word_1_123' title='bbox 1401 1617 1500 1689; x_wconf 88' lang='grc' dir='ltr'>τὴν</span> <span class='ocrx_word' id='word_1_124' title='bbox 1523 1615 1841 1688; x_wconf 86' lang='grc' dir='ltr'>λαμπηδόνα</span> <span class='ocrx_word' id='word_1_125' title='bbox 1858 1656 1872 1679; x_wconf 93' lang='grc'>,</span> <span class='ocrx_word' id='word_1_126' title='bbox 1898 1632 1991 1668; x_wconf 88' lang='grc' dir='ltr'>κα-</span> 
     </span>
    </p>
   </div>
   <div class='ocr_carea' id='block_1_16' title="bbox 398 1709 652 1762">
    <p class='ocr_par' dir='ltr' id='par_1_16' title="bbox 398 1709 652 1762">
     <span class='ocr_line' id='line_1_16' title="bbox 398 1709 652 1762; baseline -0.008 0"><span class='ocrx_word' id='word_1_127' title='bbox 398 1709 458 1762; x_wconf 87' lang='grc' dir='ltr'>τέ</span> <span class='ocrx_word' id='word_1_128' title='bbox 468 1726 531 1761; x_wconf 91' lang='grc' dir='ltr'>πε</span> <span class='ocrx_word' id='word_1_129' title='bbox 540 1725 629 1761; x_wconf 92' lang='grc' dir='ltr'>σον</span> <span class='ocrx_word' id='word_1_130' title='bbox 639 1746 652 1760; x_wconf 94' lang='grc'>.</span> 
     </span>
    </p>
   </div>
   <div class='ocr_carea' id='block_1_17' title="bbox 475 1780 1989 1862">
    <p class='ocr_par' dir='ltr' id='par_1_17' title="bbox 475 1780 1989 1862">
     <span class='ocr_line' id='line_1_17' title="bbox 475 1780 1989 1862; baseline -0.007 -18"><span class='ocrx_word' id='word_1_131' title='bbox 475 1799 561 1847; x_wconf 87' lang='grc' dir='ltr'>ια’,</span> <span class='ocrx_word' id='word_1_132' title='bbox 600 1790 732 1845; x_wconf 78' lang='grc' dir='ltr'>Εἰπέ</span> <span class='ocrx_word' id='word_1_133' title='bbox 763 1808 853 1862; x_wconf 89' lang='grc' dir='ltr'>μοι</span> <span class='ocrx_word' id='word_1_134' title='bbox 890 1783 1001 1854; x_wconf 78' lang='grc' dir='ltr'>οὖν,</span> <span class='ocrx_word' id='word_1_135' title='bbox 1038 1782 1083 1842; x_wconf 80' lang='grc' dir='ltr'><strong>ὦ</strong></span> <span class='ocrx_word' id='word_1_136' title='bbox 1116 1783 1505 1855; x_wconf 70' lang='grc' dir='ltr'>εὐαγγελιστά,</span> <span class='ocrx_word' id='word_1_137' title='bbox 1543 1783 1686 1855; x_wconf 81' lang='grc' dir='ltr'>ὑπὲρ</span> <span class='ocrx_word' id='word_1_138' title='bbox 1721 1780 1812 1836; x_wconf 70' lang='grc' dir='ltr'>τὸν</span> <span class='ocrx_word' id='word_1_139' title='bbox 1839 1780 1989 1853; x_wconf 77' lang='grc' dir='ltr'>ἥλιον</span> 
     </span>
    </p>
   </div>
   <div class='ocr_carea' id='block_1_18' title="bbox 402 1864 1990 1947">
    <p class='ocr_par' dir='ltr' id='par_1_18' title="bbox 402 1864 1990 1947">
     <span class='ocr_line' id='line_1_18' title="bbox 402 1864 1990 1947; baseline -0.008 -20"><span class='ocrx_word' id='word_1_140' title='bbox 402 1874 631 1947; x_wconf 76' lang='grc' dir='ltr'>ἔλαμψε,</span> <span class='ocrx_word' id='word_1_141' title='bbox 662 1874 757 1927; x_wconf 74' lang='grc' dir='ltr'>καὶ</span> <span class='ocrx_word' id='word_1_142' title='bbox 782 1874 847 1927; x_wconf 75' lang='grc' dir='ltr'>σὺ</span> <span class='ocrx_word' id='word_1_143' title='bbox 872 1872 1072 1941; x_wconf 83' lang='grc' dir='ltr'>λέγεις·</span> <span class='ocrx_word' id='word_1_144' title='bbox 1115 1870 1216 1935; x_wconf 79' lang='grc' dir='ltr'>Ὠς</span> <span class='ocrx_word' id='word_1_145' title='bbox 1241 1873 1274 1924; x_wconf 85' lang='grc' dir='ltr'>ό</span> <span class='ocrx_word' id='word_1_146' title='bbox 1304 1869 1515 1937; x_wconf 69' lang='grc' dir='ltr'>ἣλιος-ς</span> <span class='ocrx_word' id='word_1_147' title='bbox 1544 1866 1677 1920; x_wconf 86' lang='grc' dir='ltr'>Ναί·</span> <span class='ocrx_word' id='word_1_148' title='bbox 1713 1864 1990 1936; x_wconf 81' lang='grc' dir='ltr'>γνὼριμόν</span> 
     </span>
    </p>
   </div>
   <div class='ocr_carea' id='block_1_19' title="bbox 402 1949 1992 2026">
    <p class='ocr_par' dir='ltr' id='par_1_19' title="bbox 402 1949 1992 2026">
     <span class='ocr_line' id='line_1_19' title="bbox 402 1949 1992 2026; baseline -0.008 -14"><span class='ocrx_word' id='word_1_149' title='bbox 402 1977 485 2012; x_wconf 89' lang='grc' dir='ltr'>σοι</span> <span class='ocrx_word' id='word_1_150' title='bbox 525 1958 696 2012; x_wconf 85' lang='grc' dir='ltr'>θέλων</span> <span class='ocrx_word' id='word_1_151' title='bbox 722 1958 948 2026; x_wconf 80' lang='grc' dir='ltr'>ποιῆσαι</span> <span class='ocrx_word' id='word_1_152' title='bbox 976 1956 1037 2009; x_wconf 79' lang='grc' dir='ltr'>τὸ</span> <span class='ocrx_word' id='word_1_153' title='bbox 1061 1953 1199 2023; x_wconf 83' lang='grc' dir='ltr'>φῶς,</span> <span class='ocrx_word' id='word_1_154' title='bbox 1229 1954 1330 2006; x_wconf 88' lang='grc' dir='ltr'>οὐκ</span> <span class='ocrx_word' id='word_1_155' title='bbox 1360 1951 1469 2022; x_wconf 88' lang='grc' dir='ltr'>ἔχω</span> <span class='ocrx_word' id='word_1_156' title='bbox 1494 1950 1622 2004; x_wconf 78' lang='grc' dir='ltr'>ἄλλο</span> <span class='ocrx_word' id='word_1_157' title='bbox 1643 1949 1840 2019; x_wconf 76' lang='grc' dir='ltr'>ἄστρον</span> <span class='ocrx_word' id='word_1_158' title='bbox 1877 1950 1992 2018; x_wconf 88' lang='grc' dir='ltr'>μεῖ-</span> 
     </span>
    </p>
   </div>
   <div class='ocr_carea' id='block_1_20' title="bbox 400 2030 1990 2111">
    <p class='ocr_par' dir='ltr' id='par_1_20' title="bbox 400 2030 1990 2111">
     <span class='ocr_line' id='line_1_20' title="bbox 400 2030 1990 2111; baseline -0.008 -16"><span class='ocrx_word' id='word_1_159' title='bbox 400 2044 515 2108; x_wconf 82' lang='grc' dir='ltr'>ζον,</span> <span class='ocrx_word' id='word_1_160' title='bbox 550 2043 649 2095; x_wconf 90' lang='grc' dir='ltr'>οὐκ</span> <span class='ocrx_word' id='word_1_161' title='bbox 679 2041 787 2111; x_wconf 86' lang='grc' dir='ltr'>ἔχω</span> <span class='ocrx_word' id='word_1_162' title='bbox 820 2039 985 2109; x_wconf 79' lang='grc' dir='ltr'>ἀλλην</span> <span class='ocrx_word' id='word_1_163' title='bbox 1023 2037 1209 2092; x_wconf 82' lang='grc' dir='ltr'>εἰκόνα</span> <span class='ocrx_word' id='word_1_164' title='bbox 1235 2036 1334 2106; x_wconf 83' lang='grc' dir='ltr'>τὴν</span> <span class='ocrx_word' id='word_1_165' title='bbox 1365 2038 1423 2088; x_wconf 86' lang='grc' dir='ltr'>ἐν</span> <span class='ocrx_word' id='word_1_166' title='bbox 1450 2036 1565 2100; x_wconf 72' lang='grc' dir='ltr'>τοῖς</span> <span class='ocrx_word' id='word_1_167' title='bbox 1598 2035 1817 2103; x_wconf 80' lang='grc' dir='ltr'>ἄστροις</span> <span class='ocrx_word' id='word_1_168' title='bbox 1842 2030 1990 2101; x_wconf 89' lang='grc' dir='ltr'>βασι-</span> 
     </span>
    </p>
   </div>
   <div class='ocr_carea' id='block_1_21' title="bbox 401 2112 1988 2190">
    <p class='ocr_par' dir='ltr' id='par_1_21' title="bbox 401 2112 1988 2190">
     <span class='ocr_line' id='line_1_21' title="bbox 401 2112 1988 2190; baseline -0.008 -13"><span class='ocrx_word' id='word_1_169' title='bbox 401 2125 684 2178; x_wconf 86' lang='grc' dir='ltr'>λεύουσαν.</span> <span class='ocrx_word' id='word_1_170' title='bbox 720 2122 906 2175; x_wconf 85' lang='grc' dir='ltr'>Ταῦτα</span> <span class='ocrx_word' id='word_1_171' title='bbox 940 2116 1115 2186; x_wconf 78' lang='grc' dir='ltr'>εἶπον,</span> <span class='ocrx_word' id='word_1_172' title='bbox 1153 2120 1241 2173; x_wconf 79' lang='grc' dir='ltr'>ἵνα</span> <span class='ocrx_word' id='word_1_173' title='bbox 1286 2117 1361 2190; x_wconf 84' lang='grc' dir='ltr'>μὴ</span> <span class='ocrx_word' id='word_1_174' title='bbox 1388 2120 1454 2189; x_wconf 83' lang='grc' dir='ltr'>τῇ</span> <span class='ocrx_word' id='word_1_175' title='bbox 1495 2115 1741 2187; x_wconf 78' lang='grc' dir='ltr'>εὐτελείᾳ</span> <span class='ocrx_word' id='word_1_176' title='bbox 1765 2113 1864 2184; x_wconf 83' lang='grc' dir='ltr'>τῆς</span> <span class='ocrx_word' id='word_1_177' title='bbox 1896 2112 1988 2166; x_wconf 88' lang='grc' dir='ltr'>λέ-</span> 
     </span>
    </p>
   </div>
   <div class='ocr_carea' id='block_1_22' title="bbox 400 2198 1988 2278">
    <p class='ocr_par' dir='ltr' id='par_1_22' title="bbox 400 2198 1988 2278">
     <span class='ocr_line' id='line_1_22' title="bbox 400 2198 1988 2278; baseline -0.006 -19"><span class='ocrx_word' id='word_1_178' title='bbox 400 2208 535 2273; x_wconf 81' lang='grc' dir='ltr'>ξεως</span> <span class='ocrx_word' id='word_1_179' title='bbox 574 2207 961 2278; x_wconf 83' lang='grc' dir='ltr'>ἐναπομείνῃς.</span> <span class='ocrx_word' id='word_1_180' title='bbox 1000 2203 1219 2269; x_wconf 80' lang='grc' dir='ltr'>Ἔδειξά</span> <span class='ocrx_word' id='word_1_181' title='bbox 1259 2220 1340 2256; x_wconf 92' lang='grc' dir='ltr'>σοι</span> <span class='ocrx_word' id='word_1_182' title='bbox 1383 2201 1446 2254; x_wconf 81' lang='grc' dir='ltr'>τὸ</span> <span class='ocrx_word' id='word_1_183' title='bbox 1481 2200 1684 2271; x_wconf 81' lang='grc' dir='ltr'>πτῶμα</span> <span class='ocrx_word' id='word_1_184' title='bbox 1731 2198 1839 2250; x_wconf 88' lang='grc' dir='ltr'>τῶν</span> <span class='ocrx_word' id='word_1_185' title='bbox 1881 2215 1988 2268; x_wconf 88' lang='grc' dir='ltr'>μα-</span> 
     </span>
    </p>
   </div>
   <div class='ocr_carea' id='block_1_23' title="bbox 400 2280 1988 2362">
    <p class='ocr_par' dir='ltr' id='par_1_23' title="bbox 400 2280 1988 2362">
     <span class='ocr_line' id='line_1_23' title="bbox 400 2280 1988 2362; baseline -0.006 -19"><span class='ocrx_word' id='word_1_186' title='bbox 400 2292 600 2362; x_wconf 86' lang='grc' dir='ltr'>θητῶν.</span> <span class='ocrx_word' id='word_1_187' title='bbox 654 2292 889 2343; x_wconf 85' lang='grc' dir='ltr'>Ἔπεσον</span> <span class='ocrx_word' id='word_1_188' title='bbox 938 2290 1154 2360; x_wconf 78' lang='grc' dir='ltr'>χαμαὶ,</span> <span class='ocrx_word' id='word_1_189' title='bbox 1193 2288 1289 2341; x_wconf 74' lang='grc' dir='ltr'>καὶ</span> <span class='ocrx_word' id='word_1_190' title='bbox 1332 2284 1713 2354; x_wconf 82' lang='grc' dir='ltr'>ἐκαρὼθησαν,</span> <span class='ocrx_word' id='word_1_191' title='bbox 1739 2280 1836 2335; x_wconf 70' lang='grc' dir='ltr'>καὶ</span> <span class='ocrx_word' id='word_1_192' title='bbox 1886 2298 1988 2334; x_wconf 89' lang='grc' dir='ltr'>κα-</span> 
     </span>
    </p>
   </div>
   <div class='ocr_carea' id='block_1_24' title="bbox 398 2363 1985 2443">
    <p class='ocr_par' dir='ltr' id='par_1_24' title="bbox 398 2363 1985 2443">
     <span class='ocr_line' id='line_1_24' title="bbox 398 2363 1985 2443; baseline -0.007 -18"><span class='ocrx_word' id='word_1_193' title='bbox 398 2373 749 2443; x_wconf 82' lang='grc' dir='ltr'>τεχώννυντο.</span> <span class='ocrx_word' id='word_1_194' title='bbox 806 2371 1150 2438; x_wconf 64' lang='grc' dir='ltr'>Ἀνάστηω,</span> <span class='ocrx_word' id='word_1_195' title='bbox 1176 2370 1346 2437; x_wconf 81' lang='grc' dir='ltr'>λέγει,</span> <span class='ocrx_word' id='word_1_196' title='bbox 1375 2368 1468 2421; x_wconf 76' lang='grc' dir='ltr'>καὶ</span> <span class='ocrx_word' id='word_1_197' title='bbox 1498 2368 1720 2437; x_wconf 78' lang='grc' dir='ltr'>ἡγειρεν</span> <span class='ocrx_word' id='word_1_198' title='bbox 1750 2363 1947 2426; x_wconf 75' lang='grc' dir='ltr'>αὐτοὺς</span> <span class='ocrx_word' id='word_1_199' title='bbox 1971 2403 1985 2425; x_wconf 92' lang='grc'>,</span> 
     </span>
    </p>
   </div>
   <div class='ocr_carea' id='block_1_25' title="bbox 401 2446 1988 2527">
    <p class='ocr_par' dir='ltr' id='par_1_25' title="bbox 401 2446 1988 2527">
     <span class='ocr_line' id='line_1_25' title="bbox 401 2446 1988 2527; baseline 0.001 -19"><span class='ocrx_word' id='word_1_200' title='bbox 401 2458 499 2509; x_wconf 75' lang='grc' dir='ltr'>καὶ</span> <span class='ocrx_word' id='word_1_201' title='bbox 552 2452 696 2527; x_wconf 78' lang='grc' dir='ltr'>ἦσαν</span> <span class='ocrx_word' id='word_1_202' title='bbox 752 2456 1138 2527; x_wconf 89' lang='grc' dir='ltr'>βεϐαρημένοι.</span> <span class='ocrx_word' id='word_1_203' title='bbox 1195 2453 1309 2521; x_wconf 84' lang='grc' dir='ltr'>Τὴν</span> <span class='ocrx_word' id='word_1_204' title='bbox 1353 2450 1463 2523; x_wconf 80' lang='grc' dir='ltr'>γάρ</span> <span class='ocrx_word' id='word_1_205' title='bbox 1532 2446 1841 2521; x_wconf 84' lang='grc' dir='ltr'>ὑπερϐολὴν</span> <span class='ocrx_word' id='word_1_206' title='bbox 1886 2446 1988 2516; x_wconf 83' lang='grc' dir='ltr'>τῆς</span> 
     </span>
    </p>
   </div>
   <div class='ocr_carea' id='block_1_26' title="bbox 402 2529 1987 2609">
    <p class='ocr_par' dir='ltr' id='par_1_26' title="bbox 402 2529 1987 2609">
     <span class='ocr_line' id='line_1_26' title="bbox 402 2529 1987 2609; baseline -0.006 -18"><span class='ocrx_word' id='word_1_207' title='bbox 402 2540 746 2609; x_wconf 72' lang='grc' dir='ltr'>λαμπηδόνος</span> <span class='ocrx_word' id='word_1_208' title='bbox 790 2539 891 2592; x_wconf 84' lang='grc' dir='ltr'>οὐκ</span> <span class='ocrx_word' id='word_1_209' title='bbox 937 2538 1205 2609; x_wconf 74' lang='grc' dir='ltr'>ἡνεγκαν,</span> <span class='ocrx_word' id='word_1_210' title='bbox 1246 2533 1384 2588; x_wconf 85' lang='grc' dir='ltr'>άλλά</span> <span class='ocrx_word' id='word_1_211' title='bbox 1425 2535 1597 2605; x_wconf 82' lang='grc' dir='ltr'>κάρος</span> <span class='ocrx_word' id='word_1_212' title='bbox 1647 2529 1806 2583; x_wconf 84' lang='grc' dir='ltr'>ἔλαϐε</span> <span class='ocrx_word' id='word_1_213' title='bbox 1862 2530 1987 2591; x_wconf 73' lang='grc' dir='ltr'>τοὺς</span> 
     </span>
    </p>
   </div>
   <div class='ocr_carea' id='block_1_27' title="bbox 398 2612 1987 2693">
    <p class='ocr_par' dir='ltr' id='par_1_27' title="bbox 398 2612 1987 2693">
     <span class='ocr_line' id='line_1_27' title="bbox 398 2612 1987 2693; baseline -0.007 -18"><span class='ocrx_word' id='word_1_214' title='bbox 398 2620 711 2693; x_wconf 66' lang='grc' dir='ltr'>ὀφθαλμοὺς</span> <span class='ocrx_word' id='word_1_215' title='bbox 753 2621 967 2675; x_wconf 89' lang='grc' dir='ltr'>αὐτῶν·</span> <span class='ocrx_word' id='word_1_216' title='bbox 1000 2619 1163 2673; x_wconf 62' lang='grc' dir='ltr'>υοὺτω</span> <span class='ocrx_word' id='word_1_217' title='bbox 1208 2617 1269 2672; x_wconf 84' lang='grc' dir='ltr'>τὸ</span> <span class='ocrx_word' id='word_1_218' title='bbox 1312 2617 1635 2687; x_wconf 80' lang='grc' dir='ltr'>φαινόμενον</span> <span class='ocrx_word' id='word_1_219' title='bbox 1684 2612 1801 2684; x_wconf 82' lang='grc' dir='ltr'>φῶς</span> <span class='ocrx_word' id='word_1_220' title='bbox 1847 2612 1987 2682; x_wconf 81' lang='grc' dir='ltr'>ὑπὲρ</span> 
     </span>
    </p>
   </div>
   <div class='ocr_carea' id='block_1_28' title="bbox 397 2694 1986 2775">
    <p class='ocr_par' dir='ltr' id='par_1_28' title="bbox 397 2694 1986 2775">
     <span class='ocr_line' id='line_1_28' title="bbox 397 2694 1986 2775; baseline -0.006 -17"><span class='ocrx_word' id='word_1_221' title='bbox 397 2705 489 2758; x_wconf 71' lang='grc' dir='ltr'>τὸν</span> <span class='ocrx_word' id='word_1_222' title='bbox 512 2705 661 2774; x_wconf 76' lang='grc' dir='ltr'>ἥλιον</span> <span class='ocrx_word' id='word_1_223' title='bbox 690 2699 778 2775; x_wconf 82' lang='grc' dir='ltr'>ἦν.</span> <span class='ocrx_word' id='word_1_224' title='bbox 802 2701 935 2756; x_wconf 77' lang='grc' dir='ltr'>Εἷπε</span> <span class='ocrx_word' id='word_1_225' title='bbox 967 2702 1024 2755; x_wconf 87' lang='grc' dir='ltr'>δὲ</span> <span class='ocrx_word' id='word_1_226' title='bbox 1060 2704 1088 2755; x_wconf 83' lang='lat'>6</span> <span class='ocrx_word' id='word_1_227' title='bbox 1118 2700 1530 2769; x_wconf 75' lang='grc' dir='ltr'>εὐαγγελιστὴς,</span> <span class='ocrx_word' id='word_1_228' title='bbox 1565 2699 1662 2763; x_wconf 85' lang='grc' dir='ltr'>Ὠς</span> <span class='ocrx_word' id='word_1_229' title='bbox 1687 2700 1718 2750; x_wconf 81' lang='grc' dir='ltr'><em>ὁ</em></span> <span class='ocrx_word' id='word_1_230' title='bbox 1748 2694 1986 2763; x_wconf 67' lang='grc' dir='ltr'>ἣλιος-α,</span> 
     </span>
    </p>
   </div>
   <div class='ocr_carea' id='block_1_29' title="bbox 399 2777 1988 2858">
    <p class='ocr_par' dir='ltr' id='par_1_29' title="bbox 399 2777 1988 2858">
     <span class='ocr_line' id='line_1_29' title="bbox 399 2777 1988 2858; baseline -0.006 -18"><span class='ocrx_word' id='word_1_231' title='bbox 399 2788 585 2858; x_wconf 80' lang='grc' dir='ltr'>ἐπειδὴ</span> <span class='ocrx_word' id='word_1_232' title='bbox 617 2787 677 2839; x_wconf 81' lang='grc' dir='ltr'>τδ</span> <span class='ocrx_word' id='word_1_233' title='bbox 723 2786 922 2855; x_wconf 77' lang='grc' dir='ltr'>ἄστρον</span> <span class='ocrx_word' id='word_1_234' title='bbox 962 2782 1122 2838; x_wconf 69' lang='grc' dir='ltr'>τοῦτο</span> <span class='ocrx_word' id='word_1_235' title='bbox 1153 2782 1427 2855; x_wconf 84' lang='grc' dir='ltr'>γνώριμον</span> <span class='ocrx_word' id='word_1_236' title='bbox 1482 2783 1616 2853; x_wconf 88' lang='grc' dir='ltr'>ἡμῖν</span> <span class='ocrx_word' id='word_1_237' title='bbox 1668 2781 1786 2832; x_wconf 83' lang='grc' dir='ltr'>ἐστι</span> <span class='ocrx_word' id='word_1_238' title='bbox 1812 2817 1828 2841; x_wconf 91' lang='grc'>,</span> <span class='ocrx_word' id='word_1_239' title='bbox 1892 2777 1988 2830; x_wconf 69' lang='grc' dir='ltr'>καὶ</span> 
     </span>
    </p>
   </div>
   <div class='ocr_carea' id='block_1_30' title="bbox 395 2858 1989 2943">
    <p class='ocr_par' dir='ltr' id='par_1_30' title="bbox 395 2858 1989 2943">
     <span class='ocr_line' id='line_1_30' title="bbox 395 2858 1989 2943; baseline -0.006 -19"><span class='ocrx_word' id='word_1_240' title='bbox 395 2873 458 2927; x_wconf 84' lang='grc' dir='ltr'>ὲν</span> <span class='ocrx_word' id='word_1_241' title='bbox 508 2873 781 2943; x_wconf 82' lang='grc' dir='ltr'>ὑπερϐολῇ</span> <span class='ocrx_word' id='word_1_242' title='bbox 832 2869 941 2924; x_wconf 88' lang='grc' dir='ltr'>τῶν</span> <span class='ocrx_word' id='word_1_243' title='bbox 984 2867 1188 2922; x_wconf 79' lang='grc' dir='ltr'>λοιπῶν</span> <span class='ocrx_word' id='word_1_244' title='bbox 1237 2865 1454 2938; x_wconf 78' lang='grc' dir='ltr'>ἄστρων</span> <span class='ocrx_word' id='word_1_245' title='bbox 1512 2863 1786 2918; x_wconf 85' lang='grc' dir='ltr'>ἁπάντων.</span> <span class='ocrx_word' id='word_1_246' title='bbox 1830 2858 1989 2925; x_wconf 84' lang='grc' dir='ltr'>Ἀλλ’,</span> 
     </span>
    </p>
   </div>
   <div class='ocr_carea' id='block_1_31' title="bbox 395 2944 1984 3025">
    <p class='ocr_par' dir='ltr' id='par_1_31' title="bbox 395 2944 1984 3025">
     <span class='ocr_line' id='line_1_31' title="bbox 395 2944 1984 3025; baseline -0.007 -18"><span class='ocrx_word' id='word_1_247' title='bbox 395 2955 534 3025; x_wconf 81' lang='grc' dir='ltr'>ὅπερ</span> <span class='ocrx_word' id='word_1_248' title='bbox 568 2955 772 3020; x_wconf 82' lang='grc' dir='ltr'>ἔλεγον,</span> <span class='ocrx_word' id='word_1_249' title='bbox 820 2955 849 3007; x_wconf 91' lang='lat'>6</span> <span class='ocrx_word' id='word_1_250' title='bbox 891 2951 1145 3014; x_wconf 83' lang='grc' dir='ltr'>τοσοῦτος</span> <span class='ocrx_word' id='word_1_251' title='bbox 1182 2950 1275 3005; x_wconf 68' lang='grc' dir='ltr'>καὶ</span> <span class='ocrx_word' id='word_1_252' title='bbox 1304 2948 1621 3025; x_wconf 71' lang='grc' dir='ltr'>τηλικοῦτος</span> <span class='ocrx_word' id='word_1_253' title='bbox 1666 2944 1984 3016; x_wconf 73' lang='grc' dir='ltr'>ἐπεθύμησε</span> 
     </span>
    </p>
   </div>
   <div class='ocr_carea' id='block_1_32' title="bbox 398 3020 1983 3110">
    <p class='ocr_par' dir='ltr' id='par_1_32' title="bbox 398 3020 1983 3110">
     <span class='ocr_line' id='line_1_32' title="bbox 398 3020 1983 3110; baseline -0.009 -16"><span class='ocrx_word' id='word_1_254' title='bbox 398 3020 621 3110; x_wconf 75' lang='grc' dir='ltr'>πόρνης.</span> <span class='ocrx_word' id='word_1_255' title='bbox 679 3034 895 3107; x_wconf 78' lang='grc' dir='ltr'>Πόρνης</span> <span class='ocrx_word' id='word_1_256' title='bbox 946 3033 1213 3105; x_wconf 74' lang='grc' dir='ltr'>ἐπεθύμει</span> <span class='ocrx_word' id='word_1_257' title='bbox 1256 3035 1286 3086; x_wconf 96' lang='lat'>6</span> <span class='ocrx_word' id='word_1_258' title='bbox 1339 3031 1507 3110; x_wconf 75' lang='grc' dir='ltr'>Θεόςς</span> <span class='ocrx_word' id='word_1_259' title='bbox 1558 3020 1700 3093; x_wconf 83' lang='lat' dir='ltr'><strong>Nal,</strong></span> <span class='ocrx_word' id='word_1_260' title='bbox 1755 3030 1983 3110; x_wconf 80' lang='grc' dir='ltr'>πόρνης·</span> 
     </span>
    </p>
   </div>
   <div class='ocr_carea' id='block_1_33' title="bbox 393 3106 1987 3191">
    <p class='ocr_par' dir='ltr' id='par_1_33' title="bbox 393 3106 1987 3191">
     <span class='ocr_line' id='line_1_33' title="bbox 393 3106 1987 3191; baseline -0.009 -17"><span class='ocrx_word' id='word_1_261' title='bbox 393 3106 494 3191; x_wconf 76' lang='grc' dir='ltr'>τῆς</span> <span class='ocrx_word' id='word_1_262' title='bbox 550 3106 777 3189; x_wconf 18' lang='grc' dir='ltr'>ιρύσεωςί</span> <span class='ocrx_word' id='word_1_263' title='bbox 808 3116 1085 3188; x_wconf 87' lang='grc' dir='ltr'>ἡμετέρας</span> <span class='ocrx_word' id='word_1_264' title='bbox 1134 3114 1299 3183; x_wconf 92' lang='grc' dir='ltr'>λέγω.</span> <span class='ocrx_word' id='word_1_265' title='bbox 1367 3106 1584 3184; x_wconf 78' lang='grc' dir='ltr'>Πόρνης</span> <span class='ocrx_word' id='word_1_266' title='bbox 1643 3109 1911 3180; x_wconf 77' lang='grc' dir='ltr'>ἐπεθύμει</span> <span class='ocrx_word' id='word_1_267' title='bbox 1959 3110 1987 3161; x_wconf 91' lang='grc' dir='ltr'>ό</span> 
     </span>
    </p>
   </div>
   <div class='ocr_carea' id='block_1_34' title="bbox 396 3192 1987 3271">
    <p class='ocr_par' dir='ltr' id='par_1_34' title="bbox 396 3192 1987 3271">
     <span class='ocr_line' id='line_1_34' title="bbox 396 3192 1987 3271; baseline -0.009 -14"><span class='ocrx_word' id='word_1_268' title='bbox 396 3204 568 3270; x_wconf 85' lang='grc' dir='ltr'>Θεός;</span> <span class='ocrx_word' id='word_1_269' title='bbox 627 3202 739 3256; x_wconf 87' lang='lat' dir='ltr'>Kal</span> <span class='ocrx_word' id='word_1_270' title='bbox 795 3201 1080 3271; x_wconf 85' lang='grc' dir='ltr'>ἄνθρωπος</span> <span class='ocrx_word' id='word_1_271' title='bbox 1143 3199 1263 3271; x_wconf 78' lang='grc' dir='ltr'>μὲν,</span> <span class='ocrx_word' id='word_1_272' title='bbox 1318 3196 1412 3251; x_wconf 84' lang='grc' dir='ltr'>ἐάν</span> <span class='ocrx_word' id='word_1_273' title='bbox 1468 3194 1789 3265; x_wconf 74' lang='grc' dir='ltr'>ἐπιθυμήσῃ</span> <span class='ocrx_word' id='word_1_274' title='bbox 1853 3192 1987 3271; x_wconf 84' lang='grc' dir='ltr'>πόρ-</span> 
     </span>
    </p>
   </div>
   <div class='ocr_carea' id='block_1_35' title="bbox 397 3268 1989 3358">
    <p class='ocr_par' dir='ltr' id='par_1_35' title="bbox 397 3268 1989 3358">
     <span class='ocr_line' id='line_1_35' title="bbox 397 3268 1989 3358; baseline -0.007 -20"><span class='ocrx_word' id='word_1_275' title='bbox 397 3305 518 3358; x_wconf 81' lang='grc' dir='ltr'>νης,</span> <span class='ocrx_word' id='word_1_276' title='bbox 556 3268 1012 3349; x_wconf 73' lang='grc' dir='ltr'>καταδικάζεται,</span> <span class='ocrx_word' id='word_1_277' title='bbox 1051 3268 1184 3347; x_wconf 72' lang='grc' dir='ltr'>Θεδς</span> <span class='ocrx_word' id='word_1_278' title='bbox 1214 3282 1271 3336; x_wconf 77' lang='grc' dir='ltr'>δὲ</span> <span class='ocrx_word' id='word_1_279' title='bbox 1299 3280 1506 3353; x_wconf 80' lang='grc' dir='ltr'>πόρνης</span> <span class='ocrx_word' id='word_1_280' title='bbox 1554 3277 1842 3348; x_wconf 77' lang='grc' dir='ltr'>ἐπιθυμεῖς</span> <span class='ocrx_word' id='word_1_281' title='bbox 1878 3268 1989 3329; x_wconf 79' lang='lat' dir='ltr'>Kal</span> 
     </span>
    </p>
   </div>
   <div class='ocr_carea' id='block_1_36' title="bbox 397 3359 1991 3438">
    <p class='ocr_par' dir='ltr' id='par_1_36' title="bbox 397 3359 1991 3438">
     <span class='ocr_line' id='line_1_36' title="bbox 397 3359 1991 3438; baseline -0.007 -16"><span class='ocrx_word' id='word_1_282' title='bbox 397 3370 562 3424; x_wconf 83' lang='grc' dir='ltr'>πάνυ.</span> <span class='ocrx_word' id='word_1_283' title='bbox 595 3369 763 3423; x_wconf 83' lang='grc' dir='ltr'>Πάλιν</span> <span class='ocrx_word' id='word_1_284' title='bbox 792 3367 1078 3438; x_wconf 77' lang='grc' dir='ltr'>ἄνθρωπος</span> <span class='ocrx_word' id='word_1_285' title='bbox 1104 3364 1363 3435; x_wconf 79' lang='grc' dir='ltr'>ἐπιθυμεῖ</span> <span class='ocrx_word' id='word_1_286' title='bbox 1388 3364 1416 3404; x_wconf 71' lang='grc' dir='ltr'>ιι</span> <span class='ocrx_word' id='word_1_287' title='bbox 1450 3362 1686 3432; x_wconf 83' lang='grc' dir='ltr'>πόρνης,</span> <span class='ocrx_word' id='word_1_288' title='bbox 1718 3361 1807 3415; x_wconf 85' lang='grc' dir='ltr'>ἴνα</span> <span class='ocrx_word' id='word_1_289' title='bbox 1835 3359 1991 3430; x_wconf 87' lang='grc' dir='ltr'>γένη-</span> 
     </span>
    </p>
   </div>
   <div class='ocr_carea' id='block_1_37' title="bbox 396 3444 1989 3522">
    <p class='ocr_par' dir='ltr' id='par_1_37' title="bbox 396 3444 1989 3522">
     <span class='ocr_line' id='line_1_37' title="bbox 396 3444 1989 3522; baseline -0.007 -17"><span class='ocrx_word' id='word_1_290' title='bbox 396 3469 491 3507; x_wconf 86' lang='grc' dir='ltr'>ται</span> <span class='ocrx_word' id='word_1_291' title='bbox 522 3452 740 3522; x_wconf 78' lang='grc' dir='ltr'>πόρνος.</span> <span class='ocrx_word' id='word_1_292' title='bbox 771 3450 903 3513; x_wconf 75' lang='grc' dir='ltr'>Θεὸς</span> <span class='ocrx_word' id='word_1_293' title='bbox 929 3450 983 3503; x_wconf 86' lang='grc' dir='ltr'>δέ</span> <span class='ocrx_word' id='word_1_294' title='bbox 1008 3449 1269 3520; x_wconf 84' lang='grc' dir='ltr'>ἐπιθυμεῖ</span> <span class='ocrx_word' id='word_1_295' title='bbox 1289 3447 1515 3520; x_wconf 85' lang='grc' dir='ltr'>πόρνης,</span> <span class='ocrx_word' id='word_1_296' title='bbox 1543 3446 1629 3498; x_wconf 83' lang='grc' dir='ltr'>ἵνα</span> <span class='ocrx_word' id='word_1_297' title='bbox 1654 3444 1753 3514; x_wconf 82' lang='grc' dir='ltr'>τὴν</span> <span class='ocrx_word' id='word_1_298' title='bbox 1781 3444 1989 3513; x_wconf 88' lang='grc' dir='ltr'>πόρνην</span> 
     </span>
    </p>
   </div>
   <div class='ocr_carea' id='block_1_38' title="bbox 399 3525 1987 3607">
    <p class='ocr_par' dir='ltr' id='par_1_38' title="bbox 399 3525 1987 3607">
     <span class='ocr_line' id='line_1_38' title="bbox 399 3525 1987 3607; baseline -0.007 -19"><span class='ocrx_word' id='word_1_299' title='bbox 399 3536 669 3607; x_wconf 82' lang='grc' dir='ltr'>παρθένον</span> <span class='ocrx_word' id='word_1_300' title='bbox 691 3535 1016 3607; x_wconf 82' lang='grc' dir='ltr'>ἐργάσηται·</span> <span class='ocrx_word' id='word_1_301' title='bbox 1045 3531 1185 3585; x_wconf 82' lang='grc' dir='ltr'>ὥστε</span> <span class='ocrx_word' id='word_1_302' title='bbox 1210 3534 1243 3603; x_wconf 87' lang='grc' dir='ltr'>ἡ</span> <span class='ocrx_word' id='word_1_303' title='bbox 1269 3529 1533 3600; x_wconf 87' lang='grc' dir='ltr'>ἐπιθυμία</span> <span class='ocrx_word' id='word_1_304' title='bbox 1559 3527 1653 3580; x_wconf 84' lang='grc' dir='ltr'>τοῦ</span> <span class='ocrx_word' id='word_1_305' title='bbox 1675 3525 1987 3597; x_wconf 83' lang='grc' dir='ltr'>ἀνθρώπου,</span> 
     </span>
    </p>
   </div>
   <div class='ocr_carea' id='block_1_39' title="bbox 398 3608 1989 3687">
    <p class='ocr_par' dir='ltr' id='par_1_39' title="bbox 398 3608 1989 3687">
     <span class='ocr_line' id='line_1_39' title="bbox 398 3608 1989 3687; baseline -0.006 -17"><span class='ocrx_word' id='word_1_306' title='bbox 398 3616 645 3671; x_wconf 70' lang='grc' dir='ltr'>ἀπώλεια</span> <span class='ocrx_word' id='word_1_307' title='bbox 674 3617 772 3687; x_wconf 84' lang='grc' dir='ltr'>τῆς</span> <span class='ocrx_word' id='word_1_308' title='bbox 802 3614 1265 3686; x_wconf 81' lang='grc' dir='ltr'>ἐπιθυμουμένης·</span> <span class='ocrx_word' id='word_1_309' title='bbox 1288 3614 1324 3682; x_wconf 74' lang='grc' dir='ltr'>ἡ</span> <span class='ocrx_word' id='word_1_310' title='bbox 1350 3612 1407 3665; x_wconf 88' lang='grc' dir='ltr'>δὲ</span> <span class='ocrx_word' id='word_1_311' title='bbox 1426 3610 1694 3681; x_wconf 84' lang='grc' dir='ltr'>ἐπιθυμία</span> <span class='ocrx_word' id='word_1_312' title='bbox 1713 3608 1807 3662; x_wconf 89' lang='grc' dir='ltr'>τοῦ</span> <span class='ocrx_word' id='word_1_313' title='bbox 1831 3608 1989 3675; x_wconf 73' lang='grc' dir='ltr'>θεοῦ,</span> 
     </span>
    </p>
   </div>
   <div class='ocr_carea' id='block_1_40' title="bbox 402 3692 1992 3771">
    <p class='ocr_par' dir='ltr' id='par_1_40' title="bbox 402 3692 1992 3771">
     <span class='ocr_line' id='line_1_40' title="bbox 402 3692 1992 3771; baseline -0.003 -19"><span class='ocrx_word' id='word_1_314' title='bbox 402 3701 651 3771; x_wconf 88' lang='grc' dir='ltr'>σωτηρία</span> <span class='ocrx_word' id='word_1_315' title='bbox 677 3703 742 3771; x_wconf 81' lang='grc' dir='ltr'>τῇ</span> <span class='ocrx_word' id='word_1_316' title='bbox 773 3698 1217 3771; x_wconf 82' lang='grc' dir='ltr'>ἐπιθυμουμένῃ.</span> <span class='ocrx_word' id='word_1_317' title='bbox 1259 3696 1321 3753; x_wconf 83' lang='grc' dir='ltr'>Ὀ</span> <span class='ocrx_word' id='word_1_318' title='bbox 1346 3693 1597 3759; x_wconf 85' lang='grc' dir='ltr'>τοσοῦτος</span> <span class='ocrx_word' id='word_1_319' title='bbox 1615 3693 1710 3747; x_wconf 78' lang='grc' dir='ltr'>καὶ</span> <span class='ocrx_word' id='word_1_320' title='bbox 1734 3692 1992 3764; x_wconf 80' lang='grc' dir='ltr'>τηλικοῦ-</span> 
     </span>
    </p>
   </div>
   <div class='ocr_carea' id='block_1_41' title="bbox 398 3777 1984 3856">
    <p class='ocr_par' dir='ltr' id='par_1_41' title="bbox 398 3777 1984 3856">
     <span class='ocr_line' id='line_1_41' title="bbox 398 3777 1984 3856; baseline -0.004 -21"><span class='ocrx_word' id='word_1_321' title='bbox 398 3800 488 3847; x_wconf 90' lang='grc' dir='ltr'>τος</span> <span class='ocrx_word' id='word_1_322' title='bbox 522 3783 836 3856; x_wconf 80' lang='grc' dir='ltr'>ἐπεθύμησε</span> <span class='ocrx_word' id='word_1_323' title='bbox 867 3782 1105 3854; x_wconf 76' lang='grc' dir='ltr'>πόρνης;</span> <span class='ocrx_word' id='word_1_324' title='bbox 1138 3780 1250 3835; x_wconf 89' lang='lat' dir='ltr'>Kal</span> <span class='ocrx_word' id='word_1_325' title='bbox 1285 3779 1369 3845; x_wconf 76' lang='grc' dir='ltr'>τίς</span> <span class='ocrx_word' id='word_1_326' title='bbox 1402 3779 1521 3833; x_wconf 83' lang='grc' dir='ltr'>Ἵνα</span> <span class='ocrx_word' id='word_1_327' title='bbox 1544 3777 1768 3848; x_wconf 88' lang='grc' dir='ltr'>γένηται</span> <span class='ocrx_word' id='word_1_328' title='bbox 1794 3777 1823 3830; x_wconf 91' lang='lat'>6</span> <span class='ocrx_word' id='word_1_329' title='bbox 1856 3794 1984 3847; x_wconf 85' lang='grc' dir='ltr'>νυμ-</span> 
     </span>
    </p>
   </div>
   <div class='ocr_carea' id='block_1_42' title="bbox 400 3860 1991 3936">
    <p class='ocr_par' dir='ltr' id='par_1_42' title="bbox 400 3860 1991 3936">
     <span class='ocr_line' id='line_1_42' title="bbox 400 3860 1991 3936; baseline -0.005 -15"><span class='ocrx_word' id='word_1_330' title='bbox 400 3869 542 3936; x_wconf 72' lang='grc' dir='ltr'>φίος.</span> <span class='ocrx_word' id='word_1_331' title='bbox 570 3868 635 3921; x_wconf 89' lang='grc' dir='ltr'>Τί</span> <span class='ocrx_word' id='word_1_332' title='bbox 680 3870 861 3933; x_wconf 75' lang='grc' dir='ltr'>ποιεῖς</span> <span class='ocrx_word' id='word_1_333' title='bbox 897 3865 973 3919; x_wconf 90' lang='grc' dir='ltr'>Οὐ</span> <span class='ocrx_word' id='word_1_334' title='bbox 1007 3865 1218 3935; x_wconf 82' lang='grc' dir='ltr'>πέμπει</span> <span class='ocrx_word' id='word_1_335' title='bbox 1270 3863 1409 3936; x_wconf 75' lang='grc' dir='ltr'>πρὸς</span> <span class='ocrx_word' id='word_1_336' title='bbox 1452 3861 1620 3933; x_wconf 84' lang='grc' dir='ltr'>αὐτὴν</span> <span class='ocrx_word' id='word_1_337' title='bbox 1649 3861 1840 3915; x_wconf 87' lang='grc' dir='ltr'>οὐδένα</span> <span class='ocrx_word' id='word_1_338' title='bbox 1881 3860 1991 3913; x_wconf 91' lang='grc' dir='ltr'>τῶν</span> 
     </span>
    </p>
   </div>
   <div class='ocr_carea' id='block_1_43' title="bbox 398 3942 1993 4019">
    <p class='ocr_par' dir='ltr' id='par_1_43' title="bbox 398 3942 1993 4019">
     <span class='ocr_line' id='line_1_43' title="bbox 398 3942 1993 4019; baseline -0.006 -16"><span class='ocrx_word' id='word_1_339' title='bbox 398 3950 623 4016; x_wconf 90' lang='grc' dir='ltr'>δούλων,</span> <span class='ocrx_word' id='word_1_340' title='bbox 656 3950 715 4005; x_wconf 88' lang='grc' dir='ltr'>οὐ</span> <span class='ocrx_word' id='word_1_341' title='bbox 742 3949 953 4019; x_wconf 86' lang='grc' dir='ltr'>πέμπει</span> <span class='ocrx_word' id='word_1_342' title='bbox 976 3948 1067 4001; x_wconf 78' lang='grc' dir='ltr'>τὸν</span> <span class='ocrx_word' id='word_1_343' title='bbox 1096 3946 1326 4015; x_wconf 79' lang='grc' dir='ltr'>ἄγγελον</span> <span class='ocrx_word' id='word_1_344' title='bbox 1348 3945 1484 4016; x_wconf 79' lang='grc' dir='ltr'>πρὸς</span> <span class='ocrx_word' id='word_1_345' title='bbox 1512 3945 1739 4016; x_wconf 79' lang='grc' dir='ltr'>πόρνην,</span> <span class='ocrx_word' id='word_1_346' title='bbox 1768 3943 1828 3996; x_wconf 88' lang='grc' dir='ltr'>οὐ</span> <span class='ocrx_word' id='word_1_347' title='bbox 1852 3942 1993 4014; x_wconf 82' lang='grc' dir='ltr'>πέμ-</span> 
     </span>
    </p>
   </div>
   <div class='ocr_carea' id='block_1_44' title="bbox 398 4022 1991 4106">
    <p class='ocr_par' dir='ltr' id='par_1_44' title="bbox 398 4022 1991 4106">
     <span class='ocr_line' id='line_1_44' title="bbox 398 4022 1991 4106; baseline -0.006 -16"><span class='ocrx_word' id='word_1_348' title='bbox 398 4048 492 4089; x_wconf 87' lang='grc' dir='ltr'>πει</span> <span class='ocrx_word' id='word_1_349' title='bbox 530 4032 888 4106; x_wconf 87' lang='grc' dir='ltr'>άρχάγγελον,</span> <span class='ocrx_word' id='word_1_350' title='bbox 924 4034 983 4087; x_wconf 93' lang='grc' dir='ltr'>οὐ</span> <span class='ocrx_word' id='word_1_351' title='bbox 1017 4031 1227 4103; x_wconf 79' lang='grc' dir='ltr'>πέμπει</span> <span class='ocrx_word' id='word_1_352' title='bbox 1255 4033 1326 4083; x_wconf 87' lang='grc' dir='ltr'>τά</span> <span class='ocrx_word' id='word_1_353' title='bbox 1350 4026 1655 4101; x_wconf 73' lang='grc' dir='ltr'>Χερουϐὶμ,</span> <span class='ocrx_word' id='word_1_354' title='bbox 1685 4027 1746 4080; x_wconf 90' lang='grc' dir='ltr'>οὐ</span> <span class='ocrx_word' id='word_1_355' title='bbox 1781 4022 1991 4097; x_wconf 78' lang='grc' dir='ltr'>πέμπει</span> 
     </span>
    </p>
   </div>
   <div class='ocr_carea' id='block_1_45' title="bbox 396 4110 1989 4190">
    <p class='ocr_par' dir='ltr' id='par_1_45' title="bbox 396 4110 1989 4190">
     <span class='ocr_line' id='line_1_45' title="bbox 396 4110 1989 4190; baseline -0.006 -18"><span class='ocrx_word' id='word_1_356' title='bbox 396 4120 467 4173; x_wconf 72' lang='grc' dir='ltr'>τά</span> <span class='ocrx_word' id='word_1_357' title='bbox 504 4119 780 4190; x_wconf 72' lang='grc' dir='ltr'>Σεραφίμ·</span> <span class='ocrx_word' id='word_1_358' title='bbox 818 4117 933 4171; x_wconf 85' lang='grc' dir='ltr'>ἀλλ’</span> <span class='ocrx_word' id='word_1_359' title='bbox 968 4116 1133 4179; x_wconf 80' lang='grc' dir='ltr'>αὐτὸς</span> <span class='ocrx_word' id='word_1_360' title='bbox 1167 4112 1532 4185; x_wconf 79' lang='grc' dir='ltr'>παραγίνεται</span> <span class='ocrx_word' id='word_1_361' title='bbox 1560 4115 1589 4166; x_wconf 90' lang='lat'>6</span> <span class='ocrx_word' id='word_1_362' title='bbox 1624 4111 1789 4183; x_wconf 82' lang='grc' dir='ltr'>ἐρῶν.</span> <span class='ocrx_word' id='word_1_363' title='bbox 1821 4110 1989 4164; x_wconf 84' lang='grc' dir='ltr'>Πάλιν</span> 
     </span>
    </p>
   </div>
   <div class='ocr_carea' id='block_1_46' title="bbox 400 4193 1993 4272">
    <p class='ocr_par' dir='ltr' id='par_1_46' title="bbox 400 4193 1993 4272">
     <span class='ocr_line' id='line_1_46' title="bbox 400 4193 1993 4272; baseline -0.005 -19"><span class='ocrx_word' id='word_1_364' title='bbox 400 4203 579 4272; x_wconf 78' lang='grc' dir='ltr'>ἔρωτα</span> <span class='ocrx_word' id='word_1_365' title='bbox 602 4200 861 4263; x_wconf 86' lang='grc' dir='ltr'>ἀκούσας,</span> <span class='ocrx_word' id='word_1_366' title='bbox 892 4199 967 4269; x_wconf 82' lang='grc' dir='ltr'>μὴ</span> <span class='ocrx_word' id='word_1_367' title='bbox 992 4197 1249 4268; x_wconf 82' lang='grc' dir='ltr'>αἰσθητὸν</span> <span class='ocrx_word' id='word_1_368' title='bbox 1274 4193 1486 4264; x_wconf 78' lang='grc' dir='ltr'>νόμιζε.</span> <span class='ocrx_word' id='word_1_369' title='bbox 1513 4194 1747 4262; x_wconf 83' lang='grc' dir='ltr'>Ἐκλεγε</span> <span class='ocrx_word' id='word_1_370' title='bbox 1774 4193 1845 4245; x_wconf 79' lang='grc' dir='ltr'>τά</span> <span class='ocrx_word' id='word_1_371' title='bbox 1872 4194 1993 4264; x_wconf 84' lang='grc' dir='ltr'>νοὴ-</span> 
     </span>
    </p>
   </div>
   <div class='ocr_carea' id='block_1_47' title="bbox 401 4277 1992 4357">
    <p class='ocr_par' dir='ltr' id='par_1_47' title="bbox 401 4277 1992 4357">
     <span class='ocr_line' id='line_1_47' title="bbox 401 4277 1992 4357; baseline -0.004 -20"><span class='ocrx_word' id='word_1_372' title='bbox 401 4301 546 4357; x_wconf 85' lang='grc' dir='ltr'>ματα</span> <span class='ocrx_word' id='word_1_373' title='bbox 577 4283 684 4336; x_wconf 87' lang='grc' dir='ltr'>ἀπὸ</span> <span class='ocrx_word' id='word_1_374' title='bbox 709 4282 817 4336; x_wconf 80' lang='grc' dir='ltr'>τῶν</span> <span class='ocrx_word' id='word_1_375' title='bbox 844 4282 1061 4346; x_wconf 81' lang='grc' dir='ltr'>λέξεων,</span> <span class='ocrx_word' id='word_1_376' title='bbox 1092 4278 1344 4347; x_wconf 87' lang='grc' dir='ltr'>καθάπερ</span> <span class='ocrx_word' id='word_1_377' title='bbox 1370 4277 1567 4349; x_wconf 81' lang='grc' dir='ltr'>ἀρίστη</span> <span class='ocrx_word' id='word_1_378' title='bbox 1609 4277 1835 4348; x_wconf 85' lang='grc' dir='ltr'>μέλιττα</span> <span class='ocrx_word' id='word_1_379' title='bbox 1870 4278 1992 4348; x_wconf 81' lang='grc' dir='ltr'>ἐφι-</span> 
     </span>
    </p>
   </div>
   <div class='ocr_carea' id='block_1_48' title="bbox 399 4359 1989 4440">
    <p class='ocr_par' dir='ltr' id='par_1_48' title="bbox 399 4359 1989 4440">
     <span class='ocr_line' id='line_1_48' title="bbox 399 4359 1989 4440; baseline -0.004 -19"><span class='ocrx_word' id='word_1_380' title='bbox 399 4368 652 4440; x_wconf 73' lang='grc' dir='ltr'>σιτταμένη</span> <span class='ocrx_word' id='word_1_381' title='bbox 682 4368 795 4430; x_wconf 69' lang='grc' dir='ltr'>τοῖς</span> <span class='ocrx_word' id='word_1_382' title='bbox 820 4365 1037 4429; x_wconf 80' lang='grc' dir='ltr'>ἄνθεσι,</span> <span class='ocrx_word' id='word_1_383' title='bbox 1068 4362 1163 4416; x_wconf 75' lang='grc' dir='ltr'>καὶ</span> <span class='ocrx_word' id='word_1_384' title='bbox 1190 4362 1251 4415; x_wconf 83' lang='grc' dir='ltr'>τὸ</span> <span class='ocrx_word' id='word_1_385' title='bbox 1271 4360 1464 4432; x_wconf 84' lang='grc' dir='ltr'>κηρίον</span> <span class='ocrx_word' id='word_1_386' title='bbox 1491 4359 1863 4430; x_wconf 83' lang='grc' dir='ltr'>λαμϐάνουσα,</span> <span class='ocrx_word' id='word_1_387' title='bbox 1892 4361 1989 4425; x_wconf 77' lang='grc' dir='ltr'>τὰς</span> 
     </span>
    </p>
   </div>
   <div class='ocr_carea' id='block_1_49' title="bbox 397 4444 1987 4522">
    <p class='ocr_par' dir='ltr' id='par_1_49' title="bbox 397 4444 1987 4522">
     <span class='ocr_line' id='line_1_49' title="bbox 397 4444 1987 4522; baseline -0.005 -16"><span class='ocrx_word' id='word_1_388' title='bbox 397 4452 456 4506; x_wconf 83' lang='grc' dir='ltr'>δὲ</span> <span class='ocrx_word' id='word_1_389' title='bbox 493 4452 719 4522; x_wconf 82' lang='grc' dir='ltr'>βοτάνας</span> <span class='ocrx_word' id='word_1_390' title='bbox 747 4450 913 4504; x_wconf 82' lang='grc' dir='ltr'>ἐῶσα.</span> <span class='ocrx_word' id='word_1_391' title='bbox 955 4446 1305 4518; x_wconf 84' lang='grc' dir='ltr'>Ἐπεθύμησε</span> <span class='ocrx_word' id='word_1_392' title='bbox 1329 4444 1557 4516; x_wconf 82' lang='grc' dir='ltr'>πόρνης·</span> <span class='ocrx_word' id='word_1_393' title='bbox 1593 4446 1691 4498; x_wconf 81' lang='grc' dir='ltr'>καὶ</span> <span class='ocrx_word' id='word_1_394' title='bbox 1722 4444 1774 4497; x_wconf 88' lang='grc' dir='ltr'>τί</span> <span class='ocrx_word' id='word_1_395' title='bbox 1806 4448 1987 4505; x_wconf 86' lang='grc' dir='ltr'>ποιεῖ;</span> 
     </span>
    </p>
   </div>
   <div class='ocr_carea' id='block_1_50' title="bbox 326 4528 1992 4604">
    <p class='ocr_par' dir='ltr' id='par_1_50' title="bbox 326 4528 1992 4604">
     <span class='ocr_line' id='line_1_50' title="bbox 326 4528 1992 4604; baseline -0.004 -14"><span class='ocrx_word' id='word_1_396' title='bbox 326 4528 349 4544; x_wconf 72' lang='grc'>⁶</span> <span class='ocrx_word' id='word_1_397' title='bbox 400 4536 516 4589; x_wconf 86' lang='grc' dir='ltr'>Οὐκ</span> <span class='ocrx_word' id='word_1_398' title='bbox 564 4539 755 4604; x_wconf 82' lang='grc' dir='ltr'>ἀνάγει</span> <span class='ocrx_word' id='word_1_399' title='bbox 793 4534 964 4604; x_wconf 80' lang='grc' dir='ltr'>αὐτὴν</span> <span class='ocrx_word' id='word_1_400' title='bbox 1000 4533 1132 4586; x_wconf 79' lang='grc' dir='ltr'>ἀνω·</span> <span class='ocrx_word' id='word_1_401' title='bbox 1169 4532 1231 4584; x_wconf 92' lang='grc' dir='ltr'>οὐ</span> <span class='ocrx_word' id='word_1_402' title='bbox 1265 4530 1375 4601; x_wconf 84' lang='grc' dir='ltr'>γὰρ</span> <span class='ocrx_word' id='word_1_403' title='bbox 1404 4528 1654 4582; x_wconf 83' lang='grc' dir='ltr'>ἐϐούλετο</span> <span class='ocrx_word' id='word_1_404' title='bbox 1677 4528 1883 4601; x_wconf 84' lang='grc' dir='ltr'>πόρνην</span> <span class='ocrx_word' id='word_1_405' title='bbox 1910 4530 1992 4593; x_wconf 83' lang='grc' dir='ltr'>είς</span> 
     </span>
    </p>
   </div>
   <div class='ocr_carea' id='block_1_51' title="bbox 397 4612 1985 4691">
    <p class='ocr_par' dir='ltr' id='par_1_51' title="bbox 397 4612 1985 4691">
     <span class='ocr_line' id='line_1_51' title="bbox 397 4612 1985 4691; baseline -0.003 -18"><span class='ocrx_word' id='word_1_406' title='bbox 397 4619 489 4673; x_wconf 82' lang='grc' dir='ltr'>τὸν</span> <span class='ocrx_word' id='word_1_407' title='bbox 528 4619 753 4691; x_wconf 73' lang='grc' dir='ltr'>οὐρανὸν</span> <span class='ocrx_word' id='word_1_408' title='bbox 784 4619 1035 4687; x_wconf 84' lang='grc' dir='ltr'>ἀγαγεῖν,</span> <span class='ocrx_word' id='word_1_409' title='bbox 1084 4614 1222 4669; x_wconf 85' lang='grc' dir='ltr'>άλλά</span> <span class='ocrx_word' id='word_1_410' title='bbox 1251 4612 1569 4669; x_wconf 88' lang='grc' dir='ltr'>καταϐαίνει</span> <span class='ocrx_word' id='word_1_411' title='bbox 1611 4615 1775 4677; x_wconf 80' lang='grc' dir='ltr'>αὐτὸς</span> <span class='ocrx_word' id='word_1_412' title='bbox 1815 4614 1985 4668; x_wconf 86' lang='grc' dir='ltr'>κάτω.</span> 
     </span>
    </p>
   </div>
   <div class='ocr_carea' id='block_1_52' title="bbox 412 4696 1988 4773">
    <p class='ocr_par' dir='ltr' id='par_1_52' title="bbox 412 4696 1988 4773">
     <span class='ocr_line' id='line_1_52' title="bbox 412 4696 1988 4773; baseline -0.003 -19"><span class='ocrx_word' id='word_1_413' title='bbox 412 4700 632 4773; x_wconf 85' lang='grc' dir='ltr'>Ἐπειδὴ</span> <span class='ocrx_word' id='word_1_414' title='bbox 660 4702 798 4772; x_wconf 82' lang='grc' dir='ltr'>αὑτὴ</span> <span class='ocrx_word' id='word_1_415' title='bbox 828 4703 928 4755; x_wconf 90' lang='grc' dir='ltr'>οὐκ</span> <span class='ocrx_word' id='word_1_416' title='bbox 968 4699 1199 4772; x_wconf 82' lang='grc' dir='ltr'>ἡδύνατο</span> <span class='ocrx_word' id='word_1_417' title='bbox 1224 4696 1490 4769; x_wconf 82' lang='grc' dir='ltr'>ἀναϐῆναι</span> <span class='ocrx_word' id='word_1_418' title='bbox 1522 4698 1653 4756; x_wconf 79' lang='grc' dir='ltr'>άνω,</span> <span class='ocrx_word' id='word_1_419' title='bbox 1683 4697 1849 4760; x_wconf 74' lang='grc' dir='ltr'>αὐτὸς</span> <span class='ocrx_word' id='word_1_420' title='bbox 1886 4714 1988 4750; x_wconf 90' lang='grc' dir='ltr'>κα-</span> 
     </span>
    </p>
   </div>
   <div class='ocr_carea' id='block_1_53' title="bbox 399 4781 1988 4857">
    <p class='ocr_par' dir='ltr' id='par_1_53' title="bbox 399 4781 1988 4857">
     <span class='ocr_line' id='line_1_53' title="bbox 399 4781 1988 4857; baseline -0.003 -19"><span class='ocrx_word' id='word_1_421' title='bbox 399 4785 531 4855; x_wconf 85' lang='grc' dir='ltr'>τέϐη</span> <span class='ocrx_word' id='word_1_422' title='bbox 564 4788 731 4840; x_wconf 78' lang='grc' dir='ltr'>κάτω.</span> <span class='ocrx_word' id='word_1_423' title='bbox 760 4787 903 4857; x_wconf 76' lang='grc' dir='ltr'>Πρὸς</span> <span class='ocrx_word' id='word_1_424' title='bbox 932 4784 1031 4855; x_wconf 86' lang='grc' dir='ltr'>τὴν</span> <span class='ocrx_word' id='word_1_425' title='bbox 1062 4785 1266 4855; x_wconf 88' lang='grc' dir='ltr'>πόρνην</span> <span class='ocrx_word' id='word_1_426' title='bbox 1286 4782 1527 4854; x_wconf 85' lang='grc' dir='ltr'>ἔρχεται,</span> <span class='ocrx_word' id='word_1_427' title='bbox 1554 4781 1647 4835; x_wconf 75' lang='grc' dir='ltr'>καὶ</span> <span class='ocrx_word' id='word_1_428' title='bbox 1668 4781 1766 4834; x_wconf 89' lang='grc' dir='ltr'>οὐκ</span> <span class='ocrx_word' id='word_1_429' title='bbox 1796 4781 1988 4851; x_wconf 84' lang='grc' dir='ltr'>αἰσχύ-</span> 
     </span>
    </p>
   </div>
   <div class='ocr_carea' id='block_1_54' title="bbox 400 4863 1985 4941">
    <p class='ocr_par' dir='ltr' id='par_1_54' title="bbox 400 4863 1985 4941">
     <span class='ocr_line' id='line_1_54' title="bbox 400 4863 1985 4941; baseline -0.003 -20"><span class='ocrx_word' id='word_1_430' title='bbox 400 4885 549 4941; x_wconf 62' lang='grc' dir='ltr'>νεται</span> <span class='ocrx_word' id='word_1_431' title='bbox 572 4885 586 4898; x_wconf 89' lang='grc'>·</span> <span class='ocrx_word' id='word_1_432' title='bbox 619 4867 839 4939; x_wconf 87' lang='grc' dir='ltr'>ἔρχεται</span> <span class='ocrx_word' id='word_1_433' title='bbox 886 4869 965 4931; x_wconf 81' lang='grc' dir='ltr'>είς</span> <span class='ocrx_word' id='word_1_434' title='bbox 1005 4866 1100 4939; x_wconf 78' lang='grc' dir='ltr'>τὴν</span> <span class='ocrx_word' id='word_1_435' title='bbox 1130 4866 1371 4937; x_wconf 88' lang='grc' dir='ltr'>καλύϐην</span> <span class='ocrx_word' id='word_1_436' title='bbox 1407 4864 1595 4933; x_wconf 82' lang='grc' dir='ltr'>αὐτῆς.</span> <span class='ocrx_word' id='word_1_437' title='bbox 1655 4863 1787 4935; x_wconf 84' lang='grc' dir='ltr'>Ὁρᾷ</span> <span class='ocrx_word' id='word_1_438' title='bbox 1816 4864 1985 4935; x_wconf 81' lang='grc' dir='ltr'>αὐτὴν</span> 
     </span>
    </p>
   </div>
   <div class='ocr_carea' id='block_1_55' title="bbox 408 4947 1983 5022">
    <p class='ocr_par' dir='ltr' id='par_1_55' title="bbox 408 4947 1983 5022">
     <span class='ocr_line' id='line_1_55' title="bbox 408 4947 1983 5022; baseline -0.004 -17"><span class='ocrx_word' id='word_1_439' title='bbox 408 4950 733 5022; x_wconf 85' lang='grc' dir='ltr'>μεθύουσαν.</span> <span class='ocrx_word' id='word_1_440' title='bbox 776 4951 895 5006; x_wconf 71' lang='grc' dir='ltr'>’Καὶ</span> <span class='ocrx_word' id='word_1_441' title='bbox 932 4950 1049 5014; x_wconf 90' lang='grc' dir='ltr'>πῶς</span> <span class='ocrx_word' id='word_1_442' title='bbox 1088 4950 1341 5022; x_wconf 81' lang='grc' dir='ltr'>ἔρχεται;</span> <span class='ocrx_word' id='word_1_443' title='bbox 1379 4949 1453 5001; x_wconf 89' lang='grc' dir='ltr'>Οὐ</span> <span class='ocrx_word' id='word_1_444' title='bbox 1486 4950 1668 5018; x_wconf 78' lang='grc' dir='ltr'>γυμνῇ</span> <span class='ocrx_word' id='word_1_445' title='bbox 1704 4951 1769 5019; x_wconf 84' lang='grc' dir='ltr'>τῇ</span> <span class='ocrx_word' id='word_1_446' title='bbox 1796 4947 1983 5020; x_wconf 79' lang='grc' dir='ltr'>οὐσίᾳ,</span> 
     </span>
    </p>
   </div>
   <div class='ocr_carea' id='block_1_56' title="bbox 402 5030 1987 5106">
    <p class='ocr_par' dir='ltr' id='par_1_56' title="bbox 402 5030 1987 5106">
     <span class='ocr_line' id='line_1_56' title="bbox 402 5030 1987 5106; baseline -0.002 -18"><span class='ocrx_word' id='word_1_447' title='bbox 402 5035 538 5089; x_wconf 80' lang='grc' dir='ltr'>ἀλλὰ</span> <span class='ocrx_word' id='word_1_448' title='bbox 567 5035 813 5102; x_wconf 88' lang='grc' dir='ltr'>γίνεται,</span> <span class='ocrx_word' id='word_1_449' title='bbox 849 5035 986 5106; x_wconf 81' lang='grc' dir='ltr'>ὅπερ</span> <span class='ocrx_word' id='word_1_450' title='bbox 1010 5030 1077 5104; x_wconf 81' lang='grc' dir='ltr'>ἦν</span> <span class='ocrx_word' id='word_1_451' title='bbox 1110 5037 1143 5104; x_wconf 91' lang='grc' dir='ltr'>ἡ</span> <span class='ocrx_word' id='word_1_452' title='bbox 1172 5034 1366 5104; x_wconf 84' lang='grc' dir='ltr'>πόρνη.</span> <span class='ocrx_word' id='word_1_453' title='bbox 1408 5032 1469 5085; x_wconf 90' lang='grc' dir='ltr'>οὐ</span> <span class='ocrx_word' id='word_1_454' title='bbox 1499 5034 1566 5101; x_wconf 81' lang='grc' dir='ltr'>τῆ</span> <span class='ocrx_word' id='word_1_455' title='bbox 1594 5030 1810 5102; x_wconf 78' lang='grc' dir='ltr'>γνώμῃ,</span> <span class='ocrx_word' id='word_1_456' title='bbox 1850 5031 1987 5086; x_wconf 86' lang='grc' dir='ltr'>ἀλλὰ</span> 
     </span>
    </p>
   </div>
   <div class='ocr_carea' id='block_1_57' title="bbox 397 5110 1981 5189">
    <p class='ocr_par' dir='ltr' id='par_1_57' title="bbox 397 5110 1981 5189">
     <span class='ocr_line' id='line_1_57' title="bbox 397 5110 1981 5189; baseline -0.001 -20"><span class='ocrx_word' id='word_1_457' title='bbox 397 5120 465 5189; x_wconf 79' lang='grc' dir='ltr'>τῇ</span> <span class='ocrx_word' id='word_1_458' title='bbox 503 5119 664 5186; x_wconf 85' lang='grc' dir='ltr'>φύσει</span> <span class='ocrx_word' id='word_1_459' title='bbox 687 5118 896 5186; x_wconf 83' lang='grc' dir='ltr'>γίνεται</span> <span class='ocrx_word' id='word_1_460' title='bbox 922 5117 1101 5179; x_wconf 86' lang='grc' dir='ltr'>τοῦτο,</span> <span class='ocrx_word' id='word_1_461' title='bbox 1132 5117 1218 5169; x_wconf 80' lang='grc' dir='ltr'>ἵνα</span> <span class='ocrx_word' id='word_1_462' title='bbox 1243 5110 1317 5187; x_wconf 82' lang='grc' dir='ltr'>μὴ</span> <span class='ocrx_word' id='word_1_463' title='bbox 1343 5114 1526 5168; x_wconf 83' lang='grc' dir='ltr'>ἰδοῦσα</span> <span class='ocrx_word' id='word_1_464' title='bbox 1557 5112 1722 5167; x_wconf 73' lang='grc' dir='ltr'>αὐτὸν</span> <span class='ocrx_word' id='word_1_465' title='bbox 1750 5113 1981 5186; x_wconf 88' lang='grc' dir='ltr'>πτοηθῇ,</span> 
     </span>
    </p>
   </div>
   <div class='ocr_carea' id='block_1_58' title="bbox 401 5196 1985 5272">
    <p class='ocr_par' dir='ltr' id='par_1_58' title="bbox 401 5196 1985 5272">
     <span class='ocr_line' id='line_1_58' title="bbox 401 5196 1985 5272; baseline -0.002 -19"><span class='ocrx_word' id='word_1_466' title='bbox 401 5201 485 5254; x_wconf 74' lang='grc' dir='ltr'>ἵνα</span> <span class='ocrx_word' id='word_1_467' title='bbox 520 5203 596 5271; x_wconf 76' lang='grc' dir='ltr'>μὴ</span> <span class='ocrx_word' id='word_1_468' title='bbox 629 5202 982 5272; x_wconf 86' lang='grc' dir='ltr'>ἁποπηδὴσῃ,</span> <span class='ocrx_word' id='word_1_469' title='bbox 1012 5200 1100 5253; x_wconf 84' lang='grc' dir='ltr'>ἵνα</span> <span class='ocrx_word' id='word_1_470' title='bbox 1130 5199 1204 5270; x_wconf 78' lang='grc' dir='ltr'>μὴ</span> <span class='ocrx_word' id='word_1_471' title='bbox 1233 5198 1400 5268; x_wconf 77' lang='grc' dir='ltr'>φύγῃ.</span> <span class='ocrx_word' id='word_1_472' title='bbox 1436 5197 1695 5267; x_wconf 83' lang='grc' dir='ltr'>Ἔρχεται</span> <span class='ocrx_word' id='word_1_473' title='bbox 1731 5197 1866 5269; x_wconf 74' lang='grc' dir='ltr'>πρὸς</span> <span class='ocrx_word' id='word_1_474' title='bbox 1887 5196 1985 5268; x_wconf 81' lang='grc' dir='ltr'>τὴν</span> 
     </span>
    </p>
   </div>
   <div class='ocr_carea' id='block_1_59' title="bbox 402 5278 1981 5355">
    <p class='ocr_par' dir='ltr' id='par_1_59' title="bbox 402 5278 1981 5355">
     <span class='ocr_line' id='line_1_59' title="bbox 402 5278 1981 5355; baseline -0.002 -19"><span class='ocrx_word' id='word_1_475' title='bbox 402 5284 626 5355; x_wconf 85' lang='grc' dir='ltr'>πόρνην,</span> <span class='ocrx_word' id='word_1_476' title='bbox 665 5285 759 5338; x_wconf 76' lang='grc' dir='ltr'>καὶ</span> <span class='ocrx_word' id='word_1_477' title='bbox 805 5283 1017 5352; x_wconf 88' lang='grc' dir='ltr'>γίνεται</span> <span class='ocrx_word' id='word_1_478' title='bbox 1064 5281 1368 5352; x_wconf 82' lang='grc' dir='ltr'>ἄνθρωπος.</span> <span class='ocrx_word' id='word_1_479' title='bbox 1425 5280 1534 5334; x_wconf 86' lang='lat' dir='ltr'>Kal</span> <span class='ocrx_word' id='word_1_480' title='bbox 1575 5278 1693 5342; x_wconf 83' lang='grc' dir='ltr'>πῶς</span> <span class='ocrx_word' id='word_1_481' title='bbox 1735 5281 1981 5349; x_wconf 85' lang='grc' dir='ltr'>γίνεται;</span> 
     </span>
    </p>
   </div>
   <div class='ocr_carea' id='block_1_60' title="bbox 407 5361 1985 5438">
    <p class='ocr_par' dir='ltr' id='par_1_60' title="bbox 407 5361 1985 5438">
     <span class='ocr_line' id='line_1_60' title="bbox 407 5361 1985 5438; baseline -0.002 -19"><span class='ocrx_word' id='word_1_482' title='bbox 407 5365 493 5431; x_wconf 80' lang='grc' dir='ltr'>Εἰς</span> <span class='ocrx_word' id='word_1_483' title='bbox 542 5368 757 5438; x_wconf 87' lang='grc' dir='ltr'>μήτραν</span> <span class='ocrx_word' id='word_1_484' title='bbox 786 5366 1167 5436; x_wconf 75' lang='grc' dir='ltr'>κυοφορεῖται,</span> <span class='ocrx_word' id='word_1_485' title='bbox 1202 5361 1425 5429; x_wconf 77' lang='grc' dir='ltr'>αὔξεται</span> <span class='ocrx_word' id='word_1_486' title='bbox 1458 5363 1602 5417; x_wconf 81' lang='grc' dir='ltr'>κατὰ</span> <span class='ocrx_word' id='word_1_487' title='bbox 1643 5362 1858 5434; x_wconf 78' lang='grc' dir='ltr'>μικρὸν,</span> <span class='ocrx_word' id='word_1_488' title='bbox 1891 5364 1985 5416; x_wconf 71' lang='grc' dir='ltr'>καὶ</span> 
     </span>
    </p>
   </div>
   <div class='ocr_carea' id='block_1_61' title="bbox 400 5447 1983 5522">
    <p class='ocr_par' dir='ltr' id='par_1_61' title="bbox 400 5447 1983 5522">
     <span class='ocr_line' id='line_1_61' title="bbox 400 5447 1983 5522; baseline -0.003 -20"><span class='ocrx_word' id='word_1_489' title='bbox 400 5449 619 5520; x_wconf 75' lang='grc' dir='ltr'>ἔρχεται</span> <span class='ocrx_word' id='word_1_490' title='bbox 654 5451 752 5522; x_wconf 83' lang='grc' dir='ltr'>τὴν</span> <span class='ocrx_word' id='word_1_491' title='bbox 785 5450 903 5503; x_wconf 81' lang='grc' dir='ltr'>ὁδὸν</span> <span class='ocrx_word' id='word_1_492' title='bbox 941 5450 1041 5518; x_wconf 77' lang='grc' dir='ltr'>τῆς</span> <span class='ocrx_word' id='word_1_493' title='bbox 1070 5449 1287 5519; x_wconf 86' lang='grc' dir='ltr'>ἡλικίας</span> <span class='ocrx_word' id='word_1_494' title='bbox 1313 5447 1412 5515; x_wconf 73' lang='grc' dir='ltr'>τῆς</span> <span class='ocrx_word' id='word_1_495' title='bbox 1442 5447 1604 5516; x_wconf 80' lang='grc' dir='ltr'>ἐμῆς.</span> <span class='ocrx_word' id='word_1_496' title='bbox 1633 5447 1763 5512; x_wconf 87' lang='grc' dir='ltr'>Τίς;</span> <span class='ocrx_word' id='word_1_497' title='bbox 1812 5447 1875 5499; x_wconf 82' lang='grc' dir='ltr'><strong>Ἦ</strong></span> <span class='ocrx_word' id='word_1_498' title='bbox 1905 5448 1983 5499; x_wconf 83' lang='grc' dir='ltr'>οἰ-</span> 
     </span>
    </p>
   </div>
   <div class='ocr_carea' id='block_1_62' title="bbox 402 5521 1980 5605">
    <p class='ocr_par' dir='ltr' id='par_1_62' title="bbox 402 5521 1980 5605">
     <span class='ocr_line' id='line_1_62' title="bbox 402 5521 1980 5605; baseline 0.006 -22"><span class='ocrx_word' id='word_1_499' title='bbox 402 5534 662 5603; x_wconf 85' lang='grc' dir='ltr'>κονομία,</span> <span class='ocrx_word' id='word_1_500' title='bbox 689 5521 789 5604; x_wconf 88' lang='grc' dir='ltr'>οὐχ</span> <span class='ocrx_word' id='word_1_501' title='bbox 821 5536 852 5605; x_wconf 87' lang='grc' dir='ltr'>ἡ</span> <span class='ocrx_word' id='word_1_502' title='bbox 889 5533 1110 5602; x_wconf 72' lang='grc' dir='ltr'>θεότηςο</span> <span class='ocrx_word' id='word_1_503' title='bbox 1152 5533 1184 5601; x_wconf 80' lang='grc' dir='ltr'>ἢ</span> <span class='ocrx_word' id='word_1_504' title='bbox 1226 5521 1387 5597; x_wconf 70' lang='grc'>[596]</span> <span class='ocrx_word' id='word_1_505' title='bbox 1421 5529 1514 5582; x_wconf 64' lang='grc' dir='ltr'>τοῦ</span> <span class='ocrx_word' id='word_1_506' title='bbox 1543 5529 1729 5583; x_wconf 70' lang='grc' dir='ltr'>δούλου</span> <span class='ocrx_word' id='word_1_507' title='bbox 1763 5528 1944 5600; x_wconf 83' lang='grc' dir='ltr'>μορφὴ</span> <span class='ocrx_word' id='word_1_508' title='bbox 1965 5568 1980 5592; x_wconf 72' lang='grc' dir='ltr'>ν</span> 
     </span>
    </p>
   </div>
   <div class='ocr_carea' id='block_1_63' title="bbox 400 5612 1985 5686">
    <p class='ocr_par' dir='ltr' id='par_1_63' title="bbox 400 5612 1985 5686">
     <span class='ocr_line' id='line_1_63' title="bbox 400 5612 1985 5686; baseline -0.001 -20"><span class='ocrx_word' id='word_1_509' title='bbox 400 5614 501 5685; x_wconf 86' lang='grc' dir='ltr'>οὐχ</span> <span class='ocrx_word' id='word_1_510' title='bbox 529 5617 562 5686; x_wconf 90' lang='grc' dir='ltr'>ἡ</span> <span class='ocrx_word' id='word_1_511' title='bbox 590 5617 684 5670; x_wconf 90' lang='grc' dir='ltr'>τοῦ</span> <span class='ocrx_word' id='word_1_512' title='bbox 711 5616 1005 5670; x_wconf 80' lang='grc' dir='ltr'>Δεσπότου·</span> <span class='ocrx_word' id='word_1_513' title='bbox 1031 5617 1065 5685; x_wconf 88' lang='grc' dir='ltr'>ἡ</span> <span class='ocrx_word' id='word_1_514' title='bbox 1094 5613 1230 5685; x_wconf 78' lang='grc' dir='ltr'>σάρξ</span> <span class='ocrx_word' id='word_1_515' title='bbox 1256 5615 1289 5684; x_wconf 86' lang='grc' dir='ltr'>ἡ</span> <span class='ocrx_word' id='word_1_516' title='bbox 1312 5612 1439 5683; x_wconf 75' lang='grc' dir='ltr'>ἐμὴ,</span> <span class='ocrx_word' id='word_1_517' title='bbox 1468 5614 1567 5682; x_wconf 89' lang='grc' dir='ltr'>οὐχ</span> <span class='ocrx_word' id='word_1_518' title='bbox 1588 5615 1620 5681; x_wconf 86' lang='grc' dir='ltr'>ἡ</span> <span class='ocrx_word' id='word_1_519' title='bbox 1651 5614 1807 5665; x_wconf 82' lang='grc' dir='ltr'>οὐσία</span> <span class='ocrx_word' id='word_1_520' title='bbox 1846 5612 1985 5664; x_wconf 76' lang='grc' dir='ltr'>ἐκεί-</span> 
     </span>
    </p>
   </div>
   <div class='ocr_carea' id='block_1_64' title="bbox 469 5786 1333 5850">
    <p class='ocr_par' dir='ltr' id='par_1_64' title="bbox 469 5786 1333 5850">
     <span class='ocr_line' id='line_1_64' title="bbox 469 5786 1333 5850; baseline 0.027 -18"><span class='ocrx_word' id='word_1_521' title='bbox 469 5788 493 5850; x_wconf 70' lang='grc' dir='ltr'>ξι</span> <span class='ocrx_word' id='word_1_522' title='bbox 519 5786 601 5836; x_wconf 74' lang='lat' dir='ltr'>Sic</span> <span class='ocrx_word' id='word_1_523' title='bbox 628 5790 741 5837; x_wconf 81' lang='lat' dir='ltr'><strong>Mss.</strong></span> <span class='ocrx_word' id='word_1_524' title='bbox 768 5790 898 5850; x_wconf 65' lang='grc' dir='ltr'>ιῖιιίι.</span> <span class='ocrx_word' id='word_1_525' title='bbox 933 5788 1050 5850; x_wconf 69' lang='grc' dir='ltr'>ὓπὲρ</span> <span class='ocrx_word' id='word_1_526' title='bbox 1073 5787 1154 5834; x_wconf 82' lang='grc' dir='ltr'>τὸν</span> <span class='ocrx_word' id='word_1_527' title='bbox 1180 5788 1333 5850; x_wconf 60' lang='lat' dir='ltr'>ﬁlm-</span> 
     </span>
    </p>
   </div>
   <div class='ocr_carea' id='block_1_65' title="bbox 466 5844 1479 5912">
    <p class='ocr_par' dir='ltr' id='par_1_65' title="bbox 466 5844 1479 5912">
     <span class='ocr_line' id='line_1_65' title="bbox 466 5844 1479 5912; baseline -0.003 -15"><span class='ocrx_word' id='word_1_528' title='bbox 466 5844 494 5885; x_wconf 62' lang='grc' dir='ltr'>δ</span> <span class='ocrx_word' id='word_1_529' title='bbox 518 5850 666 5898; x_wconf 80' lang='lat' dir='ltr'>Savil.</span> <span class='ocrx_word' id='word_1_530' title='bbox 686 5852 826 5899; x_wconf 83' lang='grc' dir='ltr'>πάνυ.</span> <span class='ocrx_word' id='word_1_531' title='bbox 857 5848 998 5912; x_wconf 82' lang='grc' dir='ltr'>Ἀνθρ</span> <span class='ocrx_word' id='word_1_532' title='bbox 1028 5844 1123 5896; x_wconf 71' lang='grc' dir='ltr'>’μὲν</span> <span class='ocrx_word' id='word_1_533' title='bbox 1142 5848 1228 5912; x_wconf 79' lang='grc' dir='ltr'>γὰρ</span> <span class='ocrx_word' id='word_1_534' title='bbox 1254 5848 1479 5911; x_wconf 79' lang='grc' dir='ltr'>ἐπιθυμεῖ.</span> 
     </span>
    </p>
   </div>
   <div class='ocr_carea' id='block_1_66' title="bbox 1090 400 2945 481">
    <p class='ocr_par' dir='ltr' id='par_1_66' title="bbox 1090 400 2945 481">
     <span class='ocr_line' id='line_1_66' title="bbox 1090 400 2945 481; baseline -0.005 0"><span class='ocrx_word' id='word_1_535' title='bbox 1090 426 1145 481; x_wconf 90' lang='lat' dir='ltr'>S.</span> <span class='ocrx_word' id='word_1_536' title='bbox 1183 420 1469 481; x_wconf 74' lang='lat' dir='ltr'>JOANNIS</span> <span class='ocrx_word' id='word_1_537' title='bbox 1506 412 1999 476; x_wconf 73' lang='lat' dir='ltr'>CIIRYSOSTOMI</span> <span class='ocrx_word' id='word_1_538' title='bbox 2039 411 2358 470; x_wconf 79' lang='lat' dir='ltr'>ARCIIIEP.</span> <span class='ocrx_word' id='word_1_539' title='bbox 2400 400 2945 471; x_wconf 38' lang='lat' dir='ltr'>CONSTA&#39;N&#39;I‘INOP.</span> 
     </span>
    </p>
   </div>
   <div class='ocr_carea' id='block_1_67' title="bbox 3577 422 3688 480">
    <p class='ocr_par' dir='ltr' id='par_1_67' title="bbox 3577 422 3688 480">
     <span class='ocr_line' id='line_1_67' title="bbox 3577 422 3688 480; baseline 0.009 -1"><span class='ocrx_word' id='word_1_540' title='bbox 3577 422 3688 480; x_wconf 69' lang='lat'><strong>£06</strong></span> 
     </span>
    </p>
   </div>
   <div class='ocr_carea' id='block_1_68' title="bbox 2099 526 3689 603">
    <p class='ocr_par' dir='ltr' id='par_1_68' title="bbox 2099 526 3689 603">
     <span class='ocr_line' id='line_1_68' title="bbox 2099 526 3689 603; baseline 0.007 -24"><span class='ocrx_word' id='word_1_541' title='bbox 2099 544 2191 580; x_wconf 88' lang='grc' dir='ltr'>νου</span> <span class='ocrx_word' id='word_1_542' title='bbox 2212 543 2223 557; x_wconf 91' lang='grc'>·</span> <span class='ocrx_word' id='word_1_543' title='bbox 2261 526 2481 593; x_wconf 73' lang='grc' dir='ltr'>αὔξεται</span> <span class='ocrx_word' id='word_1_544' title='bbox 2514 526 2653 582; x_wconf 86' lang='grc' dir='ltr'>κατά</span> <span class='ocrx_word' id='word_1_545' title='bbox 2696 528 2913 600; x_wconf 81' lang='grc' dir='ltr'>μικρὸν,</span> <span class='ocrx_word' id='word_1_546' title='bbox 2944 528 3037 581; x_wconf 74' lang='grc' dir='ltr'>καὶ</span> <span class='ocrx_word' id='word_1_547' title='bbox 3063 527 3319 600; x_wconf 87' lang='grc' dir='ltr'>μίγνυται</span> <span class='ocrx_word' id='word_1_548' title='bbox 3351 530 3689 603; x_wconf 83' lang='grc' dir='ltr'>ἀνθρώποις.</span> 
     </span>
    </p>
   </div>
   <div class='ocr_carea' id='block_1_69' title="bbox 2096 608 3691 689">
    <p class='ocr_par' dir='ltr' id='par_1_69' title="bbox 2096 608 3691 689">
     <span class='ocr_line' id='line_1_69' title="bbox 2096 608 3691 689; baseline 0.004 -24"><span class='ocrx_word' id='word_1_549' title='bbox 2096 611 2269 666; x_wconf 86' lang='grc' dir='ltr'>καίτοι</span> <span class='ocrx_word' id='word_1_550' title='bbox 2304 612 2547 685; x_wconf 83' lang='grc' dir='ltr'>εὑρίσκει</span> <span class='ocrx_word' id='word_1_551' title='bbox 2588 613 2760 683; x_wconf 77' lang='grc' dir='ltr'>αὐτὴν</span> <span class='ocrx_word' id='word_1_552' title='bbox 2800 613 2973 668; x_wconf 83' lang='grc' dir='ltr'>ἐλκῶν</span> <span class='ocrx_word' id='word_1_553' title='bbox 3020 614 3321 685; x_wconf 84' lang='grc' dir='ltr'>γέμουσαν,</span> <span class='ocrx_word' id='word_1_554' title='bbox 3355 608 3691 689; x_wconf 82' lang='grc' dir='ltr'>ἐκτεθηριω-</span> 
     </span>
    </p>
   </div>
   <div class='ocr_carea' id='block_1_70' title="bbox 2099 696 3687 770">
    <p class='ocr_par' dir='ltr' id='par_1_70' title="bbox 2099 696 3687 770">
     <span class='ocr_line' id='line_1_70' title="bbox 2099 696 3687 770; baseline 0.005 -22"><span class='ocrx_word' id='word_1_555' title='bbox 2099 696 2290 767; x_wconf 85' lang='grc' dir='ltr'>μένην,</span> <span class='ocrx_word' id='word_1_556' title='bbox 2336 697 2441 748; x_wconf 80' lang='grc' dir='ltr'>ὑπὸ</span> <span class='ocrx_word' id='word_1_557' title='bbox 2476 696 2746 768; x_wconf 84' lang='grc' dir='ltr'>δαιμόνων</span> <span class='ocrx_word' id='word_1_558' title='bbox 2785 698 3224 770; x_wconf 74' lang='grc' dir='ltr'>πεφορτισμένην</span> <span class='ocrx_word' id='word_1_559' title='bbox 3245 715 3257 727; x_wconf 93' lang='grc'>·</span> <span class='ocrx_word' id='word_1_560' title='bbox 3290 699 3381 754; x_wconf 82' lang='lat' dir='ltr'><strong>xal</strong></span> <span class='ocrx_word' id='word_1_561' title='bbox 3410 700 3464 753; x_wconf 91' lang='grc' dir='ltr'>τί</span> <span class='ocrx_word' id='word_1_562' title='bbox 3505 703 3687 765; x_wconf 85' lang='grc' dir='ltr'>ποιεῖ;</span> 
     </span>
    </p>
   </div>
   <div class='ocr_carea' id='block_1_71' title="bbox 2097 778 3696 855">
    <p class='ocr_par' dir='ltr' id='par_1_71' title="bbox 2097 778 3696 855">
     <span class='ocr_line' id='line_1_71' title="bbox 2097 778 3696 855; baseline 0.004 -22"><span class='ocrx_word' id='word_1_563' title='bbox 2097 781 2467 852; x_wconf 86' lang='grc' dir='ltr'>Προσέρχεται</span> <span class='ocrx_word' id='word_1_564' title='bbox 2510 782 2671 853; x_wconf 76' lang='grc' dir='ltr'>αὐτῇ.</span> <span class='ocrx_word' id='word_1_565' title='bbox 2720 778 2874 835; x_wconf 82' lang='grc' dir='ltr'>Εἷδεν</span> <span class='ocrx_word' id='word_1_566' title='bbox 2908 783 3089 855; x_wconf 87' lang='grc' dir='ltr'>ἐκείνη</span> <span class='ocrx_word' id='word_1_567' title='bbox 3138 785 3232 838; x_wconf 74' lang='grc' dir='ltr'>καὶ</span> <span class='ocrx_word' id='word_1_568' title='bbox 3280 784 3470 855; x_wconf 80' lang='grc' dir='ltr'>ἔφυγε.</span> <span class='ocrx_word' id='word_1_569' title='bbox 3516 784 3696 841; x_wconf 83' lang='grc' dir='ltr'>Καλεῖ</span> 
     </span>
    </p>
   </div>
   <div class='ocr_carea' id='block_1_72' title="bbox 2100 865 3687 941">
    <p class='ocr_par' dir='ltr' id='par_1_72' title="bbox 2100 865 3687 941">
     <span class='ocr_line' id='line_1_72' title="bbox 2100 865 3687 941; baseline 0.004 -25"><span class='ocrx_word' id='word_1_570' title='bbox 2100 866 2327 936; x_wconf 84' lang='grc' dir='ltr'>μάγους.</span> <span class='ocrx_word' id='word_1_571' title='bbox 2367 865 2433 917; x_wconf 86' lang='grc' dir='ltr'>Τί</span> <span class='ocrx_word' id='word_1_572' title='bbox 2462 866 2747 933; x_wconf 79' lang='grc' dir='ltr'>φοϐεῖσθε;</span> <span class='ocrx_word' id='word_1_573' title='bbox 2782 867 2894 919; x_wconf 88' lang='grc' dir='ltr'>Οὐκ</span> <span class='ocrx_word' id='word_1_574' title='bbox 2932 866 3049 936; x_wconf 75' lang='grc' dir='ltr'>εἰμὶ</span> <span class='ocrx_word' id='word_1_575' title='bbox 3075 868 3291 938; x_wconf 79' lang='grc' dir='ltr'>κριτὴς.</span> <span class='ocrx_word' id='word_1_576' title='bbox 3327 869 3442 921; x_wconf 81' lang='grc' dir='ltr'>ἀλλ’</span> <span class='ocrx_word' id='word_1_577' title='bbox 3476 870 3687 941; x_wconf 74' lang='grc' dir='ltr'>ἰατρός·</span> 
     </span>
    </p>
   </div>
   <div class='ocr_carea' id='block_1_73' title="bbox 2092 946 3693 1021">
    <p class='ocr_par' dir='ltr' id='par_1_73' title="bbox 2092 946 3693 1021">
     <span class='ocr_line' id='line_1_73' title="bbox 2092 946 3693 1021; baseline 0.004 -19"><span class='ocrx_word' id='word_1_578' title='bbox 2092 952 2213 1003; x_wconf 80' lang='grc' dir='ltr'>Οὐκ</span> <span class='ocrx_word' id='word_1_579' title='bbox 2243 946 2438 1019; x_wconf 71' lang='grc' dir='ltr'>ἦλθον</span> <span class='ocrx_word' id='word_1_580' title='bbox 2455 953 2556 1004; x_wconf 78' lang='grc' dir='ltr'>ἵνα</span> <span class='ocrx_word' id='word_1_581' title='bbox 2582 952 2764 1018; x_wconf 73' lang='grc' dir='ltr'>κρίνω</span> <span class='ocrx_word' id='word_1_582' title='bbox 2787 952 2893 1004; x_wconf 79' lang='grc' dir='ltr'>τὸν</span> <span class='ocrx_word' id='word_1_583' title='bbox 2929 952 3182 1021; x_wconf 78' lang='grc' dir='ltr'>κόσμον,</span> <span class='ocrx_word' id='word_1_584' title='bbox 3205 953 3343 1007; x_wconf 73' lang='grc' dir='ltr'>ἀλλ’</span> <span class='ocrx_word' id='word_1_585' title='bbox 3379 953 3483 1006; x_wconf 79' lang='grc' dir='ltr'>ἵνα</span> <span class='ocrx_word' id='word_1_586' title='bbox 3505 954 3693 1008; x_wconf 85' lang='grc' dir='ltr'>σώσω</span> 
     </span>
    </p>
   </div>
   <div class='ocr_carea' id='block_1_74' title="bbox 2097 1033 3693 1105">
    <p class='ocr_par' dir='ltr' id='par_1_74' title="bbox 2097 1033 3693 1105">
     <span class='ocr_line' id='line_1_74' title="bbox 2097 1033 3693 1105; baseline 0.001 -19"><span class='ocrx_word' id='word_1_587' title='bbox 2097 1033 2205 1086; x_wconf 82' lang='grc' dir='ltr'>τὸν</span> <span class='ocrx_word' id='word_1_588' title='bbox 2239 1035 2491 1102; x_wconf 80' lang='grc' dir='ltr'>κόσμον.</span> <span class='ocrx_word' id='word_1_589' title='bbox 2529 1034 2706 1087; x_wconf 83' lang='grc' dir='ltr'>Καλεῖ</span> <span class='ocrx_word' id='word_1_590' title='bbox 2751 1034 2956 1099; x_wconf 80' lang='grc' dir='ltr'>εὐθέως</span> <span class='ocrx_word' id='word_1_591' title='bbox 2992 1036 3224 1105; x_wconf 88' lang='grc' dir='ltr'>μάγους.</span> <span class='ocrx_word' id='word_1_592' title='bbox 3259 1036 3322 1088; x_wconf 84' lang='grc' dir='ltr'>Ὦ</span> <span class='ocrx_word' id='word_1_593' title='bbox 3359 1037 3565 1089; x_wconf 88' lang='grc' dir='ltr'>καινῶν</span> <span class='ocrx_word' id='word_1_594' title='bbox 3593 1037 3693 1091; x_wconf 81' lang='grc' dir='ltr'>καὶ</span> 
     </span>
    </p>
   </div>
   <div class='ocr_carea' id='block_1_75' title="bbox 2098 1116 3688 1190">
    <p class='ocr_par' dir='ltr' id='par_1_75' title="bbox 2098 1116 3688 1190">
     <span class='ocr_line' id='line_1_75' title="bbox 2098 1116 3688 1190; baseline 0.001 -21"><span class='ocrx_word' id='word_1_595' title='bbox 2098 1116 2418 1188; x_wconf 76' lang='grc' dir='ltr'>παραδόξων</span> <span class='ocrx_word' id='word_1_596' title='bbox 2463 1118 2828 1189; x_wconf 86' lang='grc' dir='ltr'>πραγμάτων.</span> <span class='ocrx_word' id='word_1_597' title='bbox 2864 1118 2931 1171; x_wconf 78' lang='lat' dir='ltr'><strong>Al</strong></span> <span class='ocrx_word' id='word_1_598' title='bbox 2971 1118 3219 1189; x_wconf 73' lang='grc' dir='ltr'>ἀπαρχαὶ</span> <span class='ocrx_word' id='word_1_599' title='bbox 3259 1117 3460 1181; x_wconf 85' lang='grc' dir='ltr'>εὐθέως</span> <span class='ocrx_word' id='word_1_600' title='bbox 3496 1120 3688 1190; x_wconf 85' lang='grc' dir='ltr'>μάγοι.</span> 
     </span>
    </p>
   </div>
   <div class='ocr_carea' id='block_1_76' title="bbox 2099 1198 3693 1274">
    <p class='ocr_par' dir='ltr' id='par_1_76' title="bbox 2099 1198 3693 1274">
     <span class='ocr_line' id='line_1_76' title="bbox 2099 1198 3693 1274; baseline 0.001 -21"><span class='ocrx_word' id='word_1_601' title='bbox 2099 1201 2295 1253; x_wconf 77' lang='grc' dir='ltr'>Κεῖται</span> <span class='ocrx_word' id='word_1_602' title='bbox 2338 1201 2398 1253; x_wconf 90' lang='grc' dir='ltr'>ἐν</span> <span class='ocrx_word' id='word_1_603' title='bbox 2444 1201 2621 1274; x_wconf 77' lang='grc' dir='ltr'>φάτνῃ</span> <span class='ocrx_word' id='word_1_604' title='bbox 2662 1202 2691 1254; x_wconf 89' lang='lat'>6</span> <span class='ocrx_word' id='word_1_605' title='bbox 2728 1200 2826 1272; x_wconf 79' lang='grc' dir='ltr'>τὴν</span> <span class='ocrx_word' id='word_1_606' title='bbox 2869 1200 3195 1271; x_wconf 78' lang='grc' dir='ltr'>οἰκουμένην</span> <span class='ocrx_word' id='word_1_607' title='bbox 3241 1198 3547 1271; x_wconf 77' lang='grc' dir='ltr'>βαστάζων,</span> <span class='ocrx_word' id='word_1_608' title='bbox 3593 1203 3693 1255; x_wconf 74' lang='grc' dir='ltr'>καὶ</span> 
     </span>
    </p>
   </div>
   <div class='ocr_carea' id='block_1_77' title="bbox 2100 1282 3687 1356">
    <p class='ocr_par' dir='ltr' id='par_1_77' title="bbox 2100 1282 3687 1356">
     <span class='ocr_line' id='line_1_77' title="bbox 2100 1282 3687 1356; baseline 0.004 -20"><span class='ocrx_word' id='word_1_609' title='bbox 2100 1282 2521 1355; x_wconf 79' lang='grc' dir='ltr'>ἐσπαργάνωται</span> <span class='ocrx_word' id='word_1_610' title='bbox 2565 1286 2594 1337; x_wconf 90' lang='lat'>6</span> <span class='ocrx_word' id='word_1_611' title='bbox 2640 1286 2818 1339; x_wconf 89' lang='grc' dir='ltr'>πάντα</span> <span class='ocrx_word' id='word_1_612' title='bbox 2869 1284 3171 1356; x_wconf 88' lang='grc' dir='ltr'>περιέπων.</span> <span class='ocrx_word' id='word_1_613' title='bbox 3214 1286 3409 1338; x_wconf 84' lang='grc' dir='ltr'>Κεῖται</span> <span class='ocrx_word' id='word_1_614' title='bbox 3460 1287 3489 1338; x_wconf 89' lang='lat'>6</span> <span class='ocrx_word' id='word_1_615' title='bbox 3531 1284 3687 1348; x_wconf 84' lang='grc' dir='ltr'>ναὸς.</span> 
     </span>
    </p>
   </div>
   <div class='ocr_carea' id='block_1_78' title="bbox 2100 1366 3692 1440">
    <p class='ocr_par' dir='ltr' id='par_1_78' title="bbox 2100 1366 3692 1440">
     <span class='ocr_line' id='line_1_78' title="bbox 2100 1366 3692 1440; baseline 0.001 -19"><span class='ocrx_word' id='word_1_616' title='bbox 2100 1368 2196 1421; x_wconf 76' lang='grc' dir='ltr'>καὶ</span> <span class='ocrx_word' id='word_1_617' title='bbox 2227 1369 2428 1421; x_wconf 83' lang='grc' dir='ltr'>ἐνοικεῖ</span> <span class='ocrx_word' id='word_1_618' title='bbox 2448 1368 2477 1420; x_wconf 97' lang='lat'>6</span> <span class='ocrx_word' id='word_1_619' title='bbox 2499 1366 2651 1431; x_wconf 87' lang='grc' dir='ltr'>Θεός.</span> <span class='ocrx_word' id='word_1_620' title='bbox 2686 1367 2791 1421; x_wconf 83' lang='lat' dir='ltr'>Kal</span> <span class='ocrx_word' id='word_1_621' title='bbox 2816 1367 3064 1440; x_wconf 86' lang='grc' dir='ltr'>ἔρχονται</span> <span class='ocrx_word' id='word_1_622' title='bbox 3089 1369 3281 1439; x_wconf 80' lang='grc' dir='ltr'>μάγοι,</span> <span class='ocrx_word' id='word_1_623' title='bbox 3317 1370 3413 1423; x_wconf 75' lang='grc' dir='ltr'>καὶ</span> <span class='ocrx_word' id='word_1_624' title='bbox 3446 1385 3692 1439; x_wconf 82' lang='grc' dir='ltr'>προσκυ-</span> 
     </span>
    </p>
   </div>
   <div class='ocr_carea' id='block_1_79' title="bbox 2098 1450 3688 1524">
    <p class='ocr_par' dir='ltr' id='par_1_79' title="bbox 2098 1450 3688 1524">
     <span class='ocr_line' id='line_1_79' title="bbox 2098 1450 3688 1524; baseline 0.001 -20"><span class='ocrx_word' id='word_1_625' title='bbox 2098 1450 2283 1504; x_wconf 83' lang='grc' dir='ltr'>νοῦσιν</span> <span class='ocrx_word' id='word_1_626' title='bbox 2311 1450 2513 1515; x_wconf 84' lang='grc' dir='ltr'>εὐθέως</span> <span class='ocrx_word' id='word_1_627' title='bbox 2534 1467 2548 1481; x_wconf 93' lang='grc'>·</span> <span class='ocrx_word' id='word_1_628' title='bbox 2590 1451 2811 1521; x_wconf 89' lang='grc' dir='ltr'>ἔρχεται</span> <span class='ocrx_word' id='word_1_629' title='bbox 2846 1452 3114 1524; x_wconf 83' lang='grc' dir='ltr'>τελώνης,</span> <span class='ocrx_word' id='word_1_630' title='bbox 3154 1454 3248 1506; x_wconf 75' lang='grc' dir='ltr'>καὶ</span> <span class='ocrx_word' id='word_1_631' title='bbox 3281 1454 3489 1522; x_wconf 88' lang='grc' dir='ltr'>γίνεται</span> <span class='ocrx_word' id='word_1_632' title='bbox 3516 1453 3688 1520; x_wconf 80' lang='grc' dir='ltr'>εὐαγ-</span> 
     </span>
    </p>
   </div>
   <div class='ocr_carea' id='block_1_80' title="bbox 2099 1535 3685 1608">
    <p class='ocr_par' dir='ltr' id='par_1_80' title="bbox 2099 1535 3685 1608">
     <span class='ocr_line' id='line_1_80' title="bbox 2099 1535 3685 1608; baseline -0.001 -20"><span class='ocrx_word' id='word_1_633' title='bbox 2099 1535 2354 1605; x_wconf 82' lang='grc' dir='ltr'>γελιστὴς</span> <span class='ocrx_word' id='word_1_634' title='bbox 2378 1550 2392 1565; x_wconf 90' lang='grc'>·</span> <span class='ocrx_word' id='word_1_635' title='bbox 2434 1536 2652 1607; x_wconf 85' lang='grc' dir='ltr'>ἔρχεται</span> <span class='ocrx_word' id='word_1_636' title='bbox 2677 1535 2872 1608; x_wconf 82' lang='grc' dir='ltr'>πόρνη,</span> <span class='ocrx_word' id='word_1_637' title='bbox 2906 1536 3234 1604; x_wconf 71' lang='grc' dir='ltr'>καὶγίνεται</span> <span class='ocrx_word' id='word_1_638' title='bbox 3267 1535 3563 1607; x_wconf 88' lang='grc' dir='ltr'>παρθένος·</span> <span class='ocrx_word' id='word_1_639' title='bbox 3591 1535 3685 1607; x_wconf 85' lang='grc' dir='ltr'>ἔρ-</span> 
     </span>
    </p>
   </div>
   <div class='ocr_carea' id='block_1_81' title="bbox 2098 1618 3693 1692">
    <p class='ocr_par' dir='ltr' id='par_1_81' title="bbox 2098 1618 3693 1692">
     <span class='ocr_line' id='line_1_81' title="bbox 2098 1618 3693 1692; baseline -0.001 -19"><span class='ocrx_word' id='word_1_640' title='bbox 2098 1637 2252 1692; x_wconf 89' lang='grc' dir='ltr'>χεται</span> <span class='ocrx_word' id='word_1_641' title='bbox 2280 1620 2558 1674; x_wconf 81' lang='grc' dir='ltr'>Χαναναία</span> <span class='ocrx_word' id='word_1_642' title='bbox 2577 1661 2593 1684; x_wconf 97' lang='grc'>,</span> <span class='ocrx_word' id='word_1_643' title='bbox 2627 1620 2721 1673; x_wconf 78' lang='lat' dir='ltr'><strong>xal</strong></span> <span class='ocrx_word' id='word_1_644' title='bbox 2755 1619 3019 1673; x_wconf 85' lang='grc' dir='ltr'>ἀπολαύει</span> <span class='ocrx_word' id='word_1_645' title='bbox 3048 1618 3480 1692; x_wconf 83' lang='grc' dir='ltr'>φιλανθρωπίας.</span> <span class='ocrx_word' id='word_1_646' title='bbox 3515 1619 3693 1673; x_wconf 88' lang='grc' dir='ltr'>Τοῦτο</span> 
     </span>
    </p>
   </div>
   <div class='ocr_carea' id='block_1_82' title="bbox 2098 1701 3687 1775">
    <p class='ocr_par' dir='ltr' id='par_1_82' title="bbox 2098 1701 3687 1775">
     <span class='ocr_line' id='line_1_82' title="bbox 2098 1701 3687 1775; baseline 0.001 -20"><span class='ocrx_word' id='word_1_647' title='bbox 2098 1703 2357 1775; x_wconf 81' lang='grc' dir='ltr'>ἐρῶντος,</span> <span class='ocrx_word' id='word_1_648' title='bbox 2402 1704 2465 1757; x_wconf 76' lang='grc' dir='ltr'>τὸ</span> <span class='ocrx_word' id='word_1_649' title='bbox 2498 1704 2574 1774; x_wconf 79' lang='grc' dir='ltr'>μὴ</span> <span class='ocrx_word' id='word_1_650' title='bbox 2620 1702 2924 1773; x_wconf 86' lang='grc' dir='ltr'>ἀπαιτῆσαι</span> <span class='ocrx_word' id='word_1_651' title='bbox 2966 1701 3196 1767; x_wconf 88' lang='grc' dir='ltr'>εὐθύνας</span> <span class='ocrx_word' id='word_1_652' title='bbox 3243 1702 3687 1775; x_wconf 79' lang='grc' dir='ltr'>ἁμαρτημάτων,</span> 
     </span>
    </p>
   </div>
   <div class='ocr_carea' id='block_1_83' title="bbox 2098 1784 3686 1859">
    <p class='ocr_par' dir='ltr' id='par_1_83' title="bbox 2098 1784 3686 1859">
     <span class='ocr_line' id='line_1_83' title="bbox 2098 1784 3686 1859; baseline -0.001 -19"><span class='ocrx_word' id='word_1_653' title='bbox 2098 1786 2235 1840; x_wconf 83' lang='grc' dir='ltr'>ἀλλά</span> <span class='ocrx_word' id='word_1_654' title='bbox 2279 1787 2633 1857; x_wconf 84' lang='grc' dir='ltr'>συγχωρῆσαι</span> <span class='ocrx_word' id='word_1_655' title='bbox 2681 1787 3128 1859; x_wconf 78' lang='grc' dir='ltr'>παρανομήματα</span> <span class='ocrx_word' id='word_1_656' title='bbox 3171 1784 3686 1858; x_wconf 81' lang='grc' dir='ltr'>πλημμελημάτων.</span> 
     </span>
    </p>
   </div>
   <div class='ocr_carea' id='block_1_84' title="bbox 2098 1868 3686 1941">
    <p class='ocr_par' dir='ltr' id='par_1_84' title="bbox 2098 1868 3686 1941">
     <span class='ocr_line' id='line_1_84' title="bbox 2098 1868 3686 1941; baseline -0.001 -17"><span class='ocrx_word' id='word_1_657' title='bbox 2098 1870 2210 1924; x_wconf 82' lang='lat' dir='ltr'>Kal</span> <span class='ocrx_word' id='word_1_658' title='bbox 2252 1869 2307 1922; x_wconf 86' lang='grc' dir='ltr'>τί</span> <span class='ocrx_word' id='word_1_659' title='bbox 2355 1872 2538 1933; x_wconf 79' lang='grc' dir='ltr'>ποιεῖς</span> <span class='ocrx_word' id='word_1_660' title='bbox 2594 1868 2873 1940; x_wconf 83' lang='grc' dir='ltr'>Λαμϐάνει</span> <span class='ocrx_word' id='word_1_661' title='bbox 2913 1870 3104 1941; x_wconf 82' lang='grc' dir='ltr'>αὐτὴν,</span> <span class='ocrx_word' id='word_1_662' title='bbox 3145 1871 3445 1939; x_wconf 76' lang='grc' dir='ltr'>ἁρμόζεται</span> <span class='ocrx_word' id='word_1_663' title='bbox 3489 1869 3686 1941; x_wconf 66' lang='grc' dir='ltr'>αὐτὴν.</span> 
     </span>
    </p>
   </div>
   <div class='ocr_carea' id='block_1_85' title="bbox 2100 1951 3694 2025">
    <p class='ocr_par' dir='ltr' id='par_1_85' title="bbox 2100 1951 3694 2025">
     <span class='ocr_line' id='line_1_85' title="bbox 2100 1951 3694 2025; baseline -0.001 -19"><span class='ocrx_word' id='word_1_664' title='bbox 2100 1953 2209 2006; x_wconf 91' lang='lat' dir='ltr'>Kal</span> <span class='ocrx_word' id='word_1_665' title='bbox 2234 1953 2288 2006; x_wconf 92' lang='grc' dir='ltr'>τί</span> <span class='ocrx_word' id='word_1_666' title='bbox 2326 1954 2464 2025; x_wconf 80' lang='grc' dir='ltr'>αὐτῇ</span> <span class='ocrx_word' id='word_1_667' title='bbox 2500 1952 2717 2016; x_wconf 78' lang='grc' dir='ltr'>δίδωσις</span> <span class='ocrx_word' id='word_1_668' title='bbox 2755 1953 3072 2009; x_wconf 86' lang='grc' dir='ltr'>Δακτύλιον.</span> <span class='ocrx_word' id='word_1_669' title='bbox 3114 1952 3311 2017; x_wconf 85' lang='grc' dir='ltr'>Ποῖον;</span> <span class='ocrx_word' id='word_1_670' title='bbox 3355 1953 3429 2005; x_wconf 82' lang='grc' dir='ltr'>Τὸ</span> <span class='ocrx_word' id='word_1_671' title='bbox 3456 1951 3694 2021; x_wconf 76' lang='grc' dir='ltr'>Πνεῦμα</span> 
     </span>
    </p>
   </div>
   <div class='ocr_carea' id='block_1_86' title="bbox 2095 2033 3693 2105">
    <p class='ocr_par' dir='ltr' id='par_1_86' title="bbox 2095 2033 3693 2105">
     <span class='ocr_line' id='line_1_86' title="bbox 2095 2033 3693 2105; baseline -0.002 -17"><span class='ocrx_word' id='word_1_672' title='bbox 2095 2035 2158 2088; x_wconf 73' lang='grc' dir='ltr'>τὸ</span> <span class='ocrx_word' id='word_1_673' title='bbox 2190 2036 2366 2104; x_wconf 84' lang='grc' dir='ltr'>ἆγιον.</span> <span class='ocrx_word' id='word_1_674' title='bbox 2405 2037 2569 2105; x_wconf 86' lang='grc' dir='ltr'>Λέγει</span> <span class='ocrx_word' id='word_1_675' title='bbox 2601 2036 2833 2101; x_wconf 78' lang='grc' dir='ltr'>Παῦλος·</span> <span class='ocrx_word' id='word_1_676' title='bbox 2875 2036 2930 2089; x_wconf 90' lang='lat'>&#39;0</span> <span class='ocrx_word' id='word_1_677' title='bbox 2973 2035 3041 2089; x_wconf 78' lang='grc' dir='ltr'>δὲ</span> <span class='ocrx_word' id='word_1_678' title='bbox 3072 2035 3336 2101; x_wconf 74' lang='grc' dir='ltr'>,ϐεϐαιῶν</span> <span class='ocrx_word' id='word_1_679' title='bbox 3364 2033 3523 2104; x_wconf 76' lang='grc' dir='ltr'>ἡμᾶς</span> <span class='ocrx_word' id='word_1_680' title='bbox 3560 2034 3693 2087; x_wconf 77' lang='grc' dir='ltr'>σὺν</span> 
     </span>
    </p>
   </div>
   <div class='ocr_carea' id='block_1_87' title="bbox 2096 2114 3689 2189">
    <p class='ocr_par' dir='ltr' id='par_1_87' title="bbox 2096 2114 3689 2189">
     <span class='ocr_line' id='line_1_87' title="bbox 2096 2114 3689 2189; baseline 0.004 -18"><span class='ocrx_word' id='word_1_681' title='bbox 2096 2118 2239 2187; x_wconf 79' lang='grc' dir='ltr'>ὑμῖν</span> <span class='ocrx_word' id='word_1_682' title='bbox 2271 2120 2435 2185; x_wconf 77' lang='grc' dir='ltr'>Θεὸς,</span> <span class='ocrx_word' id='word_1_683' title='bbox 2466 2123 2497 2174; x_wconf 87' lang='grc' dir='ltr'><em>ὀ</em></span> <span class='ocrx_word' id='word_1_684' title='bbox 2529 2119 2628 2173; x_wconf 73' lang='grc' dir='ltr'>καὶ</span> <span class='ocrx_word' id='word_1_685' title='bbox 2659 2118 3149 2189; x_wconf 69' lang='grc' dir='ltr'>σφραγισάμενος</span> <span class='ocrx_word' id='word_1_686' title='bbox 3182 2116 3363 2187; x_wconf 74' lang='grc' dir='ltr'>ἡμᾶς,</span> <span class='ocrx_word' id='word_1_687' title='bbox 3402 2117 3503 2169; x_wconf 81' lang='grc' dir='ltr'>καὶ</span> <span class='ocrx_word' id='word_1_688' title='bbox 3539 2114 3689 2179; x_wconf 78' lang='grc' dir='ltr'>δοὺς</span> 
     </span>
    </p>
   </div>
   <div class='ocr_carea' id='block_1_88' title="bbox 2094 2198 3685 2270">
    <p class='ocr_par' dir='ltr' id='par_1_88' title="bbox 2094 2198 3685 2270">
     <span class='ocr_line' id='line_1_88' title="bbox 2094 2198 3685 2270; baseline -0.001 -18"><span class='ocrx_word' id='word_1_689' title='bbox 2094 2202 2203 2253; x_wconf 77' lang='grc' dir='ltr'>τὸν</span> <span class='ocrx_word' id='word_1_690' title='bbox 2231 2201 2543 2270; x_wconf 53' lang='grc' dir='ltr'>ἀρραϐῶνα</span> <span class='ocrx_word' id='word_1_691' title='bbox 2566 2201 2677 2255; x_wconf 85' lang='grc' dir='ltr'>τοῦ</span> <span class='ocrx_word' id='word_1_692' title='bbox 2706 2203 3067 2270; x_wconf 84' lang='grc' dir='ltr'>Πνεύματος.</span> <span class='ocrx_word' id='word_1_693' title='bbox 3094 2200 3320 2269; x_wconf 85' lang='grc' dir='ltr'>Πνεῦμα</span> <span class='ocrx_word' id='word_1_694' title='bbox 3350 2200 3486 2269; x_wconf 82' lang='grc' dir='ltr'>αὐτῇ</span> <span class='ocrx_word' id='word_1_695' title='bbox 3525 2198 3685 2251; x_wconf 85' lang='grc' dir='ltr'>δίδω-</span> 
     </span>
    </p>
   </div>
   <div class='ocr_carea' id='block_1_89' title="bbox 2099 2281 3685 2356">
    <p class='ocr_par' dir='ltr' id='par_1_89' title="bbox 2099 2281 3685 2356">
     <span class='ocr_line' id='line_1_89' title="bbox 2099 2281 3685 2356; baseline -0.002 -20"><span class='ocrx_word' id='word_1_696' title='bbox 2099 2299 2201 2338; x_wconf 90' lang='grc' dir='ltr'>σιν.</span> <span class='ocrx_word' id='word_1_697' title='bbox 2248 2281 2383 2338; x_wconf 78' lang='grc' dir='ltr'>Εἶτά</span> <span class='ocrx_word' id='word_1_698' title='bbox 2420 2301 2607 2356; x_wconf 83' lang='grc' dir='ltr'>φησιν·</span> <span class='ocrx_word' id='word_1_699' title='bbox 2643 2283 2760 2340; x_wconf 87' lang='grc' dir='ltr'>Οὐκ</span> <span class='ocrx_word' id='word_1_700' title='bbox 2800 2286 2878 2349; x_wconf 83' lang='grc' dir='ltr'>είς</span> <span class='ocrx_word' id='word_1_701' title='bbox 2912 2284 3238 2355; x_wconf 85' lang='grc' dir='ltr'>παράδεισόν</span> <span class='ocrx_word' id='word_1_702' title='bbox 3274 2301 3334 2336; x_wconf 91' lang='grc' dir='ltr'>σε</span> <span class='ocrx_word' id='word_1_703' title='bbox 3377 2282 3685 2350; x_wconf 66' lang='grc' dir='ltr'>ἐφύτευσαξ</span> 
     </span>
    </p>
   </div>
   <div class='ocr_carea' id='block_1_90' title="bbox 2095 2364 3690 2436">
    <p class='ocr_par' dir='ltr' id='par_1_90' title="bbox 2095 2364 3690 2436">
     <span class='ocr_line' id='line_1_90' title="bbox 2095 2364 3690 2436; baseline -0.002 -15"><span class='ocrx_word' id='word_1_704' title='bbox 2095 2369 2276 2436; x_wconf 87' lang='grc' dir='ltr'>Λέγει·</span> <span class='ocrx_word' id='word_1_705' title='bbox 2307 2369 2434 2421; x_wconf 88' lang='grc' dir='ltr'>Ναί.</span> <span class='ocrx_word' id='word_1_706' title='bbox 2457 2368 2568 2422; x_wconf 88' lang='lat' dir='ltr'>Kal</span> <span class='ocrx_word' id='word_1_707' title='bbox 2589 2368 2706 2431; x_wconf 86' lang='grc' dir='ltr'>πῶς</span> <span class='ocrx_word' id='word_1_708' title='bbox 2733 2368 2989 2435; x_wconf 77' lang='grc' dir='ltr'>ἐξέπεσες</span> <span class='ocrx_word' id='word_1_709' title='bbox 3012 2368 3253 2431; x_wconf 76' lang='grc' dir='ltr'>ἐκεῖθενς</span> <span class='ocrx_word' id='word_1_710' title='bbox 3288 2364 3491 2421; x_wconf 65' lang='grc' dir='ltr'>*Ηλθεν</span> <span class='ocrx_word' id='word_1_711' title='bbox 3514 2366 3543 2418; x_wconf 91' lang='lat'>6</span> <span class='ocrx_word' id='word_1_712' title='bbox 3569 2365 3690 2418; x_wconf 80' lang='grc' dir='ltr'>διά-</span> 
     </span>
    </p>
   </div>
   <div class='ocr_carea' id='block_1_91' title="bbox 2095 2449 3688 2522">
    <p class='ocr_par' dir='ltr' id='par_1_91' title="bbox 2095 2449 3688 2522">
     <span class='ocr_line' id='line_1_91' title="bbox 2095 2449 3688 2522; baseline 0 -21"><span class='ocrx_word' id='word_1_713' title='bbox 2095 2449 2269 2515; x_wconf 87' lang='grc' dir='ltr'>ϐολος,</span> <span class='ocrx_word' id='word_1_714' title='bbox 2295 2451 2389 2503; x_wconf 73' lang='grc' dir='ltr'>καὶ</span> <span class='ocrx_word' id='word_1_715' title='bbox 2417 2449 2576 2506; x_wconf 86' lang='grc' dir='ltr'>ἔϐαλέ</span> <span class='ocrx_word' id='word_1_716' title='bbox 2610 2468 2678 2521; x_wconf 90' lang='grc' dir='ltr'>με</span> <span class='ocrx_word' id='word_1_717' title='bbox 2700 2452 2807 2504; x_wconf 77' lang='grc' dir='ltr'>άπὸ</span> <span class='ocrx_word' id='word_1_718' title='bbox 2829 2450 2925 2503; x_wconf 83' lang='grc' dir='ltr'>τοῦ</span> <span class='ocrx_word' id='word_1_719' title='bbox 2961 2450 3307 2522; x_wconf 86' lang='grc' dir='ltr'>παραδείσου.</span> <span class='ocrx_word' id='word_1_720' title='bbox 3348 2449 3688 2518; x_wconf 67' lang='grc' dir='ltr'>Ἐφυτεύθης</span> 
     </span>
    </p>
   </div>
   <div class='ocr_carea' id='block_1_92' title="bbox 2096 2533 3683 2606">
    <p class='ocr_par' dir='ltr' id='par_1_92' title="bbox 2096 2533 3683 2606">
     <span class='ocr_line' id='line_1_92' title="bbox 2096 2533 3683 2606; baseline -0.001 -19"><span class='ocrx_word' id='word_1_721' title='bbox 2096 2536 2153 2587; x_wconf 85' lang='grc' dir='ltr'>ἐν</span> <span class='ocrx_word' id='word_1_722' title='bbox 2184 2533 2262 2604; x_wconf 83' lang='grc' dir='ltr'>τῷ</span> <span class='ocrx_word' id='word_1_723' title='bbox 2288 2536 2635 2606; x_wconf 85' lang='grc' dir='ltr'>παραδείσῳ,</span> <span class='ocrx_word' id='word_1_724' title='bbox 2664 2536 2760 2589; x_wconf 74' lang='grc' dir='ltr'>καὶ</span> <span class='ocrx_word' id='word_1_725' title='bbox 2784 2534 2944 2590; x_wconf 85' lang='grc' dir='ltr'>ἔϐαλέ</span> <span class='ocrx_word' id='word_1_726' title='bbox 2984 2553 3044 2589; x_wconf 91' lang='grc' dir='ltr'>σε</span> <span class='ocrx_word' id='word_1_727' title='bbox 3071 2534 3195 2599; x_wconf 81' lang='grc' dir='ltr'>ἔξω·</span> <span class='ocrx_word' id='word_1_728' title='bbox 3232 2535 3341 2588; x_wconf 84' lang='grc' dir='ltr'>ἰδοὺ</span> <span class='ocrx_word' id='word_1_729' title='bbox 3370 2533 3589 2604; x_wconf 85' lang='grc' dir='ltr'>φυτεύω</span> <span class='ocrx_word' id='word_1_730' title='bbox 3622 2552 3683 2586; x_wconf 86' lang='grc' dir='ltr'>σε</span> 
     </span>
    </p>
   </div>
   <div class='ocr_carea' id='block_1_93' title="bbox 2093 2616 3687 2689">
    <p class='ocr_par' dir='ltr' id='par_1_93' title="bbox 2093 2616 3687 2689">
     <span class='ocr_line' id='line_1_93' title="bbox 2093 2616 3687 2689; baseline 0 -20"><span class='ocrx_word' id='word_1_731' title='bbox 2093 2620 2151 2670; x_wconf 88' lang='grc' dir='ltr'>ἐν</span> <span class='ocrx_word' id='word_1_732' title='bbox 2174 2617 2416 2688; x_wconf 79' lang='grc' dir='ltr'>ἐμαυτῷ,</span> <span class='ocrx_word' id='word_1_733' title='bbox 2448 2618 2559 2686; x_wconf 88' lang='grc' dir='ltr'>ἐγώ</span> <span class='ocrx_word' id='word_1_734' title='bbox 2586 2635 2644 2671; x_wconf 89' lang='grc' dir='ltr'>σε</span> <span class='ocrx_word' id='word_1_735' title='bbox 2675 2618 2946 2689; x_wconf 76' lang='grc' dir='ltr'>βαστάζω.</span> <span class='ocrx_word' id='word_1_736' title='bbox 2977 2618 3141 2684; x_wconf 82' lang='grc' dir='ltr'>Πῶς;</span> <span class='ocrx_word' id='word_1_737' title='bbox 3182 2617 3258 2671; x_wconf 91' lang='grc' dir='ltr'>Οὐ</span> <span class='ocrx_word' id='word_1_738' title='bbox 3291 2617 3464 2689; x_wconf 76' lang='grc' dir='ltr'>τολμᾷ</span> <span class='ocrx_word' id='word_1_739' title='bbox 3495 2628 3517 2656; x_wconf 76' lang='grc' dir='ltr'><strong>ο</strong></span> <span class='ocrx_word' id='word_1_740' title='bbox 3556 2616 3687 2688; x_wconf 78' lang='grc' dir='ltr'>ἐμοὶ</span> 
     </span>
    </p>
   </div>
   <div class='ocr_carea' id='block_1_94' title="bbox 2094 2701 3683 2775">
    <p class='ocr_par' dir='ltr' id='par_1_94' title="bbox 2094 2701 3683 2775">
     <span class='ocr_line' id='line_1_94' title="bbox 2094 2701 3683 2775; baseline -0.002 -19"><span class='ocrx_word' id='word_1_741' title='bbox 2094 2702 2433 2774; x_wconf 84' lang='grc' dir='ltr'>προσελθεῖν.</span> <span class='ocrx_word' id='word_1_742' title='bbox 2477 2702 2613 2755; x_wconf 80' lang='grc' dir='ltr'>υύδέ</span> <span class='ocrx_word' id='word_1_743' title='bbox 2657 2703 2739 2767; x_wconf 80' lang='grc' dir='ltr'>εἰς</span> <span class='ocrx_word' id='word_1_744' title='bbox 2785 2703 2878 2756; x_wconf 82' lang='grc' dir='ltr'>τὸν</span> <span class='ocrx_word' id='word_1_745' title='bbox 2922 2703 3150 2775; x_wconf 88' lang='grc' dir='ltr'>οὐρανόν</span> <span class='ocrx_word' id='word_1_746' title='bbox 3196 2720 3256 2756; x_wconf 89' lang='grc' dir='ltr'>σε</span> <span class='ocrx_word' id='word_1_747' title='bbox 3287 2702 3504 2770; x_wconf 86' lang='grc' dir='ltr'>άνάγω·</span> <span class='ocrx_word' id='word_1_748' title='bbox 3543 2701 3683 2755; x_wconf 71' lang='grc' dir='ltr'>ἀλλὰ</span> 
     </span>
    </p>
   </div>
   <div class='ocr_carea' id='block_1_95' title="bbox 2096 2785 3681 2859">
    <p class='ocr_par' dir='ltr' id='par_1_95' title="bbox 2096 2785 3681 2859">
     <span class='ocr_line' id='line_1_95' title="bbox 2096 2785 3681 2859; baseline -0.002 -20"><span class='ocrx_word' id='word_1_749' title='bbox 2096 2789 2282 2859; x_wconf 76' lang='grc' dir='ltr'>μεῖζον</span> <span class='ocrx_word' id='word_1_750' title='bbox 2315 2786 2555 2841; x_wconf 86' lang='grc' dir='ltr'>ἐνταῦθα</span> <span class='ocrx_word' id='word_1_751' title='bbox 2578 2785 2673 2839; x_wconf 88' lang='grc' dir='ltr'>τοῦ</span> <span class='ocrx_word' id='word_1_752' title='bbox 2697 2785 2929 2856; x_wconf 85' lang='grc' dir='ltr'>ούρανοῦ</span> <span class='ocrx_word' id='word_1_753' title='bbox 2950 2803 2966 2818; x_wconf 77' lang='grc' dir='ltr'><strong>ο</strong></span> <span class='ocrx_word' id='word_1_754' title='bbox 2998 2787 3056 2840; x_wconf 85' lang='grc' dir='ltr'>ἐν</span> <span class='ocrx_word' id='word_1_755' title='bbox 3079 2785 3303 2857; x_wconf 82' lang='grc' dir='ltr'>ἐμαυτῷ</span> <span class='ocrx_word' id='word_1_756' title='bbox 3324 2785 3403 2856; x_wconf 89' lang='grc' dir='ltr'>τῷ</span> <span class='ocrx_word' id='word_1_757' title='bbox 3433 2785 3681 2853; x_wconf 87' lang='grc' dir='ltr'>Δεσπότη</span> 
     </span>
    </p>
   </div>
   <div class='ocr_carea' id='block_1_96' title="bbox 2090 2865 3653 2941">
    <p class='ocr_par' dir='ltr' id='par_1_96' title="bbox 2090 2865 3653 2941">
     <span class='ocr_line' id='line_1_96' title="bbox 2090 2865 3653 2941; baseline -0.004 -17"><span class='ocrx_word' id='word_1_758' title='bbox 2090 2870 2185 2924; x_wconf 89' lang='grc' dir='ltr'>τοῦ</span> <span class='ocrx_word' id='word_1_759' title='bbox 2212 2868 2441 2941; x_wconf 74' lang='grc' dir='ltr'>οὐρανοῦ</span> <span class='ocrx_word' id='word_1_760' title='bbox 2466 2870 2725 2941; x_wconf 74' lang='grc' dir='ltr'>βαστάζω</span> <span class='ocrx_word' id='word_1_761' title='bbox 2753 2886 2834 2923; x_wconf 88' lang='grc' dir='ltr'>σε.</span> <span class='ocrx_word' id='word_1_762' title='bbox 2869 2866 3080 2941; x_wconf 80' lang='grc' dir='ltr'>Ποιμὴν</span> <span class='ocrx_word' id='word_1_763' title='bbox 3112 2866 3392 2939; x_wconf 74' lang='grc' dir='ltr'>βαστάζει,</span> <span class='ocrx_word' id='word_1_764' title='bbox 3423 2869 3565 2922; x_wconf 84' lang='grc' dir='ltr'>καὶὸ</span> <span class='ocrx_word' id='word_1_765' title='bbox 3587 2865 3653 2918; x_wconf 82' lang='grc' dir='ltr'>λύ</span> 
     </span>
    </p>
   </div>
   <div class='ocr_carea' id='block_1_97' title="bbox 2093 2948 3683 3024">
    <p class='ocr_par' dir='ltr' id='par_1_97' title="bbox 2093 2948 3683 3024">
     <span class='ocr_line' id='line_1_97' title="bbox 2093 2948 3683 3024; baseline -0.003 -16"><span class='ocrx_word' id='word_1_766' title='bbox 2093 2971 2188 3017; x_wconf 88' lang='grc' dir='ltr'>κος</span> <span class='ocrx_word' id='word_1_767' title='bbox 2217 2955 2400 3008; x_wconf 89' lang='grc' dir='ltr'>οὐκέτι</span> <span class='ocrx_word' id='word_1_768' title='bbox 2424 2953 2645 3024; x_wconf 81' lang='grc' dir='ltr'>ἔρχεται</span> <span class='ocrx_word' id='word_1_769' title='bbox 2665 2968 2681 2983; x_wconf 94' lang='grc'>·</span> <span class='ocrx_word' id='word_1_770' title='bbox 2716 2953 2916 3024; x_wconf 78' lang='grc' dir='ltr'>μᾶλλον</span> <span class='ocrx_word' id='word_1_771' title='bbox 2957 2948 3014 3006; x_wconf 81' lang='grc' dir='ltr'>δέ</span> <span class='ocrx_word' id='word_1_772' title='bbox 3046 2951 3170 3021; x_wconf 73' lang='grc' dir='ltr'>ἀφῶ</span> <span class='ocrx_word' id='word_1_773' title='bbox 3198 2952 3359 3004; x_wconf 76' lang='grc' dir='ltr'>αὐτὸν</span> <span class='ocrx_word' id='word_1_774' title='bbox 3385 2952 3479 3004; x_wconf 71' lang='grc' dir='ltr'>καὶ</span> <span class='ocrx_word' id='word_1_775' title='bbox 3507 2967 3683 3020; x_wconf 86' lang='grc' dir='ltr'>προσ-</span> 
     </span>
    </p>
   </div>
   <div class='ocr_carea' id='block_1_98' title="bbox 2093 3034 3684 3108">
    <p class='ocr_par' dir='ltr' id='par_1_98' title="bbox 2093 3034 3684 3108">
     <span class='ocr_line' id='line_1_98' title="bbox 2093 3034 3684 3108; baseline -0.005 -15"><span class='ocrx_word' id='word_1_776' title='bbox 2093 3039 2287 3093; x_wconf 86' lang='grc' dir='ltr'>ελθεῖν.</span> <span class='ocrx_word' id='word_1_777' title='bbox 2311 3039 2421 3091; x_wconf 89' lang='lat' dir='ltr'>Kal</span> <span class='ocrx_word' id='word_1_778' title='bbox 2450 3037 2704 3108; x_wconf 76' lang='grc' dir='ltr'>βαστάζει</span> <span class='ocrx_word' id='word_1_779' title='bbox 2726 3037 2827 3107; x_wconf 80' lang='grc' dir='ltr'>τὴν</span> <span class='ocrx_word' id='word_1_780' title='bbox 2849 3036 3122 3107; x_wconf 80' lang='grc' dir='ltr'>ἡμετέραν</span> <span class='ocrx_word' id='word_1_781' title='bbox 3160 3035 3350 3105; x_wconf 83' lang='grc' dir='ltr'>φύσιν·</span> <span class='ocrx_word' id='word_1_782' title='bbox 3386 3034 3481 3088; x_wconf 67' lang='grc' dir='ltr'>καὶ</span> <span class='ocrx_word' id='word_1_783' title='bbox 3514 3042 3684 3104; x_wconf 75' lang='grc' dir='ltr'>προσ-</span> 
     </span>
    </p>
   </div>
   <div class='ocr_carea' id='block_1_99' title="bbox 2092 3116 3683 3196">
    <p class='ocr_par' dir='ltr' id='par_1_99' title="bbox 2092 3116 3683 3196">
     <span class='ocr_line' id='line_1_99' title="bbox 2092 3116 3683 3196; baseline -0.006 -18"><span class='ocrx_word' id='word_1_784' title='bbox 2092 3125 2312 3196; x_wconf 82' lang='grc' dir='ltr'>έρχεται</span> <span class='ocrx_word' id='word_1_785' title='bbox 2348 3123 2379 3175; x_wconf 87' lang='lat'>6</span> <span class='ocrx_word' id='word_1_786' title='bbox 2417 3123 2688 3187; x_wconf 86' lang='grc' dir='ltr'>διάϐολος,</span> <span class='ocrx_word' id='word_1_787' title='bbox 2729 3120 2826 3175; x_wconf 67' lang='grc' dir='ltr'>καὶ⁵</span> <span class='ocrx_word' id='word_1_788' title='bbox 2874 3116 3124 3192; x_wconf 85' lang='grc' dir='ltr'>ἡττᾶται.</span> <span class='ocrx_word' id='word_1_789' title='bbox 3195 3118 3497 3187; x_wconf 73' lang='grc' dir='ltr'>Ὲφύτευσά</span> <span class='ocrx_word' id='word_1_790' title='bbox 3530 3134 3586 3169; x_wconf 88' lang='grc' dir='ltr'>σε</span> <span class='ocrx_word' id='word_1_791' title='bbox 3622 3119 3683 3170; x_wconf 81' lang='grc' dir='ltr'>ἐν</span> 
     </span>
    </p>
   </div>
   <div class='ocr_carea' id='block_1_100' title="bbox 2094 3199 3685 3278">
    <p class='ocr_par' dir='ltr' id='par_1_100' title="bbox 2094 3199 3685 3278">
     <span class='ocr_line' id='line_1_100' title="bbox 2094 3199 3685 3278; baseline -0.006 -17"><span class='ocrx_word' id='word_1_792' title='bbox 2094 3206 2336 3278; x_wconf 80' lang='grc' dir='ltr'>ἐμαυτῷ.</span> <span class='ocrx_word' id='word_1_793' title='bbox 2370 3206 2469 3259; x_wconf 90' lang='grc' dir='ltr'>Διά</span> <span class='ocrx_word' id='word_1_794' title='bbox 2505 3205 2664 3259; x_wconf 88' lang='grc' dir='ltr'>τοῦτο</span> <span class='ocrx_word' id='word_1_795' title='bbox 2706 3205 2882 3273; x_wconf 84' lang='grc' dir='ltr'>λέγει,</span> <span class='ocrx_word' id='word_1_796' title='bbox 2945 3202 3088 3273; x_wconf 82' lang='grc' dir='ltr'>Ἐ’τὼ</span> <span class='ocrx_word' id='word_1_797' title='bbox 3132 3203 3170 3269; x_wconf 75' lang='grc' dir='ltr'>ἡ</span> <span class='ocrx_word' id='word_1_798' title='bbox 3208 3200 3359 3271; x_wconf 74' lang='grc' dir='ltr'>ρίζὶι,</span> <span class='ocrx_word' id='word_1_799' title='bbox 3393 3199 3563 3278; x_wconf 77' lang='grc' dir='ltr'>ὑμεῖς</span> <span class='ocrx_word' id='word_1_800' title='bbox 3608 3200 3685 3252; x_wconf 81' lang='grc' dir='ltr'>τὰ</span> 
     </span>
    </p>
   </div>
   <div class='ocr_carea' id='block_1_101' title="bbox 2095 3276 3685 3361">
    <p class='ocr_par' dir='ltr' id='par_1_101' title="bbox 2095 3276 3685 3361">
     <span class='ocr_line' id='line_1_101' title="bbox 2095 3276 3685 3361; baseline -0.006 -15"><span class='ocrx_word' id='word_1_801' title='bbox 2095 3276 2394 3361; x_wconf 56' lang='grc' dir='ltr'>κξιήμίὶτα·</span> <span class='ocrx_word' id='word_1_802' title='bbox 2441 3289 2537 3343; x_wconf 79' lang='grc' dir='ltr'>καὶ</span> <span class='ocrx_word' id='word_1_803' title='bbox 2594 3288 2892 3357; x_wconf 75' lang='grc' dir='ltr'>ἐφύτευσεν</span> <span class='ocrx_word' id='word_1_804' title='bbox 2939 3286 3109 3359; x_wconf 72' lang='grc' dir='ltr'>αὐτὴν</span> <span class='ocrx_word' id='word_1_805' title='bbox 3143 3287 3203 3339; x_wconf 92' lang='grc' dir='ltr'>ἐν</span> <span class='ocrx_word' id='word_1_806' title='bbox 3246 3285 3446 3355; x_wconf 85' lang='grc' dir='ltr'>ἐαυτῷ.</span> <span class='ocrx_word' id='word_1_807' title='bbox 3478 3276 3596 3337; x_wconf 80' lang='lat' dir='ltr'>Kal</span> <span class='ocrx_word' id='word_1_808' title='bbox 3629 3282 3685 3336; x_wconf 87' lang='grc' dir='ltr'>τί</span> 
     </span>
    </p>
   </div>
   <div class='ocr_carea' id='block_1_102' title="bbox 2094 3367 3683 3445">
    <p class='ocr_par' dir='ltr' id='par_1_102' title="bbox 2094 3367 3683 3445">
     <span class='ocr_line' id='line_1_102' title="bbox 2094 3367 3683 3445; baseline -0.004 -18"><span class='ocrx_word' id='word_1_809' title='bbox 2094 3375 2314 3437; x_wconf 87' lang='grc' dir='ltr'>λοιπόν;</span> <span class='ocrx_word' id='word_1_810' title='bbox 2350 3373 2509 3426; x_wconf 82' lang='grc' dir='ltr'>Ἀλλά</span> <span class='ocrx_word' id='word_1_811' title='bbox 2530 3370 2854 3445; x_wconf 77' lang='grc' dir='ltr'>ἁμαρτωλός</span> <span class='ocrx_word' id='word_1_812' title='bbox 2875 3372 3011 3441; x_wconf 87' lang='grc' dir='ltr'>εἰμι,</span> <span class='ocrx_word' id='word_1_813' title='bbox 3039 3371 3193 3441; x_wconf 61' lang='grc' dir='ltr'>φησι,</span> <span class='ocrx_word' id='word_1_814' title='bbox 3223 3368 3319 3423; x_wconf 71' lang='grc' dir='ltr'>καὶ</span> <span class='ocrx_word' id='word_1_815' title='bbox 3347 3367 3683 3439; x_wconf 76' lang='grc' dir='ltr'>ἀκάθαρτος.</span> 
     </span>
    </p>
   </div>
   <div class='ocr_carea' id='block_1_103' title="bbox 2096 3450 3682 3532">
    <p class='ocr_par' dir='ltr' id='par_1_103' title="bbox 2096 3450 3682 3532">
     <span class='ocr_line' id='line_1_103' title="bbox 2096 3450 3682 3532; baseline -0.006 -18"><span class='ocrx_word' id='word_1_816' title='bbox 2096 3461 2188 3532; x_wconf 88' lang='grc' dir='ltr'>Μή</span> <span class='ocrx_word' id='word_1_817' title='bbox 2214 3478 2295 3513; x_wconf 86' lang='grc' dir='ltr'>σοι</span> <span class='ocrx_word' id='word_1_818' title='bbox 2326 3459 2556 3530; x_wconf 83' lang='grc' dir='ltr'>μελέτω,</span> <span class='ocrx_word' id='word_1_819' title='bbox 2590 3456 2773 3527; x_wconf 72' lang='grc' dir='ltr'>ἱατρός</span> <span class='ocrx_word' id='word_1_820' title='bbox 2800 3458 2935 3526; x_wconf 75' lang='grc' dir='ltr'>εἰμι.</span> <span class='ocrx_word' id='word_1_821' title='bbox 2963 3451 3095 3508; x_wconf 79' lang='grc' dir='ltr'>Οἶδα</span> <span class='ocrx_word' id='word_1_822' title='bbox 3123 3455 3184 3507; x_wconf 84' lang='grc' dir='ltr'>τὸ</span> <span class='ocrx_word' id='word_1_823' title='bbox 3217 3450 3410 3516; x_wconf 72' lang='grc' dir='ltr'>σκεῦος</span> <span class='ocrx_word' id='word_1_824' title='bbox 3436 3451 3499 3505; x_wconf 74' lang='grc' dir='ltr'>τὸ</span> <span class='ocrx_word' id='word_1_825' title='bbox 3526 3451 3682 3522; x_wconf 79' lang='grc' dir='ltr'>ἐμὸν.</span> 
     </span>
    </p>
   </div>
   <div class='ocr_carea' id='block_1_104' title="bbox 2094 3532 3689 3612">
    <p class='ocr_par' dir='ltr' id='par_1_104' title="bbox 2094 3532 3689 3612">
     <span class='ocr_line' id='line_1_104' title="bbox 2094 3532 3689 3612; baseline -0.006 -15"><span class='ocrx_word' id='word_1_826' title='bbox 2094 3539 2212 3597; x_wconf 83' lang='grc' dir='ltr'>οῖδα</span> <span class='ocrx_word' id='word_1_827' title='bbox 2252 3542 2370 3606; x_wconf 87' lang='grc' dir='ltr'>πῶς</span> <span class='ocrx_word' id='word_1_828' title='bbox 2415 3541 2737 3612; x_wconf 77' lang='grc' dir='ltr'>διεστράφη.</span> <span class='ocrx_word' id='word_1_829' title='bbox 2779 3539 3011 3609; x_wconf 82' lang='grc' dir='ltr'>ιιήλινον</span> <span class='ocrx_word' id='word_1_830' title='bbox 3058 3532 3126 3609; x_wconf 80' lang='grc' dir='ltr'>ἦν</span> <span class='ocrx_word' id='word_1_831' title='bbox 3170 3536 3275 3607; x_wconf 85' lang='grc' dir='ltr'>πρὸ</span> <span class='ocrx_word' id='word_1_832' title='bbox 3314 3536 3539 3599; x_wconf 87' lang='grc' dir='ltr'>τούτου,</span> <span class='ocrx_word' id='word_1_833' title='bbox 3586 3533 3689 3588; x_wconf 71' lang='grc' dir='ltr'>καὶ</span> 
     </span>
    </p>
   </div>
   <div class='ocr_carea' id='block_1_105' title="bbox 2096 3618 3687 3699">
    <p class='ocr_par' dir='ltr' id='par_1_105' title="bbox 2096 3618 3687 3699">
     <span class='ocr_line' id='line_1_105' title="bbox 2096 3618 3687 3699; baseline -0.009 -16"><span class='ocrx_word' id='word_1_834' title='bbox 2096 3627 2417 3699; x_wconf 82' lang='grc' dir='ltr'>διεστράφη.</span> <span class='ocrx_word' id='word_1_835' title='bbox 2458 3623 2816 3679; x_wconf 80' lang='grc' dir='ltr'>Ἂναπλάττω</span> <span class='ocrx_word' id='word_1_836' title='bbox 2836 3622 2967 3675; x_wconf 82' lang='grc' dir='ltr'>αὐτὸ</span> <span class='ocrx_word' id='word_1_837' title='bbox 2999 3620 3087 3674; x_wconf 80' lang='grc' dir='ltr'>διὰ</span> <span class='ocrx_word' id='word_1_838' title='bbox 3101 3618 3328 3693; x_wconf 80' lang='grc' dir='ltr'>λουτροῦ</span> <span class='ocrx_word' id='word_1_839' title='bbox 3360 3619 3687 3686; x_wconf 82' lang='grc' dir='ltr'>παλιγγενε-</span> 
     </span>
    </p>
   </div>
   <div class='ocr_carea' id='block_1_106' title="bbox 2101 3700 3685 3781">
    <p class='ocr_par' dir='ltr' id='par_1_106' title="bbox 2101 3700 3685 3781">
     <span class='ocr_line' id='line_1_106' title="bbox 2101 3700 3685 3781; baseline -0.006 -16"><span class='ocrx_word' id='word_1_840' title='bbox 2101 3711 2240 3775; x_wconf 87' lang='grc' dir='ltr'>σίας,</span> <span class='ocrx_word' id='word_1_841' title='bbox 2267 3711 2363 3765; x_wconf 76' lang='lat' dir='ltr'><strong>xal</strong></span> <span class='ocrx_word' id='word_1_842' title='bbox 2384 3707 2731 3781; x_wconf 86' lang='grc' dir='ltr'>παραδίδωμι</span> <span class='ocrx_word' id='word_1_843' title='bbox 2755 3705 2888 3760; x_wconf 83' lang='grc' dir='ltr'>αὐτὸ</span> <span class='ocrx_word' id='word_1_844' title='bbox 2909 3704 2986 3776; x_wconf 85' lang='grc' dir='ltr'>τῷ</span> <span class='ocrx_word' id='word_1_845' title='bbox 3016 3703 3169 3776; x_wconf 89' lang='grc' dir='ltr'>πυρί.</span> <span class='ocrx_word' id='word_1_846' title='bbox 3193 3700 3336 3773; x_wconf 83' lang='grc' dir='ltr'>Ὅρα</span> <span class='ocrx_word' id='word_1_847' title='bbox 3353 3702 3461 3774; x_wconf 90' lang='grc' dir='ltr'>γάρ</span> <span class='ocrx_word' id='word_1_848' title='bbox 3482 3719 3495 3731; x_wconf 91' lang='grc'>·</span> <span class='ocrx_word' id='word_1_849' title='bbox 3522 3701 3685 3755; x_wconf 88' lang='grc' dir='ltr'>ἔλαϐε</span> 
     </span>
    </p>
   </div>
   <div class='ocr_carea' id='block_1_107' title="bbox 2098 3785 3689 3867">
    <p class='ocr_par' dir='ltr' id='par_1_107' title="bbox 2098 3785 3689 3867">
     <span class='ocr_line' id='line_1_107' title="bbox 2098 3785 3689 3867; baseline -0.009 -17"><span class='ocrx_word' id='word_1_850' title='bbox 2098 3795 2228 3867; x_wconf 87' lang='grc' dir='ltr'>χοῦν</span> <span class='ocrx_word' id='word_1_851' title='bbox 2257 3795 2364 3849; x_wconf 79' lang='grc' dir='ltr'>ἀπὸ</span> <span class='ocrx_word' id='word_1_852' title='bbox 2388 3794 2488 3865; x_wconf 84' lang='grc' dir='ltr'>τῆς</span> <span class='ocrx_word' id='word_1_853' title='bbox 2516 3793 2639 3863; x_wconf 85' lang='grc' dir='ltr'>γῆς,</span> <span class='ocrx_word' id='word_1_854' title='bbox 2668 3789 2764 3845; x_wconf 78' lang='grc' dir='ltr'>καὶ</span> <span class='ocrx_word' id='word_1_855' title='bbox 2793 3788 3019 3860; x_wconf 79' lang='grc' dir='ltr'>ἐποίησε</span> <span class='ocrx_word' id='word_1_856' title='bbox 3054 3786 3145 3840; x_wconf 81' lang='grc' dir='ltr'>τὸν</span> <span class='ocrx_word' id='word_1_857' title='bbox 3184 3786 3489 3857; x_wconf 77' lang='grc' dir='ltr'>ἄνθρωπον·</span> <span class='ocrx_word' id='word_1_858' title='bbox 3517 3785 3689 3867; x_wconf 71' lang='grc' dir='ltr'>ἔπλα-</span> 
     </span>
    </p>
   </div>
   <div class='ocr_carea' id='block_1_108' title="bbox 2100 3862 3689 3939">
    <p class='ocr_par' dir='ltr' id='par_1_108' title="bbox 2100 3862 3689 3939">
     <span class='ocr_line' id='line_1_108' title="bbox 2100 3862 3689 3939; baseline -0.01 -5"><span class='ocrx_word' id='word_1_859' title='bbox 2100 3862 2192 3934; x_wconf 62' lang='grc' dir='ltr'>σεν</span> <span class='ocrx_word' id='word_1_860' title='bbox 2220 3879 2405 3933; x_wconf 88' lang='grc' dir='ltr'>αὐτόν.</span> <span class='ocrx_word' id='word_1_861' title='bbox 2433 3862 2639 3931; x_wconf 52' lang='grc' dir='ltr'>θΗλθεν</span> <span class='ocrx_word' id='word_1_862' title='bbox 2661 3877 2689 3928; x_wconf 91' lang='lat'>6</span> <span class='ocrx_word' id='word_1_863' title='bbox 2708 3872 2971 3936; x_wconf 84' lang='grc' dir='ltr'>διάϐολος,</span> <span class='ocrx_word' id='word_1_864' title='bbox 3002 3869 3319 3939; x_wconf 70' lang='grc' dir='ltr'>διέστρεφεν</span> <span class='ocrx_word' id='word_1_865' title='bbox 3344 3868 3525 3922; x_wconf 87' lang='grc' dir='ltr'>αὐτόν.</span> <span class='ocrx_word' id='word_1_866' title='bbox 3552 3862 3689 3920; x_wconf 79' lang='grc' dir='ltr'>’Ἥλ-</span> 
     </span>
    </p>
   </div>
   <div class='ocr_carea' id='block_1_109' title="bbox 2100 3951 3688 4025">
    <p class='ocr_par' dir='ltr' id='par_1_109' title="bbox 2100 3951 3688 4025">
     <span class='ocr_line' id='line_1_109' title="bbox 2100 3951 3688 4025; baseline -0.01 -8"><span class='ocrx_word' id='word_1_867' title='bbox 2100 3964 2191 4018; x_wconf 89' lang='grc' dir='ltr'>θεν</span> <span class='ocrx_word' id='word_1_868' title='bbox 2218 3961 2414 4024; x_wconf 75' lang='grc' dir='ltr'>αὐτὸς.</span> <span class='ocrx_word' id='word_1_869' title='bbox 2458 3957 2619 4012; x_wconf 84' lang='grc' dir='ltr'>ἔλαϐε</span> <span class='ocrx_word' id='word_1_870' title='bbox 2647 3957 2831 4019; x_wconf 87' lang='grc' dir='ltr'>πάλιν,</span> <span class='ocrx_word' id='word_1_871' title='bbox 2869 3955 3211 4025; x_wconf 83' lang='grc' dir='ltr'>ἀνεφύρασεν</span> <span class='ocrx_word' id='word_1_872' title='bbox 3254 3951 3437 4014; x_wconf 74' lang='grc' dir='ltr'>αὐτὸν,</span> <span class='ocrx_word' id='word_1_873' title='bbox 3479 3952 3688 4020; x_wconf 68' lang='grc' dir='ltr'>άνεχιῦα</span> 
     </span>
    </p>
   </div>
   <div class='ocr_carea' id='block_1_110' title="bbox 2098 4033 3687 4111">
    <p class='ocr_par' dir='ltr' id='par_1_110' title="bbox 2098 4033 3687 4111">
     <span class='ocr_line' id='line_1_110' title="bbox 2098 4033 3687 4111; baseline -0.011 -11"><span class='ocrx_word' id='word_1_874' title='bbox 2098 4056 2289 4100; x_wconf 85' lang='grc' dir='ltr'>νευσεν</span> <span class='ocrx_word' id='word_1_875' title='bbox 2328 4042 2493 4097; x_wconf 81' lang='grc' dir='ltr'>αὐτὸν</span> <span class='ocrx_word' id='word_1_876' title='bbox 2534 4043 2593 4094; x_wconf 85' lang='grc' dir='ltr'>ἐν</span> <span class='ocrx_word' id='word_1_877' title='bbox 2639 4039 2719 4111; x_wconf 85' lang='grc' dir='ltr'>τῷ</span> <span class='ocrx_word' id='word_1_878' title='bbox 2754 4038 3119 4109; x_wconf 83' lang='grc' dir='ltr'>βαπτίσματι,</span> <span class='ocrx_word' id='word_1_879' title='bbox 3160 4033 3276 4089; x_wconf 81' lang='grc' dir='ltr'>ἀλλ’</span> <span class='ocrx_word' id='word_1_880' title='bbox 3324 4034 3427 4087; x_wconf 83' lang='grc' dir='ltr'>οὐκ</span> <span class='ocrx_word' id='word_1_881' title='bbox 3466 4034 3687 4102; x_wconf 69' lang='grc' dir='ltr'>ἀφῆκεν</span> 
     </span>
    </p>
   </div>
   <div class='ocr_carea' id='block_1_111' title="bbox 2098 4115 3686 4199">
    <p class='ocr_par' dir='ltr' id='par_1_111' title="bbox 2098 4115 3686 4199">
     <span class='ocr_line' id='line_1_111' title="bbox 2098 4115 3686 4199; baseline -0.01 -16"><span class='ocrx_word' id='word_1_882' title='bbox 2098 4126 2248 4199; x_wconf 87' lang='grc' dir='ltr'>αὐτῷ</span> <span class='ocrx_word' id='word_1_883' title='bbox 2296 4124 2519 4197; x_wconf 86' lang='grc' dir='ltr'>πήλινον</span> <span class='ocrx_word' id='word_1_884' title='bbox 2568 4116 2709 4177; x_wconf 76' lang='grc' dir='ltr'>εἶναι</span> <span class='ocrx_word' id='word_1_885' title='bbox 2756 4120 2821 4175; x_wconf 79' lang='grc' dir='ltr'>τὸ</span> <span class='ocrx_word' id='word_1_886' title='bbox 2866 4120 3062 4191; x_wconf 86' lang='grc' dir='ltr'>σῶμα,</span> <span class='ocrx_word' id='word_1_887' title='bbox 3093 4118 3210 4173; x_wconf 81' lang='grc' dir='ltr'>ἀλλ’</span> <span class='ocrx_word' id='word_1_888' title='bbox 3255 4117 3509 4187; x_wconf 79' lang='grc' dir='ltr'>ἐποίησεν</span> <span class='ocrx_word' id='word_1_889' title='bbox 3545 4115 3686 4169; x_wconf 72' lang='grc' dir='ltr'>αὐτὸ</span> 
     </span>
    </p>
   </div>
   <div class='ocr_carea' id='block_1_112' title="bbox 2097 4199 3683 4281">
    <p class='ocr_par' dir='ltr' id='par_1_112' title="bbox 2097 4199 3683 4281">
     <span class='ocr_line' id='line_1_112' title="bbox 2097 4199 3683 4281; baseline -0.01 -14"><span class='ocrx_word' id='word_1_890' title='bbox 2097 4211 2441 4281; x_wconf 89' lang='grc' dir='ltr'>όστράκινον.</span> <span class='ocrx_word' id='word_1_891' title='bbox 2472 4205 2762 4278; x_wconf 88' lang='grc' dir='ltr'>Παρέδωκε</span> <span class='ocrx_word' id='word_1_892' title='bbox 2789 4204 2883 4258; x_wconf 80' lang='grc' dir='ltr'>τὸν</span> <span class='ocrx_word' id='word_1_893' title='bbox 2916 4202 3088 4274; x_wconf 77' lang='grc' dir='ltr'>πηλὸν</span> <span class='ocrx_word' id='word_1_894' title='bbox 3119 4200 3199 4272; x_wconf 84' lang='grc' dir='ltr'>τῷ</span> <span class='ocrx_word' id='word_1_895' title='bbox 3232 4200 3369 4272; x_wconf 79' lang='grc' dir='ltr'>πυρὶ</span> <span class='ocrx_word' id='word_1_896' title='bbox 3393 4199 3486 4253; x_wconf 80' lang='grc' dir='ltr'>τοῦ</span> <span class='ocrx_word' id='word_1_897' title='bbox 3510 4200 3683 4254; x_wconf 47' lang='grc' dir='ltr'>Πνεύκ</span> 
     </span>
    </p>
   </div>
   <div class='ocr_carea' id='block_1_113' title="bbox 2102 4283 3680 4368">
    <p class='ocr_par' dir='ltr' id='par_1_113' title="bbox 2102 4283 3680 4368">
     <span class='ocr_line' id='line_1_113' title="bbox 2102 4283 3680 4368; baseline -0.009 -20"><span class='ocrx_word' id='word_1_898' title='bbox 2102 4309 2300 4368; x_wconf 90' lang='grc' dir='ltr'>ματος·</span> <span class='ocrx_word' id='word_1_899' title='bbox 2330 4290 2524 4356; x_wconf 80' lang='grc' dir='ltr'>Αὐτὸς</span> <span class='ocrx_word' id='word_1_900' title='bbox 2555 4287 2710 4359; x_wconf 83' lang='grc' dir='ltr'>ὑμᾶς</span> <span class='ocrx_word' id='word_1_901' title='bbox 2744 4286 3029 4353; x_wconf 77' lang='grc' dir='ltr'>βαπτίσει</span> <span class='ocrx_word' id='word_1_902' title='bbox 3056 4285 3127 4339; x_wconf 82' lang='grc' dir='ltr'>ἐν</span> <span class='ocrx_word' id='word_1_903' title='bbox 3160 4283 3642 4368; x_wconf 26' lang='grc' dir='ltr'>Πνεύματιυάγίῳ</span> <span class='ocrx_word' id='word_1_904' title='bbox 3664 4324 3680 4348; x_wconf 90' lang='grc'>,</span> 
     </span>
    </p>
   </div>
   <div class='ocr_carea' id='block_1_114' title="bbox 2102 4366 3686 4444">
    <p class='ocr_par' dir='ltr' id='par_1_114' title="bbox 2102 4366 3686 4444">
     <span class='ocr_line' id='line_1_114' title="bbox 2102 4366 3686 4444; baseline -0.009 -12"><span class='ocrx_word' id='word_1_905' title='bbox 2102 4366 2202 4432; x_wconf 67' lang='grc' dir='ltr'>καὶ</span> <span class='ocrx_word' id='word_1_906' title='bbox 2227 4375 2394 4444; x_wconf 82' lang='grc' dir='ltr'>πυρί·</span> <span class='ocrx_word' id='word_1_907' title='bbox 2418 4376 2476 4427; x_wconf 88' lang='grc' dir='ltr'>ἐν</span> <span class='ocrx_word' id='word_1_908' title='bbox 2499 4370 2675 4439; x_wconf 83' lang='grc' dir='ltr'>ὑδατι,</span> <span class='ocrx_word' id='word_1_909' title='bbox 2703 4372 2790 4425; x_wconf 76' lang='grc' dir='ltr'>ἵνα</span> <span class='ocrx_word' id='word_1_910' title='bbox 2818 4368 3160 4440; x_wconf 75' lang='grc' dir='ltr'>ἀναπλασθῇ·</span> <span class='ocrx_word' id='word_1_911' title='bbox 3186 4369 3243 4421; x_wconf 86' lang='grc' dir='ltr'>ἐν</span> <span class='ocrx_word' id='word_1_912' title='bbox 3268 4367 3424 4438; x_wconf 72' lang='grc' dir='ltr'>πυρὶ,</span> <span class='ocrx_word' id='word_1_913' title='bbox 3457 4366 3545 4420; x_wconf 81' lang='grc' dir='ltr'>ἵνα</span> <span class='ocrx_word' id='word_1_914' title='bbox 3566 4380 3686 4419; x_wconf 82' lang='grc' dir='ltr'>στε-</span> 
     </span>
    </p>
   </div>
   <div class='ocr_carea' id='block_1_115' title="bbox 2101 4450 3685 4534">
    <p class='ocr_par' dir='ltr' id='par_1_115' title="bbox 2101 4450 3685 4534">
     <span class='ocr_line' id='line_1_115' title="bbox 2101 4450 3685 4534; baseline -0.008 -20"><span class='ocrx_word' id='word_1_915' title='bbox 2101 4454 2302 4534; x_wconf 78' lang='grc' dir='ltr'>ρεωθῇ.</span> <span class='ocrx_word' id='word_1_916' title='bbox 2342 4456 2443 4511; x_wconf 90' lang='grc' dir='ltr'>Διά</span> <span class='ocrx_word' id='word_1_917' title='bbox 2482 4456 2640 4511; x_wconf 85' lang='grc' dir='ltr'>τοῦτο</span> <span class='ocrx_word' id='word_1_918' title='bbox 2669 4458 2697 4509; x_wconf 89' lang='lat'>6</span> <span class='ocrx_word' id='word_1_919' title='bbox 2724 4452 3020 4526; x_wconf 76' lang='grc' dir='ltr'>Προφήτης</span> <span class='ocrx_word' id='word_1_920' title='bbox 3052 4451 3259 4507; x_wconf 79' lang='grc' dir='ltr'>ἄνωθεν</span> <span class='ocrx_word' id='word_1_921' title='bbox 3291 4450 3685 4523; x_wconf 87' lang='grc' dir='ltr'>προαγορεύων</span> 
     </span>
    </p>
   </div>
   <div class='ocr_carea' id='block_1_116' title="bbox 2100 4534 3683 4614">
    <p class='ocr_par' dir='ltr' id='par_1_116' title="bbox 2100 4534 3683 4614">
     <span class='ocr_line' id='line_1_116' title="bbox 2100 4534 3683 4614; baseline -0.008 -15"><span class='ocrx_word' id='word_1_922' title='bbox 2100 4545 2304 4614; x_wconf 86' lang='grc' dir='ltr'>ἔλεγεν·</span> <span class='ocrx_word' id='word_1_923' title='bbox 2349 4539 2443 4610; x_wconf 80' lang='grc' dir='ltr'>Ὡς</span> <span class='ocrx_word' id='word_1_924' title='bbox 2475 4542 2665 4607; x_wconf 83' lang='grc' dir='ltr'>σκεύη</span> <span class='ocrx_word' id='word_1_925' title='bbox 2710 4536 3005 4608; x_wconf 74' lang='grc' dir='ltr'>κεραμέως</span> <span class='ocrx_word' id='word_1_926' title='bbox 3034 4536 3388 4603; x_wconf 65' lang='grc' dir='ltr'>συντρίψας</span> <span class='ocrx_word' id='word_1_927' title='bbox 3436 4534 3683 4599; x_wconf 79' lang='grc' dir='ltr'>αὐτούς.</span> 
     </span>
    </p>
   </div>
   <div class='ocr_carea' id='block_1_117' title="bbox 2107 4617 3678 4693">
    <p class='ocr_par' dir='ltr' id='par_1_117' title="bbox 2107 4617 3678 4693">
     <span class='ocr_line' id='line_1_117' title="bbox 2107 4617 3678 4693; baseline -0.008 -11"><span class='ocrx_word' id='word_1_928' title='bbox 2107 4631 2223 4683; x_wconf 85' lang='grc' dir='ltr'>Οὐκ</span> <span class='ocrx_word' id='word_1_929' title='bbox 2252 4623 2425 4692; x_wconf 74' lang='grc' dir='ltr'>εἶπεν,</span> <span class='ocrx_word' id='word_1_930' title='bbox 2452 4626 2527 4689; x_wconf 80' lang='grc' dir='ltr'>ὡς</span> <span class='ocrx_word' id='word_1_931' title='bbox 2554 4625 2722 4693; x_wconf 87' lang='grc' dir='ltr'>σκεύη</span> <span class='ocrx_word' id='word_1_932' title='bbox 2751 4620 3064 4692; x_wconf 79' lang='grc' dir='ltr'>ὀστράκινα,</span> <span class='ocrx_word' id='word_1_933' title='bbox 3087 4620 3121 4673; x_wconf 81' lang='grc' dir='ltr'><strong>ἂ</strong></span> <span class='ocrx_word' id='word_1_934' title='bbox 3138 4618 3366 4681; x_wconf 74' lang='grc' dir='ltr'>ἕκαστος</span> <span class='ocrx_word' id='word_1_935' title='bbox 3394 4617 3678 4687; x_wconf 74' lang='grc' dir='ltr'>κέκτηται·</span> 
     </span>
    </p>
   </div>
   <div class='ocr_carea' id='block_1_118' title="bbox 2097 4699 3684 4782">
    <p class='ocr_par' dir='ltr' id='par_1_118' title="bbox 2097 4699 3684 4782">
     <span class='ocr_line' id='line_1_118' title="bbox 2097 4699 3684 4782; baseline -0.009 -15"><span class='ocrx_word' id='word_1_936' title='bbox 2097 4712 2212 4767; x_wconf 86' lang='grc' dir='ltr'>ἔστι</span> <span class='ocrx_word' id='word_1_937' title='bbox 2243 4712 2353 4782; x_wconf 81' lang='grc' dir='ltr'>γάρ</span> <span class='ocrx_word' id='word_1_938' title='bbox 2386 4709 2553 4780; x_wconf 78' lang='grc' dir='ltr'>σκεύη</span> <span class='ocrx_word' id='word_1_939' title='bbox 2587 4706 2875 4779; x_wconf 87' lang='grc' dir='ltr'>κεραμέως</span> <span class='ocrx_word' id='word_1_940' title='bbox 2903 4705 3115 4764; x_wconf 86' lang='grc' dir='ltr'>ἐκεῖνα,</span> <span class='ocrx_word' id='word_1_941' title='bbox 3147 4702 3182 4756; x_wconf 81' lang='grc' dir='ltr'>ἃ</span> <span class='ocrx_word' id='word_1_942' title='bbox 3215 4699 3505 4773; x_wconf 78' lang='grc' dir='ltr'>ἐργάζεται</span> <span class='ocrx_word' id='word_1_943' title='bbox 3531 4703 3559 4753; x_wconf 91' lang='lat'>6</span> <span class='ocrx_word' id='word_1_944' title='bbox 3590 4719 3684 4754; x_wconf 88' lang='grc' dir='ltr'>κε-</span> 
     </span>
    </p>
   </div>
   <div class='ocr_carea' id='block_1_119' title="bbox 2104 4785 3686 4868">
    <p class='ocr_par' dir='ltr' id='par_1_119' title="bbox 2104 4785 3686 4868">
     <span class='ocr_line' id='line_1_119' title="bbox 2104 4785 3686 4868; baseline -0.009 -18"><span class='ocrx_word' id='word_1_945' title='bbox 2104 4795 2309 4868; x_wconf 84' lang='grc' dir='ltr'>ραμεὺς</span> <span class='ocrx_word' id='word_1_946' title='bbox 2342 4795 2399 4847; x_wconf 90' lang='grc' dir='ltr'>ἐν</span> <span class='ocrx_word' id='word_1_947' title='bbox 2424 4792 2503 4863; x_wconf 90' lang='grc' dir='ltr'>τῷ</span> <span class='ocrx_word' id='word_1_948' title='bbox 2539 4790 2735 4862; x_wconf 86' lang='grc' dir='ltr'>τροχῷ·</span> <span class='ocrx_word' id='word_1_949' title='bbox 2773 4788 2909 4843; x_wconf 80' lang='grc' dir='ltr'>ἀλλὰ</span> <span class='ocrx_word' id='word_1_950' title='bbox 2947 4789 3014 4841; x_wconf 88' lang='grc' dir='ltr'>τὰ</span> <span class='ocrx_word' id='word_1_951' title='bbox 3046 4786 3215 4855; x_wconf 90' lang='grc' dir='ltr'>σκεύη</span> <span class='ocrx_word' id='word_1_952' title='bbox 3250 4785 3346 4838; x_wconf 88' lang='grc' dir='ltr'>τοῦ</span> <span class='ocrx_word' id='word_1_953' title='bbox 3392 4785 3686 4868; x_wconf 74' lang='grc' dir='ltr'>κεραμέως</span> 
     </span>
    </p>
   </div>
   <div class='ocr_carea' id='block_1_120' title="bbox 2099 4864 3685 4951">
    <p class='ocr_par' dir='ltr' id='par_1_120' title="bbox 2099 4864 3685 4951">
     <span class='ocr_line' id='line_1_120' title="bbox 2099 4864 3685 4951; baseline -0.009 -17"><span class='ocrx_word' id='word_1_954' title='bbox 2099 4864 2323 4951; x_wconf 82' lang='grc' dir='ltr'>πήλινα,</span> <span class='ocrx_word' id='word_1_955' title='bbox 2345 4877 2416 4929; x_wconf 86' lang='grc' dir='ltr'>τὰ</span> <span class='ocrx_word' id='word_1_956' title='bbox 2437 4876 2493 4931; x_wconf 79' lang='grc' dir='ltr'>δέ</span> <span class='ocrx_word' id='word_1_957' title='bbox 2522 4874 2768 4945; x_wconf 87' lang='grc' dir='ltr'>ἡμέτερα</span> <span class='ocrx_word' id='word_1_958' title='bbox 2799 4871 3122 4941; x_wconf 82' lang='grc' dir='ltr'>ὀστράκινα.</span> <span class='ocrx_word' id='word_1_959' title='bbox 3147 4867 3559 4938; x_wconf 84' lang='grc' dir='ltr'>Προαναφωνῶν</span> <span class='ocrx_word' id='word_1_960' title='bbox 3588 4864 3685 4921; x_wconf 80' lang='grc' dir='ltr'>οὖν</span> 
     </span>
    </p>
   </div>
   <div class='ocr_carea' id='block_1_121' title="bbox 2097 4952 3681 5033">
    <p class='ocr_par' dir='ltr' id='par_1_121' title="bbox 2097 4952 3681 5033">
     <span class='ocr_line' id='line_1_121' title="bbox 2097 4952 3681 5033; baseline -0.009 -17"><span class='ocrx_word' id='word_1_961' title='bbox 2097 4960 2195 5033; x_wconf 81' lang='grc' dir='ltr'>τὴν</span> <span class='ocrx_word' id='word_1_962' title='bbox 2226 4959 2315 5015; x_wconf 73' lang='grc' dir='ltr'>διὰ</span> <span class='ocrx_word' id='word_1_963' title='bbox 2346 4959 2440 5013; x_wconf 88' lang='grc' dir='ltr'>τοῦ</span> <span class='ocrx_word' id='word_1_964' title='bbox 2477 4957 2850 5030; x_wconf 86' lang='grc' dir='ltr'>βαπτίσματος</span> <span class='ocrx_word' id='word_1_965' title='bbox 2879 4952 3265 5023; x_wconf 83' lang='grc' dir='ltr'>ἀναχὼνευσιν,</span> <span class='ocrx_word' id='word_1_966' title='bbox 3325 4952 3421 5017; x_wconf 81' lang='grc' dir='ltr'>Ὠς</span> <span class='ocrx_word' id='word_1_967' title='bbox 3462 4953 3681 5018; x_wconf 77' lang='grc' dir='ltr'>σκεύη,</span> 
     </span>
    </p>
   </div>
   <div class='ocr_carea' id='block_1_122' title="bbox 2099 5034 3679 5115">
    <p class='ocr_par' dir='ltr' id='par_1_122' title="bbox 2099 5034 3679 5115">
     <span class='ocr_line' id='line_1_122' title="bbox 2099 5034 3679 5115; baseline -0.008 -17"><span class='ocrx_word' id='word_1_968' title='bbox 2099 5046 2265 5115; x_wconf 77' lang='grc' dir='ltr'>φησὶ,</span> <span class='ocrx_word' id='word_1_969' title='bbox 2298 5041 2597 5115; x_wconf 77' lang='grc' dir='ltr'>κεραμέως</span> <span class='ocrx_word' id='word_1_970' title='bbox 2626 5039 2985 5106; x_wconf 68' lang='grc' dir='ltr'>συντρίψας</span> <span class='ocrx_word' id='word_1_971' title='bbox 3013 5037 3256 5102; x_wconf 78' lang='grc' dir='ltr'>αὐτούς.</span> <span class='ocrx_word' id='word_1_972' title='bbox 3299 5034 3679 5093; x_wconf 76' lang='grc' dir='ltr'>’Δναπλάττει,</span> 
     </span>
    </p>
   </div>
   <div class='ocr_carea' id='block_1_123' title="bbox 2097 5114 3681 5197">
    <p class='ocr_par' dir='ltr' id='par_1_123' title="bbox 2097 5114 3681 5197">
     <span class='ocr_line' id='line_1_123' title="bbox 2097 5114 3681 5197; baseline -0.008 -15"><span class='ocrx_word' id='word_1_973' title='bbox 2097 5114 2266 5197; x_wconf 85' lang='grc' dir='ltr'>λέγει,</span> <span class='ocrx_word' id='word_1_974' title='bbox 2299 5127 2394 5180; x_wconf 71' lang='grc' dir='ltr'>καὶ</span> <span class='ocrx_word' id='word_1_975' title='bbox 2423 5114 2670 5196; x_wconf 86' lang='grc' dir='ltr'>χωνεύει.</span> <span class='ocrx_word' id='word_1_976' title='bbox 2698 5118 3032 5175; x_wconf 79' lang='grc' dir='ltr'>Καταϐαίνω</span> <span class='ocrx_word' id='word_1_977' title='bbox 3055 5122 3134 5183; x_wconf 82' lang='grc' dir='ltr'>είς</span> <span class='ocrx_word' id='word_1_978' title='bbox 3158 5119 3219 5171; x_wconf 81' lang='grc' dir='ltr'>τὸ</span> <span class='ocrx_word' id='word_1_979' title='bbox 3250 5118 3552 5189; x_wconf 86' lang='grc' dir='ltr'>βάπτισμα,</span> <span class='ocrx_word' id='word_1_980' title='bbox 3586 5119 3681 5171; x_wconf 77' lang='grc' dir='ltr'>καὶ</span> 
     </span>
    </p>
   </div>
   <div class='ocr_carea' id='block_1_124' title="bbox 2097 5200 3679 5278">
    <p class='ocr_par' dir='ltr' id='par_1_124' title="bbox 2097 5200 3679 5278">
     <span class='ocr_line' id='line_1_124' title="bbox 2097 5200 3679 5278; baseline -0.008 -11"><span class='ocrx_word' id='word_1_981' title='bbox 2097 5210 2505 5267; x_wconf 84' lang='grc' dir='ltr'>άναπλάττεταί</span> <span class='ocrx_word' id='word_1_982' title='bbox 2554 5224 2658 5278; x_wconf 90' lang='grc' dir='ltr'>μου</span> <span class='ocrx_word' id='word_1_983' title='bbox 2703 5206 2765 5259; x_wconf 83' lang='grc' dir='ltr'>τὸ</span> <span class='ocrx_word' id='word_1_984' title='bbox 2814 5205 3032 5275; x_wconf 76' lang='grc' dir='ltr'>σχῆμα,</span> <span class='ocrx_word' id='word_1_985' title='bbox 3069 5202 3163 5255; x_wconf 74' lang='grc' dir='ltr'>καὶ</span> <span class='ocrx_word' id='word_1_986' title='bbox 3200 5200 3531 5271; x_wconf 86' lang='grc' dir='ltr'>άναχωνεύει</span> <span class='ocrx_word' id='word_1_987' title='bbox 3582 5200 3679 5254; x_wconf 80' lang='grc' dir='ltr'>τοῦ</span> 
     </span>
    </p>
   </div>
   <div class='ocr_carea' id='block_1_125' title="bbox 2096 5283 3680 5365">
    <p class='ocr_par' dir='ltr' id='par_1_125' title="bbox 2096 5283 3680 5365">
     <span class='ocr_line' id='line_1_125' title="bbox 2096 5283 3680 5365; baseline -0.009 -15"><span class='ocrx_word' id='word_1_988' title='bbox 2096 5295 2416 5365; x_wconf 89' lang='grc' dir='ltr'>Πνεύματος</span> <span class='ocrx_word' id='word_1_989' title='bbox 2448 5292 2510 5346; x_wconf 78' lang='grc' dir='ltr'>τὸ</span> <span class='ocrx_word' id='word_1_990' title='bbox 2542 5288 2675 5362; x_wconf 80' lang='grc' dir='ltr'>πῦρ,</span> <span class='ocrx_word' id='word_1_991' title='bbox 2715 5288 2811 5343; x_wconf 76' lang='grc' dir='ltr'>καὶ</span> <span class='ocrx_word' id='word_1_992' title='bbox 2838 5288 3049 5355; x_wconf 88' lang='grc' dir='ltr'>γίνεται</span> <span class='ocrx_word' id='word_1_993' title='bbox 3086 5283 3425 5356; x_wconf 84' lang='grc' dir='ltr'>ὀστράκινον.</span> <span class='ocrx_word' id='word_1_994' title='bbox 3470 5284 3593 5337; x_wconf 76' lang='grc' dir='ltr'>Ὀτι</span> <span class='ocrx_word' id='word_1_995' title='bbox 3624 5286 3680 5337; x_wconf 80' lang='grc' dir='ltr'>δὲ</span> 
     </span>
    </p>
   </div>
   <div class='ocr_carea' id='block_1_126' title="bbox 2093 5366 3679 5447">
    <p class='ocr_par' dir='ltr' id='par_1_126' title="bbox 2093 5366 3679 5447">
     <span class='ocr_line' id='line_1_126' title="bbox 2093 5366 3679 5447; baseline -0.008 -14"><span class='ocrx_word' id='word_1_996' title='bbox 2093 5380 2157 5435; x_wconf 87' lang='grc' dir='ltr'>οὐ</span> <span class='ocrx_word' id='word_1_997' title='bbox 2211 5378 2423 5447; x_wconf 85' lang='grc' dir='ltr'>κόμπος</span> <span class='ocrx_word' id='word_1_998' title='bbox 2466 5376 2534 5429; x_wconf 85' lang='grc' dir='ltr'>τὰ</span> <span class='ocrx_word' id='word_1_999' title='bbox 2588 5376 2831 5446; x_wconf 80' lang='grc' dir='ltr'>ῥήματα,</span> <span class='ocrx_word' id='word_1_1000' title='bbox 2883 5370 3116 5423; x_wconf 83' lang='grc' dir='ltr'>ἄκουσον</span> <span class='ocrx_word' id='word_1_1001' title='bbox 3164 5367 3260 5422; x_wconf 83' lang='grc' dir='ltr'>τοῦ</span> <span class='ocrx_word' id='word_1_1002' title='bbox 3318 5366 3476 5421; x_wconf 83' lang='grc' dir='ltr'>Ἰὼϐ·</span> <span class='ocrx_word' id='word_1_1003' title='bbox 3525 5367 3679 5439; x_wconf 60' lang='grc' dir='ltr'>[59η</span> 
     </span>
    </p>
   </div>
   <div class='ocr_carea' id='block_1_127' title="bbox 2106 5452 3681 5529">
    <p class='ocr_par' dir='ltr' id='par_1_127' title="bbox 2106 5452 3681 5529">
     <span class='ocr_line' id='line_1_127' title="bbox 2106 5452 3681 5529; baseline -0.008 -14"><span class='ocrx_word' id='word_1_1004' title='bbox 2106 5460 2388 5529; x_wconf 77' lang='grc' dir='ltr'>Ἐποίησε</span> <span class='ocrx_word' id='word_1_1005' title='bbox 2416 5459 2485 5513; x_wconf 81' lang='grc' dir='ltr'>δὲ</span> <span class='ocrx_word' id='word_1_1006' title='bbox 2520 5456 2677 5527; x_wconf 79' lang='grc' dir='ltr'>ἡμᾶς</span> <span class='ocrx_word' id='word_1_1007' title='bbox 2714 5455 2933 5523; x_wconf 80' lang='grc' dir='ltr'>πηλόν·</span> <span class='ocrx_word' id='word_1_1008' title='bbox 2967 5456 2995 5506; x_wconf 90' lang='lat'>6</span> <span class='ocrx_word' id='word_1_1009' title='bbox 3041 5453 3097 5506; x_wconf 80' lang='grc' dir='ltr'>δὲ</span> <span class='ocrx_word' id='word_1_1010' title='bbox 3124 5452 3356 5515; x_wconf 86' lang='grc' dir='ltr'>Παῦλος·</span> <span class='ocrx_word' id='word_1_1011' title='bbox 3391 5452 3681 5520; x_wconf 62' lang='grc' dir='ltr'>Ἔχοντες</span> 
     </span>
    </p>
   </div>
   <div class='ocr_carea' id='block_1_128' title="bbox 2092 5534 3662 5612">
    <p class='ocr_par' dir='ltr' id='par_1_128' title="bbox 2092 5534 3662 5612">
     <span class='ocr_line' id='line_1_128' title="bbox 2092 5534 3662 5612; baseline -0.009 -12"><span class='ocrx_word' id='word_1_1012' title='bbox 2092 5545 2159 5600; x_wconf 82' lang='grc' dir='ltr'>δὲ</span> <span class='ocrx_word' id='word_1_1013' title='bbox 2179 5545 2289 5600; x_wconf 80' lang='grc' dir='ltr'>τὸν</span> <span class='ocrx_word' id='word_1_1014' title='bbox 2306 5543 2615 5612; x_wconf 78' lang='grc' dir='ltr'>θησαυρὸν</span> <span class='ocrx_word' id='word_1_1015' title='bbox 2637 5542 2855 5596; x_wconf 82' lang='grc' dir='ltr'>τοῦτον</span> <span class='ocrx_word' id='word_1_1016' title='bbox 2870 5538 2940 5592; x_wconf 76' lang='grc' dir='ltr'>ἐν</span> <span class='ocrx_word' id='word_1_1017' title='bbox 2955 5536 3335 5604; x_wconf 76' lang='grc' dir='ltr'>ὀστρακίνοις</span> <span class='ocrx_word' id='word_1_1018' title='bbox 3367 5534 3662 5587; x_wconf 73' lang='grc' dir='ltr'>σκεύεσιν</span> 
     </span>
    </p>
   </div>
   <div class='ocr_carea' id='block_1_129' title="bbox 2105 5616 3679 5699">
    <p class='ocr_par' dir='ltr' id='par_1_129' title="bbox 2105 5616 3679 5699">
     <span class='ocr_line' id='line_1_129' title="bbox 2105 5616 3679 5699; baseline -0.008 -18"><span class='ocrx_word' id='word_1_1019' title='bbox 2105 5624 2264 5682; x_wconf 67' lang='grc' dir='ltr'>’Ἀλλά</span> <span class='ocrx_word' id='word_1_1020' title='bbox 2298 5627 2462 5699; x_wconf 78' lang='grc' dir='ltr'>βλέπε</span> <span class='ocrx_word' id='word_1_1021' title='bbox 2497 5627 2768 5696; x_wconf 83' lang='grc' dir='ltr'>ὀστράκου</span> <span class='ocrx_word' id='word_1_1022' title='bbox 2793 5622 2967 5693; x_wconf 81' lang='grc' dir='ltr'>ἰσχύν.</span> <span class='ocrx_word' id='word_1_1023' title='bbox 3002 5621 3075 5675; x_wconf 82' lang='grc' dir='ltr'>Οὐ</span> <span class='ocrx_word' id='word_1_1024' title='bbox 3105 5620 3212 5690; x_wconf 78' lang='grc' dir='ltr'>γάρ</span> <span class='ocrx_word' id='word_1_1025' title='bbox 3242 5618 3375 5690; x_wconf 71' lang='grc' dir='ltr'>πυρὶ</span> <span class='ocrx_word' id='word_1_1026' title='bbox 3404 5616 3679 5685; x_wconf 75' lang='grc' dir='ltr'>ῶπτηταε,</span> 
     </span>
    </p>
   </div>
   <div class='ocr_carea' id='block_1_130' title="bbox 2169 5838 3219 5906">
    <p class='ocr_par' dir='ltr' id='par_1_130' title="bbox 2169 5838 3219 5906">
     <span class='ocr_line' id='line_1_130' title="bbox 2169 5838 3219 5906; baseline -0.004 -16"><span class='ocrx_word' id='word_1_1027' title='bbox 2169 5846 2190 5873; x_wconf 71' lang='grc' dir='ltr'><strong>ε</strong></span> <span class='ocrx_word' id='word_1_1028' title='bbox 2211 5839 2358 5893; x_wconf 72' lang='grc' dir='ltr'>Ξτνίι.</span> <span class='ocrx_word' id='word_1_1029' title='bbox 2388 5844 2593 5906; x_wconf 78' lang='grc' dir='ltr'>ἐμαυτῷ.</span> <span class='ocrx_word' id='word_1_1030' title='bbox 2622 5842 2762 5899; x_wconf 80' lang='grc' dir='ltr'>Πῶς;</span> <span class='ocrx_word' id='word_1_1031' title='bbox 2798 5840 2865 5889; x_wconf 87' lang='grc' dir='ltr'>Ἐ.</span> <span class='ocrx_word' id='word_1_1032' title='bbox 2895 5856 2943 5889; x_wconf 92' lang='grc' dir='ltr'>σ.</span> <span class='ocrx_word' id='word_1_1033' title='bbox 2972 5842 3017 5904; x_wconf 86' lang='grc' dir='ltr'>β.</span> <span class='ocrx_word' id='word_1_1034' title='bbox 3041 5838 3095 5887; x_wconf 86' lang='grc' dir='ltr'>οὐ</span> <span class='ocrx_word' id='word_1_1035' title='bbox 3121 5838 3219 5887; x_wconf 83' lang='grc' dir='ltr'>τολ.</span> 
     </span>
    </p>
   </div>
  </div>
