4036 6378
294 441 389 496 ωδ

291 557 439 621 talis,
479 564 538 609 et
576 554 689 609 dixi
722 554 879 609 etiam
908 557 958 620 ⁸,
991 554 1256 622 Pr0pitius
1307 564 1425 608 esto
1478 552 1628 619 mihi,
1658 552 1883 607 Domine

296 648 421 715 (non
448 646 603 699 enim
634 647 687 700 in
721 646 820 699 hac
844 645 1076 700 dictione
1102 654 1302 715 persta,
1328 643 1423 700 sed
1447 643 1647 708 lia-reo,
1671 656 1772 698 nec
1795 642 1885 698 ba-

291 740 386 793 beo
423 738 593 791 aliam
639 739 988 809 compositam
1032 736 1285 808 loquendi
1326 735 1613 806 formam),
1650 736 1773 790 volo
1797 735 1884 789 di-

291 843 438 894 scas,
473 844 566 883 me
595 844 627 882 a
665 827 939 899 Scriptura
978 828 1080 884 hoc
1119 828 1366 884 edoctum
1408 841 1548 885 esse.
1596 826 1724 897 Ejus
1757 840 1885 897 ergo

293 919 646 983 splendorem
685 920 961 975 declarare
999 919 1167 973 voluit
1206 919 1567 991 evangelista,
1609 917 1882 987 dicitque,

299 1011 654 1080 llespleuduit.
686 1012 963 1083 Quomodo
1005 1010 1367 1081 resplenduit,
1399 1010 1487 1065 die
1524 1009 1674 1064 mihi.
1707 1008 1884 1063 Vehe-

296 1113 523 1158 menter.
556 1104 677 1171 Qtto
702 1114 859 1172 pacto
884 1101 1055 1159 dicis?
1083 1105 1228 1158 Sicut
1264 1101 1362 1156 sol.
1397 1102 1543 1157 Sicut
1578 1100 1683 1166 sol,
1711 1099 1887 1156 dicis?

297 1196 487 1249 Etiam.
520 1194 745 1263 Quare?
768 1195 900 1263 Quia
931 1196 1131 1248 nullum
1158 1193 1299 1250 aliud
1326 1192 1655 1263 splendidius
1684 1202 1887 1248 astrum

293 1284 586 1340 dicendum
638 1285 833 1341 habeo.
882 1285 952 1340 Et
996 1286 1148 1340 albus
1188 1294 1303 1340 erat
1342 1285 1490 1340 Sicut
1535 1285 1643 1339 uir.
1688 1283 1884 1351 Quare,

298 1376 445 1433 Sicut
473 1378 572 1432 nia:
590 1379 615 1431 ?
634 1378 771 1447 Quia
802 1378 945 1433 nulla
973 1378 1078 1433 alia
1097 1380 1332 1448 suppetit
1347 1378 1623 1433 candidior
1643 1378 1885 1432 materia.

295 1468 425 1522 Nam
466 1467 618 1538 quod
660 1484 767 1523 non
808 1469 873 1522 ad
904 1484 1025 1523 eum
1065 1470 1281 1523 modum
1310 1467 1670 1539 splenduerit,
1701 1482 1770 1522 ex
1798 1482 1890 1522 sev

296 1561 591 1629 quentibus
620 1562 937 1615 ostenditur.
980 1561 1049 1616 Et
1088 1561 1394 1617 ceciderunt
1420 1561 1472 1616 in
1502 1571 1698 1616 terram
1725 1561 1887 1617 disci-

298 1652 429 1721 puli.
462 1652 521 1707 Si
562 1651 982 1721 rcspleudnisset
1022 1654 1155 1707 sicut
1183 1652 1264 1708 sol
1284 1693 1300 1719 ,
1334 1667 1442 1706 non
1462 1651 1787 1707 cecidissent
1809 1653 1890 1707 di-

297 1744 480 1812 scipuli
512 1743 729 1817 (Matth.
765 1746 853 1800 l7.
877 1745 930 1815 6)
966 1761 980 1801 :
1007 1761 1130 1798 nam
1160 1744 1327 1799 solem
1349 1744 1587 1815 quotidie
1614 1744 1886 1811 videbant,

302 1852 473 1908 neque
498 1839 767 1894 cadebant
809 1857 822 1893 :
862 1840 956 1895 sed
1003 1839 1126 1909 quia
1166 1841 1288 1909 plus
1326 1830 1486 1910 quam
1531 1840 1613 1895 sol
1638 1881 1654 1907 ,
1688 1850 1740 1894 et
1768 1840 1889 1910 plus

298 1945 457 1999 quam
480 1932 576 1986 nix
608 1933 947 2004 rresplenduit
965 1977 980 2003 ,
1002 1936 1130 1992 ideo
1156 1937 1496 2005 splendorem
1525 1951 1632 1991 non
1652 1933 1889 1991 ferentes

299 2022 632 2078 ceciderunt.

371 2114 457 2168 ιι.
484 2114 740 2186 Exempla
766 2118 911 2171 nulla
939 2117 1047 2173 Deo
1074 2119 1251 2190 digna.
1280 2147 1359 2165 -κ
1378 2120 1471 2175 Dic
1495 2135 1622 2189 ergo
1648 2119 1813 2184 mihi,
1854 2132 1891 2172 to

298 2205 625 2274 evangelista
646 2247 662 2273 ,
690 2207 815 2277 plus
833 2223 991 2278 quam
1014 2210 1095 2263 sol
1117 2211 1361 2277 refulsit,
1380 2220 1431 2264 et
1465 2220 1517 2264 tu
1544 2211 1679 2265 dicis
1697 2251 1712 2277 ,
1743 2210 1890 2266 Sicut

300 2295 375 2349 sol
393 2296 419 2347 .9
438 2298 657 2363 Etiam;
686 2313 809 2353 cum
838 2301 931 2354 tibi
958 2302 1129 2355 lucem
1149 2302 1288 2358 illam
1318 2313 1712 2372 reprmsentare
1735 2304 1886 2371 volo,

301 2388 501 2443 nullum
558 2400 764 2447 astrum
797 2392 966 2463 majus
994 2393 1198 2460 habeo,
1244 2410 1354 2449 non
1399 2394 1556 2450 aliam
1603 2395 1888 2467 imaginem

302 2482 437 2537 inter
462 2492 610 2538 astra
660 2494 992 2555 regnantem.
1024 2486 1159 2541 Haec
1188 2486 1297 2542 dixi
1321 2527 1337 2552 ,
1367 2496 1425 2542 ut
1467 2501 1535 2543 ne
1562 2487 1614 2543 in
1643 2487 1892 2544 dictionis

303 2576 557 2630 tenuitate
573 2577 1108 2648 consistas.-Lapsum
1129 2578 1511 2648 discipulorum
1539 2579 1767 2635 ostendi.
1791 2580 1891 2636 Ce-

301 2666 548 2721 ciderunt
576 2667 633 2722 in
662 2676 879 2735 teriam,
899 2683 1091 2740 sopore
1111 2671 1352 2741 oppressi
1379 2681 1434 2726 et
1454 2671 1729 2742 aggravati
1743 2680 1886 2726 sunt.

305 2756 640 2830 Surgite.(1b.
678 2774 725 2813 υ.
748 2760 828 2830 7),
861 2760 1060 2828 inquit,
1086 2761 1420 2816 etexcitavit
1442 2776 1537 2816 eos
1559 2800 1575 2826 ,
1627 2775 1891 2831 aggrava-

304 2850 443 2919 tique
462 2859 646 2906 eram.
671 2849 983 2920 Splendoris
1010 2853 1205 2922 quippe
1227 2852 1618 2908 vehementiam
1664 2868 1771 2906 non
1803 2864 1889 2905 tu-

305 2943 505 3009 lerant,
552 2944 647 2998 sed
693 2959 859 3014 sopor
902 2954 1257 3016 occupaverat
1302 2946 1487 3002 oculos
1524 2960 1710 3001 eorum
1760 2962 1773 2999 :
1821 2947 1890 2999 ita

303 3051 493 3105 nempe
510 3035 607 3091 lus
627 3035 714 3090 illa
734 3035 1021 3106 splendens
1038 3037 1206 3091 solem
1232 3037 1535 3108 superabat.
1564 3037 1890 3091 Disitautetn

304 3126 665 3197 evangelista,
691 3126 838 3182 Sicut
862 3128 941 3183 sol
957 3169 973 3195 ,
1001 3128 1122 3199 quia
1154 3129 1255 3184 hoc
1280 3138 1483 3184 astrum
1518 3139 1707 3183 anetum
1737 3127 1892 3182 nobis

306 3227 419 3287 est,
441 3228 498 3274 ut
529 3219 635 3273 alia
660 3229 807 3274 astra
831 3234 1110 3289 superans.
1141 3220 1338 3276 Verum
1360 3262 1375 3285 ,
1405 3229 1467 3275 ut
1491 3220 1735 3276 dicebam
1753 3260 1770 3287 ,
1801 3220 1892 3276 ille

306 3320 479 3367 tantus
498 3323 558 3368 et
577 3313 698 3369 talis
724 3314 1059 3369 meretricem
1087 3315 1408 3386 concupivit.
1440 3316 1522 3371 An
1553 3315 1890 3371 meretricem

305 3404 638 3474 concupiscit
666 3405 807 3460 Deus
833 3406 856 3459 ?
883 3405 1054 3461 Etiam
1084 3407 1417 3462 meretricem
1453 3425 1467 3462 :
1495 3415 1735 3462 naturam
1772 3406 1894 3462 dico

308 3502 564 3549 nostram.
619 3494 1021 3551 ueretricemne
1070 3496 1401 3565 concupiscit
1466 3496 1606 3552 Deus
1646 3497 1669 3551 ?
1723 3496 1895 3553 Homo

309 3588 522 3657 quidem
575 3588 621 3644 si
664 3589 1000 3645 meretricem
1042 3590 1414 3659 concupiscat,
1462 3590 1784 3657 damnatur,
1836 3599 1896 3645 et

313 3681 448 3737 Deus
468 3682 808 3738 meretricem
833 3682 1161 3754 concupiscit
1197 3683 1221 3738 ?
1255 3684 1400 3739 Sane
1442 3683 1675 3754 quidem.
1712 3682 1895 3738 .llotno

312 3774 646 3827 meretricem
698 3771 1059 3843 concupiscit,
1117 3782 1175 3828 ιιι
1227 3772 1544 3829 fornicarius
1594 3773 1892 3838 efﬁciatur;

313 3862 448 3917 Deus
477 3878 607 3919 vero
628 3865 965 3920 meretricem
994 3864 1355 3935 concupiscit,
1385 3873 1444 3919 ut
1480 3879 1598 3920 eam
1628 3864 1894 3934 virginem

314 3954 506 4008 ciliciat
536 3972 548 4007 :
578 3956 756 4024 itaque
800 3956 1229 4025 concupiscentia
1276 3955 1507 4010 hominis
1529 3997 1544 4015 .
1598 3956 1896 4026 concupita

317 4046 576 4112 pernicies
626 4055 749 4105 est:
801 4046 1230 4116 concupiscentia
1276 4062 1404 4101 vero
1459 4039 1591 4114 Dei,
1630 4057 1723 4102 est
1762 4062 1896 4102 con-

315 4137 506 4207 cupita:
554 4137 720 4190 salus.
773 4136 976 4192 Tantus
1020 4153 1088 4194 ac
1149 4139 1269 4193 talis
1322 4135 1656 4194 meretricem
1700 4153 1898 4193 concu-

318 4230 491 4297 pivit?
525 4229 747 4297 Quare?
780 4230 848 4285 Ut
866 4230 1029 4285 ‘i'teret
1067 4245 1315 4299 sponsus.
1366 4231 1503 4297 Quid
1550 4245 1675 4286 vero
1723 4230 1898 4286 facit?

317 4320 428 4375 Non
457 4323 620 4376 mittit
645 4322 710 4376 ad
738 4338 855 4376 eam
885 4322 1451 4393 aliquemservorum,
1480 4338 1587 4379 nou
1610 4324 1778 4378 mittit
1800 4339 1900 4378 en-

317 4413 488 4479 gelnm
512 4413 579 4466 ad
611 4416 980 4479 meretricem,
1004 4430 1109 4469 non
1124 4415 1509 4484 archangelum
1528 4457 1542 4483 ,
1568 4431 1677 4469 non
1697 4413 1902 4470 Client:-

320 4504 423 4558 bim
450 4506 535 4559 vel
565 4505 845 4575 Scraphim
879 4523 893 4558 :
918 4506 1017 4561 sed
1044 4508 1159 4576 ipse
1180 4514 1389 4561 amator
1415 4506 1645 4562 accedit.
1666 4508 1898 4562 Rursum

319 4608 435 4649 cum
471 4596 623 4651 audis
650 4610 892 4651 amorem
912 4637 926 4663 ,
956 4612 1025 4652 ne
1054 4606 1208 4668 putes
1235 4612 1360 4653 eum
1386 4612 1508 4654 esse
1534 4603 1624 4669 qtti
1652 4598 1752 4654 sub
1773 4614 1900 4653 scn-

321 4701 433 4740 sum
459 4687 621 4741 cadit.
654 4687 935 4742 Delectum
964 4686 1103 4744 habe
1142 4689 1532 4743 sententiarum
1582 4690 1632 4744 in
1683 4690 1897 4756 verbis,

321 4776 761 4843 quemadmodum
785 4778 982 4848 optima
1012 4779 1127 4848 apis
1148 4819 1164 4845 ,
1191 4794 1313 4849 qum
1342 4780 1407 4834 ad
1453 4778 1611 4835 liores
1655 4780 1899 4847 advolat,

322 4876 376 4921 et
418 4867 595 4923 favum
635 4870 859 4940 accipit,
908 4870 1204 4940 herbasque
1253 4872 1522 4940 relinquit.
1568 4872 1903 4928 Meretricem

322 4960 623 5029 concupivit
649 4977 666 5015 '.
692 4971 748 5016 et
792 4961 920 5031 quid
967 4960 1279 5019 facit?Non
1320 4977 1534 5018 sursum
1574 4977 1692 5018 eam
1719 4962 1899 5018 ducit:

324 5051 485 5105 nollet
514 5051 657 5105 enim
685 5054 1022 5107 meretricem
1052 5053 1107 5108 in
1128 5053 1321 5108 cadum
1357 5053 1624 5109 adducere
1642 5094 1658 5121 ,
1690 5054 1785 5110 sed
1816 5055 1906 5111 ille

323 5142 614 5198 descendit.
655 5143 788 5212 Quia
823 5144 909 5199 illa
950 5161 1053 5199 non
1084 5155 1299 5216 poterat
1332 5160 1543 5201 sursum
1573 5147 1865 5203 ascendere
1887 5188 1902 5215 ,

323 5232 435 5302 ipse
479 5235 730 5291 deorsum
772 5248 1048 5306 properat.
1100 5237 1549 5294 Admerctricem
1580 5239 1903 5309 ingreditur,

325 5342 419 5380 nec
445 5328 712 5382 erubescit
742 5345 754 5381 :
784 5329 840 5383 iu
888 5329 1007 5397 ejus
1051 5328 1328 5384 latibulum
1381 5332 1557 5384 intrat.
1588 5330 1750 5386 ‘Vidct
1785 5344 1907 5386 eam

322 5415 541 5471 chriam.
591 5420 659 5473 Et
698 5420 971 5490 quomodo
1016 5422 1164 5476 venit
1200 5422 1224 5474 ζ)
1255 5421 1370 5475 Non
1400 5421 1538 5476 nuda
1578 5424 1904 5489 substantia;

323 5508 412 5560 sed
443 5509 491 5563 id
516 5509 766 5570 efﬁcitur.
790 5511 930 5581 quod
958 5521 1073 5567 erat
1109 5515 1401 5577 meretrix,
1430 5529 1535 5568 non
1559 5516 1828 5571 voluntate
1854 5525 1910 5571 et

327 5606 612 5673 proposito,
642 5604 736 5659 sed
764 5615 974 5671 natura,
1009 5621 1077 5661 ne
1102 5606 1287 5661 videns
1318 5624 1440 5661 eum
1483 5609 1905 5677 perturbaretur,

327 5706 390 5745 ne
421 5694 648 5750 resiliret
666 5738 679 5763 ,
706 5706 798 5750 aut
816 5695 1041 5767 fugeret.
1069 5696 1226 5752 Venit
1249 5698 1318 5752 ad
1341 5700 1677 5754 meretricem
1698 5740 1714 5767 ,
1740 5710 1789 5755 et
1823 5699 1907 5754 ef—

390 5825 407 5856 ²
436 5823 607 5878 Morel.
630 5828 741 5877 haec
764 5828 934 5893 verba.
959 5835 1120 5893 tantus
1155 5836 1201 5879 ct
1241 5829 1368 5893 talis,
1392 5837 1437 5883 et
1470 5829 1580 5883 diri
1602 5830 1767 5893 etiam,
1792 5834 1909 5881 omi-

324 5895 482 5951 serat;
506 5903 572 5940 ex
595 5898 704 5941 sise.
730 5900 784 5943 ct
805 5891 944 5944 savii.
970 5905 1077 5954 sup!
1094 5892 1275 5941 lentur.

942 438 1219 497 HOMIIJA
1261 435 1347 495 DE
1385 436 1609 495 CM‘TO
1649 434 1991 494 EUTROPIO
2032 436 2120 491 ET
2160 437 2246 491 DE
2289 433 2687 492 DlVlTIARUM
2731 431 3093 487 VANJTATE.

3491 446 3587 500 ltiti

1993 551 2167 606 licitur
2187 550 2368 604 homo.
2400 550 2467 604 Et
2489 547 2758 620 quomodo
2771 546 3001 604 eliicitur
3016 548 3040 601 ’ἔ
3057 546 3306 602 Gestatur
3327 546 3377 602 iu
3400 558 3577 616 utere,

1992 644 2242 714 paulatim
2264 644 2455 698 crescit
2476 684 2491 708 ,
2520 642 2838 713 vcnitqueiu
2862 642 3002 696 viam
3028 641 3201 696 sitatis
3232 654 3386 695 mea.
3418 640 3577 708 Quis-

1993 749 2114 787 nam
2140 734 2163 788 ?
2189 733 2515 788 (ii-Economic
2536 774 2550 799 ,
2585 748 2693 788 non
2734 731 3022 788 divinitas:
3049 730 3189 785 scrvi
3235 730 3437 794 forma,
3470 747 3577 784 non

1993 825 2203 880 Domini
2229 841 2243 879 :
2270 838 2397 879 caro
2420 840 2535 879 mea
2555 866 2571 891 ,
2601 839 2707 879 non
2730 821 3028 878 substantia
3056 822 3212 891 ejus:
3239 822 3431 878 crescit
3451 836 3580 891 pau-

1992 918 2170 985 latim,
2198 927 2252 973 et
2278 932 2396 973 cum
2427 916 2731 975 hominibus
2756 916 3012 969 miscetur
3042 931 3055 969 :
3088 914 3188 968 etsi
3217 912 3420 968 invenit
3459 928 3577 966 cum

1992 1011 2259 1066 ulceribus
2289 1012 2522 1081 plenam,
2540 1010 2835 1073 efferatam,
2859 1025 2888 1062 a
2910 1008 3243 1063 daemonibus
3264 1015 3540 1063 onerataut
3563 1025 3577 1060 :

1993 1104 2183 1173 ecquid
2215 1103 2387 1160 facit?
2416 1102 2634 1158 Accedit
2657 1102 2725 1157 ad
2764 1117 2904 1157 eam.
2933 1100 3073 1155 Vidit
3103 1100 3187 1155 illa
3213 1112 3270 1155 et
3295 1097 3445 1169 l‘ugit.
3476 1095 3583 1151 Vo-

1993 1208 2077 1252 cat
2105 1198 2195 1253 ille
2217 1213 2419 1267 magos.
2445 1196 2579 1262 Quid
2613 1196 2845 1251 timetis"
2866 1194 2978 1248 Non
3001 1210 3116 1247 sum
3136 1194 3323 1260 judcx,
3343 1190 3437 1245 sed
3463 1205 3580 1245 me-

1994 1290 2147 1345 dicus
2175 1308 2190 1345 :
2216 1289 2337 1343 Non
2357 1290 2464 1343 veni
2490 1299 2547 1342 ut
2565 1289 2792 1361 judicent
2815 1286 3077 1353 mundum,
3102 1286 3192 1341 sed
3208 1295 3261 1338 ut
3288 1285 3482 1339 solrum
3500 1284 3582 1351 [σε

1994 1381 2441 1452 cimn(Joan.12.
2464 1382 2578 1451 47).
2607 1380 2797 1436 Statim
2830 1394 3012 1449 magos
3039 1386 3212 1433 vocat.
3243 1376 3288 1431 0
3329 1391 3439 1429 rem
3479 1390 3581 1429 nco

1993 1489 2114 1528 vam
2153 1483 2313 1544 atque
2347 1474 2643 1528 mirabilem
2673 1474 2687 1527 !
2718 1472 2853 1542 Magi
2905 1485 3029 1525 mox
3078 1468 3322 1539 primitia:
3346 1476 3488 1520 sunt.
3520 1466 3579 1521 In

1993 1567 2220 1637 prmsepi
2240 1566 2384 1637 jacet
2409 1566 2497 1636 qui
2532 1574 2708 1635 portat
2733 1566 2918 1619 orbem
2941 1606 2955 1631 ,
2980 1574 3030 1618 et
3077 1564 3266 1633 pannis
3296 1560 3583 1615 involvitur

1994 1657 2082 1727 qui
2116 1658 2366 1713 universa
2395 1656 2750 1712 administrat.
2796 1656 3023 1710 Ponitur
3048 1653 3325 1723 templum,
3351 1659 3405 1706 et
3431 1651 3584 1705 inha-

1994 1749 2125 1804 bitat
2156 1752 2314 1805 Deus.
2347 1750 2578 1805 Veniunt
2621 1749 2757 1818 magi
2779 1788 2794 1810 .
2821 1758 2876 1804 et
2914 1748 3092 1801 statim
3130 1746 3392 1808 adorant;
3439 1743 3585 1797 venit

1996 1840 2330 1911 publicanus,
2354 1849 2408 1896 et
2429 1841 2485 1894 iit
2503 1839 2860 1911 evangelista;
2888 1839 3032 1892 venit
3052 1835 3325 1898 meretrix,
3352 1845 3408 1888 et
3434 1833 3585 1902 virgo

1994 1933 2262 2000 efﬁcitur;
2292 1935 2436 1989 venit
2473 1934 2806 1998 Chaunum,
2838 1942 2891 1987 et
2921 1930 3247 2003 benignitate
3272 1928 3487 1983 fruitur.
3530 1927 3581 1981 ld

1995 2025 2225 2079 armatis
2258 2034 2376 2079 erat
2407 2034 2741 2095 peccatorum
2774 2038 2959 2094 poenas
2984 2038 3091 2077 non
3120 2036 3400 2091 reposcam
3422 2063 3435 2084 ,
3488 2019 3584 2074 sed

1993 2117 2183 2173 delicta
2213 2128 2533 2189 peccataque
2578 2119 2902 2173 condonare.
2933 2116 3132 2185 Ecquid
3177 2114 3337 2169 facit?
3377 2113 3585 2182 Accipit

1993 2225 2136 2275 eam,
2160 2211 2453 2281 despondet
2475 2211 2594 2267 sibi.
2612 2210 2753 2278 Quid
2782 2212 2859 2264 illi
2884 2210 3005 2264 dat?
3024 2209 3291 2263 Aunulum
3314 2225 3325 2261 :
3346 2205 3583 2277 qualem?

1993 2299 2249 2373 Spiritum
2278 2312 2541 2358 sanctum.
2573 2303 2709 2357 Dicit
2730 2303 2929 2357 Paulus
2956 2319 2967 2355 :
3002 2302 3101 2366 Qui
3117 2310 3283 2353 autem
3313 2299 3583 2366 conﬁrmat

1995 2410 2087 2448 nos
2112 2395 2367 2448 vobiscum
2399 2394 2566 2461 Deus,
2600 2394 2684 2462 qui
2706 2404 2753 2448 et
2775 2393 3053 2464 obsignavit
3083 2408 3208 2459 nos,
3238 2391 3472 2460 deditque
3504 2389 3584 2460 pio

1994 2504 2122 2558 guus
2168 2486 2394 2555 Spiritus
2443 2488 2607 2542 sancti
2650 2488 2725 2558 ('2.
2758 2485 2877 2542 Cur.
2903 2488 2953 2540 i.
2982 2486 3067 2540 2!.
3100 2486 3211 2554 ΞΩ).
3251 2484 3504 2554 Spiritum
3534 2482 3585 2537 ei

1995 2583 2104 2637 dat.
2148 2582 2348 2637 Deinde
2377 2581 2489 2636 ait:
2520 2580 2708 2635 Nonne
2740 2580 2788 2634 iu
2819 2580 3065 2650 paradiso
3095 2588 3144 2633 te
3169 2576 3401 2649 plautavi
3428 2578 3452 2629 ’ἐ
3479 2576 3586 2630 lie-

1995 2675 2254 2744 spuntlet,
2274 2676 2475 2729 Etiam.
2498 2674 2690 2742 :Ecquo
2716 2673 2877 2727 modo
2921 2672 3077 2727 istinc
3104 2670 3346 2724 excidisti
3374 2669 3400 2721 γ
3431 2667 3587 2722 Venit

1995 2768 2259 2833 diabolus,
2282 2778 2335 2822 et
2363 2783 2428 2823 ex
2453 2766 2699 2837 paradiso
2725 2780 2813 2822 me
2837 2766 3087 2836 abripuit.
3111 2765 3351 2819 Plantata
3375 2775 3497 2815 cras
3529 2761 3582 2814 in

1998 2859 2244 2929 paradiso
2263 2899 2278 2926 ,
2301 2869 2354 2914 et
2385 2869 2437 2914 te
2458 2859 2581 2913 inde
2608 2859 2796 2927 cjecit;
2823 2871 2948 2913 ecce
2979 2858 3029 2911 in
3061 2857 3266 2926 meipso
3290 2856 3468 2925 planto
3496 2863 3546 2907 te
3566 2894 3581 2919 ,

1994 2967 2094 3025 ego
2121 2964 2170 3008 te
2191 2951 2645 3024 gesto.Quomodo
2661 2952 2684 3005 ἲ
2701 2950 2813 3006 Non
2830 2949 2991 3004 audet
3010 2950 3025 2980 ¹
3050 2949 3139 3003 ille
3163 2948 3227 3002 ad
3251 2962 3336 3002 me
3356 2945 3584 3001 accede-

1995 3061 2075 3101 re.
2117 3045 2231 3101 Nou
2259 3055 2311 3100 te
2348 3045 2399 3100 in
2446 3044 2636 3099 ezulum
2668 3042 2913 3097 inducam
2948 3040 3078 3096 :sed
3112 3040 3303 3094 melius
3334 3038 3418 3091 hic
3443 3039 3582 3102 eris,

1995 3152 2152 3209 quam
2185 3138 2235 3191 iu
2264 3137 2396 3192 caelo
2420 3154 2435 3193 :
2459 3135 2509 3190 in
2534 3136 2738 3205 meipso
2768 3142 2821 3189 te
2853 3140 3007 3204 porto
3026 3174 3040 3196 ,
3068 3131 3155 3202 qui
3183 3146 3299 3186 sum
3329 3129 3586 3183 Dominus

1996 3230 2134 3286 carli.
2162 3230 2348 3284 Pastor
2377 3236 2585 3300 gestat,
2620 3235 2677 3282 et
2702 3226 2857 3296 lupus
2889 3238 2994 3278 non
3020 3224 3160 3277 ultra
3193 3222 3444 3285 accedet;
3478 3220 3587 3273 imo

1998 3323 2175 3392 potius
2204 3330 2257 3375 ut
2282 3320 2499 3375 accedat
2548 3318 2821 3389 permitto.
2856 3315 2949 3369 Ille
2976 3324 3158 3385 portat
3192 3322 3437 3368 naturam
3491 3324 3586 3362 uo-

1996 3424 2195 3479 stram;
2227 3424 2282 3468 et
2308 3411 2516 3467 accedit
2538 3410 2821 3475 diabolus,
2866 3416 2923 3463 et
2952 3406 3199 3463 vincitur.
3247 3403 3488 3459 Plantavi
3536 3412 3586 3456 te

1998 3505 2051 3560 in
2092 3506 2317 3574 meipso.
2366 3503 2598 3574 ideoque
2643 3500 2813 3557 dicit:
2843 3498 2956 3571 Ego
2996 3498 3148 3553 mdia:
3172 3539 3188 3563 ,
3220 3511 3316 3550 eos
3355 3495 3588 3565 palmites

2000 3594 2179 3672 (Joau.
2210 3599 2297 3653 l5.
2323 3598 2400 3668 5);
2424 3605 2479 3652 et
2508 3595 2769 3665 plantavit
2790 3609 2911 3648 eam
2950 3592 3004 3647 in
3032 3591 3234 3660 seipse.
3266 3585 3464 3657 Ecquid
3495 3600 3589 3653 pn-

1999 3691 2152 3747 stea?
2179 3690 2283 3746 Sed
2302 3688 2377 3761 (α)
2408 3697 2656 3759 peccator
2676 3701 2797 3740 sum
2823 3725 2838 3751 ,
2863 3683 3033 3753 inquit
3051 3723 3065 3748 ,
3088 3690 3143 3737 et
3171 3677 3490 3734 immundus.
3510 3675 3589 3729 Ne

1999 3784 2073 3838 sis
2108 3782 2408 3846 sollicitus,
2453 3780 2690 3836 medicus
2730 3792 2873 3833 sum.
2918 3774 3050 3830 Novi
3089 3786 3184 3826 vas
3211 3783 3425 3832 uicum,
3475 3767 3591 3821 scio

2000 3889 2106 3945 quo
2153 3880 2310 3944 pacto
2359 3872 2705 3941 depravatum
2750 3869 2840 3923 sit.
2888 3868 3112 3921 Lutcum
3164 3864 3313 3933 prius
3358 3867 3589 3925 erat,et

2001 3976 2310 4035 perversum
2338 3972 2439 4017 est.
2476 3960 2698 4029 lleilngo
2724 3958 2853 4013 illttd
2884 3971 2976 4026 per
3000 3955 3584 4019 lavacrum-regenera-

2004 4057 2160 4112 tionis
2179 4098 2193 4123 ,
2216 4064 2271 4111 et
2298 4054 2448 4110 trade
2477 4053 2607 4108 illud
2630 4052 2758 4121 igni.
2784 4051 2917 4106 Vide
2944 4061 3174 4118 namque
3207 4063 3221 4101 :
3248 4043 3456 4113 accepit
3476 4041 3591 4111 pul-

2002 4164 2181 4205 verem
2212 4147 2281 4205 de
2312 4155 2487 4211 terra,
2532 4154 2587 4199 et
2627 4144 2752 4199 fecit
2804 4142 3111 4205 hominem;
3156 4137 3407 4193 formavit
3442 4148 3588 4190 eum.

2012 4240 2163 4295 Venit
2190 4239 2464 4301 diabolus,
2494 4245 2549 4292 et
2575 4238 2829 4306 pervertit
2848 4251 2992 4289 eunt.
3025 4232 3311 4300 Venitipse
3334 4237 3391 4284 et
3414 4227 3595 4284 denuo

2003 4342 2280 4401 acceptum
2326 4330 2543 4386 reﬁnxit
2570 4345 2717 4395 eum,
2745 4329 2924 4383 denuo
2969 4324 3221 4381 conﬂavit
3262 4338 3383 4377 eutn
3416 4321 3469 4375 in
3497 4321 3593 4373 ba-

2007 4424 2288 4492 ptismate;
2327 4437 2501 4491 neque
2526 4422 2649 4489 sivit
2677 4421 2794 4490 ejus
2821 4433 3017 4488 corpus
3059 4431 3179 4471 esse
3221 4415 3419 4468 luteum
3443 4450 3458 4477 ,
3500 4410 3595 4465 sed

2006 4524 2297 4569 testaceum
2345 4514 2514 4581 ipsum
2544 4511 2738 4566 eti‘ecit.
2763 4511 2953 4564 Lutum
2984 4507 3146 4562 tradit
3189 4505 3293 4575 igni
3317 4502 3548 4570 Spiritus
3579 4518 3591 4551 :
3657 4522 3683 4541 ο

2007 4608 2031 4661 Ι
2044 4625 2129 4674 pse
2153 4623 2237 4661 vos
2266 4606 2536 4676 captis/ibit
2561 4606 2614 4658 in
2642 4604 2846 4673 Spiritu
2869 4609 3043 4655 sancto
3063 4639 3078 4664 ,
3102 4608 3150 4653 et
3170 4596 3275 4668 igni
3297 4591 3509 4668 (Metuit.
3538 4592 3593 4647 3.

2009 4697 2120 4772 ll).
2152 4699 2208 4753 lu
2236 4713 2392 4768 aqua,
2423 4707 2478 4750 ut
2506 4695 2919 4757 reformaretur;
2949 4691 3001 4745 in
3025 4691 3130 4759 igni
3153 4729 3167 4752 ,
3198 4697 3256 4743 ut
3294 4685 3598 4742 consolida-

2009 4802 2177 4845 retur.
2201 4789 2325 4846 ideo
2368 4788 2625 4859 propheta
2651 4787 2779 4841 olim
2811 4784 3105 4839 vaticinans
3140 4779 3394 4837 dicebat:
3439 4776 3598 4832 Tam-

2008 4898 2156 4952 quam
2196 4896 2317 4935 casa
2358 4880 2502 4951 ﬁguli
2544 4889 2765 4933 conteres
2786 4893 2868 4932 eos
2895 4874 3065 4944 (-Psai.
3088 4874 3144 4928 2.
3177 4870 3257 4943 il).
3285 4872 3400 4927 Non
3429 4870 3561 4933 dixit
3581 4910 3597 4931 ,

2012 4982 2277 5042 tamquam
2306 4986 2429 5028 vasa
2458 4979 2686 5026 testacea
2706 5009 2723 5036 ,
2754 4984 2873 5039 quae
2894 4967 3086 5036 singuli
3116 4963 3389 5035 possident
3422 4979 3433 5015 :
3478 4970 3600 5015 Sunt

2010 5066 2153 5120 enim
2175 5064 2258 5118 illa
2289 5077 2415 5117 vasa
2444 5062 2619 5133 ﬁguli,
2650 5076 2767 5132 qua:
2794 5059 2984 5130 ligulas
3006 5060 3057 5113 in
3089 5066 3203 5111 rota
3235 5070 3329 5110 sua
3356 5050 3558 5121 efﬁngit
3585 5068 3600 5104 :

2011 5155 2106 5211 sed
2126 5169 2247 5209 vasa
2260 5154 2414 5224 ﬁguli
2437 5154 2802 5217 lutea,-nostra
2817 5165 2947 5205 vero
2960 5160 3209 5205 testacea.
3228 5145 3603 5202 Prteuuntians

2014 5248 2193 5318 itaque
2218 5246 2592 5301 conﬂationem
2620 5259 2717 5314 per
2738 5244 3001 5314 baptisma
3025 5243 3206 5297 denuo
3230 5236 3601 5310 repetendam,

2014 5338 2297 5409 Tamquam
2343 5352 2492 5402 casa,
2545 5336 2734 5406 inqttit,
2765 5335 2911 5407 ﬁguli
2953 5343 3177 5388 conteres
3196 5346 3304 5386 eos.
3340 5330 3567 5399 Reﬁugit

2017 5433 2219 5502 inquit,
2246 5440 2299 5486 et
2321 5432 2537 5486 ccutiat.
2568 5429 2844 5485 Descendo
2865 5429 2914 5482 in
2938 5428 3220 5497 baptisma,
3252 5435 3309 5480 et
3328 5423 3603 5493 reliugitur

2016 5524 2184 5579 forma
2216 5539 2330 5579 mea
2352 5563 2368 5587 ,
2395 5524 2574 5578 denuo
2594 5522 2794 5579 conﬁat
2822 5522 2960 5593 ignis
3005 5521 3234 5592 Spiritus
3253 5559 3269 5586 ,
3294 5526 3351 5573 et
3372 5515 3604 5573 el‘lieitur

2080 5701 2097 5733 ι
2133 5699 2599 5764 Sav.sicltabet,in
2639 5696 3014 5764 meipsoplatuo
3044 5695 3600 5760 tc;qtmtodo?egou

2016 5768 2167 5827 gesw-
2193 5761 2476 5827 emendet,-

2080 5824 2153 5890 (α)
2189 5822 2373 5877 Similia
2396 5825 2640 5891 habentur
2682 5838 2826 5891 supra
2851 5826 2897 5874 in
2927 5826 3187 5879 Catecltesi
3244 5819 3301 5875 ad
3335 5818 3609 5872 illuminan-

2017 5886 2125 5951 dos,
2142 5894 2273 5944 circa
2295 5886 2528 5940 medium.
