4036 6376
399 422 500 483 40?

397 549 657 598 testacea.
686 542 837 611 Quod
861 552 1037 600 autem
1068 545 1180 600 hare
1211 560 1316 599 non
1339 561 1403 600 ex
1424 545 1676 615 jactanlia
1701 543 1983 616 prodeunt,

395 632 519 686 andi
558 633 750 691 .lobum
783 654 794 690 :
824 634 970 690 Fecit
1019 646 1184 690 autem
1224 653 1315 691 nos
1362 637 1525 692 lutunt
1576 637 1711 708 (Job
1776 637 1862 692 10.
1889 636 1987 708 9);

398 724 595 781 Paulus
612 735 786 782 autem
807 742 821 781 :
845 726 1098 781 [labentes
1117 736 1288 781 autem
1310 728 1601 783 thesaurum
1622 729 1755 783 hunc
1780 729 1832 782 in
1854 728 1986 783 vasis

397 820 627 873 testaceis
672 820 746 893 (2.
793 819 912 876 Cor.
940 821 994 875 4.
1024 821 1102 892 7).
1136 822 1205 876 At
1241 821 1364 877 vide
1407 832 1557 877 testa:
1600 822 1986 877 fortitudinem.

394 907 510 961 Non
538 910 678 963 enim
720 910 770 964 in
812 910 932 980 igne
954 920 1102 966 cocta
1124 922 1228 978 est,
1258 913 1351 969 sed
1381 913 1432 967 in
1457 912 1677 983 Spiritu.
1708 913 1988 981 Quomodo

396 1006 683 1053 testacequ
715 1012 796 1054 est
820 1001 843 1054 ‘i
872 1000 1151 1071 Quinquies
1177 1004 1531 1074 quadragenas
1548 1022 1650 1058 una
1671 1006 1835 1057 minus
1853 1020 1990 1057 acce-

395 1093 443 1160 pi
476 1108 494 1145 :
521 1104 594 1145 ter
628 1094 777 1164 uirgis
806 1110 966 1149 ca'sus
989 1112 1134 1159 sum,
1162 1095 1316 1149 semel
1339 1096 1594 1168 lapidatus
1620 1113 1729 1151 sum
1757 1092 1832 1168 (2.
1862 1093 1983 1151 Cor.

394 1183 481 1234 ll.
509 1181 599 1237 24.
633 1182 726 1255 25)
750 1225 765 1250 ,
820 1193 875 1240 et
919 1194 1208 1240 testaceum
1238 1202 1334 1241 vas
1364 1203 1471 1242 non
1499 1185 1828 1241 confractum
1881 1195 1986 1241 est.

395 1272 561 1327 Nocte
584 1284 630 1329 et
649 1275 732 1329 die
754 1276 805 1330 in
829 1276 1084 1346 profundo
1112 1280 1268 1332 maris
1293 1279 1387 1348 fui.
1420 1278 1476 1333 ln
1507 1277 1770 1349 profundo
1797 1277 1914 1344 fuit,
1933 1287 1988 1333 et

393 1379 483 1419 vas
513 1374 801 1422 testaceum
830 1386 934 1423 non
966 1371 1195 1424 Solutum
1223 1380 1307 1426 est
1338 1390 1352 1423 ι
1385 1369 1716 1442 naufragium
1743 1372 1898 1437 fecit,
1932 1380 1988 1426 et

391 1454 672 1513 thesaurus
701 1472 804 1512 non
832 1461 1007 1528 periit.
1033 1459 1192 1516 Navis
1214 1461 1489 1516 submersa
1515 1473 1616 1528 cst,
1634 1470 1689 1517 et
1717 1477 1854 1517 onus
1869 1463 1985 1532 ejus

389 1549 674 1619 navigavit.
730 1548 979 1606 Habentes
1016 1563 1185 1605 autem
1226 1553 1537 1607 thesaurum.
1569 1554 1737 1620 Quem
1771 1553 1986 1608 thesau-

390 1656 510 1696 rum
535 1641 559 1695 ?
597 1641 828 1729 Spiritus
856 1655 1213 1700 conuueatum
1235 1687 1249 1710 ,
1279 1646 1536 1716 justitiam
1557 1688 1573 1714 ,
1602 1646 1984 1702 sanctificatio—

390 1747 547 1798 nem,
596 1732 1037 1803 redemptionem.
1097 1736 1302 1805 Quem,
1351 1752 1571 1809 quwso,
1628 1737 1983 1795 thesaurum?

390 1822 456 1877 lu
493 1826 694 1880 nomine
730 1824 856 1880 Iesu
900 1828 1113 1893 Christi,
1141 1845 1292 1901 surge
1331 1840 1378 1884 et
1408 1830 1611 1884 ambula
1633 1830 1767 1902 (Act.
1809 1831 1863 1884 5.
1900 1828 1978 1899 6).

387 1914 581 1983 Αεῗησα,
608 1927 755 1971 sanat
783 1928 828 1971 te
854 1917 1007 1972 Iesus
1036 1918 1269 1974 Christus
1297 1919 1434 1991 (Act.
1467 1921 1521 1976 9.
1551 1921 1671 1992 54).
1702 1920 1812 1974 Tibi
1832 1921 1944 1974 dico
1962 1960 1978 1984 ,

387 2009 607 2080 maligne
633 2011 859 2078 spiritus,
893 2012 975 2065 exi
997 2012 1060 2066 ab
1080 2029 1136 2066 eo
1155 2013 1290 2086 (sict.
1329 2012 1409 2068 16.
1447 2014 1567 2083 18).

460 2102 544 2155 12.
578 2103 676 2168 Qui
704 2119 848 2158 verus
878 2106 1173 2170 thesaurus;
1202 2104 1293 2159 dos
1319 2121 1523 2176 sponsa:
1548 2104 1755 2160 Christi.
1786 2132 1855 2145 —-
1885 2103 1980 2158 Vi—

384 2194 508 2250 disti
536 2194 844 2250 thesaurum
876 2195 1035 2267 regiis
1065 2196 1332 2254 thesauris
1358 2194 1775 2270 splendidiorem
1799 2196 1822 2250 ‘i
1842 2195 1977 2263 Quid

386 2286 529 2340 enim
571 2287 675 2342 tale
717 2285 893 2342 facere
945 2303 1195 2358 umquam
1236 2290 1430 2358 poterit
1462 2289 1605 2359 regia
1658 2288 1976 2358 margarita,

385 2376 542 2445 quate
562 2375 722 2430 verba
745 2373 973 2446 apostoli
990 2376 1273 2433 ediderunt
1291 2378 1553 2448 ?Appone
1575 2377 1854 2433 innumera
1876 2376 1979 2431 dia-

386 2467 599 2522 dentata
627 2470 850 2524 mortuis
870 2511 884 2532 .
916 2477 969 2524 et
988 2485 1095 2523 nun
1122 2469 1498 2525 excitabuntur
1526 2488 1543 2524 :
1568 2484 1730 2524 unum
1752 2484 1816 2525 ex
1847 2482 1978 2540 apo-

388 2559 529 2615 stolo
557 2574 831 2630 egressum
857 2559 1080 2616 verbum
1109 2562 1360 2617 rebellem
1387 2570 1629 2617 naturam
1656 2561 1898 2629 reduxit,
1924 2570 1978 2617 et

384 2650 439 2705 in
468 2650 747 2719 pristinum
778 2658 976 2707 statum
1016 2652 1267 2707 restituit.
1299 2650 1556 2707 [labentes
1578 2662 1745 2707 autem
1772 2655 1977 2708 thesau—

384 2756 497 2792 rum
527 2742 662 2794 hunc
706 2741 781 2814 (Ξ.
805 2739 923 2798 Cor.
952 2742 1006 2797 4.
1037 2742 1111 2810 7).
1139 2742 1183 2798 0
1204 2742 1451 2799 thesaure
1477 2744 1567 2813 qui
1600 2760 1704 2798 non
1735 2752 1981 2799 servatur

386 2830 598 2896 solum,
627 2831 719 2886 sed
744 2832 831 2903 qui
858 2842 1034 2889 servat
1062 2833 1278 2889 domum
1315 2834 1366 2888 in
1395 2850 1497 2905 qua
1528 2834 1832 2890 reconditur
1857 2837 1870 2889 !
1895 2834 1979 2890 lu-

386 2923 635 2978 tellexisti
676 2924 803 2995 quid
845 2926 1127 2981 dixerim?
1173 2926 1347 2997 Reges
1388 2936 1543 2982 terra:
1572 2936 1629 2983 et
1675 2927 1974 2998 principes,

382 3029 504 3069 cum
534 3013 813 3071 thesauros
869 3016 1098 3081 habent,
1136 3032 1358 3087 magnas
1395 3026 1713 3073 construunt
1750 3018 1973 3085 domos,

383 3122 563 3162 muros
588 3122 802 3177 nempe,
825 3117 1026 3174 vectes,
1056 3108 1505 3172 fores,-custodes
1524 3149 1539 3174 ,
1571 3123 1720 3165 seras
1739 3150 1753 3174 ,
1789 3117 1845 3164 ut
1885 3123 1977 3164 cu-

380 3199 644 3256 stodiatur
677 3198 998 3257 thesaurus:
1024 3199 1268 3256 Christus
1296 3209 1473 3256 autem
1519 3203 1846 3257 contrarium
1896 3200 1977 3257 fe-

383 3292 486 3358 cit;
519 3306 624 3346 non
674 3291 725 3347 in
755 3290 1000 3363 lapideo,
1029 3292 1122 3350 sed
1152 3292 1224 3348 in
1251 3301 1485 3349 testaceo
1511 3309 1636 3349 vase
1665 3293 1975 3350 thesaurum

381 3385 582 3454 posuit.
613 3383 669 3440 Si
700 3399 922 3455 magnus
945 3386 1228 3441 thesaurus
1252 3427 1268 3454 ,
1300 3401 1397 3441 cur
1420 3402 1514 3440 vas
1544 3385 1810 3441 inlirtnum
1833 3385 1857 3439 ‘l
1878 3386 1975 3442 At-

380 3473 472 3544 qui
501 3474 622 3529 ideo
651 3490 745 3531 vas
787 3475 1056 3531 infirmum
1086 3485 1200 3542 est,
1230 3478 1351 3546 quia
1381 3484 1712 3547 magnus-est
1757 3477 1975 3533 thesau-

382 3579 480 3620 rus
510 3585 523 3619 :
555 3580 661 3620 non
685 3565 827 3623 enim
853 3576 1099 3622 servatur
1126 3582 1157 3622 a
1184 3582 1310 3622 vase
1329 3608 1343 3631 ,
1375 3567 1468 3623 sed
1492 3568 1605 3637 ipse
1635 3581 1727 3621 vas
1756 3581 1976 3623 conser-

382 3663 497 3711 vat.
526 3655 640 3728 Ego
662 3660 968 3714 thesaurqu
998 3673 1159 3729 pono,
1188 3658 1306 3730 quis
1330 3675 1453 3714 eum
1476 3659 1723 3715 sull'urari
1750 3669 1924 3732 potest
1951 3661 1975 3715 ?

381 3745 542 3804 Venit
581 3748 860 3816 diabolus,
894 3750 1038 3805 venit
1059 3750 1208 3805 orbis
1238 3758 1418 3818 terrm,
1445 3762 1709 3807 venerunt
1736 3754 1974 3808 sexcenti

382 3840 659 3909 homines,
687 3850 741 3897 et
785 3842 1094 3898 thesaurum
1142 3857 1248 3897 non
1274 3842 1430 3898 furati
1457 3854 1600 3899 sunt.
1630 3844 1974 3916 Flagellatum

381 3943 466 3989 est
490 3948 583 3989 vas
602 3976 619 4001 ,
650 3944 706 3990 et
724 3934 1127 3992 thesaurus‘non
1149 3937 1389 4007 proditus
1411 3947 1515 3993 est.
1551 3937 1861 3994 Demersum
1892 3949 1975 3994 est

383 4024 438 4078 in
487 4040 635 4082 mare
656 4066 673 4094 ,
706 4034 759 4082 et
783 4027 1114 4098 naufragium
1144 4042 1255 4084 non
1299 4028 1443 4084 fecit.
1485 4029 1750 4085 Mor-tuum
1781 4038 1892 4097 est,
1920 4037 1977 4085 et

381 4114 889 4172 thesaurusmanet.
925 4118 1079 4173 Dedit
1107 4119 1265 4188 igitur
1311 4119 1695 4175 arrhabonem.
1740 4120 1973 4176 Ubinam

382 4217 507 4263 sum
526 4208 615 4278 qui
638 4207 691 4262 iu
712 4208 942 4278 Spiritus
959 4209 1291 4280 majestatem
1314 4209 1687 4280 blasphemant
1705 4211 1727 4264 ’ἓ
1744 4211 1973 4266 .llentem

382 4298 654 4355 adhibete.
680 4300 787 4366 Qui
819 4310 986 4355 autem
1014 4301 1283 4369 conﬁrmat
1322 4319 1415 4356 nos
1441 4302 1691 4357 vobiscum
1733 4305 1786 4356 in
1825 4303 1974 4357 Chri-

383 4402 520 4446 stum
550 4390 709 4459 Deus,
750 4394 837 4462 qui
862 4393 1001 4447 dedit
1028 4393 1363 4447 arrhabonem
1409 4393 1636 4464 Spiritus
1663 4394 1739 4465 ('2.
1769 4393 1887 4450 Cor.
1924 4397 1971 4449 1.

346 4520 359 4533 .
380 4482 471 4538 21.
501 4483 616 4555 22).
643 4483 801 4540 Scitis
826 4498 933 4538 vos
968 4497 1188 4549 omnes,
1234 4483 1588 4539 arrhabonetn
1635 4497 1840 4555 partem
1866 4486 1976 4541 exi-

379 4591 537 4647 guam
554 4592 679 4633 esse
705 4577 868 4632 totius
894 4594 909 4631 :
941 4576 1066 4631 audi
1093 4576 1384 4647 quomodo.
1410 4576 1535 4631 Abit
1564 4578 1683 4647 quis
1701 4586 1976 4648 empturus

381 4669 599 4724 domum
625 4671 797 4739 pretio
821 4671 991 4727 multo
1014 4712 1030 4739 ,
1075 4681 1131 4727 et
1154 4670 1284 4726 dicit
1311 4688 1325 4724 :
1360 4671 1431 4725 Da
1461 4670 1591 4725 mihi
1621 4670 1975 4726 arrhabonem

382 4773 482 4829 pro
495 4760 768 4815 cautione.
801 4760 925 4816 Abit
952 4761 1073 4831 quis
1121 4763 1398 4818 mulierem
1428 4760 1720 4826 ducturus,
1748 4760 1816 4817 de
1852 4761 1977 4815 dote

382 4862 436 4907 ct
457 4852 526 4908 de
556 4852 892 4909 facultatibus
920 4841 1224 4925 paciscitur,
1254 4865 1308 4911 et
1327 4855 1455 4909 dicit
1482 4873 1497 4909 :
1531 4854 1603 4908 Da
1627 4854 1755 4909 mihi
1786 4853 1976 4909 arrha-

383 4943 597 4998 bonem.
623 4940 853 4999 Attende
877 4960 891 4997 :
924 4944 976 4999 in
1005 4946 1255 5000 auctione
1282 4944 1422 4999 servi
1444 4943 1675 4999 arrhabo
1694 4985 1710 5010 ,
1742 4944 1979 5014 itemque

386 5035 440 5093 in
471 5037 721 5092 otttnibus
766 5038 1127 5092 commerciis.
1157 5037 1290 5093 Cum
1338 5039 1517 5108 itaque
1552 5036 1801 5091 Christus
1822 5049 1978 5106 pacta

386 5130 663 5185 nobiscum
704 5129 866 5185 inibat
896 5130 1007 5199 (me
1039 5129 1236 5184 etenim
1266 5130 1402 5183 sicut
1424 5143 1675 5198 sponsam
1720 5137 1836 5182 erat
1872 5127 1977 5182 du-

385 5221 617 5293 cturus).
638 5221 768 5276 mihi
787 5222 948 5276 etiam
970 5220 1150 5275 dotem
1177 5220 1451 5285 adscribit,
1471 5236 1575 5275 non
1602 5220 1862 5288 pecuniae,
1883 5219 1978 5274 sed

385 5314 679 5385 sanguinis.
716 5313 904 5369 Dotem
934 5327 1065 5368 vero
1085 5311 1214 5365 mihi
1241 5311 1497 5366 adscribit
1521 5311 1853 5382 largitionem
1874 5310 1975 5365 bo-

386 5421 577 5461 norum
599 5448 614 5470 ,
649 5403 779 5473 Qui:
804 5405 981 5460 oculus
1006 5420 1106 5457 non
1140 5403 1261 5456 vidit
1281 5443 1296 5468 ,
1318 5412 1364 5456 et
1390 5404 1529 5457 auris
1549 5419 1649 5457 non
1673 5402 1866 5456 audivit
1884 5443 1901 5467 ,
1930 5411 1977 5455 ct

385 5499 438 5552 in
467 5516 555 5553 cor
579 5497 798 5551 hominis
818 5513 920 5551 non
937 5494 1273 5550 ascenderunt
1299 5493 1374 5566 (l.
1395 5492 1517 5549 Cor.
1541 5493 1596 5548 2.
1617 5491 1694 5565 9).
1720 5491 1777 5547 lu
1797 5492 1976 5547 dotem

388 5589 549 5659 igitur
573 5587 855 5659 adscripsit
896 5587 1349 5643 immortalitatem
1369 5626 1386 5653 ,
1435 5585 1645 5640 laudem
1671 5601 1792 5641 cum
1818 5599 1980 5654 ange-

390 5680 481 5743 lis,
512 5682 901 5736 iuuuunitatem
927 5697 958 5737 a
986 5688 1187 5743 morte,
1219 5677 1518 5734 libertatem
1543 5694 1572 5731 a
1592 5687 1809 5747 peccato
1827 5719 1842 5743 ,
1881 5677 1978 5730 be-

393 5773 677 5828 reditatem
731 5774 876 5843 regni
923 5773 1189 5844 (ingentes
1235 5780 1360 5826 sunt
1398 5770 1640 5840 div-ium),
1682 5771 1977 5841 justitiam,

392 5865 901 5931 sanctiticatiouem,
940 5863 1312 5919 liberationem
1343 5881 1374 5920 ι
1420 5863 1807 5936 pncseutibus,
1838 5862 1981 5917 futu-

1128 430 1185 488 S.
1226 430 1503 489 JOANNIS
1544 427 2013 487 Cllllh’SUSTle
2055 426 2373 485 AllCllllﬁP.
2413 430 2945 491 CONSTANTINOP.

3585 432 3693 492 tos

2099 559 2284 597 rerum
2314 544 2672 617 adeptionem.
2702 546 2885 619 Magna
2913 547 3042 603 mihi
3070 547 3168 603 dos
3194 558 3327 604 erat.
3358 551 3589 607 Attende
3612 552 3695 607 di-

2096 635 2326 707 ligenter
2354 654 2370 693 :
2403 637 2523 693 vide
2551 639 2679 709 quid
2726 640 2902 695 faciat.
2945 639 3103 695 Venit
3136 652 3412 712 acceptum
3443 645 3694 698 meretri-

2093 740 2209 782 cem
2229 769 2245 795 ,
2277 727 2355 783 sic
2384 743 2501 783 eam
2534 744 2668 785 voco
2695 771 2711 797 ,
2763 730 2907 800 quod
2958 740 3103 786 esset
3144 732 3349 802 impura
3370 773 3386 801 ,
3416 744 3475 789 ut
3509 737 3693 806 sponsi

2098 832 2339 873 amorem
2353 821 2582 876 ediscas.
2608 821 2782 888 Venit,
2802 824 3008 892 accepit
3023 839 3129 890 me,
3147 822 3327 879 dotem
3347 825 3477 880 mihi
3499 828 3698 881 adscri-

2094 909 2217 979 psit.
2241 910 2395 977 Dicit,
2415 913 2493 965 Do
2516 913 2610 968 tibi
2638 912 2850 967 divitias
2871 915 3332 981 meas.Qnomodo
3348 916 3694 985 ?Perdidisti,
3776 898 3785 903 ’

2093 1002 2299 1072 inquit,
2331 1002 2631 1071 paradisum
2658 1005 2682 1059 Ἰ
2714 1006 2898 1075 accipe
2937 1006 3103 1059 illum.
3141 1006 3456 1071 Perdidisti,
3489 1008 3693 1077 inquit,

2091 1092 2358 1149 formam?
2376 1097 2560 1167 aecipe
2590 1097 2752 1152 illam.
2786 1098 2910 1153 llaec
2934 1099 3114 1154 omnia
3138 1100 3339 1169 accipe.
3373 1101 3571 1157 Verum
3593 1103 3696 1159 dos

2091 1200 2207 1240 mea
2241 1185 2324 1241 hic
2344 1188 2471 1242 mihi
2494 1204 2600 1242 non
2617 1188 2796 1243 datur.

2164 1277 2251 1331 15.
2285 1278 2523 1332 Adverte
2543 1280 2801 1345 animum,
2821 1292 3148 1352 quapropter
3175 1282 3313 1339 hanc
3338 1283 3517 1340 dotem
3546 1300 3690 1356 prae-

2090 1366 2237 1422 dicit.
2268 1368 2394 1422 Mihi
2420 1370 2470 1423 in
2494 1370 2670 1424 dotem
2702 1372 2990 1441 adscripsit
3019 1374 3467 1429 resurrectionem
3495 1390 3693 1444 corpo-

2090 1475 2208 1515 rum
2236 1469 2291 1515 et
2334 1462 2815 1533 incorruptionem.
2849 1464 3317 1520 Resurrcctiouent
3352 1466 3549 1536 quippe
3580 1483 3689 1521 non

2089 1554 2396 1608 necessario
2424 1557 2666 1623 sequitur
2708 1556 3071 1626 incorruptio,
3098 1557 3192 1611 sed
3222 1557 3337 1612 haec
3366 1559 3473 1611 duo
3511 1571 3687 1614 erant.

2093 1645 2167 1699 At
2184 1643 2329 1700 enim
2343 1645 2500 1701 multi
2519 1660 2952 1715 resurrexeruut,
2971 1658 3022 1703 et
3053 1664 3238 1703 rursus
3264 1648 3501 1704 defuncti
3526 1660 3687 1704 sunt:

2091 1735 2541 1807 quemadmodum
2568 1736 2801 1793 Lazarus
2835 1747 2891 1793 et
2926 1754 3153 1808 corpora
3205 1750 3533 1795 sanctorum.
3580 1740 3692 1795 νο·-

2086 1841 2205 1882 rum
2233 1827 2319 1882 hic
2340 1843 2445 1882 non
2472 1829 2755 1885 similiter:
2786 1830 2881 1886 sed
2912 1831 3359 1887 resurrectionem
3391 1833 3688 1902 promittit,

2086 1917 2574 1989 incorruptionem,
2616 1920 2844 1976 choreas
2883 1937 3006 1977 cum
3050 1923 3287 1991 angelis,
3332 1922 3451 1977 Filii
3497 1938 3693 1979 occuro

2082 2022 2201 2063 sum
2244 2008 2299 2064 in
2338 2008 2588 2075 nubibus,
2634 2009 2703 2064 Et
2740 2012 2813 2065 sic
2849 2027 3047 2084 semper
3085 2028 3200 2065 cum
3239 2011 3460 2067 Domino
3497 2014 3689 2069 erimus

2086 2100 2161 2173 (Ι.
2220 2099 2397 2155 Thess.
2443 2102 2501 2157 4.
2530 2101 2647 2173 17),
2679 2103 3009 2173 ereptioncm
3030 2117 3061 2157 a
3090 2114 3297 2170 morte,
3327 2103 3624 2159 libertatem
3650 2120 3685 2159 ι

2084 2201 2343 2263 peccato,
2392 2193 2787 2249 demersiouem
2843 2194 3107 2250 interitus.
3157 2195 3322 2264 Quale
3377 2195 3506 2250 illud
3550 2196 3688 2251 est?

2086 2282 2278 2338 Oculus
2298 2301 2398 2339 non
2420 2285 2574 2352 uidit,
2602 2300 2694 2340 nec
2718 2286 2859 2340 auris
2879 2286 3074 2341 audivit
3091 2326 3107 2352 ,
3138 2302 3229 2340 nec
3251 2286 3306 2339 in
3333 2303 3422 2340 cor
3462 2287 3687 2341 hominis

2081 2375 2412 2430 ascenderunt
2447 2393 2536 2442 ea,
2579 2392 2695 2447 qua
2729 2377 3034 2446 praeparauit
3075 2376 3214 2431 Deus
3258 2376 3586 2447 diligentibus
3627 2394 3685 2431 se

2085 2466 2164 2538 (1.
2195 2465 2315 2522 Cor.
2355 2466 2409 2521 2.
2453 2468 2535 2533 9).
2586 2467 2806 2523 Bonane
2860 2467 2990 2522 mihi
3043 2466 3139 2522 das
3191 2484 3310 2539 qua:
3361 2484 3468 2523 non
3508 2471 3684 2523 novi?

2083 2557 2257 2612 Etiam
2277 2596 2293 2622 ,
2325 2559 2400 2612 ait
2431 2576 2445 2613 :
2476 2559 2563 2613 hic
2593 2567 2645 2613 te
2680 2558 2949 2629 desponso
2968 2601 2984 2626 ,
3014 2558 3101 2615 hic
3129 2574 3214 2614 me
3238 2575 3375 2614 ama.
3414 2560 3524 2614 Cur
3545 2561 3679 2614 mihi

2082 2663 2192 2704 non
2226 2651 2312 2704 hic
2336 2649 2515 2705 dotem
2545 2648 2708 2705 tradis
2736 2648 2759 2702 ?
2800 2649 2934 2704 Cum
2972 2649 3040 2703 ad
3072 2649 3280 2704 Patrem
3314 2665 3490 2703 meum
3519 2664 3681 2704 vene-

2081 2739 2155 2794 ris
2173 2780 2187 2804 ,
2215 2754 2337 2795 cum
2359 2740 2570 2795 veneris
2594 2740 2645 2794 in
2675 2739 2819 2810 regia
2845 2741 3000 2794 atria.
3034 2740 3146 2809 Ego
3174 2740 3241 2793 ad
3269 2749 3320 2794 te
3343 2739 3495 2807 veni,
3527 2754 3596 2794 an
3622 2749 3682 2794 tu

2078 2832 2151 2886 ad
2181 2847 2267 2888 me
2294 2832 2317 2886 ‘t
2348 2831 2480 2887 Veni
2512 2848 2617 2888 non
2641 2843 2698 2887 ut
2726 2832 2813 2888 hic
2834 2847 3073 2899 maneas,
3105 2832 3201 2887 sed
3227 2842 3285 2887 ut
3313 2841 3365 2887 te
3383 2846 3676 2897 assumam,

2079 2932 2135 2981 et
2158 2927 2465 2981 ascendam.
2505 2925 2584 2982 Ne
2613 2926 2701 2981 hic
2738 2941 2947 2996 quzeras
2994 2926 3204 2991 dotem;
3253 2926 3433 2980 omnia
3465 2925 3518 2980 in
3547 2940 3675 2995 spe,

2080 3017 2261 3073 omnia
2311 3017 2364 3071 in
2409 3016 2536 3073 ﬁde.
2585 3016 2798 3071 Nihilne
2851 3016 2940 3071 hic
2966 3015 3063 3071 das
3105 3016 3234 3072 mihi
3265 3017 3288 3069 l
3320 3016 3676 3087 Respondet:

2080 3109 2277 3180 Accipe
2300 3107 2683 3176 arrhabonem,
2704 3117 2760 3164 ut
2788 3108 2917 3163 mihi
2943 3107 3011 3162 de
3035 3109 3211 3163 futuro
3232 3107 3424 3162 credas
3451 3125 3465 3161 :
3492 3109 3679 3177 accipe

2090 3199 2343 3270 pignora,
2372 3199 2556 3269 accipe
2603 3200 2893 3268 sponsalia.
2940 3197 3066 3254 Ideo
3120 3198 3320 3253 Paulus
3358 3197 3522 3265 dicit,
3572 3198 3677 3252 De-

2076 3293 2263 3364 spondi
2288 3294 2420 3348 cnim
2440 3311 2526 3349 vos
2547 3293 2624 3365 (2.
2649 3293 2767 3348 Cor.
2793 3294 2879 3348 11.
2899 3293 2982 3364 ‘2).

2150 3387 2322 3453 Quam
2343 3395 2544 3458 prwstet
2570 3387 2673 3441 vita
2701 3386 2874 3456 futura
2897 3385 3150 3456 prmsenti.
3178 3413 3248 3425 —
3266 3381 3375 3439 Ceu
3404 3383 3674 3453 sponsalia

2078 3479 2297 3536 tradidit
2326 3479 2482 3536 nobis
2513 3480 2653 3535 Deus
2681 3478 2960 3549 praesentia
3000 3476 3171 3541 bona;
3215 3475 3486 3546 sponsalia
3513 3485 3567 3531 et
3595 3478 3673 3545 pi-

2076 3586 2214 3643 guns
2241 3580 2369 3627 sunt
2392 3571 2672 3643 prtesentia
2708 3570 2844 3625 :dos
2867 3577 2973 3622 tota
3005 3569 3110 3623 illic
3135 3577 3337 3626 manet.
3354 3566 3636 3637 Quomodo
3652 3566 3679 3620 τ

2078 3678 2180 3734 ego
2202 3661 2399 3718 dicam.
2430 3661 2524 3716 Hic
2547 3674 2769 3716 senesco
2788 3702 2802 3724 ,
2837 3659 2945 3715 illic
2972 3673 3079 3713 non
3127 3673 3390 3722 senesco;
3423 3657 3509 3712 hic
3555 3674 3675 3713 mo-

2078 3756 2189 3810 rior
2207 3795 2222 3821 ,
2255 3753 2364 3809 illic
2390 3768 2501 3809 non
2529 3753 2760 3816 morior;
2793 3751 2881 3807 hic
2908 3750 3098 3815 doleo,
3125 3748 3233 3804 illic
3259 3764 3366 3803 non
3398 3750 3559 3814 item;
3592 3749 3678 3803 hic

2080 3855 2394 3916 paupertas,
2420 3843 2643 3899 morbus
2662 3885 2678 3909 ,
2708 3842 2946 3907 insidias,
2975 3841 3085 3895 illic
3104 3839 3234 3894 nihil
3263 3838 3565 3907 ejusmodi;
3591 3838 3679 3892 hic

2079 3936 2316 3992 tenebras
2334 3942 2389 3989 et
2409 3935 2532 3997 lux,
2558 3934 2664 3987 illic
2690 3933 2777 3987 lux
2808 3940 3050 3997 tantum;
3083 3930 3170 3985 hic
3190 3929 3396 3984 insidiae
3416 3971 3433 3995 ,
3469 3928 3579 3982 illic
3608 3927 3676 3981 li-

2078 4028 2293 4094 bertas;
2318 4026 2406 4081 hic
2433 4024 2684 4090 morbus,
2713 4024 2817 4078 illic
2842 4022 3075 4085 sanitas;
3099 4020 3184 4075 hic
3206 4021 3309 4073 vita
3328 4060 3346 4086 ,
3368 4034 3487 4090 quae
3517 4019 3679 4072 tinem

2082 4119 2277 4183 habet,
2300 4117 2412 4173 illic
2438 4115 2545 4170 vita
2563 4156 2581 4180 ,
2605 4130 2726 4184 qua:
2761 4128 2867 4168 non
2895 4112 3057 4167 habet
3077 4112 3401 4175 terminum;
3435 4110 3519 4163 hic
3551 4124 3680 4178 pec:

2077 4219 2257 4266 catum
2276 4251 2292 4274 ,
2316 4208 2426 4264 illic
2441 4207 2646 4278 jus-tilia
2666 4247 2679 4268 ,
2699 4212 2973 4274 peccatum
2993 4218 3122 4257 vero
3142 4215 3429 4271 numquam
3450 4217 3465 4266 ;
3490 4200 3576 4254 hic
3601 4199 3675 4254 iu-

2080 4302 2247 4370 vidia,
2270 4302 2378 4357 illic
2398 4300 2531 4355 nihil
2558 4298 2750 4354 simile.
2780 4297 2905 4351 limc
2926 4295 3053 4350 mihi
3071 4295 3218 4360 dato,
3251 4293 3442 4364 inquit.
3467 4292 3673 4362 Exspe-

2079 4405 2194 4463 cta,
2217 4404 2275 4450 ut
2297 4403 2352 4449 et
2374 4391 2619 4449 conservi
2666 4391 2740 4445 tui
2767 4389 2898 4445 salvi
2931 4387 3060 4443 ﬁant
3088 4405 3102 4441 :
3133 4396 3405 4456 exspecta.
3432 4383 3531 4452 Qui
3577 4398 3680 4437 nos

2079 4484 2396 4551 conﬁrmat,
2422 4482 2566 4538 dedit
2612 4482 2765 4536 nobis
2790 4480 3166 4534 arrhabonem.
3203 4477 3374 4543 Quem
3424 4475 3680 4529 arrhabo-

2081 4594 2204 4633 nem
2231 4577 2256 4631 ἲ
2281 4577 2537 4647 Spiritum
2567 4588 2810 4630 sanctum
2828 4614 2843 4638 ,
2868 4571 3100 4641 Spiritus
3126 4568 3293 4624 sancti
3321 4566 3544 4621 donum.
3573 4565 3681 4620 Sed

2081 4671 2148 4728 de
2169 4672 2368 4741 Spiritu
2388 4672 2598 4740 loquor.
2616 4667 2884 4722 Annulum
2901 4664 3045 4719 dedit
3061 4660 3315 4732 apostolis
3328 4659 3514 4714 dicens
3534 4674 3548 4710 :
3568 4659 3677 4711 Ac-

2082 4764 2261 4834 cipite,
2279 4772 2337 4818 et
2355 4763 2478 4817 date
2495 4759 2762 4815 omnibus.
2784 4757 3096 4812 Annulusne
3121 4755 3173 4807 in
3187 4763 3363 4822 partes
3378 4749 3642 4804 scinditur
3656 4751 3681 4803 1

2083 4855 2143 4909 lu
2174 4864 2351 4925 partes
2366 4852 2628 4908 scinditur
2645 4893 2662 4916 ,
2683 4864 2783 4904 nec
2809 4847 3094 4911 dividitur;
3127 4847 3181 4898 in
3198 4852 3376 4913 partes
3396 4841 3678 4902 scinditur,

2082 4963 2183 5004 nec
2201 4946 2519 5003 absumitur.
2553 4944 2709 4999 Disce
2721 4942 2949 5012 Spiritus
2967 4939 3189 4993 donum.
3220 4935 3444 5005 Accepit
3465 4934 3679 4999 Petrus,

2082 5039 2286 5109 accepit
2312 5046 2367 5093 et
2391 5037 2591 5092 Paulus
2609 5034 3145 5104 Spiritumeanctum.
3162 5026 3435 5082 Circuibat
3451 5026 3642 5082 orbem
3662 5067 3678 5089 ,

2084 5137 2393 5199 peccatores
2421 5140 2449 5178 a
2473 5132 2692 5195 peccato
2713 5123 2970 5179 liberabat
2998 5137 3013 5173 :
3037 5118 3261 5175 claudos
3286 5118 3523 5187 erigebat
3539 5157 3557 5179 ,
3583 5133 3683 5170 nu-

2086 5221 2186 5276 dos
2213 5219 2501 5285 induebat,
2533 5225 2772 5271 mortuos
2817 5213 3138 5273 suscitabat.
3185 5210 3429 5279 leprosos
3458 5208 3682 5263 munda-

2085 5311 2176 5365 bat
2194 5350 2209 5374 ,
2229 5308 2444 5364 diabolo
2470 5322 2534 5361 os
2552 5306 2869 5370 obturabat,
2900 5305 3175 5357 daemonas
3200 5300 3498 5355 stiliocabat
3514 5340 3530 5364 ,
3555 5314 3678 5354 cum

2087 5403 2198 5457 Deo
2226 5401 2574 5470 loquebatur,
2608 5398 2900 5453 Ecclesium
2944 5394 3236 5465 plantavit,
3266 5394 3462 5462 templa
3484 5393 3678 5457 diruit,

2085 5491 2271 5549 altaria
2293 5493 2519 5555 evertit,
2570 5490 2828 5545 malitiam
2866 5486 3063 5550 solvit,
3093 5486 3343 5538 virtutem
3387 5484 3679 5553 plantavit,

2087 5586 2330 5641 homines
2354 5582 2573 5653 angelus
2611 5581 2755 5637 feoit.

2160 5676 2251 5730 14.
2276 5674 2404 5729 11ωο
2429 5673 2607 5728 omnia
2636 5684 2871 5727 eramus.
2897 5668 3024 5723 llaec
3060 5665 3218 5722 arrba
3248 5664 3487 5735 implevit
3512 5673 3681 5717 totum

2087 5767 2272 5823 orbem
2322 5776 2604 5819 terrarum.
2645 5762 2781 5817 Cum
2835 5760 2960 5815 dico
3013 5766 3220 5822 totum,
3275 5766 3470 5808 terram
3519 5752 3679 5813 dico.

2087 5867 2340 5933 quantam
2367 5857 2450 5914 sol
2473 5855 2721 5927 respicit,
2754 5868 2938 5923 mare,
2977 5850 3200 5922 insulas,
3227 5860 3457 5915 montes,
3491 5846 3675 5909 saltus,
