4036 6388
360 389 497 445 409'

361 504 601 579 βουνούς.
636 502 901 576 Περιῆλθε
931 501 1181 573 καθάπερ
1210 501 1515 573 ὑπόπτερος
1544 502 1574 554 6
1604 499 1815 563 Παῦλος
1852 500 1931 552 ἐνὶ

359 590 587 662 στόματι
622 587 889 652 παλαίων,
916 587 946 639 6
1000 586 1321 656 σκηνοποιδς
1344 625 1360 651 ,
1402 586 1432 639 6
1466 584 1664 656 σμίλην
1694 600 1941 655 μεταχει-

361 673 665 745 ριζόμενος,
711 671 806 724 καὶ
832 669 1076 741 δέρματα
1114 669 1366 741 βάπτων·
1401 666 1497 723 καὶ
1536 667 1677 739 αὕτη
1706 669 1743 741 ἡ
1771 668 1935 739 τέχνη

358 755 588 827 κώλυμα
613 756 679 825 τῇ
718 754 886 824 ἀρετῇ
929 752 1029 805 οὐκ
1073 752 1323 821 ἐγένετο,
1378 751 1494 806 ἀλλ’
1539 753 1569 806 6
1619 749 1937 822 σκηνοποιδς

356 839 626 911 δαιμόνων
668 836 1031 907 ἰσχυρότερος,
1069 838 1098 890 6
1131 836 1367 907 ἄστομος
1396 836 1702 906 φιλοσόφων
1734 835 1940 904 φιλοσο-

357 923 620 993 φώτερος.
662 919 866 984 Πόθεν;
916 917 1117 972 Ἔλαϐε
1162 918 1254 972 τὸν
1297 918 1619 990 ἀρραϐῶνα.
1670 918 1937 983 ὲϐάσταζε

355 1008 447 1061 τὸν
473 1004 753 1061 δακτύλιον
783 1001 879 1057 καὶ
906 1003 1258 1074 περιέφερεν.
1292 1002 1561 1055 Ἕϐλεπον
1592 1002 1793 1066 πάντες
1812 1042 1826 1063 .
1853 1003 1937 1056 ὃτι

357 1088 617 1153 Βασιλεὺς
636 1088 915 1161 ἡρμόσατο
948 1083 1049 1156 τὴν
1078 1083 1240 1155 φύσιν
1269 1084 1447 1156 ὴμῶν·
1479 1081 1617 1141 εἶδεν
1643 1087 1672 1141 6
1703 1086 1936 1158 δαίμων,

354 1174 450 1229 καὶ
482 1170 748 1244 ἀνεχώρει
775 1186 789 1201 ’
823 1165 929 1223 εἶδε
971 1168 1063 1223 16v
1094 1170 1414 1242 ἀρραϐῶνα,
1457 1172 1553 1226 καὶ
1582 1171 1811 1243 ἔτρεμε,
1842 1172 1938 1227 καὶ

353 1254 630 1327 ὑπεχώρει
653 1271 668 1288 ε
713 1254 906 1325 ίμάτια
931 1252 1125 1306 ἔϐλεπε
1151 1293 1166 1318 ,
1210 1253 1305 1307 καὶ
1338 1253 1713 1326 ὲδραπέτευεν.
1750 1254 1817 1306 Ὦ
1843 1252 1937 1308 δύ-

353 1356 515 1411 ναμις
561 1337 913 1408 Πνεύματοςί
946 1336 1009 1390 οὐ
1041 1335 1186 1408 ψυχῇ
1236 1336 1404 1391 ἔδωκε
1433 1337 1531 1409 τὴν
1563 1336 1834 1404 ἐξουσίαν,
1872 1338 1934 1392 οὐ

353 1421 599 1494 σώματι,
647 1419 785 1474 ἀλλά
833 1420 927 1474 καὶ
973 1419 1197 1490 ἱματίῳ·
1247 1419 1347 1491 ούχ
1387 1420 1625 1491 ίματίῳ,
1671 1421 1807 1475 ἀλλὰ
1843 1421 1938 1475 καὶ

353 1506 504 1577 σκιᾷ.
539 1504 762 1576 Περι-ᾔει
793 1504 824 1556 6
870 1503 1110 1572 Πέτρος,
1154 1502 1249 1556 καὶ
1281 1505 1315 1574 ἡ
1357 1503 1483 1557 σκιὰ
1537 1503 1703 1558 αὐτοῦ
1749 1504 1936 1567 νόσους

350 1588 684 1659 ἐφυγάδευε,
729 1588 825 1642 καὶ
872 1587 1135 1656 δαίμονας
1187 1586 1506 1658 ἀπήλαυνε,
1566 1586 1663 1642 καὶ
1709 1587 1936 1659 νεκροὺς

350 1673 594 1745 ἤγειρεν.
626 1670 848 1742 Περιῄει
883 1668 1097 1731 Παύλος
1123 1668 1227 1740 τὴν
1260 1670 1609 1742 οἰκουμένην,
1641 1668 1741 1734 τὰς
1770 1670 1938 1724 ἀχάν-

350 1752 449 1820 θας
471 1756 785 1826 ἀνατέμνων
815 1754 915 1824 τῆς
941 1752 1215 1818 ἀσεϐείας,
1244 1753 1313 1807 τά
1345 1754 1638 1825 σπέρματα
1668 1755 1937 1809 καταϐάλ-

348 1840 455 1895 λων
481 1839 580 1909 τῆς
612 1837 913 1900 εὐσεϐείας,
941 1836 1193 1910 καθάπερ
1232 1837 1439 1910 ἀροτὴρ
1467 1839 1688 1910 ἀριστος
1716 1840 1776 1893 τὸ
1807 1839 1936 1909 ἄρο-

346 1941 474 1996 τρον
515 1923 652 1994 ἔχων
684 1923 781 1993 τῆς
828 1920 1193 1984 διδασκαλίας.
1239 1922 1349 1975 Καὶ
1387 1922 1525 1993 πρδς
1570 1923 1726 1987 τίνας
1760 1918 1932 1995 mea;

348 2006 492 2080 Πρὸς
519 2007 764 2077 Θρᾷκας,
789 2005 926 2078 πρὸς
949 2004 1183 2069 Σκύθας,
1209 2004 1346 2075 πρὸς
1370 2003 1583 2071 Ἰνδοὺς,
1617 2007 1756 2075 πρὸς
1789 2006 1936 2062 Μαύ-

351 2109 505 2163 ρους,
539 2092 674 2163 πρὸς
717 2089 1075 2160 Σαρδονίους,
1112 2088 1249 2160 πρὸς
1286 2088 1555 2154 Γοτθοὺς,
1599 2090 1735 2161 πρὸς
1771 2090 1934 2162 θηρία

345 2176 534 2247 ἄγρια,
570 2174 666 2228 καὶ
696 2172 959 2244 μετέϐαλε
990 2172 1186 2227 πάντα.
1229 2172 1421 2240 H6057;
1474 2172 1607 2226 Ἀπὸ
1634 2172 1730 2229 τοῦ
1757 2175 1932 2246 ἀρῤα-

346 2258 535 2322 ϐὦνος.
592 2255 719 2321 Πῶς
768 2256 1085 2328 διήρκεσεν;
1145 2255 1279 2308 ’Λπὸ
1328 2257 1427 2325 τῆς
1472 2254 1568 2309 τοῦ
1614 2257 1935 2328 Πνεύματος

344 2341 585 2412 χάριτος.
635 2336 908 2408 Ἰδιώτης,
944 2337 1170 2407 γυμνὸς,
1209 2338 1571 2403 ἀνυπόδετος’
1612 2339 1642 2391 6
1672 2341 1767 2394 καὶ
1807 2340 1933 2407 δοὺς

342 2423 437 2477 τὸν
464 2421 761 2495 ἀρραϐῶνα
796 2420 891 2474 τοῦ
922 2419 1262 2491 Πνεύματος.
1290 2422 1390 2476 Διά
1415 2422 1575 2476 τοῦτο
1610 2423 1780 2492 λέγει·
1820 2423 1932 2479 Καὶ

343 2505 495 2575 ,πρὸς
526 2504 716 2558 ταῦτα
747 2504 839 2570 τίς
876 2504 1118 2569 ικανός;
1159 2503 1323 2558 Ἀλλ’
1360 2505 1401 2574 ή
1438 2506 1720 2575 ἱκανότης
1760 2506 1933 2577 ἡμῶν

342 2593 411 2645 ἐκ
444 2588 555 2643 τοῦ
598 2587 745 2643 Θεοῦ
772 2629 787 2653 ,
818 2586 889 2654 ὃς
925 2587 1023 2641 καὶ
1068 2586 1365 2642 Ικὰνωσεν
1410 2587 1569 2659 ἡμᾶς
1610 2589 1931 2659 διακόνους

341 2665 569 2733 Καινῆς
588 2665 907 2735 Διαθήκης,
953 2668 1026 2722 οὐ
1062 2666 1434 2738 γράμματος,
1468 2670 1633 2726 ἀλλὰ
1663 2671 1930 2742 πνεύμα-

340 2765 467 2814 τος.
497 2746 599 2800 Ἴδε
629 2745 682 2798 τί
718 2745 781 2799 16
814 2745 1040 2818 Πνεῦμα
1069 2747 1354 2819 ἐποίησεν·
1389 2742 1519 2820 εῦρε
1549 2748 1648 2821 τὴν
1681 2750 1786 2823 γῆν
1813 2751 1919 2804 δαι.

345 2828 522 2902 μόνων
545 2828 842 2900 γέμουσαν,
888 2829 983 2882 καὶ
1030 2828 1284 2899 ἐποίησεν
1327 2830 1498 2902 αὐτὴν
1535 2832 1784 2904 οὐρανόν.
1834 2832 1927 2904 Μὴ

339 2914 452 2987 γάρ
483 2914 551 2968 τά
595 2914 841 2984 παρόντα
872 2913 1117 2984 ὲννοῆτε,
1164 2912 1300 2967 ἀλλά
1330 2913 1629 2970 ἀναλάϐετε
1661 2915 1740 2987 τῷ
1773 2916 1927 2985 λογι-

341 2998 465 3071 σμῷ
497 2998 657 3052 αὑτά.
698 2997 832 3051 Τότε
868 2992 937 3070 ἦν
976 2997 1208 3070 θρῆνος,
1252 2998 1374 3052 τότε
1404 2989 1697 3071 πανταχοῦ
1729 2999 1923 3071 βωμοὶ,

339 3079 619 3153 πανταχοῦ
645 3080 884 3145 καπνὸς,
916 3080 1190 3151 πανταχοῦ
1209 3079 1445 3167 κχίσσαι,
1482 3082 1759 3154 πανταχοῦ
1793 3100 1927 3155 πορ-

340 3168 499 3231 νεῖαι,
531 3162 810 3234 πανταχοῦ
847 3162 1080 3229 τελεταὶ,
1106 3162 1385 3234 πανταχοῦ
1411 3165 1616 3227 θυσίαι,
1649 3165 1926 3237 πανταχοῦ

337 3249 592 3320 δαίμονες
628 3247 1005 3318 βακχεύοντες,
1038 3247 1315 3317 πανταχοῦ
1353 3248 1647 3319 ἀκρόπολις
1678 3249 1772 3303 τοῦ
1805 3251 1925 3304 διας

340 3332 520 3397 δόλου,
549 3329 832 3402 πανταχοῦ
871 3329 1098 3400 πορνεία
1128 3331 1558 3402 στεφανουμένη·
1578 3333 1672 3387 καὶ
1696 3328 1776 3396 εἷς
1805 3328 1873 3406 ἦν
1897 3333 1926 3387 6

338 3408 572 3478 Παῦλος.
601 3414 726 3479 Πῶς
767 3412 829 3466 οὗ
863 3412 1290 3485 κατεποντίσθη;
1326 3413 1443 3479 πῶς
1483 3414 1545 3468 οὺ
1584 3414 1922 3487 διεσπάσθη;

337 3498 459 3563 πῶς
496 3498 675 3569 ἤνοιξε
711 3497 770 3551 16
816 3497 1032 3569 στόμα;
1081 3497 1345 3567 Εἰσῆλθεν
1375 3499 1455 3561 εἰς
1505 3499 1786 3567 Θηϐαἳδα,
1830 3499 1926 3553 καὶ

339 3581 719 3653 αἰχμαλώτους
755 3580 970 3634 ἐλαϐεν.
1001 3579 1262 3651 Εἰσῆλθεν
1290 3581 1370 3645 εἰς
1396 3580 1491 3644 τὰς
1517 3581 1802 3652 βασιλικάς
1827 3583 1925 3636 αύ-

337 3666 454 3731 λὰς,
495 3664 588 3718 καὶ
625 3664 717 3720 τὸν
761 3663 986 3736 βασιλέα
1037 3663 1287 3736 μαθητὴν
1332 3663 1612 3737 ἐποίησεν.
1659 3665 1924 3737 Εἰσῆλθεν

336 3752 414 3812 εἰς
439 3749 499 3804 16
526 3750 899 3822 δικαστήριον,
931 3748 1026 3803 καὶ
1056 3748 1205 3819 λέγει
1235 3748 1383 3821 αὐτῷ
1410 3750 1439 3803 6
1470 3749 1751 3821 δικαστής·
1776 3751 1920 3820 Παρ⁹

334 3835 548 3904 ὀλίγον
569 3851 649 3904 με
679 3835 903 3898 πείθεις
932 3833 1292 3901 Χριστιανὸν
1323 3833 1632 3905 γενέσθαι·
1663 3835 1756 3889 καὶ
1785 3836 1814 3889 6
1840 3835 1920 3889 διτ

257 3960 263 3965 ,
336 3917 543 3989 καστὴς
577 3916 822 3988 μαθητὴς
859 3916 1096 3985 ἐγένετο.
1133 3916 1397 3990 Εἰσῆλθεν
1423 3918 1505 3980 είς
1546 3917 1608 3971 16
1638 3918 1920 3990 δεσμωτή-

337 4018 471 4071 ριον,
495 4001 591 4054 καὶ
617 4000 707 4054 16v
734 3998 1118 4070 δεσμοφύλακα
1143 3997 1357 4055 ἐλαϐεν.
1384 3998 1652 4071 Ἀπῆλθεν
1673 4002 1755 4066 είς
1788 4001 1920 4074 βαρ-

335 4083 519 4153 ϐάρων
566 4083 750 4154 νῆσον,
802 4082 900 4135 καὶ
948 4083 1048 4153 τὴν
1096 4081 1212 4153 ἔχιν
1258 4081 1577 4137 διδάσκαλον
1628 4080 1908 4151 ἐποίησεν.

348 4164 613 4235 Ἀπῆλθεν
641 4165 721 4228 εἰς
756 4165 845 4218 16v
877 4165 1047 4236 δῆμον
1080 4164 1189 4217 τῶν
1218 4164 1524 4235 Ῥωμαίων,
1550 4165 1644 4219 καὶ
1664 4165 1760 4237 τὴν
1782 4168 1917 4236 σύγ-

335 4247 531 4319 κλητον
575 4247 904 4301 ἐπέσπασεν.
976 4248 1240 4318 Ἀπῆλθεν
1276 4250 1357 4313 εἰς
1399 4250 1678 4318 ποταμοὺς
1700 4287 1716 4315 ,
1742 4251 1919 4321 ἀπῆλ-

334 4331 424 4385 θεν
486 4332 567 4395 εἰς
619 4330 862 4402 ἐρήμους
930 4332 1129 4395 τόπους
1180 4331 1455 4403 πανταχοῦ
1515 4332 1614 4404 τῆς
1661 4335 1916 4406 οἰκουμέ-

332 4433 448 4485 νης.
496 4414 571 4469 Οῦ
606 4414 716 4484 γῆ,
766 4415 827 4467 οὐ
874 4414 1118 4470 θάλασσα
1166 4415 1394 4487 ἄμοιρος
1441 4414 1605 4470 αὐτοῦ
1649 4419 1766 4472 ἐστι
1806 4417 1917 4472 τῶν

332 4497 771 4570 κατορθωμάτων
793 4515 804 4525 ·
843 4497 1009 4551 ἔδωκε
1058 4497 1166 4569 γὰρ
1198 4498 1288 4551 τὸν
1328 4497 1627 4570 ἀρραϐῶνα
1657 4500 1751 4555 τοῦ
1784 4502 1913 4557 δακ-

330 4582 541 4644 τυλίου,
576 4581 669 4636 καὶ
697 4581 821 4645 δοὺς
848 4580 939 4634 τὸν
986 4580 1302 4652 ἀρραϐῶνα,
1338 4580 1520 4650 λέγει’
1563 4583 1646 4639 Τὰ
1682 4584 1781 4655 μὲν
1814 4585 1914 4658 ἤδη

329 4665 519 4735 δίδωμί
568 4681 682 4731 σοι,
733 4664 886 4719 τὰδὲ
936 4663 1364 4735 ἐπαγγέλλομαι.
1413 4665 1513 4719 Διά
1561 4666 1719 4721 τοῦτο
1767 4669 1914 4738 λέγει

329 4747 466 4818 αὐτῇ
515 4748 544 4800 6
585 4740 875 4819 Προφήτης
898 4767 910 4779 υ
962 4750 1240 4817 Παρέστη
1289 4750 1327 4817 ἠ
1368 4749 1717 4813 βασίλισσα
1766 4751 1915 4826 [400]

328 4832 398 4884 ἐκ
425 4829 637 4894 δεξιῶν
655 4844 772 4884 σου
794 4831 863 4883 ἐν
883 4830 1176 4901 ἱματισμῷ
1202 4832 1528 4901 διαχρύσῳ.
1558 4834 1669 4905 Οὐχ
1702 4836 1913 4906 ἱμάτιον

327 4912 496 4982 λέγει,
532 4912 644 4966 ἀλλ’
684 4914 905 4984 ἀρετήν.
939 4913 1037 4966 Διά
1070 4915 1225 4969 τοῦτο
1256 4917 1288 4985 ἠ
1338 4916 1378 4968 Γ
1384 4917 1527 4987 ραφὴ
1561 4917 1794 4989 ἀλλαχοῦ
1828 4920 1914 4973 λέ-

327 5015 412 5063 γει
438 5014 450 5025 ·
491 4996 623 5065 Πῶς
651 4995 937 5064 εἰσῆλθες
972 4991 1089 5052 ὧδε
1120 4998 1207 5067 μὴ
1243 4999 1401 5067 ἔχων
1427 4999 1657 5069 ἔνδυμα
1687 5003 1910 5071 γάμους

327 5079 491 5132 Ὥστε
522 5080 624 5134 οὐκ
662 5078 865 5150 ἔνδυμα
890 5080 1058 5148 λέγει,
1092 5081 1228 5135 ἀλλὰ
1256 5082 1352 5153 τὴν
1386 5084 1659 5153 πορνείαν,
1697 5088 1791 5139 καὶ
1813 5087 1911 5159 τὴν

327 5163 577 5235 ῥυπαρὰν
613 5162 811 5234 πρᾶξιν
842 5162 936 5217 καὶ
960 5163 1287 5236 ἀκάθαρτον.
1321 5166 1532 5237 Ὥσπερ
1579 5163 1671 5223 οῦν
1699 5169 1766 5224 τὰ
1815 5172 1912 5242 ῥυ..

326 5246 477 5318 παρά
508 5246 734 5318 ἱμάτια,
770 5247 1042 5318 ἁμαρτία·
1075 5247 1218 5301 οὓτω
1265 5248 1334 5302 τὰ
1378 5249 1645 5322 διάχρυσα
1669 5295 1683 5320 ,
1718 5254 1908 5326 ἀρετή.

337 5330 498 5384 Ἀλλά
524 5330 586 5383 τὸ
617 5331 831 5402 ἱμάτιον
868 5329 1026 5384 τοῦτο
1052 5330 1145 5383 τοῦ
1170 5330 1433 5401 βασιλέως
1459 5329 1546 5406 ἦν’
1580 5335 1741 5400 αὐτὸς
1768 5336 1906 5410 αὐτῇ

325 5415 420 5471 καὶ
448 5414 661 5485 ἱμάτιον
684 5413 901 5467 ἔδωκεν·
935 5413 1116 5484 γυμνὴ
1145 5416 1253 5483 γὰρ
1279 5411 1367 5486 ἦν,
1398 5417 1578 5490 γυμνὴ
1603 5420 1697 5474 καὶ
1738 5421 1909 5491 ἀσχη-

327 5496 584 5567 μονοῦσα.
615 5496 891 5567 Παρέστη
913 5496 952 5564 ἡ
980 5498 1331 5560 βασίλισσα
1356 5500 1427 5554 ἐκ
1455 5500 1669 5567 δεξιῶν
1699 5517 1814 5559 σου
1838 5505 1906 5557 ἐν

327 5580 620 5649 ἱματισμῷ
647 5580 973 5649 διαχρύσῳ.
1003 5582 1113 5650 Οὐχ
1146 5581 1335 5650 ἱμάτια
1354 5582 1522 5651 λέγει,
1548 5585 1663 5639 ἀλλ’
1682 5587 1903 5658 ἀρετήν·

324 5663 425 5714 οὐκ
456 5659 628 5726 εἶπεν,
658 5665 717 5717 ὲν
742 5662 948 5735 χρυσῷ.
982 5664 1243 5733 Πρόσεχε·
1267 5665 1359 5719 καὶ
1385 5667 1520 5739 αὑτὴ
1546 5670 1577 5740 ἡ
1608 5669 1750 5734 λέξις
1777 5671 1902 5725 πολ-

325 5745 423 5813 λὴν
466 5745 576 5813 ἔχει
608 5747 887 5815 εὐγένειαν
924 5748 1232 5815 νοημάτων.
1273 5750 1387 5803 Οὐκ
1407 5744 1551 5817 εἰπε,
1578 5754 1635 5805 ὲν
1680 5754 1866 5825 χρυσῷ
1888 5797 1901 5819 ,

319 5827 479 5894 ἀλλὰ,
516 5829 842 5897 Δισχρύσῳ.
880 5831 1088 5901 ¹Ἄκουε
1124 5832 1371 5897 συνετῶς.
1405 5835 1475 5887 T6
1509 5838 1742 5908 χρυσοῦν
1776 5839 1901 5911 ἱμά-

1048 387 1107 442 S.
1147 384 1430 442 JOANNIS
1467 381 1959 440 CHRYSOSTOMI
1996 381 2316 439 ARCHIEP.
2354 382 2903 441 CONSTANTINOP.

2036 515 2149 554 τιον
2183 499 2303 555 ὅλον
2340 500 2458 555 ἐστὶ
2505 500 2758 572 χρυσοῦνο
2802 500 2864 554 τὸ
2899 501 2956 555 δὲ
2997 499 3284 571 διάχρυσον
3333 499 3472 573 μέρη
3518 503 3621 575 μιν

2036 582 2148 654 εχει
2182 585 2380 655 χρυσᾶ,
2415 584 2554 656 μέρη
2584 583 2641 638 δὲ
2670 585 2890 655 σηρικὰ.
2925 582 3023 637 Διά
3048 583 3101 636 τί
3143 578 3239 637 οὖν
3269 583 3345 654 μὴ
3383 586 3622 658 χρυσοῦν

2036 666 2253 736 ἱμάτιον
2296 665 2418 722 εἷπε
2463 671 2649 740 φορεῖν
2691 669 2793 740 τὴν
2841 668 3080 738 νύμφην,
3130 666 3266 721 ἀλλὰ
3291 667 3618 739 διὰχρυσονς

2036 748 2279 822 Πρόσεχε
2305 750 2567 824 ἀκριϐῶς.
2595 750 2706 824 Τὴν
2746 749 3021 805 πολιτείαν
3057 749 3206 820 λέγει
3235 751 3334 821 τῆς
3387 752 3619 823 Ἐκκλη-

2037 832 2177 899 σίας,
2202 832 2301 904 τὴν
2328 832 2599 905 ποικίλην,
2653 833 2872 903 Ἐπειδὴ
2895 832 3002 902 γάρ
3032 833 3094 888 ού
3129 832 3329 896 πάντες
3357 832 3470 904 βίου
3500 835 3623 899 ἑνός

2035 915 2222 986 ἐσμεν,
2250 916 2364 971 ἀλλ’
2400 919 2428 970 6
2465 917 2563 987 μὲν
2592 916 2907 987 παρθενίαν,
2945 919 2973 970 6
3008 916 3065 969 δὲ
3104 915 3354 989 χηρείαν,
3391 919 3419 971 6
3447 917 3503 970 δὲ
3527 919 3621 971 εῦ-

2037 998 2251 1053 σέϐειαν
2269 1000 2451 1053 ἀσκεῖ·
2476 999 2688 1071 ἱμάτιον
2709 999 2806 1071 τῆς
2842 997 3164 1070 Ἐκκλησία(⁸
3182 1002 3217 1071 ἡ
3248 999 3489 1056 πολιτεία
3517 1000 3621 1068 τῆς

2047 1081 2243 1146 Ἐκκλη
2252 1084 2388 1146 σίας.

2108 1100 2457 1236 ξδἠνῗῗεξῖδὴ
2474 1159 2567 1220 οῦν
2587 1164 2702 1235 ᾔδει
2723 1165 2751 1219 6
2769 1163 3046 1236 Δεσπότης
3068 1164 3244 1236 ἡμῶν,
3272 1164 3354 1219 ὅτι
3387 1165 3453 1219 ἂν
3484 1166 3616 1237 μίαν

2035 1246 2154 1301 ὁδὸν
2191 1246 2356 1319 τέμῃ,
2390 1247 2575 1301 πολλοὶ
2613 1248 2826 1318 ἔχουσιν
2854 1238 3104 1317 ὀκνῆσαι,
3137 1248 3388 1312 ποικίλας
3417 1249 3616 1320 ἔτεμεν

2033 1328 2208 1394 ὁδούς.
2237 1333 2312 1385 Οὐ
2345 1330 2573 1385 δύνασαι
2605 1330 2693 1385 διὰ
2720 1331 3018 1402 παρθενίας
3052 1330 3350 1399 είσελθεῖν;
3389 1333 3616 1386 Εῐσελθε

2033 1411 2125 1466 διὰ
2165 1414 2520 1485 μονογαμίας.
2571 1415 2648 1468 υῦ
2679 1414 2906 1469 δύνασαι
2955 1413 3046 1467 διὰ
3081 1410 3451 1485 μο’νογαμίας;
3492 1417 3615 1471 Κᾶν

2034 1493 2124 1549 διὰ
2149 1496 2594 1567 δευτερογαμίας.
2632 1498 2705 1555 06
2741 1497 2966 1551 δύνασαι
2992 1496 3081 1551 διὰ
3116 1497 3469 1569 σωφροσύνης
3494 1500 3615 1553 εἰσ-

2047 1577 2253 1641 ελθεῑν;
2302 1579 2525 1633 Είσελθε
2567 1579 2634 1633 δι’
2699 1578 3086 1652 ἑλεημοσύνης.
3139 1582 3213 1633 Οὐ
3264 1581 3491 1636 δύνασαι
3542 1582 3615 1636 δι’

2035 1660 2433 1733 ἑλεημοσύνηςς
2462 1662 2683 1717 Εἴσελθε
2707 1663 2794 1717 διὰ
2819 1665 3090 1734 νηστείας.
3126 1666 3200 1719 Οὐ
3228 1665 3451 1720 δύνασαι
3481 1667 3615 1723 ταύ-

2032 1765 2166 1820 την;
2194 1748 2365 1822 Δεῦρο
2394 1750 2629 1822 ἐκείνην.
2659 1752 2735 1806 Οὐ
2770 1751 2991 1808 δύνασαι
3016 1752 3265 1826 ὲκείνην;
3292 1753 3462 1827 Δεῦρο
3485 1754 3617 1809 ταύ-

2034 1854 2154 1908 την.
2178 1836 2278 1890 Διά
2304 1837 2462 1892 τοῦτο
2497 1840 2598 1893 οὐκ
2632 1838 2799 1906 ἔδειξε
2833 1839 2897 1893 16
2932 1841 3146 1910 ἱμάτιον
3184 1840 3438 1912 χρυσοῦν,
3476 1842 3615 1896 ἀλλά

2032 1922 2340 1994 διάχρυσον.
2390 1926 2462 1979 ’Ἡ
2517 1928 2721 1999 σηρική
2765 1926 2932 1992 ἐστιν,
2971 1928 3006 2000 ἢ
3051 1928 3309 1998 πορφυρᾶ
3356 1928 3524 1995 ἐστιν,
3571 1930 3610 2003 ἢ

2033 2010 2213 2079 χρυσᾶ
2248 2010 2415 2062 ἐστιν.
2452 2010 2527 2064 Οὐ
2559 2010 2782 2065 δύνασαι
2825 2006 2965 2064 εἶναι
2997 2011 3270 2083 χρυσοῦς;
3315 2012 3480 2066 Γενοῦ
3514 2030 3616 2083 ση-

2037 2092 2206 2162 ρικός.
2233 2092 2467 2163 Δέχομαί
2489 2110 2569 2160 σε,
2602 2093 2763 2165 μόνον
2793 2097 2851 2149 ὲν
2872 2093 2950 2165 τῷ
2971 2094 3193 2167 ίματίῳ.
3214 2094 3313 2149 Διά
3342 2095 3495 2149 τοῦτο
3518 2097 3616 2151 καὶ

2031 2174 2060 2227 6
2085 2173 2330 2240 Παῦλος·
2363 2175 2436 2229 ΕΖ
2474 2193 2565 2242 τις
2605 2176 2988 2247 ἐποικοδομεῖ
3025 2179 3123 2231 ἐπὶ
3181 2178 3288 2233 τὸν
3330 2180 3611 2249 θεμέλιον

2031 2257 2284 2323 τοῦτον,
2343 2259 2600 2327 χρυσὸν,
2637 2258 2928 2329 ἄργιψον,
2971 2261 3183 2328 λίθους
3232 2263 3483 2332 τιμίους.
3533 2263 3614 2316 οὐ

2029 2338 2256 2395 δύνασαι
2311 2336 2453 2394 εἶναι
2508 2343 2538 2394 6
2592 2341 2736 2408 λίθος
2787 2344 3008 2415 τίμιος;
3044 2344 3210 2400 Γενοῦ
3262 2346 3484 2417 χρυσός.
3532 2345 3613 2400 Οὐ

2028 2425 2254 2482 δύνασαι
2282 2423 2422 2483 εῐναι
2454 2429 2692 2501 χρυσός;
2729 2431 2892 2485 Γενοῦ
2936 2431 3198 2503 ἄργυρος,
3229 2432 3389 2503 μόνον
3416 2435 3476 2487 ὲν
3522 2432 3613 2486 θε-

2033 2510 2222 2582 μελίῳ.
2254 2512 2365 2565 Καὶ
2389 2512 2552 2567 πάλιν
2585 2512 2844 2585 ἀλλαχοῦ·
2866 2515 3054 2583 Ἄλλη
3086 2514 3237 2580 δόξα
3275 2515 3477 2583 ἡλίου,
3506 2517 3606 2570 καί

2028 2597 2189 2667 dun
2222 2598 2373 2664 δόξα
2393 2600 2685 2670 σελήνης,
2716 2602 2814 2656 καὶ
2852 2601 3014 2670 ἄλλη
3036 2602 3185 2669 δόξα
3208 2602 3497 2672 ἀστέρων.
3530 2606 3611 2660 Οὐ

2028 2684 2254 2742 δύνασαι
2278 2681 2418 2742 εἰναι
2444 2686 2634 2757 ἥλιος;
2667 2688 2829 2742 Γενοῦ
2868 2689 3088 2761 σελήνη.
3122 2690 3197 2744 Οὐ
3222 2691 3446 2747 δύνασαι
3468 2686 3610 2748 εἶναι

2031 2772 2261 2846 σελήνη;
2292 2775 2456 2829 Γενοῦ
2472 2777 2611 2847 ἀστή
2621 2792 2668 2847 9.
2690 2777 2764 2829 Οὐ
2790 2775 3014 2832 δύνασαι
3043 2775 3178 2831 εἷναι
3206 2778 3378 2851 μέγας
3394 2780 3610 2851 ἀστήρ;

2026 2860 2190 2915 Γενοῦ
2225 2861 2328 2915 κᾶν
2359 2862 2554 2935 μικρὸς
2573 2901 2588 2926 ,
2624 2865 2784 2934 μόνον
2822 2866 2880 2917 ὲν
2910 2863 2989 2936 τῷ
3014 2864 3247 2937 οὐρανῷ.
3276 2868 3351 2921 Οὐ
3373 2867 3599 2923 δύνασαι

2026 2945 2163 3005 εἶναι
2185 2951 2485 3019 παρθένος;
2519 2952 2773 3023 Γάμησον
2792 2953 2930 3023 μετά
2958 2955 3333 3027 σωφροσύνης,
3359 2956 3518 3028 μόνον
3547 2960 3608 3013 ὲν

2024 3040 2091 3109 τῇ
2133 3036 2450 3111 Ἐκκλησία.
2480 3040 2555 3093 Οὐ
2574 3039 2796 3094 δύνασαι
2820 3037 3282 3115 εἶναιάκτήμων;
3330 3042 3604 3115 Ἐλέησον,

2027 3125 2187 3197 μόνον
2206 3128 2263 3180 ὲν
2277 3129 2343 3198 τῇ
2374 3126 2689 3200 Ἐκκλησία,
2711 3129 2869 3200 μόνον
2892 3131 2949 3184 ἐν
2972 3129 3049 3201 τῷ
3077 3130 3294 3201 ίματίῳ,
3322 3131 3481 3203 μόνον
3501 3130 3607 3185 ὑπὸ

2023 3212 2123 3283 τὴν
2141 3213 2476 3285 βασίλισσαν.
2492 3215 2793 3287 Διάχρυσον
2807 3216 2867 3271 16
2885 3218 3119 3288 ἱμάτιον,
3138 3217 3378 3272 ποικίλον
3398 3217 3458 3272 16
3480 3220 3604 3290 ἱμά-

2023 3318 2156 3355 τιον.
2181 3302 2295 3357 Οὐκ
2318 3303 2591 3359 ἀποκλείω
2619 3322 2701 3359 σοι
2728 3304 2828 3376 τὴν
2853 3306 2969 3359 ὁδόν
2989 3321 3002 3334 ⁸
3032 3308 3064 3377 ὴ
3099 3306 3331 3376 ἀφθονία
3357 3306 3465 3378 γὰρ
3491 3307 3599 3361 τῶν

2024 3391 2235 3462 ἀρετῶν
2261 3390 2482 3446 εῦκολον
2512 3392 2735 3464 ἐποίησε
2756 3394 2855 3465 τὴν
2877 3395 3187 3465 οἰκονομίαν
3206 3395 3297 3449 τοῦ
3318 3396 3599 3467 βασιλέως.

2037 3481 2133 3533 Ἑν
2148 3480 2441 3551 Ιματισμῷ
2463 3480 2771 3551 διαχρύσῳ
2790 3483 3274 3552 περιϐεϐλημένη,
3293 3486 3602 3537 πεποικιλη

2016 3566 2194 3636 μένη.
2226 3569 2477 3624 Ποικίλον
2506 3570 2655 3623 ἐστὶν
2685 3569 2859 3640 αὐτῆς
2894 3570 2955 3623 16
2987 3571 3202 3639 ἱμάτιον
3228 3586 3242 3602 ⁸
3280 3573 3375 3626 καὶ
3397 3574 3445 3625 εἰ
3481 3571 3603 3641 βού-

2022 3652 2125 3717 λει,
2164 3656 2473 3721 ἀνάπτυξον
2513 3657 2575 3710 16
2609 3656 2773 3727 βάθος
2811 3654 2906 3709 τοῦ
2954 3656 3115 3726 λόγου
3145 3655 3241 3711 τοῦ
3285 3658 3600 3730 εἰρημένου,

2021 3740 2116 3793 καὶ
2143 3740 2308 3812 βλέπε
2329 3742 2391 3797 16
2418 3744 2630 3815 ἱμάτιον
2648 3744 2708 3797 16
2737 3744 3043 3815 διάχρυσον.
3085 3742 3350 3798 Ἐνταῦθα
3376 3745 3474 3816 μὲν
3494 3745 3604 3818 γὰρ

2019 3830 2070 3881 οἱ
2102 3829 2201 3899 μὲν
2221 3830 2546 3902 μονάζοντές
2564 3833 2724 3896 εἰσιν,
2752 3832 2801 3887 οἱ
2822 3831 2879 3885 δὲ
2898 3831 3075 3902 γάμον
3099 3832 3293 3903 σεμνὸν
3315 3831 3598 3897 ἀσκοῦσιν,

2019 3919 2081 3973 οὐ
2113 3918 2248 3973 πολὺ
2279 3920 2507 3975 ἐκείνων
2535 3921 3051 3992 ἀπολιμπανὸμενοι
3070 3937 3085 3953 ο
3111 3921 3207 3975 καὶ
3235 3922 3285 3975 οἱ
3312 3923 3413 3992 μὲν
3443 3921 3601 3992 μονό-

2019 4026 2208 4080 γαμοι,
2240 4011 2296 4064 αί
2324 4011 2381 4064 δὲ
2419 4009 2587 4082 χῆραι
2615 4010 2894 4065 ἀνθοῦσαι.
2918 4011 3018 4065 Διά
3042 4011 3097 4065 τί
3122 4013 3481 4083 παράδεισοςς
3509 4012 3599 4068 διὰ

2016 4102 2071 4155 τί
2099 4101 2376 4170 ποικίλος;
2413 4104 2594 4173 Ἐχων
2639 4101 2776 4173 ἄνθη
2823 4101 3088 4173 διάφορα,
3123 4104 3218 4157 καὶ
3254 4104 3464 4178 δένδρα,
3504 4107 3600 4161 καὶ

2018 4192 2244 4257 πολλοὺς
2278 4192 2406 4258 τοὺς
2444 4191 2809 4265 μαργαρίτας.
2844 4193 3039 4249 Πολλοὶ
3080 4196 3131 4249 οἰ
3159 4196 3410 4268 ἀστέρες,
3458 4198 3595 4252 ἀλλά

2016 4280 2097 4350 εἷς
2136 4286 2165 4338 6
2196 4285 2347 4356 ἥλιος
2368 4302 2382 4318 ’
2436 4285 2622 4339 πολλοὶ
2648 4288 2695 4339 οἱ
2730 4285 2854 4357 βίοι,
2896 4286 3036 4342 ἀλλά
3080 4283 3162 4352 εἷς
3186 4290 3213 4342 6
3238 4289 3562 4361 παράδεισος
3581 4305 3595 4320 ο

2018 4376 2171 4450 [401]
2194 4377 2378 4431 πολλοὶ
2404 4379 2454 4431 οἱ
2482 4377 2622 4443 ναοὶ,
2662 4376 2797 4432 ἀλλά
2827 4374 2908 4443 εἷς
2936 4380 2965 4432 6
2997 4379 3327 4451 παράδεισος
3355 4397 3370 4412 ο
3406 4380 3595 4433 πολλοὶ

2015 4469 2065 4523 οἱ
2092 4470 2229 4533 ναοὶ,
2266 4469 2403 4523 ἀλλά
2437 4467 2597 4541 μίαή
2651 4470 2854 4542 μήτηρ.
2897 4470 2970 4523 Τὸ
3003 4470 3128 4541 μὲν,
3167 4472 3345 4542 σῶμα,
3396 4471 3458 4525 16
3495 4473 3551 4526 δὲ
3577 4515 3591 4537 ,

2013 4558 2306 4629 ὀφθαλμοὶ,
2330 4557 2392 4612 16
2418 4559 2495 4623 δὲ,
2523 4559 2804 4622 δάκτυλος,
2837 4559 2972 4613 ἀλλὰ
2998 4562 3197 4622 πάντες
3225 4557 3328 4625 εἷς.
3366 4563 3440 4615 T6
3460 4564 3595 4616 αὐτὸ

2015 4648 2125 4719 γὰρ
2152 4649 2213 4702 16
2244 4649 2461 4721 μικρὸν,
2498 4649 2592 4702 καὶ
2618 4648 2680 4702 16
2710 4649 2871 4720 μέγα,
2900 4648 2994 4703 καὶ
3025 4649 3088 4703 16
3110 4644 3291 4719 ἦττον.
3336 4651 3403 4704 Ἦ
3443 4668 3589 4722 παρ-

2014 4739 2166 4804 θένος
2192 4741 2290 4812 τῆς
2312 4739 2706 4811 γεγαμημένης
2722 4739 2909 4812 χρείαν
2935 4739 3047 4812 ἔχει
3070 4756 3085 4772 ο
3111 4741 3203 4795 καὶ
3230 4742 3341 4814 γὰρ
3378 4744 3412 4813 ἡ
3449 4760 3587 4814 παρ-

2014 4833 2164 4896 θένος
2192 4833 2301 4888 ἀπὸ
2327 4833 2525 4903 γάμου,
2557 4833 2643 4885 ἵνα
2674 4833 2747 4905 μὴ
2775 4834 3086 4904 καταφρονῇ
3123 4834 3324 4905 γάμου.
3354 4835 3419 4888 Ἠ
3446 4853 3587 4907 παρ-

2014 4925 2166 4989 θένος
2199 4924 2323 4997 ῥίζα
2345 4924 2440 4978 τοῦ
2475 4924 2678 4995 γάμου.
2704 4924 2891 4980 Πάντα
2920 4924 3296 4996 συνδεδεμένα,
3327 4927 3395 4981 τά
3417 4929 3592 5001 μικρά

2010 5015 2123 5077 τοῖς
2159 5011 2450 5082 μεγάλοις.
2485 5013 2578 5067 καὶ
2607 5011 2676 5065 τά
2711 5014 2924 5082 μεγάλα
2964 5017 3080 5079 τοῖς
3125 5020 3363 5087 μικροῖς.
3430 5021 3586 5086 Παρ-

2009 5104 2158 5173 έστη
2186 5106 2224 5174 ἠ
2252 5106 2599 5170 βασίλισσα
2644 5105 2711 5158 ἐκ
2760 5105 2972 5170 δεξιῶν
3015 5124 3164 5173 σου,
3200 5110 3271 5162 ἐν
3295 5104 3590 5180 ἱματισμῷ

2011 5200 2316 5270 διαχρύσῳ
2354 5199 2845 5270 περιϐεϐλημένη,
2893 5203 3348 5271 πεποικιλμένη.
3379 5204 3455 5256 Τὸ
3479 5205 3586 5259 λοι-

2010 5292 2133 5354 πὸν,
2166 5291 2487 5352 Ἄκουσον,
2516 5289 2787 5358 θύγατερ.
2831 5288 2888 5342 '0
2916 5287 3281 5361 νυμφαγωγός
3306 5311 3470 5365 φησιν
3513 5294 3586 5355 ὡς

2012 5382 2223 5453 μέλλεις
2250 5379 2567 5451 ἐξέρχεσθαι
2602 5381 2740 5452 πρὸς
2772 5380 2865 5434 16v
2894 5381 3147 5451 νυμφίον,
3185 5382 3582 5455 ὑπερϐαίνοντά

2011 5490 2103 5526 σου
2141 5473 2240 5542 τὴν
2272 5471 2494 5534 οὐσίαν,
2534 5471 2932 5543 ὑπερϐαίνοντά
2957 5489 3049 5526 σου
3082 5472 3183 5545 τὴν
3220 5474 3404 5543 φύσιν.
3444 5476 3587 5544 Ἐγὼ

2007 5562 2398 5632 νυμφαγωγός.
2444 5564 2771 5628 Ἄκουσον,
2807 5563 3081 5634 θύγατερ.
3111 5565 3332 5631 Εὐθέως
3377 5567 3587 5637 ἐγίνετο

2005 5659 2037 5727 ἡ
2074 5656 2248 5727 γυνή;
2288 5654 2427 5708 Ναίο
2480 5654 2633 5707 οὐδὲν
2677 5654 2786 5727 γὰρ
2827 5657 3162 5726 σωματικόν.
3207 5659 3318 5713 Καὶ
3360 5658 3469 5730 γάρ
3506 5658 3584 5723 ὡς

2004 5748 2233 5817 γυναῖκα
2267 5746 2563 5817 ἡρμόσατο,
2619 5747 2712 5799 καὶ
2767 5745 2842 5809 ὡς
2872 5746 3151 5821 θυγατέρα
3177 5749 3327 5818 ,φιλεῖ
3336 5790 3357 5815 ,
3393 5749 3485 5803 καὶ
3507 5750 3580 5813 ὡς

2004 5838 2196 5911 δούλης
2244 5841 2476 5912 προνοεῖ,
2534 5839 2626 5893 καὶ
2682 5838 2753 5903 ὡς
2813 5840 3079 5913 παρθένον
3131 5845 3305 5914 τηρεῖ,
3365 5842 3458 5901 καὶ
3508 5842 3578 5907 ὡς
