4036 6384
412 401 520 457 ιω

418 516 602 572 colles.
628 514 907 571 Circuibat
931 530 1029 571 ceu
1052 515 1285 570 volucris
1310 514 1502 575 Paulus
1530 529 1635 573 uno
1677 522 1879 577 tantum
1914 527 2010 571 ore

420 605 736 669 decertans,
762 606 1114 665 tentoriorum
1152 604 1357 674 opifex,
1388 605 1477 674 qui
1516 603 1748 665 cultrum
1788 604 2009 659 concin-

423 695 615 751 nandis
639 696 803 753 coriis
833 694 1121 760 tractabat,
1144 704 1198 749 et
1225 694 1395 764 pelles
1414 694 1704 759 consuebat
1763 692 1866 749 hoc
1885 693 2009 749 arti-

426 786 602 843 licium
626 801 731 840 non
762 785 862 840 fuit
888 785 1097 840 virtutis
1125 785 1597 854 impedimentum:
1640 783 1731 839 sed
1763 784 2012 847 tentorio,-

424 895 540 934 rutn
570 878 749 955 opifex
774 878 1109 943 daemonibus
1153 877 1342 939 fortior
1367 886 1482 934 erat
1499 917 1514 941 ,
1556 875 1869 941 infacundus
1894 876 2012 947 phi-

421 967 664 1040 losophis
711 970 967 1040 argutior.
1012 968 1340 1035 Undenam?
1376 970 1596 1039 Accepit
1622 968 2010 1036 arrhabonem,

423 1062 654 1130 gestavit
690 1062 947 1125 annulum
985 1070 1039 1129 et
1080 1060 1429 1123 circumtulit.
1470 1060 1734 1123 Videbant
1772 1074 2010 1114 omnesa

429 1151 575 1221 Rege
622 1151 1001 1222 desponsatam
1050 1162 1287 1211 naturam
1333 1162 1601 1217 noetratn;
1645 1150 1858 1207 videbat
1902 1150 2011 1207 dte-

428 1255 555 1295 mon
578 1281 593 1307 ,
622 1250 679 1294 et
718 1240 1031 1297 recedebat:
1070 1241 1282 1301 videbat
1319 1240 1705 1305 arrhabonem,
1736 1249 1791 1297 et
1816 1248 2013 1297 treme-

429 1330 554 1397 bat,
590 1346 758 1401 seque
801 1331 1128 1391 subducebat
1162 1350 1176 1386 :
1205 1332 1519 1393 vestimenta
1540 1331 1752 1386 videbat
1775 1372 1789 1395 ,
1829 1339 1884 1385 et
1929 1328 2009 1385 fu-

426 1437 548 1490 gam
577 1420 827 1477 faciebat.
864 1421 909 1480 0
928 1422 1175 1487 virtutem
1207 1421 1438 1492 Spiritus
1471 1424 1484 1477 !
1514 1420 1632 1476 Non
1655 1422 1844 1485 anima:
1864 1419 2011 1487 dedit

428 1524 747 1584 potestatem
772 1557 786 1585 ,
813 1530 918 1571 non
944 1514 1154 1591 corpori
1185 1523 1425 1580 tantum;
1457 1515 1552 1573 sed
1583 1524 1636 1570 et
1660 1514 2006 1581 vestimento,

429 1621 532 1661 nec
550 1607 869 1667 vestimento
889 1607 1060 1669 solum
1080 1648 1097 1672 ,
1121 1606 1214 1667 sed
1238 1607 1460 1680 umbrae.
1491 1606 1759 1675 circuibat
1780 1606 1969 1671 Petrus
1991 1648 2008 1674 ,

426 1705 483 1760 et
505 1697 690 1757 umbra
717 1696 831 1769 ejus
858 1696 1075 1761 morbos
1118 1696 1360 1771 fugabat,
1407 1696 1679 1753 dmmonas
1723 1696 2005 1767 abigebat,

426 1799 670 1853 "mrtuos
696 1789 1006 1855 suscitabat.
1034 1788 1300 1855 Circuibat
1329 1789 1524 1853 Paulus
1552 1789 1775 1857 orbem,
1817 1789 2009 1859 impie-

428 1880 553 1947 tatis
592 1880 774 1955 spinas
799 1895 1080 1946 resecans,
1102 1881 1308 1937 semina
1350 1880 1565 1949 pietatis
1588 1880 1831 1950 iaciens;
1874 1879 2011 1935 sicut

423 1980 607 2029 arator
630 1971 894 2041 optimus,
950 1981 1185 2033 aratrum
1227 1971 1485 2029 doctrinae
1534 1980 1784 2027 tractans.
1831 1971 1899 2033 Et
1942 1972 2009 2029 ad

421 2075 684 2137 quosnam
714 2060 899 2117 venit?
930 2062 1011 2123 Ad
1032 2062 1265 2117 Thracas
1284 2104 1299 2130 ,
1333 2060 1561 2133 Scythas
1583 2104 1599 2130 ,
1632 2061 1829 2131 Indos,
1866 2061 2011 2117 Mau-

426 2166 551 2219 ros,
582 2151 807 2219 Sardos,
836 2154 1069 2220 Gothos,
1116 2155 1185 2211 ad
1229 2153 1367 2210 feras
1409 2163 1682 2225 agrestes,
1728 2164 1785 2218 et
1829 2156 2008 2211 omnia

422 2245 665 2313 mutavit.
695 2244 971 2317 Umit'nam
1000 2241 1119 2309 iEx
1141 2245 1458 2309 arrhabone.
1482 2245 1761 2313 Quomodo
1796 2246 1864 2311 ad
1894 2246 2009 2302 hmo

420 2339 672 2405 sufﬁcere
699 2342 908 2416 potuit?
930 2342 1028 2398 Per
1047 2337 1270 2422 gratiam
1292 2336 1541 2412 Spiritus.
1575 2336 1768 2403 ldiota,
1801 2336 2005 2401 nudus,

418 2430 773 2488 discalceatus
801 2448 815 2486 :
848 2434 939 2504 qui
980 2434 1141 2495 dabat
1183 2435 1542 2497 arrhabonem
1584 2428 1834 2507 Spiritus.
1880 2429 2007 2487 Ideo

418 2521 551 2576 dicit
573 2540 586 2575 :
610 2522 681 2577 Et
695 2524 763 2578 ad
781 2525 890 2580 lusa
908 2526 1020 2595 quis
1044 2526 1254 2582 idoneus
1275 2524 1351 2597 (2.
1377 2526 1496 2582 Cor.
1526 2526 1582 2581 2.
1608 2526 1699 2597 16)
1720 2526 1744 2582 ?
1767 2522 1873 2589 Sed
1890 2533 2006 2599 sul-

418 2613 641 2681 fidentia
659 2625 831 2671 nostra
860 2632 924 2671 ea:
943 2616 1049 2677 Deo
1070 2627 1142 2673 est
1161 2659 1177 2687 ,
1207 2619 1295 2689 qui
1316 2626 1362 2674 et
1385 2618 1593 2674 idoneos
1620 2634 1713 2673 nos
1752 2619 1870 2690 fecit
1904 2619 2004 2687 mi-

418 2705 603 2763 nistros
642 2703 779 2769 Novi
831 2705 1171 2775 Testamenti,
1212 2724 1317 2764 non
1346 2708 1538 2778 litcrw,
1562 2710 1651 2766 sed
1678 2710 1903 2781 Spiritus
1926 2709 2003 2785 (2.

418 2793 538 2851 Cor.
565 2796 616 2851 5.
651 2796 704 2851 5.
732 2796 812 2868 6).
843 2798 977 2854 Vide
1002 2800 1126 2870 quid
1148 2798 1335 2856 fecerit
1360 2801 1591 2871 Spiritus
1621 2819 1636 2858 :
1663 2802 1864 2858 invenit
1894 2812 2004 2859 ter-

423 2901 537 2941 ram
554 2887 885 2957 darmonibus
910 2878 1137 2961 plenam,
1151 2902 1204 2949 ct
1220 2892 1385 2963 ipsam
1402 2892 1590 2953 caelum
1616 2892 1758 2950 fecit.
1786 2894 1863 2963 Ne
1878 2910 2008 2964 prte-

418 2978 591 3045 sentia
620 2980 861 3053 cogitetis
887 2981 1018 3065 {sed
1059 2982 1145 3043 illa
1187 2984 1509 3054 cogitatione
1561 2986 1806 3056 repetite.
1854 2986 2004 3042 Tunc

416 3068 591 3133 laetus
610 3081 745 3142 erat,
763 3082 891 3137 tunc
910 3075 1103 3146 ubique
1132 3075 1338 3146 altaria,
1362 3077 1560 3150 ubique
1587 3078 1784 3147 fumus,
1808 3080 2004 3153 ubique

415 3163 663 3236 uideres,
712 3166 904 3241 ubique
946 3168 1355 3240 fornicationes,
1399 3171 1594 3251 ubique
1644 3173 1999 3247 initiationes,

415 3257 611 3328 ubique
656 3260 953 3338 sacrificia,
1003 3262 1198 3338 ubique
1250 3264 1521 3333 daemones
1576 3267 1997 3336 debacchantes,

414 3347 610 3419 ubique
644 3363 737 3415 arx
767 3348 998 3419 diaboli,
1041 3352 1238 3431 ubique
1280 3355 1561 3425 fornicatio
1603 3359 1996 3425 coronabatur:

412 3452 656 3514 unusque
698 3440 893 3509 Paulus
934 3454 1066 3517 erat.
1095 3444 1372 3514 Quomodo
1400 3462 1505 3519 non
1535 3448 1844 3519 submersus
1869 3460 1951 3516 est
1977 3451 2002 3505 ?

412 3530 683 3599 quomodo
702 3547 807 3588 non
836 3533 1134 3613 discerptus
1171 3536 1487 3609 ?quomodo
1524 3553 1587 3596 os
1629 3540 1887 3610 aperuit?
1917 3541 2003 3596 In-

410 3636 627 3695 gressus
650 3633 733 3680 est
756 3625 809 3680 in
831 3624 1174 3701 Thebaidem,
1203 3639 1259 3684 et
1280 3631 1523 3699 captivos
1550 3630 1692 3695 fecit.
1724 3630 1999 3703 Ingressus

408 3713 569 3769 estin
593 3716 768 3775 aulam
807 3720 1037 3789 regiam,
1071 3729 1125 3777 et
1149 3737 1326 3795 regem
1357 3722 1480 3779 fecit
1520 3723 1860 3795 discipulum.
1908 3725 1997 3785 ln-

408 3821 622 3879 gressus
640 3807 811 3875 estad
834 3811 1093 3878 tribunal,
1116 3822 1169 3869 et
1189 3813 1316 3881 dicit
1337 3813 1385 3868 ei
1408 3813 1571 3883 judex
1606 3830 1619 3868 :
1643 3804 1837 3870 Parum
1858 3816 1999 3872 abest

407 3895 530 3963 quin
570 3900 788 3953 suadeas
832 3901 957 3955 mihi
980 3910 1035 3961 ut
1071 3902 1192 3971 [iam
1231 3902 1548 3969 Christianus
1576 3901 1713 3978 (Act.
1740 3904 1828 3961 ‘26.
1854 3905 1949 3977 28)
1978 3924 1992 3961 :

404 3987 669 4065 iudexque
714 3988 888 4051 factus
933 4000 1016 4049 est
1054 3993 1364 4067 discipu‘us.
1392 3992 1669 4067 Ingressus
1694 4006 1781 4067 est
1806 4010 1994 4067 carce-

407 4093 522 4149 rem
544 4119 559 4143 ,
586 4088 640 4137 et
665 4083 897 4143 carceris
923 4084 1193 4145 custodem
1224 4086 1364 4156 cepit
1398 4087 1534 4157 (Aet.
1570 4088 1679 4159 16).
1714 4088 1993 4163 Ingressus

406 4168 459 4223 in
485 4169 831 4235 barbarorum
860 4172 1116 4253 insulam,
1146 4176 1378 4249 viperam
1402 4178 1524 4247 fecit
1557 4178 1831 4236 doctorem
1854 4180 1987 4251 (Act.

404 4260 522 4334 28).
552 4263 699 4324 Abiit
721 4264 789 4321 ad
830 4264 1128 4335 Romanum
1170 4269 1457 4341 pupulum,
1486 4279 1541 4327 et
1567 4281 1806 4330 senatum
1837 4274 1903 4330 ad
1931 4289 1992 4331 se

404 4356 680 4423 pertraxit.
712 4356 860 4423 Abiit
886 4358 953 4423 ad
976 4346 1193 4425 ﬂumina
1214 4402 1230 4427 ,
1257 4361 1324 4429 ad
1350 4360 1558 4423 deserta
1586 4364 1699 4421 loca
1726 4379 1989 4438 quocum-

401 4462 506 4516 que
543 4462 638 4519 per
660 4448 868 4517 orbem.
891 4449 1007 4507 Non
1037 4460 1174 4517 terra
1197 4493 1212 4529 ,
1253 4468 1358 4523 non
1383 4469 1531 4525 mare
1554 4454 1670 4533 ejus
1699 4456 1989 4528 praclaru-

400 4552 521 4591 rum
558 4534 856 4607 ciliciorum
893 4555 1085 4619 expers
1115 4543 1246 4597 luit:
1278 4543 1424 4613 dedit
1461 4546 1601 4615 enim
1628 4548 1985 4604 arrhabonem

397 4628 613 4699 annuli,
665 4630 899 4703 datoque
938 4633 1235 4689 arrhabone
1277 4635 1351 4702 ait
1383 4652 1395 4687 :
1424 4635 1552 4711 Ilaec
1602 4637 1696 4693 tibi
1743 4637 1854 4708 jam
1881 4638 1983 4705 do,

395 4731 591 4785 cetera
610 4723 882 4794 polliceor.
924 4726 1277 4795 Quamobrem
1307 4727 1433 4787 dicit
1467 4729 1517 4785 ei
1544 4730 1801 4802 propheta
1837 4750 1851 4788 :
1878 4733 1986 4786 Ad-

396 4812 524 4871 stitit
545 4815 768 4884 reginaa
795 4815 987 4875 dextris
1010 4819 1108 4873 tuis
1135 4819 1187 4873 in
1208 4820 1385 4885 vestitu
1405 4820 1648 4890 deaurato
1679 4820 1848 4893 (Psal.
1889 4825 1979 4879 44.

396 4902 514 4972 1οὴ
541 4903 657 4967 Non
678 4907 1054 4981 vestimentum
1075 4908 1235 4981 dicit,
1264 4910 1359 4975 sed
1390 4912 1661 4973 virtutem.
1693 4911 1817 4977 Ideo
1839 4913 1984 4970 Scri-

394 5008 549 5069 ptura
574 4998 695 5061 alibi
715 5000 790 5063 ait
813 5018 827 5056 :
852 5001 1114 5071 Quomodo
1135 5003 1232 5071 huc
1252 5005 1455 5067 intrasti
1476 5021 1577 5079 non
1593 5005 1780 5062 habens
1800 5015 1981 5063 vestem

391 5090 668 5159 nuptialem
690 5090 905 5169 (Matth.
932 5092 1022 5151 2‘2.
1053 5094 1184 5167 12)?
1213 5095 1395 5168 Itaque
1434 5112 1542 5153 non
1569 5108 1768 5155 vestem
1815 5099 1977 5167 dicit,

390 5182 488 5247 sed
517 5181 956 5256 fornicationem,
988 5194 1043 5247 ct
1086 5178 1398 5261 obscoenum
1447 5190 1817 5262 impurumque
1844 5191 1977 5248 faci-

390 5287 511 5333 nus.
559 5273 1019 5347 Quemadmodum
1074 5279 1289 5353 sordida
1332 5282 1648 5353 vestimenta
1699 5293 1976 5353 peccatum

388 5372 513 5431 sunt
539 5383 554 5420 :
580 5366 658 5431 sic
681 5376 737 5425 et
764 5382 957 5439 aurea,
990 5372 1174 5437 virtus.
1206 5371 1311 5427 Sed
1362 5360 1736 5433 vestimentum
1766 5376 1867 5431 hoc
1892 5392 1977 5434 re-

386 5455 467 5525 gis
490 5467 604 5523 erat
632 5476 645 5514 :
679 5459 794 5541 ipse
813 5462 1062 5525 vestitum
1090 5462 1166 5519 illi
1191 5462 1338 5521 dedit
1372 5485 1385 5522 :
1420 5464 1560 5520 nuda
1587 5466 1787 5539 quippe
1827 5476 1973 5536 crat,

386 5549 527 5619 nuda
576 5561 631 5617 et
671 5553 899 5624 turpiter
946 5553 1263 5627 deformata.
1303 5558 1506 5613 Adstitit
1535 5559 1973 5631 reginaadextris

383 5639 486 5697 tuis
510 5641 561 5703 in
580 5644 759 5701 vestitu
780 5645 1044 5701 deaurato.
1075 5645 1190 5702 Non
1214 5649 1530 5705 vestimenta
1557 5640 1715 5719 dicit,
1743 5651 1838 5707 sed
1865 5652 1972 5707 vir-

385 5742 546 5789 tutem
572 5754 586 5792 :
610 5751 717 5792 non
745 5735 900 5807 dixit,
920 5738 976 5796 In
999 5756 1148 5796 auro.
1168 5743 1395 5799 Attende
1421 5762 1434 5799 :
1457 5758 1558 5800 vox
1591 5743 1705 5802 hmc
1726 5761 1971 5817 magnam

380 5825 540 5887 habet
565 5831 955 5890 sententiarum
1007 5834 1360 5895 nobilitatem.
1390 5835 1505 5901 Non
1535 5836 1698 5909 dixit,
1724 5838 1783 5896 In
1812 5853 1963 5908 auro,

1032 399 1302 455 IIOMILIA
1347 400 1433 457 ῡε
1470 398 1694 454 CAPTO
1735 395 2076 454 EUTROI’IO
2116 395 2203 461 ΕΤ
2232 394 2319 455 DE
2360 394 2757 453 DIVlTlAllUM
2802 397 3159 465 VANITATE.

3597 396 3700 453 illi

2114 510 2238 581 sed,
2269 509 2551 566 Deaurato.
2585 512 2823 573 Solerter
2848 515 2991 569 audi.
3025 516 3260 569 Aureum
3283 511 3658 567 vestimentum
3683 550 3697 573 ,

2117 611 2285 667 totum
2313 614 2394 667 est
2409 619 2629 659 aureum
2649 619 2664 670 ;
2686 602 2997 659 deauratutn
3039 619 3166 659 vero
3198 601 3455 674 quasdam
3475 614 3695 664 aureas,

2114 693 2372 765 quasdam
2417 694 2619 750 sericas
2668 703 2845 764 partes
2876 693 3054 749 habet.
3087 694 3193 759 Cur
3238 706 3366 761 ergo
3413 706 3518 746 non
3566 688 3702 746 dixit

2114 798 2365 855 sponsam
2396 784 2535 853 ferre
2558 800 2775 847 aureum
2806 786 3202 851 vestimentum,
3222 782 3315 837 sed
3344 779 3704 843 demiratum?

2114 874 2346 945 Attende
2394 872 2695 944 diligenter.
2742 874 3214 935 Conversatinnem
3257 872 3510 929 Ecclesia:
3538 869 3698 935 dicit,

2113 982 2235 1039 quae
2256 966 2403 1024 varia
2422 976 2525 1023 est.
2551 967 2684 1034 Quia
2709 981 2815 1025 non
2836 981 2993 1021 unam
3022 955 3472 1022 omnesﬁucimus
3498 964 3696 1031 vitam;

2114 1058 2207 1114 sed
2230 1059 2369 1115 alius
2395 1058 2753 1129 virginitatem
2772 1099 2786 1122 ,
2813 1058 2948 1112 alius
2974 1057 3280 1119 viduitatem
3302 1096 3318 1123 ,
3350 1055 3486 1111 alius
3522 1056 3695 1125 picta-

2116 1162 2222 1208 tcm
2244 1163 2458 1225 exercet
2485 1169 2499 1206 :
2527 1153 2902 1208 vestimentum
2942 1148 3194 1207 Ecclesiae
3239 1156 3322 1204 est
3362 1148 3701 1204 conversatio

2115 1243 2390 1303 Ecclesiae.

2187 1337 2272 1392 15.
2307 1336 2415 1393 γεω
2438 1347 2552 1397 sunt
2580 1336 2733 1405 varia:
2754 1336 2823 1391 ad
2848 1334 3164 1393 salutem.—-—
3183 1331 3319 1395 Cum
3346 1332 3503 1413 igitur
3525 1330 3689 1385 sciret

2115 1431 2374 1499 Dominus
2404 1440 2608 1499 noster,
2638 1430 2684 1499 si
2726 1444 2885 1491 unam
2913 1427 3179 1498 posuisset
3224 1427 3385 1494 viam.
3418 1426 3613 1483 multos
3641 1425 3696 1477 in

2114 1520 2341 1590 segnitie
2384 1520 2624 1575 victuros
2666 1518 2831 1575 fuisse
2856 1560 2870 1585 ,
2908 1518 3104 1574 multas
3133 1516 3360 1573 instituit
3405 1516 3538 1570 vias.
3582 1514 3698 1570 Non

2115 1621 2268 1686 potes
2295 1627 2390 1684 per
2418 1611 2775 1680 virginitatem
2797 1609 3044 1680 ingredi?
3068 1607 3210 1669 Intra
3238 1622 3334 1677 per
3357 1606 3571 1660 unicum
3594 1619 3699 1659 ma-

2115 1702 2443 1757 trimonium.
2473 1700 2590 1756 Non
2614 1708 2767 1769 potes
2796 1714 2890 1770 per
2918 1698 3175 1753 unicum?
3201 1697 3484 1768 Ingredere
3509 1697 3698 1751 saltem

2114 1809 2211 1867 per
2239 1793 2551 1863 secundum.
2576 1792 2691 1851 Non
2709 1802 2862 1871 potes
2878 1806 2972 1861 per
2991 1790 3397 1857 continentiam?
3418 1787 3700 1859 Ingredere

2114 1900 2211 1955 per
2236 1885 2653 1957 eleemosynam.
2684 1883 2803 1943 Non
2833 1893 2986 1955 potes
3018 1896 3116 1953 per
3151 1880 3544 1950 eleemosynam
3566 1878 3590 1931 ?
3615 1877 3694 1943 In-

2116 1985 2196 2031 tra
2226 1990 2323 2047 per
2342 1975 2626 2045 jejunium.
2658 1974 2770 2039 Non
2799 1958 2949 2044 potes
2986 1974 3087 2035 hoc
3115 1972 3315 2026 modo?
3348 1971 3443 2025 Illo
3486 1970 3696 2039 saltem.

2114 2064 2229 2123 Non
2262 2052 2412 2136 potes
2457 2065 2588 2127 illo?
2626 2066 2750 2127 Alio
2797 2063 3098 2137 ingredere.
3141 2062 3266 2118 Ideo
3319 2078 3425 2131 non
3468 2064 3694 2131 ostendit

2113 2142 2339 2227 aureum
2364 2158 2762 2229 vestimentum,
2794 2159 2888 2217 sed
2918 2158 3249 2223 deauratum.
3282 2159 3387 2217 Aut
3412 2158 3578 2212 serica
3607 2173 3694 2219 ve-

2115 2250 2212 2307 stis
2235 2258 2339 2316 est,
2371 2250 2454 2305 vel
2481 2264 2745 2331 purpurea
2770 2291 2785 2315 ,
2812 2249 2893 2313 vel
2924 2264 3104 2305 aurea.
3132 2247 3246 2303 Non
3277 2257 3426 2321 potes
3455 2263 3575 2303 cs<e
3603 2262 3692 2301 au-

2112 2342 2275 2401 reus?
2306 2343 2436 2403 Esto
2453 2342 2675 2405 scricus.
2706 2341 2950 2418 Suscipio
2970 2351 3040 2409 tc,
3065 2349 3269 2407 tauth
3288 2341 3339 2413 in
3361 2341 3696 2411 vestimento.

2112 2435 2239 2497 Ideo
2263 2437 2457 2507 Paulus
2488 2459 2501 2495 :
2532 2441 2595 2499 Si
2620 2442 2730 2513 quis
2753 2442 2974 2511 wdiﬁcat
2992 2456 3142 2511 super
3170 2439 3553 2511 fundamentum
3581 2439 3693 2501 hoc,

2111 2549 2316 2607 aurum,
2346 2543 2631 2608 argentum,
2680 2533 2873 2606 lapides
2903 2532 3148 2602 pretiosos
3194 2533 3212 2601 (
3242 2532 3291 2585 I.
3331 2527 3446 2585 Cor.
3478 2530 3531 2582 5.
3569 2528 3633 2582 I2
3656 2529 3692 2596 ).

2116 2625 2230 2693 Non
2263 2636 2417 2696 potes
2437 2640 2557 2684 esse
2586 2625 2720 2695 lapis
2743 2623 3048 2701 pretiosus?
3075 2623 3203 2683 Esto
3233 2637 3444 2677 aurum.
3470 2619 3584 2675 Non
3604 2634 3692 2688 po-

2112 2728 2194 2774 tes
2234 2733 2356 2775 esse
2401 2718 2629 2787 aurum?
2662 2718 2789 2777 Eato
2839 2725 3135 2785 argentum,
3181 2724 3383 2783 tantum
3424 2714 3475 2771 in
3507 2711 3692 2768 l‘umla-

2111 2809 2321 2859 mento.
2350 2802 2420 2857 Et
2447 2802 2573 2861 alibi
2600 2816 2812 2865 rursum
2846 2818 2859 2857 :
2900 2801 3016 2853 Alia
3046 2800 3251 2852 claritas
3279 2798 3428 2864 solis,
3458 2797 3562 2850 alia
3586 2798 3688 2849 cla-

2109 2894 2235 2953 ritas
2263 2893 2416 2959 lunaz,
2447 2903 2493 2947 et
2518 2893 2622 2961 alia
2649 2892 2856 2947 claritas
2879 2890 3144 2947 stellarum
3170 2890 3189 2961 (
3221 2891 3270 2945 I.
3302 2888 3420 2942 Cor.
3451 2888 3539 2943 15.
3580 2887 3691 2959 il).

2110 2983 2226 3041 Non
2251 2991 2404 3054 potes
2426 2998 2548 3039 esse
2572 2982 2691 3043 sol?
2719 2981 2851 3037 Esto
2881 2980 3026 3034 luna.
3053 2979 3169 3035 Non
3199 2989 3350 3049 potes
3379 2994 3499 3032 esse
3530 2977 3691 3031 luna?

2109 3072 2241 3131 Esto
2272 3073 2447 3131 stella.
2474 3071 2589 3135 Non
2620 3083 2770 3142 potes
2810 3085 2930 3126 esse
2975 3084 3164 3140 magna
3211 3067 3454 3145 quzedam
3501 3068 3690 3122 stella‘:

2115 3166 2244 3227 Esto
2275 3164 2465 3229 saltem
2497 3180 2657 3236 parva
2679 3206 2693 3230 ,
2726 3174 2927 3231 tantum
2975 3164 3050 3231 sis
3097 3163 3148 3225 in
3176 3161 3329 3217 caelo.
3380 3160 3496 3216 Non
3542 3174 3689 3233 petes

2107 3272 2228 3319 esse
2250 3258 2440 3329 virgo?
2484 3258 2705 3329 Nuptias
2754 3256 3010 3315 contrahe
3052 3272 3173 3327 cum
3202 3255 3548 3321 continentia,
3598 3256 3689 3310 sed

2108 3359 2311 3411 tantum
2337 3351 2391 3413 in
2422 3350 2681 3411 Ecclesia.
2720 3349 2835 3405 Non
2864 3359 3015 3420 potes
3044 3363 3165 3403 esse
3198 3347 3358 3423 ineps
3376 3347 3399 3399 ?
3417 3346 3523 3401 Fac
3550 3347 3688 3400 elec-

2105 3456 2406 3516 mosynam,
2441 3450 2644 3498 tantum
2677 3441 2729 3505 in
2757 3440 3016 3507 Ecclesia,
3035 3447 3238 3493 tantum
3269 3438 3321 3493 in
3350 3437 3687 3503 vestimenta,

2107 3546 2311 3603 tantum
2339 3536 2439 3601 sub
2463 3535 2668 3605 regina.
2704 3534 3025 3595 Dcauratum
3058 3531 3459 3601 vestimentum,
3485 3529 3690 3585 varium

2104 3628 2500 3697 vestimentum.
2528 3627 2642 3683 Non
2669 3626 2759 3685 tibi
2791 3623 3015 3687 occludo
3045 3624 3184 3679 viam
3219 3642 3232 3678 :
3266 3625 3519 3693 virtutum
3548 3623 3688 3675 enim

2103 3721 2254 3792 copia
2284 3721 2443 3797 Regis
2469 3719 2920 3803 dispensationem
2962 3717 3170 3787 facilem
3195 3717 3386 3779 reddit.
3416 3715 3481 3783 In
3507 3716 3688 3769 vestitu

2102 3810 2714 3879 deauratocircumdata
2737 3852 2753 3879 ,
2801 3810 3039 3879 varietate
3082 3818 3282 3863 ornata.
3340 3806 3551 3877 Varium
3606 3814 3688 3861 est

2100 3903 2219 3973 ejus
2247 3903 2622 3973 vestimentum
2649 3919 2661 3956 :
2695 3917 2758 3967 ac
2782 3894 2847 3955 ’si
2882 3901 2997 3966 vis,
3030 3898 3347 3969 profundum
3390 3897 3546 3964 hujus
3576 3911 3687 3950 ser-

2101 3994 2277 4057 monis
2304 3994 2531 4064 explica,
2559 4009 2624 4053 ac
2648 3993 2769 4057 vide
2789 3992 3037 4048 vestitum
3064 3991 3400 4047 deauratum.
3430 3990 3528 4045 llic
3542 3991 3686 4043 enim

2099 4093 2224 4155 sunt
2249 4084 2517 4149 monachi,
2540 4085 2631 4140 alii
2662 4083 2975 4139 honorabile
3001 4081 3329 4137 connubium
3360 4080 3565 4149 colunt,
3584 4092 3679 4136 nec

2098 4177 2324 4233 multum
2346 4177 2412 4231 ab
2443 4176 2547 4233 illis
2574 4176 2807 4243 distant;
2838 4175 2928 4229 alii
2956 4190 3090 4229 unas
3108 4184 3426 4230 contraxere
3447 4174 3678 4242 nuptias,

2096 4268 2215 4325 alite
2243 4266 2419 4329 viduae
2448 4276 2575 4337 sunt
2624 4275 2784 4323 aztate
2830 4265 3104 4322 ﬂorentes.
3143 4264 3321 4331 Quare
3370 4265 3685 4335 paradisus?

2098 4374 2261 4430 quare
2275 4358 2491 4427 varius?
2509 4359 2723 4415 Habens
2753 4358 2959 4415 scilicet
2987 4360 3164 4414 varios
3185 4356 3363 4425 ﬂores,
3384 4367 3439 4414 et
3460 4358 3685 4412 arbores

2094 4440 2150 4506 et
2178 4452 2374 4519 multas
2424 4450 2759 4522 margaritas.
2810 4449 2987 4505 Multae
3034 4451 3219 4516 stelhe,
3252 4448 3346 4505 sed
3385 4464 3522 4506 unus
3559 4449 3681 4510 sol;

2094 4544 2260 4598 multa
2287 4542 2498 4615 vivendi
2544 4556 2740 4613 genera
2767 4582 2782 4610 ,
2837 4542 2933 4597 sed
2977 4556 3114 4597 unus
3167 4540 3483 4613 paradisus;
3514 4540 3684 4595 multa

2094 4636 2312 4707 templa,
2335 4635 2429 4691 sed
2461 4650 2598 4690 unus
2630 4634 2908 4707 paradisus
2936 4653 2949 4689 :
2984 4636 3147 4689 multa
3187 4634 3381 4705 templa
3406 4675 3422 4702 ,
3454 4634 3551 4690 sed
3577 4650 3680 4713 una

2093 4738 2285 4783 mater.
2316 4727 2449 4799 Illud
2478 4737 2561 4782 est
2585 4743 2799 4799 corpus,
2825 4726 2953 4783 illud
2984 4726 3146 4793 oculi,
3174 4726 3302 4782 illud
3325 4726 3521 4798 digitus
3542 4769 3557 4793 ,
3585 4728 3679 4783 sed

2092 4833 2279 4874 onlnes
2309 4835 2464 4873 unus.
2498 4818 2730 4892 Idipsum
2760 4817 2901 4885 enim
2930 4827 3013 4875 est
3034 4833 3252 4888 parvum
3274 4860 3291 4885 ,
3324 4826 3379 4874 et
3404 4833 3681 4890 magnum,

2091 4919 2146 4967 ct
2172 4911 2366 4981 minus.
2399 4911 2559 4983 Virgo
2584 4927 2717 4982 opus
2746 4910 2904 4965 habet
2952 4925 3012 4966 ea
3036 4950 3052 4977 ,
3078 4924 3198 4981 quae
3231 4917 3397 4980 nupta
3421 4918 3533 4966 est:
3555 4926 3679 4965 nam

2089 5001 2240 5074 virgo
2267 5018 2331 5058 ex
2363 5005 2560 5077 nuptiis
2583 5043 2598 5070 ,
2648 5017 2716 5057 ne
2763 5001 2973 5072 nuptias
2999 5009 3337 5070 aSpernetur.
3393 5001 3551 5072 Virgo
3596 5013 3680 5057 est

2089 5095 2240 5152 radix
2265 5097 2590 5167 nuptiarum.
2641 5095 2831 5151 Omnia
2853 5096 3188 5169 copulantur,
3223 5110 3383 5166 parva
3430 5097 3636 5166 magnis
3659 5139 3672 5155 ,

2093 5196 2150 5243 ct
2177 5203 2367 5259 magna
2388 5188 2584 5260 parvis.
2606 5187 2817 5243 Adstitit
2840 5188 3017 5261 regina
3041 5205 3071 5242 a
3091 5172 3280 5244 dextris
3305 5188 3404 5243 tuis
3431 5189 3485 5243 in
3501 5192 3678 5243 vestitu

2088 5281 2333 5338 deaurato
2360 5283 2694 5350 circumdata,
2718 5282 2961 5339 varietate
2996 5293 3177 5337 ornata
3216 5284 3233 5353 (
3269 5281 3415 5338 Psal.
3445 5282 3533 5337 44.
3566 5284 3674 5350 10).

2085 5375 2237 5445 Quod
2264 5377 2527 5449 reliquum
2566 5386 2651 5433 est
2673 5418 2690 5445 ,
2722 5377 2877 5447 Audi,
2905 5375 3016 5451 ﬁlia
3046 5377 3063 5447 (
3092 5375 3235 5433 Psal.
3272 5374 3360 5433 44.
3386 5375 3420 5430 4
3444 5374 3488 5445 ).
3543 5374 3675 5428 Pro-

2086 5471 2260 5528 nubus
2297 5471 2393 5540 ait,
2426 5479 2478 5527 te
2507 5485 2844 5545 egressuram
2884 5485 3005 5526 csse
3048 5469 3115 5525 ad
3155 5483 3435 5540 sponsum,
3486 5469 3575 5547 qui
3624 5481 3673 5520 et

2084 5564 2377 5619 substantia
2401 5573 2455 5629 et
2481 5573 2670 5618 natura
2711 5563 2781 5618 sit
2815 5561 2973 5633 longe
3023 5560 3288 5633 snperior.
3320 5559 3433 5629 Ego
3474 5574 3676 5629 pronu-

2083 5656 2204 5713 bus.
2253 5657 2411 5726 Audi,
2466 5656 2597 5727 ﬁlia.
2642 5656 2902 5711 Statimne
2954 5654 3089 5709 facta
3130 5661 3217 5709 est
3245 5652 3421 5707 uxor?
3450 5652 3621 5706 Etiam
3658 5667 3671 5704 :

2084 5749 2215 5806 nihil
2240 5749 2383 5809 enim
2411 5747 2500 5821 hic
2523 5764 2861 5821 corporeum.
2880 5747 3087 5815 Etenim
3116 5755 3175 5805 ut
3195 5760 3416 5801 uxorem
3437 5745 3669 5815 despon-

2081 5840 2240 5912 savlt,
2271 5849 2332 5899 ut
2356 5841 2520 5905 tiliam
2538 5838 2727 5911 diligit,
2760 5846 2817 5895 ut
2844 5837 3094 5895 ancillam
3124 5844 3295 5904 curat,
3326 5845 3383 5891 ut
3408 5834 3668 5907 virginem
