4036 6382
401 407 497 467 ιιι

403 530 606 590 servat,
635 527 696 576 ut
721 519 933 575 hortum
979 533 1135 574 muro
1163 518 1345 588 cingit,
1377 525 1436 572 ut
1464 517 1763 574 membrum
1807 516 1949 572 fovet
1975 558 1991 583 ,

410 623 470 668 ut
496 619 655 681 caput
684 609 949 683 providet,
977 623 1034 664 ut
1060 609 1206 664 radiv
1238 608 1480 678 pullulat,
1509 618 1569 664 ut
1593 618 1772 680 pastor
1793 611 1996 680 pascit,

407 714 463 762 ut
515 716 746 779 sponsus
778 701 1067 771 desponsat
1089 741 1103 766 ,
1135 708 1194 755 ut
1236 702 1663 771 pr0pitiatorium
1691 702 1961 757 condonat
1982 742 1999 769 ,

410 802 468 848 ut
493 794 611 847 ovis
641 792 971 858 immolatur,
1004 801 1062 846 ut
1113 806 1345 861 sponsus
1390 792 1442 846 in
1497 792 1697 848 decore
1746 807 2001 863 sponsam

408 892 712 947 conservat,
740 891 796 939 et
822 890 883 941 ut
907 882 987 936 vir
1012 881 1112 952 ipsi
1144 883 1409 953 providet.
1437 882 1587 938 Multi
1611 893 1736 939 sunt
1762 884 2003 954 variique

411 991 622 1041 sensus,
651 986 709 1030 ut
737 975 821 1031 vel
853 974 1072 1030 minima
1102 975 1520 1046 dispensationis
1561 985 1715 1047 parte
1743 976 2000 1032 fruamur.

410 1070 564 1130 Audi.
587 1069 719 1141 ﬁlia,
751 1077 798 1124 et
823 1048 1047 1137 vide',et
1073 1070 1329 1139 nuptialia
1355 1070 1756 1140 spiritualiaque
1790 1071 2003 1141 negotia

413 1161 638 1230 respice.
669 1159 829 1226 Audi,
862 1161 995 1230 ﬁlia.
1041 1160 1166 1215 Haec
1194 1162 1340 1230 prius
1368 1161 1671 1217 dmmonum
1702 1161 1807 1215 filia
1844 1171 1958 1216 erat
1985 1202 2002 1227 ,

418 1254 526 1309 filia
557 1262 717 1309 terra:
740 1295 757 1321 ,
810 1253 924 1324 ipsa
972 1253 1165 1309 tellure
1210 1253 1464 1326 indigna;
1508 1264 1563 1310 et
1593 1269 1735 1310 nunc
1763 1254 1896 1309 facta
1923 1263 2006 1309 est

411 1346 519 1402 tilia
540 1346 701 1418 regis.
722 1344 777 1400 id
799 1355 976 1401 autem
994 1344 1160 1401 voluit
1177 1346 1290 1416 ejus
1310 1355 1536 1401 amator.
1558 1347 1657 1415 Qui
1676 1356 1817 1401 amat
1833 1346 2002 1415 enim,

414 1438 643 1493 formam
682 1452 787 1494 non
817 1438 1080 1516 requirit:
1109 1453 1261 1494 amor
1307 1454 1414 1494 non
1444 1439 1665 1510 respicit
1693 1437 2008 1494 deformita-

415 1539 564 1598 tem;
620 1531 740 1593 ideo
790 1542 968 1587 autem
1017 1541 1239 1588 vocatur
1283 1540 1403 1605 ερως
1440 1573 1456 1598 ,
1520 1532 1643 1603 quia
1694 1532 2008 1603 plerumque

413 1623 717 1681 deformem
741 1634 906 1681 amat.
932 1625 1022 1680 Sic
1051 1634 1104 1680 et
1124 1624 1374 1680 Christus
1403 1623 1531 1680 fecit
1561 1643 1574 1679 :
1598 1623 1896 1680 deformem
1924 1623 2006 1678 vi-

414 1714 533 1786 dit(
563 1731 671 1772 non
699 1717 840 1772 enim
874 1716 1017 1771 illam
1048 1715 1342 1772 formosam
1365 1717 1592 1772 dixerim
1620 1717 1661 1788 ),
1693 1725 1748 1772 et
1782 1716 2006 1771 adama-

414 1805 491 1860 vit
527 1824 541 1861 :
582 1805 831 1877 illamque
855 1808 1093 1877 innovat,
1118 1817 1177 1863 ut
1223 1822 1329 1864 non
1365 1809 1558 1864 haheat
1587 1807 1883 1876 maculam,
1916 1817 2009 1863 aut

415 1913 622 1970 rugam.
652 1897 698 1965 Ο
727 1915 983 1972 sponsum
1012 1910 1295 1957 ornantem
1323 1900 1715 1957 deformitatem
1754 1915 1965 1971 sponsa:
1990 1900 2005 1955 1

414 1990 572 2058 Audi,
621 1991 756 2065 ﬁlia,
800 1991 960 2059 audi,
987 2001 1036 2047 et
1082 1992 1214 2048 vide.
1262 1991 1379 2047 Duo
1398 1989 1545 2057 dicit,
1576 1991 1746 2059 Audi,
1774 2000 1830 2047 et
1861 1989 2006 2046 Vide.

418 2080 534 2137 Duo
560 2082 678 2138 hzec
707 2098 771 2137 ex
803 2091 856 2138 te
884 2091 1031 2151 sunt,
1060 2082 1188 2139 illud
1216 2081 1287 2137 ab
1311 2082 1506 2150 oculis,
1536 2081 1639 2138 hoc
1664 2082 1731 2139 ab
1765 2083 2005 2138 auribus.

416 2173 679 2248 Quoniam
707 2174 871 2248 igitur
896 2174 996 2235 dos
1021 2173 1138 2245 ejus
1164 2174 1217 2229 in
1241 2173 1427 2229 auditu
1458 2184 1575 2229 crat
1604 2172 1622 2245 (
1650 2173 1696 2229 si
1719 2173 1808 2243 qui
1835 2190 1902 2228 ex
1923 2187 2010 2228 vo-

418 2267 500 2323 bis
528 2268 737 2327 acutius
763 2267 1079 2346 prtevident,
1101 2276 1414 2338 chpecteut
1443 2277 1622 2322 tamen
1649 2266 2006 2321 infirmiores:

415 2369 471 2415 et
489 2375 586 2415 vos
612 2358 773 2416 laudo
800 2369 1256 2431 prteoecupantes,
1283 2369 1337 2415 et
1365 2359 1470 2416 illis
1492 2360 1708 2430 ignosco
1736 2357 2015 2430 sequenti-

422 2451 521 2506 bus
546 2451 587 2523 ),
620 2450 875 2521 quoniam
905 2450 1005 2507 dos
1026 2450 1142 2521 ejus
1171 2450 1224 2505 in
1251 2449 1437 2505 auditu
1460 2458 1577 2505 erat
1607 2448 1775 2521 (quid
1802 2458 1885 2505 est
1907 2490 1922 2514 ,
1953 2448 2010 2503 in

415 2540 638 2599 auditu?
668 2543 725 2597 In
775 2542 879 2597 fide
910 2559 923 2596 :
953 2540 1093 2596 Nam
1112 2542 1240 2613 ﬁdes
1259 2559 1322 2597 ea:
1340 2542 1519 2596 auditu
1541 2540 1563 2615 [
1583 2540 1734 2597 Rom.
1768 2542 1856 2597 10.
1881 2539 2010 2616 17.]

421 2631 477 2686 In
505 2632 626 2697 fide,
662 2648 768 2688 non
800 2632 853 2688 in
883 2631 1172 2699 fruitioue,
1208 2648 1309 2689 nec
1334 2633 1386 2688 in
1428 2632 1765 2704 experientia
1787 2632 1935 2687 omni
1966 2635 2009 2703 ),

422 2724 568 2797 prius
595 2722 739 2789 dixi,
756 2723 930 2795 ipsum
958 2723 1014 2779 in
1043 2723 1178 2779 duas
1208 2734 1388 2794 partes
1408 2723 1654 2779 divisisse
1671 2723 1851 2778 dotem
1870 2723 2008 2793 ejus,

417 2824 472 2873 ct
499 2814 602 2873 alia
633 2815 731 2887 ipsi
775 2814 989 2870 dedisse
1020 2830 1117 2885 pro
1141 2815 1461 2880 arrhabone,
1489 2815 1593 2871 alia
1623 2830 1749 2871 vero
1778 2815 1831 2870 in
1872 2816 2013 2869 futu-

420 2924 538 2967 rum
568 2917 779 2987 tempus
807 2908 1097 2979 pollicitum
1127 2924 1270 2965 esse.
1309 2908 1447 2981 Quid
1474 2909 1572 2980 ipsi
1602 2908 1790 2964 dedit?
1810 2908 2011 2964 Pecca-

420 3010 595 3062 torum
620 3002 833 3056 veniam
866 3040 884 3067 ,
935 3000 1179 3071 supplicii
1229 3001 1599 3055 remissionem
1630 3041 1646 3064 ,
1701 3000 1962 3075 justitiam
1992 3041 2007 3066 ,

419 3091 923 3159 sanctificationem,
958 3091 1403 3163 redemptionem,
1432 3106 1629 3162 corpus
1659 3092 2009 3159 dominicum,

420 3197 661 3238 mensam
686 3183 921 3239 divinam
952 3198 1016 3239 ac
1051 3183 1413 3255 spiritualcm,
1463 3194 1795 3239 mortuorum
1825 3200 2009 3240 resur-

420 3274 737 3335 rectionem.
783 3273 912 3329 llzcc
951 3275 1149 3345 quippe
1198 3275 1379 3329 omnia
1422 3274 1722 3330 habuerunt
1757 3275 2009 3346 apostoli.

419 3365 598 3443 Itaque
635 3367 738 3425 alia
774 3366 957 3433 dedit,
1007 3366 1109 3421 alia
1141 3365 1429 3437 promisit:
1466 3366 1568 3421 alia
1598 3366 1651 3421 in
1681 3366 2010 3435 experientia

418 3467 655 3520 erantet
686 3458 961 3525 fruitioue,
985 3459 1087 3519 alia
1129 3460 1181 3512 in
1226 3472 1323 3528 spe
1347 3466 1403 3513 et
1437 3457 1563 3514 ﬁde.
1614 3460 1751 3515 Audi
1793 3459 2008 3513 iterum.

419 3548 559 3623 Quid
585 3548 773 3609 dedit?
799 3550 1090 3620 Bnptisma,
1118 3549 1462 3604 sacrilicium.
1497 3549 1623 3603 llaac
1652 3550 1703 3603 in
1728 3548 2012 3627 experien-

421 3643 516 3701 tia.
548 3643 680 3699 V‘ide
726 3654 929 3701 autem.
983 3643 1121 3710 Quid
1156 3643 1442 3713 promisit?
1494 3642 1960 3698 Resurrectionem
1991 3683 2009 3710 ,

417 3748 704 3805 corporum
746 3735 1245 3806 incorruptionem,
1299 3735 1555 3790 unionem
1593 3749 1717 3789 cum
1763 3735 1967 3805 angelis
1991 3778 2008 3804 ,

418 3827 647 3888 choreas
672 3843 796 3888 cum
828 3828 1164 3901 archangelis
1183 3869 1200 3895 ,
1221 3829 1384 3883 vitam
1414 3828 1468 3883 in
1500 3828 1666 3898 ipsius
1692 3828 1964 3883 consortio
1991 3870 2008 3895 ,

417 3921 578 3973 vitam
636 3919 1012 3987 immortalem,
1063 3919 1201 3974 bona
1249 3919 1378 3988 Qua:
1419 3920 1597 3973 oculus
1648 3935 1747 3974 non
1789 3919 1933 3985 vidit,
1963 3927 2012 3973 et

419 4014 559 4069 auris
602 4030 704 4069 nou
751 4014 985 4078 audivit,
1048 4023 1094 4068 et
1151 4014 1205 4068 in
1260 4030 1348 4068 cor
1396 4014 1616 4068 hominis
1672 4030 1775 4067 non
1835 4030 2011 4068 ascen-

416 4107 599 4167 derunt
623 4147 640 4173 ,
682 4123 795 4181 qua:
828 4108 1134 4178 pratparavit
1165 4105 1303 4160 Deus
1327 4104 1651 4182 diligentibus
1694 4109 1784 4174 δε(
1813 4107 1863 4160 1.
1888 4102 2007 4161 Cor.

415 4197 609 4269 2.9).

492 4288 581 4351 l6.
613 4290 894 4363 luteiligite
919 4290 970 4346 id
994 4332 1010 4357 ,
1047 4290 1190 4360 quod
1220 4289 1413 4345 dicitur
1432 4333 1447 4358 ,
1477 4285 1557 4347 ne'
1577 4290 1809 4361 perdatis
1834 4291 1962 4348 illud
1995 4311 2010 4347 :

420 4382 542 4443 ideo
570 4382 777 4450 laboro,
813 4391 871 4437 ut
910 4381 1241 4452 intelligalis,
1268 4380 1326 4435 In
1352 4382 1487 4436 duas
1513 4382 1672 4452 igitur
1695 4392 1872 4452 partes
1896 4393 2013 4439 erat

417 4476 516 4533 dos
534 4475 651 4546 ejus
671 4475 877 4542 divisa;
910 4477 961 4530 in
986 4476 1290 4547 praesentia,
1318 4484 1372 4531 et
1400 4476 1450 4529 in
1479 4475 1691 4544 futura;
1725 4477 1777 4532 in
1800 4493 1862 4533 ea
1891 4493 2013 4549 qua:

416 4571 571 4641 visu,
615 4580 670 4626 et
714 4571 766 4626 in
797 4585 858 4626 ea
889 4585 1009 4642 qua:
1037 4570 1219 4625 auditu
1261 4570 1629 4640 percipiuntur
1668 4589 1681 4623 :
1715 4571 1766 4624 in
1802 4587 1862 4626 ea
1892 4586 2011 4641 qua:

417 4666 646 4731 dantur,
687 4675 742 4721 et
766 4665 819 4720 in
846 4681 909 4720 ea
930 4680 1050 4736 quae
1073 4664 1365 4720 creduntur
1394 4681 1406 4716 :
1439 4665 1490 4717 in
1520 4679 1583 4718 ea
1609 4679 1729 4733 qum
1755 4664 1807 4718 in
1837 4679 1903 4718 ex
1916 4679 2010 4733 pe-

419 4757 608 4817 rientia
628 4799 642 4821 ,
669 4766 725 4817 et
762 4757 815 4811 in
841 4771 905 4811 ea
930 4773 1049 4829 qua:
1079 4757 1132 4812 in
1161 4756 1411 4817 fruitione
1441 4772 1453 4807 :
1485 4756 1539 4815 in
1565 4770 1627 4811 ea
1654 4771 1773 4823 qum
1800 4757 1851 4810 in
1878 4771 2013 4824 prae-

418 4848 558 4903 senti
584 4849 731 4915 vita,
774 4857 829 4903 et
867 4849 919 4903 in
955 4864 1018 4902 ea
1048 4865 1167 4919 qute
1207 4858 1328 4919 post
1364 4847 1832 4902 resurrectionem.
1885 4847 2014 4901 llmc

420 4940 589 5005 vides,
619 4938 709 5001 illa
736 4938 907 4994 audis.
941 4939 1074 4995 Vide
1101 4942 1258 5015 igitur
1278 4939 1403 5013 quid
1433 4939 1574 4996 dicat
1604 4939 1702 5005 illi,
1730 4947 1789 4994 ut
1815 4954 1882 4993 ne
1910 4953 2013 5008 pu-

421 5043 560 5089 taret
600 5032 742 5111 quod
782 5032 897 5087 ltch
924 5033 1097 5097 solum
1138 5035 1475 5103 accepisset:
1503 5035 1601 5088 etsi
1634 5048 1823 5109 magna
1858 5043 2013 5088 erant

418 5125 802 5192 etinell'abilia,
849 5135 904 5180 et
944 5137 1179 5180 mentem
1220 5142 1434 5180 ttlllﬂL‘lll
1482 5127 1809 5196 superantia.
1858 5127 2011 5193 Audi,

420 5219 529 5287 [ilia
551 5259 565 5283 ,
608 5229 655 5272 et
699 5219 811 5271 vide
836 5232 857 5272 :
882 5218 1003 5272 audi
1042 5218 1131 5271 illa
1152 5260 1168 5281 ,
1216 5228 1270 5271 et
1298 5218 1413 5272 hmc
1442 5218 1595 5281 vide;
1628 5228 1687 5271 ut
1721 5233 1788 5272 ne
1823 5217 2009 5271 dicas:

420 5311 652 5365 Rursum
678 5308 731 5371 in
773 5310 909 5379 spe?
935 5326 1147 5373 rursum
1180 5311 1233 5367 in
1264 5310 1411 5363 fide?
1452 5326 1663 5364 rursum
1695 5310 1748 5370 in
1788 5309 2015 5363 futuro?

422 5405 484 5457 Et
516 5404 677 5461 vide:
709 5401 809 5456 alia
848 5401 921 5457 do
943 5443 959 5467 ,
990 5403 1096 5456 alia
1127 5403 1419 5471 promitto:
1450 5402 1539 5456 illa
1583 5403 1768 5471 itaque
1811 5402 1863 5455 in
1896 5416 2010 5477 spe,

422 5496 538 5550 lucc
561 5511 689 5552 vero
718 5496 899 5566 accipe
929 5494 1172 5564 pignora.
1205 5494 1319 5546 hmc
1346 5494 1529 5562 accipe
1550 5499 1602 5547 in
1631 5495 2010 5557 arrhabonem,

424 5593 537 5647 iure
558 5608 610 5646 in
627 5594 899 5662 specimen
927 5588 1129 5659 accipe.
1156 5588 1416 5641 Promitto
1438 5590 1531 5641 tibi
1559 5603 1782 5657 regnum
1812 5605 1825 5639 :
1850 5586 2013 5641 crede

423 5699 487 5749 ex
518 5685 887 5753 timentibus,
916 5681 1077 5737 crede
1097 5679 1246 5733 mihi.
1277 5680 1519 5749 Regnum
1552 5678 1681 5732 mihi
1710 5679 1973 5747 promittis
1992 5676 2017 5728 ?

426 5777 619 5840 Etiam.
662 5776 816 5844 Quod
844 5775 1018 5843 majus
1042 5783 1155 5827 erat
1188 5773 1278 5825 tibi
1312 5774 1430 5826 dedi
1461 5816 1473 5836 ,
1509 5787 1700 5842 nempe
1727 5773 2011 5826 Dominum

422 5873 570 5949 regni
596 5916 610 5941 ,
648 5873 748 5943 Qui
775 5870 986 5943 proprio
1014 5868 1153 5923 Filio
1200 5885 1295 5925 non
1331 5871 1590 5942 pepercit,
1632 5869 1721 5924 scd
1748 5883 1842 5939 pro
1872 5867 2013 5921 nobis

1116 401 1170 457 S.
1211 400 1489 461 JOANNIS
1514 399 1987 459 CHRYSOSTOMI
2029 403 2346 461 ARCIHEP.
2380 403 2917 461 CONSTAN'l'lNUP.

3584 402 3697 457 4ιῖ

2105 515 2337 574 omnibus
2380 519 2591 575 tradidit
2628 537 2775 589 eum;
2815 520 3065 593 quomodo
3108 536 3211 576 non
3257 521 3408 576 etiam
3454 537 3572 576 cum
3608 523 3702 577 illo

2105 611 2277 663 omnia
2306 609 2448 666 nobis
2467 612 2673 667 donabit
2702 612 2876 685 (Rom.
2904 613 2956 669 8.
2992 611 3125 687 59.)?
3153 613 3705 673 Resurrectionemne

2104 700 2201 755 das
2226 704 2553 772 corporum?
2602 704 2800 759 Etiam.
2851 704 3002 773 Quod
3035 685 3215 776 inajus
3260 714 3377 761 crat
3420 706 3512 761 tibi
3551 706 3700 760 dedi.

2105 792 2386 859 Quodnam
2416 795 2584 850 illud?
2607 795 2759 865 Quod
2800 796 3046 853 libereris
3066 814 3094 850 a
3125 807 3364 867 peccato.
3406 797 3525 866 Quo
3548 809 3707 868 pacto

2105 884 2280 953 majus
2323 897 2405 942 est
2450 887 2620 941 illud?
2666 887 2800 955 Quia
2857 898 3134 958 peccatum
3183 897 3415 944 mortem
3468 891 3702 960 peperit.

2107 976 2327 1033 Matrem
2356 980 2600 1036 interfeci
2638 991 2695 1037 et
2722 980 2886 1037 tilium
2914 998 3021 1036 non
3049 982 3416 1037 interficiam?
3448 981 3707 1037 lladicem

2106 1069 2299 1125 arefeci
2321 1114 2339 1139 ,
2377 1080 2433 1126 et
2471 1072 2698 1128 fructum
2727 1088 2833 1130 non
2866 1074 3242 1130 tollamiAudi
3261 1117 3277 1142 ,
3306 1076 3449 1146 ﬁlia,
3484 1084 3532 1130 et
3568 1076 3703 1127 vide.

2109 1162 2247 1232 Quid
2279 1166 2534 1222 videam?
2567 1166 2805 1224 Mortuos
2842 1169 3128 1225 suscitatos
3149 1213 3163 1238 ,
3208 1170 3453 1240 leprosos
3477 1170 3709 1225 munda-

2110 1264 2214 1322 tos,
2243 1273 2391 1313 mare
2422 1258 2686 1316 frenatum
2711 1304 2727 1330 ,
2755 1263 3104 1335 paralyticum
3147 1265 3199 1318 in
3226 1265 3465 1335 vigorem
3486 1266 3708 1320 restitu-

2111 1359 2223 1405 tum
2248 1393 2264 1420 ,
2315 1353 2620 1423 paradisum
2651 1365 2893 1426 apertum
2917 1398 2931 1424 ,
2979 1371 3147 1427 panes
3171 1356 3401 1411 ubertim
3430 1367 3706 1428 erogatos,

2111 1454 2330 1516 peccata
2357 1445 2528 1501 soluta
2549 1489 2566 1515 ,
2593 1447 2841 1503 claudum
2856 1448 3237 1504 subsilientem
3264 1489 3280 1515 ,
3307 1448 3570 1504 latronem
3609 1464 3705 1519 pa-

2110 1538 2272 1593 radisi
2318 1539 2489 1594 civem
2539 1538 2738 1595 factum
2766 1582 2781 1604 ,
2831 1540 3173 1610 publicanum
3218 1539 3272 1594 in
3318 1540 3705 1611 evangelistam

2112 1643 2404 1699 mutatum,
2433 1636 2772 1691 meretricem
2801 1635 3011 1705 virgine
3041 1634 3509 1690 continentiorem.
3541 1633 3707 1700 Audi,

2112 1736 2167 1785 et
2192 1727 2333 1782 vide.
2383 1727 2522 1783 Audi
2566 1728 2653 1784 illa
2681 1768 2698 1793 ,
2743 1726 2859 1782 haec
2905 1726 3048 1781 vide.
3094 1728 3137 1781 A
3168 1724 3521 1796 prmsentibus
3547 1739 3711 1795 argu-

2113 1826 2351 1876 mentum
2399 1818 2582 1887 accipe
2613 1834 2627 1872 :
2657 1817 2726 1874 de
2772 1817 2877 1872 illis
2919 1817 3082 1873 etiam
3131 1817 3352 1888 pignora
3392 1815 3517 1871 dedi
3558 1815 3655 1871 tibi
3689 1831 3707 1870 :

2113 1909 2230 1966 ha-c
2258 1911 2363 1971 illis
2388 1912 2610 1967 meliora
2637 1919 2781 1965 sunt.
2834 1909 3039 1981 Ecquid
3080 1909 3295 1964 tandem
3325 1908 3533 1963 dictura
3554 1922 3614 1963 es
3642 1908 3663 1939 ⁸
3685 1908 3713 1961 Υ

2112 2002 2228 2059 Mea
2252 2003 2369 2058 haec
2392 2010 2534 2061 sunt.
2563 2003 2719 2069 Audi,
2748 2003 2878 2075 ﬁlia,
2897 2012 2944 2057 et
2970 2002 3102 2056 vide.
3128 2001 3253 2055 llmc
3272 2000 3370 2055 dos
3395 2007 3540 2055 sunt.
3567 1999 3713 2067 Quid

2114 2093 2279 2151 infert
2302 2094 2545 2165 sponsa?
2577 2094 2885 2150 Videamus.
2929 2093 2994 2148 Et
3024 2103 3079 2148 tu
3106 2092 3307 2147 inferas
3340 2105 3573 2161 quoque.
3609 2089 3713 2144 Ec-

2114 2186 2241 2258 quid
2275 2195 2330 2242 tu
2356 2184 2571 2241 tandem
2592 2227 2609 2253 ,
2654 2194 2711 2240 ut
2749 2200 2820 2240 ne
2860 2198 3082 2241 maneas
3112 2182 3401 2238 indotata?
3443 2181 3556 2252 Ego
3580 2179 3715 2250 quid

2114 2277 2317 2348 possim
2347 2275 2546 2332 inferre
2566 2276 2633 2330 ab
2657 2275 2937 2342 altaribus,
2975 2289 3004 2328 a
3033 2274 3241 2340 nidore,
3272 2287 3300 2327 a
3330 2272 3668 2327 dzemonibus
3689 2272 3718 2325 ἓ

2114 2366 2241 2439 quid
2265 2365 2599 2422 inferendum
2627 2364 2841 2420 habeo?
2869 2363 3006 2433 Quid
3027 2364 3051 2419 i
3075 2363 3413 2419 Voluntatem
3442 2370 3499 2419 et
3527 2361 3715 2416 ﬁdem.

2114 2458 2272 2525 Audi,
2302 2457 2433 2527 ﬁlia,
2465 2467 2510 2511 et
2535 2456 2666 2511 vide.
2701 2456 2905 2527 Ecquid
2924 2454 3004 2509 vis
3035 2454 3256 2508 faciam?
3284 2452 3589 2508 Obliviscere
3613 2468 3715 2522 ρο·-

2117 2553 2298 2624 pulum
2325 2562 2466 2605 tuum
2492 2549 2665 2624 (Psal.
2692 2550 2781 2605 44.
2806 2548 2921 2621 li).
2954 2547 3123 2616 Quem
3152 2545 3454 2618 populum?
3498 2545 3703 2599 Daemo-

2116 2661 2214 2703 nas
2236 2688 2251 2713 ,
2284 2645 2459 2712 idola,
2493 2643 2721 2709 fumum,
2768 2641 3038 2707 nidorem,
3083 2639 3421 2709 sanguinem.
3471 2636 3538 2691 Et
3574 2638 3721 2703 uide,

2115 2751 2163 2796 et
2186 2740 2472 2798 obliviscere
2500 2738 2746 2810 populum
2769 2748 2909 2791 tuum
2927 2776 2945 2802 ,
2975 2744 3022 2789 et
3052 2735 3258 2788 domum
3294 2733 3453 2803 patris
3478 2731 3570 2785 tui.
3617 2728 3713 2783 Di-

2115 2835 2271 2890 mitte
2295 2840 2501 2904 patrem
2525 2869 2540 2895 ,
2573 2839 2629 2884 et
2656 2828 2723 2884 ad
2750 2844 2837 2883 me
2861 2827 3003 2882 veni.
3036 2825 3152 2896 Ego
3177 2825 3393 2879 Patrem
3419 2821 3621 2888 dimisi,
3654 2833 3715 2877 et

2115 2926 2183 2982 ad
2213 2936 2263 2984 te
2287 2923 2407 2979 veni
2434 2964 2450 2990 ,
2498 2930 2549 2976 et
2579 2930 2635 2975 tu
2659 2934 2767 2974 non
2798 2916 3036 2973 dimittes
3083 2916 3296 2971 Patrem
3326 2912 3516 2968 tuum?
3538 2910 3720 2968 Caete-

2114 3034 2234 3074 rum
2257 3016 2385 3073 illud
2409 3056 2424 3081 ,
2453 3013 2665 3077 dimisi,
2692 3012 2760 3067 de
2786 3010 2924 3065 Filio
2963 3008 3163 3064 dictum
3183 3049 3201 3074 ,
3229 3023 3297 3063 ne
3326 3008 3395 3061 ita
3423 3004 3715 3075 intelligas,

2114 3108 2265 3180 quasi
2311 3105 2593 3161 dimiserit.
2646 3102 2729 3158 lle
2765 3101 2860 3158 tibi
2888 3098 3235 3169 attemperavi
3261 3139 3277 3164 ,
3307 3097 3720 3167 diSpensatione

2115 3214 2245 3256 usus
2270 3213 2410 3265 sum,
2438 3210 2654 3252 carnem
2685 3192 2972 3266 assumpsi.
3005 3191 3116 3247 lloc
3138 3189 3343 3261 SpOttsi,
3368 3188 3472 3243 hoc
3497 3202 3717 3257 sponsa:

2114 3301 2199 3348 est
2223 3332 2239 3357 ,
2268 3301 2327 3345 ut
2355 3289 2721 3359 relinquamus
2746 3293 3026 3355 parentes,
3059 3289 3116 3338 et
3143 3294 3242 3336 nos
3268 3289 3455 3335 mutuo
3491 3278 3719 3348 copule~

2114 3401 2257 3442 mur.
2299 3383 2468 3448 Audi,
2501 3381 2632 3451 ﬁlia,
2662 3390 2709 3434 et
2735 3378 2867 3443 uide,
2897 3386 2943 3432 et
2969 3374 3260 3431 obliviscere
3278 3372 3524 3448 populum
3547 3382 3717 3437 tuum,

2114 3489 2162 3533 et
2183 3477 2387 3537 domum
2413 3473 2575 3546 patris
2601 3472 2691 3526 tui.
2742 3468 2947 3541 Ecquid
2984 3466 3116 3522 mihi
3152 3465 3280 3528 das,
3310 3464 3357 3519 si
3385 3463 3716 3519 obliviscar?

2114 3568 2185 3623 Et
2205 3566 2522 3639 concupiscet
2562 3580 2657 3619 rex
2691 3562 2923 3617 decorem
2953 3568 3092 3613 tuum
3118 3557 3283 3626 (Ibid.
3311 3570 3359 3611 υ.
3393 3554 3506 3626 12).
3538 3553 3718 3609 [labes

2114 3671 2409 3717 amatorem
2441 3658 2745 3714 Dominum.
2766 3656 2825 3711 Si
2855 3655 3000 3709 illum
3030 3660 3323 3706 amatorem
3348 3648 3567 3715 habeas,
3593 3663 3719 3719 qua:

2115 3757 2260 3813 illius
2308 3763 2432 3810 sunt
2472 3751 2655 3822 utique
2695 3747 2864 3804 babes
2890 3765 2902 3800 :
2933 3747 2977 3801 si
3010 3754 3187 3799 tamen
3214 3740 3357 3812 quod
3397 3740 3601 3795 dictum
3628 3748 3721 3793 est

2115 3849 2334 3921 possitis
2385 3844 2681 3919 intelligere
2714 3860 2729 3896 :
2762 3839 2974 3896 subtilis
3023 3837 3220 3910 quippe
3266 3843 3351 3890 est
3401 3832 3715 3897 sententia;

2114 3941 2346 4011 voloque
2364 3937 2671 3993 Iudaeorum
2693 3932 2927 4003 linguam
2954 3942 3237 3985 consuere.

2188 4029 2531 4088 Pulcltritudo
2571 4026 2801 4097 corporis
2835 4038 2901 4078 ea:
2934 4030 3118 4076 natura
3146 4035 3165 4083 ;
3211 4019 3399 4073 animae
3435 4032 3499 4072 ca:
3532 4015 3718 4069 uirtute

2117 4123 2473 4196 proﬁciscitur.
2503 4148 2578 4161 -ο
2602 4116 2707 4174 Sed
2736 4114 2825 4170 hic
2844 4122 3079 4169 mentem
3100 4109 3352 4165 adhibete
3383 4127 3399 4164 :
3428 4109 3540 4163 sive
3566 4106 3713 4160 enim

2117 4219 2236 4290 quis
2262 4216 2479 4282 audiat,
2508 4214 2626 4269 sive
2651 4225 2759 4269 non
2778 4250 2795 4276 ,
2838 4221 2941 4278 ego
2970 4205 3113 4261 fodio
3132 4247 3147 4271 ,
3175 4218 3275 4274 ego
3306 4212 3502 4259 terram
3531 4207 3717 4255 aratro

2115 4308 2323 4368 scindo.
2370 4306 2545 4371 Audi,
2582 4303 2729 4377 ﬁlia,
2767 4309 2816 4356 et
2851 4298 2998 4364 uide,
3048 4307 3094 4352 et
3137 4295 3429 4350 obliviscere
3468 4292 3715 4363 populum

2115 4414 2258 4467 tuum
2278 4445 2292 4468 ,
2315 4410 2362 4456 et
2394 4401 2602 4454 domum
2626 4395 2786 4471 patri:
2810 4394 2915 4459 tui,
2946 4402 2993 4446 et
3029 4388 3344 4457 concupiscet
3375 4402 3464 4440 rea:
3482 4387 3716 4439 decorem

2117 4504 2279 4548 tuum.
2312 4491 2412 4546 Hic
2426 4490 2678 4545 decorem
2702 4527 2717 4552 ,
2742 4485 2831 4556 qui
2861 4497 3084 4543 sensum
3117 4487 3315 4543 movet,
3347 4477 3597 4547 intelligit
3618 4475 3716 4531 .lu-

2117 4587 2299 4651 dmus;
2330 4600 2437 4639 non
2469 4580 2823 4653 spiritualem,
2853 4577 2946 4632 sed
2977 4589 3320 4645 corporeum.

2192 4680 2277 4734 17.
2309 4675 2542 4733 Attende
2566 4714 2583 4740 ,
2614 4672 2886 4731 discamus
2924 4683 3044 4736 qua:
3090 4667 3161 4721 sit
3192 4678 3449 4737 corporea
3478 4661 3717 4732 pulchri-

2120 4773 2268 4836 tudo,
2300 4779 2354 4824 et
2380 4784 2499 4839 qum
2528 4763 2841 4836 spiritualis.
2889 4761 2982 4815 Est
3011 4760 3210 4825 anima,
3241 4768 3324 4812 est
3350 4769 3569 4824 corpus,
3591 4754 3713 4807 dun:

2117 4863 2430 4921 substantia:
2449 4868 2607 4923 sunt;
2647 4864 2730 4911 est
2759 4851 3094 4924 pulchritudo
3113 4849 3389 4918 corporis,
3418 4856 3472 4901 et
3499 4854 3581 4900 est
3601 4846 3711 4916 ριιι.

2118 4953 2365 5015 chritudo
2381 4951 2595 5008 animae.
2616 4949 2747 5023 Qua:
2763 4954 2845 5003 est
2862 4942 3204 5016 pulchritudo
3219 4938 3501 5010 corporis?
3520 4937 3718 5008 Super-

2117 5050 2297 5106 cilimn
2328 5056 2607 5101 extensum
2631 5083 2647 5106 ,
2695 5039 2983 5095 subridens
3020 5036 3192 5108 gratia
3231 5034 3510 5089 oculorum
3538 5074 3552 5099 ,
3579 5046 3716 5102 gena

2119 5143 2317 5198 rubens
2339 5184 2351 5206 ,
2395 5138 2533 5194 labia
2563 5135 2793 5208 puniceo
2819 5132 3021 5196 colore,
3052 5130 3248 5185 collum
3278 5137 3538 5192 erectum,
3561 5140 3716 5180 coma

2120 5233 2311 5289 leuiter
2356 5230 2657 5294 fluctuans,
2707 5225 2857 5296 digiti
2900 5221 3197 5299 prmlongi,
3235 5228 3442 5274 statura
3487 5226 3716 5279 arrecta,

2119 5324 2323 5381 candor
2349 5321 2717 5376 eflloresceus.
2765 5318 2891 5372 ilzcc
2933 5312 3279 5386 pulchritudo
3306 5309 3553 5380 corporis
3580 5308 3662 5363 vel
3686 5324 3717 5362 a

2121 5424 2310 5471 natura
2335 5456 2353 5479 ,
2392 5415 2476 5467 vel
2503 5427 2532 5467 a
2574 5412 2851 5465 voluntate
2872 5406 3125 5462 eflicitur.
3181 5404 3236 5457 In
3264 5401 3513 5458 confesso
3539 5409 3715 5453 autem

2121 5517 2203 5563 est
2233 5523 2262 5561 a
2304 5516 2492 5560 natura
2535 5501 2821 5569 proficisci.
2879 5497 3110 5554 Attende
3158 5486 3231 5549 ut
3270 5491 3715 5563 philosOphorum

2122 5599 2442 5656 sententiam
2472 5597 2701 5650 ediscas.
2756 5592 2883 5647 “iCC
2928 5585 3307 5661 pulchritudo,
3360 5585 3475 5639 sive
3516 5582 3712 5645 vultus,

2123 5694 2235 5747 sive
2263 5691 2567 5754 oculorum,
2598 5702 2691 5742 seu
2718 5700 2886 5741 coma:
2907 5726 2922 5749 ,
2956 5697 3048 5737 seu
3076 5679 3297 5747 frontis,
3330 5678 3412 5733 vel
3442 5690 3472 5730 a
3504 5685 3713 5730 natura.

2188 5875 2204 5905 ¹
2241 5869 2401 5929 Sani,
2430 5876 2470 5919 ετ
2490 5866 2602 5934 quid
2630 5865 2715 5925 ris,
2742 5863 2911 5927 inquit.
