4036 6382
384 404 483 461 ιιι

389 516 720 589 παράδεισον
772 516 1033 588 τειχίζει,
1077 519 1169 572 καὶ
1214 519 1290 583 ὡς
1345 518 1503 590 μέλος
1541 517 1826 590 περιέπει,
1874 518 1969 570 καὶ

388 601 463 664 ὡς
510 600 723 673 κεφαλὴ
773 605 1018 674 προνοεῖ,
1053 603 1148 656 καὶ
1190 603 1266 667 ὡς
1324 604 1450 676 ῥίζα
1486 604 1728 674 φυτεύει,
1774 603 1866 656 καὶ
1893 602 1980 666 ὡς’

390 687 592 757 ποιμὴν
645 686 867 757 βόσκει,
923 687 1018 740 καὶ
1073 687 1150 752 ὡς
1193 689 1426 758 νυμφίος
1491 689 1824 761 ἁρμόζεται,
1878 688 1971 740 καὶ

389 771 466 833 ὡς
519 768 830 839 ἱλαστήριον
896 772 1198 841 συγχωρεῖ,
1245 770 1340 825 καὶ
1394 772 1471 836 ὼς
1529 772 1800 842 πρόϐατον
1845 770 1971 825 θύε-

392 873 516 917 ται,
564 855 657 907 καὶ
687 852 764 916 ὡς
814 854 1046 923 νυμφίος
1088 853 1339 925 διατηρεῖ
1378 856 1435 907 ἐν
1491 856 1713 920 κάλλει,
1769 856 1864 909 καὶ
1893 855 1971 918 ὡς

390 938 533 1010 ἀνὴρ
584 939 803 1009 προνοεῖ
852 939 949 1008 τῆς
987 936 1332 1007 κηδεμονίας.
1370 937 1543 992 Πολλά
1578 938 1646 991 τά
1674 941 1923 1007 νοήματα
1945 979 1960 1004 ,

391 1023 478 1075 ἵνα
519 1023 623 1075 κᾶν
686 1021 885 1092 μικροῦ
930 1021 1128 1093 μέρους
1164 1024 1263 1093 τῆς
1303 1022 1614 1092 οἰκονομίας
1647 1020 1971 1074 ἀπολαύσω-

394 1122 516 1176 μεν.
582 1106 906 1166 ¹Ἄκουσον,
945 1105 1230 1175 θύγατερ,
1279 1104 1376 1158 καί
1428 1103 1537 1169 ἴδε,
1574 1104 1669 1158 καὶ
1699 1102 1864 1173 βλέπε
1902 1102 1972 1156 τά

390 1188 606 1257 γαμικά
668 1188 1001 1258 πράγματα,
1061 1188 1155 1239 καὶ
1215 1187 1582 1257 πνευματικά.
1653 1187 1970 1246 Ἄκουσον,

394 1271 663 1338 θύγατερ.
697 1269 955 1341 Θυγάτηρ
992 1264 1061 1342 ἦν
1105 1268 1214 1321 τῶν
1245 1268 1516 1338 δαιμόνων
1557 1268 1694 1340 αὐτὴ
1730 1267 1972 1340 πρῶτον,

395 1353 639 1424 θυγάτηρ
673 1353 772 1422 τῆς
808 1356 932 1424 γῆς,
980 1351 1174 1419 ἀναξία
1215 1354 1317 1417 τῆς
1345 1354 1484 1424 γῆς,
1515 1353 1610 1406 καὶ
1641 1351 1737 1407 νῦν
1780 1351 1973 1422 γέγονε

392 1435 640 1507 θυγάτηρ
683 1437 780 1496 τοῖα
830 1436 1111 1508 βασιλέως.
1154 1436 1325 1490 Τοῦτο
1365 1436 1422 1490 δὲ
1463 1437 1725 1507 ἠθέλησεν
1759 1438 1786 1489 6
1829 1436 1972 1507 ἐρῶν

391 1522 585 1590 αὐτῆς.
627 1520 693 1573 '0
710 1521 818 1591 γὰρ
850 1521 988 1593 ἐρῶν
1020 1522 1119 1574 οὐκ
1138 1521 1380 1588 ἐξετάζει
1422 1522 1622 1593 τρόπον
1644 1538 1658 1554 ⁸
1690 1521 1718 1573 6
1747 1520 1886 1592 ἔρως
1911 1520 1971 1573 οὐ

392 1604 582 1673 βλέπει
623 1603 933 1674 ἀμορφίαν
975 1604 1063 1658 διὰ
1108 1604 1268 1657 τοῦτο
1311 1604 1367 1657 δὲ
1395 1605 1637 1658 καλεῖται
1663 1602 1838 1674 ἔρως,
1888 1603 1971 1656 ὅτι

391 1688 650 1752 πολλάκις
687 1689 779 1743 καὶ
802 1689 1049 1759 ἄμορφον
1082 1687 1226 1756 φιλεῖ
1253 1700 1300 1741 ο.
1334 1688 1491 1742 Οὕτω
1539 1690 1634 1742 καὶ
1678 1689 1706 1741 6
1734 1687 1968 1759 Χριστὸς

391 1773 677 1839 ἐποίησεν
717 1774 965 1845 ἄμορφον
991 1768 1128 1827 εἶδεν
1168 1774 1249 1843 (ού
1297 1774 1407 1846 γάρ
1452 1773 1519 1827 ἂν
1558 1774 1728 1844 αὐτὴν
1759 1773 1973 1843 εἴποιμι

390 1856 733 1927 εὔμορφον),
767 1856 863 1909 καὶ
895 1857 1144 1928 ἠράσθη,
1189 1857 1283 1910 καί
1323 1859 1467 1910 ποιεῖ
1505 1856 1676 1926 αὐτὴν
1710 1855 1860 1921 νέαν,
1898 1856 1974 1926 μὴ

390 1939 620 2008 ἔχουσαν
659 1939 902 2010 σπῖλονῆ
938 1939 1144 2009 ῥυτίδα.
1176 1941 1239 1992 Ὢ
1276 1942 1511 2011 νυμφίου
1538 1938 1974 2002 καλλωπίζοντος

390 2024 673 2093 ἀμορφίαν
717 2022 967 2094 νύμφηςί
1014 2025 1341 2088 Ἄκουσον,
1389 2026 1662 2093 θύγατερ.
1714 2025 1968 2089 ἄκουσον,

389 2108 493 2160 καὶ
527 2106 638 2162 ἴδε.
673 2107 779 2161 Δύο
824 2108 993 2177 λέγει,
1034 2110 1349 2173 Ἄκουσον,
1378 2108 1496 2173 καὶ,
1534 2107 1751 2168 Βλέπε,
1777 2110 1846 2160 τὰ
1880 2108 1974 2161 δύο

390 2191 503 2243 ἀπὸ
553 2190 667 2257 σοῦ,
714 2191 784 2245 τά
833 2191 932 2262 μὲν
973 2194 1084 2254 τοῖς
1126 2191 1444 2261 ὀφθαλμοῖς,
1483 2192 1553 2244 τὰ
1599 2191 1658 2244 δὲ
1703 2194 1770 2261 τῇ
1811 2192 1972 2262 ἀκοῇ.

406 2273 559 2328 Ἐπεὶ
594 2270 687 2328 οὖν
730 2277 763 2347 ἡ
810 2274 969 2346 προῖξ
998 2276 1167 2345 αὐτῆς
1196 2278 1256 2328 έν
1296 2278 1437 2346 ἀκοῇ
1479 2271 1547 2346 ἦν
1572 2291 1585 2305 ·
1627 2277 1675 2329 εἰ
1707 2274 1800 2328 καί
1828 2291 1976 2337 τινες

390 2357 648 2430 ὀξύτερον
667 2359 933 2429 προεῖδον,
953 2363 1053 2412 ἀνα
1062 2360 1369 2430 μενέτωσαν
1389 2362 1514 2423 τοὺς
1531 2359 1972 2430 ἀσθενεστέρους

394 2442 491 2493 καὶ
530 2442 674 2512 ὑμᾶς
712 2442 920 2495 ἐπαινῶ
954 2442 1348 2513 προλαϐόντας,
1379 2444 1473 2496 καὶ
1509 2442 1741 2506 ἐκείνοις
1778 2459 1973 2512 συγγι-

392 2524 592 2581 νώσκω
619 2525 1005 2581 ἀκολουθοῦσιν
1024 2544 1037 2557 ·
1068 2527 1259 2598 ἐπειδὴ
1284 2530 1317 2597 ἡ
1355 2527 1513 2597 προῖξ
1543 2527 1715 2598 αὐτῆς
1752 2529 1809 2580 ἐν
1831 2528 1971 2600 ἀκοῇ

392 2605 462 2680 ἦν
493 2610 583 2679 (τί
613 2613 763 2665 ἐστιν
782 2612 841 2665 ἐν
869 2613 1035 2683 ἀκοῇ;
1076 2613 1164 2664 Ἐν
1190 2612 1389 2666 πίστει.
1439 2611 1508 2665 Ἢ
1532 2614 1642 2682 γὰρ
1670 2612 1877 2677 πίστις
1904 2612 1975 2676 ἐξ

391 2693 615 2762 ἀκοῆς·
646 2695 705 2748 ἐν
741 2694 944 2759 πίστει,
979 2699 1079 2749 οὐκ
1118 2698 1174 2749 ἐν
1204 2696 1525 2759 ἀπολαύσει,
1556 2696 1657 2748 οὐκ
1703 2696 1763 2750 ἐν
1809 2700 1975 2767 πείρᾳ

393 2777 597 2848 πάσῃ),
628 2781 908 2850 προεῖπον,
935 2779 1014 2834 ὅτι
1044 2781 1123 2843 εἰς
1155 2778 1248 2832 δύο
1273 2780 1415 2851 μέρη
1445 2780 1607 2832 διεῖλε
1633 2778 1738 2851 τὴν
1766 2780 1975 2852 προῖκα

393 2865 589 2934 αὐτῆς,
618 2867 714 2918 καὶ
740 2866 808 2919 τά
837 2866 936 2936 μὲν
962 2865 1161 2921 ἔδωκεν
1199 2868 1336 2938 αὐτῇ
1377 2868 1500 2920 ἀντὶ
1528 2866 1868 2940 ἀρραϐῶνος,
1909 2868 1977 2921 τά

392 2948 453 3002 δὲ
481 2949 845 3020 ἐπηγγείλατο
875 2950 1012 3022 αὐτῇ
1043 2953 1124 3014 εἰς
1153 2950 1215 3003 τὸ
1246 2952 1459 3021 μέλλον.
1489 2952 1553 3005 Τί
1576 2953 1714 3023 αὐτῇ
1736 2950 1974 3018 ὲδωκεν;

398 3032 640 3093 Ἔδωκεν
673 3033 811 3104 αὐτῇ
843 3034 1259 3107 ἁμαρτημάτων
1294 3036 1662 3107 συγχώρησιν,
1699 3035 1976 3100 κολάσεως

394 3118 613 3185 ἄφεσιν,
653 3117 1019 3190 δικαιοσύνην,
1057 3121 1349 3191 ἀγιασμὸν,
1382 3120 1784 3191 ἀπολύτρωσιν,
1819 3120 1980 3189 σῶμα

392 3200 735 3267 δεσποτικὸν,
782 3202 1059 3277 τράπεζαν
1094 3203 1268 3268 θείαν,
1320 3204 1721 3277 πνευματικὴν,
1770 3203 1981 3274 νεκρῶν

395 3284 712 3342 ἀνάστασιν.
762 3286 951 3340 Ταῦτα
990 3286 1100 3359 γὰρ
1151 3287 1327 3340 πάντα
1369 3285 1516 3359 εἶχον
1565 3290 1616 3341 οἱ
1668 3287 1980 3345 ἀπόστολοι.

398 3366 614 3422 Οὐκοῦν
645 3369 713 3422 τὰ
758 3369 857 3439 μὲν
894 3370 1114 3435 ἔδωκεν,
1151 3370 1220 3423 τά
1248 3372 1305 3424 δὲ
1339 3371 1705 3442 ἐπηγγείλατο
1728 3388 1742 3403 ⁸
1771 3373 1867 3425 κοιί¹
1912 3370 1984 3424 τά

400 3452 501 3520 μὲν
531 3453 591 3504 ἐν
619 3452 782 3525 πείρᾳ
805 3449 874 3524 ἦν
906 3453 999 3506 καὶ
1036 3453 1355 3519 ἀπολαύσει,
1387 3457 1455 3509 τά
1491 3455 1549 3508 δὲ
1582 3457 1640 3509 ἐν
1679 3455 1855 3509 ἐλπίδι
1889 3455 1985 3508 καὶ

398 3538 459 3588 ἐν
486 3534 687 3590 πίστει.
730 3538 840 3590 Καὶ
869 3538 1053 3592 ἄκουε.
1095 3540 1160 3592 Τί
1190 3538 1358 3592 ἔδωκε
1384 3555 1398 3605 ;
1431 3540 1505 3593 T6
1535 3540 1842 3610 βάπτισμα.
1884 3538 1984 3609 τὴν

400 3617 613 3682 θυσίαν.
641 3620 826 3674 Ταῦτα
857 3624 914 3675 ἐν
948 3623 1113 3697 πείρα
1137 3641 1150 3654 ⁸
1179 3623 1344 3693 βλέπε
1365 3624 1442 3679 δέ.
1475 3624 1542 3677 Τί
1577 3622 1979 3694 ἐπηγγείλατο;

414 3702 757 3771 ’Ᾱνάστασιν,
786 3704 1054 3774 σωμάτιον
1075 3706 1406 3777 ἀφθαρσίαν,
1441 3708 1541 3777 τὴν
1578 3707 1718 3778 μετὰ
1737 3706 1987 3775 ἀγγέλων

402 3785 617 3851 ἕνωσιν,
651 3786 754 3858 τὴν
808 3788 948 3859 μετὰ
991 3789 1350 3861 ἀρχαγγέλων
1396 3789 1637 3861 χορείαν,
1688 3791 1786 3862 τὴν
1829 3788 1986 3863 [402]

408 3869 527 3940 μετ’
566 3871 731 3924 αὑτοῦ
776 3872 1079 3937 πολιτείαν,
1124 3874 1223 3944 τὴν
1266 3872 1413 3943 ζωὴν
1440 3874 1539 3943 τὴν
1574 3876 1870 3946 ἀκήρατον,
1919 3875 1988 3927 τά

405 3952 607 4021 ἀγαθά,
635 3956 705 4009 Ἀ
723 3955 1029 4025 ὀφθαλμὸς
1054 3959 1166 4011 οὒκ
1178 3954 1319 4021 εἶδε,
1340 3957 1437 4011 καί
1460 3954 1568 4024 οὖς
1592 3961 1704 4012 οὐκ
1735 3957 1986 4027 ἤκουσε,

406 4035 509 4090 καί
529 4037 628 4090 ἐπί
661 4040 916 4108 καρδίαν
945 4040 1259 4109 ἀνθρώπου
1287 4044 1399 4095 οὐκ
1426 4043 1631 4111 ἀνέϐη,
1669 4042 1707 4098 ἁ
1748 4044 1990 4114 ἡτοίμα-

406 4136 523 4176 σεν
545 4125 578 4176 ὀ
607 4122 751 4190 Θεὸς
776 4123 900 4191 τοῖς
929 4125 1244 4195 ἀγαπῶσιν
1263 4129 1472 4182 αὐτόν.

482 4234 557 4293 ις’
565 4272 578 4284 .
603 4228 797 4283 Σύνετε
825 4230 887 4282 16
915 4230 1224 4301 λεγόμενον,
1264 4231 1338 4303 μὴ
1374 4232 1676 4303 ἀπολέσητε
1710 4234 1841 4287 αὐτό
1859 4251 1873 4265 ⁸
1901 4234 1991 4288 διά

411 4313 569 4367 τοῦτο
591 4315 818 4384 κάμνω,
869 4316 957 4370 ἵνα
988 4318 1240 4392 νοήσητε.
1276 4318 1370 4382 Εἰς
1396 4318 1489 4371 δύο
1521 4315 1614 4372 οὖν
1639 4314 1709 4391 ἦν
1741 4319 1913 4389 αὐτῆς
1951 4321 1985 4390 ἡ

412 4399 572 4470 προῖξ
616 4400 944 4472 διῃρημένη,
979 4403 1061 4465 εἰς
1095 4401 1166 4455 τά
1195 4402 1460 4474 παρόντα,
1509 4404 1605 4457 καὶ
1634 4404 1716 4467 είς
1746 4404 1815 4457 τά
1861 4403 1993 4474 μέλ-

410 4482 572 4536 λοντα
589 4499 603 4513 ’
637 4484 718 4546 εἰς
744 4483 815 4536 τά
834 4482 1106 4555 ὁρώμενα,
1136 4486 1229 4539 καὶ
1251 4487 1331 4550 εἰς
1350 4484 1421 4539 τά
1451 4486 1759 4558 ἀκουόμενα
1775 4500 1790 4516 ⁸
1823 4489 1905 4550 εἰς
1924 4486 1992 4541 τά

411 4570 690 4642 δεδομένα,
718 4572 813 4626 καὶ
840 4574 922 4637 εἰς
957 4573 1026 4627 τά
1055 4574 1423 4644 πιστευόμενα
1446 4592 1460 4606 ⁸
1494 4578 1575 4640 εἰς
1609 4575 1680 4629 τά
1707 4578 1766 4630 ἐν
1786 4575 1954 4647 πείρᾳ
1973 4614 1989 4641 ,

415 4655 510 4717 καὶ
534 4659 611 4721 εἰς
639 4656 709 4712 τὰ
738 4660 797 4712 ἐν
841 4657 1166 4714 ἀπολαύσει·
1198 4661 1278 4724 είς
1302 4660 1370 4714 τὰ
1402 4661 1460 4713 ἐν
1484 4662 1550 4735 τῇ
1582 4658 1833 4734 παρούσῃ
1855 4659 1989 4732 ζωῇ,

416 4744 511 4797 καὶ
560 4746 640 4807 εἰς
694 4747 763 4801 τὰ
818 4746 956 4818 μετά
998 4746 1101 4818 τὴν
1141 4746 1460 4802 ἀνάστασιν.
1514 4746 1700 4801 Ταῦτα
1752 4747 1990 4818 βλέπεις,

416 4831 599 4882 ἐκεῖνα
639 4830 881 4895 ἀκούεις.
929 4831 1105 4885 Βλέπε
1142 4827 1255 4897 οὖν,
1302 4831 1357 4885 τί
1406 4831 1555 4901 λέγει
1590 4832 1752 4903 αὐτῇ,
1788 4832 1876 4886 ἵνα
1918 4832 1993 4904 μὴ

414 4914 636 4987 νομίσῃ,
658 4916 741 4969 ὅτι
766 4915 940 4969 ταῦτα
965 4917 1123 4988 μόνον
1146 4917 1304 4971 ἔλαϐε
1325 4934 1339 4948 ⁸
1364 4918 1541 4972 καίτοι
1575 4917 1787 4989 μεγάλα
1806 4913 1874 4989 ἦν
1902 4918 1996 4971 καὶ

413 4999 703 5070 ἀπόρρητα
727 5002 821 5055 καὶ
845 5003 1025 5056 πᾶσαν
1055 5003 1292 5058 διάνοιαν
1315 5003 1733 5074 ὑπερϐαίνοντα.
1776 5003 1995 5056 Ἀκου-

413 5100 553 5146 σον,
592 5085 870 5157 θύγατερ,
912 5087 1013 5141 καὶ
1047 5087 1168 5141 ίδε·
1198 5087 1430 5143 ἄκουσον
1452 5090 1635 5142 ἐκεῖνα
1656 5129 1671 5152 ,
1702 5088 1796 5141 καὶ
1830 5086 1996 5156 βλέπε

416 5166 589 5220 ταῦτα
614 5185 627 5198 ⁸
661 5168 750 5222 ἶνα
791 5173 866 5249 μὴ
904 5171 1069 5243 λέγῃς
1095 5211 1109 5236 ,
1147 5170 1314 5226 Πάλιν
1358 5172 1444 5225 ἐπ’
1482 5171 1697 5237 ἐλπίδι;
1739 5171 1903 5225 πάλιν
1937 5172 1996 5226 ἐν

417 5253 635 5318 πίστει;
665 5255 825 5309 πάλιν
864 5259 922 5311 ἐν
958 5257 1037 5328 τῷ
1070 5258 1354 5328 μέλλοντι;
1389 5257 1496 5310 Καὶ
1533 5255 1698 5326 βλέπε
1719 5274 1733 5288 ⁸
1768 5255 1838 5309 τὰ
1896 5257 1997 5328 μὲν

416 5334 631 5409 δίδωμι,
661 5339 730 5394 τά
763 5340 820 5394 δὲ
855 5341 1262 5411 ἐπαγγέλλομαι
1282 5358 1295 5371 ⁸
1339 5342 1525 5393 ἐκεῖνα
1557 5341 1656 5411 μὲν
1686 5332 1780 5394 οὗν
1823 5342 1883 5395 ὲν
1911 5340 1997 5394 ἐλ-

416 5426 554 5488 πίδι,
588 5428 759 5483 ταῦτα.
786 5428 843 5483 δὲ
873 5429 1003 5484 λάϐε
1037 5429 1287 5501 ἐνέχυρα,
1315 5429 1489 5483 ταῦτα
1517 5430 1649 5485 λάϐε
1673 5429 1994 5502 ἀρραϐῶνα,

416 5509 590 5564 ταῦτα
620 5510 752 5566 λάϐε
786 5514 869 5576 εἰς
911 5512 1204 5580 ἀπόδειξιν.
1254 5513 1691 5585 Ἐπαγγέλλομαί
1722 5531 1805 5568 σοι
1845 5513 1997 5586 βασι-

483 5681 511 5763 ς
536 5679 727 5763 fige-(0;.
772 5683 847 5732 ὅτι
887 5684 1118 5763 πολλάκις
1129 5685 1222 5759 ,καὶ
1248 5684 1469 5763 ’ἄμορφον
1509 5685 1665 5763 φιλεῖ,
1695 5686 2000 5763 ῐίζίγπιοῐοεῑξ-

422 5741 943 5824 ξομ-ςξἝρωξηπαράο
956 5747 1012 5795 τὸ
1043 5741 1175 5824 ἐρεῖν
1211 5741 1304 5824 τάς
1323 5741 1481 5824 ψυχὰς
1646 5741 1861 5824 ἐρώντων
1889 5741 2000 5824 ,τοῖς

423 5804 747 5879 ἱκομένοις-ὃ-
773 5804 1132 5879 έστιξνῌξπεσθὰις
1157 5804 1625 5879 ηφλρςίγὰῥρέρῶν
1644 5804 1748 5879 περὶ
1774 5809 1859 5861 τοῦ
1884 5804 2001 5878 ἐρωέ

421 5869 581 5930 μένον.
612 5869 714 5922 Sed
735 5869 827 5925 hoc
850 5871 1077 5925 ultimum
1100 5871 1164 5924 de
1191 5869 1384 5927 Christo
1408 5869 1503 5921 dici
1528 5869 1716 5937 hequill

943 401 1220 459 IIOMILIA
1259 400 1343 456 DE
1380 400 1607 457 CAPTO
1645 399 1995 459 EU'I‘ROPIO
2025 400 2113 455 ΕΤ
2155 403 2241 458 DE
2281 399 2693 457 DIVITIARUM
2730 396 3100 454 VANITATE.

3548 400 3663 455 ΗΞ

2071 518 2218 574 λείαν
2245 539 2258 552 ⁸
2295 523 2517 576 πίστευε
2551 520 2660 574 ἀπὸ
2676 517 2784 572 τῶν
2811 516 3114 588 παρόντων,
3148 513 3372 568 πίστευέ
3401 531 3514 585 μοι.
3550 517 3658 568 Βα-

2073 609 2277 664 σιλείαν
2308 629 2395 681 μοι
2443 606 2784 678 ἐπαγγέλλῃ;
2821 603 2951 658 Ναί.
2987 602 3061 654 Τὸ
3102 601 3291 671 μεῖζόν
3330 618 3413 655 σοι
3452 601 3652 669 ἔδωκα,

2070 693 2161 746 τὸν
2188 693 2466 763 Δεσπότην
2494 693 2593 762 τῆς
2640 687 2942 759 βασιλείας,
2973 685 3042 751 ὅς
3084 701 3151 751 γε
3176 685 3284 740 τοῦ
3325 685 3479 741 ἰδίου
3518 688 3658 741 Υίοῦ

2068 778 2180 830 οὐκ
2214 777 2525 845 ἐφείσατο,
2570 772 2708 827 ἀλλ’
2766 769 2919 838 ὑπὲρ
2974 767 3148 838 ἡμῶν
3230 768 3471 823 πάντων
3516 782 3659 839 παρ-

2071 863 2295 918 έδωκεν
2323 848 2529 917 αὗτόνο
2561 859 2687 926 πῶς
2709 859 2844 928 οὐχί
2880 856 2977 911 καί
3000 856 3128 910 σὺν
3156 857 3317 921 αὐτῷ
3356 856 3429 910 τὰ
3458 858 3657 910 πάντα

2074 945 2220 1014 ἡμῖν
2248 945 2588 1015 χωρίσει-αα
2630 941 2951 994 Ἀνάστασιν
2990 937 3149 1002 δίδως
3179 939 3477 1008 σωμάτων;
3522 940 3650 995 Ναί.

2075 1026 2149 1079 Τὸ
2187 1027 2370 1098 μεῖζόν
2420 1044 2503 1079 σοι
2531 1025 2727 1079 ἔδωκα.
2772 1025 2963 1086 Ποῖον;
3024 1022 3432 1091 Ἀπαλλαγῆναι
3468 1024 3653 1094 ἀμαρ-

2073 1109 2214 1174 τίας.
2248 1109 2373 1170 Πῶς
2400 1109 2462 1162 16
2511 1107 2728 1179 μεῖζονς
2766 1107 2886 1159 ’Ότι
2930 1106 3020 1158 τὸν
3063 1105 3290 1160 θάνατον
3340 1107 3372 1175 ἡ
3409 1105 3655 1175 ἁμαρτία

2075 1193 2280 1246 ἔτεκεν.
2314 1193 2426 1263 Τὴν
2457 1192 2669 1263 μητέρα
2701 1191 2931 1259 ἐσφαξα,
2961 1189 3056 1244 καὶ
3084 1189 3175 1241 τὸν
3202 1188 3314 1240 υἱὸν
3342 1189 3402 1240 ού
3438 1189 3649 1257 σφάξως

2075 1277 2174 1349 τὴν
2211 1277 2371 1346 ῥίζαν
2417 1276 2677 1346 ἐξὴρανα,
2727 1275 2821 1327 καί
2865 1274 2955 1326 τὸν
3006 1272 3216 1342 καρπὸν
3262 1273 3360 1324 οὐκ
3407 1272 3653 1340 ἀναερῶ,

2079 1360 2416 1425 Ἄκουσον,
2471 1361 2749 1427 θύγατερ,
2800 1357 2898 1409 καί
2951 1356 3060 1409 ἴδε.
3118 1355 3182 1407 Τί
3225 1355 3351 1418 ίδω;
3408 1355 3655 1425 Νεκροὺς

2077 1442 2476 1513 ἐγειρομένους,
2506 1441 2739 1512 λεπροὺς
2767 1436 3197 1510 καθαιρομένους
3215 1478 3228 1501 ,
3265 1437 3656 1508 χαλινουμένην

2080 1525 2377 1590 θάλασσαν,
2446 1523 2818 1596 παραλυτικὸν
2875 1521 3270 1592 σφιγγόμενον,
3329 1521 3657 1591 παράδεισον

2077 1609 2446 1681 ἀνοιγόμενον,
2483 1609 2677 1679 ἄρτους
2721 1607 3097 1677 πηγάζοντας,
3130 1605 3504 1676 ἁμαρτήματα
3536 1604 3656 1658 λυό-

2080 1709 2238 1763 μενα,
2287 1691 2463 1762 χωλὸν
2498 1690 2776 1762 πηδῶντα,
2811 1690 3015 1761 λῃστὴν
3057 1688 3383 1760 παραδείσου
3435 1688 3658 1759 πολίτην

2076 1775 2387 1846 γενόμενον,
2416 1772 2653 1846 τελώνην
2683 1771 3078 1842 εὑαγγελιστὴν
3098 1773 3412 1841 γενόμενον,
3454 1770 3659 1843 παρθέ-

2075 1876 2166 1913 νου
2214 1858 2547 1928 σεμνοτέραν
2606 1857 2706 1927 τὴν
2756 1857 2982 1927 πόρνην.
3020 1856 3345 1918 Ἄκουσον,
3391 1854 3491 1907 καὶ
3532 1854 3651 1908 ίὸε⁶

2076 1942 2305 1997 ἄκουσον
2320 1943 2524 2001 ἐκεῖνα,
2550 1940 2644 1994 καὶ
2667 1939 2830 2010 βλέπε
2848 1939 3041 1993 ταῦτα.
3081 1938 3216 1992 Ἀπὸ
3241 1935 3349 1989 τῶν
3372 1936 3658 2007 παρόντων

2076 2026 2208 2080 λάϐε
2227 2026 2500 2092 ἀπόδειξιν
2524 2043 2537 2056 ⁸
2561 2025 2653 2078 καὶ
2674 2024 2805 2095 περί
2829 2022 3051 2077 ἐκείνων
3073 2021 3251 2075 ἔδωκά
3280 2037 3362 2073 σοι
3388 2020 3620 2090 ἐνέχυρα
3640 2023 3654 2035 ⁸

2076 2109 2251 2164 ταῦτα
2282 2109 2506 2163 ἐκείνων
2535 2107 2766 2180 ἀμείνω.
2802 2106 2913 2159 Καὶ
2946 2106 2998 2158 τί
3026 2104 3198 2167 θέλεις
3226 2103 3439 2171 λέγειν;
3471 2102 3658 2155 Ταῦτα

2076 2193 2204 2262 ἐμά.
2244 2195 2561 2258 Ἄκουσον,
2604 2190 2875 2260 θύγατερ,
2905 2188 3004 2242 καὶ
3038 2189 3149 2241 ἴδε.
3182 2186 3369 2240 Ταῦτα
3398 2187 3430 2255 ἡ
3474 2185 3654 2257 προῖξ.

2077 2272 2143 2325 Τί
2171 2270 2415 2343 εἰσφέρει
2458 2272 2492 2341 ή
2533 2268 2718 2339 νύμφη
2748 2284 2763 2334 ;
2798 2268 3046 2337 Ἷδωμεν.
3113 2266 3221 2319 Καὶ
3268 2267 3331 2318 σὺ
3374 2264 3653 2332 εἰσένεγκε

2075 2359 2128 2412 τί
2173 2375 2323 2425 ποτε,
2364 2357 2453 2412 ἴνα
2494 2357 2568 2428 μὴ
2595 2352 2662 2431 ᾖς
2693 2355 2990 2426 ἄπροικος;
3042 2351 3185 2421 Ἐγὼ
3224 2352 3277 2405 τί
3307 2351 3435 2422 ἔχω,
3472 2353 3656 2422 φησὶν,

2077 2444 2407 2510 εἰσενεγκεῖν
2431 2440 2537 2494 ἀπὸ
2569 2438 2788 2509 βωμῶν,
2809 2438 2917 2490 ἀπὸ
2954 2437 3201 2508 κνίσσης,
3223 2436 3331 2490 ἀπὸ
3355 2435 3658 2505 δαιμόνωνς

2075 2526 2129 2579 τί
2146 2526 2254 2597 ἔχω
2275 2527 2630 2592 εἰσενεγκεῖνς
2655 2523 2718 2575 TI.
2738 2521 2997 2593 ;Γνώμην
3017 2522 3108 2574 καὶ
3126 2520 3655 2584 πίστιν.Ἀκουσον,

2076 2611 2349 2681 θύγατερ,
2370 2609 2465 2661 κιιί
2499 2607 2607 2661 ἴδε.
2647 2608 2755 2660 Καὶ
2783 2606 2836 2658 τί
2865 2606 3036 2669 θέλεις
3066 2604 3306 2674 ﬁatﬁat»;
3339 2601 3660 2656 Ἐπιλάθον

2075 2693 2183 2748 τοῦ
2207 2691 2360 2747 λαοῦ
2386 2708 2522 2746 σου.
2550 2691 2708 2744 Ποίου
2738 2689 2868 2743 λαοῦ
2890 2707 2905 2755 ;
2928 2688 3048 2741 Τῶν
3075 2688 3363 2758 δαιμόνων,
3388 2686 3494 2739 τῶν
3517 2684 3661 2738 εἰδώ·

2076 2774 2301 2840 λων,τοῦ
2319 2775 2546 2837 καπνοῦ,
2559 2773 2658 2844 τῆς
2676 2773 2920 2844 κνίσσης,
2937 2772 3029 2825 τοῦ
3048 2772 3297 2842 αἵματος.
3312 2770 3419 2824 Καὶ
3439 2769 3547 2833 ἴδε,
3563 2768 3662 2821 καὶ

2077 2859 2367 2914 ἐπιλάθου
2389 2859 2494 2914 τοῦ
2515 2860 2671 2914 λαοῦ
2700 2873 2839 2922 σου,
2871 2857 2966 2909 καὶ
2997 2856 3091 2908 τοῦ
3122 2854 3270 2907 οἴκου
3301 2853 3508 2923 πατρός
3538 2868 3657 2905 σου.

2082 2948 2255 3016 ’Ἄφες
2275 2946 2367 3000 16v
2393 2943 2626 3017 πατέρα,
2656 2945 2751 2998 καὶ
2776 2943 2935 3014 δεῦρο
2959 2941 3095 3012 πρός
3125 2957 3214 3010 με.
3264 2938 3404 3007 Ἐγὼ
3433 2939 3522 2991 τὸν
3552 2939 3662 2989 Πα-

2080 3035 2214 3106 τέρα
2245 3034 2464 3105 ἀφῆκα,
2495 3034 2592 3088 καὶ
2636 3028 2801 3104 ἦλθον
2831 3030 2971 3102 πρὸς
3000 3030 3060 3082 σὲ
3079 3068 3096 3091 ,
3134 3027 3226 3080 καὶ
3268 3028 3331 3079 σὺ
3365 3026 3464 3079 οὐκ
3494 3023 3663 3095 ἀφίης

2080 3122 2172 3175 τὸν
2214 3122 2307 3175 σὸν
2339 3121 2591 3195 πατέρα;
2624 3116 2787 3170 Ἀλλά
2805 3116 2884 3182 16,
2913 3115 3126 3187 ἀφῆκα,
3147 3111 3239 3167 ἐπὶ
3265 3109 3358 3165 τοῦ
3395 3110 3547 3175 Υίοῢ,
3584 3111 3661 3182 μὴ

2083 3209 2468 3279 ἐγκατάλειψιν
2485 3206 2695 3280 νόμιζε.
2716 3205 3086 3276 Συγκατέϐην,
3108 3199 3461 3275 ᾠκονόμηκα,
3485 3199 3661 3268 σάρκα

2085 3299 2364 3354 ἀνέλαϐον.
2402 3298 2572 3352 Τοῦτο
2600 3295 2858 3369 νυμφίου,
2888 3294 3046 3349 τοῦτο
3088 3292 3328 3363 νύμφης,
3363 3290 3450 3343 ἵνα
3483 3302 3657 3341 κατα-

2083 3387 2243 3460 λείψῃ
2265 3388 2389 3451 τοὺς
2408 3385 2620 3455 γονέας,
2648 3384 2740 3437 καὶ
2760 3383 3005 3455 ἀλλήλοις
3030 3376 3422 3450 ἀρμοσὼμεθα.
3458 3375 3659 3427 Ἀκου-

2085 3493 2221 3540 σον,
2240 3475 2509 3545 θύγατερ,
2540 3471 2639 3527 καί
2657 3471 2766 3537 ἴδε,
2784 3470 2880 3524 καὶ
2904 3466 3191 3522 ἐπιλάθου
3217 3463 3323 3519 τοῦ
3343 3462 3496 3517 λαοῦ
3519 3476 3661 3545 σου,

2086 3561 2185 3615 καί
2213 3560 2321 3614 τοῦ
2347 3558 2517 3613 οἴκου
2565 3555 2673 3610 τοῦ
2705 3554 2928 3623 πατρός
2964 3567 3102 3606 σου.
3131 3552 3240 3604 Καὶ
3266 3549 3319 3602 τί
3356 3564 3445 3618 μοι
3484 3544 3662 3606 δίδως,

2087 3648 2184 3703 ἐὰν
2212 3646 2362 3719 [405]
2398 3645 2740 3713 ἐπιλάθωμαι
2766 3659 2780 3706 ;
2808 3640 2913 3695 Kal
2938 3637 3291 3719 ἐπιθυμήσει
3315 3641 3347 3689 ὀ
3363 3631 3666 3719 βασιτίεὺς

2087 3713 2512 3789 τοῦάάλλους
2557 3739 2693 3777 σου.
2743 3723 2927 3792 Ἔχεις
2959 3721 3197 3790 ἐραστὴν
3242 3715 3331 3768 16v
3363 3713 3662 3780 Δεσπότην.

2093 3816 2190 3868 Ἂν
2220 3816 2424 3866 ἐκεῖνον
2444 3811 2678 3881 ἐραστὴν
2707 3808 2861 3881 ἔχῃς,
2893 3807 2958 3860 τὰ
2989 3807 3199 3859 ἐκείνου
3217 3803 3312 3857 καὶ
3338 3802 3500 3871 ἔχεις·
3524 3799 3619 3852 ἐὰν
3639 3799 3666 3837 ιι

2088 3896 2351 3968 δυνηθῆτε
2400 3895 2631 3948 συνιδεῖν
2663 3892 2725 3946 τὸ
2774 3892 3102 3961 λεγόμενον·
3150 3885 3352 3939 λεπτὸν
3390 3884 3498 3953 γάρ
3549 3884 3667 3968 ἐστι

2089 3981 2151 4032 16
2179 3964 2393 4050 νόημα,
2430 3980 2524 4032 καὶ
2574 3975 2836 4048 βούλομαι
2874 3971 3194 4047 ἀπορράψαι
3245 3968 3516 4022 Ἰουδαίων
3568 3964 3667 4033 τὴν

2089 4063 2357 4134 γλῶτταν.

2172 4145 2333 4200 Ἀλλά
2386 4142 2696 4197 συντείνατέ
2738 4159 2830 4213 μοι
2876 4139 2972 4211 τὴν
3015 4138 3287 4193 διάνοιαψ
3347 4133 3410 4187 ἄν
3451 4150 3511 4186 τε
3560 4130 3670 4201 γὰρ

2090 4231 2262 4303 ἀκούῃ
2279 4248 2381 4296 τις,
2406 4231 2471 4285 ἀν
2487 4246 2544 4282 τε
2566 4228 2638 4300 μὴ
2660 4226 2854 4300 ἀκούῃ,
2870 4223 2979 4294 ἐγὼ
2995 4226 3242 4279 σκάπτω,
3268 4219 3378 4289 ἐγὼ
3405 4217 3666 4303 ἁροτριῶζ

2095 4299 2416 4377 Ἄκουσον,
2455 4299 2724 4382 θύγατερ,
2766 4299 2866 4364 καί
2920 4310 3029 4374 ἴδε,
3082 4306 3179 4361 καὶ
3225 4303 3513 4359 ἐπιλάθου
3562 4299 3669 4355 τοῦ

2089 4398 2244 4454 λαοῦ
2275 4413 2391 4452 σου
2417 4437 2433 4461 ,
2480 4396 2579 4450 καί
2612 4396 2718 4451 τοῦ
2762 4395 2934 4449 οἴκου
2969 4393 3077 4448 τοῦ
3120 4389 3345 4459 πατρός
3377 4404 3527 4449 σου,
3567 4382 3673 4437 καί

2090 4481 2447 4552 ἐπιθυμήσει
2475 4484 2507 4535 ὀ
2538 4478 2841 4544 ,βασιλεὺς
2864 4477 2970 4531 τοῦ
2998 4475 3270 4539 κάλλους
3297 4488 3433 4526 σου.
3461 4467 3672 4530 Κάλλος

2092 4564 2328 4619 ἐνταῦθα
2356 4564 2417 4617 16
2450 4562 2709 4634 αἰσθητὸν
2753 4563 2901 4631 λέγει
2930 4562 2958 4613 6
3003 4559 3276 4620 Ἰουδαῖος,
3303 4555 3424 4625 οὐχ).
3454 4553 3515 4606 16
3538 4569 3669 4623 νοη-

2092 4649 2206 4713 τὸν,
2241 4647 2377 4701 ἀλλὰ
2412 4646 2472 4700 16
2501 4645 2831 4716 σωματικόν.

2166 4732 2249 4797 ιζ’.
2293 4730 2556 4803 Πρόσχες,
2591 4728 2850 4801 μάθωμεν
2876 4725 2926 4778 τί
2964 4726 3079 4778 ἐστι
3107 4720 3417 4793 σωματικὸν
3456 4719 3672 4783 κάλλος,

2093 4816 2188 4870 καὶ
2214 4814 2266 4868 τί
2294 4817 2409 4867 ἐστι
2439 4814 2644 4885 νοητόν.
2668 4813 2822 4864 Ἔστι
2841 4808 3008 4880 ψυχὴ,
3031 4808 3147 4861 ἐστι
3174 4807 3353 4878 σῶμα,
3383 4806 3476 4858 δύο
3497 4804 3675 4858 οὐσίαι

2094 4900 2264 4957 εἰσίν·
2296 4898 2412 4953 ἐστι
2455 4897 2650 4961 κάλλος
2682 4894 2952 4965 σώματος,
2989 4893 3083 4946 καὶ
3109 4891 3227 4945 ἐστι
3256 4888 3448 4951 κάλλος
3469 4886 3671 4958 ψυχῆς.

2095 4984 2160 5037 Τί
2183 4987 2298 5036 ἐστι
2326 4981 2522 5045 κάλλος
2544 4979 2815 5050 σώματος
2852 4978 3054 5048 Ὀφρὺς
3081 4975 3438 5045 ἐκτεταμένη,
3469 4973 3673 5042 ὀφθαλ-

2100 5069 2199 5139 μὸς
2234 5064 2475 5136 μειδιῶν,
2511 5062 2714 5135 παρειά
2745 5060 3200 5132 ἐρυθραινομένη,
3235 5058 3390 5130 χείλη
3441 5054 3673 5124 φοινικί-

2095 5151 2279 5217 ζοντα,
2329 5148 2599 5222 τράχηλος
2649 5146 2989 5218 ἀνεστηκὼς,
3039 5147 3182 5216 κόμη
3233 5141 3631 5214 κραδαινομένη
3657 5178 3674 5202 ,

2093 5232 2347 5289 δάκτυλοι
2388 5233 2690 5304 εὐμήκεις,
2755 5231 2940 5303 ἡλικία
2988 5231 3356 5301 ἀνεστηκυῖα,
3411 5224 3676 5292 λευκότης

2096 5324 2428 5380 ἐπανθοῦσα.
2461 5323 2633 5377 Τοῦτο
2659 5323 2721 5376 16
2752 5322 2947 5385 κάλλος
2989 5320 3053 5374 16
3086 5317 3399 5390 σωματικὸν
3439 5315 3547 5369 ἀπὸ
3576 5313 3678 5382 φύ-

2100 5431 2237 5476 σεως
2260 5412 2489 5480 γίνεται,
2519 5410 2551 5481 ἢ
2590 5410 2699 5464 ἀπὸ
2728 5407 3130 5480 προαιρέσεως;
3178 5405 3559 5477 Ὦμολόγηται,
3593 5402 3678 5455 ὅτι

2097 5501 2208 5555 ἀπὸ
2229 5500 2465 5570 φύσεως.
2498 5500 2739 5570 Πρόσεχε
2767 5498 2854 5552 ἵνα
2878 5497 3057 5569 μάθῃς
3082 5494 3387 5565 φιλοσόφων
3404 5492 3674 5562 νοήματα.

2100 5590 2270 5644 Τοῦτο
2296 5589 2356 5643 16
2386 5588 2577 5653 κάλλος
2597 5628 2612 5653 ,
2635 5588 2695 5641 16
2721 5588 2822 5658 τῆς
2850 5586 3044 5656 ὅψεως,
3074 5584 3136 5637 16
3165 5582 3258 5638 τοῦ
3283 5579 3587 5652 ὀφθαλμοῦ,
3615 5579 3677 5633 16

2096 5675 2198 5745 τῆς
2226 5674 2421 5746 κόμης,
2461 5673 2523 5727 16
2549 5672 2644 5727 τού
2686 5671 2961 5743 μετώπου,
2995 5667 3210 5739 φύσεως
3242 5667 3471 5737 γίνεται,
3497 5665 3531 5736 ἢ
3562 5666 3672 5719 ἀπὸ

2159 5808 2188 5849 b
2209 5808 2359 5858 Savil.
2386 5809 2446 5857 τὰ
2491 5809 2670 5860 ἐκείνου
2714 5807 2960 5866 κέκτησαι.
2988 5804 3119 5853 Λάϐε
3139 5802 3199 5851 τὰ
3223 5802 3425 5863 ἐκείνου,
3455 5800 3531 5851 καὶ
3559 5798 3681 5863 ἔχεις
3768 5796 3769 5799 “

2101 5871 2294 5934 ἐκεῖνον,
2322 5871 2420 5920 ἐάν.
