4036 6382
345 368 446 424 ιίδ

351 488 433 540 vel
460 498 491 538 a
521 482 805 537 voluntate
855 480 1100 539 efficitur.
1149 480 1327 535 Palam
1371 491 1455 537 est
1493 498 1524 537 a
1561 492 1748 537 natura
1782 483 1946 540 efﬁci.

316 641 320 645 η
347 577 476 633 Nam
496 574 762 631 deformis
779 576 991 631 etiamsn
1015 575 1306 629 innumeris
1323 584 1503 630 utatur
1520 576 1779 642 artiﬁciis,
1806 576 1949 648 quod

347 669 414 724 ad
439 683 639 738 corpus
663 668 889 733 attinet,
919 666 1150 721 formosa
1185 665 1325 720 efﬁci
1353 666 1537 737 nequit
1561 682 1575 719 :
1604 666 1799 723 etenim
1829 682 1948 738 quae

348 772 471 817 eunt
493 778 523 817 a
550 770 744 817 natura
764 803 781 828 ,
814 761 1033 816 immota
1057 769 1293 825 manent,
1318 759 1537 814 deﬁnita
1567 761 1827 827 terminis,
1856 761 1946 831 qui

351 853 612 923 prteteriri
652 861 946 923 nequeunt.
992 851 1122 921 Quae
1146 851 1307 923 igitur
1332 850 1552 922 pulchra
1581 860 1663 906 est
1687 893 1702 917 ,
1733 866 1948 922 semper

347 954 431 1000 est
455 943 704 1015 pulchra,
733 944 838 1000 etsi
865 943 1010 998 nullo
1032 951 1214 997 utatur
1239 942 1466 997 artiﬁcio
1491 960 1505 1009 ;
1533 942 1791 999 deformis
1816 959 1947 1000 vero

347 1053 408 1092 se
438 1036 729 1091 formosam
760 1035 937 1091 facere
966 1034 1188 1106 nequit,
1233 1048 1335 1090 nec
1364 1033 1598 1090 formosa
1625 1034 1948 1093 deformem.

346 1129 529 1197 Quare
549 1128 574 1180 ἲ
595 1128 727 1194 Quia
760 1134 965 1181 natura:
992 1135 1117 1181 sunt
1142 1125 1277 1183 lucc.
1307 1124 1571 1181 Vidistine
1600 1141 1728 1196 ergo
1754 1141 1948 1195 corpo-

349 1235 499 1275 ream
527 1216 1017 1291 pulchritudinem?
1052 1217 1251 1273 Eamus
1283 1218 1428 1273 intus
1454 1217 1519 1273 ad
1547 1218 1784 1274 animam
1809 1236 1822 1272 :
1851 1235 1948 1277 an-

346 1313 468 1366 cilla
514 1310 783 1366 dominam
831 1308 1009 1364 adeat.
1064 1308 1147 1364 Ad
1195 1310 1428 1364 animam
1471 1304 1771 1365 ducamus:
1812 1310 1950 1367 Vide

350 1403 796 1477 pulchritudinem
829 1402 975 1458 illam
1000 1443 1016 1469 ,
1064 1402 1173 1458 imo
1214 1403 1394 1473 potius
1434 1401 1587 1468 audi;
1638 1418 1746 1458 non
1794 1411 1948 1475 potes

348 1501 496 1557 enim
522 1499 668 1553 illam
694 1496 877 1553 videre
904 1514 918 1550 :
949 1496 1233 1551 invisibilis
1258 1496 1456 1567 quippe
1479 1503 1582 1552 est.
1635 1496 1769 1550 Audi
1798 1496 1945 1551 illam

348 1589 824 1662 pulchritudinem.
867 1587 1003 1656 Quid
1042 1588 1203 1658 igitur
1226 1595 1310 1642 est
1336 1587 1530 1643 animze
1557 1585 1947 1657 pulchritudo?

348 1682 744 1752 Temperantia,
774 1680 1064 1743 modestia,
1092 1679 1454 1752 eleemosyna,
1477 1679 1694 1748 caritas,
1723 1678 1945 1734 fratrum

348 1790 545 1843 amor,
597 1772 925 1843 benignitas,
976 1771 1324 1842 obsequentia
1369 1772 1476 1825 Deo
1501 1771 1770 1842 praestita,
1809 1770 1946 1841 legis

348 1865 656 1923 observatio
675 1906 692 1933 ,
716 1863 946 1935 justitia,
973 1864 1226 1920 contritio
1249 1863 1433 1919 animi.
1466 1864 1595 1920 lla'c
1614 1864 1806 1921 anima:
1828 1865 1944 1937 pul-

348 1956 619 2014 chritudo.
652 1957 777 2012 llaec
798 1957 978 2028 itaque
1002 1964 1206 2011 naturae
1234 1971 1340 2011 non
1369 1963 1515 2024 sunt,
1541 1956 1636 2011 sed
1663 1957 1943 2027 prepositi.

349 2051 427 2106 Ea
455 2052 543 2121 qui
577 2065 681 2104 non
712 2049 912 2114 habet,
939 2047 1162 2119 adipisci
1198 2058 1412 2118 potest:
1438 2049 1528 2120 qui
1560 2048 1754 2116 habet,
1785 2048 1830 2102 si
1858 2064 1949 2107 su-

350 2146 481 2216 pine
506 2161 564 2200 se
589 2152 767 2216 gerat,
810 2144 990 2214 utique
1017 2143 1210 2212 perdit.
1251 2142 1319 2199 Ut
1347 2142 1492 2199 enim
1518 2140 1585 2198 de
1611 2155 1839 2211 corpore
1867 2140 1948 2196 di-

347 2241 538 2296 cebam
566 2281 582 2304 ,
616 2236 913 2294 deformem
940 2253 1047 2292 non
1088 2252 1245 2307 posse
1277 2236 1568 2293 formosam
1604 2235 1720 2293 ﬁeri
1746 2253 1759 2290 :
1789 2235 1866 2293 sic
1894 2245 1949 2294 et

348 2332 421 2389 de
445 2332 624 2387 anima
650 2331 981 2387 contrarium
1010 2330 1169 2399 dico,
1217 2327 1513 2385 deformem
1558 2327 1791 2386 animam
1830 2327 1951 2397 for-

352 2440 560 2481 mosam
582 2424 697 2482 fieri
717 2439 894 2496 posse.
927 2422 1060 2491 Quid
1085 2422 1227 2479 enim
1256 2422 1433 2476 anima
1452 2421 1603 2477 Pauli
1632 2420 1945 2486 deformius,

350 2517 567 2587 quando
593 2517 938 2589 blasphemus
963 2528 1018 2573 et
1043 2514 1466 2573 contumeliosus
1489 2514 1643 2572 erat?
1668 2514 1793 2589 quid
1820 2530 1950 2570 vero

352 2609 641 2666 formosius
669 2610 779 2685 illa,
807 2623 928 2664 cum
955 2609 1158 2665 diceret
1188 2626 1202 2664 :
1229 2607 1430 2663 Bonum
1459 2617 1710 2663 certamen
1735 2607 1946 2673 certavi,

352 2719 556 2757 cursum
575 2701 939 2769 consummavi,
967 2701 1121 2770 [idem
1140 2701 1334 2756 servavi
1355 2698 1432 2772 (‘2.
1455 2697 1585 2753 Tim.
1613 2699 1668 2759 4.
1696 2696 1792 2770 7)?
1812 2698 1948 2767 Quid

352 2793 647 2851 deformius
681 2794 861 2850 anima
898 2793 1158 2849 latronis?
1202 2792 1330 2864 quid
1360 2799 1547 2851 contra
1570 2790 1856 2849 formosius
1884 2805 1948 2846 ea

351 2903 477 2945 cum
497 2887 727 2955 audivit,
756 2886 915 2944 Amen
939 2927 954 2952 ,
976 2886 1090 2942 dico
1116 2886 1225 2954 tibi,
1256 2885 1407 2940 hodie
1423 2899 1618 2939 mecum
1647 2883 1747 2941 eris
1773 2883 1824 2941 in
1855 2899 1948 2953 pa-

354 2982 527 3037 radiso
569 2984 594 3053 (
615 2979 744 3036 Luc.
782 2980 876 3037 ‘25.
921 2980 1060 3051 45)?
1108 2977 1589 3049 Quid‘deformius
1640 2977 1945 3049 publicano,

356 3073 568 3146 quando
593 3072 872 3143 rapiebat?
927 3071 1052 3142 quid
1082 3087 1214 3125 vero
1249 3069 1533 3124 formosius
1557 3068 1649 3123 illo
1672 3109 1689 3134 ,
1733 3066 1951 3139 quando

356 3165 624 3238 propriam
649 3163 818 3220 edidit
836 3163 1153 3218 sententiam
1176 3162 1200 3217 ?
1226 3160 1389 3217 Vides
1416 3169 1469 3217 te
1497 3158 1723 3215 formam
1753 3173 1949 3229 corpo-

357 3262 432 3318 ris
456 3273 563 3315 non
608 3271 771 3329 posse
819 3265 1026 3311 mutare
1059 3272 1072 3308 :
1106 3269 1213 3310 non
1262 3253 1405 3310 enim
1451 3252 1504 3308 id
1530 3251 1820 3307 voluntatis
1843 3258 1949 3318 est,

356 3351 451 3408 sed
490 3359 716 3406 naturse.
764 3347 972 3405 Animze
1000 3362 1130 3405 vero
1173 3346 1339 3401 decor
1366 3361 1431 3401 ex
1482 3344 1757 3415 proposito
1795 3342 1950 3397 nobis

356 3452 714 3514 comparatur.
744 3442 1042 3513 Accepistis
1070 3439 1431 3497 deﬁnitiones.
1459 3438 1604 3507 Quas
1630 3436 1801 3494 vero?
1827 3435 1951 3492 Pul-

354 3536 712 3613 chritudincm
747 3536 942 3591 anima:
966 3549 1034 3591 ex
1073 3533 1419 3605 obsequentia
1460 3543 1588 3603 erga
1628 3529 1793 3584 Deum
1826 3541 1951 3599 pro-

1246 364 1385 423 CUM
1425 365 1859 426 S.\TURNlNliS
1889 369 1979 426 ΕΤ
2014 370 2474 435 AURELIANUS.
2519 375 2672 434 ETC.

3542 398 3648 456 414

2058 485 2241 542 ficisci.
2269 488 2323 545 Si
2355 490 2498 546 enim
2526 491 2784 548 deformis
2815 496 2988 550 anima
3030 497 3138 554 Deo
3168 500 3659 575 obtemperaverit,

2054 578 2450 637 deformitatem
2474 584 2642 653 ponit,
2662 595 2715 640 et
2748 585 2975 644 formosa
2994 591 3244 651 efﬁcitur.
3268 593 3443 657 Saule.
3464 596 3648 666 Saule,

2053 671 2180 741 quid
2202 688 2280 725 me
2308 676 2620 744 persequeris
2644 677 2669 730 ?
2719 675 2822 732 Ille
2846 695 2960 733 vero
2987 721 3003 745 ,
3044 680 3111 735 Et
3136 685 3247 754 quis
3274 702 3324 741 cs
3347 728 3362 749 ,
3390 686 3606 746 Domine

2054 764 2168 835 Ego
2209 783 2325 822 sum
2365 767 2519 822 Iesus
2545 769 2683 839 (Act.
2712 771 2765 826 9.
2799 772 2853 826 4.
2905 774 2984 842 5).
3033 774 3098 828 Et
3130 776 3402 843 obedivit,
3432 791 3484 836 et
3515 784 3647 838 obe-

2053 857 2254 914 dientia
2279 859 2573 917 deformem
2601 863 2834 919 animam
2863 864 3155 923 formosam
3182 869 3378 927 effecit.
3411 872 3588 928 Rursn

2071 948 2364 1022 publicano
2392 950 2525 1006 dicit
2558 970 2573 1007 :
2614 951 2761 1018 Veni,
2792 970 3001 1024 sequere
3029 972 3110 1011 me
3143 956 3351 1026 (Matth.
3378 956 3433 1017 9.
3466 958 3542 1027 9).
3583 958 3650 1011 Et

2067 1040 2309 1095 surrexit
2338 1040 2681 1110 publicanus,
2719 1044 3008 1115 factusque
3034 1054 3116 1102 est
3156 1047 3439 1115 apostolus
3485 1066 3499 1104 :
3550 1047 3647 1100 de-

2067 1125 2264 1183 formis
2280 1129 2462 1185 anima
2487 1128 2726 1189 formosa
2748 1132 2937 1189 effecta
2955 1143 3056 1193 est.
3079 1134 3396 1192 Undenam?
3425 1135 3499 1192 Ex
3525 1138 3647 1193 obe-

2065 1218 2290 1275 dientia.
2314 1218 2554 1283 Rursum
2581 1225 2951 1294 piscatoribus
2980 1227 3113 1283 dicit
3138 1245 3152 1287 :
3187 1229 3367 1285 Venite
3397 1240 3514 1299 post
3539 1248 3641 1294 me,

2063 1318 2114 1367 et
2137 1310 2333 1381 faciam
2357 1330 2445 1369 vos
2460 1316 2579 1385 ﬁeri
2600 1318 2891 1387 piscatores
2910 1319 3178 1376 hominum
3208 1320 3426 1392 (Matth.
3451 1323 3506 1381 4.
3536 1324 3642 1393 l9),

2063 1418 2241 1475 exque
2287 1406 2597 1464 obedientia
2627 1412 2870 1481 ipsorum
2904 1428 3058 1473 mens
3089 1413 3327 1472 formosa
3360 1416 3501 1474 farta
3537 1427 3641 1475 est.

2062 1493 2163 1552 Hic
2181 1498 2462 1555 videamus
2478 1516 2641 1572 quam
2661 1503 2805 1561 dicat
2824 1504 3304 1579 pulchritudinem.
3325 1509 3485 1573 Audi,
3504 1508 3642 1573 ﬁlia.

2053 1600 2100 1643 et
2128 1591 2240 1646 vide
2260 1633 2275 1658 ,
2306 1601 2352 1646 et
2379 1593 2669 1648 obliviscere
2689 1595 2936 1665 populum
2962 1604 3101 1649 tuum
3121 1637 3136 1661 ,
3168 1604 3216 1653 et
3249 1595 3456 1651 domum
3491 1598 3649 1667 patris

2055 1682 2163 1748 tui,
2212 1693 2258 1737 et
2283 1684 2599 1753 concupiscet
2628 1700 2719 1739 rea:
2744 1684 2972 1740 decorem
2997 1695 3157 1740 tuum.
3201 1686 3371 1754 Quem
3400 1687 3647 1743 decorem

2053 1772 2432 1843 Concupiscet?
2470 1774 2666 1845 Utique
2702 1780 2914 1832 animae.
2951 1776 3269 1833 Undenam?
3315 1780 3446 1848 Quia
3486 1781 3648 1835 oblita

2052 1871 2154 1919 est.
2190 1864 2357 1930 Dicit,
2399 1864 2534 1919 Audi
2560 1866 2719 1937 igitur
2742 1908 2757 1933 ,
2791 1877 2837 1921 et
2862 1866 3168 1923 obliviscere.
3209 1868 3334 1924 Hrc
3361 1870 3651 1925 voluntatis

2055 1966 2196 2013 sunt.
2225 1957 2381 2023 Audi,
2410 1960 2501 2014 ait.
2527 1959 2790 2017 Deformis
2810 1961 2977 2025 audit,
3001 1970 3055 2016 et
3078 1961 3386 2016 deformitas
3405 1964 3649 2033 corporis

2055 2065 2160 2104 non
2192 2050 2433 2106 solvitur.
2471 2051 2564 2105 Dic
2594 2052 2877 2122 peccatriei
2902 2052 3116 2119 animm,
3147 2053 3282 2108 Audi
3314 2074 3328 2111 :
3361 2062 3415 2110 et
3443 2055 3487 2109 si
3512 2054 3645 2110 obe-

2053 2142 2161 2201 diat
2185 2184 2201 2210 ,
2235 2143 2354 2203 vide
2379 2144 2520 2213 quali
2546 2143 2741 2199 decore
2769 2153 3011 2205 ornetur.
3040 2145 3173 2212 Quia
3199 2145 3359 2215 igitur
3386 2144 3612 2202 deformi
3631 2177 3644 2186 -

2056 2241 2137 2290 tas
2174 2248 2388 2307 sponsa:
2425 2249 2532 2288 non
2571 2243 2687 2291 erat
2729 2235 2987 2291 naturalis
3011 2278 3027 2304 ,
3080 2235 3173 2291 scd
3201 2236 3496 2292 voluntaria
3520 2236 3649 2311 (non

2054 2323 2197 2379 enim
2236 2324 2479 2381 audierat
2508 2325 2675 2381 Deum
2699 2368 2715 2396 ,
2744 2325 2839 2385 sed
2881 2329 3222 2399 prmvarieata
3247 2327 3442 2401 fuerat)
3470 2371 3485 2396 ,
3530 2329 3652 2387 ideo

2055 2414 2158 2470 alia
2188 2414 2332 2471 illam
2374 2416 2636 2472 medicina
2681 2417 2847 2475 ducit.
2904 2419 3167 2475 Deformis
3206 2419 3365 2490 igitur
3396 2420 3531 2475 facta
3568 2437 3649 2486 es,

2057 2524 2162 2564 non
2207 2524 2274 2565 ex
2311 2518 2534 2575 natura,
2576 2509 2671 2566 sed
2710 2526 2776 2565 ex
2814 2511 3087 2568 voluntate
3117 2528 3132 2565 :
3162 2520 3216 2567 et
3253 2527 3322 2568 ex
3348 2511 3650 2569 obedientia

2058 2601 2290 2656 formosa
2314 2600 2448 2658 facta
2471 2619 2548 2656 cs.
2570 2603 2724 2667 Audi,
2749 2603 2880 2671 ﬁlia,
2899 2614 2946 2658 et
2962 2603 3092 2669 vide,
3111 2613 3158 2659 et
3179 2604 3469 2659 obliriscere
3484 2622 3652 2675 popu-

2057 2691 2163 2747 lum
2193 2701 2366 2761 tuum,
2398 2702 2445 2748 et
2466 2692 2674 2747 domum
2699 2696 2858 2764 patris
2885 2695 2959 2748 tui
2982 2709 3001 2749 :
3027 2705 3075 2749 et
3098 2696 3417 2766 concupiscet
3448 2712 3540 2750 rea:
3563 2696 3650 2751 de-

2057 2800 2223 2839 corem
2243 2795 2405 2838 tuum.
2445 2785 2644 2840 Deinde
2672 2795 2730 2840 ut
2757 2785 2956 2853 discas,
2984 2802 3107 2842 eum
3137 2785 3224 2841 hic
3245 2787 3375 2843 nihil
3402 2788 3654 2844 sensibile

2057 2876 2260 2945 dicere,
2289 2890 2410 2931 cum
2435 2876 2591 2933 audis
2634 2876 3081 2948 pulchritudinem
3107 2921 3122 2945 ,
3168 2895 3236 2934 ne
3261 2880 3447 2936 oculos
3479 2891 3652 2951 putes,

2058 2986 2165 3025 non
2196 2984 2403 3034 nasum,
2429 2985 2533 3024 non
2562 2985 2642 3036 os,
2667 2986 2773 3025 non
2795 2970 2990 3025 collum
3015 2986 3030 3037 ;
3058 2970 3151 3026 sed
3169 2971 3443 3042 pietatem,
3465 2973 3647 3039 tidem,

2058 3065 2331 3119 caritatem
2357 3103 2373 3130 ,
2416 3077 2534 3132 qua:
2562 3061 2705 3118 intus
2731 3072 2855 3116 sunt
2881 3079 2894 3116 :
2923 3061 3101 3117 Omnis
3141 3063 3282 3117 enim
3327 3063 3493 3135 gloria
3531 3062 3655 3132 ﬁlia:

2057 3159 2191 3228 regis
2233 3156 2295 3210 ab
2336 3157 2471 3212 intus
2497 3154 2670 3227 (Psal.
2698 3156 2787 3211 44.
2818 3153 2930 3229 li).
2983 3156 3087 3210 Pro
3118 3155 3200 3210 his
3238 3171 3364 3211 vero
3404 3156 3654 3210 munibus

2060 3251 2256 3322 gratias
2282 3266 2502 3322 agamus
2531 3249 2642 3304 Deo
2670 3249 2859 3303 horum
2887 3248 3060 3303 datori
3084 3289 3099 3315 ,
3128 3248 3250 3319 quia
3282 3248 3452 3318 ipsum
3478 3248 3654 3302 solum

2059 3344 2219 3399 decet
2243 3343 2434 3415 gloria,
2467 3343 2658 3410 honor,
2690 3342 2975 3413 imperium
3003 3341 3055 3396 in
3087 3340 3280 3397 smcula
3303 3341 3654 3396 sazculorum.

2060 3439 2252 3493 Amen.

1482 3707 1947 3717 Μ.-

1482 3724 1947 3734 _._.__.___.—————-

2058 3694 3630 3734 Ἥ

380 3732 678 3750 σι----

954 4024 1033 4084 ῙΝ
1077 4022 1455 4084 HUMILIAM
1495 4020 1653 4082 CUM
1693 4016 2181 4079 SATURNINUS
2221 4016 2316 4076 ET
2361 4013 2874 4089 AURELIANUS,
2920 4030 3053 4074 ETc.

366 4279 596 4337 dominis
618 4294 683 4334 ea
714 4277 997 4333 calamitas
1029 4274 1415 4342 depelleretur;
1458 4271 1620 4341 idque
1658 4273 1877 4327 domum
1918 4283 1950 4322 a
1987 4267 2224 4321 barbaro
2261 4266 2630 4337 impetrasset,
2667 4273 2727 4321 ιιι
2766 4264 2900 4348 satis
2939 4262 3165 4319 haberet
3203 4263 3247 4319 si
3286 4262 3627 4318 Saturninus

364 4402 421 4449 et
465 4392 799 4448 Aurelianus
848 4389 904 4444 in
956 4389 1208 4445 exsilium
1251 4387 1612 4443 mitterentur.
1655 4384 1711 4441 Id
1753 4383 1952 4443 accidit
1984 4399 2130 4439 anno
2172 4382 2393 4438 circiter
2420 4383 2643 4439 ineunte
2682 4381 2809 4448 400,
2842 4390 2902 4438 ut
2935 4380 3185 4452 pluribus
3214 4380 3267 4441 in
3303 4380 3426 4437 Vita
3455 4378 3635 4449 Chry-

368 4513 598 4571 sostomi
630 4519 907 4567 narratur.
956 4507 1077 4575 Quo
1119 4515 1340 4577 peracto
1374 4504 1595 4577 negatio
1619 4505 1760 4559 hanc
1784 4503 2104 4559 concionem
2135 4502 2363 4569 habuit;
2400 4502 2494 4557 ubi
2527 4502 2594 4558 de
2628 4501 3239 4570 Constantinopolitano
3266 4498 3523 4561 tumultu,
3551 4494 3621 4549 de

370 4630 746 4688 vicissitudine
795 4629 1162 4684 humanarum
1202 4640 1386 4680 rerum
1410 4664 1426 4691 ,
1460 4623 1527 4681 de
1566 4621 1878 4678 divitiarum
1923 4620 2167 4676 vanitate
2215 4619 2493 4690 eleganter
2530 4634 2632 4690 pro
2678 4635 2832 4674 more
2869 4632 2973 4675 suo
3015 4616 3254 4672 disserit.
3292 4614 3638 4685 Paupertatis

374 4751 517 4810 bona
556 4749 910 4822 depraedicat,
948 4755 1134 4818 utpote
1169 4762 1292 4818 qua:
1329 4754 1535 4801 tantam
1572 4751 1793 4814 praestet
1829 4741 2200 4806 securitatem,
2239 4750 2507 4812 quantum
2547 4739 2749 4794 divitia:
2783 4736 3084 4808 periculum
3126 4736 3362 4806 pariunt.
3407 4734 3632 4793 Demnm

371 4871 622 4943 exemplo
653 4871 775 4927 Jobi
807 4870 876 4925 ad
908 4869 1245 4926 calamitates
1279 4868 1494 4923 fortiter
1522 4865 1776 4922 ferendas
1810 4865 2081 4928 hortatur,
2116 4871 2172 4917 et
2202 4861 2285 4917 sic
2314 4859 2640 4915 concionem
2673 4855 2897 4912 claudit.

444 4985 640 5045 Incerti
668 4987 1169 5058 interpretationem
1202 4984 1473 5052 Latinam,
1505 4981 1754 5057 plurimis
1790 4982 1843 5036 in
1878 4980 2012 5036 locis
2037 4978 2404 5042 emendatam,
2440 4992 2469 5032 e
2499 4975 2720 5047 regione
2748 4970 2920 5049 Graeci
2954 4979 3135 5026 textus
3165 4968 3471 5040 posuimus.

1148 5269 3610 5311 _____________________________________..._.__...

1752 5414 2268 5504 HOMILIA,

368 5584 500 5631 εωι
532 5580 930 5635 υτωιιιιιιιῖε
972 5580 1052 5623 ET
1093 5567 1492 5621 AURELIANUS
1533 5566 1679 5612 ACTI
1723 5566 1957 5611 ESSENT
2004 5566 2069 5611 IN
2102 5565 2440 5613 EXSILIUM,
2489 5563 2570 5605 ΕΤ
2612 5560 2838 5606 ϐΑΙΝΔδ
2897 5558 3203 5604 EGRESSUS
3254 5556 3437 5601 ESSET
3483 5557 3518 5599 Ε
3560 5555 3653 5601 Cl‘

1528 5668 1806 5724 vrra'rn;
1853 5667 1934 5712 ET
1961 5667 2044 5710 ne
2088 5667 2391 5712 avanma
2422 5647 2535 5728 (α).

2066 5772 2299 5843 spatium
2329 5772 2395 5828 ad
2422 5770 2700 5829 caritatem
2733 5778 2964 5824 vestram
3005 5779 3249 5821 reversus
3285 5780 3400 5825 sum
3431 5783 3443 5820 :
3474 5781 3655 5820 verum

2083 5867 2131 5925 id
2164 5884 2271 5926 non
2302 5866 2495 5925 accidit
2523 5865 2628 5923 ulla
2661 5865 2740 5921 vel
2785 5862 2949 5919 animi
2985 5857 3261 5926 socordia,
3302 5858 3386 5915 vel
3415 5858 3658 5929 corporis

438 5793 489 5850 ί.
518 5792 680 5847 Multo
707 5800 948 5859 tempore
974 5784 1133 5847 silui,
1182 5790 1233 5836 et
1283 5787 1399 5851 post
1441 5777 1655 5848 longum
1701 5771 1953 5842 temporis

432 5906 504 5969 (τι)
536 5907 717 5960 Collata
744 5920 852 5957 cum
877 5911 940 5953 bis
985 5909 1100 5962 Reg.
1136 5899 1270 5951 IDT-l.
