4036 6382
466 410 574 464 415

457 520 694 589 desidia,
718 520 817 576 sed
848 517 993 574 abfui
1023 514 1278 571 tumultus
1301 525 1649 580 componens,
1682 509 1873 565 ﬂuctus
1904 518 2063 579 atque

470 622 841 684 tempestatem
879 610 1072 665 sedans
1100 625 1113 661 :
1146 620 1344 675 eosque
1371 604 1459 675 qui
1486 604 1595 673 jam
1625 601 1861 671 demergi
1886 616 2066 672 co‘pe-

467 715 610 769 rant,
640 703 705 758 ad
744 711 953 772 portum
985 709 1039 753 et
1062 700 1111 752 in
1141 696 1487 767 tranquillum
1512 703 1757 764 porrecta
1790 709 1947 747 manu
1978 708 2064 748 re-

464 797 664 853 ducere
690 794 927 849 studens.
960 792 1088 846 Sum
1112 790 1255 845 enim
1278 786 1581 843 communis
1610 788 1847 840 omnium
1892 794 2063 854 pater,

466 902 637 957 coque
661 898 880 938 necesse
896 891 974 938 est
1005 896 1189 935 curam
1214 895 1369 950 agere
1401 895 1505 933 non
1535 887 1735 932 tantum
1758 892 1944 932 eorum
1976 876 2065 946 qni

466 985 641 1040 stant,
691 974 785 1029 sed
814 989 1001 1030 eorum
1033 986 1245 1042 quoque
1282 970 1370 1040 qui
1410 970 1633 1038 collapsi
1665 978 1788 1024 sunt
1822 986 1836 1024 :
1866 985 1970 1023 non
1998 968 2064 1022 il-

467 1068 641 1122 lorum
675 1075 917 1130 tantum,
963 1065 1053 1135 qui
1085 1063 1334 1118 secundis
1361 1063 1613 1133 navigant
1643 1062 1813 1116 ventis
1834 1103 1849 1127 ,
1883 1060 1977 1117 sed
2011 1068 2067 1115 et

465 1160 677 1214 illorum
703 1159 793 1230 qui
836 1164 1154 1227 tempestate
1194 1155 1464 1226 iactantur
1491 1172 1504 1208 :
1535 1170 1641 1209 non
1671 1168 1857 1209 eorum
1902 1152 2065 1207 modo

464 1253 557 1322 qui
588 1253 641 1308 in
674 1261 787 1306 tuto
828 1259 991 1318 sunt,
1022 1248 1373 1304 verumetiam
1401 1248 1612 1301 illorum
1639 1245 1725 1316 qui
1755 1244 2062 1316 periclitan-

466 1354 573 1399 tur.
604 1344 801 1399 llarum
828 1358 958 1397 sane
990 1357 1167 1396 rerum
1185 1339 1352 1411 gratia
1379 1338 1564 1409 reliqui
1590 1353 1685 1392 vos
1712 1336 1777 1391 ad
1807 1335 2064 1405 temporis

464 1438 720 1509 spatium,
752 1434 1101 1491 obambulans
1125 1476 1140 1500 ,
1170 1432 1468 1487 exhortans
1487 1472 1502 1497 ,
1533 1431 1828 1498 obtestans,
1859 1429 2062 1500 suppli-

468 1546 619 1597 cans,
652 1539 709 1584 ut
733 1545 760 1581 a
789 1528 1021 1583 dominis
1044 1543 1103 1581 ea
1132 1526 1405 1581 calamitas
1430 1524 1807 1593 depelleretur.
1845 1523 2065 1579 POSIea-

468 1638 627 1691 quam
653 1632 831 1675 autem
860 1618 1145 1674 inamanis
1189 1618 1295 1671 illis
1327 1632 1390 1671 ac
1432 1615 1670 1670 tristibus
1699 1614 1818 1669 finis
1842 1622 1924 1669 est
1953 1615 2065 1668 im-

469 1714 704 1782 positus,
752 1711 929 1765 denuo
954 1727 1038 1764 me
1064 1709 1129 1763 ad
1166 1724 1261 1762 vos
1291 1707 1502 1774 recepi,
1544 1706 1634 1776 qui
1677 1705 1728 1760 in
1770 1714 1884 1760 tuto
1910 1706 2060 1771 estis,

466 1805 556 1873 qui
586 1804 749 1857 multa
780 1817 900 1857 cum
936 1800 1317 1870 tranquillitate
1354 1798 1639 1867 navigatis.
1685 1796 1767 1852 Ad
1794 1796 1914 1852 illos
1940 1811 2067 1867 pro-

466 1894 634 1948 fectus
658 1907 804 1947 cram
826 1934 840 1957 ,
872 1904 929 1947 ut
957 1900 1327 1959 tempestatem
1353 1889 1598 1943 sedarem
1626 1906 1640 1942 :
1667 1887 1734 1944 ad
1760 1903 1856 1944 vos
1881 1903 2067 1943 rever-

464 2001 557 2039 sus
581 2000 720 2050 sum,
750 1999 818 2038 ne
843 1998 944 2053 qua
971 1990 1260 2050 tempe-tas
1284 1980 1573 2035 exoriatur.
1608 1978 1685 2033 Ad
1706 1979 1829 2033 illus
1856 1978 2056 2033 disces-

464 2093 639 2132 seram
667 2086 724 2131 ut
747 2091 843 2132 eos
868 2092 896 2129 a
925 2075 1183 2130 molestiis
1212 2075 1498 2129 liberarem
1533 2072 1635 2128 :ad
1668 2088 1764 2126 vos
1791 2072 1958 2139 redii,
1989 2087 2059 2127 ne

466 2171 519 2227 in
549 2170 820 2226 molestias
867 2168 1132 2223 incidatis.
1181 2164 1643 2235 Quemadmodum
1669 2163 1811 2219 enim
1846 2172 2064 2234 oportet

465 2263 664 2319 habere
690 2277 896 2326 curam,
922 2276 1027 2315 non
1053 2274 1237 2315 eorum
1260 2258 1418 2313 modo
1443 2259 1533 2329 qui
1559 2265 1723 2325 stant,
1748 2256 1842 2313 sed
1870 2271 2059 2312 eorum

465 2370 677 2425 quoque
719 2354 809 2424 qui
835 2353 967 2423 lapsi
1003 2362 1127 2407 sunt
1157 2370 1170 2407 :
1200 2351 1272 2406 ita
1311 2365 1497 2406 rursus
1539 2365 1645 2404 non
1673 2350 1805 2419 lapsi
1855 2360 2058 2405 tantum

463 2447 620 2502 nobis
647 2445 841 2501 debent
866 2459 985 2499 esse
1025 2458 1167 2498 cura:
1187 2484 1200 2508 ,
1251 2441 1345 2497 sed
1375 2450 1430 2497 ct
1460 2449 1660 2497 stantes
1691 2457 1704 2496 :
1735 2440 1835 2508 illi,
1868 2448 1926 2495 ut
1950 2441 2060 2495 cri-

463 2552 689 2611 gantur,
732 2541 784 2595 hi
805 2583 821 2608 ,
854 2556 923 2597 ne
955 2539 1149 2596 cadant
1180 2556 1193 2593 :
1230 2539 1348 2604 illi,
1391 2547 1452 2594 ut
1479 2538 1546 2594 ab
1570 2538 1879 2609 urgentibus
1905 2540 2060 2596 malis

466 2638 777 2711 liberentur,
805 2634 859 2690 bi
878 2675 893 2703 ,
927 2649 993 2690 ne
1020 2634 1293 2688 incurrant
1319 2632 1371 2686 in
1398 2646 1665 2687 mrumnas
1695 2631 2058 2686 imminentes.

464 2727 605 2783 Nihil
635 2727 778 2783 enim
805 2737 885 2782 est
912 2726 967 2781 in
996 2724 1156 2780 rebus
1184 2724 1430 2779 humanis
1456 2723 1678 2791 stabile,
1712 2723 1843 2778 nihil
1872 2723 2059 2778 incon-

463 2834 679 2873 cussum
702 2858 719 2884 ,
748 2817 842 2874 sed
871 2832 933 2873 ea
964 2826 1091 2873 sunt
1115 2817 1265 2887 quasi
1293 2831 1442 2872 mare
1467 2815 1751 2871 vesaniens
1772 2856 1789 2883 ,
1821 2814 2059 2887 quotidie

465 2911 766 2981 parturiens
788 2909 1059 2981 naufragia
1081 2909 1343 2980 stupenda
1371 2908 1814 2981 gravissimaque.

533 3001 1081 3073 ConstantinOpolitani
1125 3002 1369 3055 tumultus
1407 3001 1597 3072 imago.
1624 3032 1696 3042 —
1733 3001 1921 3057 Omnia
1974 3009 2060 3058 lu-

462 3096 723 3151 multuum
748 3111 811 3149 ac
840 3095 1113 3149 turbarum
1142 3094 1297 3163 plena
1337 3104 1491 3161 sunt;
1534 3093 1713 3148 omnia
1754 3094 1960 3164 sec-puli
2001 3104 2057 3150 et

464 3185 794 3255 pra-cipitia;
837 3185 1013 3239 omnia
1055 3200 1219 3254 rupes
1246 3184 1346 3240 sub
1370 3185 1526 3254 aquis
1570 3184 1834 3250 latentes;
1877 3185 2056 3239 omnia

463 3285 720 3343 terrores,
748 3275 1055 3331 discrimina
1076 3316 1091 3340 ,
1119 3276 1452 3346 suspiciones
1471 3317 1486 3341 ,
1522 3285 1783 3333 tremores
1806 3287 1861 3333 et
1887 3293 2053 3347 ango-

464 3383 571 3423 ies.
595 3366 761 3421 Nemo
789 3367 1036 3437 cuiquam
1069 3367 1200 3431 tidit,
1228 3383 1259 3422 a
1289 3382 1387 3422 suo
1416 3368 1638 3438 quisque
1669 3368 1912 3438 proximo
1940 3385 2055 3423 nie-

462 3460 582 3514 tnit.
612 3459 850 3528 Tempus
881 3458 1122 3513 fortassis
1165 3457 1292 3513 illud
1321 3458 1373 3513 in
1416 3459 1719 3529 propinquo
1748 3469 1831 3515 est
1854 3502 1868 3524 ,
1915 3458 2056 3529 quod

464 3551 722 3622 propheta
757 3552 1002 3621 depinxit
1045 3551 1131 3606 his
1170 3550 1390 3607 verbis:
1422 3550 1507 3607 Nc
1545 3552 1789 3622 ﬁduciam
1830 3553 2058 3609 habeatis

462 3645 515 3697 in
541 3644 719 3698 amicis
743 3685 757 3710 ,
788 3653 834 3697 ct
858 3643 912 3697 in
940 3643 1255 3714 principibus
1280 3644 1436 3699 nolite
1475 3659 1622 3714 spem
1645 3660 1835 3717 ponere
1865 3644 2054 3717 (.llich.

462 3736 517 3791 7.
549 3737 604 3803 5)
629 3751 645 3800 ;
681 3751 710 3789 a
737 3750 837 3791 suo
864 3736 1092 3806 quisque
1125 3735 1367 3804 proximo
1392 3744 1614 3801 cavete;
1652 3736 1697 3789 A
1725 3737 1943 3808 conjuge
1971 3746 2058 3790 tua

462 3846 602 3894 cave,
635 3845 697 3882 ne
720 3829 842 3899 quid
868 3829 946 3883 illi
966 3835 1166 3883 credas.
1196 3827 1332 3895 Quid
1374 3829 1446 3883 ita
1475 3827 1728 3884 tandem?
1765 3828 1896 3897 Quia
1924 3839 2059 3884 tent-

424 3960 431 3967 .
464 3936 563 3991 pus
588 3921 783 3976 malum
815 3928 920 3985 est,
954 3920 1087 3985 Quia
1114 3920 1278 3974 omnis
1309 3922 1466 3992 frater
1489 3920 1763 3975 insidiatur
1793 3921 2053 3986 calcanco,

462 4021 510 4064 et
538 4011 702 4065 omnis
729 4012 924 4065 aanicus
953 4012 1128 4065 dolose
1153 4011 1340 4065 incedit
1372 4009 1588 4084 (laeui.
1621 4012 1676 4067 9.
1708 4012 1787 4082 4).
1823 4011 1938 4067 Non
1974 4024 2059 4069 est

462 4104 668 4159 amicus
691 4112 854 4169 tutus,
878 4119 985 4157 non
1016 4105 1181 4157 frater
1215 4104 1417 4157 firmus.
1451 4104 1726 4159 Sublatmn
1757 4113 1840 4159 est
1863 4108 2056 4161 carita-

466 4196 533 4250 tis
562 4197 794 4262 bonum;
839 4196 998 4251 civile
1026 4196 1225 4251 bellum
1254 4205 1480 4265 occupat
1518 4198 1726 4262 ninnia,
1766 4198 1923 4253 civile
1947 4241 1962 4264 ,
2001 4208 2058 4255 et

466 4305 573 4345 non
602 4298 847 4359 apertum
871 4328 888 4353 ,
930 4288 1026 4343 sed
1066 4288 1467 4343 obumbratum.
1513 4286 1813 4345 Innumerae
1864 4292 2056 4361 ubique

465 4383 647 4451 larvas,
676 4382 1040 4451 simulataque
1070 4381 1251 4436 facies.
1276 4380 1437 4435 Multa
1458 4382 1635 4435 mium
1660 4382 1875 4450 vellera,
1902 4384 2055 4438 innu-

464 4475 598 4530 meri
627 4474 822 4544 ubiqne
851 4472 960 4542 lupi
1001 4472 1102 4528 sub
1125 4472 1210 4527 his
1238 4472 1488 4527 occultati
1523 4490 1537 4526 :
1571 4482 1628 4527 ut
1649 4473 1760 4542 jam
1787 4473 1926 4530 inter
1953 4474 2056 4528 ho-

463 4578 575 4622 stes
602 4566 793 4637 aliquis
831 4566 996 4620 tutius
1019 4565 1245 4630 vixerit,
1279 4578 1437 4634 quam
1467 4564 1606 4619 inter
1629 4566 1839 4635 eosqui
1863 4564 2054 4621 viden-

466 4669 553 4713 tur
588 4658 767 4713 amici.
797 4657 897 4727 Qui
926 4657 1040 4712 lteri
1081 4655 1466 4722 adulabantur,
1503 4657 1592 4727 qui
1620 4671 1810 4711 manus
1841 4658 2056 4712 oscula.

468 4749 679 4814 bantur,
696 4749 855 4803 hodie
880 4758 1102 4818 repente
1121 4747 1380 4819 comperti
1401 4757 1527 4802 sunt
1546 4761 1666 4801 csse
1683 4748 1885 4812 hostes,
1908 4748 2059 4819 abje-

462 4841 672 4910 ctisque
702 4838 860 4892 larvis
890 4838 1012 4892 facti
1043 4847 1170 4893 sunt
1191 4840 1445 4894 omnibus
1473 4837 1873 4894 accusatoribus
1900 4853 2056 4894 acer-

467 4933 680 4996 biores;
713 4945 809 5000 pro
833 4932 1024 5000 quibus
1045 4931 1297 4987 hesterno
1323 4933 1409 4987 die
1439 4930 1637 5002 gratias
1662 4932 1923 5002 agebant,
1956 4933 2057 4989 hos

466 5038 612 5079 nunc
638 5023 882 5077 incusant
907 5033 961 5076 et
982 5023 1394 5079 calumniantur.

534 5116 592 5169 Ξ.
624 5113 874 5168 Adversus
893 5113 1193 5177 auaritiam;
1222 5116 1534 5187 paupertatis
1555 5115 1706 5170 bona.
1733 5143 1804 5155 -—
1821 5114 1951 5184 Quae
1974 5125 2058 5172 est

466 5210 627 5280 igitur
655 5205 845 5259 horum
873 5205 1111 5259 omnium
1137 5208 1336 5261 causa?
1367 5207 1716 5263 Pecuniarum
1742 5222 1896 5263 amor
1913 5248 1930 5276 ,
1957 5223 2055 5264 ve-

464 5317 593 5358 Sana
641 5298 946 5354 divitiarum
988 5298 1252 5367 cupiditas
1272 5337 1291 5365 ,
1319 5301 1537 5356 morbus
1567 5300 1912 5367 insanabilis,
1942 5298 2056 5355 for-

466 5412 569 5450 nax
611 5409 730 5464 qua:
774 5406 1060 5463 numquam
1095 5391 1488 5463 exstinguitur,
1536 5393 1777 5465 tyrannis
1818 5409 2056 5465 quaqua-

467 5503 681 5542 versum
714 5502 813 5556 per
840 5494 1010 5540 totum
1046 5486 1232 5539 orbem
1262 5495 1521 5539 terrarum
1548 5487 1763 5543 diffusa.
1806 5488 1954 5542 lianc
1986 5489 2057 5545 ob

466 5595 683 5634 causam
718 5589 774 5635 et
820 5594 918 5634 nos
954 5595 1077 5650 qua:
1112 5577 1260 5647 prius
1299 5577 1641 5646 dicebamus,
1692 5597 1834 5635 nunc
1874 5580 2057 5636 dicere

469 5686 576 5724 non
623 5671 963 5734 dcsinenms,
1016 5670 1226 5724 tametsi
1272 5684 1446 5738 nuper
1488 5670 1793 5739 complures
1845 5672 2057 5726 incusa-

468 5762 595 5815 bant
642 5776 740 5814 nos
762 5801 779 5826 ,
831 5762 953 5815 talia
999 5763 1314 5831 loquentes;
1350 5760 1495 5815 Itane
1520 5777 1807 5831 numquam
1837 5763 2056 5818 desines

469 5855 724 5909 adversus
747 5853 936 5909 divites
962 5864 1221 5910 armatam
1250 5853 1449 5909 habere
1478 5853 1749 5922 linguam?
1775 5869 1881 5910 non
1909 5856 2054 5910 desi-

1188 399 1241 452 S.
1283 396 1560 453 JO.\NNiS
1598 390 2073 450 CIIRYSOSTOMI
2113 392 2430 451 ARCIIIEP.
2471 397 3007 456 CONSTANTINOP.

3672 410 3788 464 516

2177 525 2274 565 nes
2300 510 2398 567 hos
2424 514 2637 570 assidue
2676 517 3027 589 impugnare?
3065 517 3202 573 Num
3241 535 3342 591 ego
3369 537 3490 577 cmn
3521 522 3629 578 illis
3668 525 3789 580 bel-

2176 601 2283 657 lum
2311 605 2484 674 gero?
2512 623 2638 662 num
2665 608 2922 665 adversus
2950 610 3067 666 illos
3094 614 3317 668 armor?
3344 616 3425 669 An
3458 632 3563 671 non
3593 620 3789 687 potius

2175 709 2272 764 pro
2295 695 2398 751 illis
2422 707 2614 753 cuncta
2641 710 2753 755 tum
2777 700 2920 769 dico,
2959 710 3068 756 tmn
3099 702 3270 769 facio;
3306 705 3403 775 ipsi
3425 722 3552 761 vero
3582 710 3789 764 adver.

2172 798 2263 840 sus
2290 786 2497 857 seipsos
2517 788 2721 860 gladios
2750 792 2985 847 acuunt?
3014 794 3097 847 An
3128 810 3233 848 non
3259 795 3309 848 id
3339 795 3638 853 declaravit
3663 800 3786 869 ipsa

2172 890 2352 929 rermn
2382 879 2713 949 experientia
2740 921 2756 948 ,
2791 882 2936 952 quod
2973 898 3075 954 ego
3116 884 3332 955 quidem
3355 929 3369 952 ,
3404 887 3695 960 increpans
3728 902 3786 947 et

2172 967 2388 1023 assidue
2414 970 2703 1041 objurgans
2724 1013 2740 1037 ,
2770 974 3079 1043 quterebam
3123 976 3334 1031 illorum
3381 980 3737 1035 commodum
3768 1023 3785 1046 ,

2172 1059 2267 1115 sed
2296 1060 2369 1115 illi
2399 1063 2577 1118 verius
2609 1073 2733 1119 sunt
2763 1065 2946 1122 hostes
2975 1066 3067 1137 qui
3097 1068 3253 1123 nobis
3282 1069 3397 1125 hazc
3423 1070 3785 1143 loquentibus

2173 1152 2384 1221 culpam
2415 1154 2755 1226 impingunt?
2786 1157 3007 1214 Vidistis
3031 1171 3254 1215 eventus
3284 1178 3465 1218 rerum
3492 1180 3612 1219 cmn
3643 1182 3779 1227 orae

2173 1242 2318 1299 tione
2345 1253 2523 1299 nostra
2549 1261 2869 1318 congruere.
2891 1250 2973 1305 An
2994 1267 3100 1306 non
3124 1268 3339 1322 semper
3365 1254 3496 1322 dixi,
3522 1256 3782 1328 fugitivos

2171 1349 2291 1389 esse
2312 1335 2544 1402 divitias,
2572 1337 2640 1393 ab
2662 1338 2764 1394 hoc
2789 1339 2857 1394 ad
2888 1340 3036 1396 illum
3065 1346 3444 1400 transeuntes?
3465 1349 3642 1419 Atque
3671 1353 3782 1403 uti-

2170 1439 2291 1477 nam
2322 1424 2639 1482 transissent
2670 1428 2843 1484 solum
2865 1470 2882 1496 ,
2932 1446 3038 1486 non
3071 1434 3230 1488 etiam
3256 1435 3578 1493 occidissent
3608 1457 3624 1493 :
3662 1442 3778 1495 uti-

2170 1530 2293 1569 nam
2335 1516 2708 1575 discessissent
2734 1531 2935 1576 tantum
2960 1564 2980 1590 ,
3023 1540 3087 1580 ac
3128 1540 3235 1580 non
3266 1542 3297 1581 e
3339 1530 3518 1584 medio
3550 1546 3777 1601 quoque

2171 1608 2530 1663 sustulissent.
2559 1610 2709 1667 Nunc
2730 1623 2906 1667 autem
2941 1624 3291 1685 pneterquam
3320 1618 3460 1687 quod
3483 1618 3772 1685 deserunt,

2168 1700 2328 1754 etiam
2356 1701 2535 1771 gladio
2564 1704 2801 1770 tradunt,
2831 1716 2884 1760 et
2914 1705 2966 1759 in
2997 1706 3304 1761 barathrum
3333 1710 3677 1780 pertrahunt,
3704 1729 3774 1767 eo

2169 1791 2310 1860 quod
2341 1794 2448 1847 sint
2490 1794 2805 1863 periculosa:
2833 1796 3171 1866 proditrices,
3201 1815 3432 1871 cumque
3457 1802 3521 1855 iis
3547 1803 3772 1873 potissi-

2170 1898 2314 1936 mum
2345 1883 2543 1939 bellum
2567 1897 2781 1955 gerunt,
2805 1902 2833 1941 a
2856 1889 3049 1958 quibus
3069 1899 3337 1945 amantur.
3368 1892 3595 1962 Ingrata:
3615 1905 3770 1962 sunt,

2169 1975 2424 2045 fugitivm,
2448 1975 2748 2046 homicida},
2782 1980 3165 2051 implacabiles,
3199 1981 3387 2038 bestia:
3416 1986 3769 2051 incurabiles,

2170 2070 2522 2140 praecipitium
2549 2072 2905 2145 undeqnaque
2937 2086 3262 2145 praeruptum
3283 2117 3298 2143 ,
3331 2078 3586 2148 scopulus
3622 2081 3769 2134 assi-

2167 2161 2287 2217 duis
2329 2164 2518 2234 plenus
2546 2165 2796 2223 ﬂuctibus
2821 2208 2835 2231 .
2881 2184 3029 2223 mare
3076 2170 3373 2227 intttttreris
3400 2173 3573 2227 ventis
3598 2176 3771 2245 agita-

2169 2261 2303 2320 tum,
2331 2256 2543 2327 tyranni
2572 2258 2767 2315 acerbe
2787 2258 3132 2329 imperantes,
3156 2261 3389 2318 domina:
3413 2265 3607 2333 quovis
3636 2267 3769 2321 bar-

2167 2343 2298 2400 baro
2325 2347 2603 2417 saniores,
2636 2347 2866 2405 inimica:
2894 2352 3369 2409 irreeonciliabiles
3390 2396 3408 2423 ,
3435 2353 3621 2411 hostes
3665 2357 3771 2411 im-

2167 2438 2475 2507 placabiles,
2504 2456 2731 2513 quaeque
2760 2458 3047 2515 numquam
3076 2460 3203 2516 erga
3231 2461 3326 2502 eos
3352 2461 3384 2500 a
3409 2447 3605 2518 quibus
3636 2464 3767 2521 pos-

2166 2530 2430 2598 sidentur,
2461 2534 2741 2590 remittnnt
2768 2536 3115 2590 simultatem.

2237 2624 2291 2679 5.
2326 2624 2390 2678 At
2421 2639 2526 2678 non
2558 2624 2864 2695 hujusmodi
2894 2635 3178 2698 paupertas
3201 2668 3217 2695 ,
3262 2627 3356 2682 sed
3384 2628 3446 2684 iis
3473 2644 3593 2699 qua:
3624 2630 3767 2686 dicta

2165 2722 2293 2769 sunt
2318 2717 2607 2770 contraria.
2640 2716 2713 2771 Ea
2736 2717 3003 2788 siquidem
3028 2726 3113 2773 est
3149 2727 3319 2773 tutum
3357 2720 3561 2792 asylum
3585 2762 3600 2785 ,
3634 2738 3765 2792 por-

2167 2816 2252 2862 tus
2278 2807 2620 2879 tranquillus,
2652 2819 2909 2879 perpetua
2939 2810 3199 2865 securitas
3220 2853 3234 2876 ,
3264 2810 3469 2866 delicia:
3500 2813 3768 2882 periculo-

2164 2914 2284 2955 rum
2310 2909 2580 2970 expertes,
2608 2901 2851 2970 voluptas
2877 2902 3109 2969 sincera,
3132 2904 3238 2957 vita
3270 2903 3632 2961 turbationum
3666 2922 3764 2961 ne-

2164 2992 2296 3059 scia,
2325 2992 2431 3045 vita
2458 2991 2713 3048 fluctuum
2745 2992 2945 3064 ignara,
2968 2996 3120 3065 copia
3152 2995 3601 3067 inexpugnabilis,
3634 2997 3764 3068 phi-

2164 3083 2424 3155 losophiae
2461 3101 2675 3155 parens,
2707 3086 2918 3141 frenum
2943 3089 3281 3158 arrogantim,
3308 3090 3551 3161 supplicii
3582 3091 3764 3145 subla-

2168 3176 2261 3240 tio,
2295 3174 2446 3229 radix
2483 3175 2778 3232 modestizn.
2808 3177 2917 3232 Cur
2941 3178 3120 3247 itaque
3148 3178 3284 3233 hanc
3312 3179 3575 3250 fugientes
3594 3222 3611 3246 ,
3643 3182 3763 3237 illas

2166 3270 2546 3338 persequimini
2565 3270 2588 3323 τ
2609 3270 2728 3325 illas
2756 3269 2963 3338 hostes,
2993 3272 3110 3325 illas
3142 3273 3458 3340 homicidas,
3487 3274 3606 3328 illas
3629 3291 3763 3345 qua-

2163 3361 2245 3415 vis
2291 3360 2459 3416 bestia
2516 3361 2824 3417 smviores?
2878 3361 3023 3419 Talis
3079 3365 3223 3418 enim
3272 3374 3357 3420 est
3410 3366 3760 3434 pecuniarum

2163 3468 2336 3521 amor,
2382 3453 2485 3508 tale
2514 3468 2768 3508 vesanum
2800 3455 2915 3508 auri
2947 3453 3204 3509 studiunt.
3250 3454 3363 3510 Cur
3405 3455 3617 3510 hostem
3664 3456 3759 3510 tibi

2165 3553 2479 3615 perpetuum
2510 3545 2948 3601 contubernalem
2978 3546 3144 3601 facis?
3169 3562 3267 3602 cur
3296 3546 3522 3603 bestiam
3553 3548 3757 3613 irritas,

2162 3651 2323 3708 quam
2367 3636 2594 3693 delinire
2629 3637 2902 3708 oportuit?
2933 3637 3004 3693 Et
3042 3653 3151 3709 quo
3182 3647 3339 3708 pacto
3362 3680 3379 3707 ,
3421 3639 3595 3709 inquis
3620 3682 3637 3707 ,
3669 3638 3761 3693 fiet

2165 3728 2480 3784 mansueta?
2502 3728 2558 3785 Si
2587 3729 2672 3785 vel
2702 3744 2845 3784 nunc
2868 3744 2989 3785 mea
3018 3729 3177 3784 verba
3205 3729 3466 3795 toleretis,
3491 3744 3613 3784 cum
3643 3729 3756 3784 cla-

2162 3819 2261 3875 des
2290 3819 2525 3885 adsunt,
2554 3834 2676 3876 eum
2712 3821 2989 3877 calamitas
3017 3822 3192 3892 viget,
3218 3836 3342 3876 cum
3373 3835 3564 3876 omnes
3594 3821 3650 3874 in
3677 3829 3759 3874 tu-

2165 3912 2333 3966 multtt
2362 3921 2486 3967 sunt
2522 3927 2587 3967 ac
2614 3926 2870 3967 maerore.
2902 3913 3002 3980 Qui
3030 3912 3144 3967 tieri
3176 3912 3344 3982 possit
3369 3920 3431 3966 ut
3456 3911 3622 3966 bestia
3650 3926 3755 3966 non

2163 4008 2233 4062 sit
2258 4007 2469 4062 bestia?
2497 4005 2758 4077 Equidem
2805 4022 3022 4076 possunt
3064 4006 3208 4061 illam
3240 4007 3555 4071 immutare,
3589 4004 3637 4059 si
3663 4019 3758 4059 vos

2162 4101 2338 4156 velitis
2366 4118 2380 4154 :
2410 4116 2534 4155 nam
2563 4116 2625 4156 ea
2651 4115 2960 4155 sermonum
2982 4100 3061 4154 vis
3090 4108 3191 4154 est.
3216 4099 3334 4167 Quo
3352 4107 3511 4172 pacto
3537 4099 3702 4169 igitur
3726 4113 3754 4150 a

2162 4194 2373 4249 feritate
2397 4208 2492 4249 sua
2523 4192 2848 4247 mutabitur?
2873 4192 2930 4248 Si
2956 4191 3302 4248 didicerimus
3323 4192 3593 4264 quomodo
3613 4207 3755 4248 smva

2162 4286 2414 4342 ellicitur.
2445 4284 2726 4353 Quomodo
2750 4301 2879 4357 ergo
2905 4301 3043 4341 sceva
3065 4286 3331 4342 eflicitur?
3352 4286 3497 4342 More
3517 4288 3751 4349 leomnn,

2165 4394 2317 4435 more
2345 4379 2631 4449 pardorum
2653 4421 2670 4446 ,
2701 4394 2854 4435 more
2891 4395 3176 4448 ursorum,
3207 4381 3298 4452 qui
3321 4380 3451 4436 dum
3476 4380 3756 4437 includun-

2163 4481 2253 4526 tur
2313 4481 2740 4545 eoercenturque
2795 4472 2849 4527 in
2900 4471 3179 4540 tenebris,
3232 4474 3446 4543 erigunt
3504 4473 3750 4535 animus,

2163 4577 2465 4635 acuuntque
2492 4565 2637 4620 iras:
2667 4563 2852 4620 itidem
2878 4573 2934 4620 et
2960 4564 3159 4619 divitia:
3184 4563 3311 4619 dum
3335 4563 3680 4619 includuntur
3701 4572 3754 4618 et

2164 4656 2528 4722 defodiuntur,
2558 4657 2735 4712 aerius
2762 4658 2976 4727 rugiunt
2995 4672 3155 4727 quant
3177 4656 3381 4719 leones,
3410 4671 3473 4711 ac
3494 4666 3750 4712 terrorem

2164 4748 2399 4819 undique
2426 4747 2689 4803 incutiunt
2714 4764 2730 4813 ;
2760 4746 2905 4818 quod
2935 4748 2979 4803 si
3004 4762 3097 4803 eas
3122 4762 3154 4802 e
3184 4747 3420 4802 tenebris
3442 4746 3642 4802 educas
3660 4789 3676 4811 ,
3702 4756 3755 4801 et

2165 4841 2220 4896 in
2243 4855 2533 4911 egenorum
2557 4849 2774 4896 ventres
2796 4840 3138 4906 dissemines,
3165 4857 3233 4896 ex
3260 4840 3388 4895 feris
3414 4840 3599 4895 bestiis
3624 4840 3755 4895 ﬁunt

2164 4946 2328 4997 oves,
2377 4947 2443 4987 ex
2474 4930 2684 4986 insidiis
2722 4932 2973 5003 praesidia
2996 4971 3014 5000 ,
3058 4947 3126 4987 ex
3166 4934 3400 5003 scopulis
3431 4943 3651 5002 portus,
3688 4948 3752 4987 ex

2167 5022 2445 5094 naufragio
2473 5022 2849 5094 tranquillitas.
2876 5024 3319 5095 Quandoquidem
3350 5024 3453 5080 hoc
3483 5034 3542 5080 et
3565 5026 3617 5080 in
3656 5040 3752 5079 na-

2166 5115 2322 5185 vigiis
2348 5114 2528 5170 videre
2556 5114 2683 5170 licet
2716 5132 2730 5170 :
2760 5115 2805 5169 si
2834 5116 3051 5187 quando
3078 5130 3219 5171 onus
3243 5124 3328 5172 est
3346 5115 3496 5187 justo
3520 5118 3747 5187 gravius,

2164 5206 2425 5277 demergit
2450 5206 2696 5279 cymbam
2722 5223 2737 5260 :
2762 5224 2977 5264 rursum
3007 5223 3129 5263 cum
3146 5216 3230 5262 est
3255 5206 3613 5273 moderatum,
3644 5222 3752 5278 pro-

2166 5313 2326 5369 spero
2372 5298 2541 5354 fertur
2584 5315 2765 5355 cursu.
2808 5300 2954 5355 Idem
2997 5316 3097 5355 usu
3141 5301 3289 5356 venit
3319 5302 3371 5356 in
3400 5306 3602 5357 nostris
3630 5301 3752 5355 :edi-

2165 5392 2265 5447 bus
2295 5410 2308 5445 :
2335 5406 2458 5446 cum
2483 5392 2622 5448 ultra
2650 5409 2808 5462 quam
2852 5408 2983 5447 usus
3006 5392 3276 5463 postulat,
3311 5395 3559 5465 congeris
3597 5408 3750 5464 pecu-

2166 5487 2305 5551 nias,
2329 5485 2510 5559 exigui
2537 5486 2680 5540 venti
2704 5485 2882 5549 ﬂatus,
2905 5496 2959 5539 et
2977 5486 3153 5556 quivis
3170 5502 3351 5541 rerum
3372 5487 3748 5556 inexspectata-

2168 5593 2286 5632 rum
2314 5576 2559 5632 incursus
2583 5576 2850 5648 demergit
2877 5593 3000 5631 cum
3027 5577 3155 5631 vins
3173 5577 3421 5648 cymbam
3450 5596 3464 5631 :
3495 5588 3548 5633 at
3577 5579 3620 5633 si
3650 5588 3749 5632 tan-

2169 5678 2280 5725 tum
2311 5682 2542 5737 reponas
2566 5709 2582 5734 ,
2611 5680 2869 5739 quantum
2912 5668 3146 5737 postulat
3190 5668 3483 5724 necessitas
3503 5709 3520 5734 ,
3547 5667 3752 5723 etiamsi

2167 5761 2464 5817 vehemens
2491 5760 2649 5814 turbo
2678 5760 2910 5831 ingruat,
2946 5759 3099 5816 facile
3130 5761 3401 5830 pcreurris
3423 5761 3612 5815 undas.
3641 5758 3747 5816 Noli

2171 5855 2331 5925 igitur
2362 5853 2479 5924 plus
2504 5852 2909 5922 concupiscere,
2932 5868 3092 5925 quam
3117 5852 3281 5924 exigit
3314 5857 3611 5909 necessitas
3635 5895 3652 5921 ,
3686 5867 3748 5904 ne
