  <div class='ocr_page' id='page_1' title='image "/cluster/home/n/w/nwhite01/storage/ocr_20150623/52:no.3:pt.2/coo.31924054869510/040.png"; bbox 0 0 4036 6382; ppageno 0'>
   <div class='ocr_carea' id='block_1_1' title="bbox 332 406 2688 487">
    <p class='ocr_par' dir='ltr' id='par_1_1' title="bbox 332 406 2688 487">
     <span class='ocr_line' id='line_1_1' title="bbox 332 406 2688 487; baseline 0.006 -26"><span class='ocrx_word' id='word_1_1' title='bbox 332 406 418 463; x_wconf 71' lang='grc' dir='ltr'>ὶ15</span> <span class='ocrx_word' id='word_1_2' title='bbox 1230 411 1372 469; x_wconf 63' lang='lat' dir='ltr'>CUM</span> <span class='ocrx_word' id='word_1_3' title='bbox 1421 412 1864 471; x_wconf 71' lang='lat' dir='ltr'>SATURNINUS</span> <span class='ocrx_word' id='word_1_4' title='bbox 1902 413 1991 470; x_wconf 74' lang='lat' dir='ltr'>ET</span> <span class='ocrx_word' id='word_1_5' title='bbox 2030 417 2500 487; x_wconf 80' lang='lat' dir='ltr'>AURELIANUS,</span> <span class='ocrx_word' id='word_1_6' title='bbox 2539 419 2688 477; x_wconf 85' lang='lat' dir='ltr'><strong><em>ETC.</em></strong></span> 
     </span>
    </p>
   </div>
   <div class='ocr_carea' id='block_1_2' title="bbox 314 522 1902 600">
    <p class='ocr_par' dir='ltr' id='par_1_2' title="bbox 314 522 1902 600">
     <span class='ocr_line' id='line_1_2' title="bbox 314 522 1902 600; baseline 0.002 -24"><span class='ocrx_word' id='word_1_7' title='bbox 314 522 436 586; x_wconf 70' lang='grc' dir='ltr'>τοὺς</span> <span class='ocrx_word' id='word_1_8' title='bbox 458 522 842 591; x_wconf 84' lang='grc' dir='ltr'>ναυαγοῦντας</span> <span class='ocrx_word' id='word_1_9' title='bbox 875 523 1244 597; x_wconf 87' lang='grc' dir='ltr'>ἀνιμώμενος,</span> <span class='ocrx_word' id='word_1_10' title='bbox 1272 529 1400 591; x_wconf 81' lang='grc' dir='ltr'>τοὺς</span> <span class='ocrx_word' id='word_1_11' title='bbox 1431 528 1749 600; x_wconf 78' lang='grc' dir='ltr'>γινομένους</span> <span class='ocrx_word' id='word_1_12' title='bbox 1769 529 1902 583; x_wconf 83' lang='grc' dir='ltr'>ὑπο-</span> 
     </span>
    </p>
   </div>
   <div class='ocr_carea' id='block_1_3' title="bbox 326 604 1905 682">
    <p class='ocr_par' dir='ltr' id='par_1_3' title="bbox 326 604 1905 682">
     <span class='ocr_line' id='line_1_3' title="bbox 326 604 1905 682; baseline 0.002 -24"><span class='ocrx_word' id='word_1_13' title='bbox 326 606 579 677; x_wconf 79' lang='grc' dir='ltr'>ϐρυχίους</span> <span class='ocrx_word' id='word_1_14' title='bbox 633 604 777 677; x_wconf 74' lang='grc' dir='ltr'>πρὸς</span> <span class='ocrx_word' id='word_1_15' title='bbox 830 604 1025 678; x_wconf 77' lang='grc' dir='ltr'>λιμένα</span> <span class='ocrx_word' id='word_1_16' title='bbox 1059 610 1155 661; x_wconf 77' lang='grc' dir='ltr'>καὶ</span> <span class='ocrx_word' id='word_1_17' title='bbox 1195 609 1438 682; x_wconf 78' lang='grc' dir='ltr'>γαλήνην</span> <span class='ocrx_word' id='word_1_18' title='bbox 1494 609 1905 682; x_wconf 87' lang='grc' dir='ltr'>χειραγωγῆσαι</span> 
     </span>
    </p>
   </div>
   <div class='ocr_carea' id='block_1_4' title="bbox 322 688 1906 765">
    <p class='ocr_par' dir='ltr' id='par_1_4' title="bbox 322 688 1906 765">
     <span class='ocr_line' id='line_1_4' title="bbox 322 688 1906 765; baseline 0.002 -22"><span class='ocrx_word' id='word_1_19' title='bbox 322 689 590 743; x_wconf 83' lang='grc' dir='ltr'>σπεύδων.</span> <span class='ocrx_word' id='word_1_20' title='bbox 623 688 823 754; x_wconf 84' lang='grc' dir='ltr'>Κοινὸς</span> <span class='ocrx_word' id='word_1_21' title='bbox 848 691 956 760; x_wconf 88' lang='grc' dir='ltr'>γάρ</span> <span class='ocrx_word' id='word_1_22' title='bbox 977 693 1094 763; x_wconf 85' lang='grc' dir='ltr'>εἰμι</span> <span class='ocrx_word' id='word_1_23' title='bbox 1117 693 1336 747; x_wconf 88' lang='grc' dir='ltr'>πάντων</span> <span class='ocrx_word' id='word_1_24' title='bbox 1361 695 1566 765; x_wconf 79' lang='grc' dir='ltr'>πατὴρ,</span> <span class='ocrx_word' id='word_1_25' title='bbox 1590 695 1685 748; x_wconf 76' lang='grc' dir='ltr'>καὶ</span> <span class='ocrx_word' id='word_1_26' title='bbox 1711 693 1771 746; x_wconf 87' lang='grc' dir='ltr'>οὐ</span> <span class='ocrx_word' id='word_1_27' title='bbox 1796 691 1906 746; x_wconf 86' lang='grc' dir='ltr'>τῶν</span> 
     </span>
    </p>
   </div>
   <div class='ocr_carea' id='block_1_5' title="bbox 322 775 1909 853">
    <p class='ocr_par' dir='ltr' id='par_1_5' title="bbox 322 775 1909 853">
     <span class='ocr_line' id='line_1_5' title="bbox 322 775 1909 853; baseline 0.001 -22"><span class='ocrx_word' id='word_1_28' title='bbox 322 775 572 831; x_wconf 71' lang='grc' dir='ltr'>ἑστώτων</span> <span class='ocrx_word' id='word_1_29' title='bbox 618 776 808 848; x_wconf 88' lang='grc' dir='ltr'>μόνον,</span> <span class='ocrx_word' id='word_1_30' title='bbox 844 779 980 831; x_wconf 88' lang='grc' dir='ltr'>ἀλλά</span> <span class='ocrx_word' id='word_1_31' title='bbox 1023 781 1117 833; x_wconf 73' lang='grc' dir='ltr'>καὶ</span> <span class='ocrx_word' id='word_1_32' title='bbox 1152 780 1263 833; x_wconf 90' lang='grc' dir='ltr'>τῶν</span> <span class='ocrx_word' id='word_1_33' title='bbox 1292 782 1661 835; x_wconf 84' lang='grc' dir='ltr'>πεπτωκότων</span> <span class='ocrx_word' id='word_1_34' title='bbox 1691 778 1909 853; x_wconf 89' lang='grc' dir='ltr'>φροντί-</span> 
     </span>
    </p>
   </div>
   <div class='ocr_carea' id='block_1_6' title="bbox 326 864 1905 938">
    <p class='ocr_par' dir='ltr' id='par_1_6' title="bbox 326 864 1905 938">
     <span class='ocr_line' id='line_1_6' title="bbox 326 864 1905 938; baseline 0.001 -20"><span class='ocrx_word' id='word_1_35' title='bbox 326 865 438 929; x_wconf 83' lang='grc' dir='ltr'>ζειν</span> <span class='ocrx_word' id='word_1_36' title='bbox 471 867 805 935; x_wconf 86' lang='grc' dir='ltr'>ἀναγκαῖον·</span> <span class='ocrx_word' id='word_1_37' title='bbox 828 864 949 937; x_wconf 76' lang='grc' dir='ltr'>οὐχὶ</span> <span class='ocrx_word' id='word_1_38' title='bbox 983 867 1092 921; x_wconf 80' lang='grc' dir='ltr'>τῶν</span> <span class='ocrx_word' id='word_1_39' title='bbox 1126 867 1380 938; x_wconf 79' lang='grc' dir='ltr'>ἐξουρίας</span> <span class='ocrx_word' id='word_1_40' title='bbox 1405 866 1743 938; x_wconf 83' lang='grc' dir='ltr'>φερομένων,</span> <span class='ocrx_word' id='word_1_41' title='bbox 1769 865 1905 920; x_wconf 90' lang='grc' dir='ltr'>άλλά</span> 
     </span>
    </p>
   </div>
   <div class='ocr_carea' id='block_1_7' title="bbox 326 954 1904 1028">
    <p class='ocr_par' dir='ltr' id='par_1_7' title="bbox 326 954 1904 1028">
     <span class='ocr_line' id='line_1_7' title="bbox 326 954 1904 1028; baseline -0.001 -19"><span class='ocrx_word' id='word_1_42' title='bbox 326 956 420 1009; x_wconf 79' lang='grc' dir='ltr'>καὶ</span> <span class='ocrx_word' id='word_1_43' title='bbox 466 954 577 1008; x_wconf 89' lang='grc' dir='ltr'>τῶν</span> <span class='ocrx_word' id='word_1_44' title='bbox 614 955 1129 1027; x_wconf 80' lang='grc' dir='ltr'>κλυδωνιζομένων·</span> <span class='ocrx_word' id='word_1_45' title='bbox 1179 956 1302 1027; x_wconf 76' lang='grc' dir='ltr'>οὐχὶ</span> <span class='ocrx_word' id='word_1_46' title='bbox 1348 957 1455 1009; x_wconf 85' lang='grc' dir='ltr'>τῶν</span> <span class='ocrx_word' id='word_1_47' title='bbox 1507 958 1566 1010; x_wconf 82' lang='grc' dir='ltr'>ἐν</span> <span class='ocrx_word' id='word_1_48' title='bbox 1611 957 1904 1028; x_wconf 78' lang='grc' dir='ltr'>ἀσφαλείᾳ,</span> 
     </span>
    </p>
   </div>
   <div class='ocr_carea' id='block_1_8' title="bbox 326 1042 1907 1115">
    <p class='ocr_par' dir='ltr' id='par_1_8' title="bbox 326 1042 1907 1115">
     <span class='ocr_line' id='line_1_8' title="bbox 326 1042 1907 1115; baseline 0 -17"><span class='ocrx_word' id='word_1_49' title='bbox 326 1044 459 1098; x_wconf 83' lang='grc' dir='ltr'>ἀλλά</span> <span class='ocrx_word' id='word_1_50' title='bbox 495 1044 589 1097; x_wconf 78' lang='grc' dir='ltr'>καὶ</span> <span class='ocrx_word' id='word_1_51' title='bbox 625 1046 736 1097; x_wconf 88' lang='grc' dir='ltr'>τῶν</span> <span class='ocrx_word' id='word_1_52' title='bbox 780 1045 839 1098; x_wconf 85' lang='grc' dir='ltr'>ἐν</span> <span class='ocrx_word' id='word_1_53' title='bbox 888 1044 1171 1108; x_wconf 82' lang='grc' dir='ltr'>κινδύνοις.</span> <span class='ocrx_word' id='word_1_54' title='bbox 1204 1042 1305 1098; x_wconf 91' lang='grc' dir='ltr'>Διά</span> <span class='ocrx_word' id='word_1_55' title='bbox 1333 1045 1396 1115; x_wconf 81' lang='grc' dir='ltr'>δὴ</span> <span class='ocrx_word' id='word_1_56' title='bbox 1430 1045 1603 1099; x_wconf 89' lang='grc' dir='ltr'>ταῦτα</span> <span class='ocrx_word' id='word_1_57' title='bbox 1640 1046 1732 1099; x_wconf 72' lang='grc' dir='ltr'>τὸν</span> <span class='ocrx_word' id='word_1_58' title='bbox 1766 1063 1907 1115; x_wconf 85' lang='grc' dir='ltr'>παρ-</span> 
     </span>
    </p>
   </div>
   <div class='ocr_carea' id='block_1_9' title="bbox 327 1132 1906 1206">
    <p class='ocr_par' dir='ltr' id='par_1_9' title="bbox 327 1132 1906 1206">
     <span class='ocr_line' id='line_1_9' title="bbox 327 1132 1906 1206; baseline 0.002 -22"><span class='ocrx_word' id='word_1_59' title='bbox 327 1133 553 1186; x_wconf 73' lang='grc' dir='ltr'>ελθόντα</span> <span class='ocrx_word' id='word_1_60' title='bbox 583 1132 927 1203; x_wconf 81' lang='grc' dir='ltr'>ἀπελείφθην</span> <span class='ocrx_word' id='word_1_61' title='bbox 965 1134 1151 1197; x_wconf 83' lang='grc' dir='ltr'>ἐνδοὺς</span> <span class='ocrx_word' id='word_1_62' title='bbox 1180 1134 1373 1205; x_wconf 87' lang='grc' dir='ltr'>χρόνον</span> <span class='ocrx_word' id='word_1_63' title='bbox 1413 1134 1667 1206; x_wconf 87' lang='grc' dir='ltr'>περιιὼν,</span> <span class='ocrx_word' id='word_1_64' title='bbox 1719 1151 1906 1205; x_wconf 83' lang='grc' dir='ltr'>παρα-</span> 
     </span>
    </p>
   </div>
   <div class='ocr_carea' id='block_1_10' title="bbox 329 1220 1909 1292">
    <p class='ocr_par' dir='ltr' id='par_1_10' title="bbox 329 1220 1909 1292">
     <span class='ocr_line' id='line_1_10' title="bbox 329 1220 1909 1292; baseline 0.001 -19"><span class='ocrx_word' id='word_1_65' title='bbox 329 1220 532 1285; x_wconf 72' lang='grc' dir='ltr'>καλῶν,</span> <span class='ocrx_word' id='word_1_66' title='bbox 566 1220 841 1290; x_wconf 87' lang='grc' dir='ltr'>δεόμενος,</span> <span class='ocrx_word' id='word_1_67' title='bbox 874 1220 1131 1274; x_wconf 79' lang='grc' dir='ltr'>ἱκετεύων</span> <span class='ocrx_word' id='word_1_68' title='bbox 1162 1224 1275 1285; x_wconf 84' lang='grc' dir='ltr'>τοῖς</span> <span class='ocrx_word' id='word_1_69' title='bbox 1305 1222 1517 1292; x_wconf 82' lang='grc' dir='ltr'>κυρίοις</span> <span class='ocrx_word' id='word_1_70' title='bbox 1552 1221 1780 1292; x_wconf 76' lang='grc' dir='ltr'>λυθῆναι</span> <span class='ocrx_word' id='word_1_71' title='bbox 1808 1221 1909 1291; x_wconf 84' lang='grc' dir='ltr'>τὴν</span> 
     </span>
    </p>
   </div>
   <div class='ocr_carea' id='block_1_11' title="bbox 333 1307 1910 1380">
    <p class='ocr_par' dir='ltr' id='par_1_11' title="bbox 333 1307 1910 1380">
     <span class='ocr_line' id='line_1_11' title="bbox 333 1307 1910 1380; baseline 0.001 -19"><span class='ocrx_word' id='word_1_72' title='bbox 333 1308 641 1379; x_wconf 73' lang='grc' dir='ltr'>συμφοράν.</span> <span class='ocrx_word' id='word_1_73' title='bbox 678 1307 780 1361; x_wconf 76' lang='grc' dir='ltr'>Καὶ</span> <span class='ocrx_word' id='word_1_74' title='bbox 818 1308 1005 1380; x_wconf 84' lang='grc' dir='ltr'>ἐπειδὴ</span> <span class='ocrx_word' id='word_1_75' title='bbox 1026 1308 1179 1371; x_wconf 80' lang='grc' dir='ltr'>τέλος</span> <span class='ocrx_word' id='word_1_76' title='bbox 1211 1309 1406 1363; x_wconf 79' lang='grc' dir='ltr'>ἔλαϐεν</span> <span class='ocrx_word' id='word_1_77' title='bbox 1445 1311 1628 1363; x_wconf 85' lang='grc' dir='ltr'>ἐκεῖνα</span> <span class='ocrx_word' id='word_1_78' title='bbox 1659 1310 1728 1363; x_wconf 87' lang='grc' dir='ltr'>τά</span> <span class='ocrx_word' id='word_1_79' title='bbox 1776 1326 1910 1362; x_wconf 88' lang='grc' dir='ltr'>σκυ-</span> 
     </span>
    </p>
   </div>
   <div class='ocr_carea' id='block_1_12' title="bbox 331 1395 1911 1467">
    <p class='ocr_par' dir='ltr' id='par_1_12' title="bbox 331 1395 1911 1467">
     <span class='ocr_line' id='line_1_12' title="bbox 331 1395 1911 1467; baseline 0 -18"><span class='ocrx_word' id='word_1_80' title='bbox 331 1395 550 1464; x_wconf 77' lang='grc' dir='ltr'>θρωπὰ,</span> <span class='ocrx_word' id='word_1_81' title='bbox 577 1397 739 1451; x_wconf 90' lang='grc' dir='ltr'>πάλιν</span> <span class='ocrx_word' id='word_1_82' title='bbox 756 1397 893 1467; x_wconf 85' lang='grc' dir='ltr'>πρὸς</span> <span class='ocrx_word' id='word_1_83' title='bbox 916 1397 1060 1466; x_wconf 82' lang='grc' dir='ltr'>ὑμᾶς</span> <span class='ocrx_word' id='word_1_84' title='bbox 1084 1396 1389 1465; x_wconf 78' lang='grc' dir='ltr'>ἐπανῆλθον</span> <span class='ocrx_word' id='word_1_85' title='bbox 1405 1398 1533 1459; x_wconf 75' lang='grc' dir='ltr'>τοὺς</span> <span class='ocrx_word' id='word_1_86' title='bbox 1556 1398 1614 1450; x_wconf 90' lang='grc' dir='ltr'>ἐν</span> <span class='ocrx_word' id='word_1_87' title='bbox 1640 1396 1911 1467; x_wconf 67' lang='grc' dir='ltr'>ἀσφαλείᾳ</span> 
     </span>
    </p>
   </div>
   <div class='ocr_carea' id='block_1_13' title="bbox 331 1483 1909 1555">
    <p class='ocr_par' dir='ltr' id='par_1_13' title="bbox 331 1483 1909 1555">
     <span class='ocr_line' id='line_1_13' title="bbox 331 1483 1909 1555; baseline 0.002 -20"><span class='ocrx_word' id='word_1_88' title='bbox 331 1484 514 1545; x_wconf 65' lang='grc' dir='ltr'>ὂντας,</span> <span class='ocrx_word' id='word_1_89' title='bbox 552 1484 680 1546; x_wconf 78' lang='grc' dir='ltr'>τοὺς</span> <span class='ocrx_word' id='word_1_90' title='bbox 732 1484 870 1555; x_wconf 80' lang='grc' dir='ltr'>μετά</span> <span class='ocrx_word' id='word_1_91' title='bbox 917 1483 1117 1554; x_wconf 86' lang='grc' dir='ltr'>πολλῆς</span> <span class='ocrx_word' id='word_1_92' title='bbox 1168 1484 1434 1548; x_wconf 79' lang='grc' dir='ltr'>πλέοντας</span> <span class='ocrx_word' id='word_1_93' title='bbox 1495 1487 1594 1550; x_wconf 84' lang='grc' dir='ltr'>τῆς</span> <span class='ocrx_word' id='word_1_94' title='bbox 1643 1485 1909 1555; x_wconf 86' lang='grc' dir='ltr'>γαλήνης.</span> 
     </span>
    </p>
   </div>
   <div class='ocr_carea' id='block_1_14' title="bbox 334 1569 1908 1643">
    <p class='ocr_par' dir='ltr' id='par_1_14' title="bbox 334 1569 1908 1643">
     <span class='ocr_line' id='line_1_14' title="bbox 334 1569 1908 1643; baseline 0.001 -20"><span class='ocrx_word' id='word_1_95' title='bbox 334 1571 482 1642; x_wconf 74' lang='grc' dir='ltr'>Πρὸς</span> <span class='ocrx_word' id='word_1_96' title='bbox 516 1570 758 1636; x_wconf 76' lang='grc' dir='ltr'>ἐκείνους</span> <span class='ocrx_word' id='word_1_97' title='bbox 810 1570 1090 1642; x_wconf 80' lang='grc' dir='ltr'>ἀφικόμην</span> <span class='ocrx_word' id='word_1_98' title='bbox 1132 1569 1273 1625; x_wconf 79' lang='grc' dir='ltr'>ὥστε</span> <span class='ocrx_word' id='word_1_99' title='bbox 1303 1571 1466 1625; x_wconf 88' lang='grc' dir='ltr'>λῦσαι</span> <span class='ocrx_word' id='word_1_100' title='bbox 1493 1572 1586 1625; x_wconf 74' lang='grc' dir='ltr'>τὸν</span> <span class='ocrx_word' id='word_1_101' title='bbox 1634 1572 1908 1643; x_wconf 89' lang='grc' dir='ltr'>χειμῶνα·</span> 
     </span>
    </p>
   </div>
   <div class='ocr_carea' id='block_1_15' title="bbox 336 1657 1912 1731">
    <p class='ocr_par' dir='ltr' id='par_1_15' title="bbox 336 1657 1912 1731">
     <span class='ocr_line' id='line_1_15' title="bbox 336 1657 1912 1731; baseline 0.004 -21"><span class='ocrx_word' id='word_1_102' title='bbox 336 1660 476 1728; x_wconf 60' lang='lat'>7.96;</span> <span class='ocrx_word' id='word_1_103' title='bbox 516 1659 659 1729; x_wconf 77' lang='grc' dir='ltr'>ὑμᾶς</span> <span class='ocrx_word' id='word_1_104' title='bbox 692 1658 1020 1728; x_wconf 73' lang='grc' dir='ltr'>ἐπανῆλθον,</span> <span class='ocrx_word' id='word_1_105' title='bbox 1049 1657 1189 1713; x_wconf 84' lang='grc' dir='ltr'>ὥστε</span> <span class='ocrx_word' id='word_1_106' title='bbox 1226 1660 1302 1731; x_wconf 80' lang='grc' dir='ltr'>μὴ</span> <span class='ocrx_word' id='word_1_107' title='bbox 1347 1657 1601 1728; x_wconf 88' lang='grc' dir='ltr'>γενέσθαι</span> <span class='ocrx_word' id='word_1_108' title='bbox 1643 1659 1912 1730; x_wconf 89' lang='grc' dir='ltr'>χειμῶνα.</span> 
     </span>
    </p>
   </div>
   <div class='ocr_carea' id='block_1_16' title="bbox 337 1745 1910 1818">
    <p class='ocr_par' dir='ltr' id='par_1_16' title="bbox 337 1745 1910 1818">
     <span class='ocr_line' id='line_1_16' title="bbox 337 1745 1910 1818; baseline -0.001 -17"><span class='ocrx_word' id='word_1_109' title='bbox 337 1747 486 1818; x_wconf 84' lang='grc' dir='ltr'>Πρὸς</span> <span class='ocrx_word' id='word_1_110' title='bbox 517 1745 761 1810; x_wconf 78' lang='grc' dir='ltr'>ἐκείνους</span> <span class='ocrx_word' id='word_1_111' title='bbox 794 1747 1016 1818; x_wconf 78' lang='grc' dir='ltr'>ἀπῄειν,</span> <span class='ocrx_word' id='word_1_112' title='bbox 1043 1747 1130 1801; x_wconf 75' lang='grc' dir='ltr'>ἵνα</span> <span class='ocrx_word' id='word_1_113' title='bbox 1160 1746 1457 1814; x_wconf 77' lang='grc' dir='ltr'>ἀπαλλάξω</span> <span class='ocrx_word' id='word_1_114' title='bbox 1484 1746 1592 1800; x_wconf 90' lang='grc' dir='ltr'>τῶν</span> <span class='ocrx_word' id='word_1_115' title='bbox 1617 1746 1879 1818; x_wconf 81' lang='grc' dir='ltr'>λυπηρῶν</span> <span class='ocrx_word' id='word_1_116' title='bbox 1897 1764 1910 1776; x_wconf 95' lang='grc'>·</span> 
     </span>
    </p>
   </div>
   <div class='ocr_carea' id='block_1_17' title="bbox 335 1824 1916 1906">
    <p class='ocr_par' dir='ltr' id='par_1_17' title="bbox 335 1824 1916 1906">
     <span class='ocr_line' id='line_1_17' title="bbox 335 1824 1916 1906; baseline 0.001 -20"><span class='ocrx_word' id='word_1_117' title='bbox 335 1824 662 1905; x_wconf 78' lang='grc' dir='ltr'>πρὸς’ύμᾶς</span> <span class='ocrx_word' id='word_1_118' title='bbox 713 1834 1118 1906; x_wconf 84' lang='grc' dir='ltr'>παρεγενόμην,</span> <span class='ocrx_word' id='word_1_119' title='bbox 1171 1835 1259 1888; x_wconf 81' lang='grc' dir='ltr'>ἵνα</span> <span class='ocrx_word' id='word_1_120' title='bbox 1301 1834 1377 1906; x_wconf 85' lang='grc' dir='ltr'>μὴ</span> <span class='ocrx_word' id='word_1_121' title='bbox 1436 1834 1774 1906; x_wconf 83' lang='grc' dir='ltr'>περιπέσητε</span> <span class='ocrx_word' id='word_1_122' title='bbox 1803 1838 1916 1899; x_wconf 87' lang='grc' dir='ltr'>τοῖς</span> 
     </span>
    </p>
   </div>
   <div class='ocr_carea' id='block_1_18' title="bbox 338 1920 1915 1994">
    <p class='ocr_par' dir='ltr' id='par_1_18' title="bbox 338 1920 1915 1994">
     <span class='ocr_line' id='line_1_18' title="bbox 338 1920 1915 1994; baseline 0.001 -21"><span class='ocrx_word' id='word_1_123' title='bbox 338 1920 706 1994; x_wconf 82' lang='grc' dir='ltr'>σκυθρωποῖς.</span> <span class='ocrx_word' id='word_1_124' title='bbox 751 1921 963 1993; x_wconf 80' lang='grc' dir='ltr'>Ὥσπερ</span> <span class='ocrx_word' id='word_1_125' title='bbox 996 1921 1117 1992; x_wconf 73' lang='grc' dir='ltr'>οὐχὶ</span> <span class='ocrx_word' id='word_1_126' title='bbox 1145 1920 1252 1976; x_wconf 83' lang='grc' dir='ltr'>τῶν</span> <span class='ocrx_word' id='word_1_127' title='bbox 1285 1921 1537 1975; x_wconf 80' lang='grc' dir='ltr'>ἑστώτων</span> <span class='ocrx_word' id='word_1_128' title='bbox 1574 1922 1657 1975; x_wconf 89' lang='grc' dir='ltr'>δεῖ</span> <span class='ocrx_word' id='word_1_129' title='bbox 1697 1922 1915 1994; x_wconf 84' lang='grc' dir='ltr'>φροντί-</span> 
     </span>
    </p>
   </div>
   <div class='ocr_carea' id='block_1_19' title="bbox 337 2007 1916 2081">
    <p class='ocr_par' dir='ltr' id='par_1_19' title="bbox 337 2007 1916 2081">
     <span class='ocr_line' id='line_1_19' title="bbox 337 2007 1916 2081; baseline 0.001 -19"><span class='ocrx_word' id='word_1_130' title='bbox 337 2008 456 2075; x_wconf 78' lang='grc' dir='ltr'>ζειν</span> <span class='ocrx_word' id='word_1_131' title='bbox 497 2008 679 2081; x_wconf 86' lang='grc' dir='ltr'>μόνον,</span> <span class='ocrx_word' id='word_1_132' title='bbox 713 2007 852 2063; x_wconf 86' lang='grc' dir='ltr'>ἀλλά</span> <span class='ocrx_word' id='word_1_133' title='bbox 882 2009 977 2062; x_wconf 78' lang='grc' dir='ltr'>καὶ</span> <span class='ocrx_word' id='word_1_134' title='bbox 1010 2009 1117 2062; x_wconf 88' lang='grc' dir='ltr'>τῶν</span> <span class='ocrx_word' id='word_1_135' title='bbox 1144 2009 1516 2063; x_wconf 78' lang='grc' dir='ltr'>πεπτωκότων</span> <span class='ocrx_word' id='word_1_136' title='bbox 1536 2026 1551 2042; x_wconf 80' lang='grc' dir='ltr'><strong><em>ο</em></strong></span> <span class='ocrx_word' id='word_1_137' title='bbox 1584 2009 1728 2063; x_wconf 74' lang='grc' dir='ltr'>οὕτω</span> <span class='ocrx_word' id='word_1_138' title='bbox 1752 2010 1916 2063; x_wconf 84' lang='grc' dir='ltr'>πάλιν</span> 
     </span>
    </p>
   </div>
   <div class='ocr_carea' id='block_1_20' title="bbox 334 2096 1911 2168">
    <p class='ocr_par' dir='ltr' id='par_1_20' title="bbox 334 2096 1911 2168">
     <span class='ocr_line' id='line_1_20' title="bbox 334 2096 1911 2168; baseline -0.002 -17"><span class='ocrx_word' id='word_1_139' title='bbox 334 2098 458 2168; x_wconf 74' lang='grc' dir='ltr'>οὐχὶ</span> <span class='ocrx_word' id='word_1_140' title='bbox 485 2097 595 2151; x_wconf 87' lang='grc' dir='ltr'>τῶν</span> <span class='ocrx_word' id='word_1_141' title='bbox 618 2096 983 2151; x_wconf 86' lang='grc' dir='ltr'>πεπτωκότων</span> <span class='ocrx_word' id='word_1_142' title='bbox 1014 2096 1195 2167; x_wconf 79' lang='grc' dir='ltr'>μόνον,</span> <span class='ocrx_word' id='word_1_143' title='bbox 1220 2096 1356 2152; x_wconf 84' lang='grc' dir='ltr'>ἀλλά</span> <span class='ocrx_word' id='word_1_144' title='bbox 1379 2098 1473 2151; x_wconf 78' lang='grc' dir='ltr'>καὶ</span> <span class='ocrx_word' id='word_1_145' title='bbox 1498 2097 1605 2150; x_wconf 84' lang='grc' dir='ltr'>τῶν</span> <span class='ocrx_word' id='word_1_146' title='bbox 1630 2097 1880 2151; x_wconf 73' lang='grc' dir='ltr'>ἑστώτων</span> <span class='ocrx_word' id='word_1_147' title='bbox 1896 2114 1911 2127; x_wconf 79' lang='grc' dir='ltr'><strong><em>ο</em></strong></span> 
     </span>
    </p>
   </div>
   <div class='ocr_carea' id='block_1_21' title="bbox 338 2183 1939 2257">
    <p class='ocr_par' dir='ltr' id='par_1_21' title="bbox 338 2183 1939 2257">
     <span class='ocr_line' id='line_1_21' title="bbox 338 2183 1939 2257; baseline -0.004 -17"><span class='ocrx_word' id='word_1_148' title='bbox 338 2185 567 2240; x_wconf 82' lang='grc' dir='ltr'>ἐκείνων</span> <span class='ocrx_word' id='word_1_149' title='bbox 597 2184 718 2255; x_wconf 80' lang='grc' dir='ltr'>μὲν,</span> <span class='ocrx_word' id='word_1_150' title='bbox 747 2184 834 2237; x_wconf 77' lang='grc' dir='ltr'>ἵνα</span> <span class='ocrx_word' id='word_1_151' title='bbox 858 2183 1185 2247; x_wconf 70' lang='grc' dir='ltr'>ἀναστῶσιν,</span> <span class='ocrx_word' id='word_1_152' title='bbox 1212 2184 1418 2238; x_wconf 88' lang='grc' dir='ltr'>τούτων</span> <span class='ocrx_word' id='word_1_153' title='bbox 1439 2185 1611 2248; x_wconf 76' lang='grc' dir='ltr'>δέ,ί’να</span> <span class='ocrx_word' id='word_1_154' title='bbox 1626 2185 1694 2257; x_wconf 78' lang='grc' dir='ltr'>μὴ</span> <span class='ocrx_word' id='word_1_155' title='bbox 1708 2185 1939 2240; x_wconf 78' lang='grc' dir='ltr'>καταπέ-</span> 
     </span>
    </p>
   </div>
   <div class='ocr_carea' id='block_1_22' title="bbox 338 2272 1916 2344">
    <p class='ocr_par' dir='ltr' id='par_1_22' title="bbox 338 2272 1916 2344">
     <span class='ocr_line' id='line_1_22' title="bbox 338 2272 1916 2344; baseline 0.001 -18"><span class='ocrx_word' id='word_1_156' title='bbox 338 2289 542 2326; x_wconf 86' lang='grc' dir='ltr'>σωσιν·</span> <span class='ocrx_word' id='word_1_157' title='bbox 578 2272 804 2327; x_wconf 77' lang='grc' dir='ltr'>ἐκείνων</span> <span class='ocrx_word' id='word_1_158' title='bbox 838 2272 957 2344; x_wconf 81' lang='grc' dir='ltr'>μὲν,</span> <span class='ocrx_word' id='word_1_159' title='bbox 1005 2273 1092 2326; x_wconf 83' lang='grc' dir='ltr'>ἵνα</span> <span class='ocrx_word' id='word_1_160' title='bbox 1121 2272 1480 2340; x_wconf 78' lang='grc' dir='ltr'>ἀπαλλαγῶσι</span> <span class='ocrx_word' id='word_1_161' title='bbox 1514 2273 1622 2326; x_wconf 88' lang='grc' dir='ltr'>τῶν</span> <span class='ocrx_word' id='word_1_162' title='bbox 1654 2273 1916 2343; x_wconf 86' lang='grc' dir='ltr'>κατεχόν-</span> 
     </span>
    </p>
   </div>
   <div class='ocr_carea' id='block_1_23' title="bbox 336 2357 1917 2430">
    <p class='ocr_par' dir='ltr' id='par_1_23' title="bbox 336 2357 1917 2430">
     <span class='ocr_line' id='line_1_23' title="bbox 336 2357 1917 2430; baseline 0 -18"><span class='ocrx_word' id='word_1_163' title='bbox 336 2376 447 2414; x_wconf 87' lang='grc' dir='ltr'>των</span> <span class='ocrx_word' id='word_1_164' title='bbox 475 2357 907 2425; x_wconf 84' lang='grc' dir='ltr'>δεινῶν,τούτων</span> <span class='ocrx_word' id='word_1_165' title='bbox 934 2359 991 2413; x_wconf 82' lang='grc' dir='ltr'>δέ</span> <span class='ocrx_word' id='word_1_166' title='bbox 1022 2358 1109 2414; x_wconf 82' lang='grc' dir='ltr'>ἴνα</span> <span class='ocrx_word' id='word_1_167' title='bbox 1137 2360 1211 2429; x_wconf 81' lang='grc' dir='ltr'>μὴ</span> <span class='ocrx_word' id='word_1_168' title='bbox 1236 2358 1576 2430; x_wconf 79' lang='grc' dir='ltr'>περιπέσωσι</span> <span class='ocrx_word' id='word_1_169' title='bbox 1600 2361 1714 2423; x_wconf 85' lang='grc' dir='ltr'>τοῖς</span> <span class='ocrx_word' id='word_1_170' title='bbox 1743 2376 1917 2429; x_wconf 76' lang='grc' dir='ltr'>προσο</span> 
     </span>
    </p>
   </div>
   <div class='ocr_carea' id='block_1_24' title="bbox 332 2445 1916 2518">
    <p class='ocr_par' dir='ltr' id='par_1_24' title="bbox 332 2445 1916 2518">
     <span class='ocr_line' id='line_1_24' title="bbox 332 2445 1916 2518; baseline -0.001 -17"><span class='ocrx_word' id='word_1_171' title='bbox 332 2446 665 2517; x_wconf 82' lang='grc' dir='ltr'>δοκωμένοις</span> <span class='ocrx_word' id='word_1_172' title='bbox 732 2447 1015 2518; x_wconf 77' lang='grc' dir='ltr'>λυπηροῖς.</span> <span class='ocrx_word' id='word_1_173' title='bbox 1085 2447 1251 2500; x_wconf 71' lang='grc' dir='ltr'>Οὐδὲν</span> <span class='ocrx_word' id='word_1_174' title='bbox 1301 2447 1411 2516; x_wconf 75' lang='grc' dir='ltr'>γὰρ</span> <span class='ocrx_word' id='word_1_175' title='bbox 1476 2445 1714 2516; x_wconf 85' lang='grc' dir='ltr'>βέϐαιον,</span> <span class='ocrx_word' id='word_1_176' title='bbox 1764 2446 1916 2499; x_wconf 68' lang='grc' dir='ltr'>οὐδὲν</span> 
     </span>
    </p>
   </div>
   <div class='ocr_carea' id='block_1_25' title="bbox 338 2533 1917 2605">
    <p class='ocr_par' dir='ltr' id='par_1_25' title="bbox 338 2533 1917 2605">
     <span class='ocr_line' id='line_1_25' title="bbox 338 2533 1917 2605; baseline 0 -18"><span class='ocrx_word' id='word_1_177' title='bbox 338 2534 600 2603; x_wconf 80' lang='grc' dir='ltr'>ἀκίνητον</span> <span class='ocrx_word' id='word_1_178' title='bbox 628 2533 738 2587; x_wconf 84' lang='grc' dir='ltr'>τῶν</span> <span class='ocrx_word' id='word_1_179' title='bbox 752 2533 1111 2605; x_wconf 87' lang='grc' dir='ltr'>ἀνθρωπίνων</span> <span class='ocrx_word' id='word_1_180' title='bbox 1124 2537 1489 2605; x_wconf 76' lang='grc' dir='ltr'>πραγμάτων,</span> <span class='ocrx_word' id='word_1_181' title='bbox 1510 2534 1645 2587; x_wconf 82' lang='grc' dir='ltr'>ἀλλά</span> <span class='ocrx_word' id='word_1_182' title='bbox 1668 2539 1917 2605; x_wconf 78' lang='grc' dir='ltr'>μιμεῖται</span> 
     </span>
    </p>
   </div>
   <div class='ocr_carea' id='block_1_26' title="bbox 340 2622 1919 2695">
    <p class='ocr_par' dir='ltr' id='par_1_26' title="bbox 340 2622 1919 2695">
     <span class='ocr_line' id='line_1_26' title="bbox 340 2622 1919 2695; baseline 0.002 -21"><span class='ocrx_word' id='word_1_183' title='bbox 340 2622 622 2676; x_wconf 78' lang='grc' dir='ltr'>θάλασσαν</span> <span class='ocrx_word' id='word_1_184' title='bbox 674 2623 1028 2694; x_wconf 78' lang='grc' dir='ltr'>μαινομένην,</span> <span class='ocrx_word' id='word_1_185' title='bbox 1086 2626 1181 2676; x_wconf 82' lang='grc' dir='ltr'>καὶ</span> <span class='ocrx_word' id='word_1_186' title='bbox 1231 2622 1353 2675; x_wconf 86' lang='grc' dir='ltr'>καθ’</span> <span class='ocrx_word' id='word_1_187' title='bbox 1404 2623 1647 2695; x_wconf 77' lang='grc' dir='ltr'>ἑκάστην</span> <span class='ocrx_word' id='word_1_188' title='bbox 1705 2625 1919 2695; x_wconf 80' lang='grc' dir='ltr'>ἡμέραν</span> 
     </span>
    </p>
   </div>
   <div class='ocr_carea' id='block_1_27' title="bbox 338 2707 1333 2779">
    <p class='ocr_par' dir='ltr' id='par_1_27' title="bbox 338 2707 1333 2779">
     <span class='ocr_line' id='line_1_27' title="bbox 338 2707 1333 2779; baseline 0.003 -19"><span class='ocrx_word' id='word_1_189' title='bbox 338 2707 519 2760; x_wconf 72' lang='grc' dir='ltr'>ὠδίνει</span> <span class='ocrx_word' id='word_1_190' title='bbox 554 2710 789 2777; x_wconf 86' lang='grc' dir='ltr'>ναυάγια</span> <span class='ocrx_word' id='word_1_191' title='bbox 820 2707 948 2773; x_wconf 79' lang='grc' dir='ltr'>ξένα</span> <span class='ocrx_word' id='word_1_192' title='bbox 983 2711 1075 2762; x_wconf 72' lang='grc' dir='ltr'>καὶ</span> <span class='ocrx_word' id='word_1_193' title='bbox 1098 2709 1333 2779; x_wconf 83' lang='grc' dir='ltr'>χαλεπά.</span> 
     </span>
    </p>
   </div>
   <div class='ocr_carea' id='block_1_28' title="bbox 415 2795 1920 2869">
    <p class='ocr_par' dir='ltr' id='par_1_28' title="bbox 415 2795 1920 2869">
     <span class='ocr_line' id='line_1_28' title="bbox 415 2795 1920 2869; baseline 0.003 -22"><span class='ocrx_word' id='word_1_194' title='bbox 415 2797 597 2849; x_wconf 75' lang='grc' dir='ltr'>Πάντα</span> <span class='ocrx_word' id='word_1_195' title='bbox 630 2795 875 2867; x_wconf 70' lang='grc' dir='ltr'>θορύϐων</span> <span class='ocrx_word' id='word_1_196' title='bbox 918 2796 1078 2867; x_wconf 88' lang='grc' dir='ltr'>γέμει</span> <span class='ocrx_word' id='word_1_197' title='bbox 1108 2798 1202 2849; x_wconf 72' lang='grc' dir='ltr'>καὶ</span> <span class='ocrx_word' id='word_1_198' title='bbox 1242 2796 1523 2869; x_wconf 82' lang='grc' dir='ltr'>ταραχῆς·</span> <span class='ocrx_word' id='word_1_199' title='bbox 1568 2797 1747 2851; x_wconf 85' lang='grc' dir='ltr'>πάντα</span> <span class='ocrx_word' id='word_1_200' title='bbox 1793 2797 1920 2851; x_wconf 82' lang='grc' dir='ltr'>σκό-</span> 
     </span>
    </p>
   </div>
   <div class='ocr_carea' id='block_1_29' title="bbox 343 2882 1920 2954">
    <p class='ocr_par' dir='ltr' id='par_1_29' title="bbox 343 2882 1920 2954">
     <span class='ocr_line' id='line_1_29' title="bbox 343 2882 1920 2954; baseline 0.001 -20"><span class='ocrx_word' id='word_1_201' title='bbox 343 2882 498 2935; x_wconf 67' lang='grc' dir='ltr'>πελικ</span> <span class='ocrx_word' id='word_1_202' title='bbox 548 2883 642 2936; x_wconf 72' lang='grc' dir='ltr'>καὶ</span> <span class='ocrx_word' id='word_1_203' title='bbox 690 2883 959 2954; x_wconf 80' lang='grc' dir='ltr'>κρημνοί·</span> <span class='ocrx_word' id='word_1_204' title='bbox 1014 2886 1192 2938; x_wconf 84' lang='grc' dir='ltr'>πάντα</span> <span class='ocrx_word' id='word_1_205' title='bbox 1240 2882 1437 2952; x_wconf 78' lang='grc' dir='ltr'>ὕφαλοι</span> <span class='ocrx_word' id='word_1_206' title='bbox 1485 2885 1579 2937; x_wconf 75' lang='grc' dir='ltr'>καὶ</span> <span class='ocrx_word' id='word_1_207' title='bbox 1631 2884 1920 2947; x_wconf 75' lang='grc' dir='ltr'>σπιλάδεςο</span> 
     </span>
    </p>
   </div>
   <div class='ocr_carea' id='block_1_30' title="bbox 344 2969 1920 3043">
    <p class='ocr_par' dir='ltr' id='par_1_30' title="bbox 344 2969 1920 3043">
     <span class='ocr_line' id='line_1_30' title="bbox 344 2969 1920 3043; baseline 0.001 -21"><span class='ocrx_word' id='word_1_208' title='bbox 344 2970 524 3023; x_wconf 86' lang='grc' dir='ltr'>πάντα</span> <span class='ocrx_word' id='word_1_209' title='bbox 557 2969 732 3038; x_wconf 72' lang='grc' dir='ltr'>φόϐοι,</span> <span class='ocrx_word' id='word_1_210' title='bbox 760 2971 856 3024; x_wconf 75' lang='grc' dir='ltr'>καὶ</span> <span class='ocrx_word' id='word_1_211' title='bbox 884 2970 1139 3032; x_wconf 84' lang='grc' dir='ltr'>κίνδυνοι,</span> <span class='ocrx_word' id='word_1_212' title='bbox 1170 2972 1263 3023; x_wconf 72' lang='grc' dir='ltr'>καὶ</span> <span class='ocrx_word' id='word_1_213' title='bbox 1295 2971 1544 3041; x_wconf 62' lang='grc' dir='ltr'>ὑποψίαι,</span> <span class='ocrx_word' id='word_1_214' title='bbox 1576 2971 1671 3024; x_wconf 78' lang='grc' dir='ltr'>καὶ</span> <span class='ocrx_word' id='word_1_215' title='bbox 1704 2972 1920 3043; x_wconf 87' lang='grc' dir='ltr'>τρόμοι,</span> 
     </span>
    </p>
   </div>
   <div class='ocr_carea' id='block_1_31' title="bbox 348 3057 1927 3131">
    <p class='ocr_par' dir='ltr' id='par_1_31' title="bbox 348 3057 1927 3131">
     <span class='ocr_line' id='line_1_31' title="bbox 348 3057 1927 3131; baseline 0.001 -21"><span class='ocrx_word' id='word_1_216' title='bbox 348 3060 442 3111; x_wconf 80' lang='grc' dir='ltr'>καὶ</span> <span class='ocrx_word' id='word_1_217' title='bbox 473 3059 724 3125; x_wconf 83' lang='grc' dir='ltr'>ἀγωνίαι.</span> <span class='ocrx_word' id='word_1_218' title='bbox 755 3058 942 3121; x_wconf 74' lang='grc' dir='ltr'>Οὐδεὶς</span> <span class='ocrx_word' id='word_1_219' title='bbox 963 3058 1142 3114; x_wconf 77' lang='grc' dir='ltr'>οὐδενὶ</span> <span class='ocrx_word' id='word_1_220' title='bbox 1172 3057 1385 3131; x_wconf 74' lang='grc' dir='ltr'>θαρρεῖ,</span> <span class='ocrx_word' id='word_1_221' title='bbox 1415 3057 1508 3110; x_wconf 85' lang='grc' dir='ltr'>τὸν</span> <span class='ocrx_word' id='word_1_222' title='bbox 1543 3058 1769 3129; x_wconf 77' lang='grc' dir='ltr'>πλησίον</span> <span class='ocrx_word' id='word_1_223' title='bbox 1795 3058 1927 3112; x_wconf 74' lang='grc' dir='ltr'>ἐκα-</span> 
     </span>
    </p>
   </div>
   <div class='ocr_carea' id='block_1_32' title="bbox 350 3147 1923 3220">
    <p class='ocr_par' dir='ltr' id='par_1_32' title="bbox 350 3147 1923 3220">
     <span class='ocr_line' id='line_1_32' title="bbox 350 3147 1923 3220; baseline 0.001 -21"><span class='ocrx_word' id='word_1_224' title='bbox 350 3163 476 3210; x_wconf 85' lang='grc' dir='ltr'>στος</span> <span class='ocrx_word' id='word_1_225' title='bbox 510 3147 769 3203; x_wconf 86' lang='grc' dir='ltr'>δέδοικεν.</span> <span class='ocrx_word' id='word_1_226' title='bbox 824 3148 1061 3213; x_wconf 87' lang='grc' dir='ltr'>Ἐκεῖνος</span> <span class='ocrx_word' id='word_1_227' title='bbox 1091 3149 1355 3220; x_wconf 85' lang='grc' dir='ltr'>πάρεστιν</span> <span class='ocrx_word' id='word_1_228' title='bbox 1382 3150 1410 3200; x_wconf 81' lang='grc' dir='ltr'>ὁ</span> <span class='ocrx_word' id='word_1_229' title='bbox 1438 3148 1632 3220; x_wconf 73' lang='grc' dir='ltr'>καιρὸς</span> <span class='ocrx_word' id='word_1_230' title='bbox 1665 3149 1829 3218; x_wconf 88' lang='grc' dir='ltr'>τάχα,</span> <span class='ocrx_word' id='word_1_231' title='bbox 1863 3149 1923 3201; x_wconf 79' lang='grc' dir='ltr'>εν</span> 
     </span>
    </p>
   </div>
   <div class='ocr_carea' id='block_1_33' title="bbox 346 3234 1927 3308">
    <p class='ocr_par' dir='ltr' id='par_1_33' title="bbox 346 3234 1927 3308">
     <span class='ocr_line' id='line_1_33' title="bbox 346 3234 1927 3308; baseline 0.003 -24"><span class='ocrx_word' id='word_1_232' title='bbox 346 3234 378 3285; x_wconf 86' lang='lat'>6</span> <span class='ocrx_word' id='word_1_233' title='bbox 429 3235 720 3305; x_wconf 79' lang='grc' dir='ltr'>προφήτης</span> <span class='ocrx_word' id='word_1_234' title='bbox 778 3236 1112 3308; x_wconf 72' lang='grc' dir='ltr'>ὑπογράφων</span> <span class='ocrx_word' id='word_1_235' title='bbox 1146 3236 1329 3302; x_wconf 78' lang='grc' dir='ltr'>ἔλεγε·</span> <span class='ocrx_word' id='word_1_236' title='bbox 1378 3235 1476 3302; x_wconf 81' lang='grc' dir='ltr'>Μὴ</span> <span class='ocrx_word' id='word_1_237' title='bbox 1516 3237 1829 3289; x_wconf 81' lang='grc' dir='ltr'>πιστεύετε</span> <span class='ocrx_word' id='word_1_238' title='bbox 1857 3234 1927 3288; x_wconf 75' lang='grc' dir='ltr'>ἐν</span> 
     </span>
    </p>
   </div>
   <div class='ocr_carea' id='block_1_34' title="bbox 349 3320 1928 3393">
    <p class='ocr_par' dir='ltr' id='par_1_34' title="bbox 349 3320 1928 3393">
     <span class='ocr_line' id='line_1_34' title="bbox 349 3320 1928 3393; baseline 0.003 -21"><span class='ocrx_word' id='word_1_239' title='bbox 349 3321 569 3389; x_wconf 65' lang='grc' dir='ltr'>φίλοις,</span> <span class='ocrx_word' id='word_1_240' title='bbox 599 3321 700 3375; x_wconf 78' lang='grc' dir='ltr'>καὶ</span> <span class='ocrx_word' id='word_1_241' title='bbox 736 3321 834 3375; x_wconf 82' lang='grc' dir='ltr'>ἐπὶ</span> <span class='ocrx_word' id='word_1_242' title='bbox 869 3321 1227 3393; x_wconf 74' lang='grc' dir='ltr'>ἡγουμένοις</span> <span class='ocrx_word' id='word_1_243' title='bbox 1260 3320 1341 3390; x_wconf 77' lang='grc' dir='ltr'>μὴ</span> <span class='ocrx_word' id='word_1_244' title='bbox 1365 3321 1659 3382; x_wconf 75' lang='grc' dir='ltr'>ἐλπίζετε·</span> <span class='ocrx_word' id='word_1_245' title='bbox 1694 3322 1928 3385; x_wconf 77' lang='grc' dir='ltr'>ἕκαστος</span> 
     </span>
    </p>
   </div>
   <div class='ocr_carea' id='block_1_35' title="bbox 348 3407 1926 3481">
    <p class='ocr_par' dir='ltr' id='par_1_35' title="bbox 348 3407 1926 3481">
     <span class='ocr_line' id='line_1_35' title="bbox 348 3407 1926 3481; baseline 0.002 -18"><span class='ocrx_word' id='word_1_246' title='bbox 348 3407 465 3463; x_wconf 68' lang='grc' dir='ltr'>ἀπὸ</span> <span class='ocrx_word' id='word_1_247' title='bbox 486 3408 578 3462; x_wconf 88' lang='grc' dir='ltr'>τοῦ</span> <span class='ocrx_word' id='word_1_248' title='bbox 606 3410 836 3481; x_wconf 84' lang='grc' dir='ltr'>πλησίον</span> <span class='ocrx_word' id='word_1_249' title='bbox 861 3410 1145 3480; x_wconf 77' lang='grc' dir='ltr'>ἀφέξεσθε·</span> <span class='ocrx_word' id='word_1_250' title='bbox 1175 3411 1307 3465; x_wconf 80' lang='grc' dir='ltr'>Ἀπὸ</span> <span class='ocrx_word' id='word_1_251' title='bbox 1331 3410 1439 3477; x_wconf 80' lang='grc' dir='ltr'>τῆς</span> <span class='ocrx_word' id='word_1_252' title='bbox 1462 3412 1680 3481; x_wconf 58' lang='grc' dir='ltr'>συγ-κοί</span> <span class='ocrx_word' id='word_1_253' title='bbox 1685 3430 1789 3465; x_wconf 87' lang='grc' dir='ltr'>του</span> <span class='ocrx_word' id='word_1_254' title='bbox 1811 3428 1926 3467; x_wconf 85' lang='grc' dir='ltr'>σου</span> 
     </span>
    </p>
   </div>
   <div class='ocr_carea' id='block_1_36' title="bbox 350 3497 1929 3570">
    <p class='ocr_par' dir='ltr' id='par_1_36' title="bbox 350 3497 1929 3570">
     <span class='ocr_line' id='line_1_36' title="bbox 350 3497 1929 3570; baseline 0.003 -22"><span class='ocrx_word' id='word_1_255' title='bbox 350 3497 631 3565; x_wconf 56' lang='grc' dir='ltr'>φύλαξον</span> <span class='ocrx_word' id='word_1_256' title='bbox 670 3497 776 3552; x_wconf 81' lang='grc' dir='ltr'>τοῦ</span> <span class='ocrx_word' id='word_1_257' title='bbox 810 3497 1134 3552; x_wconf 78' lang='grc' dir='ltr'>ἀναθέσθαι</span> <span class='ocrx_word' id='word_1_258' title='bbox 1163 3510 1188 3540; x_wconf 83' lang='grc' dir='ltr'>ιι</span> <span class='ocrx_word' id='word_1_259' title='bbox 1228 3497 1406 3568; x_wconf 76' lang='grc' dir='ltr'>αὐτῇ.</span> <span class='ocrx_word' id='word_1_260' title='bbox 1440 3498 1503 3551; x_wconf 88' lang='grc' dir='ltr'>Τί</span> <span class='ocrx_word' id='word_1_261' title='bbox 1535 3498 1774 3570; x_wconf 81' lang='grc' dir='ltr'>δήποτε;</span> <span class='ocrx_word' id='word_1_262' title='bbox 1808 3501 1929 3553; x_wconf 75' lang='grc' dir='ltr'>Ὀτι</span> 
     </span>
    </p>
   </div>
   <div class='ocr_carea' id='block_1_37' title="bbox 351 3585 1929 3658">
    <p class='ocr_par' dir='ltr' id='par_1_37' title="bbox 351 3585 1929 3658">
     <span class='ocr_line' id='line_1_37' title="bbox 351 3585 1929 3658; baseline 0.003 -22"><span class='ocrx_word' id='word_1_263' title='bbox 351 3585 541 3656; x_wconf 83' lang='grc' dir='ltr'>καιρὸς</span> <span class='ocrx_word' id='word_1_264' title='bbox 571 3586 802 3656; x_wconf 85' lang='grc' dir='ltr'>πονηρός</span> <span class='ocrx_word' id='word_1_265' title='bbox 844 3586 1017 3649; x_wconf 84' lang='grc' dir='ltr'>ἐστιν,</span> <span class='ocrx_word' id='word_1_266' title='bbox 1069 3587 1190 3640; x_wconf 77' lang='grc' dir='ltr'>Ὅτι</span> <span class='ocrx_word' id='word_1_267' title='bbox 1231 3586 1350 3652; x_wconf 82' lang='grc' dir='ltr'>πᾶς</span> <span class='ocrx_word' id='word_1_268' title='bbox 1391 3587 1650 3656; x_wconf 59' lang='grc' dir='ltr'>ἀδελφὸς</span> <span class='ocrx_word' id='word_1_269' title='bbox 1704 3589 1929 3658; x_wconf 75' lang='grc' dir='ltr'>πτέρνῃ</span> 
     </span>
    </p>
   </div>
   <div class='ocr_carea' id='block_1_38' title="bbox 350 3671 1932 3742">
    <p class='ocr_par' dir='ltr' id='par_1_38' title="bbox 350 3671 1932 3742">
     <span class='ocr_line' id='line_1_38' title="bbox 350 3671 1932 3742; baseline 0.004 -19"><span class='ocrx_word' id='word_1_270' title='bbox 350 3671 632 3740; x_wconf 73' lang='grc' dir='ltr'>πτερνιεῖ,</span> <span class='ocrx_word' id='word_1_271' title='bbox 676 3672 777 3725; x_wconf 77' lang='grc' dir='ltr'>καὶ</span> <span class='ocrx_word' id='word_1_272' title='bbox 808 3671 926 3738; x_wconf 82' lang='grc' dir='ltr'>πᾶς</span> <span class='ocrx_word' id='word_1_273' title='bbox 972 3673 1151 3741; x_wconf 69' lang='grc' dir='ltr'>φίλος</span> <span class='ocrx_word' id='word_1_274' title='bbox 1184 3672 1415 3742; x_wconf 34' lang='grc' dir='ltr'>λδολίως</span> <span class='ocrx_word' id='word_1_275' title='bbox 1448 3677 1781 3742; x_wconf 70' lang='grc' dir='ltr'>πορεύεται.</span> <span class='ocrx_word' id='word_1_276' title='bbox 1818 3678 1932 3731; x_wconf 75' lang='grc' dir='ltr'>Οὐκ</span> 
     </span>
    </p>
   </div>
   <div class='ocr_carea' id='block_1_39' title="bbox 353 3730 1932 3834">
    <p class='ocr_par' dir='ltr' id='par_1_39' title="bbox 353 3730 1932 3834">
     <span class='ocr_line' id='line_1_39' title="bbox 353 3730 1932 3834; baseline 0.004 -25"><span class='ocrx_word' id='word_1_277' title='bbox 353 3730 478 3810; x_wconf 61' lang='grc' dir='ltr'>ἐστί</span> <span class='ocrx_word' id='word_1_278' title='bbox 497 3730 647 3827; x_wconf 76' lang='grc' dir='ltr'>φίλος</span> <span class='ocrx_word' id='word_1_279' title='bbox 671 3730 944 3829; x_wconf 74' lang='grc' dir='ltr'>ἀσφαλὴς,</span> <span class='ocrx_word' id='word_1_280' title='bbox 972 3730 1079 3813; x_wconf 69' lang='grc' dir='ltr'>οὐκ</span> <span class='ocrx_word' id='word_1_281' title='bbox 1096 3730 1323 3829; x_wconf 74' lang='grc' dir='ltr'>ἁδελφὸς</span> <span class='ocrx_word' id='word_1_282' title='bbox 1355 3730 1591 3831; x_wconf 75' lang='grc' dir='ltr'>βέϐαιός.</span> <span class='ocrx_word' id='word_1_283' title='bbox 1639 3762 1932 3834; x_wconf 79' lang='grc' dir='ltr'>Ἀνῄρηται</span> 
     </span>
    </p>
   </div>
   <div class='ocr_carea' id='block_1_40' title="bbox 355 3846 1934 3921">
    <p class='ocr_par' dir='ltr' id='par_1_40' title="bbox 355 3846 1934 3921">
     <span class='ocr_line' id='line_1_40' title="bbox 355 3846 1934 3921; baseline 0.005 -24"><span class='ocrx_word' id='word_1_284' title='bbox 355 3846 416 3899; x_wconf 73' lang='grc' dir='ltr'>τὸ</span> <span class='ocrx_word' id='word_1_285' title='bbox 446 3848 544 3917; x_wconf 86' lang='grc' dir='ltr'>τῆς</span> <span class='ocrx_word' id='word_1_286' title='bbox 573 3848 793 3919; x_wconf 86' lang='grc' dir='ltr'>ἀγάπης</span> <span class='ocrx_word' id='word_1_287' title='bbox 823 3847 986 3900; x_wconf 87' lang='grc' dir='ltr'>καλόν</span> <span class='ocrx_word' id='word_1_288' title='bbox 1006 3865 1019 3877; x_wconf 88' lang='grc'>·</span> <span class='ocrx_word' id='word_1_289' title='bbox 1055 3848 1321 3919; x_wconf 76' lang='grc' dir='ltr'>ἐμφύλιος</span> <span class='ocrx_word' id='word_1_290' title='bbox 1350 3850 1566 3902; x_wconf 74' lang='grc' dir='ltr'>ἅπαντα</span> <span class='ocrx_word' id='word_1_291' title='bbox 1595 3852 1815 3921; x_wconf 85' lang='grc' dir='ltr'>κατέχει</span> <span class='ocrx_word' id='word_1_292' title='bbox 1835 3852 1934 3904; x_wconf 75' lang='grc' dir='ltr'>πό·</span> 
     </span>
    </p>
   </div>
   <div class='ocr_carea' id='block_1_41' title="bbox 354 3930 1935 4011">
    <p class='ocr_par' dir='ltr' id='par_1_41' title="bbox 354 3930 1935 4011">
     <span class='ocr_line' id='line_1_41' title="bbox 354 3930 1935 4011; baseline 0.004 -24"><span class='ocrx_word' id='word_1_293' title='bbox 354 3935 541 4006; x_wconf 84' lang='grc' dir='ltr'>λεμος,</span> <span class='ocrx_word' id='word_1_294' title='bbox 589 3935 872 4006; x_wconf 69' lang='grc' dir='ltr'>ἐμφύλιοῖ,</span> <span class='ocrx_word' id='word_1_295' title='bbox 924 3938 1019 3989; x_wconf 78' lang='grc' dir='ltr'>καὶ</span> <span class='ocrx_word' id='word_1_296' title='bbox 1043 3935 1166 3990; x_wconf 75' lang='grc' dir='ltr'>οὔτε</span> <span class='ocrx_word' id='word_1_297' title='bbox 1200 3930 1356 4001; x_wconf 72' lang='grc' dir='ltr'>οὗτος</span> <span class='ocrx_word' id='word_1_298' title='bbox 1386 3937 1565 4008; x_wconf 86' lang='grc' dir='ltr'>δῆλος,</span> <span class='ocrx_word' id='word_1_299' title='bbox 1611 3937 1762 4011; x_wconf 73' lang='grc'>[406]</span> <span class='ocrx_word' id='word_1_300' title='bbox 1797 3940 1935 3994; x_wconf 78' lang='grc' dir='ltr'>ἀλλὰ</span> 
     </span>
    </p>
   </div>
   <div class='ocr_carea' id='block_1_42' title="bbox 359 4024 1937 4096">
    <p class='ocr_par' dir='ltr' id='par_1_42' title="bbox 359 4024 1937 4096">
     <span class='ocr_line' id='line_1_42' title="bbox 359 4024 1937 4096; baseline 0.004 -21"><span class='ocrx_word' id='word_1_301' title='bbox 359 4024 835 4094; x_wconf 84' lang='grc' dir='ltr'>συνεσκιασμένος.</span> <span class='ocrx_word' id='word_1_302' title='bbox 856 4024 1040 4096; x_wconf 82' lang='grc' dir='ltr'>Μυρία</span> <span class='ocrx_word' id='word_1_303' title='bbox 1068 4024 1343 4095; x_wconf 79' lang='grc' dir='ltr'>πανταχοῦ</span> <span class='ocrx_word' id='word_1_304' title='bbox 1368 4030 1707 4095; x_wconf 86' lang='grc' dir='ltr'>προσωπεῖα.</span> <span class='ocrx_word' id='word_1_305' title='bbox 1735 4029 1937 4082; x_wconf 73' lang='grc' dir='ltr'>Πολλαὶ</span> 
     </span>
    </p>
   </div>
   <div class='ocr_carea' id='block_1_43' title="bbox 357 4110 1935 4185">
    <p class='ocr_par' dir='ltr' id='par_1_43' title="bbox 357 4110 1935 4185">
     <span class='ocr_line' id='line_1_43' title="bbox 357 4110 1935 4185; baseline 0.003 -22"><span class='ocrx_word' id='word_1_306' title='bbox 357 4110 469 4164; x_wconf 86' lang='grc' dir='ltr'>τῶν</span> <span class='ocrx_word' id='word_1_307' title='bbox 499 4111 785 4183; x_wconf 81' lang='grc' dir='ltr'>προϐάτων</span> <span class='ocrx_word' id='word_1_308' title='bbox 831 4112 886 4165; x_wconf 78' lang='grc' dir='ltr'>αἱ</span> <span class='ocrx_word' id='word_1_309' title='bbox 929 4111 1102 4183; x_wconf 75' lang='grc' dir='ltr'>δοραὶ.</span> <span class='ocrx_word' id='word_1_310' title='bbox 1134 4113 1495 4185; x_wconf 68' lang='grc' dir='ltr'>ἀναρίθμητοι</span> <span class='ocrx_word' id='word_1_311' title='bbox 1528 4115 1803 4185; x_wconf 80' lang='grc' dir='ltr'>πανταχοῦ</span> <span class='ocrx_word' id='word_1_312' title='bbox 1841 4132 1935 4168; x_wconf 86' lang='grc' dir='ltr'>κε-</span> 
     </span>
    </p>
   </div>
   <div class='ocr_carea' id='block_1_44' title="bbox 359 4198 1937 4273">
    <p class='ocr_par' dir='ltr' id='par_1_44' title="bbox 359 4198 1937 4273">
     <span class='ocr_line' id='line_1_44' title="bbox 359 4198 1937 4273; baseline 0.003 -22"><span class='ocrx_word' id='word_1_313' title='bbox 359 4199 669 4270; x_wconf 79' lang='grc' dir='ltr'>κρυμμένοι</span> <span class='ocrx_word' id='word_1_314' title='bbox 702 4198 888 4253; x_wconf 84' lang='grc' dir='ltr'>λύκοι·</span> <span class='ocrx_word' id='word_1_315' title='bbox 915 4201 1010 4254; x_wconf 73' lang='grc' dir='ltr'>καὶ</span> <span class='ocrx_word' id='word_1_316' title='bbox 1040 4202 1446 4273; x_wconf 83' lang='grc' dir='ltr'>ἀσφαλέστερον</span> <span class='ocrx_word' id='word_1_317' title='bbox 1475 4202 1539 4256; x_wconf 85' lang='grc' dir='ltr'>ἄν</span> <span class='ocrx_word' id='word_1_318' title='bbox 1570 4221 1654 4267; x_wconf 90' lang='grc' dir='ltr'>τις</span> <span class='ocrx_word' id='word_1_319' title='bbox 1684 4204 1743 4256; x_wconf 84' lang='grc' dir='ltr'>ἐν</span> <span class='ocrx_word' id='word_1_320' title='bbox 1778 4204 1937 4257; x_wconf 87' lang='grc' dir='ltr'>πολε-</span> 
     </span>
    </p>
   </div>
   <div class='ocr_carea' id='block_1_45' title="bbox 364 4287 1940 4359">
    <p class='ocr_par' dir='ltr' id='par_1_45' title="bbox 364 4287 1940 4359">
     <span class='ocr_line' id='line_1_45' title="bbox 364 4287 1940 4359; baseline 0.006 -23"><span class='ocrx_word' id='word_1_321' title='bbox 364 4288 510 4354; x_wconf 81' lang='grc' dir='ltr'>μίοις</span> <span class='ocrx_word' id='word_1_322' title='bbox 565 4288 766 4355; x_wconf 83' lang='grc' dir='ltr'>μᾶλλον</span> <span class='ocrx_word' id='word_1_323' title='bbox 823 4287 1087 4359; x_wconf 79' lang='grc' dir='ltr'>βιώσειεν,</span> <span class='ocrx_word' id='word_1_324' title='bbox 1142 4288 1174 4359; x_wconf 86' lang='grc' dir='ltr'>ἢ</span> <span class='ocrx_word' id='word_1_325' title='bbox 1227 4291 1285 4341; x_wconf 88' lang='grc' dir='ltr'>ἐν</span> <span class='ocrx_word' id='word_1_326' title='bbox 1328 4292 1441 4354; x_wconf 82' lang='grc' dir='ltr'>τοῖς</span> <span class='ocrx_word' id='word_1_327' title='bbox 1496 4290 1746 4344; x_wconf 89' lang='grc' dir='ltr'>δοκοῦσιν</span> <span class='ocrx_word' id='word_1_328' title='bbox 1798 4287 1940 4347; x_wconf 73' lang='grc' dir='ltr'>εἶναι</span> 
     </span>
    </p>
   </div>
   <div class='ocr_carea' id='block_1_46' title="bbox 364 4373 1940 4447">
    <p class='ocr_par' dir='ltr' id='par_1_46' title="bbox 364 4373 1940 4447">
     <span class='ocr_line' id='line_1_46' title="bbox 364 4373 1940 4447; baseline 0.005 -22"><span class='ocrx_word' id='word_1_329' title='bbox 364 4373 561 4443; x_wconf 82' lang='grc' dir='ltr'>φίλοις.</span> <span class='ocrx_word' id='word_1_330' title='bbox 602 4377 665 4428; x_wconf 74' lang='lat' dir='ltr'>OE</span> <span class='ocrx_word' id='word_1_331' title='bbox 696 4375 825 4446; x_wconf 82' lang='grc' dir='ltr'>χθὲς</span> <span class='ocrx_word' id='word_1_332' title='bbox 875 4376 1290 4447; x_wconf 79' lang='grc' dir='ltr'>θεραπεύοντες,</span> <span class='ocrx_word' id='word_1_333' title='bbox 1337 4379 1386 4431; x_wconf 82' lang='grc' dir='ltr'>οἱ</span> <span class='ocrx_word' id='word_1_334' title='bbox 1432 4377 1843 4444; x_wconf 86' lang='grc' dir='ltr'>κολακεύοντες,</span> <span class='ocrx_word' id='word_1_335' title='bbox 1892 4383 1940 4433; x_wconf 77' lang='grc' dir='ltr'>οἱ</span> 
     </span>
    </p>
   </div>
   <div class='ocr_carea' id='block_1_47' title="bbox 363 4463 1940 4537">
    <p class='ocr_par' dir='ltr' id='par_1_47' title="bbox 363 4463 1940 4537">
     <span class='ocr_line' id='line_1_47' title="bbox 363 4463 1940 4537; baseline 0.006 -26"><span class='ocrx_word' id='word_1_336' title='bbox 363 4463 556 4532; x_wconf 82' lang='grc' dir='ltr'>χεῖρας</span> <span class='ocrx_word' id='word_1_337' title='bbox 603 4463 1048 4533; x_wconf 81' lang='grc' dir='ltr'>καταφιλοῦντες,</span> <span class='ocrx_word' id='word_1_338' title='bbox 1085 4465 1280 4535; x_wconf 85' lang='grc' dir='ltr'>ἀθρόον</span> <span class='ocrx_word' id='word_1_339' title='bbox 1324 4465 1420 4518; x_wconf 90' lang='grc' dir='ltr'>νῦν</span> <span class='ocrx_word' id='word_1_340' title='bbox 1452 4465 1703 4537; x_wconf 84' lang='grc' dir='ltr'>πολέμιοι</span> <span class='ocrx_word' id='word_1_341' title='bbox 1734 4468 1940 4536; x_wconf 83' lang='grc' dir='ltr'>ἀνεφά-</span> 
     </span>
    </p>
   </div>
   <div class='ocr_carea' id='block_1_48' title="bbox 364 4550 1944 4627">
    <p class='ocr_par' dir='ltr' id='par_1_48' title="bbox 364 4550 1944 4627">
     <span class='ocr_line' id='line_1_48' title="bbox 364 4550 1944 4627; baseline 0.003 -25"><span class='ocrx_word' id='word_1_342' title='bbox 364 4565 569 4619; x_wconf 87' lang='grc' dir='ltr'>νησαν,</span> <span class='ocrx_word' id='word_1_343' title='bbox 621 4552 716 4604; x_wconf 77' lang='grc' dir='ltr'>καὶ</span> <span class='ocrx_word' id='word_1_344' title='bbox 772 4550 841 4603; x_wconf 80' lang='grc' dir='ltr'>τά</span> <span class='ocrx_word' id='word_1_345' title='bbox 897 4556 1216 4622; x_wconf 85' lang='grc' dir='ltr'>προσωπεῖα</span> <span class='ocrx_word' id='word_1_346' title='bbox 1281 4552 1560 4623; x_wconf 77' lang='grc' dir='ltr'>ῥίψαντες,</span> <span class='ocrx_word' id='word_1_347' title='bbox 1622 4556 1944 4627; x_wconf 80' lang='grc' dir='ltr'>κατηγόρων</span> 
     </span>
    </p>
   </div>
   <div class='ocr_carea' id='block_1_49' title="bbox 368 4634 1946 4713">
    <p class='ocr_par' dir='ltr' id='par_1_49' title="bbox 368 4634 1946 4713">
     <span class='ocr_line' id='line_1_49' title="bbox 368 4634 1946 4713; baseline 0.004 -24"><span class='ocrx_word' id='word_1_348' title='bbox 368 4636 622 4690; x_wconf 83' lang='grc' dir='ltr'>ἁπάντων</span> <span class='ocrx_word' id='word_1_349' title='bbox 663 4638 981 4710; x_wconf 87' lang='grc' dir='ltr'>πικρότεροι</span> <span class='ocrx_word' id='word_1_350' title='bbox 1012 4640 1320 4709; x_wconf 86' lang='grc' dir='ltr'>γεγόνασιν,</span> <span class='ocrx_word' id='word_1_351' title='bbox 1363 4641 1502 4712; x_wconf 83' lang='grc' dir='ltr'>ὑπὲρ</span> <span class='ocrx_word' id='word_1_352' title='bbox 1529 4634 1603 4693; x_wconf 87' lang='grc' dir='ltr'>ὧν</span> <span class='ocrx_word' id='word_1_353' title='bbox 1627 4642 1818 4712; x_wconf 81' lang='grc' dir='ltr'>πρώην</span> <span class='ocrx_word' id='word_1_354' title='bbox 1845 4643 1946 4713; x_wconf 89' lang='grc' dir='ltr'>χά-</span> 
     </span>
    </p>
   </div>
   <div class='ocr_carea' id='block_1_50' title="bbox 369 4726 1947 4801">
    <p class='ocr_par' dir='ltr' id='par_1_50' title="bbox 369 4726 1947 4801">
     <span class='ocr_line' id='line_1_50' title="bbox 369 4726 1947 4801; baseline 0.006 -24"><span class='ocrx_word' id='word_1_355' title='bbox 369 4743 525 4797; x_wconf 86' lang='grc' dir='ltr'>ριτας</span> <span class='ocrx_word' id='word_1_356' title='bbox 581 4726 927 4798; x_wconf 84' lang='grc' dir='ltr'>ὡμολόγουν,</span> <span class='ocrx_word' id='word_1_357' title='bbox 980 4730 1127 4801; x_wconf 80' lang='grc' dir='ltr'>ὑπὲρ</span> <span class='ocrx_word' id='word_1_358' title='bbox 1182 4731 1386 4783; x_wconf 88' lang='grc' dir='ltr'>τούτων</span> <span class='ocrx_word' id='word_1_359' title='bbox 1433 4730 1794 4799; x_wconf 78' lang='grc' dir='ltr'>ἐγκαλοῦντες</span> <span class='ocrx_word' id='word_1_360' title='bbox 1849 4732 1947 4787; x_wconf 72' lang='grc' dir='ltr'>καὶ</span> 
     </span>
    </p>
   </div>
   <div class='ocr_carea' id='block_1_51' title="bbox 362 4813 768 4880">
    <p class='ocr_par' dir='ltr' id='par_1_51' title="bbox 362 4813 768 4880">
     <span class='ocr_line' id='line_1_51' title="bbox 362 4813 768 4880; baseline 0.01 -14"><span class='ocrx_word' id='word_1_361' title='bbox 362 4813 768 4880; x_wconf 86' lang='grc' dir='ltr'>διαϐάλλοντες.</span> 
     </span>
    </p>
   </div>
   <div class='ocr_carea' id='block_1_52' title="bbox 444 4901 1947 4981">
    <p class='ocr_par' dir='ltr' id='par_1_52' title="bbox 444 4901 1947 4981">
     <span class='ocr_line' id='line_1_52' title="bbox 444 4901 1947 4981; baseline 0.003 -21"><span class='ocrx_word' id='word_1_362' title='bbox 444 4902 508 4974; x_wconf 86' lang='grc' dir='ltr'>β’.</span> <span class='ocrx_word' id='word_1_363' title='bbox 540 4904 605 4956; x_wconf 90' lang='grc' dir='ltr'>Τί</span> <span class='ocrx_word' id='word_1_364' title='bbox 628 4901 720 4958; x_wconf 80' lang='grc' dir='ltr'>οὖν</span> <span class='ocrx_word' id='word_1_365' title='bbox 743 4906 962 4959; x_wconf 87' lang='grc' dir='ltr'>πάντων</span> <span class='ocrx_word' id='word_1_366' title='bbox 978 4904 1181 4973; x_wconf 79' lang='grc' dir='ltr'>αῖτιον;</span> <span class='ocrx_word' id='word_1_367' title='bbox 1214 4906 1432 4961; x_wconf 81' lang='grc' dir='ltr'>Τούτων</span> <span class='ocrx_word' id='word_1_368' title='bbox 1459 4908 1487 4960; x_wconf 98' lang='lat'>6</span> <span class='ocrx_word' id='word_1_369' title='bbox 1512 4907 1621 4961; x_wconf 87' lang='grc' dir='ltr'>τῶν</span> <span class='ocrx_word' id='word_1_370' title='bbox 1648 4909 1947 4981; x_wconf 84' lang='grc' dir='ltr'>χρημάτων</span> 
     </span>
    </p>
   </div>
   <div class='ocr_carea' id='block_1_53' title="bbox 368 4992 1949 5069">
    <p class='ocr_par' dir='ltr' id='par_1_53' title="bbox 368 4992 1949 5069">
     <span class='ocr_line' id='line_1_53' title="bbox 368 4992 1949 5069; baseline 0.004 -24"><span class='ocrx_word' id='word_1_371' title='bbox 368 4992 531 5063; x_wconf 79' lang='grc' dir='ltr'>ἔρως,</span> <span class='ocrx_word' id='word_1_372' title='bbox 562 4995 597 5064; x_wconf 82' lang='grc' dir='ltr'><strong>ἡ</strong></span> <span class='ocrx_word' id='word_1_373' title='bbox 645 4995 773 5062; x_wconf 73' lang='grc' dir='ltr'>περὶ</span> <span class='ocrx_word' id='word_1_374' title='bbox 816 4995 917 5065; x_wconf 84' lang='grc' dir='ltr'>τὴν</span> <span class='ocrx_word' id='word_1_375' title='bbox 968 4994 1335 5067; x_wconf 83' lang='grc' dir='ltr'>φιλαργυρίαν</span> <span class='ocrx_word' id='word_1_376' title='bbox 1389 4997 1576 5067; x_wconf 84' lang='grc' dir='ltr'>μανία,</span> <span class='ocrx_word' id='word_1_377' title='bbox 1627 4997 1688 5050; x_wconf 76' lang='grc' dir='ltr'>τὸ</span> <span class='ocrx_word' id='word_1_378' title='bbox 1732 4999 1949 5069; x_wconf 89' lang='grc' dir='ltr'>νόσημα</span> 
     </span>
    </p>
   </div>
   <div class='ocr_carea' id='block_1_54' title="bbox 369 5080 1952 5157">
    <p class='ocr_par' dir='ltr' id='par_1_54' title="bbox 369 5080 1952 5157">
     <span class='ocr_line' id='line_1_54' title="bbox 369 5080 1952 5157; baseline 0.003 -24"><span class='ocrx_word' id='word_1_379' title='bbox 369 5080 611 5145; x_wconf 78' lang='grc' dir='ltr'>ἀνίατον,</span> <span class='ocrx_word' id='word_1_380' title='bbox 638 5083 671 5153; x_wconf 76' lang='grc' dir='ltr'>ἡ</span> <span class='ocrx_word' id='word_1_381' title='bbox 696 5082 925 5153; x_wconf 84' lang='grc' dir='ltr'>κάμινος</span> <span class='ocrx_word' id='word_1_382' title='bbox 947 5083 981 5152; x_wconf 77' lang='grc' dir='ltr'>ἡ</span> <span class='ocrx_word' id='word_1_383' title='bbox 1007 5083 1277 5152; x_wconf 85' lang='grc' dir='ltr'>μηδέποτε</span> <span class='ocrx_word' id='word_1_384' title='bbox 1304 5082 1661 5155; x_wconf 87' lang='grc' dir='ltr'>σϐεννυμένη,</span> <span class='ocrx_word' id='word_1_385' title='bbox 1690 5086 1723 5155; x_wconf 88' lang='grc' dir='ltr'>ἡ</span> <span class='ocrx_word' id='word_1_386' title='bbox 1751 5103 1952 5157; x_wconf 82' lang='grc' dir='ltr'>τυραν-</span> 
     </span>
    </p>
   </div>
   <div class='ocr_carea' id='block_1_55' title="bbox 371 5168 1950 5244">
    <p class='ocr_par' dir='ltr' id='par_1_55' title="bbox 371 5168 1950 5244">
     <span class='ocr_line' id='line_1_55' title="bbox 371 5168 1950 5244; baseline 0.005 -25"><span class='ocrx_word' id='word_1_387' title='bbox 371 5168 457 5229; x_wconf 57' lang='lat' dir='ltr'>vi;</span> <span class='ocrx_word' id='word_1_388' title='bbox 478 5169 512 5238; x_wconf 86' lang='grc' dir='ltr'><strong>ή</strong></span> <span class='ocrx_word' id='word_1_389' title='bbox 548 5168 824 5239; x_wconf 81' lang='grc' dir='ltr'>πανταχοῦ</span> <span class='ocrx_word' id='word_1_390' title='bbox 853 5170 952 5238; x_wconf 85' lang='grc' dir='ltr'>τῆς</span> <span class='ocrx_word' id='word_1_391' title='bbox 977 5170 1302 5239; x_wconf 82' lang='grc' dir='ltr'>οἰκουμένης</span> <span class='ocrx_word' id='word_1_392' title='bbox 1334 5171 1694 5242; x_wconf 86' lang='grc' dir='ltr'>ἐκτεταμένη.</span> <span class='ocrx_word' id='word_1_393' title='bbox 1750 5174 1848 5227; x_wconf 80' lang='grc' dir='ltr'>Διά</span> <span class='ocrx_word' id='word_1_394' title='bbox 1885 5173 1950 5244; x_wconf 80' lang='grc' dir='ltr'>δὴ</span> 
     </span>
    </p>
   </div>
   <div class='ocr_carea' id='block_1_56' title="bbox 370 5255 1955 5328">
    <p class='ocr_par' dir='ltr' id='par_1_56' title="bbox 370 5255 1955 5328">
     <span class='ocr_line' id='line_1_56' title="bbox 370 5255 1955 5328; baseline 0.004 -22"><span class='ocrx_word' id='word_1_395' title='bbox 370 5255 529 5308; x_wconf 83' lang='grc' dir='ltr'>τοῦτο</span> <span class='ocrx_word' id='word_1_396' title='bbox 560 5256 655 5308; x_wconf 71' lang='grc' dir='ltr'>καὶ</span> <span class='ocrx_word' id='word_1_397' title='bbox 683 5258 845 5326; x_wconf 84' lang='grc' dir='ltr'>ἡμεῖς</span> <span class='ocrx_word' id='word_1_398' title='bbox 872 5256 909 5310; x_wconf 80' lang='grc' dir='ltr'>δι</span> <span class='ocrx_word' id='word_1_399' title='bbox 930 5257 1194 5327; x_wconf 84' lang='grc' dir='ltr'>πρότερον</span> <span class='ocrx_word' id='word_1_400' title='bbox 1220 5257 1498 5327; x_wconf 87' lang='grc' dir='ltr'>ἐλέγομεν,</span> <span class='ocrx_word' id='word_1_401' title='bbox 1522 5259 1617 5312; x_wconf 73' lang='grc' dir='ltr'>καὶ</span> <span class='ocrx_word' id='word_1_402' title='bbox 1646 5258 1741 5311; x_wconf 87' lang='grc' dir='ltr'>νῦν</span> <span class='ocrx_word' id='word_1_403' title='bbox 1768 5260 1955 5328; x_wconf 81' lang='grc' dir='ltr'>λέγον-</span> 
     </span>
    </p>
   </div>
   <div class='ocr_carea' id='block_1_57' title="bbox 370 5344 1955 5418">
    <p class='ocr_par' dir='ltr' id='par_1_57' title="bbox 370 5344 1955 5418">
     <span class='ocr_line' id='line_1_57' title="bbox 370 5344 1955 5418; baseline 0.004 -22"><span class='ocrx_word' id='word_1_404' title='bbox 370 5360 463 5407; x_wconf 85' lang='grc' dir='ltr'>τες</span> <span class='ocrx_word' id='word_1_405' title='bbox 489 5344 549 5397; x_wconf 83' lang='grc' dir='ltr'>οὐ</span> <span class='ocrx_word' id='word_1_406' title='bbox 578 5345 925 5413; x_wconf 79' lang='grc' dir='ltr'>παυσόμεθα,</span> <span class='ocrx_word' id='word_1_407' title='bbox 953 5345 1130 5398; x_wconf 87' lang='grc' dir='ltr'>καίτοι</span> <span class='ocrx_word' id='word_1_408' title='bbox 1164 5344 1350 5398; x_wconf 72' lang='grc' dir='ltr'>πολλοὶ</span> <span class='ocrx_word' id='word_1_409' title='bbox 1386 5345 1580 5417; x_wconf 86' lang='grc' dir='ltr'>πρώην</span> <span class='ocrx_word' id='word_1_410' title='bbox 1609 5348 1741 5418; x_wconf 84' lang='grc' dir='ltr'>ἡμῖν</span> <span class='ocrx_word' id='word_1_411' title='bbox 1766 5349 1955 5402; x_wconf 83' lang='grc' dir='ltr'>ἐνεκά-</span> 
     </span>
    </p>
   </div>
   <div class='ocr_carea' id='block_1_58' title="bbox 371 5431 1954 5506">
    <p class='ocr_par' dir='ltr' id='par_1_58' title="bbox 371 5431 1954 5506">
     <span class='ocr_line' id='line_1_58' title="bbox 371 5431 1954 5506; baseline 0.004 -23"><span class='ocrx_word' id='word_1_412' title='bbox 371 5431 521 5499; x_wconf 85' lang='grc' dir='ltr'>λουν,</span> <span class='ocrx_word' id='word_1_413' title='bbox 563 5434 656 5486; x_wconf 79' lang='grc' dir='ltr'>καὶ</span> <span class='ocrx_word' id='word_1_414' title='bbox 686 5434 862 5487; x_wconf 87' lang='grc' dir='ltr'>ταῦτα</span> <span class='ocrx_word' id='word_1_415' title='bbox 895 5433 1079 5502; x_wconf 76' lang='grc' dir='ltr'>ἔλεγον</span> <span class='ocrx_word' id='word_1_416' title='bbox 1101 5449 1113 5460; x_wconf 91' lang='grc'>·</span> <span class='ocrx_word' id='word_1_417' title='bbox 1143 5432 1218 5485; x_wconf 78' lang='grc' dir='ltr'><strong>Οὐ</strong></span> <span class='ocrx_word' id='word_1_418' title='bbox 1263 5433 1410 5506; x_wconf 81' lang='grc' dir='ltr'>παύῃ</span> <span class='ocrx_word' id='word_1_419' title='bbox 1446 5434 1589 5487; x_wconf 70' lang='grc' dir='ltr'>κατά</span> <span class='ocrx_word' id='word_1_420' title='bbox 1635 5436 1743 5489; x_wconf 89' lang='grc' dir='ltr'>τῶν</span> <span class='ocrx_word' id='word_1_421' title='bbox 1791 5436 1954 5489; x_wconf 88' lang='grc' dir='ltr'>πλου-</span> 
     </span>
    </p>
   </div>
   <div class='ocr_carea' id='block_1_59' title="bbox 372 5521 1954 5596">
    <p class='ocr_par' dir='ltr' id='par_1_59' title="bbox 372 5521 1954 5596">
     <span class='ocr_line' id='line_1_59' title="bbox 372 5521 1954 5596; baseline 0.002 -22"><span class='ocrx_word' id='word_1_422' title='bbox 372 5521 610 5577; x_wconf 84' lang='grc' dir='ltr'>τούντων</span> <span class='ocrx_word' id='word_1_423' title='bbox 637 5523 1001 5593; x_wconf 72' lang='grc' dir='ltr'>ὀπλιζόμενος</span> <span class='ocrx_word' id='word_1_424' title='bbox 1039 5526 1104 5595; x_wconf 81' lang='grc' dir='ltr'>τῇ</span> <span class='ocrx_word' id='word_1_425' title='bbox 1135 5522 1383 5593; x_wconf 72' lang='grc' dir='ltr'>γλώττης</span> <span class='ocrx_word' id='word_1_426' title='bbox 1423 5524 1482 5575; x_wconf 86' lang='grc' dir='ltr'>ού</span> <span class='ocrx_word' id='word_1_427' title='bbox 1530 5523 1678 5596; x_wconf 82' lang='grc' dir='ltr'>παύῃ</span> <span class='ocrx_word' id='word_1_428' title='bbox 1716 5525 1954 5595; x_wconf 90' lang='grc' dir='ltr'>συνεχῶς</span> 
     </span>
    </p>
   </div>
   <div class='ocr_carea' id='block_1_60' title="bbox 372 5610 1956 5686">
    <p class='ocr_par' dir='ltr' id='par_1_60' title="bbox 372 5610 1956 5686">
     <span class='ocr_line' id='line_1_60' title="bbox 372 5610 1956 5686; baseline 0.003 -22"><span class='ocrx_word' id='word_1_429' title='bbox 372 5610 638 5676; x_wconf 83' lang='grc' dir='ltr'>τοιούτοις</span> <span class='ocrx_word' id='word_1_430' title='bbox 670 5611 965 5682; x_wconf 81' lang='grc' dir='ltr'>πολεμῶν;</span> <span class='ocrx_word' id='word_1_431' title='bbox 1015 5612 1109 5684; x_wconf 82' lang='grc' dir='ltr'>Μὴ</span> <span class='ocrx_word' id='word_1_432' title='bbox 1155 5610 1267 5682; x_wconf 88' lang='grc' dir='ltr'>ἐγὼ</span> <span class='ocrx_word' id='word_1_433' title='bbox 1310 5611 1520 5677; x_wconf 85' lang='grc' dir='ltr'>τούτοις</span> <span class='ocrx_word' id='word_1_434' title='bbox 1574 5614 1827 5686; x_wconf 75' lang='grc' dir='ltr'>πολεμιῖ›;</span> <span class='ocrx_word' id='word_1_435' title='bbox 1880 5613 1956 5685; x_wconf 82' lang='grc' dir='ltr'>μὴ</span> 
     </span>
    </p>
   </div>
   <div class='ocr_carea' id='block_1_61' title="bbox 436 5781 1959 5852">
    <p class='ocr_par' dir='ltr' id='par_1_61' title="bbox 436 5781 1959 5852">
     <span class='ocr_line' id='line_1_61' title="bbox 436 5781 1959 5852; baseline 0.003 -20"><span class='ocrx_word' id='word_1_436' title='bbox 436 5785 460 5811; x_wconf 88' lang='grc'><strong><em>⁸</em></strong></span> <span class='ocrx_word' id='word_1_437' title='bbox 495 5783 615 5846; x_wconf 78' lang='lat' dir='ltr'>Reg.</span> <span class='ocrx_word' id='word_1_438' title='bbox 636 5781 725 5832; x_wconf 85' lang='grc' dir='ltr'>τοῦ</span> <span class='ocrx_word' id='word_1_439' title='bbox 743 5782 1017 5852; x_wconf 53' lang='grc' dir='ltr'>ἀναθέσθαι,</span> <span class='ocrx_word' id='word_1_440' title='bbox 1039 5786 1087 5852; x_wconf 58' lang='grc' dir='ltr'>(ξι</span> <span class='ocrx_word' id='word_1_441' title='bbox 1111 5782 1385 5852; x_wconf 74' lang='lat' dir='ltr'>sic_le_gilur</span> <span class='ocrx_word' id='word_1_442' title='bbox 1408 5786 1534 5846; x_wconf 78' lang='lat' dir='ltr'>apud</span> <span class='ocrx_word' id='word_1_443' title='bbox 1575 5784 1844 5843; x_wconf 66' lang='lat' dir='ltr'>Michmam,</span> <span class='ocrx_word' id='word_1_444' title='bbox 1872 5783 1959 5837; x_wconf 84' lang='lat' dir='ltr'>ad-</span> 
     </span>
    </p>
   </div>
   <div class='ocr_carea' id='block_1_62' title="bbox 372 5844 1330 5906">
    <p class='ocr_par' dir='ltr' id='par_1_62' title="bbox 372 5844 1330 5906">
     <span class='ocr_line' id='line_1_62' title="bbox 372 5844 1330 5906; baseline -0.003 -11"><span class='ocrx_word' id='word_1_445' title='bbox 372 5845 536 5895; x_wconf 66' lang='lat' dir='ltr'>ditur:</span> <span class='ocrx_word' id='word_1_446' title='bbox 561 5844 676 5896; x_wconf 60' lang='lat' dir='ltr'>inte</span> <span class='ocrx_word' id='word_1_447' title='bbox 701 5845 842 5906; x_wconf 79' lang='grc' dir='ltr'>αὐτῇ.</span> <span class='ocrx_word' id='word_1_448' title='bbox 871 5844 1017 5893; x_wconf 72' lang='lat' dir='ltr'>Iidill.</span> <span class='ocrx_word' id='word_1_449' title='bbox 1043 5844 1330 5892; x_wconf 77' lang='grc' dir='ltr'>ἀνακεῖσθαι.</span> 
     </span>
    </p>
   </div>
   <div class='ocr_carea' id='block_1_63' title="bbox 3483 419 3588 476">
    <p class='ocr_par' dir='ltr' id='par_1_63' title="bbox 3483 419 3588 476">
     <span class='ocr_line' id='line_1_63' title="bbox 3483 419 3588 476; baseline 0 0"><span class='ocrx_word' id='word_1_450' title='bbox 3483 419 3547 476; x_wconf 70' lang='grc'><strong>41</strong></span> <span class='ocrx_word' id='word_1_451' title='bbox 3557 424 3588 476; x_wconf 71' lang='grc' dir='ltr'>ϐ</span> 
     </span>
    </p>
   </div>
   <div class='ocr_carea' id='block_1_64' title="bbox 2017 530 3593 607">
    <p class='ocr_par' dir='ltr' id='par_1_64' title="bbox 2017 530 3593 607">
     <span class='ocr_line' id='line_1_64' title="bbox 2017 530 3593 607; baseline 0.006 -25"><span class='ocrx_word' id='word_1_452' title='bbox 2017 530 2129 599; x_wconf 81' lang='grc' dir='ltr'>ἐγὼ</span> <span class='ocrx_word' id='word_1_453' title='bbox 2161 535 2282 587; x_wconf 87' lang='grc' dir='ltr'>κατ’</span> <span class='ocrx_word' id='word_1_454' title='bbox 2302 535 2486 587; x_wconf 78' lang='grc' dir='ltr'>αὐτῶν</span> <span class='ocrx_word' id='word_1_455' title='bbox 2508 534 2801 604; x_wconf 82' lang='grc' dir='ltr'>όπλίζομαι</span> <span class='ocrx_word' id='word_1_456' title='bbox 2822 551 2836 600; x_wconf 88' lang='lat'>;</span> <span class='ocrx_word' id='word_1_457' title='bbox 2861 533 2961 589; x_wconf 78' lang='grc' dir='ltr'>οὐκ</span> <span class='ocrx_word' id='word_1_458' title='bbox 2987 532 3101 604; x_wconf 81' lang='grc' dir='ltr'>ἐγὼ</span> <span class='ocrx_word' id='word_1_459' title='bbox 3132 532 3230 607; x_wconf 79' lang='grc' dir='ltr'>μὲν</span> <span class='ocrx_word' id='word_1_460' title='bbox 3254 531 3393 603; x_wconf 82' lang='grc' dir='ltr'>ὑπὲρ</span> <span class='ocrx_word' id='word_1_461' title='bbox 3411 533 3593 591; x_wconf 71' lang='grc' dir='ltr'>αὐτῶν</span> 
     </span>
    </p>
   </div>
   <div class='ocr_carea' id='block_1_65' title="bbox 2007 618 3591 695">
    <p class='ocr_par' dir='ltr' id='par_1_65' title="bbox 2007 618 3591 695">
     <span class='ocr_line' id='line_1_65' title="bbox 2007 618 3591 695; baseline 0.003 -25"><span class='ocrx_word' id='word_1_462' title='bbox 2007 618 2183 673; x_wconf 87' lang='grc' dir='ltr'>πάντα</span> <span class='ocrx_word' id='word_1_463' title='bbox 2208 622 2353 691; x_wconf 89' lang='grc' dir='ltr'>λέγω</span> <span class='ocrx_word' id='word_1_464' title='bbox 2385 622 2481 675; x_wconf 75' lang='grc' dir='ltr'>καὶ</span> <span class='ocrx_word' id='word_1_465' title='bbox 2513 621 2674 685; x_wconf 86' lang='grc' dir='ltr'>ποιῶ,</span> <span class='ocrx_word' id='word_1_466' title='bbox 2708 622 2862 676; x_wconf 75' lang='grc' dir='ltr'>αὐτοὶ</span> <span class='ocrx_word' id='word_1_467' title='bbox 2890 622 2943 676; x_wconf 87' lang='grc' dir='ltr'>δὲ</span> <span class='ocrx_word' id='word_1_468' title='bbox 2975 623 3099 676; x_wconf 86' lang='grc' dir='ltr'>κατ’</span> <span class='ocrx_word' id='word_1_469' title='bbox 3136 620 3317 675; x_wconf 84' lang='grc' dir='ltr'>αὐτῶν</span> <span class='ocrx_word' id='word_1_470' title='bbox 3353 619 3421 673; x_wconf 85' lang='grc' dir='ltr'>τὰ</span> <span class='ocrx_word' id='word_1_471' title='bbox 3461 621 3591 695; x_wconf 79' lang='grc' dir='ltr'>ξίφη</span> 
     </span>
    </p>
   </div>
   <div class='ocr_carea' id='block_1_66' title="bbox 2006 705 3593 781">
    <p class='ocr_par' dir='ltr' id='par_1_66' title="bbox 2006 705 3593 781">
     <span class='ocr_line' id='line_1_66' title="bbox 2006 705 3593 781; baseline 0.003 -24"><span class='ocrx_word' id='word_1_472' title='bbox 2006 705 2311 776; x_wconf 78' lang='grc' dir='ltr'>ἡκόνησαν;</span> <span class='ocrx_word' id='word_1_473' title='bbox 2338 708 2438 762; x_wconf 82' lang='grc' dir='ltr'>οὐκ</span> <span class='ocrx_word' id='word_1_474' title='bbox 2463 708 2633 775; x_wconf 80' lang='grc' dir='ltr'>ἔδειξε</span> <span class='ocrx_word' id='word_1_475' title='bbox 2665 710 2775 762; x_wconf 88' lang='grc' dir='ltr'>τῶν</span> <span class='ocrx_word' id='word_1_476' title='bbox 2802 709 3149 780; x_wconf 85' lang='grc' dir='ltr'>πραγμάτων</span> <span class='ocrx_word' id='word_1_477' title='bbox 3179 709 3213 779; x_wconf 82' lang='grc' dir='ltr'><strong>ἡ</strong></span> <span class='ocrx_word' id='word_1_478' title='bbox 3248 710 3436 781; x_wconf 88' lang='grc' dir='ltr'>πεῖρα,</span> <span class='ocrx_word' id='word_1_479' title='bbox 3470 709 3593 773; x_wconf 87' lang='grc' dir='ltr'>πῶς</span> 
     </span>
    </p>
   </div>
   <div class='ocr_carea' id='block_1_67' title="bbox 2000 790 3592 865">
    <p class='ocr_par' dir='ltr' id='par_1_67' title="bbox 2000 790 3592 865">
     <span class='ocr_line' id='line_1_67' title="bbox 2000 790 3592 865; baseline 0.004 -23"><span class='ocrx_word' id='word_1_480' title='bbox 2000 790 2113 859; x_wconf 85' lang='grc' dir='ltr'>ἐγὼ</span> <span class='ocrx_word' id='word_1_481' title='bbox 2155 794 2275 863; x_wconf 86' lang='grc' dir='ltr'>μὲν,</span> <span class='ocrx_word' id='word_1_482' title='bbox 2311 796 2340 847; x_wconf 90' lang='lat'>6</span> <span class='ocrx_word' id='word_1_483' title='bbox 2369 794 2639 864; x_wconf 87' lang='grc' dir='ltr'>ἐπιτιμῶν</span> <span class='ocrx_word' id='word_1_484' title='bbox 2667 794 2759 849; x_wconf 62' lang='grc' dir='ltr'>καὶ⁵</span> <span class='ocrx_word' id='word_1_485' title='bbox 2798 795 3042 865; x_wconf 81' lang='grc' dir='ltr'>συνεχῶς</span> <span class='ocrx_word' id='word_1_486' title='bbox 3065 793 3336 862; x_wconf 79' lang='grc' dir='ltr'>ἐγκαλῶν,</span> <span class='ocrx_word' id='word_1_487' title='bbox 3367 795 3428 848; x_wconf 80' lang='grc' dir='ltr'>τὸ</span> <span class='ocrx_word' id='word_1_488' title='bbox 3453 811 3592 864; x_wconf 82' lang='grc' dir='ltr'>συμ-</span> 
     </span>
    </p>
   </div>
   <div class='ocr_carea' id='block_1_68' title="bbox 2003 879 3579 951">
    <p class='ocr_par' dir='ltr' id='par_1_68' title="bbox 2003 879 3579 951">
     <span class='ocr_line' id='line_1_68' title="bbox 2003 879 3579 951; baseline 0.003 -21"><span class='ocrx_word' id='word_1_489' title='bbox 2003 879 2167 948; x_wconf 73' lang='grc' dir='ltr'>φέρον</span> <span class='ocrx_word' id='word_1_490' title='bbox 2197 881 2446 951; x_wconf 79' lang='grc' dir='ltr'>ἐζήτουν,</span> <span class='ocrx_word' id='word_1_491' title='bbox 2501 880 2751 951; x_wconf 81' lang='grc' dir='ltr'>πολέμιοι</span> <span class='ocrx_word' id='word_1_492' title='bbox 2791 881 2849 934; x_wconf 80' lang='grc' dir='ltr'>δέ</span> <span class='ocrx_word' id='word_1_493' title='bbox 2888 881 3088 950; x_wconf 82' lang='grc' dir='ltr'>μᾶλλον</span> <span class='ocrx_word' id='word_1_494' title='bbox 3119 882 3340 948; x_wconf 87' lang='grc' dir='ltr'>ἐκεῖνοι,</span> <span class='ocrx_word' id='word_1_495' title='bbox 3385 881 3434 934; x_wconf 86' lang='grc' dir='ltr'>οί</span> <span class='ocrx_word' id='word_1_496' title='bbox 3459 883 3579 934; x_wconf 85' lang='grc' dir='ltr'>ἐπι-</span> 
     </span>
    </p>
   </div>
   <div class='ocr_carea' id='block_1_69' title="bbox 2005 965 3593 1040">
    <p class='ocr_par' dir='ltr' id='par_1_69' title="bbox 2005 965 3593 1040">
     <span class='ocr_line' id='line_1_69' title="bbox 2005 965 3593 1040; baseline 0.002 -22"><span class='ocrx_word' id='word_1_497' title='bbox 2005 965 2276 1036; x_wconf 78' lang='grc' dir='ltr'>τιμῶντες</span> <span class='ocrx_word' id='word_1_498' title='bbox 2299 968 2473 1022; x_wconf 86' lang='grc' dir='ltr'>ταῦτα</span> <span class='ocrx_word' id='word_1_499' title='bbox 2502 969 2751 1037; x_wconf 89' lang='grc' dir='ltr'>λέγουσιν</span> <span class='ocrx_word' id='word_1_500' title='bbox 2785 969 2916 1040; x_wconf 77' lang='grc' dir='ltr'>ἡμῖν</span> <span class='ocrx_word' id='word_1_501' title='bbox 2946 984 2962 1035; x_wconf 91' lang='lat'><strong>;</strong></span> <span class='ocrx_word' id='word_1_502' title='bbox 2995 970 3165 1022; x_wconf 84' lang='grc' dir='ltr'>Ἴδετε</span> <span class='ocrx_word' id='word_1_503' title='bbox 3195 968 3420 1022; x_wconf 74' lang='grc' dir='ltr'>ἐπὶτῶν</span> <span class='ocrx_word' id='word_1_504' title='bbox 3450 983 3593 1040; x_wconf 88' lang='grc' dir='ltr'>πρα-</span> 
     </span>
    </p>
   </div>
   <div class='ocr_carea' id='block_1_70' title="bbox 2007 1052 3593 1128">
    <p class='ocr_par' dir='ltr' id='par_1_70' title="bbox 2007 1052 3593 1128">
     <span class='ocr_line' id='line_1_70' title="bbox 2007 1052 3593 1128; baseline 0 -21"><span class='ocrx_word' id='word_1_505' title='bbox 2007 1052 2235 1123; x_wconf 88' lang='grc' dir='ltr'>γμάτων</span> <span class='ocrx_word' id='word_1_506' title='bbox 2263 1053 2332 1107; x_wconf 86' lang='grc' dir='ltr'>τὰ</span> <span class='ocrx_word' id='word_1_507' title='bbox 2362 1057 2583 1126; x_wconf 80' lang='grc' dir='ltr'>ῥήματα</span> <span class='ocrx_word' id='word_1_508' title='bbox 2613 1054 2902 1120; x_wconf 81' lang='grc' dir='ltr'>ἐξελθόντα</span> <span class='ocrx_word' id='word_1_509' title='bbox 2939 1054 3008 1109; x_wconf 84' lang='grc' dir='ltr'>τά</span> <span class='ocrx_word' id='word_1_510' title='bbox 3057 1055 3323 1128; x_wconf 79' lang='grc' dir='ltr'>ἡμέτερα.</span> <span class='ocrx_word' id='word_1_511' title='bbox 3355 1055 3471 1109; x_wconf 82' lang='grc' dir='ltr'>Οὐκ</span> <span class='ocrx_word' id='word_1_512' title='bbox 3504 1054 3593 1108; x_wconf 79' lang='grc' dir='ltr'>ἀεὶ</span> 
     </span>
    </p>
   </div>
   <div class='ocr_carea' id='block_1_71' title="bbox 2009 1139 3592 1216">
    <p class='ocr_par' dir='ltr' id='par_1_71' title="bbox 2009 1139 3592 1216">
     <span class='ocr_line' id='line_1_71' title="bbox 2009 1139 3592 1216; baseline 0.002 -24"><span class='ocrx_word' id='word_1_513' title='bbox 2009 1139 2219 1210; x_wconf 79' lang='grc' dir='ltr'>ἔλεγον,</span> <span class='ocrx_word' id='word_1_514' title='bbox 2265 1143 2348 1197; x_wconf 84' lang='grc' dir='ltr'>ὅτι</span> <span class='ocrx_word' id='word_1_515' title='bbox 2384 1144 2664 1216; x_wconf 85' lang='grc' dir='ltr'>δραπέτης</span> <span class='ocrx_word' id='word_1_516' title='bbox 2709 1144 2857 1198; x_wconf 71' lang='grc' dir='ltr'>ἐστὶν</span> <span class='ocrx_word' id='word_1_517' title='bbox 2886 1145 2916 1197; x_wconf 90' lang='lat'>6</span> <span class='ocrx_word' id='word_1_518' title='bbox 2966 1143 3198 1207; x_wconf 89' lang='grc' dir='ltr'>πλοῦτος</span> <span class='ocrx_word' id='word_1_519' title='bbox 3244 1143 3353 1198; x_wconf 79' lang='grc' dir='ltr'>ἀπὸ</span> <span class='ocrx_word' id='word_1_520' title='bbox 3400 1143 3592 1197; x_wconf 86' lang='grc' dir='ltr'>τούτου</span> 
     </span>
    </p>
   </div>
   <div class='ocr_carea' id='block_1_72' title="bbox 2011 1226 3596 1300">
    <p class='ocr_par' dir='ltr' id='par_1_72' title="bbox 2011 1226 3596 1300">
     <span class='ocr_line' id='line_1_72' title="bbox 2011 1226 3596 1300; baseline 0.003 -22"><span class='ocrx_word' id='word_1_521' title='bbox 2011 1226 2151 1297; x_wconf 83' lang='grc' dir='ltr'>πρὸς</span> <span class='ocrx_word' id='word_1_522' title='bbox 2179 1229 2387 1282; x_wconf 86' lang='grc' dir='ltr'>ἐκεῖνον</span> <span class='ocrx_word' id='word_1_523' title='bbox 2422 1229 2656 1300; x_wconf 85' lang='grc' dir='ltr'>βαίνων;</span> <span class='ocrx_word' id='word_1_524' title='bbox 2685 1231 2795 1283; x_wconf 77' lang='grc' dir='ltr'>Καὶ</span> <span class='ocrx_word' id='word_1_525' title='bbox 2825 1229 2935 1282; x_wconf 79' lang='grc' dir='ltr'>εἴθε</span> <span class='ocrx_word' id='word_1_526' title='bbox 2973 1229 3253 1300; x_wconf 83' lang='grc' dir='ltr'>μετέϐαινε</span> <span class='ocrx_word' id='word_1_527' title='bbox 3285 1229 3466 1299; x_wconf 87' lang='grc' dir='ltr'>μόνον,</span> <span class='ocrx_word' id='word_1_528' title='bbox 3500 1230 3596 1282; x_wconf 76' lang='grc' dir='ltr'>καὶ</span> 
     </span>
    </p>
   </div>
   <div class='ocr_carea' id='block_1_73' title="bbox 2012 1314 3594 1389">
    <p class='ocr_par' dir='ltr' id='par_1_73' title="bbox 2012 1314 3594 1389">
     <span class='ocr_line' id='line_1_73' title="bbox 2012 1314 3594 1389; baseline 0.001 -21"><span class='ocrx_word' id='word_1_529' title='bbox 2012 1314 2089 1385; x_wconf 84' lang='grc' dir='ltr'>μὴ</span> <span class='ocrx_word' id='word_1_530' title='bbox 2138 1315 2233 1369; x_wconf 75' lang='grc' dir='ltr'>καὶ</span> <span class='ocrx_word' id='word_1_531' title='bbox 2285 1318 2646 1373; x_wconf 89' lang='grc' dir='ltr'>ἀπέκτεινεν·</span> <span class='ocrx_word' id='word_1_532' title='bbox 2701 1319 2814 1372; x_wconf 80' lang='grc' dir='ltr'>εἴθε</span> <span class='ocrx_word' id='word_1_533' title='bbox 2864 1317 3179 1388; x_wconf 85' lang='grc' dir='ltr'>μεθίστατο,</span> <span class='ocrx_word' id='word_1_534' title='bbox 3237 1320 3332 1371; x_wconf 72' lang='grc' dir='ltr'>καὶ</span> <span class='ocrx_word' id='word_1_535' title='bbox 3379 1318 3452 1389; x_wconf 83' lang='grc' dir='ltr'>μὴ</span> <span class='ocrx_word' id='word_1_536' title='bbox 3498 1320 3594 1370; x_wconf 77' lang='grc' dir='ltr'>καὶ</span> 
     </span>
    </p>
   </div>
   <div class='ocr_carea' id='block_1_74' title="bbox 2012 1400 3593 1477">
    <p class='ocr_par' dir='ltr' id='par_1_74' title="bbox 2012 1400 3593 1477">
     <span class='ocr_line' id='line_1_74' title="bbox 2012 1400 3593 1477; baseline 0.001 -23"><span class='ocrx_word' id='word_1_537' title='bbox 2012 1400 2224 1473; x_wconf 83' lang='grc' dir='ltr'>ἀνῄρει.</span> <span class='ocrx_word' id='word_1_538' title='bbox 2248 1403 2362 1457; x_wconf 86' lang='grc' dir='ltr'>Νῦν</span> <span class='ocrx_word' id='word_1_539' title='bbox 2385 1405 2443 1458; x_wconf 81' lang='grc' dir='ltr'>δέ</span> <span class='ocrx_word' id='word_1_540' title='bbox 2480 1405 2574 1458; x_wconf 60' lang='grc' dir='ltr'>καί⁹</span> <span class='ocrx_word' id='word_1_541' title='bbox 2602 1407 2845 1477; x_wconf 83' lang='grc' dir='ltr'>ἐρήμους</span> <span class='ocrx_word' id='word_1_542' title='bbox 2876 1405 3280 1474; x_wconf 78' lang='grc' dir='ltr'>καταλιμπάνει</span> <span class='ocrx_word' id='word_1_543' title='bbox 3309 1406 3407 1474; x_wconf 80' lang='grc' dir='ltr'>τῆς</span> <span class='ocrx_word' id='word_1_544' title='bbox 3428 1403 3593 1457; x_wconf 82' lang='grc' dir='ltr'>αὐτοῦ</span> 
     </span>
    </p>
   </div>
   <div class='ocr_carea' id='block_1_75' title="bbox 2011 1490 3597 1566">
    <p class='ocr_par' dir='ltr' id='par_1_75' title="bbox 2011 1490 3597 1566">
     <span class='ocr_line' id='line_1_75' title="bbox 2011 1490 3597 1566; baseline -0.001 -23"><span class='ocrx_word' id='word_1_545' title='bbox 2011 1493 2370 1563; x_wconf 86' lang='grc' dir='ltr'>προστασίας,</span> <span class='ocrx_word' id='word_1_546' title='bbox 2411 1495 2506 1547; x_wconf 80' lang='grc' dir='ltr'>καὶ</span> <span class='ocrx_word' id='word_1_547' title='bbox 2542 1493 2623 1566; x_wconf 86' lang='grc' dir='ltr'>τῷ</span> <span class='ocrx_word' id='word_1_548' title='bbox 2670 1495 2813 1565; x_wconf 79' lang='grc' dir='ltr'>ξίφει</span> <span class='ocrx_word' id='word_1_549' title='bbox 2860 1493 3212 1563; x_wconf 83' lang='grc' dir='ltr'>παραδίδωσι,</span> <span class='ocrx_word' id='word_1_550' title='bbox 3262 1493 3360 1545; x_wconf 70' lang='grc' dir='ltr'>καὶ</span> <span class='ocrx_word' id='word_1_551' title='bbox 3400 1492 3495 1544; x_wconf 73' lang='grc' dir='ltr'>ἐπὶ</span> <span class='ocrx_word' id='word_1_552' title='bbox 3534 1490 3597 1542; x_wconf 77' lang='grc' dir='ltr'>τὸ</span> 
     </span>
    </p>
   </div>
   <div class='ocr_carea' id='block_1_76' title="bbox 2015 1577 3597 1654">
    <p class='ocr_par' dir='ltr' id='par_1_76' title="bbox 2015 1577 3597 1654">
     <span class='ocr_line' id='line_1_76' title="bbox 2015 1577 3597 1654; baseline -0.002 -21"><span class='ocrx_word' id='word_1_553' title='bbox 2015 1577 2288 1649; x_wconf 85' lang='grc' dir='ltr'>βάραθρον</span> <span class='ocrx_word' id='word_1_554' title='bbox 2334 1581 2479 1649; x_wconf 84' lang='grc' dir='ltr'>ἄγει,</span> <span class='ocrx_word' id='word_1_555' title='bbox 2514 1582 2780 1654; x_wconf 86' lang='grc' dir='ltr'>προδότης</span> <span class='ocrx_word' id='word_1_556' title='bbox 2829 1581 2905 1635; x_wconf 82' lang='grc' dir='ltr'>ὢν</span> <span class='ocrx_word' id='word_1_557' title='bbox 2953 1580 3209 1651; x_wconf 86' lang='grc' dir='ltr'>χαλεπὸς,</span> <span class='ocrx_word' id='word_1_558' title='bbox 3258 1580 3353 1633; x_wconf 70' lang='grc' dir='ltr'>καὶ</span> <span class='ocrx_word' id='word_1_559' title='bbox 3386 1577 3597 1642; x_wconf 88' lang='grc' dir='ltr'>τούτοις</span> 
     </span>
    </p>
   </div>
   <div class='ocr_carea' id='block_1_77' title="bbox 2017 1666 3598 1740">
    <p class='ocr_par' dir='ltr' id='par_1_77' title="bbox 2017 1666 3598 1740">
     <span class='ocr_line' id='line_1_77' title="bbox 2017 1666 3598 1740; baseline 0 -21"><span class='ocrx_word' id='word_1_560' title='bbox 2017 1666 2254 1736; x_wconf 87' lang='grc' dir='ltr'>μάλιστα</span> <span class='ocrx_word' id='word_1_561' title='bbox 2307 1668 2581 1740; x_wconf 87' lang='grc' dir='ltr'>πολεμῶν,</span> <span class='ocrx_word' id='word_1_562' title='bbox 2629 1673 2740 1733; x_wconf 88' lang='grc' dir='ltr'>τοῖς</span> <span class='ocrx_word' id='word_1_563' title='bbox 2790 1668 3039 1739; x_wconf 89' lang='grc' dir='ltr'>φιλοῦσιν</span> <span class='ocrx_word' id='word_1_564' title='bbox 3081 1669 3264 1722; x_wconf 80' lang='grc' dir='ltr'>αὐτόν.</span> <span class='ocrx_word' id='word_1_565' title='bbox 3312 1667 3598 1737; x_wconf 81' lang='grc' dir='ltr'>Δραπέτης</span> 
     </span>
    </p>
   </div>
   <div class='ocr_carea' id='block_1_78' title="bbox 2013 1754 3598 1828">
    <p class='ocr_par' dir='ltr' id='par_1_78' title="bbox 2013 1754 3598 1828">
     <span class='ocr_line' id='line_1_78' title="bbox 2013 1754 3598 1828; baseline 0.001 -22"><span class='ocrx_word' id='word_1_566' title='bbox 2013 1755 2163 1808; x_wconf 78' lang='grc' dir='ltr'>ἐστὶν</span> <span class='ocrx_word' id='word_1_567' title='bbox 2195 1755 2488 1826; x_wconf 88' lang='grc' dir='ltr'>ἀγνώμων,</span> <span class='ocrx_word' id='word_1_568' title='bbox 2526 1756 2852 1828; x_wconf 77' lang='grc' dir='ltr'>ἀνδροφόνος</span> <span class='ocrx_word' id='word_1_569' title='bbox 2891 1756 3230 1826; x_wconf 87' lang='grc' dir='ltr'>ἀμείλικτος,</span> <span class='ocrx_word' id='word_1_570' title='bbox 3263 1754 3453 1826; x_wconf 88' lang='grc' dir='ltr'>θηρίον</span> <span class='ocrx_word' id='word_1_571' title='bbox 3482 1756 3598 1807; x_wconf 88' lang='grc' dir='ltr'>ἀτι-</span> 
     </span>
    </p>
   </div>
   <div class='ocr_carea' id='block_1_79' title="bbox 2016 1840 3600 1915">
    <p class='ocr_par' dir='ltr' id='par_1_79' title="bbox 2016 1840 3600 1915">
     <span class='ocr_line' id='line_1_79' title="bbox 2016 1840 3600 1915; baseline 0 -22"><span class='ocrx_word' id='word_1_572' title='bbox 2016 1840 2337 1906; x_wconf 87' lang='grc' dir='ltr'>θάσσευτον,</span> <span class='ocrx_word' id='word_1_573' title='bbox 2371 1844 2614 1915; x_wconf 85' lang='grc' dir='ltr'>κρημνὸς</span> <span class='ocrx_word' id='word_1_574' title='bbox 2639 1843 2977 1915; x_wconf 85' lang='grc' dir='ltr'>πανταχόθεν</span> <span class='ocrx_word' id='word_1_575' title='bbox 3003 1843 3297 1912; x_wconf 88' lang='grc' dir='ltr'>ἀπότομος,</span> <span class='ocrx_word' id='word_1_576' title='bbox 3334 1841 3600 1904; x_wconf 84' lang='grc' dir='ltr'>σκόπελος</span> 
     </span>
    </p>
   </div>
   <div class='ocr_carea' id='block_1_80' title="bbox 2014 1928 3599 2002">
    <p class='ocr_par' dir='ltr' id='par_1_80' title="bbox 2014 1928 3599 2002">
     <span class='ocr_line' id='line_1_80' title="bbox 2014 1928 3599 2002; baseline -0.001 -19"><span class='ocrx_word' id='word_1_577' title='bbox 2014 1929 2281 2000; x_wconf 87' lang='grc' dir='ltr'>διηνεκῶν</span> <span class='ocrx_word' id='word_1_578' title='bbox 2312 1931 2574 2001; x_wconf 81' lang='grc' dir='ltr'>κυμάτων</span> <span class='ocrx_word' id='word_1_579' title='bbox 2600 1931 2809 2002; x_wconf 88' lang='grc' dir='ltr'>γέμων,</span> <span class='ocrx_word' id='word_1_580' title='bbox 2842 1929 3078 1998; x_wconf 88' lang='grc' dir='ltr'>πέλαγος</span> <span class='ocrx_word' id='word_1_581' title='bbox 3113 1929 3218 1984; x_wconf 82' lang='grc' dir='ltr'>ὑπὸ</span> <span class='ocrx_word' id='word_1_582' title='bbox 3246 1928 3456 1999; x_wconf 85' lang='grc' dir='ltr'>μυρίων</span> <span class='ocrx_word' id='word_1_583' title='bbox 3477 1928 3599 1981; x_wconf 83' lang='grc' dir='ltr'>ἀνέ-</span> 
     </span>
    </p>
   </div>
   <div class='ocr_carea' id='block_1_81' title="bbox 2019 2015 3597 2090">
    <p class='ocr_par' dir='ltr' id='par_1_81' title="bbox 2019 2015 3597 2090">
     <span class='ocr_line' id='line_1_81' title="bbox 2019 2015 3597 2090; baseline -0.003 -20"><span class='ocrx_word' id='word_1_584' title='bbox 2019 2030 2137 2088; x_wconf 86' lang='grc' dir='ltr'>μων</span> <span class='ocrx_word' id='word_1_585' title='bbox 2175 2017 2630 2089; x_wconf 86' lang='grc' dir='ltr'>διακοπτόμενον,</span> <span class='ocrx_word' id='word_1_586' title='bbox 2674 2017 2936 2090; x_wconf 88' lang='grc' dir='ltr'>τύραννος</span> <span class='ocrx_word' id='word_1_587' title='bbox 2980 2017 3232 2089; x_wconf 80' lang='grc' dir='ltr'>χαλεπῶς</span> <span class='ocrx_word' id='word_1_588' title='bbox 3272 2015 3597 2080; x_wconf 86' lang='grc' dir='ltr'>ἐπιτάττων,</span> 
     </span>
    </p>
   </div>
   <div class='ocr_carea' id='block_1_82' title="bbox 2012 2101 3600 2176">
    <p class='ocr_par' dir='ltr' id='par_1_82' title="bbox 2012 2101 3600 2176">
     <span class='ocr_line' id='line_1_82' title="bbox 2012 2101 3600 2176; baseline -0.001 -20"><span class='ocrx_word' id='word_1_589' title='bbox 2012 2103 2279 2175; x_wconf 83' lang='grc' dir='ltr'>δεσπότης</span> <span class='ocrx_word' id='word_1_590' title='bbox 2327 2104 2353 2144; x_wconf 73' lang='lat' dir='ltr'><strong>b</strong></span> <span class='ocrx_word' id='word_1_591' title='bbox 2417 2104 2697 2176; x_wconf 87' lang='grc' dir='ltr'>βαρϐάρου</span> <span class='ocrx_word' id='word_1_592' title='bbox 2756 2105 2901 2169; x_wconf 74' lang='grc' dir='ltr'>τινος</span> <span class='ocrx_word' id='word_1_593' title='bbox 2947 2102 3355 2174; x_wconf 88' lang='grc' dir='ltr'>χαλεπώτερος,</span> <span class='ocrx_word' id='word_1_594' title='bbox 3405 2101 3600 2173; x_wconf 82' lang='grc' dir='ltr'>ἐχθρὸς</span> 
     </span>
    </p>
   </div>
   <div class='ocr_carea' id='block_1_83' title="bbox 2015 2187 3600 2262">
    <p class='ocr_par' dir='ltr' id='par_1_83' title="bbox 2015 2187 3600 2262">
     <span class='ocr_line' id='line_1_83' title="bbox 2015 2187 3600 2262; baseline -0.003 -18"><span class='ocrx_word' id='word_1_595' title='bbox 2015 2188 2298 2258; x_wconf 81' lang='grc' dir='ltr'>ἄσπονδος,</span> <span class='ocrx_word' id='word_1_596' title='bbox 2327 2191 2586 2262; x_wconf 89' lang='grc' dir='ltr'>πολέμιος</span> <span class='ocrx_word' id='word_1_597' title='bbox 2602 2192 3033 2258; x_wconf 80' lang='grc' dir='ltr'>ἀκατάλλακτος,</span> <span class='ocrx_word' id='word_1_598' title='bbox 3057 2191 3312 2244; x_wconf 80' lang='grc' dir='ltr'>οὐδέποτε</span> <span class='ocrx_word' id='word_1_599' title='bbox 3345 2187 3442 2259; x_wconf 84' lang='grc' dir='ltr'>τὴν</span> <span class='ocrx_word' id='word_1_600' title='bbox 3462 2187 3600 2258; x_wconf 86' lang='grc' dir='ltr'>πρὸς</span> 
     </span>
    </p>
   </div>
   <div class='ocr_carea' id='block_1_84' title="bbox 2015 2278 3311 2350">
    <p class='ocr_par' dir='ltr' id='par_1_84' title="bbox 2015 2278 3311 2350">
     <span class='ocr_line' id='line_1_84' title="bbox 2015 2278 3311 2350; baseline 0.002 -19"><span class='ocrx_word' id='word_1_601' title='bbox 2015 2279 2140 2342; x_wconf 80' lang='grc' dir='ltr'>τοὺς</span> <span class='ocrx_word' id='word_1_602' title='bbox 2168 2279 2541 2350; x_wconf 82' lang='grc' dir='ltr'>κεκτημένους</span> <span class='ocrx_word' id='word_1_603' title='bbox 2573 2280 2736 2334; x_wconf 79' lang='grc' dir='ltr'>αὐτὸν</span> <span class='ocrx_word' id='word_1_604' title='bbox 2775 2279 3061 2334; x_wconf 88' lang='grc' dir='ltr'>καταλύων</span> <span class='ocrx_word' id='word_1_605' title='bbox 3087 2278 3180 2349; x_wconf 78' lang='grc' dir='ltr'>ἐχθ</span> <span class='ocrx_word' id='word_1_606' title='bbox 3192 2296 3311 2349; x_wconf 90' lang='grc' dir='ltr'>ραν.</span> 
     </span>
    </p>
   </div>
   <div class='ocr_carea' id='block_1_85' title="bbox 2087 2361 3602 2438">
    <p class='ocr_par' dir='ltr' id='par_1_85' title="bbox 2087 2361 3602 2438">
     <span class='ocr_line' id='line_1_85' title="bbox 2087 2361 3602 2438; baseline -0.002 -18"><span class='ocrx_word' id='word_1_607' title='bbox 2087 2365 2157 2435; x_wconf 86' lang='grc' dir='ltr'>γ’.</span> <span class='ocrx_word' id='word_1_608' title='bbox 2194 2365 2335 2419; x_wconf 76' lang='grc' dir='ltr'>Ἀλλ’</span> <span class='ocrx_word' id='word_1_609' title='bbox 2357 2366 2509 2438; x_wconf 83' lang='grc' dir='ltr'>οὐχή</span> <span class='ocrx_word' id='word_1_610' title='bbox 2539 2367 2699 2421; x_wconf 89' lang='grc' dir='ltr'>πενία</span> <span class='ocrx_word' id='word_1_611' title='bbox 2722 2366 2984 2433; x_wconf 85' lang='grc' dir='ltr'>τοιοῦτον,</span> <span class='ocrx_word' id='word_1_612' title='bbox 3008 2366 3122 2421; x_wconf 80' lang='grc' dir='ltr'>ἀλλ’</span> <span class='ocrx_word' id='word_1_613' title='bbox 3138 2363 3466 2427; x_wconf 81' lang='grc' dir='ltr'>άπεναντίας</span> <span class='ocrx_word' id='word_1_614' title='bbox 3491 2361 3602 2417; x_wconf 81' lang='grc' dir='ltr'>τῶν</span> 
     </span>
    </p>
   </div>
   <div class='ocr_carea' id='block_1_86' title="bbox 2017 2451 3600 2527">
    <p class='ocr_par' dir='ltr' id='par_1_86' title="bbox 2017 2451 3600 2527">
     <span class='ocr_line' id='line_1_86' title="bbox 2017 2451 3600 2527; baseline 0.003 -23"><span class='ocrx_word' id='word_1_615' title='bbox 2017 2452 2139 2523; x_wconf 78' lang='grc' dir='ltr'>είρη</span> <span class='ocrx_word' id='word_1_616' title='bbox 2150 2451 2348 2522; x_wconf 89' lang='grc' dir='ltr'>μένων.</span> <span class='ocrx_word' id='word_1_617' title='bbox 2372 2454 2585 2525; x_wconf 87' lang='grc' dir='ltr'>Χωρίον</span> <span class='ocrx_word' id='word_1_618' title='bbox 2609 2454 2719 2527; x_wconf 87' lang='grc' dir='ltr'>γάρ</span> <span class='ocrx_word' id='word_1_619' title='bbox 2745 2456 2893 2507; x_wconf 86' lang='grc' dir='ltr'>ἐστιν</span> <span class='ocrx_word' id='word_1_620' title='bbox 2916 2454 3135 2517; x_wconf 77' lang='grc' dir='ltr'>ἄσυλον,</span> <span class='ocrx_word' id='word_1_621' title='bbox 3160 2452 3326 2524; x_wconf 80' lang='grc' dir='ltr'>λιμὴν</span> <span class='ocrx_word' id='word_1_622' title='bbox 3346 2451 3600 2521; x_wconf 74' lang='grc' dir='ltr'>γαληνὸς,</span> 
     </span>
    </p>
   </div>
   <div class='ocr_carea' id='block_1_87' title="bbox 2017 2538 3600 2613">
    <p class='ocr_par' dir='ltr' id='par_1_87' title="bbox 2017 2538 3600 2613">
     <span class='ocr_line' id='line_1_87' title="bbox 2017 2538 3600 2613; baseline -0.001 -22"><span class='ocrx_word' id='word_1_623' title='bbox 2017 2539 2290 2607; x_wconf 85' lang='grc' dir='ltr'>ἀσφάλεια</span> <span class='ocrx_word' id='word_1_624' title='bbox 2323 2541 2602 2612; x_wconf 77' lang='grc' dir='ltr'>διηνεκὴς,</span> <span class='ocrx_word' id='word_1_625' title='bbox 2652 2543 2832 2613; x_wconf 85' lang='grc' dir='ltr'>τρυφὴ</span> <span class='ocrx_word' id='word_1_626' title='bbox 2880 2540 3137 2595; x_wconf 87' lang='grc' dir='ltr'>κινδύνων</span> <span class='ocrx_word' id='word_1_627' title='bbox 3181 2538 3600 2609; x_wconf 86' lang='grc' dir='ltr'>ἀπηλλαγμένη,</span> 
     </span>
    </p>
   </div>
   <div class='ocr_carea' id='block_1_88' title="bbox 2017 2624 3602 2701">
    <p class='ocr_par' dir='ltr' id='par_1_88' title="bbox 2017 2624 3602 2701">
     <span class='ocr_line' id='line_1_88' title="bbox 2017 2624 3602 2701; baseline -0.001 -22"><span class='ocrx_word' id='word_1_628' title='bbox 2017 2626 2182 2698; x_wconf 81' lang='grc' dir='ltr'>ἡδονὴ</span> <span class='ocrx_word' id='word_1_629' title='bbox 2224 2628 2558 2698; x_wconf 82' lang='grc' dir='ltr'>εἰλικρινὴς,</span> <span class='ocrx_word' id='word_1_630' title='bbox 2610 2629 2724 2699; x_wconf 89' lang='grc' dir='ltr'>βίος</span> <span class='ocrx_word' id='word_1_631' title='bbox 2770 2630 3065 2701; x_wconf 85' lang='grc' dir='ltr'>ἀτάραχος,</span> <span class='ocrx_word' id='word_1_632' title='bbox 3116 2625 3231 2696; x_wconf 78' lang='grc' dir='ltr'>ζωὴ</span> <span class='ocrx_word' id='word_1_633' title='bbox 3266 2624 3602 2696; x_wconf 85' lang='grc' dir='ltr'>ἀκύμαντος,</span> 
     </span>
    </p>
   </div>
   <div class='ocr_carea' id='block_1_89' title="bbox 2021 2711 3603 2786">
    <p class='ocr_par' dir='ltr' id='par_1_89' title="bbox 2021 2711 3603 2786">
     <span class='ocr_line' id='line_1_89' title="bbox 2021 2711 3603 2786; baseline 0.005 -20"><span class='ocrx_word' id='word_1_634' title='bbox 2021 2714 2252 2785; x_wconf 82' lang='grc' dir='ltr'>εὐπορία</span> <span class='ocrx_word' id='word_1_635' title='bbox 2285 2715 2737 2786; x_wconf 84' lang='grc' dir='ltr'>ἀκαταμάχητος,</span> <span class='ocrx_word' id='word_1_636' title='bbox 2773 2716 3094 2785; x_wconf 87' lang='grc' dir='ltr'>φιλοσοφίας</span> <span class='ocrx_word' id='word_1_637' title='bbox 3132 2715 3338 2785; x_wconf 84' lang='grc' dir='ltr'>μήτηρ,</span> <span class='ocrx_word' id='word_1_638' title='bbox 3386 2711 3603 2782; x_wconf 75' lang='grc' dir='ltr'>χαλινὸς</span> 
     </span>
    </p>
   </div>
   <div class='ocr_carea' id='block_1_90' title="bbox 2021 2798 3602 2870">
    <p class='ocr_par' dir='ltr' id='par_1_90' title="bbox 2021 2798 3602 2870">
     <span class='ocr_line' id='line_1_90' title="bbox 2021 2798 3602 2870; baseline 0 -20"><span class='ocrx_word' id='word_1_639' title='bbox 2021 2799 2299 2865; x_wconf 87' lang='grc' dir='ltr'>ἀπονοίας,</span> <span class='ocrx_word' id='word_1_640' title='bbox 2336 2800 2622 2870; x_wconf 86' lang='grc' dir='ltr'>ἀναίρεσις</span> <span class='ocrx_word' id='word_1_641' title='bbox 2668 2801 2962 2866; x_wconf 85' lang='grc' dir='ltr'>κολάσεως,</span> <span class='ocrx_word' id='word_1_642' title='bbox 3001 2799 3125 2870; x_wconf 76' lang='grc' dir='ltr'>ῥίζα</span> <span class='ocrx_word' id='word_1_643' title='bbox 3168 2798 3602 2867; x_wconf 74' lang='grc' dir='ltr'>ταπεινοφροσύ-</span> 
     </span>
    </p>
   </div>
   <div class='ocr_carea' id='block_1_91' title="bbox 2021 2882 3606 2957">
    <p class='ocr_par' dir='ltr' id='par_1_91' title="bbox 2021 2882 3606 2957">
     <span class='ocr_line' id='line_1_91' title="bbox 2021 2882 3606 2957; baseline -0.001 -19"><span class='ocrx_word' id='word_1_644' title='bbox 2021 2904 2140 2957; x_wconf 87' lang='grc' dir='ltr'>νης.</span> <span class='ocrx_word' id='word_1_645' title='bbox 2175 2887 2333 2950; x_wconf 85' lang='grc' dir='ltr'>Τίνος</span> <span class='ocrx_word' id='word_1_646' title='bbox 2361 2882 2454 2940; x_wconf 77' lang='grc' dir='ltr'>οὖν</span> <span class='ocrx_word' id='word_1_647' title='bbox 2492 2888 2703 2951; x_wconf 76' lang='grc' dir='ltr'>ἕνεκεν,</span> <span class='ocrx_word' id='word_1_648' title='bbox 2740 2888 2863 2941; x_wconf 82' lang='grc' dir='ltr'>είπέ</span> <span class='ocrx_word' id='word_1_649' title='bbox 2907 2905 3021 2957; x_wconf 89' lang='grc' dir='ltr'>μοι,</span> <span class='ocrx_word' id='word_1_650' title='bbox 3050 2886 3254 2955; x_wconf 83' lang='grc' dir='ltr'>ταύτην</span> <span class='ocrx_word' id='word_1_651' title='bbox 3292 2885 3606 2954; x_wconf 83' lang='grc' dir='ltr'>φεύγοντες,</span> 
     </span>
    </p>
   </div>
   <div class='ocr_carea' id='block_1_92' title="bbox 2023 2970 3605 3047">
    <p class='ocr_par' dir='ltr' id='par_1_92' title="bbox 2023 2970 3605 3047">
     <span class='ocr_line' id='line_1_92' title="bbox 2023 2970 3605 3047; baseline -0.002 -20"><span class='ocrx_word' id='word_1_652' title='bbox 2023 2974 2243 3046; x_wconf 87' lang='grc' dir='ltr'>ἐκείνην</span> <span class='ocrx_word' id='word_1_653' title='bbox 2279 2974 2504 3028; x_wconf 86' lang='grc' dir='ltr'>διώκετε</span> <span class='ocrx_word' id='word_1_654' title='bbox 2538 2976 2636 3047; x_wconf 86' lang='grc' dir='ltr'>τὴν</span> <span class='ocrx_word' id='word_1_655' title='bbox 2672 2974 2956 3047; x_wconf 83' lang='grc' dir='ltr'>πολεμίαν,</span> <span class='ocrx_word' id='word_1_656' title='bbox 3006 2974 3106 3045; x_wconf 83' lang='grc' dir='ltr'>τὴν</span> <span class='ocrx_word' id='word_1_657' title='bbox 3131 2972 3479 3043; x_wconf 85' lang='grc' dir='ltr'>ἀνδροφόνον,</span> <span class='ocrx_word' id='word_1_658' title='bbox 3504 2970 3605 3041; x_wconf 86' lang='grc' dir='ltr'>τὴν</span> 
     </span>
    </p>
   </div>
   <div class='ocr_carea' id='block_1_93' title="bbox 2024 3058 3600 3133">
    <p class='ocr_par' dir='ltr' id='par_1_93' title="bbox 2024 3058 3600 3133">
     <span class='ocr_line' id='line_1_93' title="bbox 2024 3058 3600 3133; baseline -0.003 -18"><span class='ocrx_word' id='word_1_659' title='bbox 2024 3062 2216 3133; x_wconf 88' lang='grc' dir='ltr'>θηρίου</span> <span class='ocrx_word' id='word_1_660' title='bbox 2252 3063 2455 3127; x_wconf 84' lang='grc' dir='ltr'>παντὸς</span> <span class='ocrx_word' id='word_1_661' title='bbox 2484 3062 2909 3133; x_wconf 85' lang='grc' dir='ltr'>χαλεπωτέραν;</span> <span class='ocrx_word' id='word_1_662' title='bbox 2955 3059 3209 3115; x_wconf 88' lang='grc' dir='ltr'>Τοιοῦτον</span> <span class='ocrx_word' id='word_1_663' title='bbox 3264 3059 3443 3131; x_wconf 27' lang='grc' dir='ltr'>γάρηή</span> <span class='ocrx_word' id='word_1_664' title='bbox 3477 3058 3600 3127; x_wconf 82' lang='grc' dir='ltr'>φιλ-</span> 
     </span>
    </p>
   </div>
   <div class='ocr_carea' id='block_1_94' title="bbox 2023 3144 3608 3222">
    <p class='ocr_par' dir='ltr' id='par_1_94' title="bbox 2023 3144 3608 3222">
     <span class='ocr_line' id='line_1_94' title="bbox 2023 3144 3608 3222; baseline -0.003 -19"><span class='ocrx_word' id='word_1_665' title='bbox 2023 3150 2280 3222; x_wconf 78' lang='grc' dir='ltr'>αργυρία·</span> <span class='ocrx_word' id='word_1_666' title='bbox 2297 3149 2535 3205; x_wconf 86' lang='grc' dir='ltr'>τοιοῦτον</span> <span class='ocrx_word' id='word_1_667' title='bbox 2557 3153 2590 3222; x_wconf 85' lang='grc' dir='ltr'>ἡ</span> <span class='ocrx_word' id='word_1_668' title='bbox 2613 3151 2743 3221; x_wconf 77' lang='grc' dir='ltr'>περὶ</span> <span class='ocrx_word' id='word_1_669' title='bbox 2767 3150 2837 3203; x_wconf 85' lang='grc' dir='ltr'>τά</span> <span class='ocrx_word' id='word_1_670' title='bbox 2861 3150 3122 3221; x_wconf 88' lang='grc' dir='ltr'>χρήματα</span> <span class='ocrx_word' id='word_1_671' title='bbox 3152 3147 3340 3219; x_wconf 87' lang='grc' dir='ltr'>μανία.</span> <span class='ocrx_word' id='word_1_672' title='bbox 3363 3147 3428 3200; x_wconf 88' lang='grc' dir='ltr'>Τί</span> <span class='ocrx_word' id='word_1_673' title='bbox 3452 3144 3608 3199; x_wconf 83' lang='grc' dir='ltr'>πολέ-</span> 
     </span>
    </p>
   </div>
   <div class='ocr_carea' id='block_1_95' title="bbox 2034 3232 3610 3309">
    <p class='ocr_par' dir='ltr' id='par_1_95' title="bbox 2034 3232 3610 3309">
     <span class='ocr_line' id='line_1_95' title="bbox 2034 3232 3610 3309; baseline -0.004 -17"><span class='ocrx_word' id='word_1_674' title='bbox 2034 3256 2158 3309; x_wconf 92' lang='grc' dir='ltr'>μιον</span> <span class='ocrx_word' id='word_1_675' title='bbox 2187 3238 2633 3309; x_wconf 78' lang='grc' dir='ltr'>συγκατοικίζεις</span> <span class='ocrx_word' id='word_1_676' title='bbox 2656 3237 2839 3309; x_wconf 86' lang='grc' dir='ltr'>σαυτῷ</span> <span class='ocrx_word' id='word_1_677' title='bbox 2864 3238 3085 3308; x_wconf 86' lang='grc' dir='ltr'>διηνεκῆ</span> <span class='ocrx_word' id='word_1_678' title='bbox 3116 3235 3440 3300; x_wconf 84' lang='grc' dir='ltr'>διαπαντός;</span> <span class='ocrx_word' id='word_1_679' title='bbox 3466 3233 3518 3286; x_wconf 87' lang='grc' dir='ltr'>τί</span> <span class='ocrx_word' id='word_1_680' title='bbox 3547 3232 3610 3286; x_wconf 86' lang='grc' dir='ltr'>τδ</span> 
     </span>
    </p>
   </div>
   <div class='ocr_carea' id='block_1_96' title="bbox 2028 3320 3611 3398">
    <p class='ocr_par' dir='ltr' id='par_1_96' title="bbox 2028 3320 3611 3398">
     <span class='ocr_line' id='line_1_96' title="bbox 2028 3320 3611 3398; baseline -0.004 -19"><span class='ocrx_word' id='word_1_681' title='bbox 2028 3325 2218 3397; x_wconf 89' lang='grc' dir='ltr'>θηρίον</span> <span class='ocrx_word' id='word_1_682' title='bbox 2264 3326 2639 3398; x_wconf 82' lang='grc' dir='ltr'>ἀγριαίνεις,ὃ</span> <span class='ocrx_word' id='word_1_683' title='bbox 2677 3324 3017 3380; x_wconf 83' lang='grc' dir='ltr'>τιθασσεύειν</span> <span class='ocrx_word' id='word_1_684' title='bbox 3061 3325 3214 3390; x_wconf 87' lang='grc' dir='ltr'>δέον;</span> <span class='ocrx_word' id='word_1_685' title='bbox 3253 3323 3364 3377; x_wconf 71' lang='grc' dir='ltr'>Καὶ</span> <span class='ocrx_word' id='word_1_686' title='bbox 3394 3321 3510 3385; x_wconf 87' lang='grc' dir='ltr'>πῶς</span> <span class='ocrx_word' id='word_1_687' title='bbox 3543 3320 3611 3374; x_wconf 80' lang='grc' dir='ltr'>ἂν</span> 
     </span>
    </p>
   </div>
   <div class='ocr_carea' id='block_1_97' title="bbox 2028 3410 3609 3487">
    <p class='ocr_par' dir='ltr' id='par_1_97' title="bbox 2028 3410 3609 3487">
     <span class='ocr_line' id='line_1_97' title="bbox 2028 3410 3609 3487; baseline -0.004 -19"><span class='ocrx_word' id='word_1_688' title='bbox 2028 3415 2260 3485; x_wconf 84' lang='grc' dir='ltr'>γένοιτο,</span> <span class='ocrx_word' id='word_1_689' title='bbox 2294 3417 2483 3486; x_wconf 74' lang='grc' dir='ltr'>φησὶν,</span> <span class='ocrx_word' id='word_1_690' title='bbox 2520 3416 2804 3487; x_wconf 78' lang='grc' dir='ltr'>χειροῆθες</span> <span class='ocrx_word' id='word_1_691' title='bbox 2828 3432 2841 3480; x_wconf 89' lang='grc'><strong>;</strong></span> <span class='ocrx_word' id='word_1_692' title='bbox 2865 3417 2929 3468; x_wconf 80' lang='grc' dir='ltr'><strong>Εἰ</strong></span> <span class='ocrx_word' id='word_1_693' title='bbox 2960 3414 3068 3467; x_wconf 89' lang='grc' dir='ltr'>τῶν</span> <span class='ocrx_word' id='word_1_694' title='bbox 3104 3414 3253 3486; x_wconf 83' lang='grc' dir='ltr'>ἐμῶν</span> <span class='ocrx_word' id='word_1_695' title='bbox 3283 3410 3609 3482; x_wconf 86' lang='grc' dir='ltr'>ἀνάσχοισθε</span> 
     </span>
    </p>
   </div>
   <div class='ocr_carea' id='block_1_98' title="bbox 2030 3490 3615 3575">
    <p class='ocr_par' dir='ltr' id='par_1_98' title="bbox 2030 3490 3615 3575">
     <span class='ocr_line' id='line_1_98' title="bbox 2030 3490 3615 3575; baseline -0.005 -17"><span class='ocrx_word' id='word_1_696' title='bbox 2030 3503 2227 3575; x_wconf 88' lang='grc' dir='ltr'>λόγων,</span> <span class='ocrx_word' id='word_1_697' title='bbox 2255 3504 2360 3560; x_wconf 87' lang='grc' dir='ltr'>κᾶν</span> <span class='ocrx_word' id='word_1_698' title='bbox 2394 3502 2490 3558; x_wconf 89' lang='grc' dir='ltr'>νῦν</span> <span class='ocrx_word' id='word_1_699' title='bbox 2527 3504 2619 3556; x_wconf 81' lang='grc' dir='ltr'>ὅτε</span> <span class='ocrx_word' id='word_1_700' title='bbox 2644 3503 2713 3556; x_wconf 76' lang='grc' dir='ltr'>τὰ</span> <span class='ocrx_word' id='word_1_701' title='bbox 2743 3490 3015 3574; x_wconf 80' lang='grc' dir='ltr'>πτώματα</span> <span class='ocrx_word' id='word_1_702' title='bbox 3045 3501 3265 3564; x_wconf 79' lang='grc' dir='ltr'>ἔναυλα,</span> <span class='ocrx_word' id='word_1_703' title='bbox 3297 3501 3386 3554; x_wconf 84' lang='grc' dir='ltr'>ὅτε</span> <span class='ocrx_word' id='word_1_704' title='bbox 3413 3501 3446 3570; x_wconf 78' lang='grc' dir='ltr'><strong>ἠ</strong></span> <span class='ocrx_word' id='word_1_705' title='bbox 3475 3514 3615 3569; x_wconf 89' lang='grc' dir='ltr'>συμ-</span> 
     </span>
    </p>
   </div>
   <div class='ocr_carea' id='block_1_99' title="bbox 2033 3588 3615 3665">
    <p class='ocr_par' dir='ltr' id='par_1_99' title="bbox 2033 3588 3615 3665">
     <span class='ocr_line' id='line_1_99' title="bbox 2033 3588 3615 3665; baseline -0.006 -18"><span class='ocrx_word' id='word_1_706' title='bbox 2033 3592 2178 3665; x_wconf 86' lang='grc' dir='ltr'>φορά</span> <span class='ocrx_word' id='word_1_707' title='bbox 2224 3590 2574 3662; x_wconf 78' lang='grc' dir='ltr'>ἀκμάζουσα,</span> <span class='ocrx_word' id='word_1_708' title='bbox 2609 3592 2698 3644; x_wconf 85' lang='grc' dir='ltr'>ὅτε</span> <span class='ocrx_word' id='word_1_709' title='bbox 2732 3590 2935 3654; x_wconf 82' lang='grc' dir='ltr'>πάντες</span> <span class='ocrx_word' id='word_1_710' title='bbox 2958 3591 3017 3642; x_wconf 83' lang='grc' dir='ltr'>ἐν</span> <span class='ocrx_word' id='word_1_711' title='bbox 3047 3588 3261 3659; x_wconf 83' lang='grc' dir='ltr'>θορύϐῳ</span> <span class='ocrx_word' id='word_1_712' title='bbox 3310 3588 3407 3642; x_wconf 74' lang='grc' dir='ltr'>καὶ</span> <span class='ocrx_word' id='word_1_713' title='bbox 3441 3602 3615 3656; x_wconf 85' lang='grc' dir='ltr'>κατη-</span> 
     </span>
    </p>
   </div>
   <div class='ocr_carea' id='block_1_100' title="bbox 2032 3672 3616 3750">
    <p class='ocr_par' dir='ltr' id='par_1_100' title="bbox 2032 3672 3616 3750">
     <span class='ocr_line' id='line_1_100' title="bbox 2032 3672 3616 3750; baseline -0.004 -17"><span class='ocrx_word' id='word_1_714' title='bbox 2032 3681 2183 3750; x_wconf 69' lang='grc' dir='ltr'>φείᾳ.</span> <span class='ocrx_word' id='word_1_715' title='bbox 2211 3678 2366 3750; x_wconf 26' lang='grc'>[40711</span> <span class='ocrx_word' id='word_1_716' title='bbox 2392 3677 2516 3741; x_wconf 89' lang='grc' dir='ltr'>Πῶς</span> <span class='ocrx_word' id='word_1_717' title='bbox 2546 3674 2639 3730; x_wconf 84' lang='grc' dir='ltr'>οῦν</span> <span class='ocrx_word' id='word_1_718' title='bbox 2667 3677 2729 3730; x_wconf 84' lang='grc' dir='ltr'>τὸ</span> <span class='ocrx_word' id='word_1_719' title='bbox 2766 3676 2952 3748; x_wconf 89' lang='grc' dir='ltr'>θηρίον</span> <span class='ocrx_word' id='word_1_720' title='bbox 2975 3676 3263 3746; x_wconf 86' lang='grc' dir='ltr'>ἀπαλλαγῇ</span> <span class='ocrx_word' id='word_1_721' title='bbox 3296 3674 3391 3726; x_wconf 91' lang='grc' dir='ltr'>τοῦ</span> <span class='ocrx_word' id='word_1_722' title='bbox 3424 3672 3616 3744; x_wconf 74' lang='grc' dir='ltr'>θηρίον</span> 
     </span>
    </p>
   </div>
   <div class='ocr_carea' id='block_1_101' title="bbox 2033 3760 3614 3835">
    <p class='ocr_par' dir='ltr' id='par_1_101' title="bbox 2033 3760 3614 3835">
     <span class='ocr_line' id='line_1_101' title="bbox 2033 3760 3614 3835; baseline -0.007 -14"><span class='ocrx_word' id='word_1_723' title='bbox 2033 3764 2209 3830; x_wconf 73' lang='grc' dir='ltr'>εἷναι;</span> <span class='ocrx_word' id='word_1_724' title='bbox 2257 3765 2496 3835; x_wconf 85' lang='grc' dir='ltr'>δύναμαι</span> <span class='ocrx_word' id='word_1_725' title='bbox 2538 3764 2647 3834; x_wconf 73' lang='grc' dir='ltr'>γὰρ</span> <span class='ocrx_word' id='word_1_726' title='bbox 2692 3765 2825 3817; x_wconf 75' lang='grc' dir='ltr'>αὐτὸ</span> <span class='ocrx_word' id='word_1_727' title='bbox 2868 3763 3251 3833; x_wconf 84' lang='grc' dir='ltr'>μεταϐάλλειν,</span> <span class='ocrx_word' id='word_1_728' title='bbox 3306 3760 3401 3814; x_wconf 86' lang='grc' dir='ltr'>ἐὰν</span> <span class='ocrx_word' id='word_1_729' title='bbox 3452 3760 3614 3829; x_wconf 82' lang='grc' dir='ltr'>ὑμεῖς</span> 
     </span>
    </p>
   </div>
   <div class='ocr_carea' id='block_1_102' title="bbox 2035 3846 3613 3926">
    <p class='ocr_par' dir='ltr' id='par_1_102' title="bbox 2035 3846 3613 3926">
     <span class='ocr_line' id='line_1_102' title="bbox 2035 3846 3613 3926; baseline -0.006 -17"><span class='ocrx_word' id='word_1_730' title='bbox 2035 3856 2332 3926; x_wconf 83' lang='grc' dir='ltr'>θελήσητε·</span> <span class='ocrx_word' id='word_1_731' title='bbox 2364 3851 2588 3922; x_wconf 86' lang='grc' dir='ltr'>τοιαύτη</span> <span class='ocrx_word' id='word_1_732' title='bbox 2629 3852 2792 3923; x_wconf 85' lang='grc' dir='ltr'>γάρή</span> <span class='ocrx_word' id='word_1_733' title='bbox 2827 3850 2935 3904; x_wconf 89' lang='grc' dir='ltr'>τῶν</span> <span class='ocrx_word' id='word_1_734' title='bbox 2963 3849 3351 3920; x_wconf 80' lang='grc' dir='ltr'>λόγων’ίσχύς.</span> <span class='ocrx_word' id='word_1_735' title='bbox 3386 3846 3512 3910; x_wconf 81' lang='grc' dir='ltr'>Πῶς</span> <span class='ocrx_word' id='word_1_736' title='bbox 3546 3846 3613 3899; x_wconf 85' lang='grc' dir='ltr'>ἂν</span> 
     </span>
    </p>
   </div>
   <div class='ocr_carea' id='block_1_103' title="bbox 2033 3933 3617 4013">
    <p class='ocr_par' dir='ltr' id='par_1_103' title="bbox 2033 3933 3617 4013">
     <span class='ocr_line' id='line_1_103' title="bbox 2033 3933 3617 4013; baseline -0.007 -17"><span class='ocrx_word' id='word_1_737' title='bbox 2033 3938 2128 3996; x_wconf 81' lang='grc' dir='ltr'>οὖν</span> <span class='ocrx_word' id='word_1_738' title='bbox 2152 3938 2518 4013; x_wconf 86' lang='grc' dir='ltr'>μεταϐληθείη</span> <span class='ocrx_word' id='word_1_739' title='bbox 2545 3940 2646 4009; x_wconf 88' lang='grc' dir='ltr'>τῆς</span> <span class='ocrx_word' id='word_1_740' title='bbox 2667 3937 2997 4009; x_wconf 89' lang='grc' dir='ltr'>θηριωδίας;</span> <span class='ocrx_word' id='word_1_741' title='bbox 3036 3937 3162 3990; x_wconf 83' lang='grc' dir='ltr'>Ἐὰν</span> <span class='ocrx_word' id='word_1_742' title='bbox 3188 3936 3471 4006; x_wconf 84' lang='grc' dir='ltr'>μάθωμεν.</span> <span class='ocrx_word' id='word_1_743' title='bbox 3500 3933 3617 3997; x_wconf 84' lang='grc' dir='ltr'>πῶς</span> 
     </span>
    </p>
   </div>
   <div class='ocr_carea' id='block_1_104' title="bbox 2035 4020 3618 4099">
    <p class='ocr_par' dir='ltr' id='par_1_104' title="bbox 2035 4020 3618 4099">
     <span class='ocr_line' id='line_1_104' title="bbox 2035 4020 3618 4099; baseline -0.007 -15"><span class='ocrx_word' id='word_1_744' title='bbox 2035 4030 2247 4099; x_wconf 88' lang='grc' dir='ltr'>γίνεται</span> <span class='ocrx_word' id='word_1_745' title='bbox 2281 4026 2536 4097; x_wconf 83' lang='grc' dir='ltr'>χαλεπόν.</span> <span class='ocrx_word' id='word_1_746' title='bbox 2577 4026 2700 4090; x_wconf 86' lang='grc' dir='ltr'>Πῶς</span> <span class='ocrx_word' id='word_1_747' title='bbox 2734 4020 2826 4079; x_wconf 82' lang='grc' dir='ltr'>οῦν</span> <span class='ocrx_word' id='word_1_748' title='bbox 2864 4024 3078 4092; x_wconf 89' lang='grc' dir='ltr'>γίνεται</span> <span class='ocrx_word' id='word_1_749' title='bbox 3103 4024 3373 4094; x_wconf 87' lang='grc' dir='ltr'>χαλεπόν;</span> <span class='ocrx_word' id='word_1_750' title='bbox 3406 4023 3618 4091; x_wconf 84' lang='grc' dir='ltr'>Ὥσπερ</span> 
     </span>
    </p>
   </div>
   <div class='ocr_carea' id='block_1_105' title="bbox 2034 4111 3619 4184">
    <p class='ocr_par' dir='ltr' id='par_1_105' title="bbox 2034 4111 3619 4184">
     <span class='ocr_line' id='line_1_105' title="bbox 2034 4111 3619 4184; baseline -0.007 -13"><span class='ocrx_word' id='word_1_751' title='bbox 2034 4120 2083 4171; x_wconf 83' lang='grc' dir='ltr'>οἱ</span> <span class='ocrx_word' id='word_1_752' title='bbox 2111 4116 2347 4177; x_wconf 83' lang='grc' dir='ltr'>λέοντες,</span> <span class='ocrx_word' id='word_1_753' title='bbox 2378 4113 2569 4182; x_wconf 83' lang='grc' dir='ltr'>ὥσπερ</span> <span class='ocrx_word' id='word_1_754' title='bbox 2604 4114 2661 4166; x_wconf 85' lang='grc' dir='ltr'>αί</span> <span class='ocrx_word' id='word_1_755' title='bbox 2707 4112 3031 4184; x_wconf 89' lang='grc' dir='ltr'>παρδάλεις,</span> <span class='ocrx_word' id='word_1_756' title='bbox 3086 4111 3275 4182; x_wconf 86' lang='grc' dir='ltr'>ὥσπερ</span> <span class='ocrx_word' id='word_1_757' title='bbox 3321 4111 3379 4163; x_wconf 88' lang='grc' dir='ltr'>αί</span> <span class='ocrx_word' id='word_1_758' title='bbox 3426 4111 3619 4180; x_wconf 77' lang='grc' dir='ltr'>ἄρκτοι</span> 
     </span>
    </p>
   </div>
   <div class='ocr_carea' id='block_1_106' title="bbox 2042 4197 3619 4276">
    <p class='ocr_par' dir='ltr' id='par_1_106' title="bbox 2042 4197 3619 4276">
     <span class='ocr_line' id='line_1_106' title="bbox 2042 4197 3619 4276; baseline -0.006 -16"><span class='ocrx_word' id='word_1_759' title='bbox 2042 4205 2463 4276; x_wconf 86' lang='grc' dir='ltr'>συγκλειόμεναι</span> <span class='ocrx_word' id='word_1_760' title='bbox 2491 4205 2586 4258; x_wconf 75' lang='grc' dir='ltr'>καὶ</span> <span class='ocrx_word' id='word_1_761' title='bbox 2632 4205 2692 4257; x_wconf 84' lang='grc' dir='ltr'>ἐν</span> <span class='ocrx_word' id='word_1_762' title='bbox 2731 4203 2910 4273; x_wconf 84' lang='grc' dir='ltr'>σκότῳ</span> <span class='ocrx_word' id='word_1_763' title='bbox 2943 4201 3370 4273; x_wconf 86' lang='grc' dir='ltr'>καθειργόμεναι</span> <span class='ocrx_word' id='word_1_764' title='bbox 3417 4197 3619 4264; x_wconf 81' lang='grc' dir='ltr'>διεγεί-</span> 
     </span>
    </p>
   </div>
   <div class='ocr_carea' id='block_1_107' title="bbox 2044 4284 3623 4368">
    <p class='ocr_par' dir='ltr' id='par_1_107' title="bbox 2044 4284 3623 4368">
     <span class='ocr_line' id='line_1_107' title="bbox 2044 4284 3623 4368; baseline -0.006 -20"><span class='ocrx_word' id='word_1_765' title='bbox 2044 4312 2200 4368; x_wconf 89' lang='grc' dir='ltr'>ρουσι</span> <span class='ocrx_word' id='word_1_766' title='bbox 2226 4294 2316 4347; x_wconf 83' lang='grc' dir='ltr'>τὸν</span> <span class='ocrx_word' id='word_1_767' title='bbox 2347 4292 2539 4364; x_wconf 78' lang='grc' dir='ltr'>θυμὸν,</span> <span class='ocrx_word' id='word_1_768' title='bbox 2572 4292 2801 4359; x_wconf 75' lang='grc' dir='ltr'>αὔξουσι</span> <span class='ocrx_word' id='word_1_769' title='bbox 2824 4290 2922 4363; x_wconf 84' lang='grc' dir='ltr'>τὴν</span> <span class='ocrx_word' id='word_1_770' title='bbox 2944 4291 3114 4363; x_wconf 79' lang='grc' dir='ltr'>ὀργήν</span> <span class='ocrx_word' id='word_1_771' title='bbox 3132 4305 3146 4317; x_wconf 91' lang='grc'>·</span> <span class='ocrx_word' id='word_1_772' title='bbox 3192 4287 3338 4341; x_wconf 79' lang='grc' dir='ltr'>οὓτω</span> <span class='ocrx_word' id='word_1_773' title='bbox 3374 4286 3439 4357; x_wconf 84' lang='grc' dir='ltr'>δὴ</span> <span class='ocrx_word' id='word_1_774' title='bbox 3468 4285 3564 4340; x_wconf 72' lang='grc' dir='ltr'>καὶ</span> <span class='ocrx_word' id='word_1_775' title='bbox 3592 4284 3623 4337; x_wconf 83' lang='lat'>6</span> 
     </span>
    </p>
   </div>
   <div class='ocr_carea' id='block_1_108' title="bbox 2043 4373 3624 4451">
    <p class='ocr_par' dir='ltr' id='par_1_108' title="bbox 2043 4373 3624 4451">
     <span class='ocr_line' id='line_1_108' title="bbox 2043 4373 3624 4451; baseline -0.007 -15"><span class='ocrx_word' id='word_1_776' title='bbox 2043 4381 2273 4445; x_wconf 89' lang='grc' dir='ltr'>πλοῦτος</span> <span class='ocrx_word' id='word_1_777' title='bbox 2320 4380 2740 4451; x_wconf 85' lang='grc' dir='ltr'>συγκλειόμενος</span> <span class='ocrx_word' id='word_1_778' title='bbox 2785 4379 2878 4432; x_wconf 77' lang='grc' dir='ltr'>καὶ</span> <span class='ocrx_word' id='word_1_779' title='bbox 2921 4375 3383 4446; x_wconf 83' lang='grc' dir='ltr'>κατορυττόμενος</span> <span class='ocrx_word' id='word_1_780' title='bbox 3411 4373 3624 4434; x_wconf 73' lang='grc' dir='ltr'>λέοντος</span> 
     </span>
    </p>
   </div>
   <div class='ocr_carea' id='block_1_109' title="bbox 2048 4460 3625 4542">
    <p class='ocr_par' dir='ltr' id='par_1_109' title="bbox 2048 4460 3625 4542">
     <span class='ocr_line' id='line_1_109' title="bbox 2048 4460 3625 4542; baseline -0.009 -19"><span class='ocrx_word' id='word_1_781' title='bbox 2048 4469 2247 4542; x_wconf 81' lang='grc' dir='ltr'>μᾶλλον</span> <span class='ocrx_word' id='word_1_782' title='bbox 2269 4467 2532 4537; x_wconf 80' lang='grc' dir='ltr'>ὠρύεται,</span> <span class='ocrx_word' id='word_1_783' title='bbox 2563 4467 2658 4520; x_wconf 68' lang='grc' dir='ltr'>καὶ</span> <span class='ocrx_word' id='word_1_784' title='bbox 2679 4466 2912 4520; x_wconf 87' lang='grc' dir='ltr'>πάντοτε</span> <span class='ocrx_word' id='word_1_785' title='bbox 2934 4464 3192 4517; x_wconf 85' lang='grc' dir='ltr'>ἀνασοϐεῖ</span> <span class='ocrx_word' id='word_1_786' title='bbox 3214 4478 3229 4492; x_wconf 93' lang='grc'>·</span> <span class='ocrx_word' id='word_1_787' title='bbox 3250 4463 3300 4514; x_wconf 83' lang='grc' dir='ltr'>εί</span> <span class='ocrx_word' id='word_1_788' title='bbox 3324 4461 3379 4513; x_wconf 83' lang='grc' dir='ltr'>δὲ</span> <span class='ocrx_word' id='word_1_789' title='bbox 3409 4460 3625 4525; x_wconf 85' lang='grc' dir='ltr'>ἐξάγεις</span> 
     </span>
    </p>
   </div>
   <div class='ocr_carea' id='block_1_110' title="bbox 2045 4544 3624 4619">
    <p class='ocr_par' dir='ltr' id='par_1_110' title="bbox 2045 4544 3624 4619">
     <span class='ocr_line' id='line_1_110' title="bbox 2045 4544 3624 4619; baseline -0.01 -7"><span class='ocrx_word' id='word_1_790' title='bbox 2045 4558 2208 4612; x_wconf 81' lang='grc' dir='ltr'>αὐτὸν</span> <span class='ocrx_word' id='word_1_791' title='bbox 2242 4558 2308 4608; x_wconf 83' lang='grc' dir='ltr'>ἐκ</span> <span class='ocrx_word' id='word_1_792' title='bbox 2333 4553 2428 4606; x_wconf 90' lang='grc' dir='ltr'>τοῦ</span> <span class='ocrx_word' id='word_1_793' title='bbox 2473 4555 2717 4619; x_wconf 87' lang='grc' dir='ltr'>σκότους,</span> <span class='ocrx_word' id='word_1_794' title='bbox 2766 4554 2861 4605; x_wconf 75' lang='grc' dir='ltr'>καὶ</span> <span class='ocrx_word' id='word_1_795' title='bbox 2889 4550 3226 4618; x_wconf 84' lang='grc' dir='ltr'>διασπείρεις</span> <span class='ocrx_word' id='word_1_796' title='bbox 3268 4549 3346 4611; x_wconf 87' lang='grc' dir='ltr'>είς</span> <span class='ocrx_word' id='word_1_797' title='bbox 3376 4545 3476 4608; x_wconf 84' lang='grc' dir='ltr'>τὰς</span> <span class='ocrx_word' id='word_1_798' title='bbox 3516 4544 3624 4597; x_wconf 82' lang='grc' dir='ltr'>τῶν</span> 
     </span>
    </p>
   </div>
   <div class='ocr_carea' id='block_1_111' title="bbox 2045 4631 3626 4714">
    <p class='ocr_par' dir='ltr' id='par_1_111' title="bbox 2045 4631 3626 4714">
     <span class='ocr_line' id='line_1_111' title="bbox 2045 4631 3626 4714; baseline -0.01 -17"><span class='ocrx_word' id='word_1_799' title='bbox 2045 4645 2295 4714; x_wconf 88' lang='grc' dir='ltr'>πενήτων</span> <span class='ocrx_word' id='word_1_800' title='bbox 2330 4641 2629 4711; x_wconf 87' lang='grc' dir='ltr'>γαστέρας,</span> <span class='ocrx_word' id='word_1_801' title='bbox 2677 4639 2738 4692; x_wconf 87' lang='grc' dir='ltr'>τὸ</span> <span class='ocrx_word' id='word_1_802' title='bbox 2768 4636 2955 4708; x_wconf 89' lang='grc' dir='ltr'>θηρίον</span> <span class='ocrx_word' id='word_1_803' title='bbox 3002 4636 3208 4703; x_wconf 85' lang='grc' dir='ltr'>γίνεται</span> <span class='ocrx_word' id='word_1_804' title='bbox 3260 4631 3552 4702; x_wconf 84' lang='grc' dir='ltr'>πρόϐατον,</span> <span class='ocrx_word' id='word_1_805' title='bbox 3596 4632 3626 4681; x_wconf 88' lang='lat'>6</span> 
     </span>
    </p>
   </div>
   <div class='ocr_carea' id='block_1_112' title="bbox 2044 4720 3624 4801">
    <p class='ocr_par' dir='ltr' id='par_1_112' title="bbox 2044 4720 3624 4801">
     <span class='ocr_line' id='line_1_112' title="bbox 2044 4720 3624 4801; baseline -0.009 -16"><span class='ocrx_word' id='word_1_806' title='bbox 2044 4731 2330 4793; x_wconf 81' lang='grc' dir='ltr'>ἐπίϐουλος</span> <span class='ocrx_word' id='word_1_807' title='bbox 2354 4729 2689 4801; x_wconf 87' lang='grc' dir='ltr'>προστάτης,</span> <span class='ocrx_word' id='word_1_808' title='bbox 2722 4729 2750 4780; x_wconf 87' lang='lat'>6</span> <span class='ocrx_word' id='word_1_809' title='bbox 2778 4724 3039 4787; x_wconf 84' lang='grc' dir='ltr'>σκόπελος</span> <span class='ocrx_word' id='word_1_810' title='bbox 3062 4722 3247 4793; x_wconf 80' lang='grc' dir='ltr'>λιμὴν,</span> <span class='ocrx_word' id='word_1_811' title='bbox 3271 4720 3333 4774; x_wconf 73' lang='grc' dir='ltr'>τὸ</span> <span class='ocrx_word' id='word_1_812' title='bbox 3366 4720 3624 4786; x_wconf 88' lang='grc' dir='ltr'>ναυάγιον</span> 
     </span>
    </p>
   </div>
   <div class='ocr_carea' id='block_1_113' title="bbox 2044 4809 3622 4892">
    <p class='ocr_par' dir='ltr' id='par_1_113' title="bbox 2044 4809 3622 4892">
     <span class='ocr_line' id='line_1_113' title="bbox 2044 4809 3622 4892; baseline -0.01 -18"><span class='ocrx_word' id='word_1_813' title='bbox 2044 4821 2276 4892; x_wconf 79' lang='grc' dir='ltr'>γαλήνη.</span> <span class='ocrx_word' id='word_1_814' title='bbox 2306 4820 2479 4873; x_wconf 73' lang='grc' dir='ltr'>ιἙπεὶ</span> <span class='ocrx_word' id='word_1_815' title='bbox 2525 4818 2619 4871; x_wconf 73' lang='grc' dir='ltr'>καὶ</span> <span class='ocrx_word' id='word_1_816' title='bbox 2652 4816 2745 4869; x_wconf 71' lang='grc' dir='ltr'>ἐπὶ</span> <span class='ocrx_word' id='word_1_817' title='bbox 2780 4816 2888 4866; x_wconf 91' lang='grc' dir='ltr'>τῶν</span> <span class='ocrx_word' id='word_1_818' title='bbox 2929 4813 3128 4864; x_wconf 83' lang='grc' dir='ltr'>πλοίων</span> <span class='ocrx_word' id='word_1_819' title='bbox 3169 4810 3327 4864; x_wconf 90' lang='grc' dir='ltr'>τοῦτο</span> <span class='ocrx_word' id='word_1_820' title='bbox 3366 4809 3432 4863; x_wconf 84' lang='grc' dir='ltr'>ἂν</span> <span class='ocrx_word' id='word_1_821' title='bbox 3465 4809 3622 4870; x_wconf 75' lang='grc' dir='ltr'>ἴδοις·</span> 
     </span>
    </p>
   </div>
   <div class='ocr_carea' id='block_1_114' title="bbox 2047 4896 3625 4978">
    <p class='ocr_par' dir='ltr' id='par_1_114' title="bbox 2047 4896 3625 4978">
     <span class='ocr_line' id='line_1_114' title="bbox 2047 4896 3625 4978; baseline -0.009 -16"><span class='ocrx_word' id='word_1_822' title='bbox 2047 4911 2176 4962; x_wconf 80' lang='grc' dir='ltr'>ὅταν</span> <span class='ocrx_word' id='word_1_823' title='bbox 2203 4908 2343 4978; x_wconf 83' lang='grc' dir='ltr'>ὑπὲρ</span> <span class='ocrx_word' id='word_1_824' title='bbox 2373 4906 2537 4975; x_wconf 81' lang='grc' dir='ltr'>ὄγκον</span> <span class='ocrx_word' id='word_1_825' title='bbox 2633 4905 2694 4957; x_wconf 82' lang='grc' dir='ltr'>τὸ</span> <span class='ocrx_word' id='word_1_826' title='bbox 2735 4902 2977 4975; x_wconf 87' lang='grc' dir='ltr'>φορτίον,</span> <span class='ocrx_word' id='word_1_827' title='bbox 3015 4898 3265 4971; x_wconf 77' lang='grc' dir='ltr'>βαπτίζει</span> <span class='ocrx_word' id='word_1_828' title='bbox 3295 4897 3355 4950; x_wconf 84' lang='grc' dir='ltr'>τὸ</span> <span class='ocrx_word' id='word_1_829' title='bbox 3385 4896 3625 4966; x_wconf 88' lang='grc' dir='ltr'>σκάφος·</span> 
     </span>
    </p>
   </div>
   <div class='ocr_carea' id='block_1_115' title="bbox 2045 4983 3628 5065">
    <p class='ocr_par' dir='ltr' id='par_1_115' title="bbox 2045 4983 3628 5065">
     <span class='ocr_line' id='line_1_115' title="bbox 2045 4983 3628 5065; baseline -0.011 -14"><span class='ocrx_word' id='word_1_830' title='bbox 2045 4997 2173 5051; x_wconf 82' lang='grc' dir='ltr'>ὅταν</span> <span class='ocrx_word' id='word_1_831' title='bbox 2217 4996 2274 5050; x_wconf 85' lang='grc' dir='ltr'>δὲ</span> <span class='ocrx_word' id='word_1_832' title='bbox 2302 4993 2638 5065; x_wconf 84' lang='grc' dir='ltr'>σύμμετρον,</span> <span class='ocrx_word' id='word_1_833' title='bbox 2670 4990 2919 5062; x_wconf 82' lang='grc' dir='ltr'>ἐξουρίας</span> <span class='ocrx_word' id='word_1_834' title='bbox 2950 4990 3194 5060; x_wconf 85' lang='grc' dir='ltr'>φέρεται.</span> <span class='ocrx_word' id='word_1_835' title='bbox 3232 4984 3405 5038; x_wconf 88' lang='grc' dir='ltr'>Τοῦτο</span> <span class='ocrx_word' id='word_1_836' title='bbox 3432 4984 3495 5052; x_wconf 83' lang='grc' dir='ltr'>δὴ</span> <span class='ocrx_word' id='word_1_837' title='bbox 3534 4983 3628 5035; x_wconf 75' lang='grc' dir='ltr'>καὶ</span> 
     </span>
    </p>
   </div>
   <div class='ocr_carea' id='block_1_116' title="bbox 2050 5069 3628 5149">
    <p class='ocr_par' dir='ltr' id='par_1_116' title="bbox 2050 5069 3628 5149">
     <span class='ocr_line' id='line_1_116' title="bbox 2050 5069 3628 5149; baseline -0.01 -12"><span class='ocrx_word' id='word_1_838' title='bbox 2050 5084 2285 5137; x_wconf 78' lang='grc' dir='ltr'>ἐπὶτῶν</span> <span class='ocrx_word' id='word_1_839' title='bbox 2318 5080 2507 5135; x_wconf 86' lang='grc' dir='ltr'>οίκιῶν</span> <span class='ocrx_word' id='word_1_840' title='bbox 2549 5081 2759 5149; x_wconf 89' lang='grc' dir='ltr'>γίνεται</span> <span class='ocrx_word' id='word_1_841' title='bbox 2792 5077 2899 5130; x_wconf 85' lang='grc' dir='ltr'>τῶν</span> <span class='ocrx_word' id='word_1_842' title='bbox 2949 5076 3263 5146; x_wconf 81' lang='grc' dir='ltr'>ἡμετέρων·</span> <span class='ocrx_word' id='word_1_843' title='bbox 3316 5073 3445 5124; x_wconf 78' lang='grc' dir='ltr'>ὅταν</span> <span class='ocrx_word' id='word_1_844' title='bbox 3490 5069 3628 5140; x_wconf 77' lang='grc' dir='ltr'>ὑπὲρ</span> 
     </span>
    </p>
   </div>
   <div class='ocr_carea' id='block_1_117' title="bbox 2049 5159 3628 5243">
    <p class='ocr_par' dir='ltr' id='par_1_117' title="bbox 2049 5159 3628 5243">
     <span class='ocr_line' id='line_1_117' title="bbox 2049 5159 3628 5243; baseline -0.01 -19"><span class='ocrx_word' id='word_1_845' title='bbox 2049 5171 2150 5243; x_wconf 79' lang='grc' dir='ltr'>τὴν</span> <span class='ocrx_word' id='word_1_846' title='bbox 2190 5172 2379 5241; x_wconf 85' lang='grc' dir='ltr'>χρείαν</span> <span class='ocrx_word' id='word_1_847' title='bbox 2413 5168 2726 5237; x_wconf 79' lang='grc' dir='ltr'>συναγάγῃς</span> <span class='ocrx_word' id='word_1_848' title='bbox 2768 5164 2838 5217; x_wconf 89' lang='grc' dir='ltr'>τά</span> <span class='ocrx_word' id='word_1_849' title='bbox 2883 5165 3164 5236; x_wconf 79' lang='grc' dir='ltr'>χρήματα,</span> <span class='ocrx_word' id='word_1_850' title='bbox 3210 5160 3380 5231; x_wconf 85' lang='grc' dir='ltr'>μικρά</span> <span class='ocrx_word' id='word_1_851' title='bbox 3427 5159 3628 5227; x_wconf 84' lang='grc' dir='ltr'>ἀνέμου</span> 
     </span>
    </p>
   </div>
   <div class='ocr_carea' id='block_1_118' title="bbox 2054 5246 3630 5331">
    <p class='ocr_par' dir='ltr' id='par_1_118' title="bbox 2054 5246 3630 5331">
     <span class='ocr_line' id='line_1_118' title="bbox 2054 5246 3630 5331; baseline -0.011 -18"><span class='ocrx_word' id='word_1_852' title='bbox 2054 5258 2351 5331; x_wconf 81' lang='grc' dir='ltr'>προσϐολὴ,</span> <span class='ocrx_word' id='word_1_853' title='bbox 2384 5259 2479 5311; x_wconf 77' lang='grc' dir='ltr'>καὶ</span> <span class='ocrx_word' id='word_1_854' title='bbox 2513 5259 2545 5328; x_wconf 84' lang='grc' dir='ltr'><strong>ή</strong></span> <span class='ocrx_word' id='word_1_855' title='bbox 2576 5253 2813 5325; x_wconf 89' lang='grc' dir='ltr'>τυχοῦσα</span> <span class='ocrx_word' id='word_1_856' title='bbox 2845 5252 2954 5304; x_wconf 87' lang='grc' dir='ltr'>τῶν</span> <span class='ocrx_word' id='word_1_857' title='bbox 2980 5251 3258 5320; x_wconf 83' lang='grc' dir='ltr'>ἀδοκήτων</span> <span class='ocrx_word' id='word_1_858' title='bbox 3289 5246 3630 5318; x_wconf 75' lang='grc' dir='ltr'>πραγμάτων</span> 
     </span>
    </p>
   </div>
   <div class='ocr_carea' id='block_1_119' title="bbox 2053 5331 3632 5416">
    <p class='ocr_par' dir='ltr' id='par_1_119' title="bbox 2053 5331 3632 5416">
     <span class='ocr_line' id='line_1_119' title="bbox 2053 5331 3632 5416; baseline -0.011 -17"><span class='ocrx_word' id='word_1_859' title='bbox 2053 5345 2375 5416; x_wconf 90' lang='grc' dir='ltr'>περίστασις</span> <span class='ocrx_word' id='word_1_860' title='bbox 2421 5343 2719 5411; x_wconf 79' lang='grc' dir='ltr'>αὔτανδρον</span> <span class='ocrx_word' id='word_1_861' title='bbox 2757 5338 3015 5393; x_wconf 87' lang='grc' dir='ltr'>καταδύει</span> <span class='ocrx_word' id='word_1_862' title='bbox 3064 5337 3125 5389; x_wconf 73' lang='grc' dir='ltr'>τὸ</span> <span class='ocrx_word' id='word_1_863' title='bbox 3175 5336 3415 5404; x_wconf 87' lang='grc' dir='ltr'>σκάφος·</span> <span class='ocrx_word' id='word_1_864' title='bbox 3477 5334 3525 5383; x_wconf 89' lang='grc' dir='ltr'>εί</span> <span class='ocrx_word' id='word_1_865' title='bbox 3574 5331 3632 5384; x_wconf 74' lang='grc' dir='ltr'>δὲ</span> 
     </span>
    </p>
   </div>
   <div class='ocr_carea' id='block_1_120' title="bbox 2056 5421 3633 5502">
    <p class='ocr_par' dir='ltr' id='par_1_120' title="bbox 2056 5421 3633 5502">
     <span class='ocr_line' id='line_1_120' title="bbox 2056 5421 3633 5502; baseline -0.01 -16"><span class='ocrx_word' id='word_1_866' title='bbox 2056 5433 2292 5486; x_wconf 88' lang='grc' dir='ltr'>τοσαῦτα</span> <span class='ocrx_word' id='word_1_867' title='bbox 2314 5431 2544 5502; x_wconf 84' lang='grc' dir='ltr'>άποθῇς,</span> <span class='ocrx_word' id='word_1_868' title='bbox 2579 5431 2786 5500; x_wconf 75' lang='grc' dir='ltr'>ὅσαπερ</span> <span class='ocrx_word' id='word_1_869' title='bbox 2816 5429 2848 5498; x_wconf 84' lang='grc' dir='ltr'>ὴ</span> <span class='ocrx_word' id='word_1_870' title='bbox 2872 5427 3031 5497; x_wconf 87' lang='grc' dir='ltr'>χρεία</span> <span class='ocrx_word' id='word_1_871' title='bbox 3050 5426 3291 5489; x_wconf 85' lang='grc' dir='ltr'>ἀπαιτεῖ,</span> <span class='ocrx_word' id='word_1_872' title='bbox 3325 5421 3427 5475; x_wconf 83' lang='grc' dir='ltr'>κᾶν</span> <span class='ocrx_word' id='word_1_873' title='bbox 3449 5435 3633 5473; x_wconf 84' lang='grc' dir='ltr'>καται-</span> 
     </span>
    </p>
   </div>
   <div class='ocr_carea' id='block_1_121' title="bbox 2057 5506 3634 5593">
    <p class='ocr_par' dir='ltr' id='par_1_121' title="bbox 2057 5506 3634 5593">
     <span class='ocr_line' id='line_1_121' title="bbox 2057 5506 3634 5593; baseline -0.012 -18"><span class='ocrx_word' id='word_1_874' title='bbox 2057 5524 2146 5592; x_wconf 78' lang='grc' dir='ltr'>γ“ις</span> <span class='ocrx_word' id='word_1_875' title='bbox 2172 5521 2394 5593; x_wconf 82' lang='grc' dir='ltr'>ἐπέλθῃ,</span> <span class='ocrx_word' id='word_1_876' title='bbox 2428 5520 2626 5592; x_wconf 71' lang='grc' dir='ltr'>ῥᾳδίως</span> <span class='ocrx_word' id='word_1_877' title='bbox 2641 5517 2944 5588; x_wconf 79' lang='grc' dir='ltr'>διατρέχεις</span> <span class='ocrx_word' id='word_1_878' title='bbox 2969 5515 3037 5569; x_wconf 81' lang='grc' dir='ltr'>τὰ</span> <span class='ocrx_word' id='word_1_879' title='bbox 3065 5514 3304 5583; x_wconf 86' lang='grc' dir='ltr'>κύματα.</span> <span class='ocrx_word' id='word_1_880' title='bbox 3337 5510 3429 5580; x_wconf 83' lang='grc' dir='ltr'>Μὴ</span> <span class='ocrx_word' id='word_1_881' title='bbox 3456 5506 3634 5560; x_wconf 88' lang='grc' dir='ltr'>τοίνυν</span> 
     </span>
    </p>
   </div>
   <div class='ocr_carea' id='block_1_122' title="bbox 2060 5596 3633 5680">
    <p class='ocr_par' dir='ltr' id='par_1_122' title="bbox 2060 5596 3633 5680">
     <span class='ocr_line' id='line_1_122' title="bbox 2060 5596 3633 5680; baseline -0.013 -15"><span class='ocrx_word' id='word_1_882' title='bbox 2060 5610 2317 5680; x_wconf 88' lang='grc' dir='ltr'>ἐπιθύμει</span> <span class='ocrx_word' id='word_1_883' title='bbox 2357 5608 2450 5661; x_wconf 87' lang='grc' dir='ltr'>τοῦ</span> <span class='ocrx_word' id='word_1_884' title='bbox 2476 5607 2736 5671; x_wconf 85' lang='grc' dir='ltr'>πλείονος,</span> <span class='ocrx_word' id='word_1_885' title='bbox 2769 5606 2854 5659; x_wconf 80' lang='grc' dir='ltr'>ἵνα</span> <span class='ocrx_word' id='word_1_886' title='bbox 2887 5606 2960 5675; x_wconf 83' lang='grc' dir='ltr'>μὴ</span> <span class='ocrx_word' id='word_1_887' title='bbox 2988 5604 3082 5655; x_wconf 86' lang='grc' dir='ltr'>τοῦ</span> <span class='ocrx_word' id='word_1_888' title='bbox 3124 5600 3324 5659; x_wconf 81' lang='grc' dir='ltr'>παντὸς</span> <span class='ocrx_word' id='word_1_889' title='bbox 3357 5596 3597 5671; x_wconf 74' lang='grc' dir='ltr'>ἐκπέσῃς</span> <span class='ocrx_word' id='word_1_890' title='bbox 3620 5613 3633 5626; x_wconf 88' lang='grc'>·</span> 
     </span>
    </p>
   </div>
   <div class='ocr_carea' id='block_1_123' title="bbox 2062 5681 3638 5769">
    <p class='ocr_par' dir='ltr' id='par_1_123' title="bbox 2062 5681 3638 5769">
     <span class='ocr_line' id='line_1_123' title="bbox 2062 5681 3638 5769; baseline -0.01 -16"><span class='ocrx_word' id='word_1_891' title='bbox 2062 5699 2199 5769; x_wconf 86' lang='grc' dir='ltr'>μηδέ</span> <span class='ocrx_word' id='word_1_892' title='bbox 2244 5698 2312 5752; x_wconf 83' lang='grc' dir='ltr'>τὰ</span> <span class='ocrx_word' id='word_1_893' title='bbox 2345 5698 2571 5767; x_wconf 77' lang='grc' dir='ltr'>περιττά</span> <span class='ocrx_word' id='word_1_894' title='bbox 2601 5695 2701 5764; x_wconf 88' lang='grc' dir='ltr'>τῆς</span> <span class='ocrx_word' id='word_1_895' title='bbox 2735 5694 2922 5765; x_wconf 84' lang='grc' dir='ltr'>χρείας</span> <span class='ocrx_word' id='word_1_896' title='bbox 2967 5691 3264 5757; x_wconf 85' lang='grc' dir='ltr'>συνάγαγε,</span> <span class='ocrx_word' id='word_1_897' title='bbox 3321 5686 3408 5740; x_wconf 82' lang='grc' dir='ltr'>ἴνα</span> <span class='ocrx_word' id='word_1_898' title='bbox 3447 5681 3522 5755; x_wconf 80' lang='grc' dir='ltr'>μὴ</span> <span class='ocrx_word' id='word_1_899' title='bbox 3568 5684 3638 5738; x_wconf 78' lang='grc' dir='ltr'>τὰ</span> 
     </span>
    </p>
   </div>
   <div class='ocr_carea' id='block_1_124' title="bbox 2125 5828 3163 5904">
    <p class='ocr_par' dir='ltr' id='par_1_124' title="bbox 2125 5828 3163 5904">
     <span class='ocr_line' id='line_1_124' title="bbox 2125 5828 3163 5904; baseline -0.014 -15"><span class='ocrx_word' id='word_1_900' title='bbox 2125 5841 2156 5881; x_wconf 71' lang='lat' dir='ltr'><strong>b</strong></span> <span class='ocrx_word' id='word_1_901' title='bbox 2182 5841 2303 5904; x_wconf 60' lang='lat' dir='ltr'>Reg.</span> <span class='ocrx_word' id='word_1_902' title='bbox 2324 5838 2544 5903; x_wconf 84' lang='grc' dir='ltr'>χαλεπῶν</span> <span class='ocrx_word' id='word_1_903' title='bbox 2565 5831 2891 5895; x_wconf 57' lang='grc' dir='ltr'>ἐπιταγμάτων</span> <span class='ocrx_word' id='word_1_904' title='bbox 2913 5828 3163 5883; x_wconf 59' lang='grc' dir='ltr'>δεσπότης.</span> 
     </span>
    </p>
   </div>
  </div>
