4036 6382
474 416 582 471 όίἸ

472 534 610 603 πρὸς
630 536 731 603 τὴν
747 538 945 610 χρείαν
971 542 1243 613 ἀπολέσῃς
1265 557 1279 572 ο
1317 542 1453 614 μηδέ
1475 543 1602 607 τοὺς
1624 544 2052 615 νενομισμένους

473 627 632 694 ὅρους
669 625 987 697 ὑπέρϐαινε,
1024 628 1109 681 ἵνα
1145 628 1220 701 μὴ
1258 630 1369 684 τῶν
1415 629 1587 684 ὅντων
1627 630 1884 684 ἀπάντων
1913 630 2049 702 ὁμοῦ

468 712 794 783 γυμνωθῇς’
830 714 965 769 ἀλλὰ
994 716 1293 788 περίκοπτε
1327 716 1389 771 16
1415 719 1695 789 περιττὸν,
1738 720 1822 773 ἵνα
1847 720 1905 773 ἐν
1938 722 2051 784 τοῖς

472 797 791 865 ἀναγκαίοις
818 801 1076 875 πλουτῇς.
1124 804 1238 875 Οὐχ
1269 805 1423 876 ὁρᾷς,
1458 806 1543 860 ὅτι
1574 806 1669 859 καὶ
1694 807 1923 877 γηπόνοι
1950 807 2049 879 τὴν

466 883 710 954 ἄμπελον
751 890 1197 962 περιτέμνουσιν,
1246 893 1390 948 ὥστε
1424 895 1525 965 τὴν
1554 894 1783 966 δύναμιν
1828 897 2048 951 ἃπασαν

467 970 545 1042 μὴ
576 973 633 1025 ἐν
656 976 767 1038 τοῖς
791 976 1033 1045 φύλλοις,
1071 980 1167 1032 καὶ
1200 982 1259 1034 ἐν
1285 983 1400 1045 τοῖς
1422 981 1719 1051 κλήμασιν,
1750 983 1865 1036 ἀλλ’
1894 984 1951 1036 ἐν
1977 980 2043 1055 τῇ

372 1082 377 1085 -
467 1059 591 1132 ῥίζῃ
628 1054 723 1115 τοῦ
765 1063 936 1133 φυτοῦ
967 1066 1413 1133 ὲπιδείκνυσθαι;
1465 1070 1635 1123 Τοῦτο
1668 1070 1731 1141 δὴ
1761 1070 1854 1124 καὶ
1883 1054 2047 1135 αὐτὸς

462 1146 606 1201 ποίει
625 1164 638 1177 ·
665 1150 965 1222 περίκοπτε
987 1154 1054 1207 τά
1080 1154 1277 1224 φύλλα,
1312 1156 1407 1209 καὶ
1432 1155 1531 1227 τὴν
1566 1159 1802 1229 σπουδὴν
1826 1159 2045 1212 ἃπασαν

460 1235 542 1298 εἰς
571 1236 672 1307 τὴν
699 1238 810 1291 τῶν
840 1240 1074 1313 καρπῶν
1100 1242 1274 1313 φοράν
1291 1243 1570 1297 ἀνάλισκε.
1602 1245 1665 1298 Εἰ
1684 1242 1739 1298 δέ
1775 1248 1834 1299 οὐ
1866 1244 2044 1316 βούλει

460 1323 519 1375 ἐν
552 1325 675 1389 ταῖς
720 1326 1063 1398 εὐημερίαις,
1098 1329 1285 1396 ἔλπιζε
1319 1330 1422 1394 τάς
1465 1330 1833 1405 δυσημερίας·
1867 1335 1927 1387 ὲν
1974 1336 2041 1405 τῇ

461 1411 670 1485 γαλήνῃ
709 1416 958 1485 χειμῶνα
986 1418 1295 1489 προσδόκαο
1328 1421 1386 1473 ἐν
1427 1422 1492 1491 τῇ
1524 1422 1682 1492 ὑγεία
1728 1423 1880 1476 νόσον
1909 1422 2045 1476 ἀνά-

465 1513 625 1566 μενε·
661 1501 719 1553 ἐν
745 1500 824 1571 τῷ
867 1502 1087 1575 πλούτῳ
1138 1506 1329 1560 πενίαν
1375 1509 1472 1561 καὶ
1504 1510 1782 1580 πτωχείαν
1833 1509 2040 1576 ἔλπιζε.

463 1584 777 1654 Μνήσθητι
818 1588 945 1660 γὰρ,
973 1592 1129 1661 φησι,
1156 1594 1366 1661 καιρὸν
1388 1594 1569 1665 λιμοῦ
1592 1597 1661 1650 ἐν
1697 1597 1876 1665 καιρῷ
1890 1603 2045 1665 πλη-

462 1673 719 1741 σμονῆς,
766 1680 1067 1747 πτωχείαν
1104 1680 1204 1734 καὶ
1241 1678 1481 1737 ἔνδειαν
1512 1684 1582 1736 ἐν
1625 1685 1815 1755 ἡμέρᾳ
1856 1688 2045 1739 πλού-

462 1775 588 1814 του.
626 1762 724 1814 Ἂν
763 1763 872 1834 γὰρ
903 1764 1048 1819 οὕτω
1076 1766 1421 1838 διακείμενος
1466 1767 1554 1845 ᾖς,
1597 1772 1689 1826 τόν
1722 1787 1780 1825 τε
1813 1774 2043 1827 πλοῦτον

465 1847 603 1916 μετά
633 1848 835 1920 πολλῆς
866 1851 1162 1920 διοικήσεις
1188 1856 1287 1926 τῆς
1315 1856 1693 1929 σωφροσύνης,
1725 1861 1823 1931 τήν
1853 1874 1913 1913 τε
1942 1872 2042 1913 πε-

461 1934 581 1987 νίαν
615 1936 947 1992 ἐπελθοῦσαν
990 1941 1132 2011 μετὰ
1176 1942 1382 2014 πολλῆς
1415 1944 1585 2007 οἴσεις
1629 1949 1729 2017 τῆς
1768 1947 2041 2019 ἀνδρείας.

460 2020 534 2073 Τὺ
569 2022 668 2092 μὲν
697 2024 807 2094 γὰρ
838 2026 912 2097 μὴ
942 2030 1312 2102 προσδοκηθὲν
1336 2030 1562 2103 θορυϐεῖ
1586 2035 1920 2104 προσπεσὸν,
1947 2036 2043 2089 καὶ

459 2108 750 2178 ταράττει·
786 2113 848 2165 τὸ
880 2114 937 2166 δέ
988 2116 1243 2171 ἐλπισθὲν
1281 2118 1498 2188 συμϐάν
1541 2120 1603 2173 οὐ
1644 2120 1815 2174 πολὺν
1846 2123 2042 2191 ἐπάγει

455 2214 550 2252 τον
586 2197 842 2271 θόρυϐον,
871 2202 975 2255 Δύο
1004 2205 1072 2276 δὴ
1120 2204 1295 2261 ταῦτα
1330 2208 1638 2282 κερδαίνεις
1669 2210 1739 2264 τά
1769 2211 1931 2273 καλὰ,
1981 2212 2042 2265 τὸ

463 2285 603 2355 μήτε
652 2287 872 2357 μεθύειν
903 2292 998 2344 καὶ
1049 2296 1389 2364 παραπαίειν
1436 2300 1529 2351 ἐπὶ
1579 2298 1681 2368 τῆς
1718 2298 2039 2371 εὐημερίας,

464 2371 603 2442 μήτε
651 2371 1001 2445 θορυϐεῖσθαι
1040 2381 1133 2432 καὶ
1170 2381 1538 2453 ταράττεσθαι
1578 2385 1672 2437 ἐπὶ
1700 2387 1801 2456 τῆς
1848 2387 1929 2448 εἰς
1971 2385 2042 2439 τά

462 2459 680 2514 ἐναντία
707 2464 1036 2535 μεταϐολῆς,
1084 2467 1321 2538 μάλιστα
1359 2470 1458 2541 μὲν
1486 2473 1535 2525 εἰ
1566 2471 1782 2542 μέλλεις
1808 2474 1895 2529 ἀεὶ
1939 2491 2042 2527 κα-

464 2544 712 2614 ραδοκεῖν
750 2548 818 2601 τὰ
863 2550 1080 2632 ἐναντία
1102 2571 1115 2582 ’
1165 2554 1328 2626 ἀρκεῖ
1352 2559 1463 2631 γάρ
1497 2559 1619 2613 ἀντὶ
1644 2559 1746 2626 τῆς
1782 2560 1977 2632 πείρας
2004 2562 2039 2632 ή

461 2633 775 2701 προσδοκία.
815 2631 941 2691 υἷόν
963 2657 1017 2692 τι
1048 2639 1191 2709 λέγω
1212 2661 1226 2675 ο
1284 2644 1570 2711 πλουτείς;
1606 2645 1791 2711 ἔλπιζε
1848 2631 2040 2701 πενίαν

460 2717 585 2772 καθ’
609 2720 848 2794 ἑκάστην
878 2726 1113 2797 ἡμέραν.
1151 2726 1308 2794 Τίνος
1340 2731 1526 2785 ἕνεκεν
1552 2732 1648 2787 καὶ
1676 2733 1768 2787 διὰ
1796 2733 1880 2800 τί;
1917 2734 2040 2789 Ὀτι

458 2805 528 2858 τὰ
585 2807 826 2878 μάλιστά
877 2829 936 2864 σε
982 2813 1266 2885 ὠφελῆσαι
1312 2816 1601 2888 δυνήσεται
1660 2820 1694 2891 ή
1742 2820 2039 2890 προσδοκία

456 2891 621 2965 αὕτη.
678 2896 737 2950 '0
766 2896 876 2969 γὰρ
903 2899 1140 2965 ἐλπίζων
1169 2903 1380 2968 πενίαν,
1416 2906 1473 2957 ἐν
1514 2905 1729 2977 πλούτῳ
1758 2906 1832 2960 ὢν
1852 2908 1913 2961 οὐ
1940 2922 2038 2961 τυ·

456 2980 674 3048 φοῦται,
705 2985 765 3036 οὐ
801 2986 1116 3055 χαυνοῦται,
1162 2989 1224 3041 οὐ
1264 2986 1495 3061 διαρρεῖ,
1533 2992 1635 3045 οὐκ
1689 2993 1902 3061 ἐφίεται
1930 2993 2038 3047 τῶν

456 3066 776 3140 ἀλλοτρίων·
805 3073 834 3123 6
864 3072 972 3145 γάρ
1006 3073 1107 3143 τῆς
1138 3076 1468 3147 προσδοκίας
1493 3078 1658 3146 φόϐος
1686 3079 1808 3133 ἀντὶ
1841 3080 2039 3135 παιδα-

455 3156 639 3224 γωγοῦ
683 3174 831 3222 τινος
873 3160 1066 3231 παρὼν
1121 3164 1469 3233 σωφρονίζει,
1520 3165 1877 3220 καταστέλλει
1939 3168 2039 3239 τὴν

456 3241 716 3311 διάνοιαν,
747 3246 842 3299 καὶ
873 3247 1085 3319 πονηρά
1116 3248 1474 3321 βλαστήματα
1518 3252 1588 3305 τὰ
1616 3253 1727 3306 ἀπὸ
1759 3252 1859 3324 τῆς
1910 3254 2035 3324 φιλ-

455 3330 725 3402 αργυρίας
751 3332 853 3386 οὐκ
884 3335 1077 3406 ἀφίησι
1099 3337 1322 3407 φυῆναι,
1345 3338 1534 3410 ῶσπερ
1558 3340 1799 3413 δρεπάνῃ
1822 3342 1930 3394 τινὶ
1958 3341 2040 3414 τῷ

457 3420 609 3491 φόϐῳ
636 3422 743 3475 τῶν
775 3424 1037 3480 ἐναντίων
1084 3426 1313 3480 κωλύων
1353 3428 1492 3483 αὐτὰ
1529 3431 1626 3483 καὶ
1665 3431 2036 3502 περικόπτων.

529 3550 679 3625 [408]
710 3552 772 3610 δ’.
809 3557 905 3608 Ἕν
925 3558 1023 3626 μὲν
1048 3551 1141 3610 οὖν
1170 3557 1329 3612 τοῦτο
1348 3559 1603 3630 μέγιστον
1624 3558 1827 3629 ἀγαθὸν
1846 3554 2040 3632 κερδα-

456 3642 570 3703 νεῖς
589 3656 602 3670 ·
633 3642 820 3713 ἕτερον
855 3644 911 3696 δὲ
934 3645 1040 3698 οὐκ
1064 3645 1286 3698 ἔλαττον
1312 3648 1529 3709 τούτου,
1563 3649 1626 3702 τὸ
1660 3647 1754 3702 καὶ
1795 3665 2040 3720 παράγε-

456 3727 690 3799 νομένης
723 3730 895 3800 αὐτῆς
921 3731 998 3801 μὴ
1029 3731 1348 3786 δεδοικέναι.
1384 3734 1825 3805 Προλαμϐανέτω
1859 3735 2037 3788 τοίνυν

454 3818 488 3888 ή
525 3819 825 3889 προσδοκία
856 3820 966 3874 τῶν
1006 3822 1291 3891 θλιϐερῶν,
1340 3822 1429 3877 ἵνα
1470 3823 1544 3894 μὴ
1595 3824 2035 3895 παραγένηταιή

456 3909 623 3978 πεῖρα
661 3908 771 3960 τῶν
808 3908 1101 3980 λυπηρῶν·
1142 3909 1232 3963 διά
1273 3909 1434 3964 τοῦτο
1488 3914 1521 3983 ή
1575 3915 1742 3984 πεῖρα
1791 3912 2035 3984 ἔρχεται,

456 3998 644 4070 ἐπειδὴ
675 4000 708 4071 ὴ
739 4001 1037 4070 προσδοκία
1082 4000 1142 4054 οὐ
1184 4002 1449 4073 πάρεστιν
1472 4018 1486 4033 ’
1535 4003 1657 4056 ἐπεὶ
1703 4003 1820 4072 εἴγε
1850 4003 2038 4074 ἐκείνη

456 4088 743 4161 κατώρθου
768 4091 860 4145 τὸν
890 4091 1200 4163 ἄνθρωπον,
1226 4095 1288 4147 οὐ
1315 4093 1519 4165 σφόδρα
1544 4094 1750 4165 ταύτης
1772 4095 1899 4149 εδει.
1928 4095 2039 4148 Καὶ

457 4180 674 4251 μάρτυς
706 4181 902 4235 τούτου
948 4183 1042 4235 ἐπὶ
1081 4182 1192 4235 τῶν
1218 4184 1517 4239 Νινευῖτῶν
1563 4185 1741 4249 Ἰωνᾶς
1763 4189 1792 4239 6
1826 4187 2041 4258 προφή-

454 4285 556 4339 της
576 4287 590 4300 ο
627 4271 703 4334 ὼς
732 4270 1043 4337 ἐλπίζοντες
1079 4274 1278 4326 ἐκεῖνοι
1308 4276 1380 4345 τῇ
1414 4275 1510 4328 τοῦ
1546 4277 1828 4347 προφήτου
1868 4279 2039 4348 προρ-

456 4363 615 4433 ῥήσει
650 4363 939 4435 ἀνηκέστῳ
976 4367 1293 4435 περιπεσεῖν
1342 4368 1618 4439 συμφορᾷ,
1645 4369 1712 4438 τῇ
1740 4367 2040 4439 προσδοκίᾳ

452 4454 564 4509 τῶν
616 4456 997 4527 ἐλευσομένων
1045 4457 1234 4511 κακῶν
1282 4458 1634 4530 ἀπέστρεψαν
1682 4460 1783 4532 τὴν
1834 4460 2036 4532 ὀργήνο

465 4547 712 4602 Ἰουδαῖοι
742 4547 801 4602 δὲ
848 4548 924 4620 μὴ
951 4548 1264 4613 πεισθέντες
1297 4549 1376 4621 τῷ
1408 4552 1662 4623 προφήτῃ
1697 4550 1908 4621 λέγοντι
1940 4554 2038 4624 τὴν

454 4638 657 4692 ἅλωσιν
718 4639 1099 4711 Ἰερουσαλὴμ.
1154 4640 1472 4710 ὑπέστησαν
1506 4641 1574 4694 τά
1628 4641 1796 4696 δεινά.
1841 4643 2038 4712 Σοφός

451 4727 567 4798 γὰρ
599 4731 879 4799 φοϐηθεὶς
911 4732 1225 4796 ἐξέκλινεν
1257 4733 1378 4787 ἀπὸ
1403 4732 1597 4803 κακοῦ
1623 4749 1635 4765 ·
1670 4735 1703 4786 6
1739 4734 1808 4787 δὲ
1833 4734 2039 4804 ἄφρων

451 4819 734 4888 μίγνυται
762 4821 1054 4889 πεποιθώς
1091 4836 1139 4875 ι.
1193 4824 1252 4878 ὐ
1285 4823 1520 4889 ἐλπίζων
1558 4825 1816 4893 γενέσθαι
1844 4826 2035 4897 πένης,

456 4908 516 4961 ἐν
543 4909 816 4981 εὐημερίᾳ
850 4910 1074 4979 διάγων,
1108 4914 1206 4966 οὐκ
1237 4912 1305 4967 ἂν
1333 4914 1546 4985 ταχέως
1576 4913 1802 4986 γένηται
1834 4917 2032 4987 πένης’

451 4998 481 5051 ὃ
510 5000 620 5069 γὰρ
650 4999 758 5053 ἀπὸ
796 5001 894 5072 τῆς
935 5005 1267 5073 προσδοκίας
1301 5006 1558 5076 κερδᾶναι
1591 5006 1692 5059 οὐκ
1735 5007 2031 5077 ἠθέλησας,

455 5090 567 5143 ἀπὸ
595 5090 696 5160 τῆς
756 5093 959 5164 πείρας
988 5092 1145 5146 τοῦτο
1182 5094 1404 5170 μαθήσῃ
1448 5097 1650 5161 καλῶς.
1706 5096 1796 5151 Ἐν
1822 5099 2038 5170 πλούτῳ

454 5183 635 5235 τοίνυν
665 5180 741 5234 ὢν
776 5183 1054 5254 προσδόκα
1100 5187 1310 5253 πενίαν,
1351 5191 1408 5241 ἐν
1451 5189 1724 5261 εὐημερίᾳ
1751 5190 2035 5261 τυγχάνων

459 5272 737 5344 προσδόκα
764 5274 922 5347 λιμόν
940 5293 955 5307 ”
976 5277 1033 5329 ἐν
1062 5277 1191 5350 δόξῃ
1206 5277 1282 5331 ὢν
1311 5278 1499 5346 ἔλπιζε
1522 5281 1741 5347 ἀδοξίαν
1758 5302 1771 5313 ο
1790 5284 1847 5335 ἐν
1877 5283 2036 5355 ὑγεία

455 5361 656 5431 διάγων
691 5364 844 5419 νόσον
877 5366 1139 5437 ἀνάμενε.
1166 5368 1413 5440 Συνεχῶς
1448 5371 1782 5425 ἐπισκέπτου
1814 5373 1922 5427 τῶν
1943 5375 2035 5427 ἀν-

455 5451 741 5524 θρωπίνων
777 5456 1120 5527 πραγμάτων
1171 5458 1273 5529 τὴν
1329 5459 1510 5528 φύσιν,
1581 5461 1690 5515 τῶν
1749 5465 2034 5535 ποταμίων

457 5546 750 5619 ῥευμάτων
778 5549 929 5603 οὐδὲν
956 5549 1177 5613 ἄμεινον
1203 5550 1574 5623 διακειμένην,
1606 5555 1700 5607 καὶ
1719 5557 1927 5610 καπνοῦ
1955 5560 2033 5621 εἰς

455 5638 592 5709 ἀέρα
619 5637 971 5712 διαλυομένου
1005 5642 1476 5715 όξυρρεπεστέραν
1510 5646 1601 5698 καὶ
1651 5650 1809 5713 σκιᾶς
1852 5667 2033 5722 παρα-

513 5818 537 5845 ⁸
563 5817 615 5892 1η
644 5817 926 5892 Proverbiis
961 5824 1145 5886 legitur
1167 5838 1266 5887 nv,
1289 5823 1366 5887 16,
1386 5827 1413 5873 6
1433 5825 1485 5874 δὲ
1506 5824 1666 5888 ἄφρων
1692 5828 1844 5892 ἑαυτῷ
1864 5847 2033 5881 mum-

454 5878 544 5935 θὼς
564 5879 778 5943 μίγνυται
803 5883 981 5946 ἀνόμῳ.

1191 425 1247 480 S.
1289 423 1575 480 JOANNIS
1612 422 2101 489 CHRYSOSTOMI
2143 424 2455 482 ARCHIEP.
2497 429 3052 489 CONSTANTINOP.

3625 434 3736 492 H3

2154 547 2456 620 τρεχούσης
2476 548 2937 622 οὐδαμινωτέραν.
2965 551 3064 603 Ἂν
3078 549 3251 605 ταῦτα
3275 553 3737 625 φιλοσοφῇς,οὒτε

2152 638 2221 692 τὰ
2255 642 2469 711 χρηστά
2521 658 2579 694 σε
2625 643 2866 713 φυσῆσαι
2912 642 3220 713 δυνήσεται,
3262 645 3385 699 οὔτε
3411 646 3483 698 τὰ
3513 646 3738 716 λυπηρά

2150 728 2525 783 ταπεινῶσαι·
2574 730 2641 784 ἂν
2673 731 2956 798 παρόντων
2988 731 3100 786 τῶν
3124 734 3379 805 χρηστῶν
3416 733 3496 806 μὴ
3526 733 3737 803 σφόδρα

2148 817 2356 872 τούτων
2402 819 2625 892 ἀντέχῃ,
2675 820 2797 874 οὐδὲ
2851 821 3199 878 ἀπελθόντων
3252 825 3578 900 όδυνηθήσῃ.
3636 829 3739 879 “Av

2148 912 2335 984 ἐθίσῃς
2363 911 2463 983 τὴν
2499 912 2735 968 διάνοιάν
2769 931 2864 968 σου
2891 915 2949 967 ἐν
2978 918 3044 988 τῇ
3094 917 3394 991 προσδοκίᾳ
3425 919 3535 972 τῶν
3576 921 3739 974 ἐνανο

2147 1005 2298 1065 τίων,
2336 1006 2603 1069 πολλάκις
2646 1006 2746 1076 μὲν
2779 1006 2901 1059 οὐδέ
2934 1008 3364 1077 παρέσονταντά
3410 1010 3653 1073 ἐναντία,
3684 1010 3735 1062 εἰ

2147 1095 2205 1149 δὲ
2242 1095 2338 1150 καὶ
2365 1100 2781 1168 παραγένοιντο,
2811 1096 2871 1150 οὐ
2905 1098 3111 1170 σφόδρα
3140 1116 3234 1152 σου
3260 1101 3622 1170 καθάψονται.

2219 1216 2280 1263 ε’.
2307 1210 2413 1264 Καὶ
2439 1211 2528 1266 ἵνα
2548 1212 2756 1283 μάθητε
2783 1214 2939 1267 ὅτιού
2960 1214 3355 1285 στοχαζόμενος
3369 1216 3543 1267 ταῦτα
3557 1212 3731 1281 λέγω,

2148 1302 2389 1357 παλαιάν
2430 1321 2554 1358 τινα
2591 1306 2833 1377 ἱστορίαν
2870 1306 3241 1376 διηγήσασθαι
3283 1307 3412 1377 ὑμῖν
3442 1305 3728 1376 βούλομαι.

2157 1392 2410 1462 Ἑγένετό
2433 1412 2518 1459 τις
2539 1395 2679 1466 ἀνὴρ
2710 1394 3026 1468 θαυμαστὸς
3055 1396 3152 1450 καὶ
3177 1396 3370 1468 μέγας,
3397 1396 3493 1449 καὶ
3521 1409 3732 1447 παντα-

2144 1484 2242 1554 χοῦ
2293 1487 2392 1556 τῆς
2424 1487 2749 1558 οἰκουμένης
2794 1486 3062 1558 ἀοίδιμος,
3105 1487 3135 1539 6
3185 1488 3459 1559 μακάριος
3519 1485 3663 1551 Ἰὼϐ,
3698 1484 3733 1537 6

2148 1575 2247 1646 τῆς
2274 1576 2560 1643 εὐσεϐείας
2575 1578 2834 1650 ἀθλητὴς,
2854 1580 2881 1633 6
2904 1579 3229 1649 στεφανίτης
3249 1581 3351 1650 τῆς
3378 1578 3728 1649 οἰκουμένης,
3836 1637 3842 1642 ,

2144 1665 2175 1717 6
2214 1664 2302 1717 διά
2351 1666 2571 1720 πάντων
2616 1666 2728 1719 τῶν
2759 1666 2941 1722 ἄθλων
2967 1667 3163 1731 ἐλθὼν,
3203 1669 3233 1721 6
3268 1667 3438 1739 μυρία
3464 1667 3605 1721 κατά
3627 1666 3729 1720 τοῦ

2145 1752 2394 1807 διαϐόλου
2447 1759 2688 1826 τρόπαια
2736 1757 2964 1827 στήσας.
2998 1751 3168 1820 Οὗτος
3212 1756 3431 1824 ἐγένετο
3470 1755 3728 1819 πλούσιος

2145 1846 2239 1899 καὶ
2287 1845 2480 1918 πένης,
2508 1845 2719 1913 ἔνδοξος
2760 1848 2855 1901 καὶ
2894 1846 3397 1919 εὐκαταφρόνητος,
3454 1847 3728 1912 πολύπαις

2144 1937 2240 1990 καὶ
2269 1938 2438 2001 ἄπαις
2460 1956 2472 1968 ·
2510 1934 2664 2003 οὗτος
2688 1939 2909 2008 ἐγένετο
2935 1938 2995 1990 ἐν
3020 1938 3329 2009 βασιλικαῖς
3363 1939 3572 2003 αὐλαῖς,
3601 1939 3728 2006 ἐγέ-

2144 2043 2268 2082 νετο
2313 2029 2372 2082 δὲ
2420 2031 2513 2084 καί.
2545 2032 2603 2084 ἐν
2640 2030 2874 2104 κοπρίᾳ·
2911 2026 3065 2096 οὗτος
3120 2032 3341 2099 ’ἐγένετο
3389 2034 3447 2084 ἐν
3494 2030 3730 2102 λαμπρᾷ

2144 2117 2331 2189 στολῇ,
2368 2119 2463 2172 καὶ
2500 2118 2618 2189 μετ’
2654 2118 2870 2190 ἐκείνην
2903 2121 2962 2174 ἐν
2990 2120 3172 2191 πληγῇ
3203 2119 3531 2191 σκωλήκων⁸
3567 2112 3730 2183 οὗτος

2147 2210 2351 2281 μυρίας
2375 2211 2652 2264 ἀπέλαυσε
2681 2210 3001 2281 θεραπείας,
3039 2212 3135 2264 καί⁸
3159 2211 3297 2282 μετά
3319 2211 3492 2265 ταῦτα
3523 2212 3727 2284 μυρίας

2144 2298 2438 2373 ὑπέμεινεν
2480 2300 2695 2374 ὕϐρεις,
2750 2304 2977 2356 οἰκετῶν
3024 2303 3508 2374 ἐπανισταμένων,
3552 2304 3727 2373 φίλων

2141 2391 2534 2456 ὀνειδιζόντων,
2559 2394 2815 2461 γυναικὸς
2847 2392 3330 2463 ἐπιϐουλευούσης.
3354 2394 3541 2446 Πάντα
3574 2393 3729 2465 αὐτῷ

2140 2485 2241 2556 τὴν
2288 2484 2462 2557 ἀρχὴν
2513 2486 2766 2557 καθάπερ
2798 2487 2863 2538 ἐκ
2898 2487 3092 2557 πηγῶν
3142 2485 3389 2557 ἐπέρρει,
3423 2486 3729 2557 χρημάτων

2144 2578 2452 2649 περιουσία,
2487 2579 2807 2641 δυναστείας
2841 2576 3091 2648 μέγεθος,
3137 2576 3296 2647 δόξης
3325 2576 3607 2649 περιϐολὴ,
3644 2580 3728 2630 εἰ·-

2146 2673 2283 2743 ρήνη
2318 2672 2411 2725 καὶ
2439 2672 2734 2741 ἀσφάλεια,
2767 2671 2928 2742 τιμαὶ
2958 2671 3052 2725 καὶ
3085 2670 3507 2742 θεραπεῖαι,καὶ
3537 2669 3731 2739 σώμα-

2140 2779 2233 2827 τος
2261 2763 2460 2832 ὑγίεια,
2492 2763 2589 2817 καὶ
2620 2762 2825 2817 παίδων
2856 2761 3145 2834 εὐκληρία,
3185 2762 3280 2816 καὶ
3311 2761 3462 2815 οὐδὲν
3506 2756 3573 2832 ἦν
3608 2762 3732 2814 ἐκεῖ

2140 2854 2385 2927 λυπηρόν
2404 2873 2418 2886 -
2466 2856 2646 2927 παρῆν
2672 2855 2824 2927 αὐτῷ
2848 2856 3078 2920 πλοῦτος
3106 2854 3243 2926 μετὰ
3271 2854 3593 2926 ἀσφαλείας,
3628 2855 3730 2909 καὶ

2141 2946 2413 3019 εὐημερία
2432 2947 2792 3012 ἀδιάπτωτος,
2815 2948 2911 3001 καὶ
2935 2948 3082 3018 μάλα
3107 2947 3334 3010 εἰκότως
3360 2964 3373 2977 ·
3405 2947 3433 3000 6
3461 2945 3594 3005 Θεὸς
3612 2947 3728 3017 γάρ

2143 3039 2484 3109 πανταχόθεν
2536 3038 2700 3093 αὐτὸν
2746 3039 3032 3109 ἐτείχιζεν.
3091 3039 3233 3092 Ἀλλ’
3266 3037 3493 3108 ὕστερον
3546 3036 3729 3091 πάντα

2141 3131 2327 3185 ἐκεῖνα
2345 3131 2591 3202 ἀπέπτη,
2618 3132 2715 3185 καί¹
2746 3132 2929 3202 μυρίοι
2956 3131 3223 3202 χειμῶνες
3242 3129 3429 3183 λοιπὸν
3459 3130 3727 3199 ἐσκήνουν

2141 3222 2223 3285 εἰς
2268 3223 2368 3293 τὴν
2416 3222 2597 3275 οἰκίαν
2643 3221 2880 3287 ἐκείνου,
2923 3221 3019 3275 καὶ
3054 3220 3254 3284 πάντες
3297 3218 3591 3289 ἐπάλληλοι
3626 3218 3725 3271 καὶ

2144 3315 2412 3384 συνεχεῖς,
2439 3314 2534 3367 καὶ
2565 3313 2684 3385 μεθ’
2720 3312 3031 3385 ὑπερϐολῆς
3054 3313 3315 3376 ἅπαντες.
3345 3311 3426 3365 Τὰ
3452 3309 3563 3382 γάρ
3591 3309 3723 3363 ὄντα

2141 3404 2291 3474 αὐτῷ
2341 3404 2558 3459 ἅπαντα
2596 3404 2796 3475 ἀθρόον
2840 3402 3191 3476 ἀνηρπάζετο
3214 3419 3227 3431 ’
3261 3402 3493 3465 οἰκέται,
3532 3398 3726 3461 παῖδες

2142 3493 2291 3567 [609]
2323 3494 2739 3565 κατεχώννυντο
2763 3494 2922 3566 βιαίῳ
2942 3494 3042 3548 καὶ
3060 3493 3230 3564 ἀώρῳ
3245 3493 3485 3562 θανάτῳ,
3507 3490 3600 3544 ἐπὶ
3623 3490 3726 3561 τῆς

2139 3585 2418 3654 τραπέζης
2470 3583 2565 3638 καὶ
2620 3583 2716 3637 τοῦ
2778 3582 3085 3653 συμποσίου
3137 3580 3603 3649 κατασφαγέντες,
3658 3579 3724 3631 οὐ

2142 3675 2396 3745 μαχαίρᾳ
2413 3675 2508 3728 καὶ
2531 3675 2696 3742 ξίφει,
2718 3673 2855 3727 ἀλλά
2881 3672 3153 3743 πνεύματι
3182 3670 3407 3743 πονηρῷ
3429 3670 3527 3740 τὴν
3544 3668 3726 3722 οἰκίαν

2138 3768 2550 3821 κατασείσαντι.
2584 3766 2691 3820 Καὶ
2724 3767 2862 3838 γυνὴ
2896 3766 3031 3835 μετά
3054 3765 3227 3819 ταῦτα
3246 3763 3457 3828 ὥπλιζε
3490 3763 3558 3816 τὰ
3592 3764 3724 3815 ἐαυο

2136 3858 2241 3927 ’τῆς
2285 3860 2674 3930 μηχανήματα,
2710 3858 2806 3912 καὶ
2843 3857 2920 3929 τῷ
2951 3856 3146 3926 δικαίῳ
3178 3855 3464 3927 προσῆγε²
3510 3853 3604 3906 καὶ
3641 3854 3724 3906 οἰ-
3748 3842 3761 3849 ’

2142 3948 2317 4013 κέται,
2347 3951 2442 4003 καὶ
2464 3950 2628 4018 φίλοι,
2672 3949 2723 4003 οἰ
2761 3951 2858 4020 μὲν
2895 3949 3158 4001 ἐνέπτυον
3196 3948 3285 4010 εἰς
3314 3947 3376 4000 τὸ
3405 3946 3722 4018 πρόσωπον,

2139 4041 2215 4105 ὣς
2261 4058 2425 4111 φησιν
2484 4040 2679 4104 αὐτός’
2738 4040 2880 4095 Ἀπὸ
2928 4038 3037 4109 γὰρ
3077 4037 3403 4107 προσώπου
3449 4054 3569 4106 μου
3609 4037 3724 4089 οὐκ

2140 4134 2465 4203 ἐφείσαντο
2482 4134 2780 4188 πτυέλου·
2805 4133 2852 4185 οἱ
2880 4132 2936 4184 δέ
2965 4130 3270 4191 ἐπέϐαινον,
3298 4131 3394 4183 καὶ
3419 4131 3517 4199 τῆς
3544 4128 3725 4190 οἰκίας

2140 4224 2461 4289 ἐξεϐάλλετο
2494 4224 2696 4295 πάσης,
2719 4224 2812 4277 καὶ
2842 4223 3167 4293 ἐνδιαίτημα
3190 4221 3339 4294 αὐτῷ
3368 4217 3491 4293 ἦνὴ
3521 4221 3725 4291 κοπρία

2139 4315 2346 4379 λοιπὸν,
2375 4316 2471 4369 καὶ
2506 4317 2686 4386 πηγαὶ
2727 4317 3028 4386 σκωλήκων
3067 4316 3285 4385 ἔϐρυον,
3327 4312 3593 4367 πάντοθεν
3629 4314 3725 4367 καὶ

2140 4410 2331 4480 αἵματι
2372 4412 2466 4463 καὶ
2514 4410 2672 4481 ἰχῶρι
2720 4412 3043 4481 και-ἐρρεῖτο
3073 4410 3102 4462 6
3132 4408 3366 4478 ἀδάμας,
3403 4408 3498 4460 καὶ
3541 4405 3725 4459 λαϐὼν

2138 4502 2406 4573 ὄστρακον
2436 4502 2552 4568 ἕξεε
2579 4480 2721 4566 τοὺς
2746 4480 2968 4573 ἰχῶρας,
3004 4502 3197 4571 δήμιος
3230 4499 3394 4563 αὐτὸς
3434 4497 3610 4568 ἐαυτῷ
3635 4514 3724 4567 γι-

2140 4595 2394 4667 νόμενος·
2435 4596 2529 4650 καὶ
2556 4594 2739 4648 ὀδύναι
2764 4593 3079 4664 ἐπάλληλοι,
3110 4593 3201 4647 καὶ
3234 4593 3456 4663 βάσανοι
3480 4590 3723 4662 ἀκαρτέ-

2144 4706 2321 4761 ρητοι,
2336 4690 2431 4743 καὶ
2451 4687 2549 4753 νὺξ
2574 4688 2787 4760 ἡμέρας
2813 4687 3194 4758 χαλεπωτέρα,
3217 4687 3313 4740 καὶ
3336 4685 3516 4757 ἡμέρα
3529 4682 3727 4747 νυκτὸς

2141 4782 2577 4854 φρικωδεστέρα,
2621 4781 2696 4845 ὣς
2735 4798 2934 4850 φησιν·
2983 4781 3080 4847 Ὠς
3111 4781 3189 4834 ἂν
3235 4779 3512 4849 κοιμηθῶ,
3543 4778 3722 4848 λέγω,

2140 4877 2295 4929 Πότε
2326 4873 2521 4942 ἡμέρα
2538 4888 2559 4938 ;
2578 4872 2660 4938 ὠς
2681 4871 2733 4925 δ’
2750 4871 2831 4925 ἂν
2856 4869 3123 4936 ἀναστῶ,
3151 4871 3306 4938 λέγω
3322 4871 3532 4934 πάλιν,
3565 4870 3721 4923 Πότε

2139 4963 2396 5033 ἐσπέρα;
2423 4963 2666 5032 πλήρης
2694 4962 2763 5016 δὲ
2796 4963 3027 5032 γίνομαι
3058 4960 3291 5015 ὀδυνῶν
3319 4961 3436 5016 ἀπὸ
3462 4960 3728 5029 ἑσπέρας

2134 5057 2315 5126 μέχρι
2343 5057 2514 5124 πρωΐ.
2561 5055 2672 5107 Καὶ
2697 5054 2879 5110 πάντα
2906 5054 3169 5125 κρημνοὶ,
3196 5055 3292 5107 καὶ
3331 5053 3603 5117 σκόπελοι,
3629 5054 3727 5106 καὶ

2137 5153 2166 5204 6
2191 5152 2290 5222 μὲν
2323 5149 2659 5223 παρακαλῶν
2682 5150 2879 5213 οὐδεὶς,
2906 5151 2958 5202 οἰ
2975 5150 3031 5202 δὲ
3061 5147 3724 5218 ἐπεμϐαίνοντεςμυρίοιο

2137 5242 2253 5295 ἀλλ’
2287 5242 2436 5311 ὅμως
2464 5242 2522 5294 ἐν
2565 5240 2797 5309 χειμῶνι
2833 5237 3072 5308 τοσούτῳ
3117 5239 3212 5291 καὶ
3264 5237 3506 5308 κύμασιν
3555 5237 3728 5301 ὅντως

2139 5333 2436 5403 ἀφορήτοις
2475 5330 2605 5401 ἔστη
2651 5330 2789 5402 πρὸς
2816 5331 2997 5384 πάντα
3023 5331 3272 5397 γενναῖος
3307 5328 3401 5382 καὶ
3434 5329 3698 5401 άπερίτρε

2140 5440 2275 5488 πτος
2295 5440 2307 5453 ·
2341 5423 2402 5476 τὸ
2427 5423 2486 5475 δέ
2520 5423 2693 5476 αἴτιον
2725 5421 2930 5475 τούτων
2958 5421 3115 5474 τοῦτο
3141 5416 3230 5492 ἦν,
3268 5422 3403 5492 ὅπερ
3449 5421 3609 5493 ἔφην,
3640 5424 3723 5475 ὃτι

2136 5518 2265 5572 ὅταν
2296 5515 2568 5576 ἐπλούτει,
2588 5514 2898 5585 προσεδόκα
2923 5513 3113 5567 πενίαν
3133 5531 3147 5545 ο
3183 5516 3273 5568 ὅτε
3307 5514 3542 5582 ὑγίαινε,
3569 5515 3726 5567 νόσον

2136 5609 2401 5678 ἀνέμενεν
2427 5625 2439 5639 ’
2474 5608 2564 5660 ὅτε
2588 5606 2799 5660 παίδων
2834 5605 3107 5662 τοσούτων
3143 5607 3329 5677 πατὴρ
3360 5607 3595 5675 ἐγένετο,
3630 5609 3729 5662 καὶ

2139 5698 2307 5760 ἄπαις
2328 5696 2521 5768 ἀθρόον
2552 5695 2780 5767 ἤλπιζεν
2807 5695 3048 5751 ἔσεσθαι.
3081 5698 3192 5750 Καὶ
3218 5695 3407 5751 τούτον
3435 5716 3528 5751 τον
3560 5696 3729 5767 φόϐον

2140 5791 2227 5844 ἀεὶ
2262 5792 2390 5859 παρ’
2420 5788 2605 5861 ἑαυτῷ
2633 5789 2925 5856 ἀνείλιττε,
2960 5789 3056 5843 καί
3107 5789 3313 5861 ταύτην
3357 5788 3455 5861 τὴν
3482 5790 3727 5859 ἀγωνίαν
3838 5846 3850 5855 ,

2147 5883 2233 5937 ἀεὶ
2267 5883 2485 5954 ἔτρεφε,
2526 5881 2636 5939 τῶν
2666 5881 3022 5954 ἀνθρωπίνων
3072 5883 3412 5956 πραγμάτων
3442 5881 3597 5948 εἰδὼς
3629 5881 3730 5952 τὴν
3808 5919 3814 5924 .
