4036 6380
325 437 419 496 ιιι

308 560 462 604 ιυιιιιιι
507 548 765 614 amittas;
795 548 903 603 noli
935 562 1051 619 qum
1081 546 1334 615 superant
1365 560 1518 600 usum
1546 556 1895 614 congregare,

306 657 368 695 ne
395 640 590 710 perdas
626 641 794 695 etiam
828 637 1161 701 necessaria;
1191 637 1296 691 noli
1324 636 1615 707 praefinitus
1642 637 1901 690 terminos

304 732 649 804 prattergredi
671 774 687 798 ,
732 748 801 786 ne
851 729 1186 785 facultatibus
1223 729 1486 783 universis
1517 727 1732 782 exuaris
1763 745 1777 781 :
1806 725 1902 781 sed

306 822 441 891 quod
482 832 734 892 superest
761 837 945 878 reseca
969 861 986 886 ,
1024 829 1084 875 ut
1114 821 1166 874 in
1196 820 1511 874 necessariis
1537 818 1786 873 ditescas.
1817 816 1902 873 Άιι

308 931 413 968 non
441 914 593 969 vides
612 914 757 986 quod
779 914 1028 984 agricola:
1049 912 1210 967 vitem
1234 921 1439 982 putant,
1465 916 1532 965 ne
1557 912 1659 965 vim
1686 924 1901 967 omnem

313 1023 359 1061 tn
388 1006 655 1076 pampinis
684 1014 740 1061 et
784 1006 1124 1076 palmitibus,
1170 1003 1266 1060 sed
1310 1005 1363 1060 in
1410 1005 1586 1061 radice
1627 1005 1902 1076 proferat?

310 1096 452 1152 idem
495 1107 550 1152 et
580 1108 635 1151 tu
667 1096 828 1152 facito
857 1115 871 1152 :
898 1105 1113 1167 amputa
1143 1096 1267 1152 folia
1297 1136 1313 1165 ,
1354 1112 1621 1168 omneque
1664 1098 1902 1153 studium

308 1189 411 1243 huc
441 1189 664 1244 intende
688 1229 703 1255 ,
738 1199 797 1263 ut
824 1188 1276 1259 quamplurimum
1312 1184 1522 1243 'fructus
1564 1188 1715 1244 ferat.
1745 1186 1901 1257 Quod

308 1280 351 1335 si
383 1278 560 1334 facere
585 1295 802 1335 recuses
827 1280 879 1334 in
901 1280 1061 1335 rebus
1091 1280 1384 1351 prosperis,
1409 1290 1690 1350 exspectes
1714 1280 1905 1336 adver-

307 1386 429 1435 sas;
460 1370 512 1424 in
559 1371 939 1441 tranquillitate
969 1380 1339 1440 tempestatem
1365 1412 1380 1437 ,
1415 1371 1466 1424 in
1498 1372 1725 1425 sanitate
1756 1386 1901 1423 mor-

311 1467 466 1529 bum,
496 1465 546 1518 in
574 1456 770 1518 divitiis
803 1473 1167 1533 paupertatem
1188 1479 1250 1518 ac
1277 1463 1673 1518 mendicitatem
1701 1478 1899 1531 exspe-

306 1566 411 1611 cta.
444 1546 717 1618 Memento,
755 1555 947 1626 inquit,
979 1557 1215 1628 temporis
1235 1557 1386 1628 famis
1414 1557 1468 1610 in
1498 1564 1719 1627 tempore
1745 1556 1906 1609 abun-

307 1648 532 1711 dantiae,
566 1646 902 1701 inendicita‘tis
937 1656 982 1700 et
1011 1648 1274 1715 egestatis,
1319 1647 1372 1701 in
1417 1647 1592 1701 diebus
1630 1646 1904 1717 apulentire

311 1737 501 1808 (Ereti.
538 1737 624 1791 18.
655 1736 768 1808 25).
801 1736 883 1791 Ad
915 1736 1055 1792 hune
1094 1737 1313 1792 modum
1355 1738 1400 1792 si
1439 1737 1602 1792 fueris
1640 1737 1860 1792 affectus
1885 1779 1900 1802 ,

310 1839 419 1884 tum
451 1839 505 1883 et
534 1829 750 1883 divitias
778 1829 942 1883 multa
981 1842 1101 1883 cum
1132 1828 1423 1885 sobrietate
1462 1826 1860 1883 administrabis
1882 1870 1899 1895 ,

306 1930 363 1977 et
389 1930 713 1992 egestatem,
742 1920 786 1976 si
818 1919 1054 1988 incidat,
1089 1919 1382 1975 fortiSsime
1411 1920 1673 1990 perieres.
1703 1919 1900 1973 Malum

314 2017 516 2084 quippe
546 2014 969 2084 inexspectatum
1001 2012 1276 2082 perturbat
1303 2012 1635 2076 anituum,'si
1666 2011 1897 2078 incidat;

307 2104 453 2174 quod
488 2113 668 2159 autem
695 2103 1105 2173 exSpectabatur
1127 2143 1141 2167 ,
1187 2104 1230 2157 si
1261 2104 1495 2168 accidat,
1527 2110 1633 2157 non
1674 2103 1902 2157 multum

307 2192 485 2251 adfert
510 2194 946 2268 perturbationis.
969 2191 1051 2248 ita
1092 2195 1199 2249 duo
1222 2194 1504 2249 commoda
1530 2193 1865 2250 iucrifeceris
1882 2232 1900 2260 ,

305 2291 536 2344 alterum
577 2306 643 2343 ne
683 2289 1011 2358 prosperitas
1039 2295 1089 2343 te
1114 2286 1302 2343 reddat
1329 2287 1537 2342 ebrium
1578 2295 1634 2342 et
1660 2284 1901 2342 insolen-

306 2391 414 2434 tem
437 2421 453 2445 ,
484 2378 712 2434 alterum
759 2394 828 2433 ne
863 2376 1255 2433 conunovearis
1281 2392 1343 2432 ac
1368 2377 1701 2448 perturberis
1743 2378 1902 2435 rebus

308 2473 360 2525 in
378 2470 650 2527 diversum
676 2470 1036 2537 commutatis,
1060 2470 1291 2526 maxime
1320 2472 1367 2526 si
1393 2487 1608 2542 semper
1626 2480 1902 2542 exspecta-

311 2565 459 2619 tione
501 2563 893 2618 contrariorum
940 2562 1198 2632 pendebis
1228 2580 1241 2614 :
1274 2563 1474 2618 sufficit
1499 2564 1642 2620 enim
1687 2578 1786 2635 pro
1815 2578 1899 2620 ex-

307 2656 570 2726 perientia
596 2655 949 2726 exspectatio.
983 2655 1112 2710 Tale
1138 2664 1222 2711 est
1252 2656 1395 2726 quod
1423 2656 1547 2712 dico
1578 2673 1591 2709 :
1622 2656 1772 2711 dives
1801 2658 1902 2711 es?

216 2820 227 2829 ‘
308 2747 573 2815 Exspecta
619 2746 857 2816 quotidie
907 2755 1293 2816 paupertatem.
1328 2748 1503 2814 Quare
1552 2756 1606 2802 et
1644 2747 1902 2817 quamob-

308 2838 461 2893 rem?
505 2838 766 2907 Quoniam
810 2839 909 2893 ista
955 2839 1287 2908 exspectatio
1336 2839 1429 2894 tibi
1471 2839 1757 2892 maximam
1800 2837 1898 2892 ad-

310 2930 453 2984 ferre
478 2930 673 2999 poterit
715 2929 1019 2984 utilitatem.
1059 2929 1273 2984 Etenim
1319 2930 1409 3000 qui
1450 2938 1727 2997 exspectat
1769 2944 1900 2999 pau-

311 3030 572 3092 pertatem
599 3061 613 3083 ,
645 3019 696 3074 in
722 3020 921 3075 divitiis
948 3035 1052 3074 non
1080 3020 1352 3075 extollitur
1373 3061 1387 3084 ,
1437 3037 1543 3076 non
1592 3020 1856 3076 mollescit
1881 3061 1897 3086 ,

309 3096 415 3167 non
445 3110 678 3181 difﬂuit,
721 3127 831 3167 non
856 3113 1184 3183 concupiscit
1213 3114 1381 3168 aliena
1415 3131 1430 3168 :
1466 3131 1587 3169 nam
1620 3127 1900 3186 exspecta-

317 3207 481 3261 tionis
528 3214 701 3261 metus
742 3205 1014 3276 pmdagogi
1055 3206 1328 3275 cujusdam
1376 3207 1492 3261 vice
1535 3206 1749 3262 cohibet
1789 3207 1904 3278 ejus

311 3308 567 3363 mentem,
594 3313 695 3353 nec
717 3299 914 3367 patitur
937 3298 1089 3352 multo
1112 3298 1349 3352 avaritim
1372 3298 1610 3367 germina
1631 3297 1901 3367 subnasci,

307 3393 435 3445 dum
474 3408 535 3445 ea
566 3400 710 3445 lltcllt
738 3391 1126 3446 contrariorum
1168 3391 1326 3446 veluti
1357 3389 1494 3446 falce
1518 3390 1745 3461 quadam
1774 3406 1902 3463 pro-

310 3481 452 3536 hibet
475 3497 721 3537 crescere
747 3491 1114 3552 amputatqne.

378 3574 434 3627 4.
456 3573 780 3641 Exspectatio
803 3573 1039 3637 tristium,
1063 3588 1123 3626 ea
1143 3588 1257 3625 cum
1274 3571 1585 3635 advenerim,
1613 3572 1903 3642 mitigat.—

311 3663 423 3718 lioe
451 3664 608 3734 igitur
637 3679 799 3717 unum
839 3672 922 3717 est
961 3678 992 3717 e
1035 3663 1281 3717 maximis
1325 3663 1476 3716 bonis
1524 3678 1643 3732 qua:
1686 3663 1903 3717 lucrifa-

308 3759 421 3814 cies
450 3775 462 3811 ε
496 3758 723 3811 alterum
754 3763 934 3809 autem
961 3772 1065 3810 non
1092 3765 1173 3810 est
1201 3755 1305 3809 isto
1332 3757 1506 3808 minus
1527 3795 1542 3818 ,
1573 3754 1821 3809 videlicet
1847 3764 1905 3809 ut

311 3848 356 3903 si
397 3847 685 3902 accesserit
731 3854 1015 3916 paupertas
1038 3888 1054 3914 ,
1102 3852 1208 3899 non
1235 3857 1579 3915 expavescas.
1615 3844 1906 3900 Praevertat

311 3954 441 4010 ergo
476 3940 644 3993 tristis
682 3938 1050 4007 exspectatio,
1101 3936 1385 4008 nequando
1428 3936 1608 3991 veniat
1650 3937 1763 4007 ipsa
1812 3937 1907 3992 tri-

313 4034 474 4086 stium
525 4031 855 4100 experientia
890 4047 902 4082 :
931 4030 999 4084 ob
1033 4029 1135 4084 hoc
1161 4029 1304 4083 enim
1348 4028 1497 4084 venit
1537 4028 1864 4098 experientia
1885 4069 1902 4097 ,

314 4129 590 4196 quodnon
636 4128 776 4181 adsit
801 4129 1168 4197 ex'Spectatio;
1210 4128 1424 4197 quodsi
1466 4128 1553 4182 illa
1582 4128 1905 4184 correxisset

315 4220 584 4273 hominem
606 4261 622 4283 ,
654 4220 753 4274 hac
783 4235 890 4273 non
930 4228 1044 4274 erat
1082 4230 1218 4289 'opus
1261 4219 1570 4275 admodum.
1618 4220 1789 4287 llujus
1826 4222 1903 4276 rei

316 4312 464 4366 testis
505 4311 667 4365 Jonas
702 4311 954 4365 Ninivitis
999 4313 1294 4381 praedicens
1328 4311 1601 4366 interitum
1644 4311 1828 4379 (Jonas
1853 4330 1900 4369 ε.

315 4402 370 4471 5)
402 4420 416 4455 :
446 4402 706 4471 siquidem
730 4403 804 4456 illi
833 4402 955 4456 dum
987 4412 1296 4469 exspectant
1316 4403 1455 4473 quod
1485 4402 1740 4473 pr0pheta
1766 4421 1905 4475 pra:-

311 4495 560 4561 dixerat,
588 4494 666 4549 eis
696 4494 977 4549 imminere
1015 4495 1369 4549 calamitatem
1401 4495 1781 4561 insanabilem,
1812 4513 1906 4551 ex-

315 4588 643 4656 spectatione
673 4587 934 4640 tnalorum
968 4593 1312 4639 venturorum
1342 4584 1614 4656 fregerunt
1643 4588 1772 4640 iram
1804 4604 1905 4641 nu-

319 4677 512 4740 minis;
545 4685 728 4730 contra
755 4674 925 4729 J‘uda-i
959 4691 1063 4729 non
1095 4676 1375 4730 credentes
1407 4676 1680 4746 prophetm
1708 4678 1904 4746 pracdi-

321 4768 455 4821 renti
481 4767 935 4839 Jerosniymorum
959 4767 1243 4830 excidium,
1267 4767 1457 4823 acerba
1491 4769 1727 4838 perpessi
1757 4779 1901 4825 sunt.

317 4856 535 4925 Sapiens
571 4858 701 4909 enim
731 4866 956 4910 metuens
986 4856 1254 4910 declinavit
1296 4858 1486 4911 malum
1505 4876 1524 4923 ;
1551 4859 1796 4930 insipiens
1835 4862 1902 4928 li.—

312 4947 468 4999 ϐιαία
506 4958 600 5000 sua
639 4946 972 5015 confunditur
1013 4943 1195 5020 (Prov.
1230 4944 1458 5020 14.16).
1491 4948 1592 5017 Qui
1633 4959 1909 5019 exspectat

316 5048 708 5108 paupertatem,
738 5040 862 5093 dum
891 5050 1131 5094 versatur
1159 5040 1209 5094 in
1233 5040 1451 5105 divitiis,
1477 5041 1615 5097 haud
1647 5042 1796 5098 facile
1818 5044 1908 5100 lict

322 5148 525 5202 pauper
553 5151 565 5186 :
599 5148 717 5186 nam
746 5132 886 5202 quod
918 5131 986 5185 ab
1017 5134 1414 5202 exspectatione
1443 5136 1633 5189 lucrari
1665 5136 1904 5202 noluisti,

316 5224 369 5277 id
400 5223 467 5276 ab
499 5224 611 5293 ipsa
641 5224 971 5292 eXperieutia
1008 5224 1224 5293 pulchre
1264 5225 1459 5279 disces.
1511 5224 1741 5280 Proinde
1784 5243 1905 5282 cum

318 5314 370 5368 in
404 5313 599 5368 divitiis
620 5328 679 5368 es
701 5353 717 5381 ,
742 5323 991 5383 exspecta
1024 5324 1385 5385 paupertatem
1420 5333 1434 5370 :
1462 5330 1583 5370 cum
1607 5316 1658 5370 in
1685 5317 1909 5373 afﬂuen-

318 5404 388 5456 tia
412 5446 425 5468 ,
458 5412 710 5474 ex3pecta
735 5403 929 5459 famem
964 5422 978 5458 :
1008 5419 1127 5459 cum
1157 5404 1207 5459 in
1239 5405 1406 5474 gloria
1431 5447 1446 5472 ,
1474 5416 1724 5475 exspecta
1756 5407 1908 5477 igno-

319 5493 535 5551 miltiam
561 5511 573 5546 :
598 5509 718 5549 cum
743 5494 794 5549 in
824 5494 1048 5550 sanitate
1073 5496 1225 5558 vivis,
1249 5504 1496 5565 exspecta
1518 5496 1783 5552 morbum.
1808 5499 1907 5554 As-

316 5587 471 5643 sidue
498 5588 765 5657 perpende
790 5604 968 5643 rerum
997 5589 1346 5644 humanarum
1376 5598 1643 5657 naturam,
1676 5608 1794 5663 quse
1822 5596 1905 5647 ni-

320 5681 430 5735 hilo
469 5681 659 5737 melius
690 5680 869 5745 habet,
898 5697 1058 5752 quam
1094 5682 1329 5737 amnium
1357 5681 1599 5738 deﬂuxus
1622 5726 1638 5751 ,
1682 5694 1735 5739 et
1764 5684 1907 5742 fumo

318 5774 372 5828 in
405 5788 580 5829 aerem
609 5783 967 5829 evanescente
993 5774 1230 5845 fugacior
1258 5785 1362 5841 est,
1392 5783 1446 5828 et
1467 5775 1654 5830 umbra
1688 5789 1908 5846 prmter-

312 5875 562 5924 currente
600 5864 832 5923 inanior.
867 5864 923 5920 In
951 5867 1031 5922 his
1061 5866 1104 5922 si
1137 5867 1541 5939 philosophatus
1572 5869 1737 5926 fueris
1760 5911 1774 5937 ,
1808 5887 1905 5926 nec

1202 433 1344 490 CUM
1384 428 1820 489 SA'lUliNlNUS
1856 433 1947 489 ET
1989 433 2448 503 AURELIANUS,
2492 433 2639 492 ETC.

3488 443 3591 500 “8

2007 549 2187 603 suavia
2215 557 2269 604 te
2292 558 2547 620 poterunt
2576 549 2800 617 inﬂare,
2848 566 2945 609 nec
2987 554 3209 609 molesta
3243 554 3473 627 dejicere
3506 576 3519 612 :
3552 560 3597 612 si

2007 641 2359 709 priesentibu‘s
2382 641 2541 698 bonis
2568 656 2674 697 non
2701 640 2986 699 admodum
3017 645 3301 714 inhaereas,
3333 659 3507 719 neque
3531 649 3598 706 iis

2007 731 2317 787 absentibus
2343 732 2770 790 discruciaberis.
2801 735 2857 791 Si
2880 738 3246 794 consuefacias
3267 742 3504 797 aninmm
3529 743 3594 798 ad

1998 823 2457 892 exspectationem
2486 824 2855 893 adversorum,
2885 840 3025 899 satpe
3052 829 3270 899 quidem
3301 831 3395 886 fiet
3415 840 3471 887 ut
3495 833 3593 886 ad-

2006 920 2160 967 versa
2187 924 2293 969 nan
2323 915 2584 981 accidant,
2616 918 2709 972 sed
2733 919 2776 973 si
2805 920 3132 989 acciderint,
3163 930 3268 977 non
3294 924 3599 980 vehemen-

2004 1008 2090 1058 ter
2120 1012 2170 1060 te
2194 1007 2630 1062 commovebunt.

2078 1095 2131 1151 5.
2164 1097 2285 1150 Jobi
2310 1098 2520 1152 historia
2554 1109 2599 1152 et
2641 1099 2838 1155 laudes.
2872 1132 2943 1142 —
2979 1102 3154 1174 Atque
3192 1114 3251 1160 ut
3293 1105 3601 1176 Intelligatis

2000 1194 2096 1241 'me
2126 1186 2241 1241 haec
2278 1196 2386 1242 non
2429 1198 2497 1244 ex
2544 1191 2852 1261 conjectura
2895 1193 3066 1264 loqui,
3116 1197 3235 1251 voto
3276 1199 3427 1253 vobis
3470 1214 3598 1253 nar-

2009 1290 2132 1331 rare
2160 1285 2395 1332 veterem
2436 1280 2721 1349 quamdam
2763 1281 3061 1338 historiam.
3100 1282 3226 1340 Fuit
3256 1287 3345 1341 vir
3382 1289 3599 1359 quidam

2006 1366 2335 1423 admirabilis
2363 1379 2416 1423 et
2445 1382 2668 1440 magnus
2696 1380 2750 1427 et
2775 1373 2972 1443 ubique
2999 1388 3093 1444 per
3120 1376 3306 1431 orbem
3328 1386 3597 1433 terrarum

2007 1458 2310 1513 celebratus
2333 1501 2349 1527 ,
2379 1461 2567 1516 beatus
2592 1461 2680 1517 ille
2702 1462 2805 1519 Job
2832 1506 2846 1531 ,
2882 1464 2970 1519 ille
2996 1467 3209 1536 pietatis
3238 1467 3434 1522 athleta
3461 1510 3477 1535 ,
3503 1470 3595 1523 ille

2009 1551 2170 1604 totius
2219 1550 2404 1606 mundi
2454 1553 2624 1608 vietor
2671 1562 2725 1608 et
2778 1556 3087 1621 eorouifer,
3143 1559 3234 1628 qui
3281 1572 3376 1628 per
3421 1562 3600 1614 omnia

2007 1642 2359 1697 certaminum
2412 1656 2616 1714 genera
2658 1647 2942 1712 transivit,
2992 1650 3092 1718 qui
3157 1650 3436 1706 innumera
3486 1662 3598 1707 tro-

2008 1748 2122 1802 paea
2189 1734 2366 1789 erexit
2432 1735 2643 1793 devicto
2710 1737 2945 1793 diabolo.
3004 1740 3107 1796 llic
3171 1743 3268 1796 ibit
3332 1744 3485 1799 dives
3549 1757 3605 1801 et

2009 1836 2231 1895 pauper,
2261 1826 2525 1897 gloriosus
2553 1836 2605 1884 et
2629 1829 2769 1896 vilis,
2812 1832 3098 1886 multorum
3126 1834 3421 1889 liberorum
3453 1847 3604 1905 pater

2008 1927 2060 1972 et
2086 1917 2252 1973 orbus
2276 1932 2291 1983 ;
2316 1917 2409 1974 hic
2428 1928 2670 1976 versatus
2696 1922 2851 1978 estin
2874 1923 3010 1977 aulis
3028 1925 3319 1994 regalibus,
3349 1927 3441 1981 sed
3463 1927 3601 1982 idem

2009 2006 2110 2063 fuit
2154 2009 2205 2063 in
2236 2011 2611 2081 Sterquilin‘io;
2644 2011 2730 2069 llic
2762 2013 2858 2069 fuit
2891 2017 2944 2071 in
2990 2017 3265 2087 splendida
3305 2028 3474 2087 veste,
3506 2023 3604 2077 sed

2004 2110 2129 2171 post
2155 2102 2294 2157 illam
2322 2103 2376 2158 in
2406 2106 2717 2160 corrosione
2743 2108 3044 2177 tinearum;
3074 2109 3159 2165 h‘ic
3191 2108 3423 2181 possedit
3443 2113 3602 2168 innu-

2008 2204 2214 2247 merum
2260 2193 2599 2263 famulitium,
2645 2198 2738 2252 sed
2788 2206 2967 2269 pbstea
3002 2202 3256 2256 sustinuit
3298 2203 3606 2261 innumeras

1996 2287 2378 2352 contumelias,
2423 2302 2453 2343 a
2482 2287 2830 2346 familiaribus
2867 2290 2920 2345 in
2957 2291 3129 2363 ipsum
3160 2293 3562 2367 insurgentibus
3587 2341 3601 2364 ,

1996 2378 2075 2434 ‘a‘b
2100 2379 2288 2435 amicis
2309 2381 2753 2451 conviciantibus,
2783 2385 2850 2439 ab
2884 2399 3061 2442 uxore
3085 2386 3386 2443 insidiante.
3410 2386 3603 2445 Ouinia

2007 2472 2085 2529 illi
2121 2475 2266 2544 prius
2291 2474 2438 2529 velut
2466 2489 2497 2531 e
2537 2475 2684 2531 fonte
2712 2476 3023 2546 afﬂuebant,
3057 2480 3402 2550 pecuniarum
3429 2483 3605 2554 capia,

1992 2566 2263 2635 ‘potentia:
2306 2567 2639 2637 magnitudo,
2670 2567 2855 2639 gloriae
2880 2570 3141 2639 accessio,
3186 2584 3290 2641 pax
3320 2584 3373 2628 et
3401 2575 3606 2629 securi-

2009 2666 2111 2726 tas,
2141 2658 2374 2714 honores
2402 2670 2455 2714 et
2491 2660 2831 2732 obsequium,
2865 2663 3104 2733 corporis
3132 2664 3353 2732 sanitas,
3384 2675 3439 2721 et
3468 2666 3607 2723 lilio-

2007 2766 2125 2805 rum
2152 2752 2442 2823 Opulentia,
2475 2769 2574 2809 nec
2615 2763 2732 2809 erat
2756 2754 2808 2808 in
2842 2756 2924 2811 his
2967 2758 3253 2827 quidquam
3285 2760 3603 2827 molestum;

2009 2842 2230 2897 aderant
2261 2842 2340 2897 illi
2380 2843 2578 2898 divitia:
2598 2859 2718 2899 cum
2750 2847 3055 2914 securitate,
3087 2851 3413 2919 prosperitas
3439 2852 3607 2907 stabi-

2008 2930 2074 2986 lis
2104 2949 2117 2985 :
2148 2940 2310 3003 atque
2354 2933 2559 3004 optimo
2622 2935 2837 3004 quidem
2880 2937 3045 3005 jure:
3075 2936 3216 2993 Deus
3277 2941 3418 2995 enim
3461 2942 3608 2997 illum

2012 3024 2247 3095 undique
2274 3025 2583 3081 vallaverat.
2611 3026 2717 3082 Sed
2735 3036 2919 3097 postea
2946 3030 3031 3083 illa
3051 3030 3228 3086 omnia
3248 3045 3606 3104 recesserunt,

2010 3130 2240 3186 moxque
2258 3117 2551 3173 innumera:
2571 3128 2915 3190 tempestates
2936 3121 3304 3191 immigrarunt
3321 3124 3371 3178 in
3389 3124 3606 3182 domum

2012 3206 2172 3272 illius,
2206 3222 2417 3278 omnes,
2465 3209 2705 3279 inquam,
2744 3210 2845 3265 sibi
2895 3211 3128 3268 vicissim
3168 3215 3520 3272 succedentes
3545 3233 3609 3273 ac

2008 3310 2280 3370 perpetuze
2307 3309 2363 3357 et
2403 3301 2664 3372 ingentes.
2713 3302 2983 3372 Siquidem
3024 3303 3287 3361 universa:
3328 3306 3610 3366 facultates

2009 3393 2085 3446 illi
2123 3392 2280 3446 simul
2319 3401 2521 3463 erepta:
2563 3402 2686 3448 sunt
2718 3412 2731 3447 :
2766 3394 2948 3449 famuli
2997 3395 3254 3467 liberique
3290 3407 3608 3467 prmmatura

2010 3482 2356 3553 violentaque
2396 3492 2572 3539 morte
2602 3485 2845 3554 oppressi
2873 3495 3016 3552 sunt,
3046 3487 3113 3541 ad
3145 3504 3385 3544 mensam
3413 3499 3467 3545 et
3494 3492 3611 3561 ipso

2010 3575 2062 3630 iu
2094 3576 2341 3630 convivio
2370 3576 2607 3644 mactati,
2639 3594 2746 3631 non
2789 3577 3005 3648 quidem
3049 3582 3228 3636 securi
3274 3590 3367 3636 aut
3391 3583 3568 3653 gladio
3589 3625 3609 3653 ,

2007 3667 2102 3721 sed
2131 3682 2161 3719 a
2193 3667 2336 3720 malo
2379 3668 2588 3736 spiritu,
2618 3668 2707 3738 qui
2747 3668 2964 3724 domum
2993 3672 3280 3727 concussit.
3314 3673 3448 3727 Tum
3476 3690 3611 3729 uxor

2009 3757 2062 3812 in
2094 3758 2243 3813 illum
2291 3759 2620 3827 armabatur,
2652 3774 2884 3831 suasque
2928 3760 3204 3817 machinas
3246 3764 3483 3819 admovit
3519 3766 3605 3835 ju-

2008 3859 2134 3916 Sto;
2180 3844 2383 3906 famuli
2416 3866 2577 3922 porro
2615 3861 2669 3908 et
2710 3854 2904 3920 amici,
2954 3856 3146 3924 partim
3192 3867 3517 3925 exspuerunt
3556 3861 3607 3914 in

2010 3940 2198 3997 faciem
2229 3941 2366 4012 ejus,
2389 3943 2836 4013 quemadmodum
2867 3945 2937 4000 ait
2968 3946 3104 4015 ipse,
3132 3946 3251 4003 Non
3275 3964 3607 4020 pepercerunt

2013 4033 2194 4103 faciem
2221 4050 2382 4087 meum
2403 4051 2678 4104 conspuere
2698 4035 2816 4104 (Job
2847 4038 2934 4091 50.
2961 4038 3049 4107 10)
3081 4055 3095 4093 :
3119 4040 3312 4109 partim
3340 4041 3611 4099 irruerent

2010 4127 2063 4180 in
2094 4136 2241 4191 eum,
2271 4134 2324 4182 et
2362 4141 2429 4181 ex
2460 4126 2621 4183 domo
2647 4129 2850 4197 ejectus
2877 4138 2980 4197 est,
3020 4146 3083 4185 ac
3112 4131 3366 4203 deinceps
3397 4135 3447 4188 in
3475 4145 3612 4191 ster—

2012 4218 2238 4286 quilinio
2279 4219 2439 4273 vitatu
2484 4220 2610 4289 egit,
2657 4235 2719 4275 ac
2764 4221 3026 4276 vermium
3078 4222 3249 4279 fontes
3293 4226 3567 4281 scatebant
3595 4268 3609 4292 ,

2011 4310 2249 4379 undique
2297 4310 2555 4380 sanguine
2601 4319 2656 4366 et
2698 4312 2848 4367 sanie
2889 4313 3170 4369 difﬂuebat
3213 4317 3301 4372 ille
3344 4318 3611 4386 pretiosus

2009 4400 2268 4467 adamas;
2300 4408 2354 4455 et
2387 4409 2615 4471 accepta
2660 4410 2795 4457 testa
2844 4406 3191 4474 abstergebat
3238 4408 3464 4474 saniem,
3499 4410 3611 4479 ipse

2011 4491 2112 4547 sibi
2156 4492 2327 4547 factus
2371 4492 2609 4548 carnifex
2646 4494 2843 4550 :dolor
2888 4496 3130 4552 dolorem
3176 4499 3510 4568 excipiebat,
3558 4510 3611 4553 et

2010 4584 2279 4638 cruciatus
2322 4583 2706 4648 intolerabiles,
2736 4595 2791 4641 et
2830 4601 2933 4641 nox
2964 4587 3051 4641 die
3090 4588 3385 4654 molestior,
3414 4598 3469 4644 et
3491 4591 3610 4644 dies

2013 4683 2170 4729 nocte
2187 4673 2493 4741 terribilior,
2508 4676 2649 4730 sicut
2664 4676 2775 4743 ipse
2786 4676 2917 4729 dicit
2937 4695 2950 4730 :
2969 4676 3096 4730 Cum
3117 4676 3451 4743 obdormiero,
3471 4680 3605 4748 dico,

2011 4765 2215 4835 quando
2235 4765 2326 4818 erit
2372 4765 2525 4819 dies?
2551 4782 2664 4819 cum
2704 4782 2876 4835 surgo,
2907 4782 3108 4819 rursum
3136 4768 3271 4836 dico,
3293 4772 3497 4838 quando
3515 4774 3608 4825 erit

2012 4857 2257 4928 vespera?
2273 4857 2449 4927 plenus
2474 4856 2649 4911 dolore
2663 4873 2773 4910 sum
2787 4874 2818 4909 a
2834 4872 3037 4929 vespera
3054 4875 3211 4929 usque
3238 4861 3307 4912 ad
3331 4861 3608 4915 diluculum

2014 4951 2138 5020 (Job
2163 4952 2218 5005 7.
2246 4947 2326 5022 4).
2358 4950 2547 5006 Omnia
2588 4949 2899 5020 prarCipltin,
2926 4950 3108 5005 eninia
3132 4952 3366 5024 scopuli,
3389 4968 3503 5009 ~nec
3527 4965 3613 5009 est

2016 5042 2157 5097 ullus
2181 5042 2268 5113 qui
2296 5043 2619 5107 consoletur,
2647 5042 2734 5111 qui
2762 5042 3013 5097 insultent
3041 5043 3304 5100 innumeri
3333 5062 3349 5104 :
3374 5054 3608 5101 attamen

2016 5136 2068 5190 in
2103 5145 2243 5189 tanta
2278 5145 2617 5205 tempestate,
2671 5135 2937 5205 tantisque
2979 5136 3226 5192 ﬂuctibus
3254 5138 3388 5193 adeo
3420 5139 3609 5194 intole-

2016 5226 2220 5293 randis,
2267 5226 2506 5282 conStitit
2545 5227 2803 5281 adversus
2840 5228 3314 5298 eiuniatgeneroso
3339 5231 3519 5286 animo
3557 5241 3614 5286 et

2015 5321 2403 5388 inconcussus;
2435 5321 2488 5375 in
2529 5336 2688 5376 causa
2734 5321 2831 5377 fuit
2873 5322 2923 5376 id
2952 5323 3093 5393 quod
3125 5323 3364 5378 dicebam
3398 5340 3414 5381 :
3449 5326 3606 5379 nimi-

2015 5427 2132 5466 rum
2174 5411 2298 5480 quia
2332 5426 2452 5467 cum
2486 5411 2636 5466 dives
2675 5421 2838 5478 esset,
2887 5414 3228 5482 exspectabat
3272 5423 3563 5483 egestatem
3598 5434 3609 5469 :

2014 5514 2136 5557 eum
2183 5517 2346 5557 sanus
2394 5511 2574 5567 esset,
2620 5504 2964 5573 exspectabat
3008 5505 3406 5575 ugrotationem
3439 5522 3455 5561 :
3487 5520 3608 5560 cum

2017 5602 2096 5649 tot
2130 5594 2416 5650 liberorum
2444 5604 2588 5650 esset
2618 5604 2790 5665 pater,
2831 5596 3060 5651 subitam
3104 5595 3403 5649 orbitatem.
3437 5599 3612 5670 Atque

2016 5684 2159 5740 hunc
2185 5685 2433 5739 timorem
2482 5700 2697 5756 semper
2724 5687 2865 5756 apud
2896 5703 2955 5743 se
2982 5687 3236 5755 suSrepit,
3267 5696 3321 5742 et
3352 5687 3488 5743 hanc
3517 5705 3611 5744 an.

2016 5778 2267 5833 xietatetn
2314 5792 2529 5848 semper
2571 5779 2710 5849 apud
2761 5795 2822 5834 se
2869 5779 3036 5846 aluit,
3085 5781 3386 5851 intelligens
3432 5798 3608 5838 rerum

2017 5870 2369 5927 humanarum
2415 5880 2681 5940 naturam,
2729 5881 3267 5945 momentaneamque
3312 5874 3612 5931 volubilita-
