  <div class='ocr_page' id='page_1' title='image "/cluster/home/n/w/nwhite01/storage/ocr_20150623/52:no.3:pt.2/coo.31924054869510/043.png"; bbox 0 0 4036 6382; ppageno 0'>
   <div class='ocr_carea' id='block_1_1' title="bbox 510 390 613 445">
    <p class='ocr_par' dir='ltr' id='par_1_1' title="bbox 510 390 613 445">
     <span class='ocr_line' id='line_1_1' title="bbox 510 390 613 445; baseline 0 0"><span class='ocrx_word' id='word_1_1' title='bbox 510 390 613 445; x_wconf 73' lang='lat' dir='ltr'><strong>M9</strong></span> 
     </span>
    </p>
   </div>
   <div class='ocr_carea' id='block_1_2' title="bbox 510 493 2103 573">
    <p class='ocr_par' dir='ltr' id='par_1_2' title="bbox 510 493 2103 573">
     <span class='ocr_line' id='line_1_2' title="bbox 510 493 2103 573; baseline -0.008 -13"><span class='ocrx_word' id='word_1_2' title='bbox 510 514 620 560; x_wconf 91' lang='lat' dir='ltr'><strong>tem</strong></span> <span class='ocrx_word' id='word_1_3' title='bbox 668 504 1005 573; x_wconf 73' lang='lat' dir='ltr'><strong>negotiorum</strong></span> <span class='ocrx_word' id='word_1_4' title='bbox 1058 498 1422 556; x_wconf 76' lang='lat' dir='ltr'><strong>considerans.</strong></span> <span class='ocrx_word' id='word_1_5' title='bbox 1472 497 1654 565; x_wconf 68' lang='lat' dir='ltr'><strong>lioque</strong></span> <span class='ocrx_word' id='word_1_6' title='bbox 1715 493 1845 549; x_wconf 79' lang='lat' dir='ltr'><strong>dixit</strong></span> <span class='ocrx_word' id='word_1_7' title='bbox 1882 493 2103 550; x_wconf 84' lang='lat' dir='ltr'><strong>:Timor</strong></span> 
     </span>
    </p>
   </div>
   <div class='ocr_carea' id='block_1_3' title="bbox 510 587 2105 665">
    <p class='ocr_par' dir='ltr' id='par_1_3' title="bbox 510 587 2105 665">
     <span class='ocr_line' id='line_1_3' title="bbox 510 587 2105 665; baseline -0.005 -15"><span class='ocrx_word' id='word_1_8' title='bbox 510 612 660 665; x_wconf 82' lang='lat' dir='ltr'><strong>quem</strong></span> <span class='ocrx_word' id='word_1_9' title='bbox 699 595 951 659; x_wconf 84' lang='lat' dir='ltr'><strong>timebam,</strong></span> <span class='ocrx_word' id='word_1_10' title='bbox 984 594 1142 648; x_wconf 75' lang='lat' dir='ltr'><strong>evenit</strong></span> <span class='ocrx_word' id='word_1_11' title='bbox 1170 591 1295 644; x_wconf 83' lang='lat' dir='ltr'><strong>mihi</strong></span> <span class='ocrx_word' id='word_1_12' title='bbox 1321 608 1341 645; x_wconf 69' lang='grc' dir='ltr'><strong><em>ε</em></strong></span> <span class='ocrx_word' id='word_1_13' title='bbox 1369 599 1415 643; x_wconf 86' lang='lat' dir='ltr'><strong>et</strong></span> <span class='ocrx_word' id='word_1_14' title='bbox 1442 589 1718 659; x_wconf 84' lang='lat' dir='ltr'><strong>periculum</strong></span> <span class='ocrx_word' id='word_1_15' title='bbox 1754 587 1891 661; x_wconf 84' lang='lat' dir='ltr'><strong>quod</strong></span> <span class='ocrx_word' id='word_1_16' title='bbox 1918 598 2105 643; x_wconf 86' lang='lat' dir='ltr'><strong>metue-</strong></span> 
     </span>
    </p>
   </div>
   <div class='ocr_carea' id='block_1_4' title="bbox 507 678 2103 752">
    <p class='ocr_par' dir='ltr' id='par_1_4' title="bbox 507 678 2103 752">
     <span class='ocr_line' id='line_1_4' title="bbox 507 678 2103 752; baseline -0.006 -12"><span class='ocrx_word' id='word_1_17' title='bbox 507 689 646 752; x_wconf 87' lang='lat' dir='ltr'><strong>bam,</strong></span> <span class='ocrx_word' id='word_1_18' title='bbox 677 686 892 739; x_wconf 76' lang='lat' dir='ltr'><strong>occurrit</strong></span> <span class='ocrx_word' id='word_1_19' title='bbox 918 683 1046 737; x_wconf 73' lang='lat' dir='ltr'><strong>milii</strong></span> <span class='ocrx_word' id='word_1_20' title='bbox 1090 679 1210 751; x_wconf 83' lang='lat' dir='ltr'><strong>(Job</strong></span> <span class='ocrx_word' id='word_1_21' title='bbox 1236 682 1289 737; x_wconf 82' lang='grc'><strong>5.</strong></span> <span class='ocrx_word' id='word_1_22' title='bbox 1316 679 1433 749; x_wconf 71' lang='lat'><strong>25).</strong></span> <span class='ocrx_word' id='word_1_23' title='bbox 1480 681 1709 750; x_wconf 81' lang='lat' dir='ltr'><strong>Semper</strong></span> <span class='ocrx_word' id='word_1_24' title='bbox 1732 680 1873 734; x_wconf 90' lang='lat' dir='ltr'><strong>enim</strong></span> <span class='ocrx_word' id='word_1_25' title='bbox 1903 678 2103 747; x_wconf 83' lang='lat' dir='ltr'><strong>cogita-</strong></span> 
     </span>
    </p>
   </div>
   <div class='ocr_carea' id='block_1_5' title="bbox 509 768 2097 844">
    <p class='ocr_par' dir='ltr' id='par_1_5' title="bbox 509 768 2097 844">
     <span class='ocr_line' id='line_1_5' title="bbox 509 768 2097 844; baseline -0.005 -15"><span class='ocrx_word' id='word_1_26' title='bbox 509 778 656 830; x_wconf 92' lang='lat' dir='ltr'><strong>tione</strong></span> <span class='ocrx_word' id='word_1_27' title='bbox 702 774 979 844; x_wconf 87' lang='lat' dir='ltr'><strong>spectabat</strong></span> <span class='ocrx_word' id='word_1_28' title='bbox 1018 773 1087 831; x_wconf 89' lang='lat' dir='ltr'><strong>ad</strong></span> <span class='ocrx_word' id='word_1_29' title='bbox 1133 771 1280 827; x_wconf 90' lang='lat' dir='ltr'><strong>illum</strong></span> <span class='ocrx_word' id='word_1_30' title='bbox 1327 769 1594 836; x_wconf 85' lang='lat' dir='ltr'><strong>timorem,</strong></span> <span class='ocrx_word' id='word_1_31' title='bbox 1643 768 1892 838; x_wconf 90' lang='lat' dir='ltr'><strong>operiens</strong></span> <span class='ocrx_word' id='word_1_32' title='bbox 1932 782 2097 835; x_wconf 90' lang='lat' dir='ltr'><strong>eum,</strong></span> 
     </span>
    </p>
   </div>
   <div class='ocr_carea' id='block_1_6' title="bbox 511 860 2099 933">
    <p class='ocr_par' dir='ltr' id='par_1_6' title="bbox 511 860 2099 933">
     <span class='ocr_line' id='line_1_6' title="bbox 511 860 2099 933; baseline -0.004 -15"><span class='ocrx_word' id='word_1_33' title='bbox 511 879 741 933; x_wconf 86' lang='lat' dir='ltr'><strong>sperans</strong></span> <span class='ocrx_word' id='word_1_34' title='bbox 787 870 1254 932; x_wconf 62' lang='lat' dir='ltr'><strong>exspectareque;</strong></span> <span class='ocrx_word' id='word_1_35' title='bbox 1301 861 1422 915; x_wconf 89' lang='lat' dir='ltr'><strong>ideo</strong></span> <span class='ocrx_word' id='word_1_36' title='bbox 1465 876 1587 915; x_wconf 88' lang='lat' dir='ltr'><strong>cum</strong></span> <span class='ocrx_word' id='word_1_37' title='bbox 1636 860 1960 926; x_wconf 82' lang='lat' dir='ltr'><strong>advenisset,</strong></span> <span class='ocrx_word' id='word_1_38' title='bbox 1993 873 2099 913; x_wconf 90' lang='lat' dir='ltr'><strong>non</strong></span> 
     </span>
    </p>
   </div>
   <div class='ocr_carea' id='block_1_7' title="bbox 509 951 2102 1023">
    <p class='ocr_par' dir='ltr' id='par_1_7' title="bbox 509 951 2102 1023">
     <span class='ocr_line' id='line_1_7' title="bbox 509 951 2102 1023; baseline -0.003 -15"><span class='ocrx_word' id='word_1_39' title='bbox 509 953 841 1023; x_wconf 83' lang='lat' dir='ltr'><strong>perturbavit</strong></span> <span class='ocrx_word' id='word_1_40' title='bbox 869 953 1016 1007; x_wconf 90' lang='lat' dir='ltr'><strong>illum</strong></span> <span class='ocrx_word' id='word_1_41' title='bbox 1044 970 1059 1007; x_wconf 86' lang='lat'><strong>:</strong></span> <span class='ocrx_word' id='word_1_42' title='bbox 1092 952 1272 1022; x_wconf 80' lang='lat' dir='ltr'><strong>Neque</strong></span> <span class='ocrx_word' id='word_1_43' title='bbox 1308 969 1482 1023; x_wconf 81' lang='lat' dir='ltr'><strong>pacem</strong></span> <span class='ocrx_word' id='word_1_44' title='bbox 1521 951 1693 1017; x_wconf 76' lang='lat' dir='ltr'><strong>habui,</strong></span> <span class='ocrx_word' id='word_1_45' title='bbox 1726 951 1915 1022; x_wconf 87' lang='lat' dir='ltr'><strong>inquit,</strong></span> <span class='ocrx_word' id='word_1_46' title='bbox 1944 965 2102 1017; x_wconf 81' lang='lat' dir='ltr'><strong>neque</strong></span> 
     </span>
    </p>
   </div>
   <div class='ocr_carea' id='block_1_8' title="bbox 504 1042 2098 1116">
    <p class='ocr_par' dir='ltr' id='par_1_8' title="bbox 504 1042 2098 1116">
     <span class='ocr_line' id='line_1_8' title="bbox 504 1042 2098 1116; baseline -0.001 -17"><span class='ocrx_word' id='word_1_47' title='bbox 504 1047 684 1114; x_wconf 71' lang='lat' dir='ltr'><strong>quievi,</strong></span> <span class='ocrx_word' id='word_1_48' title='bbox 711 1046 800 1100; x_wconf 86' lang='lat' dir='ltr'><strong>sed</strong></span> <span class='ocrx_word' id='word_1_49' title='bbox 828 1045 953 1099; x_wconf 84' lang='lat' dir='ltr'><strong>mihi</strong></span> <span class='ocrx_word' id='word_1_50' title='bbox 974 1046 1107 1101; x_wconf 81' lang='lat' dir='ltr'><strong>venit</strong></span> <span class='ocrx_word' id='word_1_51' title='bbox 1138 1045 1214 1099; x_wconf 86' lang='lat' dir='ltr'><strong>ira</strong></span> <span class='ocrx_word' id='word_1_52' title='bbox 1240 1043 1363 1116; x_wconf 81' lang='lat' dir='ltr'><strong>(Job</strong></span> <span class='ocrx_word' id='word_1_53' title='bbox 1411 1045 1463 1100; x_wconf 77' lang='grc'><strong>5.</strong></span> <span class='ocrx_word' id='word_1_54' title='bbox 1504 1044 1620 1116; x_wconf 75' lang='grc'><strong>26).</strong></span> <span class='ocrx_word' id='word_1_55' title='bbox 1660 1043 1775 1099; x_wconf 85' lang='grc' dir='ltr'><strong>Νοη</strong></span> <span class='ocrx_word' id='word_1_56' title='bbox 1801 1043 1955 1108; x_wconf 79' lang='lat' dir='ltr'><strong>dixit,</strong></span> <span class='ocrx_word' id='word_1_57' title='bbox 1983 1042 2098 1097; x_wconf 85' lang='lat' dir='ltr'><strong>Non</strong></span> 
     </span>
    </p>
   </div>
   <div class='ocr_carea' id='block_1_9' title="bbox 506 1132 2095 1206">
    <p class='ocr_par' dir='ltr' id='par_1_9' title="bbox 506 1132 2095 1206">
     <span class='ocr_line' id='line_1_9' title="bbox 506 1132 2095 1206; baseline 0 -18"><span class='ocrx_word' id='word_1_58' title='bbox 506 1150 688 1205; x_wconf 88' lang='lat' dir='ltr'><strong>pacem</strong></span> <span class='ocrx_word' id='word_1_59' title='bbox 714 1135 908 1203; x_wconf 85' lang='lat' dir='ltr'><strong>habeo,</strong></span> <span class='ocrx_word' id='word_1_60' title='bbox 936 1150 1110 1205; x_wconf 90' lang='lat' dir='ltr'><strong>neque</strong></span> <span class='ocrx_word' id='word_1_61' title='bbox 1129 1137 1366 1206; x_wconf 85' lang='lat' dir='ltr'><strong>quiesco,</strong></span> <span class='ocrx_word' id='word_1_62' title='bbox 1395 1135 1645 1206; x_wconf 67' lang='lat' dir='ltr'><strong>praesenti</strong></span> <span class='ocrx_word' id='word_1_63' title='bbox 1673 1143 1911 1205; x_wconf 87' lang='lat' dir='ltr'><strong>tempore</strong></span> <span class='ocrx_word' id='word_1_64' title='bbox 1938 1149 1955 1193; x_wconf 69' lang='grc' dir='ltr'><strong>ι</strong></span> <span class='ocrx_word' id='word_1_65' title='bbox 1978 1132 2095 1201; x_wconf 87' lang='lat' dir='ltr'><strong>sed,</strong></span> 
     </span>
    </p>
   </div>
   <div class='ocr_carea' id='block_1_10' title="bbox 501 1226 2096 1298">
    <p class='ocr_par' dir='ltr' id='par_1_10' title="bbox 501 1226 2096 1298">
     <span class='ocr_line' id='line_1_10' title="bbox 501 1226 2096 1298; baseline -0.001 -16"><span class='ocrx_word' id='word_1_66' title='bbox 501 1226 628 1283; x_wconf 82' lang='lat' dir='ltr'><strong>Non</strong></span> <span class='ocrx_word' id='word_1_67' title='bbox 652 1228 836 1298; x_wconf 72' lang='lat' dir='ltr'><strong>quievi,</strong></span> <span class='ocrx_word' id='word_1_68' title='bbox 880 1227 1156 1297; x_wconf 71' lang='lat' dir='ltr'><strong>prmterito</strong></span> <span class='ocrx_word' id='word_1_69' title='bbox 1187 1238 1444 1298; x_wconf 88' lang='lat' dir='ltr'><strong>tempore.</strong></span> <span class='ocrx_word' id='word_1_70' title='bbox 1479 1226 1702 1282; x_wconf 84' lang='lat' dir='ltr'><strong>Etiamsi</strong></span> <span class='ocrx_word' id='word_1_71' title='bbox 1727 1227 1868 1283; x_wconf 91' lang='lat' dir='ltr'><strong>enim</strong></span> <span class='ocrx_word' id='word_1_72' title='bbox 1915 1241 2096 1281; x_wconf 87' lang='lat' dir='ltr'><strong>rerum</strong></span> 
     </span>
    </p>
   </div>
   <div class='ocr_carea' id='block_1_11' title="bbox 506 1317 2096 1388">
    <p class='ocr_par' dir='ltr' id='par_1_11' title="bbox 506 1317 2096 1388">
     <span class='ocr_line' id='line_1_11' title="bbox 506 1317 2096 1388; baseline 0 -17"><span class='ocrx_word' id='word_1_73' title='bbox 506 1318 834 1388; x_wconf 84' lang='lat' dir='ltr'><strong>prosperitas</strong></span> <span class='ocrx_word' id='word_1_74' title='bbox 880 1321 1237 1388; x_wconf 75' lang='lat' dir='ltr'><strong>arrogantiam</strong></span> <span class='ocrx_word' id='word_1_75' title='bbox 1288 1317 1564 1384; x_wconf 86' lang='lat' dir='ltr'><strong>suadebat,</strong></span> <span class='ocrx_word' id='word_1_76' title='bbox 1617 1317 1711 1373; x_wconf 89' lang='lat' dir='ltr'><strong>sed</strong></span> <span class='ocrx_word' id='word_1_77' title='bbox 1767 1317 2096 1386; x_wconf 81' lang='lat' dir='ltr'><strong>exspectatio</strong></span> 
     </span>
    </p>
   </div>
   <div class='ocr_carea' id='block_1_12' title="bbox 505 1407 2095 1478">
    <p class='ocr_par' dir='ltr' id='par_1_12' title="bbox 505 1407 2095 1478">
     <span class='ocr_line' id='line_1_12' title="bbox 505 1407 2095 1478; baseline -0.001 -15"><span class='ocrx_word' id='word_1_78' title='bbox 505 1409 734 1463; x_wconf 90' lang='lat' dir='ltr'><strong>tristium</strong></span> <span class='ocrx_word' id='word_1_79' title='bbox 780 1424 887 1464; x_wconf 88' lang='lat' dir='ltr'><strong>non</strong></span> <span class='ocrx_word' id='word_1_80' title='bbox 929 1410 1137 1464; x_wconf 78' lang='lat' dir='ltr'><strong>sinebat</strong></span> <span class='ocrx_word' id='word_1_81' title='bbox 1182 1424 1269 1463; x_wconf 88' lang='lat' dir='ltr'><strong>me</strong></span> <span class='ocrx_word' id='word_1_82' title='bbox 1309 1409 1604 1478; x_wconf 73' lang='lat' dir='ltr'><strong>quiescere.</strong></span> <span class='ocrx_word' id='word_1_83' title='bbox 1651 1407 1980 1477; x_wconf 73' lang='lat' dir='ltr'><strong>Quamquam</strong></span> <span class='ocrx_word' id='word_1_84' title='bbox 2009 1407 2095 1462; x_wconf 89' lang='lat' dir='ltr'><strong>af-</strong></span> 
     </span>
    </p>
   </div>
   <div class='ocr_carea' id='block_1_13' title="bbox 504 1498 2095 1568">
    <p class='ocr_par' dir='ltr' id='par_1_13' title="bbox 504 1498 2095 1568">
     <span class='ocr_line' id='line_1_13' title="bbox 504 1498 2095 1568; baseline 0 -15"><span class='ocrx_word' id='word_1_85' title='bbox 504 1498 721 1554; x_wconf 85' lang='lat' dir='ltr'><strong>fluentia</strong></span> <span class='ocrx_word' id='word_1_86' title='bbox 749 1499 1092 1556; x_wconf 86' lang='lat' dir='ltr'><strong>vehementer</strong></span> <span class='ocrx_word' id='word_1_87' title='bbox 1118 1500 1427 1555; x_wconf 82' lang='lat' dir='ltr'><strong>hortabatur</strong></span> <span class='ocrx_word' id='word_1_88' title='bbox 1448 1499 1515 1554; x_wconf 89' lang='lat' dir='ltr'><strong>ad</strong></span> <span class='ocrx_word' id='word_1_89' title='bbox 1547 1499 1786 1564; x_wconf 83' lang='lat' dir='ltr'><strong>delicias,</strong></span> <span class='ocrx_word' id='word_1_90' title='bbox 1818 1498 1916 1554; x_wconf 91' lang='lat' dir='ltr'><strong>sed</strong></span> <span class='ocrx_word' id='word_1_91' title='bbox 1940 1513 2095 1568; x_wconf 86' lang='lat' dir='ltr'><strong>aspc-</strong></span> 
     </span>
    </p>
   </div>
   <div class='ocr_carea' id='block_1_14' title="bbox 504 1589 2096 1661">
    <p class='ocr_par' dir='ltr' id='par_1_14' title="bbox 504 1589 2096 1661">
     <span class='ocr_line' id='line_1_14' title="bbox 504 1589 2096 1661; baseline 0.002 -18"><span class='ocrx_word' id='word_1_92' title='bbox 504 1589 637 1644; x_wconf 86' lang='lat' dir='ltr'><strong>ritas</strong></span> <span class='ocrx_word' id='word_1_93' title='bbox 663 1606 849 1645; x_wconf 90' lang='lat' dir='ltr'><strong>eorum</strong></span> <span class='ocrx_word' id='word_1_94' title='bbox 875 1606 991 1660; x_wconf 74' lang='lat' dir='ltr'><strong>qua:</strong></span> <span class='ocrx_word' id='word_1_95' title='bbox 1014 1591 1480 1660; x_wconf 75' lang='lat' dir='ltr'><strong>exspectabantur,</strong></span> <span class='ocrx_word' id='word_1_96' title='bbox 1512 1589 2096 1661; x_wconf 80' lang='lat' dir='ltr'><strong>profligabatsecurita-</strong></span> 
     </span>
    </p>
   </div>
   <div class='ocr_carea' id='block_1_15' title="bbox 507 1680 2092 1751">
    <p class='ocr_par' dir='ltr' id='par_1_15' title="bbox 507 1680 2092 1751">
     <span class='ocr_line' id='line_1_15' title="bbox 507 1680 2092 1751; baseline 0.001 -18"><span class='ocrx_word' id='word_1_97' title='bbox 507 1689 652 1734; x_wconf 87' lang='lat' dir='ltr'><strong>tem:</strong></span> <span class='ocrx_word' id='word_1_98' title='bbox 682 1692 735 1735; x_wconf 88' lang='lat' dir='ltr'><strong>et</strong></span> <span class='ocrx_word' id='word_1_99' title='bbox 780 1682 902 1736; x_wconf 91' lang='lat' dir='ltr'><strong>licet</strong></span> <span class='ocrx_word' id='word_1_100' title='bbox 948 1696 1184 1751; x_wconf 62' lang='lat' dir='ltr'><strong>praesens</strong></span> <span class='ocrx_word' id='word_1_101' title='bbox 1223 1680 1447 1736; x_wconf 81' lang='lat' dir='ltr'><strong>felicitas</strong></span> <span class='ocrx_word' id='word_1_102' title='bbox 1488 1693 1701 1751; x_wconf 79' lang='lat' dir='ltr'><strong>cogeret</strong></span> <span class='ocrx_word' id='word_1_103' title='bbox 1746 1681 1847 1736; x_wconf 87' lang='lat' dir='ltr'><strong>frui</strong></span> <span class='ocrx_word' id='word_1_104' title='bbox 1888 1681 2047 1735; x_wconf 84' lang='lat' dir='ltr'><strong>rebus</strong></span> <span class='ocrx_word' id='word_1_105' title='bbox 2075 1720 2092 1747; x_wconf 92' lang='lat'><strong>,</strong></span> 
     </span>
    </p>
   </div>
   <div class='ocr_carea' id='block_1_16' title="bbox 504 1771 2091 1841">
    <p class='ocr_par' dir='ltr' id='par_1_16' title="bbox 504 1771 2091 1841">
     <span class='ocr_line' id='line_1_16' title="bbox 504 1771 2091 1841; baseline 0.002 -18"><span class='ocrx_word' id='word_1_106' title='bbox 504 1781 678 1826; x_wconf 89' lang='lat' dir='ltr'><strong>tamen</strong></span> <span class='ocrx_word' id='word_1_107' title='bbox 723 1772 1015 1827; x_wconf 88' lang='lat' dir='ltr'><strong>futurorum</strong></span> <span class='ocrx_word' id='word_1_108' title='bbox 1062 1771 1364 1827; x_wconf 87' lang='lat' dir='ltr'><strong>sollicitudo</strong></span> <span class='ocrx_word' id='word_1_109' title='bbox 1408 1772 1730 1841; x_wconf 85' lang='lat' dir='ltr'><strong>voluptatem</strong></span> <span class='ocrx_word' id='word_1_110' title='bbox 1782 1772 2091 1841; x_wconf 81' lang='lat' dir='ltr'><strong>interrupit.</strong></span> 
     </span>
    </p>
   </div>
   <div class='ocr_carea' id='block_1_17' title="bbox 499 1862 2093 1933">
    <p class='ocr_par' dir='ltr' id='par_1_17' title="bbox 499 1862 2093 1933">
     <span class='ocr_line' id='line_1_17' title="bbox 499 1862 2093 1933; baseline 0.003 -19"><span class='ocrx_word' id='word_1_111' title='bbox 499 1862 728 1933; x_wconf 88' lang='lat' dir='ltr'><strong>Ideoque</strong></span> <span class='ocrx_word' id='word_1_112' title='bbox 760 1864 1010 1933; x_wconf 90' lang='lat' dir='ltr'><strong>quoniam</strong></span> <span class='ocrx_word' id='word_1_113' title='bbox 1044 1864 1418 1932; x_wconf 81' lang='lat' dir='ltr'><strong>pra-meditans</strong></span> <span class='ocrx_word' id='word_1_114' title='bbox 1441 1863 1493 1917; x_wconf 91' lang='lat' dir='ltr'><strong>in</strong></span> <span class='ocrx_word' id='word_1_115' title='bbox 1512 1864 1692 1917; x_wconf 89' lang='lat' dir='ltr'><strong>animo</strong></span> <span class='ocrx_word' id='word_1_116' title='bbox 1708 1877 1805 1917; x_wconf 91' lang='lat' dir='ltr'><strong>suo</strong></span> <span class='ocrx_word' id='word_1_117' title='bbox 1831 1862 1945 1918; x_wconf 65' lang='lat' dir='ltr'><strong>hare</strong></span> <span class='ocrx_word' id='word_1_118' title='bbox 1963 1878 2093 1919; x_wconf 83' lang='lat' dir='ltr'><strong>vcn-</strong></span> 
     </span>
    </p>
   </div>
   <div class='ocr_carea' id='block_1_18' title="bbox 497 1955 2092 2027">
    <p class='ocr_par' dir='ltr' id='par_1_18' title="bbox 497 1955 2092 2027">
     <span class='ocr_line' id='line_1_18' title="bbox 497 1955 2092 2027; baseline 0.001 -17"><span class='ocrx_word' id='word_1_119' title='bbox 497 1965 613 2010; x_wconf 87' lang='lat' dir='ltr'><strong>tura</strong></span> <span class='ocrx_word' id='word_1_120' title='bbox 646 1966 993 2026; x_wconf 75' lang='lat' dir='ltr'><strong>prospexerat</strong></span> <span class='ocrx_word' id='word_1_121' title='bbox 1032 1958 1192 2011; x_wconf 88' lang='lat' dir='ltr'><strong>rebus</strong></span> <span class='ocrx_word' id='word_1_122' title='bbox 1219 1957 1374 2021; x_wconf 61' lang='lat' dir='ltr'><strong>laetis,</strong></span> <span class='ocrx_word' id='word_1_123' title='bbox 1407 1955 1521 2010; x_wconf 63' lang='lat' dir='ltr'><strong>haec</strong></span> <span class='ocrx_word' id='word_1_124' title='bbox 1558 1958 1847 2012; x_wconf 79' lang='lat' dir='ltr'><strong>certamina</strong></span> <span class='ocrx_word' id='word_1_125' title='bbox 1877 1967 2092 2027; x_wconf 81' lang='lat' dir='ltr'><strong>postea-</strong></span> 
     </span>
    </p>
   </div>
   <div class='ocr_carea' id='block_1_19' title="bbox 492 2044 2092 2117">
    <p class='ocr_par' dir='ltr' id='par_1_19' title="bbox 492 2044 2092 2117">
     <span class='ocr_line' id='line_1_19' title="bbox 492 2044 2092 2117; baseline 0.003 -19"><span class='ocrx_word' id='word_1_126' title='bbox 492 2061 651 2116; x_wconf 83' lang='lat' dir='ltr'><strong>quam</strong></span> <span class='ocrx_word' id='word_1_127' title='bbox 676 2047 984 2101; x_wconf 88' lang='lat' dir='ltr'><strong>acciderunt</strong></span> <span class='ocrx_word' id='word_1_128' title='bbox 1024 2044 1230 2101; x_wconf 89' lang='lat' dir='ltr'><strong>fortiter</strong></span> <span class='ocrx_word' id='word_1_129' title='bbox 1269 2055 1322 2101; x_wconf 92' lang='lat' dir='ltr'><strong>et</strong></span> <span class='ocrx_word' id='word_1_130' title='bbox 1348 2047 1589 2101; x_wconf 83' lang='lat' dir='ltr'><strong>animose</strong></span> <span class='ocrx_word' id='word_1_131' title='bbox 1632 2046 1865 2117; x_wconf 88' lang='lat' dir='ltr'><strong>pertulit,</strong></span> <span class='ocrx_word' id='word_1_132' title='bbox 1907 2055 2092 2116; x_wconf 91' lang='lat' dir='ltr'><strong>utpote</strong></span> 
     </span>
    </p>
   </div>
   <div class='ocr_carea' id='block_1_20' title="bbox 491 2139 2089 2210">
    <p class='ocr_par' dir='ltr' id='par_1_20' title="bbox 491 2139 2089 2210">
     <span class='ocr_line' id='line_1_20' title="bbox 491 2139 2089 2210; baseline 0.001 -19"><span class='ocrx_word' id='word_1_133' title='bbox 491 2140 599 2210; x_wconf 86' lang='lat' dir='ltr'><strong>jam</strong></span> <span class='ocrx_word' id='word_1_134' title='bbox 626 2140 752 2194; x_wconf 90' lang='lat' dir='ltr'><strong>olim</strong></span> <span class='ocrx_word' id='word_1_135' title='bbox 774 2139 844 2194; x_wconf 90' lang='lat' dir='ltr'><strong>ad</strong></span> <span class='ocrx_word' id='word_1_136' title='bbox 872 2139 961 2194; x_wconf 90' lang='lat' dir='ltr'><strong>illa</strong></span> <span class='ocrx_word' id='word_1_137' title='bbox 983 2140 1307 2194; x_wconf 77' lang='lat' dir='ltr'><strong>exercitatus</strong></span> <span class='ocrx_word' id='word_1_138' title='bbox 1335 2156 1349 2192; x_wconf 91' lang='lat'><strong>:</strong></span> <span class='ocrx_word' id='word_1_139' title='bbox 1379 2146 1436 2194; x_wconf 90' lang='lat' dir='ltr'><strong>et</strong></span> <span class='ocrx_word' id='word_1_140' title='bbox 1458 2139 1705 2208; x_wconf 90' lang='lat' dir='ltr'><strong>quoniam</strong></span> <span class='ocrx_word' id='word_1_141' title='bbox 1727 2153 1788 2194; x_wconf 88' lang='lat' dir='ltr'><strong>ea</strong></span> <span class='ocrx_word' id='word_1_142' title='bbox 1808 2150 2089 2207; x_wconf 80' lang='lat' dir='ltr'><strong>exspecta-</strong></span> 
     </span>
    </p>
   </div>
   <div class='ocr_carea' id='block_1_21' title="bbox 493 2234 2090 2305">
    <p class='ocr_par' dir='ltr' id='par_1_21' title="bbox 493 2234 2090 2305">
     <span class='ocr_line' id='line_1_21' title="bbox 493 2234 2090 2305; baseline 0 -17"><span class='ocrx_word' id='word_1_143' title='bbox 493 2237 636 2290; x_wconf 84' lang='lat' dir='ltr'><strong>tione</strong></span> <span class='ocrx_word' id='word_1_144' title='bbox 660 2234 769 2303; x_wconf 89' lang='lat' dir='ltr'><strong>jam</strong></span> <span class='ocrx_word' id='word_1_145' title='bbox 814 2243 1048 2305; x_wconf 87' lang='lat' dir='ltr'><strong>ceperat,</strong></span> <span class='ocrx_word' id='word_1_146' title='bbox 1084 2249 1188 2288; x_wconf 94' lang='lat' dir='ltr'><strong>non</strong></span> <span class='ocrx_word' id='word_1_147' title='bbox 1219 2243 1301 2289; x_wconf 85' lang='lat' dir='ltr'><strong>est</strong></span> <span class='ocrx_word' id='word_1_148' title='bbox 1329 2234 1666 2303; x_wconf 86' lang='lat' dir='ltr'><strong>perturbatus</strong></span> <span class='ocrx_word' id='word_1_149' title='bbox 1692 2249 1811 2288; x_wconf 90' lang='lat' dir='ltr'><strong>cum</strong></span> <span class='ocrx_word' id='word_1_150' title='bbox 1843 2242 2090 2289; x_wconf 88' lang='lat' dir='ltr'><strong>cerneret</strong></span> 
     </span>
    </p>
   </div>
   <div class='ocr_carea' id='block_1_22' title="bbox 493 2325 2088 2396">
    <p class='ocr_par' dir='ltr' id='par_1_22' title="bbox 493 2325 2088 2396">
     <span class='ocr_line' id='line_1_22' title="bbox 493 2325 2088 2396; baseline 0.002 -18"><span class='ocrx_word' id='word_1_151' title='bbox 493 2326 580 2379; x_wconf 92' lang='lat' dir='ltr'><strong>illa</strong></span> <span class='ocrx_word' id='word_1_152' title='bbox 607 2326 814 2379; x_wconf 85' lang='lat' dir='ltr'><strong>adesse.</strong></span> <span class='ocrx_word' id='word_1_153' title='bbox 841 2325 993 2393; x_wconf 88' lang='lat' dir='ltr'><strong>Quod</strong></span> <span class='ocrx_word' id='word_1_154' title='bbox 1021 2334 1197 2380; x_wconf 89' lang='lat' dir='ltr'><strong>autem</strong></span> <span class='ocrx_word' id='word_1_155' title='bbox 1226 2342 1294 2380; x_wconf 89' lang='lat' dir='ltr'><strong>ne</strong></span> <span class='ocrx_word' id='word_1_156' title='bbox 1313 2335 1421 2379; x_wconf 91' lang='lat' dir='ltr'><strong>tum</strong></span> <span class='ocrx_word' id='word_1_157' title='bbox 1449 2326 1661 2396; x_wconf 85' lang='lat' dir='ltr'><strong>quidem</strong></span> <span class='ocrx_word' id='word_1_158' title='bbox 1691 2342 1810 2381; x_wconf 91' lang='lat' dir='ltr'><strong>cum</strong></span> <span class='ocrx_word' id='word_1_159' title='bbox 1837 2325 2088 2381; x_wconf 85' lang='lat' dir='ltr'><strong>adessent</strong></span> 
     </span>
    </p>
   </div>
   <div class='ocr_carea' id='block_1_23' title="bbox 495 2415 2084 2487">
    <p class='ocr_par' dir='ltr' id='par_1_23' title="bbox 495 2415 2084 2487">
     <span class='ocr_line' id='line_1_23' title="bbox 495 2415 2084 2487; baseline 0.004 -19"><span class='ocrx_word' id='word_1_160' title='bbox 495 2415 636 2480; x_wconf 58' lang='lat' dir='ltr'><strong>Iusta,</strong></span> <span class='ocrx_word' id='word_1_161' title='bbox 682 2415 1034 2471; x_wconf 77' lang='lat' dir='ltr'><strong>vehementer</strong></span> <span class='ocrx_word' id='word_1_162' title='bbox 1076 2416 1179 2470; x_wconf 90' lang='lat' dir='ltr'><strong>illis</strong></span> <span class='ocrx_word' id='word_1_163' title='bbox 1222 2416 1532 2485; x_wconf 66' lang='lat' dir='ltr'><strong>adhreserit,</strong></span> <span class='ocrx_word' id='word_1_164' title='bbox 1564 2417 1687 2473; x_wconf 90' lang='lat' dir='ltr'><strong>audi</strong></span> <span class='ocrx_word' id='word_1_165' title='bbox 1728 2418 1852 2487; x_wconf 89' lang='lat' dir='ltr'><strong>quid</strong></span> <span class='ocrx_word' id='word_1_166' title='bbox 1898 2418 2084 2475; x_wconf 89' lang='lat' dir='ltr'><strong>dicat:</strong></span> 
     </span>
    </p>
   </div>
   <div class='ocr_carea' id='block_1_24' title="bbox 494 2505 2090 2582">
    <p class='ocr_par' dir='ltr' id='par_1_24' title="bbox 494 2505 2090 2582">
     <span class='ocr_line' id='line_1_24' title="bbox 494 2505 2090 2582; baseline 0.005 -21"><span class='ocrx_word' id='word_1_167' title='bbox 494 2505 553 2561; x_wconf 85' lang='lat' dir='ltr'><strong>Si</strong></span> <span class='ocrx_word' id='word_1_168' title='bbox 580 2506 851 2562; x_wconf 78' lang='lat' dir='ltr'><strong>delectatus</strong></span> <span class='ocrx_word' id='word_1_169' title='bbox 873 2523 984 2562; x_wconf 88' lang='lat' dir='ltr'><strong>sum</strong></span> <span class='ocrx_word' id='word_1_170' title='bbox 1022 2524 1136 2562; x_wconf 81' lang='lat' dir='ltr'><strong>cum</strong></span> <span class='ocrx_word' id='word_1_171' title='bbox 1179 2509 1306 2562; x_wconf 85' lang='lat' dir='ltr'><strong>mihi</strong></span> <span class='ocrx_word' id='word_1_172' title='bbox 1341 2510 1513 2564; x_wconf 80' lang='lat' dir='ltr'><strong>multa:</strong></span> <span class='ocrx_word' id='word_1_173' title='bbox 1535 2511 1785 2582; x_wconf 70' lang='lat' dir='ltr'><strong>aﬂiuermu</strong></span> <span class='ocrx_word' id='word_1_174' title='bbox 1813 2511 2017 2581; x_wconf 79' lang='lat' dir='ltr'><strong>diritiw,</strong></span> <span class='ocrx_word' id='word_1_175' title='bbox 2042 2511 2090 2568; x_wconf 87' lang='lat' dir='ltr'><strong>si</strong></span> 
     </span>
    </p>
   </div>
   <div class='ocr_carea' id='block_1_25' title="bbox 1256 379 3067 443">
    <p class='ocr_par' dir='ltr' id='par_1_25' title="bbox 1256 379 3067 443">
     <span class='ocr_line' id='line_1_25' title="bbox 1256 379 3067 443; baseline -0.001 -2"><span class='ocrx_word' id='word_1_176' title='bbox 1256 386 1310 441; x_wconf 90' lang='lat' dir='ltr'><strong>S.</strong></span> <span class='ocrx_word' id='word_1_177' title='bbox 1352 383 1628 443; x_wconf 76' lang='lat' dir='ltr'><strong>JO.\NNIS</strong></span> <span class='ocrx_word' id='word_1_178' title='bbox 1666 381 2143 439; x_wconf 76' lang='lat' dir='ltr'><strong>CHRYSOSTOMI</strong></span> <span class='ocrx_word' id='word_1_179' title='bbox 2178 379 2495 440; x_wconf 68' lang='lat' dir='ltr'><strong>ARCHIEP.</strong></span> <span class='ocrx_word' id='word_1_180' title='bbox 2535 379 3067 439; x_wconf 75' lang='lat' dir='ltr'><strong>CONSTANTINOP.</strong></span> 
     </span>
    </p>
   </div>
   <div class='ocr_carea' id='block_1_26' title="bbox 3678 390 3797 445">
    <p class='ocr_par' dir='ltr' id='par_1_26' title="bbox 3678 390 3797 445">
     <span class='ocr_line' id='line_1_26' title="bbox 3678 390 3797 445; baseline -0.017 0"><span class='ocrx_word' id='word_1_181' title='bbox 3678 390 3797 445; x_wconf 62' lang='lat'><strong>3&#39;10</strong></span> 
     </span>
    </p>
   </div>
   <div class='ocr_carea' id='block_1_27' title="bbox 2192 495 3793 565">
    <p class='ocr_par' dir='ltr' id='par_1_27' title="bbox 2192 495 3793 565">
     <span class='ocr_line' id='line_1_27' title="bbox 2192 495 3793 565; baseline 0.006 -18"><span class='ocrx_word' id='word_1_182' title='bbox 2192 507 2397 565; x_wconf 85' lang='lat' dir='ltr'><strong>reposut</strong></span> <span class='ocrx_word' id='word_1_183' title='bbox 2424 509 2602 548; x_wconf 82' lang='lat' dir='ltr'><strong>aurum</strong></span> <span class='ocrx_word' id='word_1_184' title='bbox 2632 495 2977 565; x_wconf 83' lang='lat' dir='ltr'><strong>fortiludinem</strong></span> <span class='ocrx_word' id='word_1_185' title='bbox 3002 512 3185 563; x_wconf 86' lang='lat' dir='ltr'><strong>meam,</strong></span> <span class='ocrx_word' id='word_1_186' title='bbox 3212 497 3255 553; x_wconf 87' lang='lat' dir='ltr'><strong>si</strong></span> <span class='ocrx_word' id='word_1_187' title='bbox 3283 497 3526 565; x_wconf 81' lang='lat' dir='ltr'><strong>ﬁduciam</strong></span> <span class='ocrx_word' id='word_1_188' title='bbox 3554 499 3703 555; x_wconf 76' lang='lat' dir='ltr'><strong>habui</strong></span> <span class='ocrx_word' id='word_1_189' title='bbox 3734 501 3793 556; x_wconf 77' lang='lat' dir='ltr'><strong>in</strong></span> 
     </span>
    </p>
   </div>
   <div class='ocr_carea' id='block_1_28' title="bbox 2192 584 3793 660">
    <p class='ocr_par' dir='ltr' id='par_1_28' title="bbox 2192 584 3793 660">
     <span class='ocr_line' id='line_1_28' title="bbox 2192 584 3793 660; baseline 0.004 -21"><span class='ocrx_word' id='word_1_190' title='bbox 2192 584 2446 655; x_wconf 75' lang='lat' dir='ltr'><strong>lapidibus</strong></span> <span class='ocrx_word' id='word_1_191' title='bbox 2490 586 2739 655; x_wconf 83' lang='lat' dir='ltr'><strong>pretiosis,</strong></span> <span class='ocrx_word' id='word_1_192' title='bbox 2767 587 2813 641; x_wconf 85' lang='lat' dir='ltr'><strong>si</strong></span> <span class='ocrx_word' id='word_1_193' title='bbox 2853 589 2922 640; x_wconf 87' lang='lat' dir='ltr'><strong>ad</strong></span> <span class='ocrx_word' id='word_1_194' title='bbox 2962 589 3348 642; x_wconf 80' lang='lat' dir='ltr'><strong>innumerabilia</strong></span> <span class='ocrx_word' id='word_1_195' title='bbox 3394 591 3539 660; x_wconf 86' lang='lat' dir='ltr'><strong>posui</strong></span> <span class='ocrx_word' id='word_1_196' title='bbox 3578 608 3793 647; x_wconf 68' lang='lat' dir='ltr'><strong>nutriunt</strong></span> 
     </span>
    </p>
   </div>
   <div class='ocr_carea' id='block_1_29' title="bbox 2189 676 3791 750">
    <p class='ocr_par' dir='ltr' id='par_1_29' title="bbox 2189 676 3791 750">
     <span class='ocr_line' id='line_1_29' title="bbox 2189 676 3791 750; baseline 0.003 -18"><span class='ocrx_word' id='word_1_197' title='bbox 2189 694 2353 732; x_wconf 88' lang='lat' dir='ltr'><strong>meam</strong></span> <span class='ocrx_word' id='word_1_198' title='bbox 2395 676 2517 750; x_wconf 82' lang='lat' dir='ltr'><strong>(Job</strong></span> <span class='ocrx_word' id='word_1_199' title='bbox 2560 679 2649 734; x_wconf 78' lang='grc'><strong>51.</strong></span> <span class='ocrx_word' id='word_1_200' title='bbox 2680 679 2771 733; x_wconf 75' lang='grc'><strong>24.</strong></span> <span class='ocrx_word' id='word_1_201' title='bbox 2801 677 2912 750; x_wconf 78' lang='lat'><strong>25).</strong></span> <span class='ocrx_word' id='word_1_202' title='bbox 2942 678 3078 748; x_wconf 87' lang='lat' dir='ltr'><strong>Quid</strong></span> <span class='ocrx_word' id='word_1_203' title='bbox 3107 681 3220 748; x_wconf 92' lang='lat' dir='ltr'><strong>ais,</strong></span> <span class='ocrx_word' id='word_1_204' title='bbox 3246 680 3450 736; x_wconf 79' lang='lat' dir='ltr'><strong>homo?</strong></span> <span class='ocrx_word' id='word_1_205' title='bbox 3487 677 3607 737; x_wconf 86' lang='lat' dir='ltr'><strong>Non</strong></span> <span class='ocrx_word' id='word_1_206' title='bbox 3632 683 3791 737; x_wconf 81' lang='lat' dir='ltr'><strong>dele-</strong></span> 
     </span>
    </p>
   </div>
   <div class='ocr_carea' id='block_1_30' title="bbox 2188 768 3789 843">
    <p class='ocr_par' dir='ltr' id='par_1_30' title="bbox 2188 768 3789 843">
     <span class='ocr_line' id='line_1_30' title="bbox 2188 768 3789 843; baseline 0.002 -20"><span class='ocrx_word' id='word_1_207' title='bbox 2188 777 2363 823; x_wconf 89' lang='lat' dir='ltr'><strong>ctatus</strong></span> <span class='ocrx_word' id='word_1_208' title='bbox 2391 783 2450 824; x_wconf 90' lang='lat' dir='ltr'><strong>es</strong></span> <span class='ocrx_word' id='word_1_209' title='bbox 2489 768 2688 824; x_wconf 86' lang='lat' dir='ltr'><strong>divitiis</strong></span> <span class='ocrx_word' id='word_1_210' title='bbox 2728 769 3067 825; x_wconf 79' lang='lat' dir='ltr'><strong>affluentibus</strong></span> <span class='ocrx_word' id='word_1_211' title='bbox 3113 770 3249 826; x_wconf 88' lang='lat' dir='ltr'><strong>tibi?</strong></span> <span class='ocrx_word' id='word_1_212' title='bbox 3293 771 3661 843; x_wconf 83' lang='lat' dir='ltr'><strong>Nequaquam,</strong></span> <span class='ocrx_word' id='word_1_213' title='bbox 3694 775 3789 827; x_wconf 71' lang='lat' dir='ltr'><strong>in~</strong></span> 
     </span>
    </p>
   </div>
   <div class='ocr_carea' id='block_1_31' title="bbox 2189 858 3786 930">
    <p class='ocr_par' dir='ltr' id='par_1_31' title="bbox 2189 858 3786 930">
     <span class='ocr_line' id='line_1_31' title="bbox 2189 858 3786 930; baseline 0.003 -18"><span class='ocrx_word' id='word_1_214' title='bbox 2189 860 2322 930; x_wconf 90' lang='lat' dir='ltr'><strong>quit.</strong></span> <span class='ocrx_word' id='word_1_215' title='bbox 2352 858 2488 925; x_wconf 90' lang='lat' dir='ltr'><strong>Quid</strong></span> <span class='ocrx_word' id='word_1_216' title='bbox 2517 859 2632 914; x_wconf 84' lang='lat' dir='ltr'><strong>ita?</strong></span> <span class='ocrx_word' id='word_1_217' title='bbox 2675 859 2938 926; x_wconf 87' lang='lat' dir='ltr'><strong>Quoniam</strong></span> <span class='ocrx_word' id='word_1_218' title='bbox 2967 860 3209 917; x_wconf 87' lang='lat' dir='ltr'><strong>videbam</strong></span> <span class='ocrx_word' id='word_1_219' title='bbox 3239 862 3446 917; x_wconf 87' lang='lat' dir='ltr'><strong>illarum</strong></span> <span class='ocrx_word' id='word_1_220' title='bbox 3477 863 3786 918; x_wconf 77' lang='lat' dir='ltr'><strong>instabilem</strong></span> 
     </span>
    </p>
   </div>
   <div class='ocr_carea' id='block_1_32' title="bbox 2188 950 3794 1022">
    <p class='ocr_par' dir='ltr' id='par_1_32' title="bbox 2188 950 3794 1022">
     <span class='ocr_line' id='line_1_32' title="bbox 2188 950 3794 1022; baseline 0.002 -17"><span class='ocrx_word' id='word_1_221' title='bbox 2188 950 2488 1021; x_wconf 76' lang='lat' dir='ltr'><strong>fluxamque</strong></span> <span class='ocrx_word' id='word_1_222' title='bbox 2518 961 2781 1017; x_wconf 85' lang='lat' dir='ltr'><strong>naturam,</strong></span> <span class='ocrx_word' id='word_1_223' title='bbox 2814 952 3057 1007; x_wconf 85' lang='lat' dir='ltr'><strong>videbam</strong></span> <span class='ocrx_word' id='word_1_224' title='bbox 3086 952 3474 1022; x_wconf 84' lang='lat' dir='ltr'><strong>possessionem</strong></span> <span class='ocrx_word' id='word_1_225' title='bbox 3502 954 3641 1009; x_wconf 89' lang='lat' dir='ltr'><strong>haud</strong></span> <span class='ocrx_word' id='word_1_226' title='bbox 3683 955 3794 1009; x_wconf 88' lang='lat' dir='ltr'><strong>du-</strong></span> 
     </span>
    </p>
   </div>
   <div class='ocr_carea' id='block_1_33' title="bbox 2188 1040 3793 1113">
    <p class='ocr_par' dir='ltr' id='par_1_33' title="bbox 2188 1040 3793 1113">
     <span class='ocr_line' id='line_1_33' title="bbox 2188 1040 3793 1113; baseline 0.004 -19"><span class='ocrx_word' id='word_1_227' title='bbox 2188 1040 2431 1095; x_wconf 86' lang='lat' dir='ltr'><strong>rabilem.</strong></span> <span class='ocrx_word' id='word_1_228' title='bbox 2474 1041 2540 1096; x_wconf 83' lang='lat' dir='ltr'><strong>At</strong></span> <span class='ocrx_word' id='word_1_229' title='bbox 2585 1042 2729 1097; x_wconf 79' lang='lat' dir='ltr'><strong>video</strong></span> <span class='ocrx_word' id='word_1_230' title='bbox 2753 1043 2978 1113; x_wconf 82' lang='lat' dir='ltr'><strong>quidem,</strong></span> <span class='ocrx_word' id='word_1_231' title='bbox 3022 1043 3213 1113; x_wconf 88' lang='lat' dir='ltr'><strong>inquit,</strong></span> <span class='ocrx_word' id='word_1_232' title='bbox 3245 1045 3401 1098; x_wconf 85' lang='lat' dir='ltr'><strong>solem</strong></span> <span class='ocrx_word' id='word_1_233' title='bbox 3439 1046 3681 1099; x_wconf 75' lang='lat' dir='ltr'><strong>orientem</strong></span> <span class='ocrx_word' id='word_1_234' title='bbox 3722 1062 3793 1100; x_wconf 83' lang='lat' dir='ltr'><strong>ac</strong></span> 
     </span>
    </p>
   </div>
   <div class='ocr_carea' id='block_1_34' title="bbox 2185 1130 3790 1206">
    <p class='ocr_par' dir='ltr' id='par_1_34' title="bbox 2185 1130 3790 1206">
     <span class='ocr_line' id='line_1_34' title="bbox 2185 1130 3790 1206; baseline 0.002 -19"><span class='ocrx_word' id='word_1_235' title='bbox 2185 1130 2520 1201; x_wconf 77' lang='lat' dir='ltr'><strong>deﬁcientem,</strong></span> <span class='ocrx_word' id='word_1_236' title='bbox 2548 1131 2722 1186; x_wconf 76' lang='lat' dir='ltr'><strong>tunam</strong></span> <span class='ocrx_word' id='word_1_237' title='bbox 2762 1148 2877 1187; x_wconf 79' lang='lat' dir='ltr'><strong>vero</strong></span> <span class='ocrx_word' id='word_1_238' title='bbox 2918 1134 3249 1188; x_wconf 84' lang='lat' dir='ltr'><strong>intereunlem</strong></span> <span class='ocrx_word' id='word_1_239' title='bbox 3274 1150 3294 1189; x_wconf 91' lang='lat'><strong><em>:</em></strong></span> <span class='ocrx_word' id='word_1_240' title='bbox 3323 1151 3423 1189; x_wconf 86' lang='lat' dir='ltr'><strong>non</strong></span> <span class='ocrx_word' id='word_1_241' title='bbox 3459 1136 3594 1189; x_wconf 87' lang='lat' dir='ltr'><strong>enim</strong></span> <span class='ocrx_word' id='word_1_242' title='bbox 3629 1153 3790 1206; x_wconf 80' lang='lat' dir='ltr'><strong>penes</strong></span> 
     </span>
    </p>
   </div>
   <div class='ocr_carea' id='block_1_35' title="bbox 2186 1223 3786 1297">
    <p class='ocr_par' dir='ltr' id='par_1_35' title="bbox 2186 1223 3786 1297">
     <span class='ocr_line' id='line_1_35' title="bbox 2186 1223 3786 1297; baseline 0.004 -21"><span class='ocrx_word' id='word_1_243' title='bbox 2186 1223 2322 1294; x_wconf 82' lang='lat' dir='ltr'><strong>ipsos</strong></span> <span class='ocrx_word' id='word_1_244' title='bbox 2359 1234 2431 1279; x_wconf 86' lang='lat' dir='ltr'><strong>est</strong></span> <span class='ocrx_word' id='word_1_245' title='bbox 2461 1223 2568 1295; x_wconf 80' lang='lat' dir='ltr'><strong>(Ib.</strong></span> <span class='ocrx_word' id='word_1_246' title='bbox 2600 1240 2650 1279; x_wconf 80' lang='grc' dir='ltr'><strong>υ.</strong></span> <span class='ocrx_word' id='word_1_247' title='bbox 2689 1225 2801 1297; x_wconf 74' lang='lat'><strong>26).</strong></span> <span class='ocrx_word' id='word_1_248' title='bbox 2832 1225 2982 1294; x_wconf 90' lang='lat' dir='ltr'><strong>Quod</strong></span> <span class='ocrx_word' id='word_1_249' title='bbox 3023 1236 3200 1281; x_wconf 86' lang='lat' dir='ltr'><strong>autem</strong></span> <span class='ocrx_word' id='word_1_250' title='bbox 3245 1227 3392 1294; x_wconf 87' lang='lat' dir='ltr'><strong>dicit,</strong></span> <span class='ocrx_word' id='word_1_251' title='bbox 3440 1226 3545 1282; x_wconf 91' lang='lat' dir='ltr'><strong>tale</strong></span> <span class='ocrx_word' id='word_1_252' title='bbox 3587 1239 3688 1283; x_wconf 90' lang='lat' dir='ltr'><strong>est.</strong></span> <span class='ocrx_word' id='word_1_253' title='bbox 3721 1231 3786 1285; x_wconf 87' lang='lat' dir='ltr'><strong>Si</strong></span> 
     </span>
    </p>
   </div>
   <div class='ocr_carea' id='block_1_36' title="bbox 2185 1316 3791 1388">
    <p class='ocr_par' dir='ltr' id='par_1_36' title="bbox 2185 1316 3791 1388">
     <span class='ocr_line' id='line_1_36' title="bbox 2185 1316 3791 1388; baseline 0.003 -19"><span class='ocrx_word' id='word_1_254' title='bbox 2185 1316 2356 1370; x_wconf 73' lang='lat' dir='ltr'><strong>stella:</strong></span> <span class='ocrx_word' id='word_1_255' title='bbox 2396 1332 2516 1387; x_wconf 62' lang='lat' dir='ltr'><strong>quae</strong></span> <span class='ocrx_word' id='word_1_256' title='bbox 2548 1324 2673 1372; x_wconf 90' lang='lat' dir='ltr'><strong>sunt</strong></span> <span class='ocrx_word' id='word_1_257' title='bbox 2720 1317 2772 1371; x_wconf 93' lang='lat' dir='ltr'><strong>in</strong></span> <span class='ocrx_word' id='word_1_258' title='bbox 2814 1318 2960 1374; x_wconf 58' lang='lat' dir='ltr'><strong>caelis</strong></span> <span class='ocrx_word' id='word_1_259' title='bbox 3006 1328 3368 1388; x_wconf 87' lang='lat' dir='ltr'><strong>perpetuoque</strong></span> <span class='ocrx_word' id='word_1_260' title='bbox 3413 1319 3612 1384; x_wconf 84' lang='lat' dir='ltr'><strong>lucent,</strong></span> <span class='ocrx_word' id='word_1_261' title='bbox 3641 1322 3791 1374; x_wconf 87' lang='lat' dir='ltr'><strong>reci-</strong></span> 
     </span>
    </p>
   </div>
   <div class='ocr_carea' id='block_1_37' title="bbox 2185 1406 3788 1478">
    <p class='ocr_par' dir='ltr' id='par_1_37' title="bbox 2185 1406 3788 1478">
     <span class='ocr_line' id='line_1_37' title="bbox 2185 1406 3788 1478; baseline 0.004 -19"><span class='ocrx_word' id='word_1_262' title='bbox 2185 1406 2338 1476; x_wconf 92' lang='lat' dir='ltr'><strong>piunt</strong></span> <span class='ocrx_word' id='word_1_263' title='bbox 2362 1406 2672 1462; x_wconf 87' lang='lat' dir='ltr'><strong>nonnullam</strong></span> <span class='ocrx_word' id='word_1_264' title='bbox 2697 1408 3067 1471; x_wconf 83' lang='lat' dir='ltr'><strong>mutationem.</strong></span> <span class='ocrx_word' id='word_1_265' title='bbox 3095 1408 3177 1463; x_wconf 86' lang='lat' dir='ltr'><strong>sol</strong></span> <span class='ocrx_word' id='word_1_266' title='bbox 3203 1424 3393 1478; x_wconf 88' lang='lat' dir='ltr'><strong>nempe</strong></span> <span class='ocrx_word' id='word_1_267' title='bbox 3418 1408 3695 1477; x_wconf 78' lang='lat' dir='ltr'><strong>deficiens,</strong></span> <span class='ocrx_word' id='word_1_268' title='bbox 3723 1420 3788 1467; x_wconf 86' lang='lat' dir='ltr'><strong>et</strong></span> 
     </span>
    </p>
   </div>
   <div class='ocr_carea' id='block_1_38' title="bbox 2186 1496 3783 1564">
    <p class='ocr_par' dir='ltr' id='par_1_38' title="bbox 2186 1496 3783 1564">
     <span class='ocr_line' id='line_1_38' title="bbox 2186 1496 3783 1564; baseline 0.004 -15"><span class='ocrx_word' id='word_1_269' title='bbox 2186 1496 2310 1550; x_wconf 91' lang='lat' dir='ltr'><strong>luna</strong></span> <span class='ocrx_word' id='word_1_270' title='bbox 2327 1496 2602 1559; x_wconf 87' lang='lat' dir='ltr'><strong>interiens,</strong></span> <span class='ocrx_word' id='word_1_271' title='bbox 2629 1511 2696 1551; x_wconf 91' lang='lat' dir='ltr'><strong>an</strong></span> <span class='ocrx_word' id='word_1_272' title='bbox 2725 1513 2830 1551; x_wconf 93' lang='lat' dir='ltr'><strong>non</strong></span> <span class='ocrx_word' id='word_1_273' title='bbox 2858 1506 3112 1554; x_wconf 75' lang='lat' dir='ltr'><strong>extrema:</strong></span> <span class='ocrx_word' id='word_1_274' title='bbox 3136 1498 3419 1555; x_wconf 71' lang='lat' dir='ltr'><strong>dementiae</strong></span> <span class='ocrx_word' id='word_1_275' title='bbox 3445 1500 3535 1564; x_wconf 87' lang='lat' dir='ltr'><strong>sit,</strong></span> <span class='ocrx_word' id='word_1_276' title='bbox 3562 1509 3783 1556; x_wconf 87' lang='lat' dir='ltr'><strong>terrena</strong></span> 
     </span>
    </p>
   </div>
   <div class='ocr_carea' id='block_1_39' title="bbox 2183 1587 3787 1661">
    <p class='ocr_par' dir='ltr' id='par_1_39' title="bbox 2183 1587 3787 1661">
     <span class='ocr_line' id='line_1_39' title="bbox 2183 1587 3787 1661; baseline 0.003 -20"><span class='ocrx_word' id='word_1_277' title='bbox 2183 1602 2280 1657; x_wconf 90' lang='lat' dir='ltr'><strong>pro</strong></span> <span class='ocrx_word' id='word_1_278' title='bbox 2308 1587 2587 1642; x_wconf 89' lang='lat' dir='ltr'><strong>stabilibus</strong></span> <span class='ocrx_word' id='word_1_279' title='bbox 2631 1587 2855 1655; x_wconf 82' lang='lat' dir='ltr'><strong>fixisque</strong></span> <span class='ocrx_word' id='word_1_280' title='bbox 2879 1587 3116 1643; x_wconf 86' lang='lat' dir='ltr'><strong>ducere?</strong></span> <span class='ocrx_word' id='word_1_281' title='bbox 3143 1590 3328 1660; x_wconf 87' lang='lat' dir='ltr'><strong>quue</strong></span> <span class='ocrx_word' id='word_1_282' title='bbox 3366 1606 3467 1649; x_wconf 90' lang='lat' dir='ltr'><strong>nec</strong></span> <span class='ocrx_word' id='word_1_283' title='bbox 3496 1595 3787 1661; x_wconf 58' lang='lat' dir='ltr'><strong>praesenti-</strong></span> 
     </span>
    </p>
   </div>
   <div class='ocr_carea' id='block_1_40' title="bbox 2183 1678 3788 1748">
    <p class='ocr_par' dir='ltr' id='par_1_40' title="bbox 2183 1678 3788 1748">
     <span class='ocr_line' id='line_1_40' title="bbox 2183 1678 3788 1748; baseline 0.006 -17"><span class='ocrx_word' id='word_1_284' title='bbox 2183 1678 2282 1733; x_wconf 91' lang='lat' dir='ltr'><strong>bus</strong></span> <span class='ocrx_word' id='word_1_285' title='bbox 2313 1693 2635 1748; x_wconf 76' lang='lat' dir='ltr'><strong>inagnOpere</strong></span> <span class='ocrx_word' id='word_1_286' title='bbox 2661 1678 3048 1746; x_wconf 80' lang='lat' dir='ltr'><strong>delectabatur,</strong></span> <span class='ocrx_word' id='word_1_287' title='bbox 3075 1696 3172 1737; x_wconf 90' lang='lat' dir='ltr'><strong>nec</strong></span> <span class='ocrx_word' id='word_1_288' title='bbox 3198 1681 3598 1739; x_wconf 89' lang='lat' dir='ltr'><strong>discedentibus</strong></span> <span class='ocrx_word' id='word_1_289' title='bbox 3610 1685 3788 1741; x_wconf 72' lang='lat' dir='ltr'><strong>vehe—</strong></span> 
     </span>
    </p>
   </div>
   <div class='ocr_carea' id='block_1_41' title="bbox 2182 1769 3787 1843">
    <p class='ocr_par' dir='ltr' id='par_1_41' title="bbox 2182 1769 3787 1843">
     <span class='ocr_line' id='line_1_41' title="bbox 2182 1769 3787 1843; baseline 0.004 -19"><span class='ocrx_word' id='word_1_290' title='bbox 2182 1779 2392 1825; x_wconf 91' lang='lat' dir='ltr'><strong>menter</strong></span> <span class='ocrx_word' id='word_1_291' title='bbox 2440 1769 2784 1826; x_wconf 84' lang='lat' dir='ltr'><strong>contristatns</strong></span> <span class='ocrx_word' id='word_1_292' title='bbox 2845 1779 2930 1827; x_wconf 91' lang='lat' dir='ltr'><strong>est</strong></span> <span class='ocrx_word' id='word_1_293' title='bbox 2974 1789 2990 1826; x_wconf 92' lang='lat'><strong>:</strong></span> <span class='ocrx_word' id='word_1_294' title='bbox 3040 1772 3289 1843; x_wconf 89' lang='lat' dir='ltr'><strong>quoniam</strong></span> <span class='ocrx_word' id='word_1_295' title='bbox 3340 1775 3505 1843; x_wconf 88' lang='lat' dir='ltr'><strong>probe</strong></span> <span class='ocrx_word' id='word_1_296' title='bbox 3557 1787 3787 1831; x_wconf 83' lang='lat' dir='ltr'><strong>noverat</strong></span> 
     </span>
    </p>
   </div>
   <div class='ocr_carea' id='block_1_42' title="bbox 2181 1863 3781 1935">
    <p class='ocr_par' dir='ltr' id='par_1_42' title="bbox 2181 1863 3781 1935">
     <span class='ocr_line' id='line_1_42' title="bbox 2181 1863 3781 1935; baseline 0.002 -17"><span class='ocrx_word' id='word_1_297' title='bbox 2181 1877 2366 1918; x_wconf 74' lang='lat' dir='ltr'><strong>earimi</strong></span> <span class='ocrx_word' id='word_1_298' title='bbox 2388 1878 2565 1917; x_wconf 90' lang='lat' dir='ltr'><strong>rerum</strong></span> <span class='ocrx_word' id='word_1_299' title='bbox 2595 1875 2857 1918; x_wconf 89' lang='lat' dir='ltr'><strong>naturam.</strong></span> <span class='ocrx_word' id='word_1_300' title='bbox 2891 1863 3015 1919; x_wconf 70' lang='lat' dir='ltr'><strong>liazc</strong></span> <span class='ocrx_word' id='word_1_301' title='bbox 3037 1879 3133 1918; x_wconf 90' lang='lat' dir='ltr'><strong>nos</strong></span> <span class='ocrx_word' id='word_1_302' title='bbox 3153 1863 3452 1931; x_wconf 86' lang='lat' dir='ltr'><strong>audientes,</strong></span> <span class='ocrx_word' id='word_1_303' title='bbox 3480 1867 3781 1935; x_wconf 85' lang='lat' dir='ltr'><strong>carissimi,</strong></span> 
     </span>
    </p>
   </div>
   <div class='ocr_carea' id='block_1_43' title="bbox 2180 1955 3778 2027">
    <p class='ocr_par' dir='ltr' id='par_1_43' title="bbox 2180 1955 3778 2027">
     <span class='ocr_line' id='line_1_43' title="bbox 2180 1955 3778 2027; baseline 0.003 -16"><span class='ocrx_word' id='word_1_304' title='bbox 2180 1970 2355 2026; x_wconf 90' lang='lat' dir='ltr'><strong>neque</strong></span> <span class='ocrx_word' id='word_1_305' title='bbox 2383 1965 2695 2026; x_wconf 84' lang='lat' dir='ltr'><strong>paupertate</strong></span> <span class='ocrx_word' id='word_1_306' title='bbox 2722 1955 3057 2025; x_wconf 70' lang='lat' dir='ltr'><strong>deﬁciamur,</strong></span> <span class='ocrx_word' id='word_1_307' title='bbox 3100 1971 3274 2027; x_wconf 78' lang='lat' dir='ltr'><strong>neque</strong></span> <span class='ocrx_word' id='word_1_308' title='bbox 3301 1957 3498 2013; x_wconf 91' lang='lat' dir='ltr'><strong>divitiis</strong></span> <span class='ocrx_word' id='word_1_309' title='bbox 3544 1959 3778 2016; x_wconf 88' lang='lat' dir='ltr'><strong>intume-</strong></span> 
     </span>
    </p>
   </div>
   <div class='ocr_carea' id='block_1_44' title="bbox 2181 2048 3783 2120">
    <p class='ocr_par' dir='ltr' id='par_1_44' title="bbox 2181 2048 3783 2120">
     <span class='ocr_line' id='line_1_44' title="bbox 2181 2048 3783 2120; baseline 0.002 -17"><span class='ocrx_word' id='word_1_310' title='bbox 2181 2063 2393 2103; x_wconf 87' lang='lat' dir='ltr'><strong>scamus</strong></span> <span class='ocrx_word' id='word_1_311' title='bbox 2416 2064 2433 2115; x_wconf 88' lang='lat'><strong>;</strong></span> <span class='ocrx_word' id='word_1_312' title='bbox 2464 2049 2559 2105; x_wconf 87' lang='lat' dir='ltr'><strong>sed</strong></span> <span class='ocrx_word' id='word_1_313' title='bbox 2600 2048 2654 2103; x_wconf 91' lang='lat' dir='ltr'><strong>in</strong></span> <span class='ocrx_word' id='word_1_314' title='bbox 2689 2064 2866 2103; x_wconf 91' lang='lat' dir='ltr'><strong>rerum</strong></span> <span class='ocrx_word' id='word_1_315' title='bbox 2893 2049 3283 2120; x_wconf 89' lang='lat' dir='ltr'><strong>permutatione</strong></span> <span class='ocrx_word' id='word_1_316' title='bbox 3312 2050 3547 2104; x_wconf 90' lang='lat' dir='ltr'><strong>animum</strong></span> <span class='ocrx_word' id='word_1_317' title='bbox 3576 2051 3783 2106; x_wconf 82' lang='lat' dir='ltr'><strong>immu-</strong></span> 
     </span>
    </p>
   </div>
   <div class='ocr_carea' id='block_1_45' title="bbox 2181 2138 3786 2209">
    <p class='ocr_par' dir='ltr' id='par_1_45' title="bbox 2181 2138 3786 2209">
     <span class='ocr_line' id='line_1_45' title="bbox 2181 2138 3786 2209; baseline 0.002 -16"><span class='ocrx_word' id='word_1_318' title='bbox 2181 2138 2399 2193; x_wconf 89' lang='lat' dir='ltr'><strong>tabilem</strong></span> <span class='ocrx_word' id='word_1_319' title='bbox 2431 2139 2743 2205; x_wconf 77' lang='lat' dir='ltr'><strong>retinentes,</strong></span> <span class='ocrx_word' id='word_1_320' title='bbox 2774 2138 3125 2209; x_wconf 66' lang='lat' dir='ltr'><strong>philosolihia:</strong></span> <span class='ocrx_word' id='word_1_321' title='bbox 3155 2138 3383 2194; x_wconf 87' lang='lat' dir='ltr'><strong>fructum</strong></span> <span class='ocrx_word' id='word_1_322' title='bbox 3411 2150 3698 2206; x_wconf 88' lang='lat' dir='ltr'><strong>metamus,</strong></span> <span class='ocrx_word' id='word_1_323' title='bbox 3722 2149 3786 2196; x_wconf 89' lang='lat' dir='ltr'><strong>ut</strong></span> 
     </span>
    </p>
   </div>
   <div class='ocr_carea' id='block_1_46' title="bbox 2179 2226 3784 2303">
    <p class='ocr_par' dir='ltr' id='par_1_46' title="bbox 2179 2226 3784 2303">
     <span class='ocr_line' id='line_1_46' title="bbox 2179 2226 3784 2303; baseline 0.003 -21"><span class='ocrx_word' id='word_1_324' title='bbox 2179 2237 2235 2282; x_wconf 89' lang='lat' dir='ltr'><strong>et</strong></span> <span class='ocrx_word' id='word_1_325' title='bbox 2263 2226 2349 2283; x_wconf 91' lang='lat' dir='ltr'><strong>hic</strong></span> <span class='ocrx_word' id='word_1_326' title='bbox 2391 2228 2663 2298; x_wconf 83' lang='lat' dir='ltr'><strong>voluptate</strong></span> <span class='ocrx_word' id='word_1_327' title='bbox 2711 2229 3068 2298; x_wconf 85' lang='lat' dir='ltr'><strong>perfruamur,</strong></span> <span class='ocrx_word' id='word_1_328' title='bbox 3113 2239 3166 2284; x_wconf 89' lang='lat' dir='ltr'><strong>et</strong></span> <span class='ocrx_word' id='word_1_329' title='bbox 3212 2230 3381 2284; x_wconf 88' lang='lat' dir='ltr'><strong>futura</strong></span> <span class='ocrx_word' id='word_1_330' title='bbox 3427 2245 3784 2303; x_wconf 87' lang='lat' dir='ltr'><strong>assequamur</strong></span> 
     </span>
    </p>
   </div>
   <div class='ocr_carea' id='block_1_47' title="bbox 2181 2316 3782 2396">
    <p class='ocr_par' dir='ltr' id='par_1_47' title="bbox 2181 2316 3782 2396">
     <span class='ocr_line' id='line_1_47' title="bbox 2181 2316 3782 2396; baseline 0.004 -24"><span class='ocrx_word' id='word_1_331' title='bbox 2181 2316 2355 2384; x_wconf 86' lang='lat' dir='ltr'><strong>bona;</strong></span> <span class='ocrx_word' id='word_1_332' title='bbox 2384 2334 2502 2387; x_wconf 68' lang='lat' dir='ltr'><strong>quae</strong></span> <span class='ocrx_word' id='word_1_333' title='bbox 2545 2319 2817 2391; x_wconf 79' lang='lat' dir='ltr'><strong>contingat</strong></span> <span class='ocrx_word' id='word_1_334' title='bbox 2862 2321 3016 2376; x_wconf 92' lang='lat' dir='ltr'><strong>nobis</strong></span> <span class='ocrx_word' id='word_1_335' title='bbox 3043 2322 3293 2376; x_wconf 84' lang='lat' dir='ltr'><strong>omnibus</strong></span> <span class='ocrx_word' id='word_1_336' title='bbox 3336 2322 3578 2392; x_wconf 88' lang='lat' dir='ltr'><strong>adipisci,</strong></span> <span class='ocrx_word' id='word_1_337' title='bbox 3605 2325 3782 2396; x_wconf 71' lang='lat' dir='ltr'><strong>gratia</strong></span> 
     </span>
    </p>
   </div>
   <div class='ocr_carea' id='block_1_48' title="bbox 2178 2408 3335 2469">
    <p class='ocr_par' dir='ltr' id='par_1_48' title="bbox 2178 2408 3335 2469">
     <span class='ocr_line' id='line_1_48' title="bbox 2178 2408 3335 2469; baseline 0.003 -4"><span class='ocrx_word' id='word_1_338' title='bbox 2178 2419 2235 2465; x_wconf 87' lang='lat' dir='ltr'><strong>et</strong></span> <span class='ocrx_word' id='word_1_339' title='bbox 2257 2408 2499 2466; x_wconf 88' lang='lat' dir='ltr'><strong>bonitate</strong></span> <span class='ocrx_word' id='word_1_340' title='bbox 2528 2410 2740 2467; x_wconf 89' lang='lat' dir='ltr'><strong>Domini</strong></span> <span class='ocrx_word' id='word_1_341' title='bbox 2768 2413 2934 2468; x_wconf 89' lang='lat' dir='ltr'><strong>nostri</strong></span> <span class='ocrx_word' id='word_1_342' title='bbox 2961 2411 3087 2469; x_wconf 81' lang='lat' dir='ltr'><strong>Jesu</strong></span> <span class='ocrx_word' id='word_1_343' title='bbox 3116 2412 3335 2469; x_wconf 86' lang='lat' dir='ltr'><strong>Christi.</strong></span> 
     </span>
    </p>
   </div>
   <div class='ocr_carea' id='block_1_49' title="bbox 1934 3502 2290 3565">
    <p class='ocr_par' dir='ltr' id='par_1_49' title="bbox 1934 3502 2290 3565">
     <span class='ocr_line' id='line_1_49' title="bbox 1934 3502 2290 3565; baseline -0.003 -2"><span class='ocrx_word' id='word_1_344' title='bbox 1934 3502 2290 3565; x_wconf 79' lang='lat' dir='ltr'><strong>MONITUM</strong></span> 
     </span>
    </p>
   </div>
   <div class='ocr_carea' id='block_1_50' title="bbox 547 3795 3825 3875">
    <p class='ocr_par' dir='ltr' id='par_1_50' title="bbox 547 3795 3825 3875">
     <span class='ocr_line' id='line_1_50' title="bbox 547 3795 3825 3875; baseline -0.001 -15"><span class='ocrx_word' id='word_1_345' title='bbox 547 3799 676 3861; x_wconf 66' lang='lat' dir='ltr'><strong>llaae</strong></span> <span class='ocrx_word' id='word_1_346' title='bbox 708 3804 975 3875; x_wconf 86' lang='lat' dir='ltr'><strong>opuscula</strong></span> <span class='ocrx_word' id='word_1_347' title='bbox 1016 3802 1209 3860; x_wconf 90' lang='lat' dir='ltr'><strong>Latine</strong></span> <span class='ocrx_word' id='word_1_348' title='bbox 1256 3813 1468 3860; x_wconf 88' lang='lat' dir='ltr'><strong>tantum</strong></span> <span class='ocrx_word' id='word_1_349' title='bbox 1500 3803 1807 3869; x_wconf 84' lang='lat' dir='ltr'><strong>habemus;</strong></span> <span class='ocrx_word' id='word_1_350' title='bbox 1855 3801 2039 3858; x_wconf 64' lang='lat' dir='ltr'><strong>Graeca</strong></span> <span class='ocrx_word' id='word_1_351' title='bbox 2073 3801 2220 3859; x_wconf 85' lang='lat' dir='ltr'><strong>enim</strong></span> <span class='ocrx_word' id='word_1_352' title='bbox 2254 3802 2335 3857; x_wconf 79' lang='lat' dir='ltr'><strong>vel</strong></span> <span class='ocrx_word' id='word_1_353' title='bbox 2370 3818 2598 3874; x_wconf 89' lang='lat' dir='ltr'><strong>prorsus</strong></span> <span class='ocrx_word' id='word_1_354' title='bbox 2630 3801 2831 3859; x_wconf 88' lang='lat' dir='ltr'><strong>amissa</strong></span> <span class='ocrx_word' id='word_1_355' title='bbox 2874 3810 3022 3867; x_wconf 90' lang='lat' dir='ltr'><strong>sunt,</strong></span> <span class='ocrx_word' id='word_1_356' title='bbox 3044 3801 3126 3857; x_wconf 81' lang='lat' dir='ltr'><strong>vel</strong></span> <span class='ocrx_word' id='word_1_357' title='bbox 3168 3800 3336 3856; x_wconf 87' lang='lat' dir='ltr'><strong>latent</strong></span> <span class='ocrx_word' id='word_1_358' title='bbox 3367 3798 3589 3856; x_wconf 88' lang='lat' dir='ltr'><strong>alicubi.</strong></span> <span class='ocrx_word' id='word_1_359' title='bbox 3617 3795 3762 3856; x_wconf 69' lang='grc' dir='ltr'>(ἔοι-</span> <span class='ocrx_word' id='word_1_360' title='bbox 3818 3866 3825 3875; x_wconf 21' lang='grc' dir='ltr'>λ</span> 
     </span>
    </p>
   </div>
   <div class='ocr_carea' id='block_1_51' title="bbox 474 3943 3752 4018">
    <p class='ocr_par' dir='ltr' id='par_1_51' title="bbox 474 3943 3752 4018">
     <span class='ocr_line' id='line_1_51' title="bbox 474 3943 3752 4018; baseline 0 -23"><span class='ocrx_word' id='word_1_361' title='bbox 474 3956 635 3997; x_wconf 88' lang='lat' dir='ltr'><strong>mana</strong></span> <span class='ocrx_word' id='word_1_362' title='bbox 679 3950 858 3998; x_wconf 89' lang='lat' dir='ltr'><strong>autem</strong></span> <span class='ocrx_word' id='word_1_363' title='bbox 899 3959 1039 4000; x_wconf 89' lang='lat' dir='ltr'><strong>esse.</strong></span> <span class='ocrx_word' id='word_1_364' title='bbox 1085 3952 1197 3999; x_wconf 89' lang='lat' dir='ltr'><strong>tum</strong></span> <span class='ocrx_word' id='word_1_365' title='bbox 1242 3961 1425 4001; x_wconf 89' lang='lat' dir='ltr'><strong>rerum</strong></span> <span class='ocrx_word' id='word_1_366' title='bbox 1472 3947 1925 4018; x_wconf 81' lang='lat' dir='ltr'><strong>negotiorumque</strong></span> <span class='ocrx_word' id='word_1_367' title='bbox 1968 3947 2035 4002; x_wconf 89' lang='lat' dir='ltr'><strong>de</strong></span> <span class='ocrx_word' id='word_1_368' title='bbox 2083 3946 2284 4017; x_wconf 86' lang='lat' dir='ltr'><strong>quibus</strong></span> <span class='ocrx_word' id='word_1_369' title='bbox 2321 3946 2499 4018; x_wconf 80' lang='lat' dir='ltr'><strong>agitur</strong></span> <span class='ocrx_word' id='word_1_370' title='bbox 2528 3949 2718 4005; x_wconf 82' lang='lat' dir='ltr'><strong>series.</strong></span> <span class='ocrx_word' id='word_1_371' title='bbox 2747 3954 2863 4000; x_wconf 91' lang='lat' dir='ltr'><strong>tum</strong></span> <span class='ocrx_word' id='word_1_372' title='bbox 2897 3947 3072 4012; x_wconf 81' lang='lat' dir='ltr'><strong>stylus</strong></span> <span class='ocrx_word' id='word_1_373' title='bbox 3104 3945 3218 4015; x_wconf 80' lang='lat' dir='ltr'><strong>ipse</strong></span> <span class='ocrx_word' id='word_1_374' title='bbox 3245 3945 3457 4001; x_wconf 85' lang='lat' dir='ltr'><strong>suadet.</strong></span> <span class='ocrx_word' id='word_1_375' title='bbox 3491 3943 3752 3999; x_wconf 84' lang='lat' dir='ltr'><strong>Genuina</strong></span> 
     </span>
    </p>
   </div>
   <div class='ocr_carea' id='block_1_52' title="bbox 475 4080 3755 4157">
    <p class='ocr_par' dir='ltr' id='par_1_52' title="bbox 475 4080 3755 4157">
     <span class='ocr_line' id='line_1_52' title="bbox 475 4080 3755 4157; baseline -0.001 -21"><span class='ocrx_word' id='word_1_376' title='bbox 475 4081 606 4137; x_wconf 88' lang='lat' dir='ltr'><strong>item</strong></span> <span class='ocrx_word' id='word_1_377' title='bbox 633 4098 757 4140; x_wconf 89' lang='lat' dir='ltr'><strong>esse</strong></span> <span class='ocrx_word' id='word_1_378' title='bbox 784 4083 1024 4140; x_wconf 89' lang='lat' dir='ltr'><strong>fatentur</strong></span> <span class='ocrx_word' id='word_1_379' title='bbox 1052 4086 1196 4141; x_wconf 91' lang='lat' dir='ltr'><strong>docti</strong></span> <span class='ocrx_word' id='word_1_380' title='bbox 1221 4088 1321 4141; x_wconf 85' lang='lat' dir='ltr'><strong>viri</strong></span> <span class='ocrx_word' id='word_1_381' title='bbox 1345 4103 1557 4149; x_wconf 82' lang='lat' dir='ltr'><strong>omnes.</strong></span> <span class='ocrx_word' id='word_1_382' title='bbox 1592 4103 1702 4143; x_wconf 91' lang='lat' dir='ltr'><strong>uno</strong></span> <span class='ocrx_word' id='word_1_383' title='bbox 1729 4096 1958 4157; x_wconf 82' lang='lat' dir='ltr'><strong>excepto</strong></span> <span class='ocrx_word' id='word_1_384' title='bbox 1986 4101 2217 4156; x_wconf 82' lang='lat' dir='ltr'><strong>nupera,</strong></span> <span class='ocrx_word' id='word_1_385' title='bbox 2254 4088 2374 4156; x_wconf 92' lang='lat' dir='ltr'><strong>qui,</strong></span> <span class='ocrx_word' id='word_1_386' title='bbox 2420 4094 2479 4139; x_wconf 92' lang='lat' dir='ltr'><strong>nt</strong></span> <span class='ocrx_word' id='word_1_387' title='bbox 2510 4085 2764 4139; x_wconf 85' lang='lat' dir='ltr'><strong>observat</strong></span> <span class='ocrx_word' id='word_1_388' title='bbox 2793 4081 3199 4144; x_wconf 86' lang='lat' dir='ltr'><strong>Tillemontius,</strong></span> <span class='ocrx_word' id='word_1_389' title='bbox 3232 4097 3285 4151; x_wconf 93' lang='lat' dir='ltr'><strong>p.</strong></span> <span class='ocrx_word' id='word_1_390' title='bbox 3328 4080 3453 4144; x_wconf 76' lang='lat'><strong>586,</strong></span> <span class='ocrx_word' id='word_1_391' title='bbox 3495 4094 3616 4133; x_wconf 82' lang='lat' dir='ltr'><strong>esse</strong></span> <span class='ocrx_word' id='word_1_392' title='bbox 3653 4094 3755 4148; x_wconf 76' lang='lat' dir='ltr'><strong>ge-</strong></span> 
     </span>
    </p>
   </div>
   <div class='ocr_carea' id='block_1_53' title="bbox 438 4182 3758 4289">
    <p class='ocr_par' dir='ltr' id='par_1_53' title="bbox 474 4214 3758 4289">
     <span class='ocr_line' id='line_1_53' title="bbox 474 4214 3758 4289; baseline -0 -23"><span class='ocrx_word' id='word_1_393' title='bbox 474 4214 640 4267; x_wconf 89' lang='lat' dir='ltr'><strong>nuina</strong></span> <span class='ocrx_word' id='word_1_394' title='bbox 675 4216 910 4285; x_wconf 71' lang='lat' dir='ltr'><strong>negavit,</strong></span> <span class='ocrx_word' id='word_1_395' title='bbox 936 4226 991 4272; x_wconf 84' lang='lat' dir='ltr'><strong>et</strong></span> <span class='ocrx_word' id='word_1_396' title='bbox 1026 4226 1206 4272; x_wconf 91' lang='lat' dir='ltr'><strong>tamen</strong></span> <span class='ocrx_word' id='word_1_397' title='bbox 1237 4226 1448 4289; x_wconf 88' lang='lat' dir='ltr'><strong>postea,</strong></span> <span class='ocrx_word' id='word_1_398' title='bbox 1487 4218 1759 4274; x_wconf 91' lang='lat' dir='ltr'><strong>dictorum</strong></span> <span class='ocrx_word' id='word_1_399' title='bbox 1803 4219 2130 4284; x_wconf 90' lang='lat' dir='ltr'><strong>immemor,</strong></span> <span class='ocrx_word' id='word_1_400' title='bbox 2161 4219 2302 4273; x_wconf 90' lang='lat' dir='ltr'><strong>inter</strong></span> <span class='ocrx_word' id='word_1_401' title='bbox 2340 4218 2537 4287; x_wconf 83' lang='grc' dir='ltr'><strong>γνήσια</strong></span> <span class='ocrx_word' id='word_1_402' title='bbox 2568 4217 2844 4272; x_wconf 85' lang='lat' dir='ltr'><strong>recensuit</strong></span> <span class='ocrx_word' id='word_1_403' title='bbox 2877 4233 2891 4268; x_wconf 88' lang='lat'>:</span> <span class='ocrx_word' id='word_1_404' title='bbox 2926 4214 2981 4269; x_wconf 78' lang='lat' dir='ltr'><strong>id</strong></span> <span class='ocrx_word' id='word_1_405' title='bbox 3030 4228 3158 4267; x_wconf 81' lang='lat' dir='ltr'><strong>vero</strong></span> <span class='ocrx_word' id='word_1_406' title='bbox 3181 4219 3511 4267; x_wconf 88' lang='lat' dir='ltr'><strong>consecutus</strong></span> <span class='ocrx_word' id='word_1_407' title='bbox 3542 4218 3662 4273; x_wconf 89' lang='lat' dir='ltr'><strong>est,</strong></span> <span class='ocrx_word' id='word_1_408' title='bbox 3693 4218 3758 4265; x_wconf 89' lang='lat' dir='ltr'><strong>ut</strong></span> 
     </span>
    </p>
   </div>
   <div class='ocr_carea' id='block_1_54' title="bbox 476 4355 1987 4430">
    <p class='ocr_par' dir='ltr' id='par_1_54' title="bbox 476 4355 1987 4430">
     <span class='ocr_line' id='line_1_54' title="bbox 476 4355 1987 4430; baseline 0.006 -23"><span class='ocrx_word' id='word_1_409' title='bbox 476 4368 586 4407; x_wconf 88' lang='lat' dir='ltr'><strong>non</strong></span> <span class='ocrx_word' id='word_1_410' title='bbox 618 4355 794 4427; x_wconf 76' lang='lat' dir='ltr'><strong>magis</strong></span> <span class='ocrx_word' id='word_1_411' title='bbox 827 4368 1111 4428; x_wconf 79' lang='lat' dir='ltr'><strong>negantem</strong></span> <span class='ocrx_word' id='word_1_412' title='bbox 1142 4375 1307 4430; x_wconf 90' lang='lat' dir='ltr'><strong>quam</strong></span> <span class='ocrx_word' id='word_1_413' title='bbox 1342 4372 1676 4417; x_wconf 86' lang='lat' dir='ltr'><strong>asserentem</strong></span> <span class='ocrx_word' id='word_1_414' title='bbox 1708 4377 1987 4419; x_wconf 88' lang='lat' dir='ltr'><strong>curemus.</strong></span> 
     </span>
    </p>
   </div>
   <div class='ocr_carea' id='block_1_55' title="bbox 542 4493 3755 4573">
    <p class='ocr_par' dir='ltr' id='par_1_55' title="bbox 542 4493 3755 4573">
     <span class='ocr_line' id='line_1_55' title="bbox 542 4493 3755 4573; baseline -0.002 -24"><span class='ocrx_word' id='word_1_415' title='bbox 542 4494 774 4551; x_wconf 87' lang='lat' dir='ltr'><strong>llomilia</strong></span> <span class='ocrx_word' id='word_1_416' title='bbox 801 4497 951 4567; x_wconf 89' lang='lat' dir='ltr'><strong>prior</strong></span> <span class='ocrx_word' id='word_1_417' title='bbox 973 4514 1003 4554; x_wconf 92' lang='lat' dir='ltr'><strong>a</strong></span> <span class='ocrx_word' id='word_1_418' title='bbox 1025 4498 1419 4572; x_wconf 80' lang='lat' dir='ltr'><strong>Chrysostomo</strong></span> <span class='ocrx_word' id='word_1_419' title='bbox 1445 4500 1625 4557; x_wconf 89' lang='lat' dir='ltr'><strong>habita</strong></span> <span class='ocrx_word' id='word_1_420' title='bbox 1655 4501 1759 4557; x_wconf 90' lang='lat' dir='ltr'><strong>fuit</strong></span> <span class='ocrx_word' id='word_1_421' title='bbox 1780 4502 2042 4573; x_wconf 82' lang='lat' dir='ltr'><strong>postridie</strong></span> <span class='ocrx_word' id='word_1_422' title='bbox 2065 4516 2235 4573; x_wconf 89' lang='lat' dir='ltr'><strong>quam</strong></span> <span class='ocrx_word' id='word_1_423' title='bbox 2266 4501 2356 4556; x_wconf 90' lang='lat' dir='ltr'><strong>ille</strong></span> <span class='ocrx_word' id='word_1_424' title='bbox 2384 4516 2448 4557; x_wconf 80' lang='lat' dir='ltr'><strong>ex</strong></span> <span class='ocrx_word' id='word_1_425' title='bbox 2491 4501 2617 4555; x_wconf 85' lang='lat' dir='ltr'><strong>Asia</strong></span> <span class='ocrx_word' id='word_1_426' title='bbox 2644 4499 3159 4569; x_wconf 91' lang='lat' dir='ltr'><strong>Constantinopolin</strong></span> <span class='ocrx_word' id='word_1_427' title='bbox 3200 4495 3459 4553; x_wconf 87' lang='lat' dir='ltr'><strong>redierat.</strong></span> <span class='ocrx_word' id='word_1_428' title='bbox 3505 4493 3615 4548; x_wconf 88' lang='lat' dir='ltr'><strong>lter</strong></span> <span class='ocrx_word' id='word_1_429' title='bbox 3643 4506 3755 4546; x_wconf 85' lang='lat' dir='ltr'><strong>au-</strong></span> 
     </span>
    </p>
   </div>
   <div class='ocr_carea' id='block_1_56' title="bbox 468 4627 3750 4708">
    <p class='ocr_par' dir='ltr' id='par_1_56' title="bbox 468 4627 3750 4708">
     <span class='ocr_line' id='line_1_56' title="bbox 468 4627 3750 4708; baseline -0.001 -25"><span class='ocrx_word' id='word_1_430' title='bbox 468 4637 577 4683; x_wconf 87' lang='lat' dir='ltr'><strong>tem</strong></span> <span class='ocrx_word' id='word_1_431' title='bbox 603 4630 657 4684; x_wconf 92' lang='lat' dir='ltr'><strong>in</strong></span> <span class='ocrx_word' id='word_1_432' title='bbox 681 4630 868 4686; x_wconf 85' lang='lat' dir='ltr'><strong>Asiam</strong></span> <span class='ocrx_word' id='word_1_433' title='bbox 893 4642 1231 4704; x_wconf 87' lang='lat' dir='ltr'><strong>susceperat,</strong></span> <span class='ocrx_word' id='word_1_434' title='bbox 1254 4643 1313 4690; x_wconf 88' lang='lat' dir='ltr'><strong>ut</strong></span> <span class='ocrx_word' id='word_1_435' title='bbox 1329 4634 1616 4704; x_wconf 68' lang='lat' dir='ltr'><strong>Ephesium</strong></span> <span class='ocrx_word' id='word_1_436' title='bbox 1631 4635 1890 4692; x_wconf 67' lang='lat' dir='ltr'><strong>Ecclesia:</strong></span> <span class='ocrx_word' id='word_1_437' title='bbox 1912 4636 2034 4691; x_wconf 87' lang='lat' dir='ltr'><strong>lites</strong></span> <span class='ocrx_word' id='word_1_438' title='bbox 2055 4644 2428 4708; x_wconf 85' lang='lat' dir='ltr'><strong>componeret.</strong></span> <span class='ocrx_word' id='word_1_439' title='bbox 2448 4635 2890 4706; x_wconf 83' lang='lat' dir='ltr'><strong>simoniacosquc</strong></span> <span class='ocrx_word' id='word_1_440' title='bbox 2919 4635 3206 4705; x_wconf 86' lang='lat' dir='ltr'><strong>episcopos</strong></span> <span class='ocrx_word' id='word_1_441' title='bbox 3236 4630 3571 4693; x_wconf 87' lang='lat' dir='ltr'><strong>deturbaret,</strong></span> <span class='ocrx_word' id='word_1_442' title='bbox 3598 4627 3750 4697; x_wconf 87' lang='lat' dir='ltr'><strong>quod</strong></span> 
     </span>
    </p>
   </div>
   <div class='ocr_carea' id='block_1_57' title="bbox 469 4769 3744 4847">
    <p class='ocr_par' dir='ltr' id='par_1_57' title="bbox 469 4769 3744 4847">
     <span class='ocr_line' id='line_1_57' title="bbox 469 4769 3744 4847; baseline 0.001 -24"><span class='ocrx_word' id='word_1_443' title='bbox 469 4769 635 4823; x_wconf 88' lang='lat' dir='ltr'><strong>etiam</strong></span> <span class='ocrx_word' id='word_1_444' title='bbox 670 4771 968 4836; x_wconf 69' lang='lat' dir='ltr'><strong>prmstitum</strong></span> <span class='ocrx_word' id='word_1_445' title='bbox 998 4780 1109 4839; x_wconf 90' lang='lat' dir='ltr'><strong>est;</strong></span> <span class='ocrx_word' id='word_1_446' title='bbox 1134 4773 1333 4830; x_wconf 88' lang='lat' dir='ltr'><strong>absens</strong></span> <span class='ocrx_word' id='word_1_447' title='bbox 1362 4783 1542 4830; x_wconf 86' lang='lat' dir='ltr'><strong>autem</strong></span> <span class='ocrx_word' id='word_1_448' title='bbox 1577 4792 1674 4846; x_wconf 91' lang='lat' dir='ltr'><strong>per</strong></span> <span class='ocrx_word' id='word_1_449' title='bbox 1700 4775 1818 4831; x_wconf 88' lang='lat' dir='ltr'><strong>dies</strong></span> <span class='ocrx_word' id='word_1_450' title='bbox 1849 4775 2138 4847; x_wconf 86' lang='lat' dir='ltr'><strong>plusquam</strong></span> <span class='ocrx_word' id='word_1_451' title='bbox 2168 4785 2408 4843; x_wconf 89' lang='lat' dir='ltr'><strong>centum,</strong></span> <span class='ocrx_word' id='word_1_452' title='bbox 2439 4784 2499 4830; x_wconf 92' lang='lat' dir='ltr'><strong>nt</strong></span> <span class='ocrx_word' id='word_1_453' title='bbox 2538 4776 2657 4847; x_wconf 81' lang='lat' dir='ltr'><strong>ipso</strong></span> <span class='ocrx_word' id='word_1_454' title='bbox 2694 4777 2851 4831; x_wconf 89' lang='lat' dir='ltr'><strong>initio</strong></span> <span class='ocrx_word' id='word_1_455' title='bbox 2884 4775 2980 4839; x_wconf 86' lang='lat' dir='ltr'><strong>ait,</strong></span> <span class='ocrx_word' id='word_1_456' title='bbox 3013 4790 3267 4846; x_wconf 83' lang='lat' dir='ltr'><strong>magnum</strong></span> <span class='ocrx_word' id='word_1_457' title='bbox 3298 4774 3383 4828; x_wconf 89' lang='lat' dir='ltr'><strong>sui</strong></span> <span class='ocrx_word' id='word_1_458' title='bbox 3411 4772 3744 4828; x_wconf 87' lang='lat' dir='ltr'><strong>desiderium</strong></span> 
     </span>
    </p>
   </div>
   <div class='ocr_carea' id='block_1_58' title="bbox 464 4909 3747 4987">
    <p class='ocr_par' dir='ltr' id='par_1_58' title="bbox 464 4909 3747 4987">
     <span class='ocr_line' id='line_1_58' title="bbox 464 4909 3747 4987; baseline 0 -24"><span class='ocrx_word' id='word_1_459' title='bbox 464 4909 669 4982; x_wconf 85' lang='lat' dir='ltr'><strong>populo</strong></span> <span class='ocrx_word' id='word_1_460' title='bbox 700 4923 759 4963; x_wconf 90' lang='lat' dir='ltr'><strong>se</strong></span> <span class='ocrx_word' id='word_1_461' title='bbox 786 4923 1130 4982; x_wconf 89' lang='lat' dir='ltr'><strong>summopere</strong></span> <span class='ocrx_word' id='word_1_462' title='bbox 1156 4915 1363 4970; x_wconf 87' lang='lat' dir='ltr'><strong>amanti</strong></span> <span class='ocrx_word' id='word_1_463' title='bbox 1390 4915 1707 4987; x_wconf 85' lang='lat' dir='ltr'><strong>reliquerat.</strong></span> <span class='ocrx_word' id='word_1_464' title='bbox 1755 4916 1809 4973; x_wconf 89' lang='lat' dir='ltr'><strong>Id</strong></span> <span class='ocrx_word' id='word_1_465' title='bbox 1852 4933 1982 4973; x_wconf 84' lang='lat' dir='ltr'><strong>vero</strong></span> <span class='ocrx_word' id='word_1_466' title='bbox 2014 4918 2205 4974; x_wconf 90' lang='lat' dir='ltr'><strong>saltem</strong></span> <span class='ocrx_word' id='word_1_467' title='bbox 2245 4917 2505 4985; x_wconf 87' lang='lat' dir='ltr'><strong>optabant</strong></span> <span class='ocrx_word' id='word_1_468' title='bbox 2551 4915 3164 4987; x_wconf 85' lang='lat' dir='ltr'><strong>Constantinopolitani,</strong></span> <span class='ocrx_word' id='word_1_469' title='bbox 3204 4924 3265 4970; x_wconf 88' lang='lat' dir='ltr'><strong>ut</strong></span> <span class='ocrx_word' id='word_1_470' title='bbox 3309 4914 3519 4970; x_wconf 90' lang='lat' dir='ltr'><strong>Pascha</strong></span> <span class='ocrx_word' id='word_1_471' title='bbox 3553 4924 3747 4969; x_wconf 82' lang='lat' dir='ltr'><strong>secum</strong></span> 
     </span>
    </p>
   </div>
   <div class='ocr_carea' id='block_1_59' title="bbox 464 5048 3743 5125">
    <p class='ocr_par' dir='ltr' id='par_1_59' title="bbox 464 5048 3743 5125">
     <span class='ocr_line' id='line_1_59' title="bbox 464 5048 3743 5125; baseline -0 -22"><span class='ocrx_word' id='word_1_472' title='bbox 464 5048 840 5105; x_wconf 82' lang='lat' dir='ltr'><strong>celebratnrus</strong></span> <span class='ocrx_word' id='word_1_473' title='bbox 872 5057 1236 5106; x_wconf 75' lang='lat' dir='ltr'><strong>reverteretur</strong></span> <span class='ocrx_word' id='word_1_474' title='bbox 1262 5070 1275 5106; x_wconf 90' lang='lat'><strong>:</strong></span> <span class='ocrx_word' id='word_1_475' title='bbox 1307 5054 1450 5122; x_wconf 89' lang='lat' dir='ltr'><strong>quod</strong></span> <span class='ocrx_word' id='word_1_476' title='bbox 1482 5062 1663 5109; x_wconf 88' lang='lat' dir='ltr'><strong>tamen</strong></span> <span class='ocrx_word' id='word_1_477' title='bbox 1695 5053 1961 5124; x_wconf 86' lang='lat' dir='ltr'><strong>consequi</strong></span> <span class='ocrx_word' id='word_1_478' title='bbox 1994 5071 2102 5110; x_wconf 90' lang='lat' dir='ltr'><strong>non</strong></span> <span class='ocrx_word' id='word_1_479' title='bbox 2134 5061 2431 5125; x_wconf 90' lang='lat' dir='ltr'><strong>potuerunt</strong></span> <span class='ocrx_word' id='word_1_480' title='bbox 2457 5069 2472 5117; x_wconf 82' lang='lat'><strong>;</strong></span> <span class='ocrx_word' id='word_1_481' title='bbox 2505 5064 2630 5122; x_wconf 91' lang='lat' dir='ltr'><strong>post</strong></span> <span class='ocrx_word' id='word_1_482' title='bbox 2661 5054 2866 5109; x_wconf 81' lang='lat' dir='ltr'><strong>Pascha</strong></span> <span class='ocrx_word' id='word_1_483' title='bbox 2916 5068 3170 5108; x_wconf 81' lang='lat' dir='ltr'><strong>reversus</strong></span> <span class='ocrx_word' id='word_1_484' title='bbox 3200 5050 3518 5108; x_wconf 90' lang='lat' dir='ltr'><strong>consolatur</strong></span> <span class='ocrx_word' id='word_1_485' title='bbox 3562 5048 3743 5119; x_wconf 80' lang='lat' dir='ltr'><strong>ipsos,</strong></span> 
     </span>
    </p>
   </div>
   <div class='ocr_carea' id='block_1_60' title="bbox 461 5180 3738 5260">
    <p class='ocr_par' dir='ltr' id='par_1_60' title="bbox 461 5180 3738 5260">
     <span class='ocr_line' id='line_1_60' title="bbox 461 5180 3738 5260; baseline 0.001 -25"><span class='ocrx_word' id='word_1_486' title='bbox 461 5180 703 5250; x_wconf 86' lang='lat' dir='ltr'><strong>dicitque</strong></span> <span class='ocrx_word' id='word_1_487' title='bbox 728 5180 969 5248; x_wconf 82' lang='lat' dir='ltr'><strong>quotidie</strong></span> <span class='ocrx_word' id='word_1_488' title='bbox 1003 5182 1266 5237; x_wconf 88' lang='lat' dir='ltr'><strong>celebrari</strong></span> <span class='ocrx_word' id='word_1_489' title='bbox 1293 5199 1453 5253; x_wconf 91' lang='lat' dir='ltr'><strong>posse</strong></span> <span class='ocrx_word' id='word_1_490' title='bbox 1482 5204 1496 5240; x_wconf 88' lang='lat'><strong>:</strong></span> <span class='ocrx_word' id='word_1_491' title='bbox 1540 5184 1674 5241; x_wconf 84' lang='lat' dir='ltr'><strong>Nam</strong></span> <span class='ocrx_word' id='word_1_492' title='bbox 1713 5188 1919 5242; x_wconf 78' lang='lat' dir='ltr'><strong>Pascha</strong></span> <span class='ocrx_word' id='word_1_493' title='bbox 1954 5188 2325 5254; x_wconf 86' lang='lat' dir='ltr'><strong>celebramus,</strong></span> <span class='ocrx_word' id='word_1_494' title='bbox 2356 5189 2565 5260; x_wconf 87' lang='lat' dir='ltr'><strong>inquit,</strong></span> <span class='ocrx_word' id='word_1_495' title='bbox 2598 5190 3038 5260; x_wconf 86' lang='lat' dir='ltr'><strong>quotiescunque</strong></span> <span class='ocrx_word' id='word_1_496' title='bbox 3077 5202 3276 5258; x_wconf 87' lang='lat' dir='ltr'><strong>corpus</strong></span> <span class='ocrx_word' id='word_1_497' title='bbox 3320 5195 3376 5241; x_wconf 92' lang='lat' dir='ltr'><strong>ct</strong></span> <span class='ocrx_word' id='word_1_498' title='bbox 3413 5184 3738 5257; x_wconf 74' lang='lat' dir='ltr'><strong>sanguinem</strong></span> 
     </span>
    </p>
   </div>
   <div class='ocr_carea' id='block_1_61' title="bbox 461 5313 3729 5396">
    <p class='ocr_par' dir='ltr' id='par_1_61' title="bbox 461 5313 3729 5396">
     <span class='ocr_line' id='line_1_61' title="bbox 461 5313 3729 5396; baseline 0.002 -28"><span class='ocrx_word' id='word_1_499' title='bbox 461 5313 661 5373; x_wconf 84' lang='lat' dir='ltr'><strong>Christi</strong></span> <span class='ocrx_word' id='word_1_500' title='bbox 696 5318 1058 5388; x_wconf 79' lang='lat' dir='ltr'><strong>percipientes</strong></span> <span class='ocrx_word' id='word_1_501' title='bbox 1088 5329 1319 5374; x_wconf 89' lang='lat' dir='ltr'><strong>mortem</strong></span> <span class='ocrx_word' id='word_1_502' title='bbox 1351 5320 1563 5378; x_wconf 86' lang='lat' dir='ltr'><strong>Domini</strong></span> <span class='ocrx_word' id='word_1_503' title='bbox 1589 5324 2003 5379; x_wconf 86' lang='lat' dir='ltr'><strong>annuotiamns.</strong></span> <span class='ocrx_word' id='word_1_504' title='bbox 2031 5323 2135 5378; x_wconf 84' lang='lat' dir='ltr'><strong>Per</strong></span> <span class='ocrx_word' id='word_1_505' title='bbox 2169 5331 2339 5378; x_wconf 90' lang='lat' dir='ltr'><strong>totam</strong></span> <span class='ocrx_word' id='word_1_506' title='bbox 2384 5324 2661 5379; x_wconf 90' lang='lat' dir='ltr'><strong>homiliam</strong></span> <span class='ocrx_word' id='word_1_507' title='bbox 2696 5324 2837 5396; x_wconf 87' lang='lat' dir='ltr'><strong>plebi</strong></span> <span class='ocrx_word' id='word_1_508' title='bbox 2873 5323 3177 5394; x_wconf 78' lang='lat' dir='ltr'><strong>gratulatur</strong></span> <span class='ocrx_word' id='word_1_509' title='bbox 3206 5323 3410 5377; x_wconf 87' lang='lat' dir='ltr'><strong>bonum</strong></span> <span class='ocrx_word' id='word_1_510' title='bbox 3449 5327 3729 5377; x_wconf 87' lang='lat' dir='ltr'><strong>servatum</strong></span> 
     </span>
    </p>
   </div>
   <div class='ocr_carea' id='block_1_62' title="bbox 459 5454 2823 5531">
    <p class='ocr_par' dir='ltr' id='par_1_62' title="bbox 459 5454 2823 5531">
     <span class='ocr_line' id='line_1_62' title="bbox 459 5454 2823 5531; baseline 0.003 -25"><span class='ocrx_word' id='word_1_511' title='bbox 459 5454 727 5520; x_wconf 81' lang='lat' dir='ltr'><strong>ordinem,</strong></span> <span class='ocrx_word' id='word_1_512' title='bbox 763 5454 922 5509; x_wconf 77' lang='lat' dir='ltr'><strong>tidem</strong></span> <span class='ocrx_word' id='word_1_513' title='bbox 951 5455 1369 5527; x_wconf 87' lang='lat' dir='ltr'><strong>caritatemque,</strong></span> <span class='ocrx_word' id='word_1_514' title='bbox 1402 5467 1455 5512; x_wconf 91' lang='lat' dir='ltr'><strong>et</strong></span> <span class='ocrx_word' id='word_1_515' title='bbox 1483 5458 1536 5513; x_wconf 90' lang='lat' dir='ltr'><strong>in</strong></span> <span class='ocrx_word' id='word_1_516' title='bbox 1571 5459 1654 5514; x_wconf 90' lang='lat' dir='ltr'><strong>sui</strong></span> <span class='ocrx_word' id='word_1_517' title='bbox 1687 5460 1975 5531; x_wconf 69' lang='lat' dir='ltr'><strong>praesentia</strong></span> <span class='ocrx_word' id='word_1_518' title='bbox 2008 5468 2062 5516; x_wconf 88' lang='lat' dir='ltr'><strong>et</strong></span> <span class='ocrx_word' id='word_1_519' title='bbox 2095 5475 2153 5516; x_wconf 87' lang='lat' dir='ltr'><strong>se</strong></span> <span class='ocrx_word' id='word_1_520' title='bbox 2187 5460 2413 5516; x_wconf 86' lang='lat' dir='ltr'><strong>absente</strong></span> <span class='ocrx_word' id='word_1_521' title='bbox 2437 5461 2758 5516; x_wconf 77' lang='lat' dir='ltr'><strong>exhibitam.</strong></span> <span class='ocrx_word' id='word_1_522' title='bbox 2812 5454 2823 5461; x_wconf 82' lang='grc'><strong>’</strong></span> 
     </span>
    </p>
   </div>
   <div class='ocr_carea' id='block_1_63' title="bbox 530 5591 3726 5672">
    <p class='ocr_par' dir='ltr' id='par_1_63' title="bbox 530 5591 3726 5672">
     <span class='ocr_line' id='line_1_63' title="bbox 530 5591 3726 5672; baseline 0.002 -27"><span class='ocrx_word' id='word_1_523' title='bbox 530 5591 885 5653; x_wconf 85' lang='lat' dir='ltr'><strong>Oratiuncula</strong></span> <span class='ocrx_word' id='word_1_524' title='bbox 909 5611 1145 5669; x_wconf 88' lang='lat' dir='ltr'><strong>sequens</strong></span> <span class='ocrx_word' id='word_1_525' title='bbox 1170 5612 1199 5653; x_wconf 90' lang='lat' dir='ltr'><strong>a</strong></span> <span class='ocrx_word' id='word_1_526' title='bbox 1223 5597 1614 5670; x_wconf 73' lang='lat' dir='ltr'><strong>Chrysostomo</strong></span> <span class='ocrx_word' id='word_1_527' title='bbox 1651 5603 1750 5659; x_wconf 88' lang='lat' dir='ltr'><strong>hac</strong></span> <span class='ocrx_word' id='word_1_528' title='bbox 1775 5603 2069 5660; x_wconf 85' lang='lat' dir='ltr'><strong>occasione</strong></span> <span class='ocrx_word' id='word_1_529' title='bbox 2100 5602 2282 5658; x_wconf 81' lang='lat' dir='ltr'><strong>habita</strong></span> <span class='ocrx_word' id='word_1_530' title='bbox 2315 5600 2437 5657; x_wconf 85' lang='lat' dir='ltr'><strong>fuit.</strong></span> <span class='ocrx_word' id='word_1_531' title='bbox 2476 5603 2837 5672; x_wconf 64' lang='lat' dir='ltr'><strong>Severianus,</strong></span> <span class='ocrx_word' id='word_1_532' title='bbox 2879 5599 3212 5657; x_wconf 86' lang='lat' dir='ltr'><strong>Cabalorum</strong></span> <span class='ocrx_word' id='word_1_533' title='bbox 3250 5600 3577 5672; x_wconf 80' lang='lat' dir='ltr'><strong>episcopus,</strong></span> <span class='ocrx_word' id='word_1_534' title='bbox 3625 5596 3726 5667; x_wconf 89' lang='lat' dir='ltr'><strong>qui</strong></span> 
     </span>
    </p>
   </div>
   <div class='ocr_carea' id='block_1_64' title="bbox 2055 5812 2132 5833">
    <p class='ocr_par' dir='ltr' id='par_1_64' title="bbox 2055 5812 2132 5833">
     <span class='ocr_line' id='line_1_64' title="bbox 2055 5812 2132 5833; baseline 0 -4"><span class='ocrx_word' id='word_1_535' title='bbox 2055 5812 2132 5833; x_wconf 59' lang='lat' dir='ltr'><strong>a—</strong></span> 
     </span>
    </p>
   </div>
  </div>
