4036 6380
280 408 379 463 ιιυ

278 534 459 600 φύσιν,
498 527 601 582 καὶ
628 529 687 583 τὸ
712 529 995 602 ἐπίκαιρον
1024 532 1208 588 αὐτῶν
1250 535 1618 607 λογιζόμενος.
1655 538 1747 592 Διὸ
1770 541 1866 594 καὶ

275 621 428 691 ἔλεγε
449 638 465 650 ·
500 623 697 687 Φόϐος
728 622 801 675 ὃν
828 622 1172 694 ἐφοϐούμην
1196 622 1345 696 ἦλθέ
1367 644 1489 697 μοι,
1517 629 1617 683 καὶ.
1644 629 1718 683 ὃν
1741 629 1869 684 ἐδε-

274 713 505 767 δοίκειν
542 713 835 767 κίνδυνον
878 715 1232 784 συνήντησέ
1284 736 1408 788 μοι.
1462 721 1577 774 Ἀεὶ
1608 723 1716 792 γὰρ
1754 724 1866 785 τοῖς

274 803 570 873 λογισμοῖς
615 802 755 873 πρὸς
780 802 943 857 αὐτὸν
972 803 1218 871 ἐϐάδιζεν
1244 808 1528 879 ἀναμένων
1565 812 1748 876 αὐτὸν,
1783 813 1868 866 ἐλ-

276 893 475 959 πίζων,
501 896 603 947 καὶ
626 896 943 964 προσδοκῶν
961 913 974 927 ⁸
1003 896 1090 948 διὰ
1118 898 1276 950 τοῦτο
1309 901 1752 971 παραγενόμενος
1767 902 1868 956 οὐκ

278 982 582 1056 ἐτάραξεν·
625 987 775 1041 οὔτε
816 985 1164 1056 είρήνευσα,
1205 989 1344 1044 οὔτε
1375 992 1686 1062 ἡσύχασα,
1729 993 1870 1047 οὔτε

278 1076 748 1147 ἀνεπαυσάμην,
791 1073 939 1146 ἦλθε
972 1076 1040 1131 δέ
1055 1094 1164 1146 μοι
1216 1079 1380 1149 ὀργή.
1420 1081 1534 1133 Οὐκ
1558 1078 1730 1148 εἶπεν,
1754 1080 1868 1138 Οὐκ

279 1168 578 1239 είρηνεύω,
620 1167 739 1221 οὐδὲ
775 1168 1053 1238 ἡδυχάζω,
1096 1170 1234 1235 ἀλλ’,
1267 1173 1391 1225 Οὐκ
1425 1171 1772 1239 εῖρήνευσα,
1808 1172 1866 1225 ὲν

278 1262 355 1332 τῷ
383 1260 720 1332 παρελθόντι
744 1260 941 1331 χρόνῳ.
970 1261 1034 1314 Et
1056 1261 1166 1333 γὰρ
1187 1265 1281 1316 καὶ
1309 1264 1378 1317 τὰ
1402 1263 1703 1335 πράγματα
1727 1263 1868 1334 μέγα

279 1355 505 1425 φρονεῖν
535 1351 975 1424 παρεσκεύαζεν,
1010 1352 1125 1405 ἀλλ’
1161 1357 1195 1425 ὴ
1230 1354 1529 1425 προσδοκία
1560 1354 1669 1407 τῶν
1695 1353 1870 1424 λυπη-

283 1442 387 1515 ρῶν
425 1444 534 1497 οΰκ
570 1445 658 1496 εἴα
695 1460 760 1513 με
795 1443 1113 1514 ἡσυχάζειν.
1147 1446 1211 1498 El
1250 1446 1344 1498 καὶ
1377 1446 1408 1515 ἡ
1437 1445 1575 1514 ἄγαν
1600 1440 1869 1517 εὐημερία

278 1537 495 1608 τρυφᾷν
537 1537 735 1600 ἐποίει,
768 1536 883 1590 ἀλλ’
920 1539 952 1608 ἡ
986 1537 1198 1607 ἀγωνία
1232 1537 1342 1591 τῶν
1372 1537 1740 1608 ἐλπιζομένων
1770 1537 1869 1608 τὴν

281 1625 463 1680 ἄδειαν
515 1626 860 1680 ἀπεδίωκεν·
908 1630 958 1681 εί
1004 1629 1100 1683 καὶ
1147 1627 1215 1682 τὰ
1266 1629 1513 1700 παρόντα
1572 1629 1869 1684 ἀπολαύειν

280 1714 618 1787 ἠνάγκαζεν,
657 1718 772 1772 ἀλλ’
792 1721 825 1788 ἠ
860 1718 969 1774 τῶν
1004 1718 1468 1791 προσδοκωμένων
1498 1718 1719 1790 φροντὶς
1737 1716 1868 1771 ταύ-

280 1827 379 1882 την
412 1810 694 1863 διέκοπτε.
739 1807 838 1862 Διὰ
888 1809 1049 1863 τοῦτο
1091 1810 1234 1881 ἅπερ
1267 1810 1595 1880 ὲμελὲτησεν
1628 1810 1720 1864 ἐπὶ
1764 1809 1870 1863 τῶν

282 1898 588 1970 λογισμῶν,
621 1896 794 1953 ταῦτα
828 1897 949 1951 ίδὼν
968 1899 1065 1951 ἐπὶ
1085 1899 1193 1952 τῶν
1226 1899 1563 1970 πραγμάτων
1585 1899 1871 1970 συμϐάντα

283 1989 552 2057 γενναίως
573 1990 797 2061 ἤνεγκε,
819 1989 887 2043 τά
911 1989 1080 2044 πάλαι
1108 1990 1474 2062 μελετηθέντα
1490 1991 1869 2060 παλαίσματα,

285 2083 376 2138 καὶ
406 2083 479 2137 τά
511 2085 585 2155 τῇ
617 2083 915 2157 προσδοκίᾳ
942 2083 1379 2156 προειλημμένα,
1424 2082 1599 2137 ταῦτα
1630 2084 1871 2155 παρόντα

287 2175 502 2246 βλέπων
527 2175 635 2229 οὔκ
660 2175 1011 2246 ἐταράττετο.
1037 2177 1158 2229 Ὅτι
1177 2174 1287 2247 γὰρ
1304 2175 1424 2228 οὐδὲ
1461 2175 1744 2247 παρόντων
1765 2174 1874 2229 τῶν

286 2272 546 2343 χρηστῶν
581 2271 791 2343 σφόδρα
819 2270 1025 2325 τούτων
1042 2271 1318 2340 ἀντείχετο,
1350 2270 1581 2324 ἄκουσον
1600 2270 1655 2324 τί
1685 2287 1869 2340 φησιν¹

288 2364 356 2416 ΕΙ
379 2362 450 2415 δὲ
481 2362 585 2417 καὶ
602 2360 961 2431 εὐφράνθην
980 2362 1216 2416 πολλοῦ
1250 2363 1519 2415 πλούτου
1547 2361 1872 2430 γενομένου

286 2470 408 2523 μοι,
450 2457 507 2509 εί
557 2452 860 2518 κατέταξα
892 2453 1153 2522 χρυσίον
1203 2453 1384 2521 ίσχύν·
1424 2469 1566 2521 μου,
1626 2453 1679 2505 εὶ
1727 2451 1875 2518 λίθῳ

291 2544 623 2600 πολυτελεῖ
644 2545 1040 2614 ἐπεποίθησα,
1083 2545 1134 2598 εί
1163 2541 1231 2597 δὲ
1264 2541 1363 2596 καί
1406 2542 1499 2595 ἐπ’
1542 2540 1871 2611 ἀναριθμή-

1176 413 1321 469 CIFM
1366 411 1807 473 SATURNINUS
1846 414 1936 472 ET
1970 413 2454 483 AURELIANUS,
2495 416 2651 480 ETC.

3444 420 3548 477 4Ξο

1967 560 2090 608 τοις
2119 542 2344 613 ἐθέμην
2374 540 2545 611 χεῖρά
2582 558 2723 610 μου.
2774 539 2837 594 Τί
2870 541 3068 609 λέγεις,
3112 539 3404 611 άνθρωπε;
3434 540 3550 595 Οὐκ

1967 634 2261 704 εὐφραίνου
2286 634 2382 686 τοῦ
2423 631 2655 685 πλούτου
2690 631 3077 702 περιρρέοντός
3111 646 3194 683 σοι
3216 647 3232 697 ;
3257 630 3550 700 Οὐδαμῶς,

1968 726 2121 798 φησί.
2154 725 2221 777 Τί
2242 725 2474 795 δήποτε;
2507 726 2626 779 ’Ότι
2658 722 2810 795 [410]
2836 722 2990 794 ᾔδειν
3033 722 3202 776 αὐτοῦ
3223 723 3286 777 τὸ
3317 724 3552 778 ἄστατον

1969 819 2063 872 καὶ
2086 816 2363 888 διαρρέον,
2399 816 2550 887 ᾔδειν
2579 816 2641 869 τὸ
2687 816 2878 885 κτῆμα
2906 815 2967 866 οὐ
3005 815 3252 884 μόνιμον.
3288 814 3401 868 Καὶ
3436 811 3553 883 όρῶ

1962 907 2098 978 μὲν,
2132 910 2317 980 φησὶν,
2349 908 2532 977 ἣλιον
2546 908 3025 976 ἐπιφαύσκοντα,
3045 907 3145 960 καὶ
3170 907 3549 969 ἐκλείποντα,
3634 936 3641 943 -

1968 1002 2242 1069 σελήνην
2265 1000 2331 1052 δὲ
2352 1000 2695 1068 φθίνουσαν
2721 1011 2772 1038 ι’
2792 1000 2866 1051 οὐ
2890 999 3003 1067 γὰρ
3021 997 3113 1050 ἐπ’
3135 996 3336 1050 αὐτῶν
3356 996 3548 1049 ἐστιν.

1975 1094 2040 1146 Ὃ
2087 1092 2143 1145 δὲ
2186 1091 2358 1160 λέγει,
2411 1088 2657 1143 τοιοῦτον
2698 1090 2877 1142 ἐστιν·
2914 1089 2979 1142 Ei
3025 1087 3097 1141 τὰ
3143 1090 3265 1141 κατ’
3321 1085 3552 1157 οὐρανὸν

1968 1181 2165 1253 ἄστρα,
2195 1180 2585 1251 καὶιδιηνεκῶς
2608 1179 2897 1250 λάμποντα
2918 1178 3134 1249 δέχεταί
3164 1195 3289 1232 τινα
3320 1176 3553 1248 μεταϐο-

1967 1271 2087 1342 λὴν,
2118 1272 2270 1345 ἥλιος
2312 1273 2412 1344 μὲν
2452 1272 2747 1335 ἐκλείπων,
2793 1271 2991 1344 σελήνη
3024 1271 3081 1324 δὲ
3108 1270 3393 1341 φθίνουσα,
3435 1269 3553 1333 πῶς

1969 1362 2069 1415 οὐκ
2090 1362 2328 1434 ἐσχάτης
2357 1362 2543 1423 ἀνοίας
2570 1362 2632 1415 τὸ
2658 1361 2730 1415 τά
2764 1363 2986 1430 ἐπίγεια
3018 1361 3260 1432 νομίζειν
3285 1356 3425 1414 εἷναι
3454 1360 3553 1430 p.6-

1969 1469 2123 1523 νιμα,
2156 1454 2251 1506 καὶ
2283 1453 2609 1522 πεπηγότα;
2658 1453 2758 1507 Διὰ
2783 1452 2940 1506 τοῦτο
2966 1451 3090 1506 οὔτε
3132 1452 3553 1522 παρόντωνίεῦ-

1971 1544 2228 1615 φραίνετο
2265 1545 2407 1610 λίαν,
2453 1544 2577 1599 οὔτε
2624 1546 2973 1600 ἀπελθόντων
3018 1545 3227 1616 ἦλγησε
3277 1543 3551 1616 χαλεπῶς,

1970 1634 2158 1706 ἐπειδὴ
2184 1635 2366 1699 καλῶς
2405 1636 2522 1706 ᾔδει
2562 1636 2663 1706 τὴν
2714 1637 2876 1706 φύσιν
2904 1636 3103 1690 αὐτῶν.
3138 1635 3323 1690 Ταῦτα
3357 1634 3414 1688 δὲ
3458 1634 3554 1688 καὶ

1971 1726 2135 1796 ἡμεῖς
2183 1727 2495 1791 ἀκούοντες,
2539 1728 2841 1798 ἀγαπητοὶ,
2885 1728 2959 1797 μὴ
3009 1727 3173 1798 πενίᾳ
3216 1724 3556 1798 πιεζώμεθα,

1981 1818 2118 1889 μήτε
2143 1818 2360 1889 πλούτῳ
2387 1818 2689 1889 φυσώμεθα
2709 1836 2724 1852 ο
2756 1819 2872 1872 ἀλλ’
2893 1819 2953 1873 ὲν
2980 1822 3048 1890 τῇ
3071 1818 3182 1873 τῶν
3213 1820 3558 1889 πραγμάτων

1981 1908 2251 1981 μεταϐολῇ
2298 1909 2399 1981 τὴν
2445 1909 2672 1981 γνώμην
2734 1909 3110 1982 ἀμετάϐλητον
3151 1910 3555 1982 διατηροῦντες,

1975 1998 2068 2053 τὸν
2100 2001 2207 2053 ἀπὸ
2233 2001 2336 2072 τῆς
2366 2000 2684 2070 φιλοσοφίας
2711 2000 3038 2073 δρεψὼμεθα
3063 2002 3294 2073 καρπὸν,
3336 2003 3423 2055 ἵνα
3458 2003 3556 2057 καὶ

1975 2092 2078 2162 τῆς
2110 2089 2349 2144 ἐνταῦθα
2380 2090 2575 2161 ἡδονῆς
2620 2090 3041 2161 ἀπολαύσωμεν,
3074 2090 3170 2144 καὶ
3195 2090 3305 2143 τῶν
3332 2090 3555 2161 μελλόν-

1978 2202 2087 2238 των
2117 2183 2341 2251 ἀγαθῶν
2381 2183 2760 2254 ὲπιτύχωμεν·
2806 2176 2882 2236 ὧν
2922 2181 3133 2251 γένοιτο
3163 2183 3369 2246 πάντας
3402 2181 3557 2254 ἡμᾶς

1982 2276 2282 2344 ἐπιτυχεῖν,
2316 2274 2501 2345 χάριτι
2531 2275 2627 2327 καῖ
2650 2273 3033 2344 φιλανθρωπίᾳ
3047 2272 3142 2327 τοῦ
3175 2274 3380 2345 Κυρίου
3401 2272 3558 2345 ἡμῶν

1992 2366 2167 2438 Ἰησοῦ
2200 2365 2460 2438 Χριστοῦ.

2047 2548 2074 2576 ⁸
2099 2546 2221 2609 Reg.
2248 2552 2300 2595 ct
2321 2545 2449 2598 Bibl.
2475 2548 2505 2605 ἢ
2529 2547 2619 2609 οὐχ
2636 2548 2879 2611 ὁρῶμεν...
2906 2547 3171 2611 φθίνουσαν.

1316 3546 1395 3607 IN
1437 3545 1621 3605 ἸἬΙΑ
1664 3542 2095 3618 SEQUENTIA
2135 3496 2546 3603 OPUSCULA.

293 3841 765 3915 Constantinopoli
796 3851 927 3897 tunc
942 3841 1155 3913 agebat,
1187 3851 1237 3897 et
1268 3838 1539 3896 simulatis
1558 3837 1842 3908 obsequiis
1863 3837 2038 3892 sancti
2062 3834 2317 3907 praesulis
2340 3832 2641 3889 amicitiam
2658 3831 2764 3887 sibi
2783 3830 3193 3896 conciliaverat,
3218 3843 3284 3884 ac
3313 3826 3573 3898 frequen-

297 3989 371 4037 ter
402 3985 726 4041 concionem
759 3982 825 4036 ad
860 3981 1119 4052 populum
1151 3979 1407 4043 habebat,
1442 3974 1685 4032 absentis
1719 3982 1773 4029 et
1805 3974 1857 4028 in
1894 3971 2079 4028 Asiam
2115 3968 2343 4041 profecti
2377 3965 2758 4039 Chrysostomi
2789 3965 3080 4021 occasione
3103 3970 3341 4033 captata,
3376 3976 3555 4032 popu—

298 4122 406 4177 lum
438 4123 543 4179 sibi
573 4121 871 4189 devincire,
905 4120 1152 4191 ejusque,
1190 4131 1248 4174 ut
1285 4128 1530 4189 putatur,
1558 4114 1738 4171 studia
1765 4130 1794 4168 a
1829 4111 2226 4183 Cltrysostomo
2256 4115 2502 4164 avertere
2540 4105 2862 4177 satagebat:
2903 4118 3013 4173 qua
3057 4103 3126 4158 de
3157 4118 3217 4158 re
3261 4101 3506 4157 monitus
3539 4114 3571 4155 a

303 4258 603 4328 Serapione
624 4256 1074 4327 Cbrysostomus,
1103 4268 1228 4309 cum
1262 4267 1327 4308 ex
1362 4252 1489 4306 Asia
1523 4250 1703 4313 rediit,
1736 4258 1795 4303 ιιι
1828 4247 1962 4303 vidit
1988 4244 2252 4319 populum
2284 4244 2387 4300 sibi
2425 4244 2811 4315 gratulantem,
2843 4241 3138 4312 laetitiaque
3165 4239 3411 4310 plenum,
3446 4254 3560 4293 rem

297 4403 400 4444 non
434 4390 667 4444 multum
696 4401 923 4443 curasse
963 4385 1196 4441 videtur.
1228 4383 1332 4438 Sed
1376 4398 1501 4439 cum
1540 4381 1770 4439 subinde
1816 4380 2148 4436 Severianus
2184 4379 2240 4433 in
2300 4376 2656 4447 Serapionem
2703 4375 3037 4447 indignatus,
3092 4376 3370 4446 impietate
3410 4375 3572 4446 plena

301 4529 463 4581 verba
490 4524 827 4595 protulisset,
865 4523 1230 4577 tumultuante
1252 4530 1308 4574 et
1336 4520 1389 4575 in
1432 4521 1569 4575 iram
1601 4520 1878 4575 concitato
1917 4519 2152 4590 populo,
2196 4515 2664 4586 Constantinopoli
2712 4515 2907 4585 pulsus
2949 4523 3053 4571 est.
3102 4511 3308 4568 Deinde
3345 4528 3577 4571 curante

300 4660 545 4717 Eudoxia
576 4660 820 4730 Augusta
856 4658 1086 4727 ipsoque
1120 4654 1453 4726 lmperatore
1477 4662 1762 4710 revocatus
1790 4661 1844 4707 et
1873 4666 1903 4705 a
1933 4651 2349 4722 Chrysostomo,
2373 4665 2520 4721 agre
2544 4650 2690 4714 licet,
2727 4648 3004 4704 admissus
3032 4656 3134 4703 est.
3170 4647 3278 4705 Sed
3310 4651 3440 4720 quia
3475 4651 3561 4706 in-

299 4796 555 4867 dignatus
589 4791 827 4864 populus
861 4789 1076 4846 nonnisi
1104 4788 1342 4860 pastoris
1379 4786 1466 4843 sui
1506 4786 1732 4842 monitis
1772 4793 2090 4856 conceptam
2137 4784 2190 4839 in
2231 4782 2584 4839 Severianum
2620 4782 2757 4837 iram
2793 4782 2987 4837 sedare
3020 4790 3257 4853 poterat,
3300 4784 3402 4839 bac
3439 4799 3569 4841 cra-

302 4933 540 4989 tiuncula
566 4933 996 5004 Cltrysostomus
1030 4937 1386 4999 exasperatos
1419 4926 1630 4983 animos
1664 4924 1953 4997 mitigavit,
1983 4934 2041 4981 et
2070 4925 2140 4980 ad
2181 4923 2539 4980 Severianum
2580 4919 2982 4978 admittendum
3020 4920 3268 4977 deduxit.

373 5066 617 5124 Tertiam
643 5068 1050 5127 oratiunculam
1081 5069 1402 5137 insequente
1427 5064 1517 5122 die
1540 5065 1870 5123 Severianus
1898 5065 2016 5136 ipse
2049 5064 2263 5130 habuit,
2292 5063 2384 5119 ubi
2417 5063 2484 5120 de
2504 5060 2793 5118 conciliata
2825 5075 2956 5133 pace
2985 5062 3188 5133 populo
3226 5063 3576 5131 gratulatur;

305 5215 469 5271 quam
501 5201 591 5256 ille
620 5216 810 5274 pacem
842 5211 1071 5259 curante
1098 5203 1379 5259 communi
1410 5209 1585 5274 patre,
1628 5201 1711 5256 sic
1743 5198 1864 5265 ille,
1906 5207 2122 5271 partam
2170 5200 2405 5256 summis
2447 5196 2796 5254 commendat
2848 5196 3128 5253 laudibus.
3163 5194 3292 5252 Haec
3339 5194 3573 5267 carptim

306 5331 602 5404 tangimus,
640 5334 770 5405 quia
799 5334 844 5389 si
870 5334 948 5390 rei
978 5347 1141 5407 gesta:
1171 5334 1456 5392 historiam
1495 5351 1619 5391 cum
1653 5334 1721 5392 iis
1768 5333 2026 5391 omnibus
2072 5348 2195 5405 quae
2235 5345 2365 5390 tunc
2411 5332 2690 5406 contigere
2739 5334 3053 5390 minutatim
3093 5344 3571 5404 persequerentur,

309 5462 445 5523 foret
471 5469 577 5525 hoc
601 5477 991 5541 argumentum
1025 5467 1487 5540 subsequentibus
1517 5469 1800 5541 opusculis
1829 5468 2067 5542 longius.
2108 5465 2233 5522 Haec
2262 5483 2392 5525 vero
2419 5468 2682 5540 praeludis
2714 5467 2937 5526 fuerunt
2980 5468 3102 5539 ejus
3147 5464 3417 5523 tumultus
3456 5476 3572 5536 quo

310 5618 536 5665 vexatus
562 5607 994 5680 Cbrysostomus
1024 5618 1079 5663 et
1110 5608 1162 5662 in
1194 5606 1448 5663 exsilium
1486 5617 1640 5665 actus
1669 5621 1769 5665 est.

621 5944 894 6004 Pnaon.
944 5941 1061 6002 Gn.
1114 5941 1242 6006 ιιι.

3179 5936 3220 5997 3
