4036 6396
462 384 555 438 ΗΙ

569 510 3255 542 ςυρψ-Μ

1196 395 1276 451 Si
1295 392 1580 452 JOANNIS
1616 393 2035 453 CHRYSOST01

2140 400 2456 461 ARClllEP.
2498 405 3040 465 CONSTANTINOP.
3645 390 3767 445 42-3

3347 526 3749 542 *ωι-

1230 605 1370 676 DE
1425 599 1989 677 REGRESSU
2053 550 2445 678 SANCTI
2514 608 2957 686 JOANNIS

1548 776 1633 818 ex
1675 772 1817 819 esu
1859 771 2486 824 coasnnrmorouu
2531 764 2641 845 (a).

515 1054 688 1110 Moses
707 1064 930 1123 magnus
950 1049 1038 1106 ille
1063 1049 1159 1105 Dei
1184 1046 1433 1115 famulus,
1461 1054 1618 1118 caput
1637 1042 2040 1118 prophetarum,

454 1147 617 1202 maris
643 1145 844 1208 viator,
875 1143 1015 1199 aeris
1044 1143 1271 1214 agitator
1289 1183 1304 1208 ,
1338 1153 1539 1195 mensae
1566 1146 1871 1209 apparator,
1899 1134 1990 1206 qui
2015 1149 2048 1189 a

451 1238 712 1308 genitrice
753 1237 1025 1307 projectns
1052 1242 1134 1290 est
1163 1275 1178 1301 ,
1211 1241 1266 1289 et
1289 1233 1356 1289 ab
1386 1231 1774 1304 impugnatrice
1811 1229 2048 1285 salvatus

454 1335 657 1402 (genuit
676 1331 890 1402 quidem
915 1345 1037 1386 eum
1063 1338 1253 1396 mater,
1277 1326 1496 1382 abstulit
1522 1335 1702 1382 autem
1730 1339 1852 1380 eum
1874 1321 2045 1392 Egy-

450 1425 561 1496 ptia
582 1465 595 1488 .
625 1433 679 1480 et
707 1423 1006 1491 enutrivit),
1035 1429 1090 1476 et
1119 1420 1211 1491 qui
1242 1421 1295 1474 in
1317 1417 1552 1491 lEgypto
1591 1415 1925 1472 nutriebatur
1945 1455 1960 1480 ,
1991 1412 2046 1468 in

452 1517 598 1572 cmlis
623 1514 1043 1572 conversabatur
1073 1529 1088 1571 :
1119 1512 1208 1584 qui
1240 1519 1441 1567 tantum
1485 1523 1548 1564 ac
1573 1509 1681 1564 tale
1717 1506 1903 1563 statuit
1931 1517 2044 1561 tro-

453 1625 626 1682 pazum
651 1652 668 1676 ,
691 1609 791 1664 iste
817 1608 934 1662 talis
971 1620 1036 1662 ac
1071 1612 1247 1660 tantus
1275 1608 1353 1659 vlr
1375 1644 1391 1670 ,
1413 1602 1504 1674 qui
1541 1599 1888 1672 quadraginta
1929 1597 2046 1652 dies

453 1703 740 1776 reliquerat
764 1701 1020 1774 populum
1041 1742 1055 1766 ,
1082 1699 1283 1755 invenit
1311 1712 1434 1754 eum
1474 1695 1613 1751 idola
1656 1693 2000 1750 fabricantem
2025 1731 2040 1758 ,

451 1805 507 1853 et
530 1795 820 1852 seditiones
844 1798 1292 1848 commoventem.
1321 1789 1434 1860 Ego
1462 1795 1640 1843 autem
1668 1801 1775 1840 non
1809 1781 2044 1855 quadra-

449 1889 594 1960 ginta
627 1886 743 1942 dies
770 1892 1007 1952 tantum,
1036 1881 1130 1939 sed
1160 1890 1214 1938 et
1236 1879 1620 1952 quinquaginta
1645 1886 1700 1934 et
1722 1885 1960 1941 centum,
1987 1882 2044 1929 et

449 1979 695 2050 amplius,
729 1987 784 2034 ct
812 1977 991 2033 inveni
1014 1989 1110 2030 vos
1136 1973 1399 2036 lzetantes,
1423 1979 1477 2027 et
1501 1966 1962 2040 philosophantes,
1985 1973 2044 2022 et

449 2074 502 2127 in
532 2071 626 2127 Dei
660 2071 850 2125 timore
878 2075 1302 2140 perseverantes.
1336 2062 1605 2134 Numquid
1647 2075 1748 2132 ego
1790 2059 1938 2116 Mose
1965 2058 2044 2114 al-

449 2161 551 2216 tior
574 2159 730 2216 sum?
762 2159 912 2215 Absit
939 2176 953 2214 :
985 2156 1090 2212 hoc
1114 2155 1258 2212 enim
1279 2153 1458 2210 dicere
1477 2160 1733 2208 extremm
1757 2149 2042 2206 dementias

444 2267 545 2314 est.
571 2258 676 2315 Sed
702 2257 826 2328 quia
856 2256 1088 2329 populus
1114 2256 1218 2311 iste
1247 2253 1340 2309 illo
1368 2251 1564 2323 populo
1586 2246 1886 2312 sublimior,
1912 2258 2042 2315 pro-

447 2361 629 2421 pterea
655 2359 711 2405 et
737 2349 824 2405 ille
853 2349 922 2404 de
948 2355 1131 2403 monte
1157 2345 1493 2403 descendens
1520 2342 1834 2413 increpabat
1860 2340 2040 2394 Aaron

445 2443 514 2496 oh
539 2441 858 2496 seditionem
878 2439 1080 2510 populi,
1100 2448 1152 2493 et
1175 2437 1412 2493 irascens
1440 2433 1790 2490 invehebatur
1816 2431 1868 2485 in
1891 2443 2036 2495 eum,

444 2550 539 2588 cur
558 2531 887 2603 acquieverit
907 2529 1166 2586 voluntati
1185 2543 1394 2585 eorum.
1413 2527 1526 2599 Ego
1546 2534 1726 2581 autem
1747 2521 2040 2579 adveniens

444 2623 709 2695 praeconia
735 2630 912 2678 vestra
937 2631 990 2678 et
1014 2635 1242 2677 coronas
1267 2627 1573 2674 contexam.
1600 2615 1703 2672 Ubi
1726 2613 1872 2671 enim
1901 2627 2039 2683 prae-

443 2715 698 2772 varicatio
724 2757 738 2783 ,
762 2714 835 2770 ibi
865 2721 1045 2770 reatus
1073 2714 1428 2783 subsequatur
1452 2722 1672 2765 necesse
1706 2715 1788 2763 est
1806 2746 1822 2773 ,
1854 2714 1908 2762 et
1937 2702 2037 2760 ob-

440 2807 704 2879 iurgatio;
729 2805 817 2862 ubi
839 2813 1016 2860 autem
1047 2803 1311 2860 correctio
1329 2844 1345 2868 ,
1370 2801 1441 2856 ibi
1470 2798 1658 2855 laudes
1687 2807 1742 2855 et
1771 2795 2036 2868 praeconia

441 2910 496 2956 et
520 2914 734 2956 corona}
757 2915 773 2955 :
797 2897 1025 2970 ideoque
1051 2897 1152 2952 etsi
1178 2893 1426 2966 ampliori
1454 2901 1697 2963 tempore
1723 2889 2036 2946 demoratus

439 3009 558 3051 sum
578 2993 740 3060 foras,
764 3006 870 3047 non
887 3005 973 3046 me
995 2989 1235 3062 panitet,
1255 2987 1378 3058 quia
1397 2984 1732 3042 conlidebam
1754 2981 1823 3038 de
1841 2989 2037 3038 vestrae

439 3085 677 3142 caritatis
717 3081 948 3148 affectu,
979 3091 1035 3137 et
1075 3078 1378 3149 integritate
1425 3076 1548 3132 ﬁdei
1571 3093 1584 3129 :
1607 3074 1842 3130 sciebam
1891 3071 2034 3128 enim

440 3192 667 3234 uxorem
711 3175 844 3230 mihi
889 3174 1268 3244 desponsatam
1298 3170 1543 3225 castitate
1581 3182 1702 3223 esse
1735 3167 1994 3220 munitam
2015 3204 2032 3230 ,

439 3271 579 3325 sicut
603 3269 655 3323 in
683 3265 929 3322 saeculari
958 3265 1206 3335 coniugio
1230 3263 1431 3319 assolet
1457 3260 1690 3316 evenire.
1716 3258 1926 3314 Etenim
1955 3257 2036 3312 vir

438 3358 655 3431 quando
685 3357 1005 3428 impudicam
1032 3369 1253 3411 uxorem
1284 3353 1480 3408 habere
1504 3367 1564 3407 se
1591 3351 1759 3417 novit,
1785 3364 1883 3404 nec
1905 3363 2033 3419 pro-

438 3450 647 3520 spicere
689 3449 740 3505 ei
783 3447 850 3504 de
883 3447 1045 3503 domo
1089 3445 1346 3516 permittit
1371 3445 1498 3523 :Iqui
1551 3443 1650 3498 etsi
1705 3439 2034 3511 peregrinari

438 3541 726 3614 aliquando
759 3549 978 3596 coactus
1022 3537 1219 3602 fuerit,
1249 3535 1456 3606 cogitur
1481 3534 1588 3589 cito
1615 3531 1850 3598 reverti,
1882 3529 2034 3601 quasi

438 3633 670 3704 quodam
701 3630 1019 3702 suspicionis
1044 3629 1230 3684 aculeo
1256 3625 1592 3691 stimulatus;
1623 3624 1713 3694 qui
1739 3631 1916 3678 autem
1947 3635 2035 3677 so-

438 3726 610 3780 briam
633 3733 687 3780 et
711 3732 914 3780 castam
940 3721 1128 3787 habet,
1152 3718 1296 3776 foras
1324 3732 1546 3774 securus
1571 3724 1812 3771 moratur
1828 3755 1844 3782 ,
1876 3711 2032 3768 sufﬁ-

435 3817 644 3873 cientes
691 3830 788 3886 pro
815 3823 1123 3870 curatorem
1171 3810 1467 3867 munimine
1506 3822 1686 3864 mores
1723 3807 2034 3877 relinquens

439 3910 643 3964 uxoris.
679 3908 792 3963 lloc
817 3922 917 3979 ego
954 3916 1008 3962 et
1035 3905 1212 3961 Moses
1240 3902 1386 3976 passi
1419 3916 1626 3958 sumus.
1651 3899 1746 3955 Ille
1773 3898 1988 3969 quidem
2012 3939 2028 3963 ,

437 4001 561 4070 quia
585 3997 1027 4054 inemendabilem
1057 4009 1382 4069 synagogam
1415 3992 1645 4048 habebat
1671 4003 1914 4056 uxorem,
1947 4003 2034 4043 re-

439 4090 594 4160 liquit
616 4105 734 4145 eam
751 4130 765 4153 ,
790 4097 850 4144 et
872 4087 1132 4143 fornicata
1157 4095 1242 4141 est
1263 4125 1279 4150 ,
1309 4094 1366 4140 et
1392 4083 1669 4153 compellit
1695 4095 1819 4136 eum
1847 4080 1987 4134 Deus
2012 4118 2031 4145 ,

439 4181 624 4234 dicens
651 4197 666 4232 :
697 4179 960 4248 Exsurge,
992 4177 1237 4231 descende
1262 4191 1281 4229 :
1306 4175 1460 4244 impie
1497 4173 1632 4227 enim
1663 4172 1778 4240 fecit
1815 4170 2034 4240 populus

441 4283 558 4326 mus
587 4267 778 4341 (Exod.
808 4271 898 4326 52.
927 4270 1004 4340 7).
1033 4267 1139 4323 Sed
1164 4282 1262 4337 ego
1285 4266 1482 4320 nullam
1510 4261 1812 4332 huiusmodi
1833 4260 2034 4332 jussio—

441 4378 568 4420 nem
597 4363 800 4432 accepi.
828 4361 899 4416 Et
925 4375 1047 4416 cum
1073 4358 1348 4430 paululum
1377 4356 1508 4411 mihi
1535 4354 1818 4411 inﬁrmitas
1841 4368 2034 4424 corpo-

441 4458 519 4514 ris
542 4455 845 4522 accidisset,
867 4469 974 4509 non
1003 4468 1089 4507 me
1119 4449 1432 4520 inquietavit
1449 4455 1623 4504 vestra
1651 4446 1912 4512 absentia,
1938 4445 2033 4501 sed

442 4561 667 4604 securus
691 4545 758 4602 de
786 4545 936 4602 vobis
961 4540 1323 4614 aegrotationis
1349 4554 1484 4594 meae
1511 4538 1816 4608 exspectavi
1844 4536 2031 4593 mede-

446 4639 576 4695 lam.
603 4639 724 4694 Non
751 4639 886 4694 enim
919 4653 1049 4708 opus
1075 4636 1258 4691 habent
1283 4632 1394 4688 sani
1420 4632 1644 4696 medico,
1671 4629 1760 4686 sed
1784 4631 1872 4702 qui
1899 4630 2032 4684 male

445 4729 668 4798 habent(
693 4728 881 4783 Matth.
913 4728 966 4783 9.
996 4727 1110 4797 η).
1139 4725 1272 4780 Nam
1297 4733 1352 4779 et
1377 4723 1420 4777 si
1454 4721 1657 4776 tardavi
1689 4735 1976 4790 parumper
1999 4735 2029 4774 a

445 4817 620 4883 vobis,
645 4831 752 4871 non
782 4817 884 4872 hoc
912 4817 978 4870 ad
998 4816 1378 4870 detrimentum
1404 4811 1589 4876 vestri,
1612 4811 1704 4866 sed
1725 4811 1790 4866 ad
1819 4810 2030 4868 divitias

446 4917 575 4977 puto
605 4906 863 4975 proﬁcere
887 4915 1092 4961 vestras
1116 4922 1130 4958 :
1153 4919 1274 4974 quae
1299 4902 1439 4959 enim
1468 4917 1564 4972 per
1593 4918 1700 4971 me,
1726 4905 1833 4960 imo
1861 4907 2030 4976 magis

448 5015 544 5069 per
565 4998 790 5069 gratiam
819 4997 912 5052 Dei
939 5006 1181 5050 correcta
1211 5003 1356 5060 sunt,
1387 5003 1564 5049 vestra
1589 5010 1785 5052 corona
1811 5007 1912 5066 est,
1939 5014 2031 5054 ve-

445 5096 557 5145 ster
578 5085 846 5158 profectus
873 5096 976 5142 est.
998 5086 1070 5140 Et
1095 5085 1218 5139 ideo
1241 5084 1448 5154 gaudeo
1471 5093 1527 5141 et
1555 5087 1803 5159 tripudio,
1827 5099 1882 5146 et
1901 5099 2031 5147 tam-

445 5193 608 5249 quam
634 5177 860 5232 volitare
883 5190 971 5232 me
1009 5174 1174 5232 credo
1193 5215 1210 5240 ,
1231 5180 1287 5230 et
1307 5173 1485 5245 gaudii
1514 5175 1670 5248 hujus
1709 5181 2028 5252 magnitudi-

449 5283 570 5324 nem
601 5266 750 5322 effari
781 5281 888 5321 non
937 5282 1096 5336 queo.
1132 5265 1275 5334 Quid
1319 5280 1449 5338 ergo
1495 5269 1724 5331 faciam?
1757 5275 2028 5346 quomodo

445 5359 692 5416 indicabo
727 5358 1132 5413 exsultationem
1160 5357 1351 5409 mentis
1381 5357 1548 5413 mete?
1575 5355 1633 5413 ln
1665 5362 2024 5418 testimonium

445 5465 580 5506 voco
594 5449 974 5504 conscientiam
998 5455 1251 5513 vestram,
1273 5448 1520 5516 quoniam
1539 5449 1696 5506 video
1711 5466 1777 5506 ex
1797 5452 2027 5509 adventu

448 5557 569 5596 meo
596 5537 788 5609 gaudio
814 5552 934 5593 esse
963 5538 1214 5608 repletam
1244 5539 1418 5609 :quod
1447 5541 1716 5611 gaudium,
1747 5558 1943 5599 corona
1971 5555 2027 5601 ct

449 5631 562 5685 laus
588 5644 706 5684 mea
731 5637 834 5682 est.
862 5625 918 5683 Si
956 5628 1096 5683 enim
1127 5644 1241 5684 mea
1271 5630 1424 5685 unius
1452 5633 1549 5687 viri
1594 5635 1874 5703 praesentia
1905 5646 2024 5692 tan-

451 5729 556 5774 tam
596 5718 804 5785 plebem
833 5718 922 5772 tali
948 5718 1172 5788 replevit
1201 5720 1466 5792 voluptate
1494 5741 1505 5776 :
1530 5732 1784 5796 quantum
1827 5727 2040 5804 putatis.

511 5830 580 5892 (Α)
609 5839 737 5879 Anno
759 5831 866 5881 illi.

2157 1041 2288 1098 mihi
2317 1059 2381 1100 ex
2406 1047 2609 1104 visione
2631 1058 2807 1106 vestra
2832 1051 3080 1122 gaudium
3105 1052 3468 1110 cumulatum?
3497 1053 3566 1110 Et
3583 1053 3763 1110 Jacob

2154 1132 2371 1202 quidem
2398 1152 2560 1192 unum
2600 1139 2766 1194 ﬁlium
2793 1141 2984 1197 videns
3011 1141 3230 1213 Josepb,
3261 1144 3524 1214 gaudebat
3549 1159 3726 1199 senex
3743 1187 3759 1208 ,

2153 1233 2209 1278 et
2246 1226 2586 1284 recreabatur
2613 1231 2798 1301 spiritu
2829 1249 2842 1287 :
2869 1247 2968 1303 ego
2991 1242 3169 1289 autem
3197 1249 3301 1289 non
3327 1251 3491 1290 unum
3521 1235 3759 1304 Josepb,

2151 1315 2247 1370 sed
2277 1333 2466 1376 omnes
2492 1335 2589 1377 vos
2607 1322 2685 1377 illi
2711 1323 2912 1380 similes
2935 1325 3090 1380 video
3115 1332 3170 1380 et
3194 1327 3419 1397 gaudeo,
3442 1328 3565 1398 quia
3589 1343 3754 1397 para-

2151 1407 2326 1464 disum
2373 1427 2551 1468 meum
2589 1416 2767 1486 recepi
2812 1416 2903 1472 illo
2943 1417 3198 1474 Paradiso
3243 1421 3520 1475 meliorem
3553 1439 3566 1473 :
3594 1429 3650 1476 et
3675 1421 3756 1474 ibi

2151 1502 2363 1570 quidem
2409 1519 2632 1576 serpens
2681 1517 2796 1565 erat
2835 1509 3125 1579 insidians,
3158 1513 3244 1568 hic
3287 1524 3461 1570 autem
3499 1513 3756 1570 Christus

2151 1597 2404 1666 mysteria
2433 1598 2714 1654 celebrans
2744 1617 2757 1652 :
2789 1601 2860 1656 ibi
2891 1602 3032 1657 lleva
3061 1612 3176 1658 erat
3203 1603 3499 1673 seducens,
3533 1605 3622 1661 hic
3643 1622 3755 1661 au-

2152 1693 2258 1740 tem
2303 1696 2385 1742 est
2421 1702 2686 1746 coronans
2719 1691 2960 1748 Ecclesia
2991 1711 3006 1748 :
3034 1693 3104 1748 ibi
3149 1693 3316 1749 Adam
3345 1695 3706 1752 seducebatur
3729 1738 3749 1764 ,

2151 1779 2238 1836 hic
2262 1790 2438 1838 autem
2466 1785 2692 1856 populus
2710 1785 2948 1842 adhaeret
2978 1787 3086 1842 Deo
3111 1805 3124 1841 :
3151 1787 3220 1842 ibi
3251 1789 3470 1844 arbores
3490 1789 3749 1857 diversa),

2149 1869 2236 1927 hic
2250 1881 2428 1929 autem
2448 1875 2762 1934 donationes
2781 1879 2942 1933 varia:
2967 1897 2980 1934 :
3004 1879 3056 1934 in
3085 1879 3339 1936 Paradiso
3359 1881 3577 1938 arbores
3595 1897 3750 1936 mar-

2147 1972 2425 2022 cescentes
2445 2006 2462 2033 ,
2492 1966 2546 2022 in
2573 1967 2802 2024 ecclesia
2840 1969 3064 2026 arbores
3098 1969 3480 2028 fructiﬁcantes
3507 1989 3521 2026 :
3551 1974 3604 2028 in
3651 1973 3753 2028 illo

2147 2053 2401 2110 Paradiso
2429 2058 2842 2130 unumquodque
2867 2076 3034 2131 genus
3061 2062 3312 2116 sementis
3338 2062 3390 2116 in
3418 2078 3517 2119 suo
3545 2079 3744 2134 perse-

2146 2156 2296 2203 verat
2335 2157 2475 2205 statu
2495 2190 2512 2219 ,
2544 2151 2596 2207 in
2622 2152 2728 2208 isto
2754 2168 2885 2209 vero
2912 2155 3161 2225 paradiso
3183 2157 3228 2210 si
3256 2155 3516 2213 invenero
3553 2159 3749 2214 labru-

2147 2252 2316 2307 scam,
2348 2241 2510 2297 vitem
2535 2242 2754 2300 uberem
2784 2243 3013 2300 efﬁciam
3039 2263 3051 2300 :
3075 2246 3120 2301 si
3152 2246 3405 2303 invenero
3427 2248 3745 2312 oleastrum,

2145 2345 2326 2387 veram
2376 2333 2571 2390 olivam
2609 2335 2874 2392 efﬁciam:
2907 2338 3026 2392 talis
3049 2339 3245 2394 etenim
3276 2348 3360 2395 est
3385 2349 3540 2395 terra:
3581 2339 3746 2396 istius

2145 2434 2356 2480 natura.
2383 2426 2609 2498 Propter
2633 2427 2750 2485 haec
2775 2429 3002 2502 gaudeo,
3036 2431 3388 2500 prmtermitto
3415 2431 3745 2488 satisfactio-

2146 2531 2269 2572 nem
2297 2535 2312 2572 :
2337 2518 2606 2588 quomodo
2632 2535 2762 2576 vero
2793 2536 2892 2577 vos
2927 2521 3148 2577 abduxit
3175 2523 3308 2577 tanti
3335 2524 3590 2593 temporis
3617 2523 3743 2580 lon-

2141 2608 2354 2678 gitudo,
2384 2611 2634 2681 suscipite
2662 2612 3078 2669 satisfactionem
3111 2629 3283 2669 meam
3309 2655 3324 2679 ,
3355 2616 3639 2670 carissimi.
3675 2616 3738 2672 Si

2143 2713 2360 2755 servum
2405 2701 2599 2758 alicubi
2653 2702 2894 2775 dirigatis
2942 2719 3048 2758 non
3092 2713 3448 2760 revertentem
3479 2747 3493 2771 ,
3521 2707 3743 2777 exigitis

2142 2805 2330 2847 causas
2353 2793 2440 2848 ubi
2467 2803 2706 2850 moratus
2730 2795 2819 2862 sit,
2848 2795 2936 2850 ubi
2956 2803 3161 2850 tantum
3191 2796 3506 2866 expenderit
3531 2807 3744 2868 tempo-

2141 2885 2217 2940 ris
2242 2903 2255 2940 :
2279 2893 2335 2940 et
2358 2901 2458 2957 ego
2483 2901 2670 2942 servus
2698 2902 2816 2942 sum
2845 2896 3036 2944 vestrae
3063 2889 3299 2944 caritatis
3323 2907 3337 2942 :
3359 2891 3562 2945 emistis
3590 2893 3740 2948 enim

2141 2992 2258 3043 me,
2285 2993 2389 3032 non
2421 2981 2694 3047 pecuniam
2727 2981 3070 3036 conﬁcientes
3089 3023 3102 3043 ,
3125 2981 3218 3037 sed
3245 2985 3518 3038 caritatem
3548 2995 3743 3040 osten-

2139 3068 2348 3124 dentes.
2370 3070 2590 3126 Gaudeo
2619 3071 2815 3142 quippe
2860 3071 2950 3126 tali
2991 3073 3209 3127 servitio
3237 3074 3568 3145 titancipatus
3589 3118 3603 3139 .
3632 3091 3740 3131 nec

2139 3175 2388 3230 umquam
2433 3160 2534 3216 hoc
2577 3161 2832 3218 famulatu
2877 3173 3003 3232 Oplo
3034 3179 3118 3218 mc
3145 3163 3319 3217 solvi:
3353 3165 3550 3220 etenim
3591 3166 3740 3222 istud

2137 3250 2412 3306 servitium
2457 3251 2585 3306 tnihi
2625 3252 2873 3308 libertate
2907 3253 3238 3324 elegantius:
3272 3254 3410 3309 istud
3453 3256 3739 3313 servitium

2139 3342 2191 3396 in
2224 3341 2356 3397 illud
2384 3341 2614 3397 tribunal
2642 3342 2851 3397 beatum
2873 3344 3155 3398 collocavit
3177 3345 3306 3398 mihi
3334 3345 3516 3401 sedem
3547 3362 3563 3401 :
3588 3347 3736 3404 istud

2137 3431 2412 3488 servitium
2433 3448 2538 3488 non
2559 3441 2640 3489 est
2658 3434 3012 3500 necessitatis,
3024 3435 3116 3490 sed
3131 3436 3570 3504 voluntatisQnis
3585 3439 3737 3494 enim

2138 3540 2244 3580 non
2293 3525 2642 3583 libentissime
2669 3527 2868 3583 serviat
2907 3526 3177 3583 dilectioni
3224 3539 3414 3584 vestras
3436 3572 3450 3596 ,
3485 3539 3590 3585 tam
3618 3533 3738 3587 ele-

2134 3617 2463 3687 gantissimis
2485 3618 2851 3673 amatoribus?
2875 3618 3027 3686 Quod
3056 3619 3156 3674 etsi
3185 3619 3444 3689 lapideam
3476 3621 3734 3678 haberem

2135 3708 2392 3776 animam,
2417 3723 2538 3764 cera
2565 3707 2824 3765 fecissetis
2849 3709 3308 3778 molliorem.Quid
3326 3711 3499 3767 dicam
3519 3713 3737 3770 deside-

2136 3797 2218 3851 rio
2235 3806 2434 3867 vestro,
2457 3808 2511 3853 et
2529 3797 2722 3866 favori,
2739 3815 2900 3870 quem
2918 3799 3167 3856 hesterna
3187 3802 3498 3858 ostendistis
3521 3802 3608 3859 die
3629 3803 3732 3875 (a),

2136 3887 2404 3957 quomodo
2435 3903 2594 3943 voces
2639 3900 2832 3945 vestra:
2874 3906 2994 3946 cum
3037 3889 3232 3961 gaudio
3259 3891 3447 3946 caelum
3480 3905 3733 3962 penetra-

2135 3979 2292 4032 runt?
2324 3977 2499 4049 lpsum
2541 3979 2935 4036 sanctiﬁcantes
2961 3996 3140 4036 acrem
3165 4023 3180 4049 ,
3211 3982 3482 4038 civitatem
3527 3984 3733 4040 fecistis

2137 4068 2468 4123 Ecclesiam:
2501 4068 2801 4124 honorabar
2841 4085 2976 4140 ego,
3003 4081 3058 4126 et
3105 4072 3244 4127 Deus
3288 4074 3727 4145 gloriﬁcabatur:

2137 4158 2374 4214 hmretici
2403 4158 2884 4222 confundebantur.
2908 4162 3148 4218 Ecclesia
3175 4179 3303 4220 vero
3331 4167 3686 4222 coronabatur
3709 4188 3726 4222 :

2135 4250 2258 4321 quia
2288 4266 2476 4323 magna
2506 4252 2687 4306 laetitia
2715 4261 2797 4307 est
2823 4255 3015 4321 matri,
3043 4270 3163 4310 cum
3205 4259 3473 4312 exsultant
3506 4259 3597 4313 ﬁlii
3629 4278 3644 4311 :
3671 4271 3729 4315 et

2135 4341 2335 4412 grande
2375 4343 2624 4414 gaudium
2664 4345 2862 4413 pastori
2887 4386 2902 4414 ,
2934 4361 3055 4400 cum
3083 4346 3348 4402 exsultant
3377 4349 3496 4418 agni
3525 4349 3724 4420 gregis.

2136 4435 2270 4491 Veni
2298 4436 2363 4491 ad
2388 4436 2575 4507 gaudia
2606 4436 2859 4491 virtutum
2885 4445 3180 4493 vestrarum
3202 4481 3216 4505 ,
3247 4439 3425 4493 audivi
3453 4441 3574 4510 quia
3601 4455 3725 4495 cum

2137 4527 2401 4584 haereticis
2448 4527 2717 4584 colluctati
2758 4529 2888 4584 estis
2911 4571 2927 4597 ,
2959 4537 3014 4584 et
3041 4530 3165 4600 quia
3195 4531 3373 4599 inique
3398 4541 3621 4601 egerunt
3671 4533 3726 4587 in

2136 4619 2400 4690 baptismo
2421 4661 2436 4684 ,
2471 4620 2836 4692 redarguistis.
2862 4619 3126 4691 Numquid
3168 4623 3434 4675 incassum
3477 4621 3723 4678 dicebam

2134 4711 2384 4780 quoniam
2428 4722 2574 4766 casta
2601 4725 2735 4766 uxor
2774 4710 2997 4766 absente
3037 4711 3150 4764 viro
3175 4710 3384 4779 repellit
3411 4709 3681 4766 adulteros
3707 4755 3724 4778 ,

2135 4801 2355 4856 absente
2380 4809 2594 4872 pastore
2622 4801 2784 4872 abigit
2807 4801 2961 4870 lupos
2982 4841 2999 4869 ,
3029 4801 3143 4855 sine
3168 4801 3519 4870 gubernatore
3545 4811 3726 4858 nauta:

2133 4893 2469 4949 salvaverunt
2497 4908 2707 4956 navem,
2730 4895 2846 4949 sine
2870 4893 3006 4948 duce
3025 4893 3221 4948 milites
3239 4893 3514 4948 victoriam
3537 4909 3728 4963 repor-

2135 4996 2401 5052 taverunt,
2428 4987 2544 5041 sine
2568 4986 2789 5040 doetorc
2813 4985 3056 5055 discipuli
3089 4984 3449 5056 profecerunt,
3479 4986 3597 5042 sine
3621 5002 3717 5056 pa.

2133 5088 2214 5136 tre
2241 5078 2332 5134 ﬁlii
2361 5077 2594 5135 roborati
2622 5079 2788 5134 sunt?
2812 5078 2924 5133 lmo
2950 5079 3116 5148 magis
3143 5093 3248 5133 non
3277 5079 3391 5134 sine
3418 5087 3600 5148 patre:
3627 5095 3722 5134 vc-

2133 5179 2246 5226 ster
2271 5171 2412 5226 enim
2441 5169 2711 5242 profectus
2727 5186 2901 5224 meum
2920 5169 3190 5242 gaudium,
3209 5178 3384 5224 vestra
3405 5168 3725 5239 gloriﬁcatio

2133 5277 2250 5318 mea
2291 5277 2488 5318 corona
2517 5270 2618 5318 est.
2650 5261 2756 5318 Sed
2783 5261 3238 5325 desiderabamus,
3271 5260 3488 5330 inquitis
3509 5301 3523 5326 ,
3545 5269 3723 5315 tecum

2132 5355 2306 5411 facere
2329 5355 2552 5410 Pascha.
2571 5353 2848 5410 Satisfacio
2864 5352 3135 5409 dilectioni
3155 5359 3363 5417 vestrae,
3388 5351 3583 5422 quippe
3600 5365 3665 5406 cu
3675 5368 3726 5406 m

2126 5447 2235 5516 jam
2275 5447 2599 5503 iracundiam
2628 5453 2807 5501 vestro
2847 5443 3198 5500 dissolveritis
3233 5452 3472 5512 aspectu.
3512 5441 3651 5496 Nam
3676 5443 3720 5496 si

2132 5548 2283 5609 pater
2313 5538 2589 5609 prodigum
2621 5537 2917 5606 suscipiens
2944 5535 3107 5589 ﬁlium
3138 5535 3314 5588 statim
3336 5533 3720 5587 reconciliavit.

2131 5645 2306 5701 neque
2347 5645 2533 5700 poenas
2561 5629 2719 5699 exigit
2752 5627 2820 5681 ab
2849 5641 2914 5683 eo
2934 5669 2948 5694 ,
2981 5624 3074 5681 sed
3123 5624 3263 5678 illico
3292 5624 3567 5692 amplexus
3597 5634 3716 5678 est:

2132 5723 2301 5777 multo
2343 5722 2510 5791 magis
2568 5721 2659 5775 ﬁlii
2715 5729 2916 5790 patrem
2969 5717 3338 5787 suscipientes.
3386 5714 3490 5771 Sed
3546 5726 3724 5769 tamen

2193 5837 2266 5898 (a)
2290 5835 2523 5885 Postridie
2546 5847 2690 5898 quam
2712 5835 2944 5892 redierat,
2971 5831 3094 5880 hanc
3117 5833 3384 5880 orationem
3417 5827 3604 5878 habuit.
