4036 6458
334 401 439 454 ,ηδ

333 527 383 567 et
415 511 484 567 ad
521 515 638 570 hoc
668 515 980 588 respondeo
1010 533 1022 568 :
1055 513 1256 568 Pascha
1289 527 1496 567 mecum
1540 512 1592 566 in
1621 510 1758 568 votis
1786 508 1960 566 facere

335 607 670 673 habebatis,
705 623 869 664 nemo
909 607 1154 678 prohibet
1194 605 1353 661 hodie
1397 622 1492 662 vos
1535 620 1743 660 mecum
1787 606 1960 661 facere

335 697 545 755 Pascha
579 714 597 751 :
631 700 742 755 sed
789 699 1006 754 forsitan
1051 699 1236 753 dicetis
1259 739 1271 761 ,
1301 696 1566 767 Numquid
1605 697 1713 752 duo
1755 696 1959 751 Pascha

331 789 527 843 facturi
557 791 808 846 sumus?
827 789 962 856 Non,
986 789 1077 843 sed
1107 805 1286 854 unum,
1311 798 1364 844 et
1385 790 1555 859 ipsum
1579 787 1955 858 multipliciter.

330 877 485 935 Sicut
509 881 675 935 enim
708 896 924 951 semper
950 879 1031 935 sol
1058 880 1292 934 exoritur
1312 922 1328 947 ,
1351 888 1407 935 et
1433 895 1537 934 non
1569 879 1794 934 dicimus
1821 879 1958 932 mul-

335 980 420 1025 tos
448 971 634 1039 soles,
667 972 771 1028 scd
813 981 899 1028 est
938 970 1016 1026 sol
1045 971 1280 1041 quotidie
1305 971 1522 1027 oriens:
1551 971 1628 1025 sic
1665 977 1718 1024 et
1753 968 1957 1025 Pascha

329 1075 556 1131 semper
605 1072 1060 1128 consummatur,
1092 1070 1148 1117 et
1191 1077 1312 1116 cum
1357 1076 1569 1130 semper
1617 1061 1954 1128 celebretur,

332 1169 502 1210 unum
535 1163 629 1210 est
658 1153 1018 1210 solemnitatis
1043 1163 1259 1209 nostrae.
1287 1152 1590 1209 Judaeorum
1622 1153 1824 1208 similes
1851 1168 1954 1207 non

327 1260 547 1312 sumus,
579 1261 706 1300 non
732 1245 996 1300 servimus
1020 1244 1135 1300 loco
1161 1287 1175 1309 ,
1207 1259 1304 1300 nec
1331 1244 1528 1300 subditi
1555 1259 1737 1298 sumus
1767 1258 1954 1298 neces-

329 1338 476 1392 sitati
502 1338 809 1410 temporis,
829 1337 1092 1393 dominica
1118 1351 1248 1392 voce
1274 1336 1486 1391 ﬁrmati.
1515 1336 1952 1406 Quotiescumque,

329 1428 511 1500 inquit
537 1472 557 1498 ,
593 1431 1032 1485 manducaveritis
1059 1447 1240 1500 panem
1267 1429 1418 1484 istum
1441 1472 1456 1496 ,
1487 1439 1533 1483 et
1564 1428 1696 1482 hunc
1736 1427 1956 1483 biberitis

330 1521 572 1585 calicem,
603 1533 827 1576 mortem
855 1519 1060 1574 Domini
1083 1519 1442 1574 annuntiabitis
1476 1520 1550 1591 (l.
1585 1519 1700 1574 Cor.
1727 1520 1810 1573 ll.
1836 1518 1952 1588 26).

331 1611 751 1665 Annuntiamus
777 1626 1009 1680 namque
1035 1611 1196 1665 hodie
1216 1619 1438 1665 mortem
1465 1609 1680 1665 Christi.
1703 1609 1808 1666 Sed
1831 1620 1958 1665 tunc

333 1700 561 1773 quidem
598 1701 872 1757 festivitas
898 1719 911 1754 :
941 1710 996 1757 et
1025 1702 1182 1757 hodie
1211 1701 1487 1758 festivitas.
1516 1702 1614 1758 Ubi
1645 1703 1786 1756 enim
1813 1703 1949 1757 eari-

333 1803 415 1848 tas
455 1794 677 1864 gaudet
700 1836 714 1861 ,
741 1794 809 1848 ibi
838 1805 921 1849 est
951 1792 1206 1849 feSIivitas
1237 1812 1250 1848 :
1282 1802 1336 1848 et
1365 1793 1451 1848 ubi
1497 1794 1671 1862 recepi
1715 1793 1955 1849 ltetantcs

332 1885 475 1939 filios
500 1926 518 1950 ,
547 1888 852 1941 maximam
896 1885 1115 1941 celebro
1151 1884 1518 1940 festivitatem.
1542 1885 1751 1940 Etenim
1783 1895 1836 1940 et
1867 1886 1953 1940 illa

333 1975 608 2030 festivitas
642 1977 842 2033 caritas
862 1986 962 2031 est.
994 1975 1084 2031 Sic
1109 1977 1263 2044 enim,
1291 1976 1461 2046 inquit
1489 1977 1784 2046 apostolus,
1817 1976 1955 2032 Deus

337 2065 521 2120 dilexit
554 2068 814 2120 mundum
835 2107 849 2132 ,
879 2077 933 2121 ut
961 2067 1155 2122 Filium
1182 2085 1330 2123 suum
1354 2068 1665 2140 unigenitum
1693 2069 1834 2123 daret
1861 2087 1954 2139 pro

335 2173 391 2210 eo
421 2156 617 2230 (Joan.
650 2158 708 2213 5.
739 2156 847 2227 16).
878 2158 983 2213 Sed
1011 2158 1187 2225 multi,
1217 2159 1498 2229 inquiunt,
1527 2169 1578 2214 te
1603 2159 1824 2214 absente
1856 2161 1950 2215 ba-

336 2247 527 2314 ptizati
570 2259 725 2303 sunt.
757 2248 824 2303 Et
852 2247 978 2320 quid
1009 2249 1162 2304 tum?
1189 2249 1327 2304 Nihil
1353 2250 1527 2304 minus
1558 2251 1714 2306 habet
1743 2252 1908 2322 gratia
1935 2295 1949 2320 ,

337 2353 443 2392 non
474 2339 755 2394 claudicat
781 2340 978 2395 donum
1009 2341 1099 2395 Dei
1125 2355 1139 2406 ;
1172 2349 1432 2412 prtesente
1461 2358 1546 2396 me
1571 2343 1816 2412 baptizati
1847 2360 1951 2399 non

337 2438 465 2484 sunt
489 2473 505 2497 ,
540 2431 646 2486 sed
689 2443 951 2501 prasente
991 2432 1202 2487 Christo
1231 2442 1356 2488 sunt
1386 2433 1652 2505 baptizati.
1687 2434 1952 2506 Numquid

340 2521 506 2578 homo
535 2533 628 2579 est
654 2526 742 2594 qui
774 2524 1036 2594 baptizat?
1063 2525 1234 2580 [lomo
1258 2525 1532 2581 dexteram
1568 2527 1827 2597 porrigit,
1856 2528 1952 2583 sed

341 2615 484 2670 Deus
512 2633 738 2671 manum
763 2619 1040 2687 gubernat.
1070 2618 1184 2673 Noli
1216 2618 1283 2673 de
1306 2620 1472 2690 gratia
1494 2620 1756 2687 dubitare,
1781 2620 1951 2676 caris-

342 2707 502 2774 sime,
533 2708 664 2777 quia
695 2709 892 2761 donum
922 2709 1016 2764 Dei
1045 2720 1146 2764 est.
1173 2710 1400 2765 Attende
1421 2710 1701 2780 diligenter
1726 2727 1844 2781 qua:
1873 2711 1953 2766 di-

345 2807 549 2852 cuntur
569 2841 585 2864 ,
615 2799 663 2853 si
692 2797 830 2853 forte
857 2801 1032 2870 aliqua
1060 2799 1126 2854 de
1153 2815 1312 2856 causa
1353 2816 1502 2856 sacra
1532 2798 1608 2874 (η)
1637 2802 1950 2871 explicanda

349 2897 469 2954 est,
499 2905 630 2944 eum
671 2888 924 2945 obtuleris
957 2906 1139 2960 preces
1161 2934 1175 2958 ,
1204 2899 1260 2947 et
1296 2893 1649 2962 subscriptam
1680 2895 1950 2963 acceperis

345 2994 561 3036 sacram
588 3024 604 3047 ,
638 2997 741 3037 non
771 2983 1000 3053 requiris
1028 2985 1166 3054 quali
1199 2985 1405 3040 calamo
1433 2987 1807 3058 subscripserit
1828 3004 1948 3056 rex,

347 3087 523 3141 neque
553 3074 606 3128 in
637 3073 778 3144 quali
805 3073 1008 3140 charta,
1040 3091 1212 3147 neque
1239 3079 1400 3147 quali,
1431 3094 1602 3148 quove
1628 3090 1946 3147 atramento,

347 3163 439 3216 sed
474 3180 646 3219 unum
691 3165 1026 3221 solummodo
1063 3169 1259 3238 quaeris
1279 3210 1293 3234 ,
1320 3169 1364 3223 si
1404 3185 1497 3226 rex
1528 3171 1905 3241 subscripserit
1934 3191 1946 3227 :

348 3254 426 3308 sic
454 3264 511 3308 et
540 3257 592 3310 in
625 3256 909 3326 baptismo,
941 3257 1146 3326 charta,
1177 3261 1499 3316 conscientia
1522 3273 1604 3316 est
1633 3283 1645 3316 :
1675 3265 1910 3319 calamus
1932 3307 1944 3330 ,

351 3345 530 3416 lingua
568 3348 863 3403 sacerdotis
890 3367 900 3402 :
926 3365 1113 3406 manus
1139 3393 1152 3416 ,
1181 3352 1349 3421 gratia
1390 3362 1472 3408 est
1499 3353 1727 3423 Spiritus
1756 3358 1943 3411 sancti.

351 3436 478 3493 Sive
519 3454 650 3510 ergo
681 3455 774 3510 per
801 3456 886 3496 me
907 3483 920 3506 ,
945 3443 1057 3498 sive
1085 3458 1178 3512 per
1204 3445 1350 3498 illum
1391 3447 1478 3516 qui
1509 3445 1686 3502 officio
1713 3447 1950 3520 fungitur

351 3529 649 3585 sacerdotis
672 3573 688 3598 ,
716 3531 828 3601 ipsa
871 3548 1061 3588 manus
1087 3535 1302 3601 scribit,
1331 3551 1428 3592 nos
1456 3539 1681 3593 ministri
1718 3557 1902 3597 sumus
1931 3584 1945 3608 ,

355 3631 458 3672 non
490 3630 759 3676 auctores.
781 3621 848 3676 Et
864 3623 1060 3678 Paulus
1082 3626 1325 3681 minister
1339 3637 1454 3683 est:
1476 3629 1565 3684 Sic
1584 3631 1734 3695 enim,
1756 3633 1944 3700 inquit,

355 3711 563 3765 estimet
608 3729 700 3766 nos
747 3713 896 3768 homo
935 3725 1188 3787 tamquam
1219 3719 1478 3774 ministros
1505 3721 1690 3776 Clu-isti
1718 3763 1732 3785 ,
1765 3734 1810 3777 et
1839 3725 1946 3778 dis-

359 3814 651 3869 pensatores
696 3811 1048 3875 mysteriorum
1074 3808 1174 3862 Dei
1199 3809 1275 3878 (l.
1303 3808 1422 3865 Cor.
1445 3813 1496 3866 4.
1524 3813 1599 3881 1).
1635 3812 1772 3878 Quid
1815 3816 1948 3869 enim

361 3889 512 3946 habes
534 3935 550 3959 ,
579 3894 715 3964 quod
763 3911 866 3949 non
910 3899 1148 3966 accepisti
1176 3899 1225 3971 (1
1233 3899 1278 3953 b.
1309 3917 1354 3956 υ.
1383 3902 1461 3972 7).
1489 3901 1546 3958 Si
1570 3904 1694 3973 quid
1738 3905 1910 3961 habeo
1939 3949 1954 3972 ,

361 3985 538 4052 accepi
560 4002 573 4036 :
595 3986 639 4038 si
666 3997 841 4040 autem
866 3989 1066 4058 accepi,
1092 4005 1195 4045 nou
1227 4009 1428 4059 meum,
1454 3993 1545 4048 sed
1565 3995 1680 4064 ejus
1697 3998 1784 4066 qui
1811 3997 1958 4053 dedit

364 4069 559 4127 donum
587 4083 690 4128 est.
713 4075 826 4129 Noli
849 4092 976 4147 ergo
997 4078 1258 4148 dubitare,
1281 4083 1556 4139 carissime
1581 4103 1593 4137 :
1618 4087 1785 4156 gratia
1811 4089 1954 4143 enim

365 4160 454 4216 Dei
486 4164 719 4232 perfecta
749 4175 849 4222 est.
878 4167 1049 4223 Locus
1078 4185 1182 4226 non
1210 4172 1492 4242 prohibet,
1525 4177 1640 4232 sive
1669 4177 1755 4232 hic
1780 4178 1953 4248 bapti-

365 4255 520 4320 zeris,
545 4258 660 4312 sive
679 4259 730 4311 in
758 4261 900 4326 navi,
925 4261 1038 4316 sive
1066 4263 1118 4318 in
1143 4263 1352 4321 itinere.
1378 4267 1651 4340 Philippus
1674 4271 1958 4340 baptizavit

368 4345 418 4401 in
450 4349 554 4415 via,
582 4349 781 4406 Paulus
809 4353 864 4406 in
893 4354 1136 4423 vinculis,
1163 4357 1406 4414 Christus
1433 4361 1486 4414 in
1506 4377 1664 4416 cruce
1693 4362 1954 4419 latronem

369 4453 429 4492 ex
455 4442 694 4504 vulnere,
714 4452 770 4496 et
798 4445 976 4498 statim
1001 4447 1225 4515 paradisi
1247 4451 1671 4521 meruitjanuam
1692 4468 1952 4510 reserare.

373 4530 595 4601 Propter
620 4534 738 4589 haec
779 4537 984 4605 gaudeo
1013 4548 1066 4593 et
1094 4541 1300 4595 exsulto
1324 4583 1338 4608 ,
1366 4550 1419 4597 et
1443 4545 1711 4600 orationes
1751 4554 1955 4602 vestras

374 4625 693 4694 exigo,cum
742 4627 935 4696 quibus
970 4629 1036 4684 ad
1087 4632 1268 4686 Asiam
1313 4636 1560 4704 perrexi,
1591 4651 1712 4691 cum
1763 4637 1955 4707 quibus

429 4753 501 4815 (ιι)
535 4754 607 4804 sic
650 4757 910 4827 vocabam;
946 4757 1203 4827 imperiale
1246 4761 1494 4824 diploma:
1521 4777 1614 4827 qua
1647 4765 1712 4814 de
1751 4780 1809 4816 re
1845 4767 1955 4816 vide

372 4823 628 4891 utrumque
648 4819 826 4891 Cingii
845 4818 1132 4891 glossarium
1167 4824 1217 4871 in
1252 4818 1390 4884 voce,
1413 4818 1579 4887 sacrit,
1607 4833 1676 4887 et,
1693 4835 1835 4891 Eam.
1874 4831 1957 4878 t—lic

371 4888 537 4938 regem
563 4879 788 4940 intelligo
815 4879 1177 4942 ltiweratorem.

1536 385 1623 440 DE
1665 389 2077 448 ilEClPlENDO
2117 393 2528 453 SEVERIANO.

3544 407 3654 461 4Ξᾶ

2072 525 2317 566 reverSus
2345 527 2460 566 sum
2487 555 2502 581 ,
2535 527 2656 567 cum
2698 514 2889 583 quibus
2935 515 3176 584 pelagum
3203 516 3571 584 tmnsl‘rctavi,
3612 529 3665 575 et

2069 599 2279 669 adjutus
2299 603 2489 657 vestris
2515 603 2844 659 orationibus
2861 603 3084 660 feliciter
3105 607 3340 678 navigavi
3363 625 3376 661 :
3399 624 3498 664 nec
3519 611 3663 664 eriim

2070 691 2245 746 navim
2280 693 2412 747 citra
2457 707 2554 748 vos
2598 695 2868 764 ingressus
2895 710 3011 750 sum
3035 739 3048 763 ,
3081 712 3179 752 nec
3202 700 3342 753 exivi
3369 701 3501 754 citra
3529 716 3624 754 vos
3645 741 3664 764 ,

2068 799 2174 838 non
2203 785 2255 839 in
2287 785 2503 841 civitate
2531 787 2663 842 citra
2692 802 2790 842 vos
2811 827 2826 853 ,
2857 796 2949 842 aut
2989 789 3040 842 in
3067 791 3296 845 ecclesia
3321 792 3438 847 sine
3463 793 3616 847 vobis
3637 832 3655 858 ,

2067 876 2160 930 sed
2191 877 2406 932 avulsus
2450 877 2664 948 quidem
2707 894 2855 934 eram
2908 894 3152 950 corpore,
3186 895 3460 937 connexus
3488 893 3664 938 autem

2066 972 2308 1023 caritate.
2339 967 2597 1024 Videbam
2627 985 2856 1041 namque
2883 971 3176 1026 Ecclesium
3210 982 3440 1028 vestram
3472 1014 3488 1042 ,
3513 985 3567 1030 et
3614 977 3663 1028 in

2068 1058 2274 1129 pelago,
2306 1068 2360 1114 et
2388 1060 2438 1113 in
2465 1060 2819 1115 exsultatione
2843 1061 3156 1130 gaudebant.
3186 1062 3314 1118 Tale
3340 1064 3486 1118 enim
3535 1065 3661 1132 quid

2069 1150 2332 1220 significat
2372 1151 2566 1206 caritas
2591 1194 2604 1217 ,
2635 1167 2754 1222 quia
2794 1152 2963 1206 nescit
2991 1153 3260 1224 angustari
3287 1172 3299 1209 :
3325 1154 3586 1209 intrabain
3612 1156 3667 1210 in

2065 1240 2348 1296 ecclesiam
2369 1284 2382 1308 ,
2413 1241 2689 1296 adstabam
2720 1243 2872 1296 altari
2897 1283 2910 1308 ,
2936 1243 3209 1298 orationes
3251 1244 3536 1300 offerebam
3564 1285 3578 1311 ,
3609 1257 3667 1300 et

2063 1329 2304 1384 dicebam
2336 1349 2350 1386 :
2383 1332 2608 1387 Domine
2636 1376 2651 1400 ,
2680 1347 2937 1389 conserva
2988 1334 3280 1390 Ecclesiatn
3329 1351 3488 1407 quam
3531 1337 3664 1392 mihi

2064 1421 2354 1478 tradidisti.
2383 1424 2494 1495 Ego
2533 1424 2744 1494 quidem
2773 1440 2998 1497 corpore
3041 1426 3238 1482 absens
3264 1443 3420 1496 sum,
3449 1429 3543 1485 sed
3573 1439 3663 1484 tua

2064 1513 2430 1568 misericordia
2459 1529 2697 1585 praesens
2726 1523 2836 1580 est,
2870 1531 2988 1586 qua:
3017 1531 3104 1571 me
3135 1517 3262 1572 illnc
3287 1518 3575 1587 perduxit,
3606 1531 3662 1575 et

2063 1604 2181 1674 plus
2210 1620 2368 1675 quam
2415 1607 2662 1663 merebar
2689 1607 2972 1662 concessit.
3020 1607 3084 1662 Et
3110 1607 3233 1678 quia
3284 1610 3661 1679 amplificavit,

2063 1698 2346 1753 multitudo
2376 1706 2600 1754 testatur
2627 1701 2990 1770 praesentium.
3010 1701 3229 1756 Florcrc
3250 1702 3405 1757 video
3433 1704 3660 1771 vineam,

2062 1800 2117 1846 et
2142 1807 2402 1863 nusquam
2432 1794 2598 1862 spina:
2621 1835 2635 1859 ,
2664 1808 2836 1863 neque
2877 1793 3105 1848 scntium
3137 1793 3242 1847 ulla
3271 1795 3490 1864 vestigia
3518 1812 3531 1848 :
3561 1812 3659 1849 ex-

2062 1883 2263 1938 sultant
2292 1898 2439 1951 oves,
2470 1893 2522 1939 et
2545 1900 2802 1954 nusquam
2830 1883 3003 1953 lupus.
3029 1884 3179 1951 Quod
3209 1885 3252 1938 si
3277 1886 3439 1940 etiam
3466 1887 3661 1942 alicubi

2061 1984 2308 2045 repertus
2346 1976 2542 2044 fuerit,
2566 1975 2904 2041 demutatur,
2941 1984 2995 2030 et
3043 1975 3101 2030 fit
3143 1977 3278 2030 ovis.
3307 1976 3476 2030 Tanta
3519 1979 3662 2032 enim

2060 2076 2237 2123 vestra
2265 2076 2348 2123 est
2372 2067 2504 2123 fides
2533 2076 2589 2122 et
2614 2069 2826 2134 caritas,
2857 2075 2917 2122 ut
2943 2066 3279 2121 aemulatione
3299 2076 3475 2122 vestra
3503 2077 3664 2122 catte-

2059 2173 2152 2214 ros
2182 2159 2505 2228 provocetis.
2533 2159 2652 2228 Ipse
2681 2159 2934 2212 Dominus
2953 2173 3049 2212 vos
3069 2159 3437 2223 conservavit,
3470 2168 3523 2213 et
3551 2161 3663 2229 ipse

2061 2266 2148 2304 me
2176 2249 2403 2315 reduxit,
2423 2257 2474 2303 et
2501 2249 2553 2303 in
2581 2249 2887 2303 infirmitate
2904 2249 3106 2317 positus
3129 2248 3429 2302 orationum
3453 2265 3518 2303 ve
3536 2259 3659 2301 .tra-

2060 2356 2176 2395 rum
2209 2340 2350 2395 sensi
2378 2340 2654 2407 auxilium,
2679 2354 2813 2410 quas
2842 2339 2972 2393 mihi
3003 2339 3241 2410 quotidie
3271 2340 3322 2395 in
3351 2341 3661 2410 suffragium

2061 2431 2287 2501 postulo.
2310 2431 2674 2502 Peregrinatio
2693 2447 2812 2488 mea
2824 2431 3099 2486 coronavit
3121 2431 3386 2487 civitatem
3399 2442 3656 2488 Vestram.

2063 2521 2129 2576 Et
2158 2523 2279 2592 quia
2318 2522 2619 2593 diligebatis
2644 2538 2712 2579 ex
2751 2523 2904 2578 initio
2931 2565 2946 2591 ,
2976 2539 3120 2579 nunc
3147 2526 3395 2580 omnibus
3435 2526 3661 2581 manife-

2059 2622 2201 2667 stum
2227 2625 2325 2669 est.
2352 2615 2440 2670 Sic
2471 2615 2614 2670 enim
2646 2630 2732 2670 me
2765 2617 3041 2672 absentem
3063 2657 3076 2682 ,
3113 2627 3380 2686 tamquam
3423 2634 3661 2687 prmi-n.-

2061 2713 2166 2759 tem
2197 2704 2475 2760 habuistis.
2503 2705 2633 2760 Nam
2658 2707 2708 2760 in
2737 2707 2862 2762 Asia
2883 2723 3002 2762 cum
3031 2723 3205 2763 essem
3227 2708 3294 2762 ad
3317 2710 3659 2781 eorrigendas

2062 2797 2347 2862 Ecclesias,
2375 2799 2498 2854 hinc
2525 2799 2616 2854 illo
2639 2799 2919 2856 venientes
2945 2801 3260 2855 nuntiabant
3285 2803 3459 2869 nobis,
3480 2804 3662 2857 dicet;-

2062 2895 2141 2943 tes
2166 2906 2180 2941 :
2210 2887 2554 2945 lnflammasti
2609 2891 2896 2946 civitatem.
2926 2892 2995 2946 Et
3020 2903 3165 2948 certe
3196 2895 3390 2949 caritas
3423 2906 3660 2967 tempore

2058 2983 2194 3035 solet
2235 2997 2569 3037 marcescere
2594 3026 2606 3048 ,
2633 2993 2808 3039 vestra
2831 2993 3007 3040 autem
3022 2985 3234 3042 dilectio
3259 2989 3495 3058 quotidie
3525 3006 3650 3059 aug-

2057 3073 2414 3128 mentabatur.
2480 3075 2547 3130 Et
2574 3091 2731 3146 quem
2760 3076 2829 3131 ita
2859 3077 3132 3133 absentem
3166 3078 3463 3148 diligebatis
3484 3121 3500 3145 ,
3530 3097 3661 3151 pra:-

2058 3173 2262 3218 scntem
2291 3164 2452 3220 credo
2482 3166 2621 3236 quod
2655 3167 2844 3222 melius
2885 3169 3094 3224 ametis.
3130 3168 3232 3223 Iste
3259 3184 3410 3224 meus
3441 3170 3651 3226 thesau.

2058 3269 2148 3308 rus
2169 3296 2182 3319 ,
2218 3254 2302 3309 hze
2330 3268 2450 3309 sum
2485 3271 2630 3314 mea:
2659 3256 2879 3312 divitiae.
2916 3257 2985 3312 Et
3012 3257 3134 3314 ideo
3159 3268 3364 3315 vestras
3391 3261 3658 3316 orationes

2058 3347 2289 3416 requiro.
2321 3345 2600 3403 Orationes
2647 3357 2838 3402 vestra:
2893 3363 3077 3403 murus
3118 3349 3243 3404 mihi
3284 3358 3338 3404 ct
3384 3351 3656 3407 munimen

2057 3449 2199 3494 sunt.
2225 3439 2342 3494 Noli
2365 3439 2563 3508 dicere,
2585 3439 2697 3510 Ego
2723 3440 3004 3511 languidus
3023 3456 3162 3505 sum,
3186 3442 3452 3511 quomodo
3475 3452 3660 3513 potero

2058 3545 2154 3600 pro
2179 3529 2458 3585 sacerdote
2478 3531 2667 3586 orare?
2687 3531 2822 3586 Audi
2843 3530 3173 3603 Scripturam
3195 3531 3460 3588 dicentem
3488 3552 3501 3588 :
3529 3533 3662 3587 0m-

2058 3623 2127 3675 tio
2167 3631 2337 3676 autem
2390 3621 2541 3691 fiebat
2588 3623 3083 3694 continuaMctJﬂ.
3105 3624 3182 3694 5).
3211 3623 3657 3682 Etecclcsiastiea

2057 3711 2231 3764 oratio
2261 3711 2421 3765 solvit
2447 3711 2656 3766 vincula
2685 3713 2850 3781 Petri,
2879 3723 2933 3769 et
2963 3713 3110 3768 Pauli
3147 3714 3384 3770 dilatavit
3405 3717 3662 3786 praedica-

2059 3799 2216 3854 tionis
2243 3800 2510 3855 fiduciam.
2533 3800 2715 3857 Oratio
2734 3803 3001 3857 caminum
3030 3804 3167 3872 ignis
3186 3806 3461 3873 exstinxit,
3489 3809 3660 3861 oratio

2061 3891 2322 3946 conclusit
2345 3908 2436 3945 ora
2469 3891 2682 3948 leonum
2716 3935 2730 3960 ,
2759 3894 2929 3948 oratio
2958 3894 3276 3950 seditionem
3311 3900 3660 3966 compeSCttit,

2060 3980 2230 4035 oratio
2255 3981 2556 4050 paradisum
2580 3984 2808 4052 aperuit,
2831 3985 3002 4040 oratio
3030 3985 3148 4040 caeli
3180 3986 3423 4041 cardines
3449 4004 3660 4044 resera-

2060 4070 2168 4137 vit,
2201 4071 2373 4125 oratio
2394 4071 2634 4126 sterilem
2665 4072 3006 4142 fecundavit,
3031 4076 3202 4130 oratio
3233 4076 3466 4132 Cornelii
3497 4079 3658 4133 caelos

2059 4163 2378 4232 penetravit,
2408 4163 2579 4217 oratio
2601 4163 2942 4234 publicanum
2959 4166 3288 4235 justificavit.
3310 4167 3438 4224 Tale
3458 4183 3489 4222 a
3511 4170 3659 4223 vobis

2060 4255 2331 4310 munimen
2382 4256 2596 4326 requiro
2621 4298 2636 4320 ,
2693 4257 2852 4311 talem
2900 4259 3124 4328 gratiam
3159 4260 3402 4328 postulo:
3432 4268 3487 4316 et
3515 4261 3659 4316 Deus

2062 4346 2246 4416 gloria:
2273 4347 2571 4418 suscipiens
2591 4349 2862 4404 orationes
2882 4359 3108 4419 vestras,
3137 4351 3230 4406 det
3259 4352 3386 4406 mihi
3420 4353 3471 4407 in
3497 4368 3656 4422 aper-

2062 4439 2206 4494 tione
2229 4441 2338 4494 oris
2364 4440 2468 4496 mei
2495 4455 2797 4497 sermonem
2816 4483 2831 4508 ,
2863 4458 2970 4513 quo
3008 4445 3208 4514 possim
3237 4445 3494 4501 creditum
3527 4446 3656 4501 mihi

2061 4531 2314 4600 populum
2340 4530 2604 4586 instruere
2623 4531 2690 4588 ad
2710 4532 2934 4587 salutem
2961 4549 3056 4604 per
3076 4533 3346 4590 Christum
3373 4536 3656 4590 Dominum

2060 4629 2336 4686 nostrum,
2365 4634 2486 4675 cum
2530 4636 2636 4691 quo
2673 4631 2755 4677 est
2782 4623 2892 4677 Deo
2930 4624 3071 4678 Patri
3115 4639 3236 4678 cum
3283 4625 3484 4696 Spiritu
3531 4641 3657 4678 sau-

2061 4719 2148 4763 cto
2197 4711 2365 4765 honor
2383 4751 2400 4778 ,
2431 4711 2598 4779 gloria
2626 4751 2644 4780 ,
2669 4720 2724 4766 et
2754 4719 2986 4781 potestas
3013 4712 3064 4766 in
3092 4715 3287 4769 sazcula
3314 4718 3656 4772 saeculorum.

2066 4804 2257 4854 Amen.

376 5026 3656 5057 %__d

1447 5129 1558 5188 DE
1604 5130 2082 5197 RECIPIENDO
2126 5136 2605 5198 SEVERIANO.

438 5284 603 5340 Sicuti
631 5287 792 5357 capiti
814 5301 1010 5356 corpus
1059 5289 1333 5347 coha'rere
1361 5296 1718 5350 necessarium
1745 5307 1847 5365 est,
1896 5301 1966 5354 ita

380 5373 668 5431 Ecclesium
695 5379 980 5448 sacerdoti,
1011 5389 1063 5435 et
1088 5383 1311 5453 principi
1345 5387 1596 5454 populum
1628 5405 1642 5441 :
1672 5400 1832 5460 utque
1859 5394 1966 5446 vir—

376 5468 514 5536 gulta
546 5469 835 5536 radicibus,
863 5480 916 5526 et
966 5474 1197 5528 fontibus
1227 5474 1394 5541 ﬂuvii,
1443 5479 1511 5533 ita
1533 5488 1584 5534 et
1611 5481 1702 5535 ﬁlii
1744 5485 1967 5552 patri,et

382 5559 636 5627 magistro
661 5559 932 5631 discipuli.
967 5563 1091 5619 Haec
1119 5575 1298 5620 autem
1343 5583 1449 5622 non
1476 5570 1745 5638 superfluo
1773 5574 1840 5627 ad
1872 5590 1965 5629 ca-

375 5647 581 5702 ritatem
606 5659 836 5704 vestram
860 5654 1061 5720 prmfati
1087 5669 1275 5710 sumus
1304 5674 1317 5710 :
1349 5658 1443 5712 sed
1470 5661 1720 5729 quoniam
1739 5663 1964 5719 dicenda

375 5737 502 5791 mihi
529 5747 655 5794 sunt
675 5740 917 5809 quaedam
945 5745 1084 5813 apud
1113 5761 1228 5812 vos,
1254 5758 1310 5800 ut
1331 5763 1488 5803 nemo
1508 5750 1767 5816 turbetur,
1793 5770 1965 5823 neque

376 5829 611 5885 sermoni
662 5839 850 5886 nostro
896 5835 1072 5906 aliqua
1129 5837 1337 5896 oriatur
1378 5839 1716 5910 interruptio,
1766 5846 1862 5901 sed
1911 5855 1967 5902 ut

2071 5300 2372 5356 obcdientia
2398 5303 2778 5372 discipulorum
2808 5318 3013 5362 crescat
3044 5311 3096 5364 in
3125 5313 3294 5380 vobis,
3323 5323 3377 5368 et
3404 5326 3658 5384 quantum

2071 5392 2317 5447 affectum
2351 5395 2487 5463 patri
2508 5395 2781 5464 deieratis,
2804 5409 3074 5468 appareat.
3105 5402 3377 5458 Adornate
3407 5421 3507 5470 me,
3544 5407 3656 5471 filii,

2070 5491 2124 5536 et
2165 5484 2422 5552 imponite
2473 5484 2604 5539 mihi
2631 5487 2956 5544 obedientiaz'
2977 5501 3170 5546 vestra:
3196 5509 3471 5560 coronam,
3501 5494 3662 5554 facile

2071 5591 2157 5629 me
2185 5575 2325 5646 apud
2348 5591 2535 5632 omnes
2559 5577 2774 5634 beatum
2797 5581 3049 5651 judicari,
3079 5592 3135 5638 et
3155 5585 3452 5641 doctrinam
3485 5604 3659 5644 meant

2069 5671 2408 5742 magnificam
2433 5689 2525 5742 per
2541 5674 2898 5730 obedientiam
2929 5686 3158 5732 vestram
3182 5679 3472 5734 secundum
3531 5697 3661 5751 apo-

2073 5760 2196 5812 stoli
2223 5762 2446 5830 monita,
2486 5763 2749 5819 dicentis:
2787 5766 2993 5822 Obedite
3035 5771 3318 5840 prtrpositis
3369 5773 3562 5833 vestris.
3615 5787 3662 5828 et

2071 5849 2405 5922 obtemperate
2434 5855 2544 5918 eis;
2573 5857 2692 5924 quia
2735 5859 2834 5927 ipsi
2863 5861 3162 5930 pervigilant
3193 5882 3284 5932 pro
3337 5863 3488 5931 vobis,
3519 5870 3662 5933 quasi
