4036 6438
393 373 500 428 123

398 503 488 557 pro
518 479 782 539 animabus
805 478 978 536 uestris
1003 476 1243 531 rationem
1269 470 1514 526 reddituri
1538 466 1724 539 (Hebr.
1747 466 1813 522 15
1829 504 1843 517 .
1862 467 1924 520 17
1945 465 1984 535 ).

398 575 528 631 llzce
553 589 681 645 ergo
719 582 1048 641 praemoneo,
1097 579 1163 619 ne
1187 562 1309 633 quis
1343 558 1617 630 sttperbiat
1667 557 1722 611 in
1753 570 1989 610 commo-

402 667 659 722 nitionem
687 671 948 718 nostram.
999 659 1153 713 Pater
1189 654 1333 709 enim
1381 666 1498 708 sum
1520 692 1536 718 ,
1567 659 1623 705 et
1652 663 1874 704 necesse
1914 657 1999 702 est

403 773 490 815 me
516 759 639 813 ﬁliis
663 755 945 812 consilium
971 749 1197 808 suadere
1223 765 1237 802 :
1270 745 1413 817 quod
1435 745 1578 800 enim
1611 744 1663 798 in
1691 741 1995 798 carnalibus

405 849 646 920 patribus
692 857 881 902 natura
909 841 1104 906 carnis,
1154 838 1258 894 hoc
1287 838 1340 892 in
1371 835 1525 891 nobis
1572 833 1738 905 gratia
1763 831 1995 903 Spiritus

401 941 531 1009 agit.
563 939 718 994 Pater
747 951 885 998 sum,
927 943 980 989 et
1008 939 1160 1002 pater
1189 929 1350 984 nimis
1374 942 1537 998 super
1568 924 1708 980 ﬁlios
1738 935 1993 988 tremens,

403 1030 473 1085 ita
525 1037 582 1084 ut
633 1027 947 1096 sanguinem
998 1037 1178 1079 meum
1218 1035 1316 1090 pro
1344 1019 1494 1074 vobis
1525 1016 1744 1072 fundere
1782 1024 1997 1086 paratus

401 1119 524 1174 sim.
561 1119 624 1172 Et
645 1118 697 1171 in
732 1116 833 1171 hoc
869 1129 978 1170 non
1004 1122 1088 1168 est
1119 1109 1249 1166 mihi
1288 1109 1479 1180 gratia.
1512 1105 1819 1178 Apostolica
1848 1106 1994 1159 enim

402 1209 484 1264 lex
517 1217 620 1275 est,
641 1219 695 1263 et
727 1205 936 1262 Domini
963 1211 1290 1275 praeceptum
1319 1198 1547 1254 dicentis
1577 1214 1592 1252 :
1624 1195 1810 1251 Pastor
1834 1194 1995 1249 bonus

400 1302 624 1356 animant
654 1315 801 1355 suam
846 1298 988 1369 ponit
1033 1312 1125 1367 pro
1167 1294 1338 1349 ovibus
1363 1293 1469 1348 suis
1499 1290 1696 1362 (Joan.
1730 1289 1817 1344 10.
1851 1289 1914 1344 11
1951 1287 1991 1358 ).

403 1390 509 1446 Sed
553 1400 609 1446 et
639 1403 739 1445 vos
781 1389 969 1444 eadem
1011 1386 1169 1442 facite
1200 1399 1297 1454 pro
1345 1382 1499 1438 nobis
1533 1400 1544 1436 :
1575 1381 1735 1436 simili
1766 1394 1995 1448 namque

403 1495 530 1552 erga
562 1495 663 1536 nos
691 1479 923 1536 devincti
943 1479 1072 1534 estis
1097 1476 1311 1531 all‘ectu.
1337 1473 1468 1528 Nam
1491 1482 1543 1528 et
1570 1471 1792 1527 Paulum
1815 1469 1994 1524 audite

405 1571 535 1641 quid
563 1571 714 1626 dicit.
771 1569 1028 1634 Salutate,
1078 1567 1266 1637 inquit,
1315 1563 1609 1618 Priscillam
1654 1571 1700 1615 et
1731 1561 1990 1630 Aquilam,

406 1664 668 1734 adjutores
696 1678 831 1716 meos
850 1663 904 1715 in
942 1660 1160 1724 Christo,
1183 1657 1270 1728 qui
1292 1672 1382 1725 pro
1402 1655 1575 1708 anima
1607 1669 1718 1708 mea
1741 1669 1862 1706 suas
1882 1667 1992 1704 cer-

406 1754 538 1806 uices
559 1760 829 1822 posuerunt
859 1750 878 1822 (
904 1748 1051 1804 Rom.
1077 1747 1161 1802 l6.
1183 1748 1236 1802 5.
1259 1747 1294 1801 4
1314 1745 1355 1817 ).
1381 1745 1527 1800 Sicut
1548 1743 1692 1798 enim
1712 1741 1994 1812 pulchrum

397 1849 490 1896 est
504 1852 767 1912 pauorem
790 1855 886 1910 pro
901 1839 1084 1894 ovibus
1097 1837 1360 1892 immolari
1379 1837 1470 1890 :ita
1488 1849 1694 1889 rursum
1711 1831 1994 1904 pulchrum

405 1939 485 1985 est
524 1940 578 1985 et
621 1943 750 1985 oves
791 1945 822 1984 a
844 1937 1060 2002 pastore
1089 1943 1186 1983 nec
1215 1936 1388 1982 morte
1434 1926 1660 1996 sejungi.
1693 1922 1824 1978 Cum
1852 1925 1994 1979 enim

409 2013 790 2084 inseparabiles
845 2012 1045 2068 fuerint
1088 2011 1156 2066 ab
1183 2026 1286 2074 eo,
1338 2012 1519 2080 lupum
1565 2009 1834 2063 diabolum
1887 2023 1991 2062 non

409 2103 691 2159 timebunt.
722 2103 905 2159 Murus
923 2104 1064 2158 enim
1078 2102 1314 2158 caritatis
1343 2102 1549 2156 ﬁrmior
1573 2109 1657 2156 est
1683 2099 1996 2164 adamante;

396 2191 473 2247 Et
505 2198 662 2265 frater
688 2211 804 2248 eum
847 2195 1123 2265 adjuvatur
1150 2211 1182 2248 a
1210 2198 1388 2267 fratre,
1416 2193 1508 2247 erit
1532 2193 1659 2246 sicut
1684 2193 1858 2246 civitas
1885 2208 1998 2245 ntu-

393 2286 510 2340 nita
533 2297 580 2339 et
604 2287 754 2354 ﬁrma
779 2285 961 2357 (Prov.
991 2288 1077 2342 l8.
1113 2285 1225 2356 19).
1276 2285 1400 2341 llaec
1419 2293 1598 2341 autem
1623 2286 1910 2354 prtemitto,
1940 2292 1997 2339 ut

396 2389 525 2429 cum
570 2377 714 2430 omni
743 2375 956 2441 affectu,
988 2391 1108 2446 quae
1133 2376 1376 2442 dicimus,
1417 2375 1666 2441 audiatis,
1699 2390 1871 2445 neque
1895 2375 1996 2429 sli-

401 2466 525 2536 quis
569 2477 804 2523 vestrum
855 2468 1069 2538 incipiat
1132 2467 1453 2539 perturbari.
1518 2467 1809 2538 Loquimur
1859 2483 1991 2533 rem,

405 2573 563 2629 quam
594 2559 808 2629 dignum
834 2568 918 2614 est
946 2560 1002 2617 in,
1026 2560 1253 2615 ecclesia
1282 2560 1448 2629 loqui,
1481 2569 1534 2615 et
1571 2575 1730 2629 quam
1771 2558 1989 2629 dignunt

402 2659 489 2704 est
514 2649 738 2707 libenter
753 2650 944 2705 audiri.
977 2650 1081 2705 Pro
1101 2665 1229 2720 pace
1261 2650 1524 2720 loquimur
1547 2649 1613 2704 ad
1640 2663 1753 2704 vos.
1785 2650 1850 2704 Et
1871 2649 1996 2719 quid

405 2743 478 2795 ita
504 2741 848 2809 conveniens,
877 2756 1034 2812 quam
1075 2741 1408 2796 sacerdotem
1456 2741 1550 2795 Dei
1583 2755 1768 2811 pacem
1799 2740 1998 2810 populo

407 2834 770 2904 persuadere?
807 2833 1164 2890 Contradictio
1231 2833 1374 2888 nulla
1425 2842 1527 2898 est,
1577 2831 1666 2886 ubi
1707 2842 1758 2888 et
1807 2832 2000 2902 legatio

406 2934 588 2980 sancta
608 2933 664 2980 et
687 2924 890 2995 legatus
913 2934 1162 2994 acceptus
1188 2933 1289 2979 est.
1314 2924 1418 2978 Pro
1440 2939 1569 2994 pace
1591 2923 1878 2992 loquimur,
1905 2936 2000 2991 pro

405 3031 507 3085 qua
538 3013 702 3071 Filius
731 3016 821 3070 Dei
851 3015 1124 3071 descendit
1151 3015 1216 3070 ad
1255 3024 1443 3082 terras,
1483 3025 1538 3069 ut
1569 3012 1874 3085 paciﬁcaret
1905 3027 1995 3082 per

407 3107 719 3177 sanguinem
749 3121 855 3162 non
887 3107 1058 3161 solum
1080 3122 1198 3176 qua:
1224 3106 1277 3160 in
1303 3115 1443 3160 terra
1491 3113 1636 3172 sunt,
1665 3103 1758 3158 sed
1800 3112 1853 3158 et
1881 3118 2000 3174 qure

409 3197 461 3252 in
483 3198 646 3263 caelis,
691 3206 748 3252 et
777 3206 983 3252 terrena
1009 3195 1314 3252 caelestibus
1343 3195 1592 3250 sociaret.
1621 3193 1725 3247 Pro
1762 3207 1892 3262 pare
1923 3193 2000 3245 lo-

405 3286 637 3357 quimur,
669 3301 765 3362 pro
794 3302 895 3356 qua
920 3285 1085 3340 Filius
1130 3286 1220 3341 Dei
1252 3300 1438 3356 passus
1465 3294 1566 3350 est,
1596 3293 1810 3355 propter
1841 3298 1998 3354 quam

407 3377 692 3432 cruciﬁxus
723 3367 830 3432 'est
865 3387 920 3432 et
948 3377 1207 3448 sepultus,
1238 3393 1395 3449 quam
1425 3377 1578 3432 nobis
1603 3392 1697 3447 pro
1731 3377 1875 3432 omni
1903 3375 2000 3430 lte-

409 3468 652 3523 reditatis
687 3484 850 3524 censu
895 3469 1145 3539 reliquit,
1188 3475 1244 3523 et.
1292 3468 1438 3524 velut
1484 3483 1692 3522 murum
1747 3465 2001 3521 Ecclesiae

408 3559 574 3627 dedit,
599 3575 756 3630 quam
787 3569 994 3614 scutum
1015 3559 1300 3615 adversum
1324 3559 1594 3614 diabolum
1626 3557 1820 3628 posuit,
1842 3571 1998 3626 quam

407 3649 638 3721 gladium
687 3649 972 3706 adversum
1019 3649 1291 3706 dremones
1341 3649 1523 3716 dedit,
1578 3664 1736 3720 quam
1785 3657 1996 3718 portum

1138 362 1196 418 S.
1237 363 1512 420 JOA'NNIS
1550 357 2018 418 CHRYSOS'I'OMI
2059 357 2374 415 ARCHIEP.
2414 357 2950 415 CONSTANTINOP.

3579 346 3714 402 126

2099 461 2591 534 tranquillissimum
2639 458 2881 516 ﬁdelibus
2910 457 3210 525 collocavit,
3243 474 3400 530 quam
3438 463 3718 531 repropi-

2099 556 2371 610 tiationem
2413 553 2480 608 ad
2515 554 2680 608 Deum
2705 550 2872 616 dedit,
2901 565 3057 622 quam
3107 550 3423 608 delictorum
3467 555 3714 610 absolu-

2099 644 2296 700 tionem
2319 643 2584 700 concessit
2612 661 2626 697 :
2655 658 2752 713 pro
2767 640 2869 697 hac
2897 656 3024 711 ergo
3045 642 3246 712 legatus
3275 643 3340 698 ad
3369 658 3464 699 vos
3492 647 3715 703 missus

2098 751 2235 791 sum.
2267 735 2440 791 Nolite
2461 735 2596 790 mihi
2615 737 2856 791 incutere
2874 734 3152 805 pudorem,
3179 735 3342 792 nolite
3365 737 3710 807 legationem

2097 845 2270 885 meam
2298 829 2519 896 fmdare,
2572 828 2896 900 acquiescite
2941 829 3093 896 mibi,
3143 845 3326 901 quaeso
3369 847 3483 887 vos.
3526 832 3711 889 Multa

2097 920 2296 976 dudum
2327 920 2500 975 tristia
2525 928 2674 991 gesta
2697 928 2822 974 sunt
2848 920 2900 974 in
2922 920 3181 987 Ecclesia,
3215 921 3380 977 Deum
3403 924 3708 991 conﬁteor,

2097 1010 2190 1066 sed
2213 1027 2318 1066 non
2345 1011 2500 1066 laudo
2526 1010 2974 1082 perturbationes,
3029 1013 3321 1069 seditiones
3349 1031 3456 1070 non
3481 1019 3710 1088 ample-o

2096 1111 2232 1158 ctor.
2256 1103 2362 1158 Sed
2388 1104 2696 1158 omittamus
2717 1102 2826 1172 jam
2845 1103 2959 1158 haec
2984 1120 2998 1169 ;
3025 1104 3275 1172 desinite,
3302 1109 3705 1180 cettquiescite,

2097 1193 2342 1248 cohibete
2379 1195 2609 1259 animos,
2643 1192 2909 1249 refrenate
2958 1194 3286 1252 iracundiam
3317 1217 3330 1251 :
3359 1199 3555 1255 sufﬁcit
3577 1201 3706 1272 jam

2096 1285 2238 1355 quod
2289 1285 2555 1340 laboravit
2587 1284 2843 1350 Ecclesia,
2879 1285 3000 1340 ﬁnis
3034 1287 3122 1352 sit,
3155 1287 3367 1344 desinat
3407 1293 3639 1347 turbatio
3682 1312 3702 1349 :

2099 1378 2199 1431 hoc
2233 1377 2375 1432 enim
2421 1385 2475 1432 et
2524 1377 2632 1432 Deo
2658 1376 2930 1448 placitum,
2961 1386 3015 1433 et
3049 1378 3288 1448 piissimo
3323 1384 3546 1453 principi
3595 1400 3706 1440 ae-

2097 1478 2308 1539 ceptum
2332 1479 2432 1524 est.
2474 1469 2697 1539 Oportet
2739 1469 2880 1524 enim
2912 1479 2965 1524 et
3003 1471 3218 1539 regibus
3247 1473 3484 1540 obedire,
3516 1479 3705 1532 maxi-

2099 1576 2183 1615 me
2209 1575 2331 1615 cum
2377 1569 2433 1615 et
2487 1561 2586 1630 ipsi
2621 1560 2991 1629 obtemperent
3035 1562 3411 1622 ecclesiasticis
3461 1567 3700 1638 legibus.

2100 1654 2236 1708 Dicit
2273 1655 2413 1708 enim
2435 1653 2744 1724 apostolus:
2777 1651 3102 1726 Principibus
3135 1648 3542 1722 etpotestatibus
3569 1659 3696 1714 sub-

2098 1745 2191 1798 diti
2211 1753 2362 1800 estote
2390 1744 2524 1814 (Tit.
2551 1744 2604 1799 5.
2631 1745 2654 1799 1
2691 1745 2730 1814 ).
2758 1744 2969 1811 Quanto
2990 1747 3157 1814 magis
3175 1747 3425 1817 religioso
3443 1751 3699 1821 principi,

2099 1844 2152 1890 et
2173 1850 2270 1906 pro
2293 1835 2528 1890 Ecclesia
2569 1835 2878 1890 laboranti?
2920 1834 2974 1890 Si
2999 1851 3126 1906 ergo
3149 1840 3442 1907 prmparavi
3485 1841 3704 1898 animos

2098 1938 2306 1984 vestros
2335 1926 2401 1983 ad
2450 1927 2846 1998 suscipiendam
2897 1927 3214 1997 legationem
3245 1944 3440 1998 meam,
3469 1933 3701 2004 recipito

2101 2020 2317 2076 fratrem
2349 2030 2589 2075 nostrum
2618 2019 2968 2075 Severianum
2991 2023 3323 2090 episcopum.
3348 2021 3530 2078 Habeo
3569 2041 3700 2096 gra-

2100 2111 2225 2166 tiam
2248 2111 2388 2182 quod
2416 2126 2719 2166 sermonem
2741 2127 2916 2167 meum
2945 2111 3188 2167 laudibus
3205 2117 3514 2185 prosequuti
3537 2118 3698 2174 estis.

2101 2203 2329 2259 Dedistis
2377 2202 2504 2256 mihi
2561 2201 2766 2257 fructus
2809 2202 3126 2258 obedientim
3157 2221 3169 2256 :
3205 2220 3345 2260 nunc
3377 2221 3462 2261 me
3507 2221 3697 2264 semen

2101 2293 2297 2348 bonum
2322 2292 2560 2364 gratulor
2583 2293 2896 2349 seminasse.
2925 2293 3064 2349 Ecce
3081 2295 3221 2349 enim
3240 2298 3416 2350 statim
3441 2295 3698 2355 frumenti

2103 2385 2401 2456 manipulos
2429 2384 2698 2455 colligam.
2749 2383 3031 2439 Retribuat
3079 2385 3231 2440 vobis
3262 2387 3517 2443 Dominus
3559 2406 3698 2459 pra:-

2102 2475 2264 2530 mium
2306 2475 2668 2545 benignitatis,
2731 2482 2785 2529 et
2813 2474 3133 2529 obedientia:
3180 2478 3500 2534 mercedem.
3542 2479 3698 2536 Nune

2103 2570 2245 2626 enim
2270 2584 2450 2627 veram
2478 2570 2704 2626 hostiam
2757 2571 2902 2640 pacis
2929 2571 3194 2627 obtulistis
3225 2573 3354 2642 Deo,
3386 2576 3508 2646 quia
3535 2593 3698 2633 nemo

2103 2661 2344 2717 turbatus
2387 2670 2470 2716 est
2517 2661 2699 2716 audito
2737 2661 2840 2715 hoc
2890 2664 3125 2725 nomine,
3187 2663 3282 2719 sed
3325 2681 3446 2721 cum
3470 2669 3697 2726 caritate

2103 2752 2369 2822 suscipitis
2395 2769 2408 2814 ;
2438 2751 2594 2806 simul
2623 2761 2679 2804 ut
2727 2766 2974 2807 sermone
3000 2752 3203 2822 loquuti
3243 2769 3447 2821 sumus,
3477 2773 3694 2814 omnem

2103 2859 2171 2898 ex
2213 2844 2391 2897 animo
2436 2840 2658 2913 fugastis
2715 2841 3066 2897 iracundiam.
3115 2843 3378 2915 Suscipite
3405 2862 3532 2918 ergo
3567 2864 3695 2905 eum

2104 2935 2262 3005 pleno
2291 2942 2528 3006 pectore,
2555 2934 2752 3006 apertis
2782 2949 2866 2988 ma
2909 2935 3046 2989 ibus.
3070 2934 3128 2990 Si
3155 2937 3282 3007 quid
3305 2938 3454 2994 triste
3479 2951 3693 3010 gestum

2105 3038 2209 3097 est,
2231 3029 2458 3084 omittite
2483 3045 2498 3094 ;
2525 3029 2646 3099 quia
2679 3027 2770 3083 ubi
2811 3037 3021 3098 tempus
3052 3029 3218 3098 pacis,
3249 3031 3549 3088 recordatio
3576 3033 3696 3088 dis-

2105 3121 2371 3175 sensionis
2411 3119 2553 3174 nulla
2579 3127 2678 3186 est,
2706 3129 2762 3174 ut
2792 3121 2861 3175 sit
2889 3119 3137 3191 gaudium
3169 3122 3220 3180 in
3251 3122 3404 3191 caelo,
3439 3125 3694 3193 gaudium

2107 3214 2160 3268 in
2205 3223 2367 3282 terra,
2415 3213 2592 3268 laetitia
2633 3220 2688 3268 et
2714 3213 3001 3267 exsultatio
3051 3213 3344 3284 spiritualis
3375 3216 3426 3270 in
3454 3215 3696 3273 Ecclesia

2107 3303 2222 3358 Dei.
2255 3303 2323 3358 Et
2351 3317 2567 3358 oremus
2595 3301 2664 3357 de
2707 3302 2930 3372 reliquo,
2965 3311 3020 3356 ut
3046 3303 3317 3372 paeilicam
3346 3305 3486 3362 Deus
3505 3319 3692 3364 custo-

2106 3395 2221 3450 dire
2248 3393 2493 3465 dignetur
2518 3392 2831 3458 Ecclesiam,
2863 3407 3050 3463 pacem
3095 3392 3254 3448 ﬁxam
3301 3403 3357 3450 et
3380 3408 3692 3469 perpetuam

2107 3486 2256 3552 dare,
2305 3487 2357 3540 in
2395 3486 2607 3541 Christo
2655 3483 2782 3540 Jesu
2828 3483 3053 3539 Domino
3093 3493 3305 3554 nostro,
3336 3501 3459 3544 cum
3481 3506 3585 3561 quo
3611 3503 3696 3546 est

2106 3577 2275 3648 gloria
2305 3577 2417 3633 Deo
2436 3575 2608 3642 Patri,
2645 3590 2748 3630 una
2775 3590 2896 3631 cum
2940 3573 3140 3646 Spiritu
3170 3589 3376 3647 sancto,
3411 3580 3462 3636 in
3488 3583 3692 3638 saecula

2107 3668 2444 3722 steculorum.
2474 3664 2664 3718 Amen.

3301 3803 3611 3814 ————..._

1315 3879 1583 3940 SERMO
1625 3879 1871 3941 IPSIUS
1913 3875 2343 3939 SEVERIANI
2383 3874 2489 3935 DE
2538 3872 2768 3948 PACE,

769 4043 901 4088 CUM
929 4043 1274 4088 SUSCEPTUS
1318 4041 1504 4087 ESSET
1555 4044 1592 4085 Δ
1637 4040 1843 4085 ΒΕΔΤΟ
1885 4040 1997 4084 ,1οΔ

2103 4041 2152 4096 Ξ,
2199 4035 2492 4082 EPISCOPO
2536 4034 2768 4079 CONSTA
2778 4034 3196 4078 NTINOPOLITA
3206 4036 3306 4080 NO.

484 4165 540 4220 ln
584 4166 815 4222 adventu
855 4167 1064 4221 Domini
1107 4176 1163 4220 ct
1195 4165 1487 4220 Salvatoris
1532 4164 1702 4220 nostri
1743 4173 1904 4234 atque
1948 4163 2002 4216 in

410 4259 696 4327 prmeentia
741 4257 858 4328 ejus
902 4259 1203 4326 corporali,
1264 4256 1439 4326 angeli
1494 4255 1750 4310 ducentes
1805 4253 2002 4310 choros

412 4349 658 4403 czelestes
695 4348 1131 4419 evangelizabant
1172 4347 1480 4417 pastoribus
1509 4387 1524 4412 ,
1566 4345 1806 4400 dicentes
1841 4363 1854 4400 :
1897 4347 2004 4398 An-

409 4439 703 4493 uuntiamus
728 4438 865 4493 vobis
885 4438 1034 4492 hodie
1062 4439 1303 4509 gaudium
1324 4453 1562 4508 magnum
1586 4436 1722 4507 quod
1742 4438 1835 4491 erit
1865 4437 2003 4489 omni

413 4529 604 4598 papula
639 4528 788 4600 (Luc.
813 4527 868 4582 2.
905 4527 972 4583 10
997 4531 1035 4598 ).
1080 4528 1160 4583 Ab
1200 4528 1329 4598 ipsis
1371 4528 1513 4582 enim
1557 4527 1758 4582 sanctis
1797 4527 2003 4597 angelis

411 4620 573 4674 etiam
600 4620 826 4676 mutuati
858 4635 954 4675 nos
983 4634 1169 4675 vocem
1198 4661 1211 4686 ,
1252 4618 1629 4674 annuntiamus
1665 4619 1816 4674 vobis
1845 4617 2002 4674 hodie

410 4711 659 4780 gaudium
687 4727 958 4782 magnum.
1003 4711 1171 4767 Hodie
1195 4711 1337 4766 enim
1369 4711 1422 4766 in
1455 4727 1583 4782 pace
1616 4711 1854 4766 Ecclesia
1882 4721 1960 4765 est
1986 4751 2000 4776 ,

421 4809 476 4854 et
503 4801 739 4855 haeretici
761 4803 811 4855 in
835 4803 934 4856 ira.
969 4802 1138 4859 Hodie
1167 4801 1422 4858 Ecclesiae
1448 4803 1598 4857 navis
1624 4802 1677 4856 in
1707 4811 1860 4872 portu
1883 4809 2000 4868 est,

414 4901 469 4945 et
489 4889 857 4946 hereticorum
881 4891 1024 4947 furor
1044 4893 1270 4963 iactatur
1288 4895 1338 4948 in
1357 4893 1617 4950 fluetibus.
1633 4892 1802 4948 Hodie
1823 4901 2004 4962 pasto-

411 4997 504 5037 res
532 4981 787 5036 Ecclesia:
810 4983 865 5036 in
886 4986 1172 5039 securitate
1195 5025 1210 5050 ,
1233 4995 1288 5041 et
1309 4984 1548 5040 haeretici
1576 4984 1628 5038 in
1647 4984 2006 5055 perturbatio-

415 5088 483 5129 ue
513 5081 656 5128 sunt.
684 5072 851 5128 Hodie
888 5088 1017 5128 oves
1064 5075 1270 5130 Domini
1314 5076 1368 5130 in
1412 5084 1564 5142 tuto,
1609 5084 1663 5130 et
1699 5075 1809 5145 lupi
1857 5075 2003 5129 insa-

415 5163 588 5218 niunt.
618 5161 786 5217 Hodie
811 5162 964 5218 vinea
989 5163 1197 5217 Domini
1229 5165 1280 5218 in
1301 5165 1625 5220 abundantia
1648 5206 1661 5231 ,
1691 5174 1744 5220 et
1771 5164 2004 5235 operarii

419 5254 711 5324 iniquitatis
736 5255 788 5308 in
816 5254 1044 5325 egentia.
1074 5253 1243 5310 Hodie
1269 5256 1496 5324 populus
1525 5255 1721 5311 Christi
1742 5255 2004 5310 exaltatus

415 5354 500 5400 est
522 5386 536 5410 ,
563 5355 617 5400 et
646 5345 844 5400 inimici
875 5345 1116 5400 veritatis
1156 5345 1418 5402 humiliati
1463 5356 1607 5403 sunt.
1653 5348 1821 5403 Hodie
1846 5347 2005 5402 Citri-

416 5447 530 5493 stus
560 5436 613 5490 in
642 5436 822 5491 latitia
848 5478 863 5503 ,
903 5445 955 5492 et
992 5435 1238 5490 diabolus
1277 5437 1330 5490 in
1359 5437 1520 5492 luctu.
1551 5437 1720 5492 Hodie
1749 5438 1921 5508 angeli
1951 5438 2004 5492 in

416 5527 769 5582 exsultatione
793 5569 809 5593 ,
829 5535 884 5582 et
907 5526 1181 5581 daemones
1208 5526 1263 5580 in
1279 5527 1612 5583 confusione.
1635 5529 1702 5583 Et
1720 5530 1845 5599 quid
1871 5544 2006 5598 Opus

418 5623 498 5668 est
524 5616 688 5670 multa
717 5615 938 5672 dicere?
964 5615 1134 5671 Hodie
1160 5613 1422 5685 Christus,
1445 5618 1536 5686 qui
1567 5626 1648 5671 est
1671 5618 1783 5673 Rex
1812 5619 1960 5690 pacis
1987 5665 2000 5686 ,

417 5717 538 5757 cum
568 5719 660 5758 sua
691 5720 820 5776 pace
858 5706 1156 5776 procedens
1180 5747 1196 5770 ,
1241 5706 1435 5776 fugavit
1480 5722 1640 5761 omne
1681 5707 1958 5764 dissidium
1987 5750 2000 5775 ,

420 5791 779 5849 dissensiones
800 5795 1001 5864 depulit
1026 5837 1038 5861 ,
1063 5794 1382 5854 discordiam
1402 5795 1750 5874 perturbavit.
1779 5799 1846 5855 Et
1865 5800 2001 5857 sicut

2109 4160 2305 4214 caelum
2334 4157 2588 4228 splendor
2615 4155 2748 4212 solis
2774 4197 2788 4222 ,
2822 4156 2894 4211 ita
2927 4156 3224 4212 Eeclesiam
3255 4157 3427 4229 fulgor
3463 4160 3608 4229 pacis
3627 4162 3692 4216 il-

2109 4256 2349 4308 luminat.
2391 4252 2436 4308 0
2478 4266 2637 4323 quam
2678 4250 3031 4306 desiderabile
3075 4266 3272 4307 nomen
3313 4254 3495 4322 pacis,
3533 4270 3694 4325 quam

2109 4344 2380 4416 religionis
2409 4343 2726 4399 Christianae
2749 4342 2938 4398 stabile
2961 4341 3358 4398 fundamentum
3384 4387 3399 4409 ,
3431 4354 3484 4398 et
3509 4347 3695 4402 altaris

2109 4435 2365 4491 dominici
2401 4434 2636 4489 caelestis
2669 4435 2974 4488 armatura!
3022 4433 3090 4488 Et
3147 4433 3275 4504 quid
3305 4450 3590 4504 possumus
3629 4437 3697 4492 de

2108 4541 2240 4596 pace
2264 4525 2551 4596 proloqui?
2581 4524 2688 4578 Pax
2731 4539 2927 4580 nomen
2966 4535 3050 4579 est
3090 4525 3258 4594 ipsius
3293 4525 3488 4581 Christi
3513 4569 3528 4594 ,
3559 4528 3698 4582 sicut

2109 4619 2238 4673 dicit
2289 4625 2344 4673 et
2387 4616 2709 4687 apostolus:
2764 4617 2898 4682 Quia
2946 4615 3178 4671 Christus
3223 4634 3325 4687 pax
3365 4629 3570 4684 nostra,
3611 4621 3698 4686 qui

2109 4709 2230 4779 fecit
2256 4717 2466 4776 utraque
2493 4722 2647 4760 unum
2680 4703 2698 4775 (
2720 4705 2910 4776 Ephes.
2937 4706 2993 4760 2.
3021 4707 3086 4761 14
3111 4708 3151 4776 ),
3197 4723 3316 4777 qua:
3360 4723 3697 4779 nequaquam

2110 4799 2215 4854 ﬁde
2241 4840 2256 4864 ,
2312 4797 2406 4852 sed
2457 4796 2653 4851 invidia
2699 4796 2897 4851 diaboli
2939 4796 3286 4853 dissidebant.
3320 4797 3520 4854 Verum
3559 4801 3697 4854 sicut

2110 4891 2436 4961 procedente
2463 4903 2589 4958 rege
2611 4898 2666 4943 et
2692 4890 2880 4958 plateae
2904 4889 3228 4943 mundantur
3252 4931 3268 4956 ,
3294 4899 3347 4944 et
3373 4898 3476 4945 tota
3508 4891 3696 4946 civitas

2109 4984 2340 5038 diversis
2369 4982 2586 5038 ﬁoribus
2615 4991 2668 5036 et
2696 4981 2970 5036 ornatibus
2997 4993 3317 5050 coronatur,
3359 4991 3416 5038 ut
3457 4983 3586 5037 nihil
3628 4985 3698 5038 sit

2109 5075 2253 5146 quod
2301 5076 2478 5130 minus
2520 5074 2738 5145 dignum
2782 5075 2948 5128 vultui
2995 5075 3137 5146 regis
3178 5085 3475 5148 appareat:
3526 5077 3596 5132 ita
3642 5089 3697 5133 et

2110 5182 2254 5222 nunc
2283 5165 2604 5236 procedente
2641 5163 2856 5220 Christo
2878 5206 2894 5232 ,
2943 5165 3088 5236 Rege
3127 5169 3274 5236 pacis
3297 5209 3312 5234 ,
3353 5183 3513 5224 omne
3553 5170 3695 5239 quod

2109 5260 2262 5314 triste
2291 5268 2372 5314 est
2395 5299 2410 5324 ,
2441 5258 2712 5313 auferatur
2732 5273 2763 5312 e
2792 5258 2966 5313 medio
2986 5300 3001 5326 ,
3028 5267 3083 5312 et
3111 5259 3452 5316 illucescente
3471 5261 3697 5317 veritate

2108 5349 2317 5418 fugetur
2358 5347 2693 5403 mendacium
2744 5367 2758 5403 :
2804 5347 2966 5417 fugiat
3032 5348 3337 5417 discordia,
3382 5351 3694 5420 resplende-

2110 5449 2295 5494 scente
2321 5438 2626 5493 concordia.
2657 5439 2727 5493 Et
2771 5439 2907 5494 sicut
2948 5437 3254 5510 frequenter
3271 5440 3384 5497 ﬁeri
3423 5442 3653 5497 vidimus
3678 5486 3692 5508 ,

2109 5529 2198 5586 ubi
2226 5545 2409 5600 regum
2439 5529 2523 5584 vel
2549 5528 2772 5584 fratrum
2802 5529 2993 5584 tabulae
3017 5531 3306 5601 pinguntur
3331 5575 3344 5598 ,
3379 5541 3435 5587 ut
3459 5535 3512 5587 in
3537 5536 3694 5588 utris-

2111 5636 2214 5691 que
2241 5622 2607 5676 unanimitatis
2646 5621 2982 5676 declarentur
3011 5623 3236 5692 insignia
3261 5664 3278 5689 ,
3316 5623 3502 5678 artifex
3553 5624 3696 5692 picto

2109 5711 2342 5768 femineo
2371 5712 2554 5767 habitu
2597 5721 2717 5782 post
2759 5719 2962 5781 tergum
3001 5713 3312 5785 utriusque,
3352 5715 3692 5769 concordiam

2107 5801 2330 5869 statuit,
2374 5802 2603 5860 brachiis
2644 5803 2752 5860 suis
2779 5813 3062 5871 utrumque
3092 5788 3564 5870 complectentem.
3612 5809 3694 5862 tn-

3109 5909 3136 5930 4
