4036 6410
3569 399 3718 456 κει

452 416 576 472 is?"
1142 413 1198 467 S.
1243 409 1528 467 JOANNIS
1562 403 2056 464 CHRYSOSTOMI
2100 401 2416 459 ARCIIIEP.
2459 398 3008 458 CONSTANTINOP.

875 647 1316 659 _-————-_

2981 657 3528 668 '—-—-—o——'———--——--
3551 658 3690 666 —.—--——

1064 1149 1417 1212 MONITUM
1457 1151 1538 1212 IN
1585 1150 2042 1223 SEQUENTEM
2085 1149 2615 1213 CHRYSOSTOMI
2654 1148 3103 1211 ORATIONEM

525 1537 582 1588 ln
615 1541 891 1603 postrema
918 1529 1125 1587 Morelli
1152 1529 1403 1585 Editione
1428 1527 1497 1583 ad
1523 1527 1725 1582 calcem
1757 1523 1912 1580 Tomi
1962 1523 2144 1593 quarti
2193 1523 2336 1579 edita
2380 1524 2484 1580 l’uit
2534 1525 2725 1582 Oratio
2765 1523 3146 1598 Chrys'ostomi
3194 1537 3488 1599 antequam
3524 1530 3628 1586 iret
3661 1531 3719 1586 iu

458 1671 733 1737 exsilium,
770 1672 835 1727 ad
866 1670 1126 1742 populum
1167 1669 1374 1738 habita,
1413 1686 1480 1725 ex
1513 1665 1636 1724 Vita
1681 1666 2059 1740 Chrysostomi
2099 1681 2195 1737 per
2237 1665 2529 1738 Georgium
2580 1665 3011 1724 Alexandrinum
3058 1679 3346 1741 excerpta,
3380 1687 3536 1742 quae,
3572 1672 3722 1744 quod

461 1814 671 1876 spectat
694 1806 760 1860 ad
795 1805 1076 1862 dimidiam
1106 1805 1345 1876 priorem
1369 1813 1579 1876 partem
1610 1805 1679 1860 ad
1707 1804 1822 1859 haec
1869 1819 2042 1874 usque
2072 1819 2118 1858 Vt

2161 1804 2260 1872 'ba,
2287 1803 2403 1857 ἀλλ’
2441 1805 2554 1876 ὁρῶ
2601 1807 2713 1870 τοῖς
2732 1807 2975 1876 ἐμαυτοῦ
3006 1807 3239 1880 δόγμασι
3269 1827 3446 1874 τινας,
3483 1826 3594 1865 non
3633 1811 3720 1867 in-

459 1943 620 2013 digna
660 1939 1058 2012 Chrysostomo
1089 1937 1344 1994 videtur:
1386 1946 1441 1993 et
1467 1936 1593 1992 talis
1625 1951 1656 1991 a
1681 1936 1814 1992 viris
1840 1935 2015 1992 doctis
2041 1933 2293 2002 habetur,
2325 1935 2675 2006 paucioribus
2708 1935 2833 1992 aliis
2859 1937 3306 1996 reclamantibus.
3342 1938 3396 1995 lu
3435 1941 3538 1997 hac
3566 1951 3718 1998 certe

460 2081 638 2152 prima
669 2090 843 2152 parte,
878 2097 1000 2139 meo
1029 2081 1248 2153 quidem
1273 2080 1504 2153 judicio,
1531 2079 1774 2136 occurrit
1796 2078 1928 2133 nihil
1950 2077 2096 2148 quod
2118 2093 2183 2135 eo
2206 2078 2408 2152 adigat,
2445 2087 2505 2135 ut
2532 2079 2699 2135 altum
2724 2095 2889 2152 quam
2923 2081 3378 2154 Chrysostomum
3407 2099 3722 2155 quaeramus

464 2228 767 2277 auctorem.
801 2217 1165 2277 Posteriorem
1199 2235 1328 2276 vero
1350 2229 1582 2291 partem,
1614 2217 1846 2274 salebris
1875 2217 2113 2289 plenam,
2146 2216 2483 2286 intricatam,
2509 2233 2631 2289 quae
2661 2233 2803 2290 smpe
2835 2218 2946 2288 vix,
2973 2234 3038 2275 ac
3070 2233 3138 2274 ne
3168 2218 3256 2274 vix
3299 2219 3516 2288 quidem
3561 2218 3725 2274 intel-

466 2354 557 2423 ligi
583 2363 778 2424 poteSt,
806 2355 996 2411 saltem
1031 2364 1092 2410 ut
1119 2364 1296 2412 exstat
1330 2355 1514 2423 hodie,
1538 2344 1929 2428 Chrysostomo
1955 2354 2376 2427 abjudicandam
2429 2371 2743 2413 censemus.
2775 2355 2909 2412 Nam
2947 2357 3123 2426 stylus
3168 2357 3429 2412 abhorret
3474 2372 3502 2410 a
3550 2356 3723 2426 priori

467 2489 734 2546 orationis
761 2500 934 2560 parte.
965 2489 1024 2545 Si
1049 2491 1180 2559 quid
1209 2506 1340 2547 vero
1372 2491 1712 2558 enuntiatur,
1750 2489 1891 2561 quod
1935 2490 2001 2545 ad
2035 2505 2219 2547 veram
2258 2491 2375 2562 ejus
2417 2491 2594 2548 exsilii
2643 2492 2928 2548 historiam
2959 2491 3213 2564 quadret,
3253 2492 3305 2548 id
3339 2499 3484 2548 certe
3524 2492 3599 2547 ita
3631 2503 3725 2545 re-

1787 3445 2416 3562 EJUSDEM

1275 3839 1806 3936 HOMILIA
1891 3836 2200 3930 ANTE
2277 3837 2911 3932 EXSILIUM.

1889 4415 2381 4440 ----.ο.---

548 4797 599 4850 1.
641 4796 784 4850 Multi
824 4794 1014 4850 ﬂuctus
1054 4797 1256 4850 instant
1292 4808 1586 4864 gravesque
1630 4795 1914 4863 procellae:
1960 4794 2056 4849 sed

472 4900 577 4938 non
600 4885 846 4939 timemus
871 4899 939 4938 ne
964 4885 1372 4954 submergamur
1412 4903 1425 4938 :
1473 4899 1596 4938 nam
1640 4885 1692 4939 in
1734 4898 1881 4954 petra
1920 4901 2052 4940 con-

473 4975 731 5029 sistimus.
777 4975 969 5029 Szeviat
1004 4992 1152 5031 mare
1174 5018 1189 5042 ,
1238 4987 1444 5046 petram
1490 4976 1787 5034 dissolvere
1824 4979 2007 5049 nequit
2037 4995 2050 5035 :

472 5072 749 5134 lusurgant
774 5063 965 5119 ﬂuctus
989 5105 1004 5131 ,
1030 5065 1158 5120 Jesu
1179 5067 1443 5137 navigium
1469 5066 1780 5138 demergere
1802 5085 1906 5124 nou
1933 5084 2056 5138 pos-

476 5164 621 5209 sunt.
678 5153 855 5220 Quid,
908 5169 1126 5224 quaeso,
1175 5156 1498 5212 timeamus?
1539 5156 1872 5213 Mortemne?
1921 5157 2055 5212 Mihi

473 5247 635 5300 vivere
664 5243 892 5299 Christus
912 5254 984 5299 est
1007 5284 1022 5310 ,
1044 5254 1089 5298 et
1113 5247 1242 5300 mori
1262 5247 1455 5302 lucrum
1475 5247 1732 5320 (Philipp.
1760 5250 1810 5303 1.
1832 5249 1946 5319 21).
1973 5253 2052 5303 An

472 5335 716 5390 exsilium
741 5375 755 5401 ,
786 5333 870 5389 dic
893 5334 1065 5389 mihi?
1094 5334 1301 5390 Domini
1324 5347 1395 5392 est
1429 5346 1564 5392 terra
1589 5348 1634 5393 et
1661 5340 1920 5409 plenitudo
1942 5341 2052 5410 ejus

473 5424 494 5495 (
523 5425 667 5479 Psal.
696 5423 786 5480 9.5.
821 5425 842 5479 1
875 5424 916 5496 ).
950 5427 1029 5480 An
1073 5425 1380 5483 facultatum
1422 5431 1875 5499 publicationem?
1907 5431 2056 5486 Nihil

475 5515 734 5568 intulimus
778 5515 830 5568 in
873 5516 1148 5580 mundum,
1194 5526 1477 5588 certumque
1518 5529 1589 5573 est
1633 5537 1722 5575 nos
1768 5521 1895 5575 nihil
1938 5521 2054 5575 hinc

476 5600 653 5666 efferre
705 5620 848 5672 posse
901 5606 988 5675 (l.
1029 5604 1165 5661 Tim.
1213 5605 1266 5660 6.
1311 5607 1389 5677 7)
1435 5625 1448 5660 :
1503 5611 1856 5680 terribiliaque
1899 5611 2055 5679 hujus

483 5693 662 5746 mundi
694 5695 821 5750 mihi
846 5696 1117 5764 deSpectui
1144 5705 1266 5751 sunt
1288 5739 1302 5765 ,
1341 5708 1396 5753 et
1433 5700 1568 5754 bona
1594 5700 1710 5770 ejus
1738 5703 1848 5756 risu
1873 5701 2049 5772 digna.

482 5779 595 5833 Non
639 5795 998 5851 paupertatem
1042 5787 1242 5852 timeo,
1292 5805 1394 5844 non
1440 5789 1648 5846 divitias
1689 5793 2008 5859 concupisco
2036 5811 2053 5846 :

478 5882 586 5922 non
607 5880 830 5926 mortem
873 5883 1086 5940 metuo,
1137 5890 1234 5929 nec
1279 5879 1457 5936 vivere
1509 5889 1634 5950 opto
1660 5923 1674 5948 ,
1706 5880 1806 5934 nisi
1833 5880 1898 5934 ad
1925 5896 2051 5950 pro-

2164 4794 2356 4849 lectum
2382 4803 2641 4850 vestrum.
2675 4792 2803 4848 Ideo
2827 4791 3109 4861 praesentia
3148 4801 3509 4845 commemoro
3531 4828 3546 4852 ,
3588 4801 3750 4856 rogo-

2161 4900 2267 4955 que
2302 4885 2574 4939 caritatcm
2609 4893 2838 4938 vestram
2865 4924 2878 4946 ,
2924 4891 2985 4937 ut
3029 4880 3273 4936 ﬁduciam
3315 4878 3523 4934 habeat.
3565 4878 3751 4932 Nullus

2161 4977 2356 5048 quippe
2379 4992 2475 5031 nos
2503 4991 2752 5046 separare
2774 4975 2970 5044 poterit
2996 4989 3010 5037 ;
3035 4972 3176 5042 quod
3199 4972 3340 5026 enim
3370 4971 3510 5025 Deus
3535 4971 3752 5038 conjun-

2160 5068 2274 5134 xit,
2304 5067 2465 5122 homo
2492 5081 2740 5136 separare
2763 5066 2964 5135 nequit.
2987 5063 3120 5119 Nam
3150 5063 3194 5118 si
3220 5062 3288 5118 de
3311 5062 3426 5117 viro
3451 5075 3516 5115 ac
3546 5059 3614 5115 de
3642 5076 3752 5113 mu.

2162 5158 2293 5214 liere
2321 5159 2450 5213 dicit
2473 5177 2486 5212 :
2517 5157 2738 5227 Propter
2761 5157 2854 5210 hoc
2879 5155 3126 5226 relinquet
3148 5155 3296 5208 homo
3322 5163 3512 5224 patrem
3537 5168 3683 5206 suum
3707 5161 3753 5205 et

2161 5259 2370 5302 matrem
2396 5266 2538 5304 suam
2557 5291 2571 5314 ,
2601 5259 2648 5301 et
2672 5247 2946 5302 adhaerebit
2971 5247 3118 5300 uxori
3142 5261 3248 5298 suae
3265 5287 3280 5310 ,
3310 5253 3356 5298 et
3384 5251 3528 5296 erunt
3555 5242 3656 5295 duo
3699 5242 3751 5294 in

2161 5355 2362 5392 carnem
2389 5355 2542 5392 unam
2573 5338 2734 5410 (Gen.
2761 5339 2814 5392 2.
2845 5337 2956 5405 24)
2987 5355 3000 5391 :
3030 5335 3166 5406 quod
3199 5351 3316 5405 ergo
3361 5332 3494 5386 Deus
3533 5333 3751 5400 conjun-

2158 5431 2233 5484 xit
2256 5470 2271 5497 ,
2304 5430 2451 5482 homo
2481 5447 2582 5483 non
2609 5441 2804 5499 separet
2829 5427 2848 5500 (
2879 5428 3065 5482 Matth.
3100 5427 3186 5482 l9.
3215 5428 3268 5482 5.
3298 5427 3330 5481 6
3357 5424 3396 5498 ).
3435 5425 3491 5480 Si
3540 5425 3751 5493 nuptias

2165 5538 2270 5577 non
2316 5530 2469 5592 potes
2519 5522 2812 5588 dirimere,
2854 5530 3054 5591 quanto
3097 5522 3276 5575 minus
3315 5517 3609 5574 Ecclesium
3659 5516 3750 5570 Dei

2162 5622 2316 5681 potes
2341 5613 2680 5670 dissolvere?
2706 5613 2810 5670 Sed
2837 5628 2954 5668 eam
2981 5626 3253 5682 Oppugnas
3276 5652 3290 5676 ,
3319 5626 3440 5666 cum
3470 5609 3600 5662 nihil
3631 5623 3754 5676 pns-

2162 5703 2235 5758 sis
2279 5702 2476 5758 laedere
2520 5719 2641 5758 eum
2689 5719 2846 5773 quem
2896 5703 3129 5772 impetis.
3183 5701 3376 5757 Verum
3424 5715 3511 5755 me
3559 5697 3752 5754 reddes

2161 5790 2579 5859 splendidiorem
2604 5833 2620 5858 ,
2649 5801 2900 5863 tuamque
2924 5793 3030 5846 vim
3061 5806 3270 5845 mecum
3303 5789 3584 5860 pugnando
3612 5788 3749 5856 deji-

2162 5882 2271 5936 cics
2298 5901 2310 5935 :
2343 5883 2540 5938 Durum
2568 5899 2797 5951 namque
2830 5883 2916 5937 tibi
2944 5893 3014 5938 est
3045 5894 3220 5936 contra
3247 5880 3508 5936 stimulum
3537 5888 3748 5934 acutum
