4036 6466
355 354 514 408 ιὲῗ*

1373 353 1607 414 SERMO
1649 356 2038 426 ANTEQUAM
2079 355 2244 414 IRET
2283 357 2352 413 IN
2391 357 2739 416 EXSILIUM.

1456 1087 1876 1193 ANTEQUAM
1914 1090 2097 1153 IRET
2138 1088 2220 1152 IN
2263 1089 2648 1154 EXSILIUM.

358 1469 577 1536 misso,
625 1486 708 1526 ne
737 1471 874 1541 quid
905 1469 1046 1526 ultra
1071 1469 1367 1541 proferam,
1393 1467 1608 1524 dicendi
1637 1483 1835 1539 genere
1859 1476 2134 1538 narratur,
2167 1477 2228 1524 ut
2257 1469 2343 1525 fas
2389 1485 2513 1526 esse
2557 1486 2664 1526 non
2696 1473 2945 1529 videatur
2976 1473 3027 1529 id
3064 1473 3458 1546 Chrysostomo
3494 1476 3670 1534 ascri-

357 1610 528 1664 bere.
586 1611 770 1666 Certe
814 1611 982 1666 alium
1029 1609 1382 1680 quaerendum
1435 1616 1715 1665 auctorem
1762 1623 1883 1666 esse
1931 1609 2127 1666 suadet
2163 1619 2319 1666 vetus
2362 1610 2763 1682 interpretatio,
2787 1627 2952 1683 quam
2993 1611 3416 1684 subiungimus,
3447 1627 3679 1685 qumque

359 1753 742 1814 postremam
779 1754 946 1800 totam
971 1753 1182 1816 partem
1217 1744 1414 1801 tacuit.
1446 1742 1596 1799 Illam
1636 1758 1764 1800 vero
1795 1742 2232 1815 subjungendam
2274 1745 2610 1816 putavimus,
2643 1745 2772 1816 quia
2807 1745 3058 1818 quaedam
3107 1746 3524 1818 complectitur,
3557 1763 3680 1819 quae

360 1880 420 1934 in
468 1879 692 1938 Graeca
732 1883 878 1939 serie
910 1899 1018 1938 non
1042 1892 1384 1954 comparent.
1409 1882 1542 1938 Eam
1583 1898 1644 1940 se
1663 1883 1866 1940 vidisse
1891 1892 2288 1942 commemorat
2317 1885 2373 1942 in
2400 1885 2603 1943 Codice
2622 1887 2860 1957 quodam
2887 1889 3092 1946 montis
3124 1889 3338 1946 Cassini
3364 1889 3524 1946 Joan.
3562 1890 3680 1946 Ma-

371 2014 672 2073 billonius
701 2027 890 2073 noster
914 2018 967 2072 in
988 2015 1186 2072 Itinere
1211 2016 1396 2072 Italico
1420 2031 1473 2087 p.
1504 2015 1629 2085 124,
1661 2017 1754 2072 ubi
1789 2015 2086 2074 Severiano
2111 2017 2471 2086 Gabalorum,
2501 2019 2678 2090 inquit
2711 2020 2824 2088 ille,
2890 2021 3210 2077 ascribitur.
3270 2020 3471 2078 Verum
3510 2024 3678 2080 Seve-

367 2149 528 2205 riani
563 2167 886 2222 numquam
926 2167 1048 2208 esse
1076 2153 1276 2224 potuit,
1303 2168 1404 2209 nec
1427 2153 1494 2209 ad
1518 2153 1638 2224 ejus
1673 2154 1964 2210 historiam
1989 2155 2264 2226 quadrare
2292 2157 2453 2213 valet.

441 2292 489 2346 Τ
496 2293 750 2347 ilmanni
782 2292 1310 2364 interpretationem,
1347 2301 1542 2364 utpote
1567 2293 2039 2366 παραφραστικῶς
2065 2293 2412 2362 adornatam,
2447 2294 2757 2365 rejecimus,
2785 2309 3095 2366 novamque
3121 2295 3458 2367 paravimus.

1443 3216 1728 3290 ““""5‘
1766 3231 2066 3346 ΤΟΥ
2139 3233 2627 3348 ΑΥΤΟΥ

1214 3612 1610 3702 ΟΜΙΛΙΑ
1695 3616 1920 3702 ΠΡΟ
2013 3617 2231 3703 ΤΗΣ

461 4588 526 4633 α’.
565 4576 748 4632 Πολλά
783 4578 850 4632 τὰ
895 4576 1114 4650 κύματα
1151 4575 1244 4629 καὶ
1288 4571 1522 4645 χαλεπὸν
1562 4571 1620 4624 τὸ
1655 4569 1964 4624 κλυδώνιον·

384 4667 502 4720 ἀλλ’
521 4668 583 4720 οὔ
603 4665 946 4736 δεδοίκαμεν,
969 4665 1044 4738 μὴ
1063 4659 1604 4730 καταποντισοῶμεν·
1626 4659 1718 4711 ἐπὶ
1740 4657 1849 4729 γάρ
1867 4656 1968 4728 τῆς

384 4757 594 4827 πέτρας
627 4755 959 4824 ἑστήκαμεν.
1016 4751 1302 4808 Μαινέσθω
1361 4753 1394 4821 ὴ
1446 4748 1712 4815 θάλασσα,
1763 4745 1968 4818 πέτραν

381 4842 636 4896 διαλῦσαι
668 4843 729 4895 οὐ
754 4841 1000 4894 δύναταιο
1032 4839 1332 4914 ὲγειρέσθω
1363 4837 1430 4890 τά
1467 4836 1709 4908 κύματα,
1738 4832 1831 4888 τοῦ
1861 4835 1968 4905 ’1η-

381 4931 484 4984 σοῦ
522 4930 585 4984 τὸ
624 4931 809 4985 πλοῖον
836 4931 1227 4985 καταποντίσαι
1263 4929 1363 4982 οὐκ
1397 4927 1590 4997 ἰσχύει.
1630 4925 1696 4978 Τί
1723 4922 1967 4978 δεδοίκα-

383 5036 512 5090 μεν,
535 5019 659 5072 εἰπέ
693 5037 783 5090 μοι
805 5037 820 5084 ;
847 5018 954 5072 Τὸν
983 5019 1213 5072 Θάνατον
1237 5035 1251 5082 ;
1287 5013 1444 5085 Ἐμοὶ
1468 5013 1534 5067 τὸ
1561 5011 1668 5081 ζῇν
1690 5010 1963 5080 Χριστὸς,

379 5107 484 5158 καὶ
516 5105 582 5160 τὸ
607 5105 938 5161 ἀποθανεῖν
969 5104 1200 5174 κέρδος.
1231 5102 1371 5156 Ἀλλ’
1406 5100 1643 5173 ὲξορίαν,
1676 5099 1799 5153 εἰπέ
1843 5115 1963 5169 μοι;

387 5191 502 5247 Τοῦ
537 5193 759 5261 Κυρίου
786 5193 824 5259 ἡ
853 5191 953 5263 γῆ,
990 5192 1086 5246 καὶ
1114 5191 1183 5245 τὸ
1221 5189 1515 5259 πλήρωμα
1553 5186 1765 5256 αὐτῆς.
1804 5185 1966 5240 Ἀλλά

376 5281 681 5352 χρημάτων
718 5280 1018 5351 δήμευσιν;
1055 5278 1248 5333 Οὐδὲν
1283 5275 1714 5346 εἰσηνέγκαμεν
1747 5276 1836 5339 εἰς
1859 5273 1966 5327 τὸν

382 5368 640 5436 κόσμον,
673 5366 870 5435 δῆλον
905 5366 996 5420 ὅτι
1030 5365 1212 5420 οὐδὲν
1257 5362 1596 5432 ἐξενεγκεῖν
1640 5360 1961 5430 δυνάμεθα’

378 5455 480 5506 καὶ
511 5454 579 5507 τὰ
605 5453 813 5525 φοϐερὰ
837 5451 931 5506 τοῦ
965 5453 1170 5523 κόσμου
1197 5452 1320 5522 ἐμοὶ
1362 5449 1832 5520 εὐκαταφρόνητα,
1871 5447 1965 5500 καὶ

376 5540 448 5594 τά
486 5540 697 5611 χρηστὰ
734 5538 1137 5608 καταγέλαστα.
1156 5539 1230 5592 Οὐ
1254 5538 1445 5592 πενίαν
1465 5537 1696 5599 δέδοικα.
1713 5537 1772 5589 οὐ
1803 5534 1965 5588 πλοῦ-

378 5645 471 5681 τον
509 5628 785 5698 ἐπιθυμῶ·
837 5629 900 5680 οὺ
945 5627 1172 5682 θάνατον
1201 5625 1492 5697 φοϐοῦμαι,
1525 5627 1584 5679 οὑ
1627 5622 1964 5696 ζῆσαιεῠχο-

384 5732 502 5783 μαι,
531 5717 580 5768 εἰ
609 5715 684 5786 μὴ
711 5713 800 5768 διὰ
828 5713 928 5784 τὴν
964 5713 1235 5784 ὑμετέραν
1290 5715 1594 5785 προκοπήν.
1640 5712 1730 5764 Διὸ
1762 5712 1855 5766 καὶ
1894 5710 1962 5764 τά

379 5800 471 5855 νῦν
503 5803 926 5874 ὑπομιμνήσκω,
951 5801 1044 5852 καὶ
1079 5801 1377 5873 παρακαλῶ
1401 5801 1498 5871 τὴν
1526 5801 1796 5871 ὑμετέραν
1831 5798 1963 5871 θαρ-

2333 3610 2829 3706 ΕΞΟΡΙΑΣ.

2073 4561 2185 4632 ῥεῖν
2211 4558 2453 4630 ἀγάπην.
2479 4559 2667 4623 Οὐδεὶς
2688 4558 2796 4631 γάρ
2830 4563 2975 4634 ἡμᾶς
3001 4565 3317 4619 ἀποσπάσαι
3340 4567 3647 4638 δυνήσεται*

2068 4647 2098 4699 ὃ
2131 4646 2240 4717 γάρ
2269 4646 2297 4698 ὁ
2317 4645 2450 4708 Θεὸς
2480 4645 2816 4711 συνέζευξεν,
2833 4647 3120 4720 ἄνθρωπος
3145 4653 3458 4722 χωρίσαιού
3486 4655 3650 4709 δύνα-

2069 4751 2184 4788 ται.
2223 4735 2284 4787 Εἰ
2311 4732 2421 4804 γάρ
2451 4732 2580 4804 περὶ
2611 4733 2869 4800 γυναικὸς
2914 4737 3006 4790 καὶ
3043 4737 3234 4810 ἀνδρὸς
3277 4737 3446 4808 λέγει·
3500 4742 3648 4797 Ἀντι

2068 4823 2283 4876 τούτου
2301 4820 2650 4890 καταλείψει
2669 4819 2978 4890 ἄνθρωπος
2989 4823 3099 4878 τὸν
3111 4826 3337 4895 πατέρα
3352 4830 3538 4884 αὑτοῦ
3551 4832 3649 4885 καὶ

2074 4912 2190 4982 τὴν
2209 4913 2456 4982 μητέρα,
2503 4912 2601 4966 καὶ
2645 4914 3250 4982 προσκολληθήσεται
3294 4917 3371 4987 τῇ
3397 4922 3638 4988 γυναικὶ

2067 5002 2274 5069 αὐτοῦ,
2298 5002 2396 5057 καὶ
2425 5002 2668 5057 ἔσονται
2689 5005 2742 5057 οἱ
2771 5002 2880 5056 δύο
2903 5007 2989 5070 εὶς
3013 5005 3212 5074 σάρκα
3227 5009 3394 5078 μίαν·
3421 5009 3452 5064 ὃ
3479 5007 3594 5066 οὖν
3615 5016 3648 5065 ό

2070 5091 2214 5157 Θεὸς
2237 5088 2496 5157 ἔζευξεν,
2525 5089 2835 5158 ἅνθρωπος
2852 5091 2941 5161 μὴ
2972 5093 3274 5161 χωριζέτω.
3295 5097 3357 5150 Εἰ
3378 5099 3557 5168 γάμον
3583 5099 3647 5152 οὐ

2065 5177 2292 5232 δύνασαι
2324 5177 2644 5241 διασπάσαι,
2662 5177 2814 5248 πόσῳ
2833 5178 3032 5249 μᾶλλον
3061 5182 3388 5253 Ἐκκλησίαν
3401 5183 3535 5238 Θεοῦ
3548 5186 3650 5238 οὐκ

2070 5264 2275 5335 ἰσχύεις
2302 5263 2640 5332 καταλῦσαις
2674 5264 2810 5318 ἀλλὰ
2842 5266 3097 5338 πολεμεῖς
3116 5270 3303 5339 αὐτὴν,
3332 5271 3392 5323 οὺ
3422 5271 3650 5341 δυνάμε-

2065 5369 2154 5417 νος
2184 5353 2382 5425 βλάψαι
2418 5353 2510 5406 τὸν
2539 5353 2964 5426 πολεμούμενον.
3014 5356 3154 5410 Ἀλλ’
3179 5358 3279 5429 ἐμὲ
3313 5359 3411 5430 μὲν
3439 5361 3648 5435 ἐργάζῃ

2067 5440 2466 5512 λαμπρότερον,
2523 5441 2716 5494 ἑαυτοῦ
2773 5441 2830 5494 δὲ
2863 5441 2963 5513 τὴν
3005 5444 3160 5513 ἰσχὺν
3209 5444 3502 5508 καταλύεις
3547 5445 3646 5514 τῆς

2067 5529 2205 5598 πρὸς
2236 5528 2336 5600 ἐμὲ
2365 5528 2545 5598 μάχης
2574 5539 2626 5568 α·
2665 5529 2945 5597 Σκ.2ηρὸν
2981 5516 3090 5601 γάρ
3119 5545 3216 5584 σοι
3240 5530 3390 5599 πρὸς
3428 5531 3645 5601 κέντρα

2065 5613 2192 5680 ὀξέα
2221 5615 2539 5676 λακτίζειν.
2570 5617 2684 5669 Οὐκ
2715 5615 3011 5687 ἀμϐλύνεις
3037 5617 3104 5670 τὰ
3127 5617 3347 5688 κέντρα,
3366 5618 3501 5672 ἀλλὰ
3516 5620 3642 5683 τοὺς

2126 5746 2152 5774 ⁸
2174 5745 2385 5809 Savilius
2406 5745 2675 5809 legendum
2694 5748 2829 5806 putat
2867 5751 2923 5809 τῇ
2943 5744 3056 5808 πρὸς
3083 5745 3166 5807 ἐμὲ
3191 5745 3334 5809 μάχῃ.
3364 5745 3512 5799 Forte
3536 5762 3648 5797 me-

2065 5807 2160 5857 lius
2182 5808 2258 5856 διὰ
2277 5813 2358 5866 τῆς
2380 5807 2493 5871 πρὸς
2513 5807 2594 5870 ἐμὲ
2616 5807 2782 5868 μάχης.
