4036 6376
416 318 523 376 4Ξ9

419 437 588 500 πόδας
620 439 937 509 αῖμάσσεις·
975 443 1097 494 ἐπεὶ
1148 442 1240 494 καὶ
1273 442 1340 494 τά
1390 442 1606 512 κύματα
1640 442 1738 512 τὴν
1779 441 1989 511 πέτραν

416 519 474 572 οὑ
514 520 742 586 διαλύει,
781 521 895 575 ἀλλ’
933 523 1071 577 αὑτά
1108 526 1184 587 εἰς
1241 523 1411 592 ἀφρὸν
1450 524 1775 577 διαλύονται.
1823 524 1991 575 υὺδέν

427 602 753 675 Ἐκκλησίας
791 606 1173 678 δυνατώτερον,
1197 606 1468 680 ἄνθρωπε.
1504 607 1679 661 Λῦσον
1708 606 1796 659 τὸν
1833 606 1991 660 πόλει

421 701 543 755 μον,
578 687 664 740 ἵνα
703 689 776 760 μὴ
819 689 1095 760 καταλύσῃ
1136 706 1229 741 σου
1268 690 1365 761 τὴν
1402 689 1653 759 δύναμιν·
1690 689 1766 761 μὴ
1802 690 1987 757 εῖσαγε

416 768 654 840 πόλεμον
682 775 760 834 εἰς
790 773 1035 841 οὐρανόν.
1055 772 1375 844 Ἀνθρωπον
1404 775 1499 827 ἐὰν
1527 772 1789 844 πολεμῇς,
1817 773 1848 843 ἢ
1877 773 1988 824 ἐνί-

414 866 610 922 κησας,
643 854 674 924 ἢ
706 856 979 925 ὲνικήθης.
1038 856 1363 927 Ἐκκλησίαν
1405 856 1461 909 δὲ
1495 855 1588 908 ἐὰν
1622 855 1885 927 πολεμῇς,
1909 874 1989 908 νι-

417 937 579 1007 κῆσαί
605 955 662 990 σε
680 940 981 1008 ἀμήχανον·
1007 941 1035 992 ό
1062 940 1193 1002 Θεὸς
1230 940 1338 1011 γάρ
1370 942 1513 992 ἐστιν
1533 940 1560 991 ὁ
1598 939 1813 992 πάντων
1840 941 1987 1007 ἰσχυ-

417 1021 653 1090 ρότερος.
694 1020 789 1088 Μὴ
813 1020 1273 1091 παραζηλοῦμεν
1299 1022 1675 1089 τόνΚύριον;
1692 1021 1778 1090 μὴ
1813 1022 1987 1088 ισχυ-

405 1101 637 1169 ⁴ινόταςροι
672 1103 858 1156 αὐτοῦ
886 1104 1111 1172 ἐσμεν;
1133 1105 1192 1159 '0
1216 1104 1348 1167 Θεὸς
1383 1104 1573 1175 ἔπηξε,
1605 1105 1688 1167 τίς
1722 1104 1988 1173 ἐπιχειρεῖ

417 1185 697 1251 σαλεύεινς
727 1186 843 1238 Πύκ
863 1181 1020 1239 οἶσθα
1054 1185 1219 1240 αὑτοῦ
1248 1187 1345 1258 τὴν
1372 1187 1622 1258 δύναμιν.
1650 1185 1988 1240 Ἐπιόλέπει

409 1269 509 1321 ἐπὶ
535 1268 648 1336 τὴν
676 1271 812 1339 γῆν,
832 1272 927 1325 καί
953 1272 1111 1327 ποιεῖ
1137 1271 1334 1341 αὐτὴν
1360 1270 1615 1341 τρέμειν·
1640 1270 1873 1332 κελεύει,
1896 1270 1989 1322 καὶ

411 1355 479 1408 τὰ
512 1355 767 1426 σειόμενα
797 1356 1080 1430 ἡδράζετο.
1140 1356 1203 1409 Εί
1258 1356 1356 1427 τὴν
1416 1356 1569 1409 πόλιν
1622 1354 1986 1425 σαλευομένην

412 1436 627 1508 ἔστησε,
666 1438 844 1510 πολλῷ
895 1439 1094 1509 μᾶλλον
1146 1443 1245 1512 τὴν
1297 1439 1622 1509 Ἐκκλησίαν
1662 1439 1854 1508 στῆσαι
1892 1436 1987 1490 δύ-

411 1540 588 1577 ναται.
623 1524 686 1576 Ἥ
715 1525 1008 1595 Ἐκκλησία
1031 1526 1260 1597 ούρανοῦ
1292 1525 1632 1598 ἰσχυροτέρα·
1660 1525 1714 1578 Ὁ
1730 1524 1987 1593 οὐρανὸς

412 1604 511 1657 καί
543 1605 580 1672 ἠ
610 1604 685 1675 γῆ
713 1609 1211 1675 παρελεύσονται,
1246 1609 1301 1660 οῖ
1339 1606 1406 1660 δὲ
1430 1610 1599 1676 λόγοι
1642 1623 1762 1676 μου
1789 1607 1861 1658 οὺ
1895 1604 1984 1673 μὴ

412 1686 775 1755 παρέλθωσι.
808 1690 955 1741 Ποῖοι
1010 1688 1193 1758 λόγοις
1227 1690 1312 1744 Σὺ
1356 1686 1416 1744 εἷ
1457 1690 1700 1759 Πέτρος,
1733 1688 1830 1743 καὶ
1885 1688 1985 1741 ἐπὶ

410 1770 599 1836 ταύτῃ
626 1786 746 1838 μου
780 1768 854 1839 τῇ
888 1770 1073 1840 πέτρᾳ
1104 1770 1481 1842 οἰκοδομήσω
1533 1788 1653 1841 μου
1685 1770 1802 1838 τὴν
1856 1770 1986 1823 Ἐλί-

410 1854 696 1919 κλησίαν,
712 1852 807 1907 καί
822 1855 1005 1910 πύλαι
1024 1855 1171 1922 ᾅδου
1188 1858 1260 1910 οὐ
1277 1858 1760 1926 κατισχύσουσιν
1772 1852 1980 1922 αὐτῆς.

482 1959 547 2029 β’.
580 1960 641 2013 El
663 1962 911 2026 ἀπιστεῖς
924 1961 1000 2033 τῷ
1012 1963 1177 2034 λόγῳ,
1193 1964 1415 2017 πίστευε
1427 1966 1538 2027 τοῖς
1556 1963 1864 2035 πράγμασι.
1882 1961 1985 2014 Πό-

411 2059 494 2097 σοι
518 2042 768 2115 τύραννοι
789 2044 1059 2115 ἠθέλησαν
1088 2047 1471 2119 περιγενέσθαι
1492 2047 1590 2117 τῆς
1623 2045 1980 2115 Ἐκκλησίας;

410 2129 553 2182 πόσα
586 2129 830 2200 τήγανας
862 2132 1016 2183 πόσοι
1077 2133 1319 2201 κάμινοιν
1361 2130 1565 2203 θηρίων
1594 2129 1826 2194 ⁶δ⁶ντ⁵ς’
1853 2129 1983 2199 ξίφη

407 2213 718 2284 ἠκονημένα
741 2228 757 2277 ;
782 2212 876 2266 καὶ
904 2214 966 2266 οὑ
997 2213 1392 2283 περιεγένοντο.
1416 2213 1528 2267 Ποῦ
1550 2215 1601 2267 οἱ
1639 2213 1984 2285 πολεμήσανσ

406 2312 533 2358 τες;
565 2295 883 2364 Σεσίγηνται
933 2296 1027 2347 καὶ
1074 2295 1212 2367 ληθῃ
1252 2296 1661 2369 παραδέδονται.
1712 2298 1821 2349 Ποῦ
1858 2298 1916 2350 δὲ
1948 2299 1981 2368 ἡ

420 2376 749 2446 Ἐκκλησίας
794 2376 963 2447 ’Υπὲρ
989 2377 1079 2431 τὸν
1128 2379 1281 2449 ἣλιον
1338 2379 1564 2450 λάμπει.
1622 2380 1705 2432 Τά
1758 2381 1982 2433 ἐκείνων

409 2461 682 2523 ἐσϐεσται,
717 2458 787 2511 τά
819 2458 1023 2530 ταύτης
1053 2460 1318 2515 ἀθάνατα.
1374 2462 1438 2515 El
1466 2462 1555 2515 ὅτε
1599 2462 1770 2531 ὀλίγοι
1817 2460 1979 2534 ἦσαν,

406 2542 506 2594 οὑκ
528 2540 877 2612 ἐνικήθησαν,
906 2542 995 2595 ὅτε
1027 2546 1061 2614 ή
1086 2545 1378 2616 οἰκουμένη
1413 2545 1658 2617 ἐπλήσθη
1675 2546 1979 2612 εὐσεϐείας,

407 2624 525 2688 πῶς
556 2626 777 2695 νικῆσαι
812 2625 1067 2694 δύνασαι;
1108 2627 1171 2680 ’0
1198 2629 1455 2695 οὐρανὸς
1492 2630 1592 2682 καὶ
1636 2632 1675 2698 ἠ
1717 2628 1793 2699 γῆ
1828 2630 1978 2703 μω]

405 2709 903 2775 παρελεύσονται,
920 2712 973 2763 οἱ
994 2708 1062 2762 δὲ
1087 2713 1258 2779 λόγοι
1282 2729 1401 2781 μου
1417 2710 1582 2781 υὺμὴ
1612 2713 1974 2781 παρέλθωσι.

404 2792 516 2844 Καὶ
557 2791 702 2862 μάλα
732 2793 979 2857 εἰκότως·
1012 2793 1360 2865 ποθεινοτέρα
1380 2795 1487 2867 γὰρ
1519 2798 1553 2867 ἡ
1579 2796 1870 2868 Ἐκκλησία
1900 2798 1979 2868 τῷ

404 2874 523 2944 θεῷ
570 2875 664 2927 τοῦ
722 2875 973 2946 ούρανοῦ.
1011 2876 1253 2947 υὺρανοῦ
1314 2866 1473 2949 σῶμα
1526 2866 1625 2932 οὑκ
1684 2866 1975 2945 ἀνέλαϐεν,

418 2958 740 3028 Ἐκκλησίας
762 2960 816 3012 δὲ
848 2960 1026 3031 σάρκα
1060 2959 1305 3014 ἀνέλαϐε·
1332 2961 1421 3014 διὰ
1447 2962 1546 3033 τὴν
1596 2963 1919 3035 Ἐκκλησίαν
1949 2967 1978 3017 6

402 3042 648 3112 οὐρανὸς,
665 3044 726 3097 οὑ
753 3043 840 3098 διὰ
857 3043 947 3097 τὸν
974 3044 1253 3116 οὑρανὺνή
1287 3046 1603 3115 Ἐκκλησία.
1627 3048 1807 3119 Μηδὲν
1834 3050 1977 3119 ὑμᾶς

404 3124 702 3197 θορυϐείτω
754 3127 862 3179 τῶν
903 3129 1229 3197 γενομένων.
1282 3128 1454 3182 Τοῦτό
1508 3146 1596 3200 μοι
1656 3132 1975 3203 χαρίσασθε,

402 3212 588 3263 πίστιν
610 3209 1025 3282 ἀπερίτρεπτον.
1053 3210 1169 3266 Οὔκ
1196 3210 1365 3265 εῖδετε
1384 3212 1476 3265 τὸν
1511 3213 1715 3283 Πέτριν
1749 3231 1979 3287 περιπα-

401 3295 601 3348 τοῦντα
623 3295 847 3348 ἐπὶτῶν
877 3295 1104 3360 ὑδάτων,
1142 3298 1234 3350 καὶ
1281 3298 1462 3365 ὀλίγον
1494 3297 1845 3367 διστάσαντα,
1884 3302 1977 3353 καὶ

406 3378 668 3449 μέλλοντα
695 3378 1204 3442 καταποντίζεσθαι,
1244 3382 1303 3432 οὑ
1337 3381 1425 3432 διὰ
1470 3382 1567 3451 τὴν
1611 3384 1845 3437 ἄτακτον
1870 3386 1977 3436 τῶν

404 3463 611 3515 ὑδάτων
637 3463 835 3533 ὁρμὴν,
859 3461 995 3515 ἀλλά
1016 3464 1103 3516 διά
1128 3464 1226 3533 τὴν
1255 3462 1540 3518 ἀσθένειαν
1580 3465 1679 3535 τῆς
1709 3468 1974 3533 πίστεωςς

404 3546 496 3615 Μὴ
523 3544 629 3616 γὰρ
660 3546 1026 3613 ἀνθρωπίναις
1071 3545 1270 3616 ψήφοις
1321 3546 1554 3601 ἐνταῦθα
1601 3548 1866 3620 ἤλθομεν,
1900 3550 1978 3622 μὴ

402 3631 511 3700 γὰρ
559 3630 843 3698 ἄνθρωπος
892 3629 1133 3700 ἤγαγεν,
1184 3631 1270 3685 ἵνα
1324 3630 1610 3703 ἄνθρωπος
1666 3635 1975 3708 καταλύετὩὶ

404 3713 589 3767 Ταῦτα
616 3714 759 3783 λέγω
785 3715 885 3767 οὑκ
910 3716 1324 3786 ἁπονοούμενος,
1347 3717 1421 3788 μὴ
1444 3717 1671 3785 γένοιτο,
1691 3719 1813 3773 οὑδὲ
1842 3720 1978 3774 ἀλα-

403 3800 773 3871 ζονευόμενος,
804 3798 940 3852 ἀλλά
983 3799 1043 3852 τὸ
1085 3801 1237 3870 ὑμῶν
1291 3803 1688 3873 σεσαλευμένον
1726 3803 1976 3874 στηρίξαι

403 3886 745 3956 βουλόμενος.
775 3886 992 3958 Ἐπειδὴ
1023 3886 1155 3960 ἔστη
1187 3889 1220 3959 ἡ
1249 3888 1422 3955 πόλις,
1458 3889 1783 3961 Ἐκκλησίαν
1802 3895 1830 3945 6
1856 3891 1973 3945 διά-

402 3969 555 4033 ϐολος
585 3970 817 4041 ἠθέλησε
858 3970 1136 4025 σαλεῦσαι.
1180 3973 1360 4044 Μιαρὲ
1406 3974 1499 4025 καὶ
1530 3975 1818 4045 παμμίαρε
1861 3976 1976 4029 διά-

401 4053 547 4116 δολε,
571 4054 764 4124 τοίχων
794 4056 854 4108 οὑ
882 4058 1222 4129 περιεγένου,
1268 4057 1362 4109 καὶ
1398 4057 1720 4129 Ἐκκλησίαν
1748 4061 1976 4131 προσδο-

400 4139 504 4209 κᾷς
537 4138 833 4204 σαλεῦσαι;
859 4141 950 4207 Μὴ
973 4139 1080 4208 γάρ
1122 4141 1180 4191 ἐν
1209 4141 1409 4210 τοίχοις
1434 4144 1468 4210 ἡ
1509 4142 1838 4212 Ἐκκλησία;
1886 4145 1974 4197 Ἐν

397 4220 479 4290 τῷ
507 4219 702 4290 πλήθει
747 4222 854 4272 τῶν
895 4223 1102 4274 πιστῶν
1153 4224 1186 4291 ἡ
1245 4223 1563 4294 Ἐκκλησία.
1625 4227 1756 4279 Ἰδοὺ
1817 4228 1972 4280 πόσοι

400 4301 583 4355 στῦλοι
632 4304 871 4375 ἑδραῖοι,
916 4304 977 4355 οὑ
1024 4304 1228 4375 σιδήρῳ
1266 4306 1557 4376 δεδεμένοι,
1603 4309 1739 4361 ἀλλά
1793 4311 1974 4363 πίστει

397 4388 740 4460 εσφιγμένοι.
800 4391 875 4441 υὺ
929 4387 1072 4457 λέγω
1107 4392 1189 4442 ὅτι
1236 4390 1489 4443 τοσοῦτον
1544 4392 1746 4462 πλῆθος
1801 4395 1974 4465 πυρὸς

398 4472 777 4544 σφοδρότερον·
811 4470 927 4523 ἀλλ’
954 4472 1101 4536 οὔτε,
1130 4476 1179 4526 εἰ
1214 4468 1315 4537 ἐἷς
1356 4470 1445 4545 ἦν,
1479 4477 1821 4547 περιεγένου.
1863 4478 1974 4531 Καὶ

394 4555 579 4622 οἶδας,
620 4552 712 4612 οἷά
769 4575 851 4611 σοι
903 4557 1199 4629 τραύματα
1254 4560 1524 4631 παρέσχον
1569 4562 1619 4613 οί
1670 4563 1967 4631 μάρτυρες.

394 4640 630 4710 Είσῆλθε
664 4640 925 4704 πολλάκις
964 4643 1099 4713 κόρη
1130 4642 1313 4714 ἁπαλὴ
1361 4642 1759 4715 ἀπειρόγαμος·
1796 4644 1969 4716 κηροῦ

393 4719 462 4794 ἦν
484 4722 834 4794 ἁπαλωτέρα,
871 4727 966 4779 καὶ
998 4727 1206 4799 πέτρας
1235 4728 1451 4795 ἐγένετο
1478 4730 1836 4798 στερεωτέρα.
1859 4729 1970 4791 ἰ’ἀς

393 4807 636 4877 πλευράς
664 4808 832 4879 αὐτῆς
866 4810 1032 4875 ἕξεες,
1067 4814 1160 4865 καὶ
1194 4811 1290 4883 τὴν
1319 4811 1499 4865 πίστιν
1528 4810 1700 4880 αὑτῆς
1726 4812 1827 4863 οὑκ
1850 4812 1971 4866 έλα-

394 4893 509 4954 ϐες.
559 4893 817 4963 Ἠτόνησε
844 4896 940 4965 τῆς
974 4897 1173 4966 σαρκὸς
1226 4900 1259 4970 ἡ
1289 4897 1471 4967 φύσις,
1496 4897 1589 4950 καὶ
1632 4899 1732 4950 οὐκ
1761 4899 1969 4971 ἀπηγο-

397 4974 565 5047 ρεύθη
604 4976 701 5047 τῆς
723 4976 957 5040 πίστεως
991 4980 1025 5049 ἡ
1058 4980 1304 5050 δύναμις·
1347 4982 1654 5034 ἐδαπανᾶτο
1684 4982 1744 5034 τὸ
1777 4983 1967 5053 σῶμα,

392 5059 731 5114 ἐνεανιεύετο
760 5061 817 5113 τὸ
850 5062 1125 5133 φρόνημα·
1155 5065 1478 5135 ἀνηλίσκετο
1514 5065 1572 5119 δέ
1600 5068 1634 5136 ἡ
1662 5064 1840 5131 οὑσία,
1873 5068 1967 5119 καὶ

393 5145 587 5217 ἔμενεν
614 5146 649 5216 ἡ
681 5143 958 5199 εὐλάϐεια.
990 5146 1251 5211 Γυναικός
1273 5152 1332 5202 οὑ
1357 5151 1672 5222 περιεγένου
1701 5153 1850 5222 μιᾶς,
1872 5152 1967 5204 καὶ

389 5228 644 5283 τοσούτου
668 5230 1049 5303 περιγενέσθαι
1068 5232 1238 5305 δήμου
1259 5237 1592 5308 προσδοκᾷς;
1613 5239 1725 5291 Οὑκ
1747 5240 1967 5304 ἀκούεις

390 5314 485 5366 τοῦ
514 5312 717 5381 Κυρίου
743 5313 1013 5381 λέγοντος,
1044 5315 1227 5369 Ὅπου
1257 5317 1365 5372 δύο
1394 5320 1431 5389 ἢ
1464 5321 1622 5389 τρεῖς
1654 5325 1774 5376 είσι
1813 5341 1966 5378 συν-

389 5398 635 5467 ηγμένοι
694 5400 782 5464 είς
828 5398 895 5451 τὸ
945 5399 1134 5468 ὄνομὰ
1184 5418 1325 5468 μου,
1375 5405 1500 5459 ἐκεῖ
1541 5410 1658 5476 εἰμι
1690 5409 1759 5461 ἐν
1791 5410 1961 5478 μέσῳ

391 5478 627 5544 αὺτῶν;
668 5482 844 5534 Ὅπου
892 5481 1144 5544 τοσοῦτος
1182 5484 1351 5553 δῆμος
1388 5489 1573 5564 ἀγάπῃ
1615 5495 1961 5564 ἐσφιγμένος,

392 5569 455 5621 οὑ
484 5568 783 5638 πάρεστιν;
821 5568 967 5638 Ἔχω
996 5568 1161 5621 αὑτοῦ
1198 5571 1470 5644 ἐνέχυρον·
1525 5562 1598 5648 μὴ
1646 5562 1754 5652 γάρ
1786 5562 1966 5656 οἰκείᾳ

391 5651 621 5735 δυνάμει
646 5652 1263 5723 θαῤῥῶςΓραμματεῖον
1302 5661 1465 5714 αὑτοῦ
1499 5651 1732 5735 κατέχω.
1759 5651 1966 5724 Ἐκεῖνό

397 5750 488 5801 μοι
516 5733 806 5804 βακτηρία,
833 5737 1005 5789 ἐκεῖνό
1047 5756 1133 5807 μοι
1165 5740 1451 5815 ἀσφάλεια,
1479 5733 1665 5802 ἐκεῖνό
1690 5770 1777 5821 μοι
1801 5742 1981 5827 λιμὴν

1123 305 1180 358 S.
1217 302 1500 363 JOANNIS
1535 306 2018 364 CHRYSOSTOMI
2058 309 2376 366 ARCHIEP.
2418 309 2966 369 CONSTANTINOP.

3565 329 3675 384 ιπο

2104 444 2437 516 ἀκύμαντος.
2472 444 2593 499 Κάν
2618 445 2651 515 ἡ
2679 442 2972 513 οἰκουμένη
2998 444 3358 513 ταράττηται,
3393 444 3456 497 τὸ
3486 461 3674 516 γραμ-

2101 531 2321 597 ματεῖον
2369 527 2614 596 κατέχω·
2670 525 2818 595 αὑτῷ
2849 525 2921 594 (f.
2954 524 3124 595 αὑτὸ)
3175 524 3565 593 ἀναγινώσκω·
3602 530 3675 581 τά

2099 609 2401 680 γράμματα
2429 612 2615 663 ἐκεῖνα
2651 610 2827 678 τεῖχος
2885 608 3008 677 ἐμοὶ
3059 608 3154 660 καὶ
3200 608 3490 676 ἀσφάλεια.
3537 610 3677 663 Ποῖα

2096 691 2302 756 ταῦτα;
2340 692 2488 762 Ἐγὼ
2528 691 2656 760 μεθ’
2702 688 2869 759 ὑμῶν
2909 692 3022 759 εἰμι
3058 689 3261 757 πάσας
3305 693 3412 758 τὰς
3449 692 3678 760 ἡμέρας

2093 773 2206 841 ἕως
2237 774 2347 842 τῆς
2376 774 2732 840 συντελείας
2750 773 2855 826 τοῦ
2875 773 3110 839 αἰῶνος,
3128 775 3359 845 Χριστὸς
3378 777 3495 845 μετ’
3513 774 3674 845 ἐμοῦ,

2094 857 2193 911 καὶ
2223 858 2343 911 τίνα
2370 857 2783 928 φοϐηθήσομαι;
2826 855 2944 909 Κάν
2984 856 3203 927 κύματα
3246 861 3368 911 κατ’
3399 857 3534 928 ἐμοῦ
3564 858 3670 910 διε·

2097 940 2369 1012 γείρηται,
2406 941 2510 994 κᾶν
2541 939 2776 1009 πελάγη,
2830 939 2931 993 κᾶν
2986 940 3263 1010 ἀρχόντων
3317 940 3498 1012 θυμοί·
3550 944 3676 1012 ἐμοὶ

2093 1023 2269 1079 ταῦτα
2303 1024 2478 1078 πάντα
2511 1024 2753 1095 ἀράχνης
2808 1024 3183 1094 εὐτελέστερα.
3233 1026 3344 1077 Καὶ
3389 1027 3437 1078 εί
3484 1024 3558 1095 μὴ
3585 1025 3677 1079 διὰ

2093 1107 2192 1178 τὴν
2220 1107 2493 1178 ὑμετέραν
2518 1109 2761 1177 ἀγάπην,
2779 1106 2899 1159 οὑδέ
2921 1108 3159 1177 σήμερον
3184 1106 3248 1160 ἂν
3267 1108 3677 1179 παρῃτησάμην

2091 1189 2368 1244 ἀπελθεῖν.
2416 1190 2527 1243 Ἀεὶ
2575 1190 2684 1261 γάρ
2714 1187 2877 1257 λέγω,
2919 1191 3117 1257 Κύριε,
3169 1190 3234 1243 τὸ
3283 1190 3401 1243 σόν
3443 1190 3676 1260 θέλημα

2090 1272 2378 1342 γενέσθω·
2408 1272 2482 1343 μὴ
2515 1274 2542 1326 ὃ
2577 1290 2631 1325 τι
2656 1275 2685 1325 6
2711 1273 2881 1337 δεῖνα,
2923 1274 3017 1325 καὶ
3045 1274 3074 1324 6
3110 1272 3279 1335 δεῖνα,
3306 1273 3419 1326 ἀλλ’
3445 1273 3501 1326 εί
3524 1292 3578 1327 τι
3606 1275 3674 1328 σὺ

2094 1354 2293 1424 βούλει.
2316 1352 2490 1419 Οὗτος
2519 1357 2641 1427 ἐμοὶ
2669 1355 2898 1428 πύργος,
2930 1354 3089 1408 τοῦτο
3112 1354 3235 1424 ἐμοὶ
3263 1356 3437 1424 πέτρα
3471 1355 3673 1429 ἀκίνη-

2090 1454 2203 1501 τος·
2237 1439 2395 1491 τοῦτο
2428 1439 2551 1509 ἐμοὶ
2581 1437 2852 1509 βακτηρία
2876 1438 3294 1509 ἀπερίτρεπτος.
3331 1438 3393 1491 Et
3422 1437 3674 1509 βούλεται

2089 1522 2117 1573 6
2147 1521 2279 1584 Θεὸς
2298 1521 2457 1575 τοῦτο
2480 1522 2753 1591 γενέσθαι,
2785 1521 3038 1590 γινέσθω.
3072 1523 3134 1574 Et
3169 1520 3414 1590 βούλεται
3436 1520 3675 1577 ἐνταῦθα.

2089 1601 2227 1659 εἷναί
2259 1622 2349 1675 με,
2384 1607 2542 1677 χάριν
2569 1604 2696 1675 έχω.
2725 1606 2900 1658 Ὅπου
2937 1604 3203 1676 βούλεται,
3231 1603 3560 1675 εὐχαριστῶ.

2158 1695 2228 1755 γ’.
2264 1688 2471 1759 Μηδεὶς
2492 1689 2636 1759 ὑμᾶς
2657 1686 2975 1757 θορυϐείτω·
3012 1690 3130 1751 ταῖς
3147 1689 3333 1758 εὐχαῖς
3350 1689 3670 1759 προσέχετε.

2089 1770 2276 1825 Ταῦτα
2298 1771 2550 1841 ἐποίησεν
2583 1771 2611 1823 6
2651 1768 2916 1833 διάϐολος,
2950 1770 3037 1824 ἵνα
3069 1772 3276 1842 ἐκκόψῃ
3304 1771 3403 1841 τὴν
3429 1771 3671 1843 σπουδὴν

2085 1854 2183 1927 τὴν
2205 1872 2270 1907 πε
2280 1856 2331 1926 ρὶ
2359 1854 2457 1918 τάς
2481 1853 2772 1917 λιτανείας.
2802 1853 2943 1907 Ἀλλ’
2959 1855 3021 1907 οὑ
3054 1857 3331 1926 προχωρεῖ
3350 1854 3516 1925 αὑτῷ·
3536 1854 3675 1909 ἀλλά

2087 1940 2533 2011 σπουδαιοτέρους
2551 1939 2693 2008 ὑμᾶς
2711 1939 2804 1992 καὶ
2820 1937 2877 1992 θε
2887 1939 3048 2009 ρμοτέ
3056 1956 3180 2009 ρους
3202 1939 3539 2008 εὑρήκαμεν.
3561 1937 3671 1991 A6-

2090 2042 2202 2093 ριον
2234 2022 2382 2096 [417]
2417 2024 2496 2085 εἰς
2541 2021 2804 2074 λιτανεῖον
2846 2020 3197 2089 ἐξελεύσομαι
3239 2021 3358 2091 μεθ’
3384 2020 3561 2091 ὑμῶν.
3596 2022 3671 2073 ’Ἡ

2086 2109 2219 2161 ὅπου
2258 2118 2283 2147 ι
2321 2105 2451 2174 ἐγὼ,
2487 2104 2583 2157 καὶ
2607 2105 2764 2173 ὑμεῖς
2784 2104 2934 2157 ἐκεῖ·
2967 2104 3102 2157 ὅπου
3134 2104 3312 2175 ὑμεῖς,
3342 2106 3460 2157 ἐκεῖ
3477 2103 3630 2173 κάγὼ
3652 2121 3668 2136 ·

2085 2190 2143 2244 ἒν
2171 2190 2332 2261 σῶμά
2373 2192 2572 2260 ἐσμεν·
2605 2190 2666 2241 οὑ
2700 2187 2861 2258 σῶμα
2905 2187 3169 2257 κεφαλῆς,
3200 2188 3262 2241 οὑ
3296 2187 3510 2258 κεφαλὴ
3562 2187 3673 2240 σώ-

2088 2290 2254 2343 ματος
2301 2271 2609 2343 χωρίζεται.
2647 2269 3008 2341 Διειργόμεθα
3051 2268 3130 2339 τῷ
3162 2268 3334 2338 τόπῳ,
3366 2269 3483 2323 ἀλλ’
3529 2271 3671 2340 ἠνώ-

2088 2357 2228 2427 μεθα
2268 2359 2335 2427 τῇ
2381 2355 2604 2425 ἀγάπῃ·
2634 2353 2756 2408 οὑδέ
2795 2353 3026 2415 θάνατος
3069 2352 3324 2421 διακόψαι
3355 2352 3666 2424 δυνήσεται.

2084 2443 2204 2497 Κάν
2247 2443 2356 2512 γὰρ
2407 2439 2654 2510 ἀποθάνῃ
2693 2455 2794 2509 μου
2834 2438 2897 2491 τὸ
2946 2437 3128 2507 σῶμα,
3176 2437 3242 2507 ζῇ
3277 2438 3310 2507 η
3352 2436 3533 2510 ψυχὴ,
3574 2437 3672 2490 καὶ

2087 2526 2358 2595 μέμνηται
2376 2522 2469 2575 τοῦ
2492 2521 2664 2591 δήμου
2685 2536 2699 2551 ο
2730 2519 2887 2590 ὑμεῖς
2919 2518 3043 2589 ἐμοὶ
3074 2517 3336 2594 πατέρες·
3369 2521 3487 2583 πως
3516 2521 3672 2590 ὑμῶν

2080 2609 2314 2677 δύναμαι
2365 2602 2746 2670 ἐπιλαθέσθαι;
2795 2603 2954 2672 ὑμεῖς
3004 2602 3130 2671 ἐμοὶ
3185 2602 3452 2674 πατέρες,
3510 2603 3671 2675 ὑμεῖς

2081 2691 2205 2761 ἐμοὶ
2242 2690 2377 2761 ζωὴ,
2406 2690 2563 2760 ὑμεῖς
2592 2687 2714 2757 ἐμοὶ
2759 2686 3131 2757 εὑδοκίμησις.
3168 2685 3294 2738 Ἐάν
3333 2688 3492 2758 ὑμεῖς
3531 2704 3669 2759 προ-

2081 2775 2306 2844 κόψητε,
2348 2772 2459 2842 ἐγὼ
2491 2770 2783 2841 εὑδοκιμῶ·
2817 2770 2959 2823 ὥστε
2999 2771 3121 2840 ἐμοὶ
3171 2770 3285 2841 ζωὴ
3335 2770 3567 2835 πλοῦτος
3608 2774 3672 2827 ἐν

2080 2857 2159 2928 τῷ
2193 2856 2443 2928 ὑμετέρῳ
2493 2856 2669 2928 κεῖται
2713 2851 2991 2923 θησαυρῷ.
3029 2851 3171 2921 Ἐγὼ
3227 2854 3488 2925 μυριάκις
3520 2856 3670 2928 ὑπὲρ

2082 2940 2236 3010 ὑμῶν
2261 2939 2535 3008 σφαγῆναι
2560 2938 2774 3008 ἕτοιμος
2802 2936 2917 3003 (καί¹
2938 2936 3195 3005 οὐδεμίαν
3224 2938 3384 3007 χάριν
3416 2937 3665 3009 παρέχω,

2080 3024 2219 3080 ἀλλά
2254 3024 2349 3079 καὶ
2374 3020 2597 3093 ὀφειλὴν
2635 3019 2971 3091 ἀποδίδωμι·
3014 3019 3068 3072 '0
3102 3020 3209 3091 γάρ
3249 3020 3475 3088 ποιμὴν
3503 3024 3534 3074 ό
3564 3037 3670 3073 κα-

2080 3108 2192 3174 λὸς
2221 3105 2338 3175 τὴν
2363 3106 2577 3175 ψυχὴν
2615 3102 2803 3158 αὐτοῦ
2836 3103 3077 3169 τίθησιν
3112 3103 3267 3171 ὑπὲρ
3300 3103 3419 3157 τῶν
3447 3103 3668 3172 προϐάς-

2024 3228 2029 3234 ~
2080 3190 2243 3260 τῶν),
2274 3190 2368 3244 καὶ
2409 3190 2684 3258 σφαγῆναι
2720 3185 3001 3256 μυριάκις,
3041 3187 3138 3239 καὶ
3173 3188 3375 3258 μυρίας
3420 3187 3669 3257 κεφαλάς

2082 3271 2485 3344 ἀποτμηθῆναι.
2524 3269 2679 3340 Ἐμοὶ⁹
2710 3272 2739 3323 6
2767 3269 2994 3332 θάνατος
3019 3261 3174 3331 οὗτος
3212 3270 3509 3334 ἀθανασίας
3543 3270 3668 3324 ὑπό-

2082 3356 2250 3419 θεσις,
2294 3354 2418 3425 ἐμοὶ
2460 3355 2515 3406 αῖ
2555 3350 2839 3405 ἐπιϐουλαὶ
2871 3347 3032 3404 αὗται
3073 3352 3373 3420 ἀσφαλείας
3412 3355 3662 3424 ἀφορμή.

2081 3439 2173 3511 Μὴ
2210 3438 2317 3509 γὰρ
2344 3436 2433 3490 διὰ
2479 3438 2738 3507 χρήματα
2782 3434 3226 3506 ἐπιϐουλεύομαι,
3262 3436 3350 3488 ἵνα
3399 3435 3663 3507 λυπηθῶς

2084 3522 2160 3594 μὴ
2184 3523 2293 3593 γάρ
2316 3520 2384 3573 δι’
2409 3520 2808 3590 ἁμαρτήματα,
2838 3517 2927 3570 ἴνα
2950 3517 3208 3587 ἀλγήσω;
3234 3518 3334 3570 Διά
3365 3518 3457 3572 τὸν
3487 3518 3667 3591 ἔρωτα

2078 3604 2170 3657 τὸν
2205 3602 2333 3674 περὶ
2365 3602 2507 3672 ὑμᾶς
2528 3619 2541 3631 ·
2583 3599 2769 3672 ἐπειδὴ
2824 3601 3002 3653 πάντα
3054 3601 3212 3663 ποιῶ,
3244 3599 3384 3653 ὥστε
3420 3600 3564 3671 ὑμᾶς
3607 3602 3666 3654 ἐν

2080 3687 2355 3759 ἀσφαλείᾳ
2390 3687 2589 3757 μεῖναι,
2623 3682 2761 3737 ὥστε
2797 3682 3000 3754 μηδένα
3042 3683 3420 3752 παρεισελθεῖν
3449 3687 3515 3754 τῇ
3547 3700 3666 3737 ποι⁴

2086 3790 2217 3844 μνη,
2242 3771 2383 3825 ὥστε
2415 3774 2595 3841 μεῖναι
2630 3769 2889 3839 ἀκέραιον
2914 3769 2974 3820 τὸ
3005 3768 3274 3840 ποίμνιον.
3312 3770 3376 3822 'H
3408 3769 3665 3830 ὑπόθεσις

2078 3855 2188 3909 τῶν
2218 3853 2443 3923 ἀγώνων
2480 3854 2642 3923 ἀρκεῖ
2683 3867 2773 3921 μοι
2801 3852 2881 3915 είς
2915 3850 3198 3920 στέφανον.
3228 3851 3294 3903 Τί
3326 3852 3436 3923 γὰρ
3463 3850 3530 3906 ἀν
3560 3852 3666 3906 πά-

2081 3939 2229 4010 θοιμι
2259 3937 2399 4007 ὑπὲρ
2442 3937 2630 4006 ὑμῶν;
2673 3936 2860 4005 Ὑμεῖς
2906 3936 3029 4005 ἐμοὶ
3066 3935 3304 3999 πολῖται,
3340 3937 3497 4006 ὑμεῖς
3538 3936 3665 4005 ἐμοὶ

2079 4022 2335 4093 πατέρες,
2363 4021 2519 4090 ὑμεῖς
2544 4020 2666 4089 ἐμοὶ
2691 4019 2928 4086 ἀδελφοὶ,
2952 4019 3109 4089 ὑμεῖς
3137 4019 3261 4090 ἐμοὶ
3290 4020 3475 4085 τέκνα,
3502 4021 3663 4088 ὑμεῖς

2080 4106 2203 4174 ἐμοὶ⁵
2238 4104 2393 4174 μέλη,
2422 4104 2575 4173 ὑμεῖς
2602 4103 2725 4170 ἐμοὶ
2756 4101 2936 4171 σῶμα,
2964 4103 3122 4171 ὑμεῖς
3142 4103 3267 4173 ἐμοὶ
3292 4103 3427 4171 φῶς,
3464 4102 3665 4173 μᾶλλον

2077 4189 2135 4241 δὲ
2159 4189 2253 4241 καὶ
2280 4185 2374 4240 τοῦ
2399 4185 2575 4255 φωτὸς
2602 4183 2792 4237 τούτου
2816 4184 3159 4256 γλυκύτεροι.
3192 4186 3257 4239 Τί
3285 4187 3394 4257 γὰρ
3420 4184 3665 4238 τοιοῦτον

2078 4271 2307 4342 παρέχει
2347 4286 2436 4340 μοι
2463 4271 2498 4339 η
2546 4270 2740 4322 ἀκτῖνα
2762 4268 2791 4308 δ
2828 4262 2939 4320 οἷον
2972 4270 3006 4336 ἡ
3044 4269 3286 4337 ὑμετέρα
3335 4268 3557 4339 ἀγάπης
3599 4269 3665 4323 Ἠ

2078 4354 2271 4408 ἀκτῖνα
2303 4355 2361 4406 ἐν
2388 4350 2466 4421 τῷ
2502 4351 2732 4422 παρόντι
2773 4366 2840 4420 με
2875 4350 2974 4421 βίῳ
3006 4350 3228 4417 ὠφελεῖ,
3257 4353 3290 4421 ἡ
3331 4351 3389 4403 δὲ
3420 4352 3665 4422 ὑμετέρα

2077 4437 2267 4506 ἀγάπη
2298 4432 2559 4502 στέφανόν
2595 4449 2685 4503 μοι
2724 4432 2913 4485 πλέκει
2958 4435 3016 4484 ἐν
3055 4430 3133 4503 τῷ
3178 4432 3442 4504 μέλλοντι.
3477 4432 3665 4488 Ταῦτα

2076 4518 2132 4570 δέ
2163 4518 2305 4586 λέγω
2344 4519 2423 4579 είς
2454 4510 2569 4568 ὦτα
2614 4515 2954 4568 ἀκουόντων·
2991 4514 3042 4567 τί
3070 4514 3127 4567 δέ
3156 4506 3269 4568 τῶν
3300 4513 3453 4567 ὤτων
3507 4515 3664 4585 ὑμῶν

2077 4601 2575 4671 ἀκουστικὼτερονς
2631 4597 2914 4661 Τοσαύτας
2970 4598 3181 4668 ἡμέρας
3238 4598 3662 4669 ἠγρυπνήσατε,

2081 4687 2177 4740 καὶ
2209 4685 2363 4739 οὐδὲν
2401 4684 2546 4753 ὑμᾶς
2604 4681 2871 4751 ἔκαμψεν,
2918 4682 2978 4734 οὑ
3027 4682 3222 4753 χρόνου
3262 4682 3437 4753 μῆκος
3489 4681 3664 4752 μάλα-

2076 4770 2352 4840 κωτέρους
2397 4770 2544 4838 ὑμᾶς
2593 4765 2868 4835 ἐποίησεν,
2914 4766 2976 4818 οὑ
3017 4765 3208 4832 φόϐοι,
3257 4768 3358 4820 οὑκ
3401 4766 3657 4819 ἀπειλαί·

2075 4854 2217 4924 πρὸς
2257 4853 2435 4905 πάντα
2463 4849 2716 4919 ἐγένεσθε
2759 4851 3015 4917 γενναῖοι.
3057 4850 3166 4904 Καὶ
3189 4850 3242 4903 τί
3278 4849 3439 4918 λέγω,
3480 4851 3661 4918 ἐγένε-

2076 4937 2202 5003 σθε;
2230 4935 2400 4988 Τοῦτο
2426 4935 2564 5004 ὅπερ
2588 4930 2896 5002 ἐπεθύμουν
2932 4932 3039 4990 ἀεὶ,
3075 4935 3524 5005 κατεφρονήσατε
3550 4933 3659 4987 τῶν

2074 5017 2343 5088 βιωτικῶν
2393 5015 2758 5088 πραγμάτων,
2792 5015 3136 5079 ἀπετάξασθε
3176 5018 3243 5086 τῇ
3286 5017 3393 5085 γῇ,
3436 5017 3517 5078 είς
3566 5016 3660 5072 τὸν

2071 5103 2301 5174 οὑρανὺν
2332 5102 2625 5173 μετέστητε
2644 5117 2656 5129 ·
2684 5098 3041 5169 ἀπηλλάγητε
3078 5098 3186 5151 τῶν
3219 5098 3530 5168 συνδέσμων
3558 5099 3655 5157 τοῦ

2074 5186 2359 5257 σώματος,
2416 5184 2553 5255 πρὸς
2607 5182 2703 5253 τὴν
2745 5184 3023 5253 μακαρίαν
3080 5183 3297 5254 ἐκείνην
3358 5184 3656 5254 άμιλλᾶσθε

2070 5270 2407 5342 φιλοσοφίαν.
2439 5268 2623 5322 Ταῦτα
2655 5270 2780 5338 ἐμοὶ
2815 5268 3098 5337 στέφανοι,
3147 5266 3322 5320 ταῦτα
3368 5268 3659 5339 παράκλη-

2070 5373 2172 5420 σις,
2217 5353 2389 5407 ταῦτα
2429 5352 2770 5424 παραμυθία,
2814 5351 2988 5404 ταῦτα
3027 5351 3151 5420 ἐμοὶ
3182 5350 3445 5420 άλειμμα,
3484 5349 3657 5404 ταῦτα

2070 5438 2207 5508 ζωὴ,
2231 5435 2406 5489 ταῦτα
2445 5434 2741 5497 ἀθανασίας
2775 5434 3051 5496 ὑπόθεσις.

2130 5572 2156 5608 ⁸
2180 5577 2467 5640 Legendum
2502 5577 2699 5626 videtur
2722 5577 2803 5625 καὶ
2825 5577 2965 5635 ὅπου,
2991 5580 3140 5636 atque
3165 5575 3230 5624 ila
3252 5574 3379 5634 legit
3401 5579 3540 5623 vetus
3568 5576 3654 5625 ιιι-

2068 5647 2457 5750 ωἱρεῆεοάκτῖνα.
2483 5700 2563 5751 Sic
2581 5699 2630 5749 in
2654 5697 2952 5749 nominativo
2975 5698 3199 5749 dicerent
3223 5697 3377 5747 ϐιωιῆ
3400 5696 3653 5748 hodierni.

2067 5765 2198 5814 Ειητ.
