4036 6424
289 382 387 441 429

294 497 557 551 catcitrare
581 495 743 568 (Act.
777 497 829 552 9.
852 498 949 569 5).
999 496 1114 553 Non
1159 497 1423 553 obtundes
1464 496 1709 551 stimulos
1734 536 1748 559 ,
1783 496 1890 548 imo

292 588 546 658 sanguine
575 588 744 657 pedes
773 589 976 644 inﬁcics
1017 607 1029 641 :
1076 588 1503 659 quandoquidem
1547 586 1738 642 ﬂuctus
1782 599 1887 639 non

292 689 498 748 petram
529 677 877 748 dissolvunt,
906 679 1000 735 sed
1029 681 1126 750 ipsi
1155 680 1206 735 in
1235 694 1477 750 spumam
1505 678 1721 733 abeunt.
1746 675 1889 731 Nihil

289 770 528 826 Ecclesia
553 774 830 842 potentius
853 815 868 839 ,
896 787 930 828 o
952 773 1132 827 homo.
1166 773 1371 827 Bellum
1401 771 1550 826 solve
1580 811 1593 833 ,
1623 785 1690 824 ne
1727 768 1890 823 robur

288 863 549 917 dissolvas
579 873 765 931 tuum;
795 879 862 919 ne
900 863 1100 919 inferas
1145 864 1277 919 caelo
1324 864 1540 918 bellum.
1582 862 1638 917 Si
1681 861 1888 915 homini

289 951 487 1006 bellum
516 951 720 1009 inferas
744 995 760 1020 ,
788 962 880 1008 aut
907 955 1087 1008 vinces
1113 996 1128 1021 ,
1158 965 1249 1008 aut
1274 953 1612 1023 superabcris
1656 969 1671 1006 :
1710 952 1754 1007 si
1783 952 1887 1006 Ec-

287 1044 509 1099 clesiam
543 1060 819 1115 oppugnes
844 1087 860 1112 ,
889 1049 1104 1102 vincere
1126 1046 1316 1116 nequis
1350 1062 1366 1100 :
1406 1045 1652 1100 omuilms
1689 1044 1887 1115 quippe

289 1136 481 1193 fortior
502 1148 590 1193 est
607 1139 764 1192 Deus.
792 1140 869 1193 An
892 1140 1196 1193 wnmlamur
1223 1138 1494 1195 Dormitum
1517 1137 1539 1191 ?
1565 1154 1630 1189 an
1654 1137 1887 1206 fortiores

286 1227 378 1305 illo
400 1245 582 1282 sumus
609 1231 627 1299 (
653 1230 700 1283 1.
733 1228 861 1283 Cor.
892 1230 978 1285 10.
1006 1229 1074 1283 22
1097 1229 1140 1298 )?
1178 1230 1318 1283 Deus
1362 1228 1474 1281 ﬁxit
1519 1236 1572 1281 et
1615 1225 1841 1280 ﬁrmavit
1867 1267 1883 1292 ,

289 1319 409 1389 quis
438 1329 731 1375 concutere
759 1320 1082 1374 tentaverit?
1107 1319 1220 1373 Non
1262 1320 1398 1373 nosti
1438 1318 1688 1371 virtutem
1739 1317 1877 1383 ejus.

290 1410 519 1481 Respicit
549 1420 732 1465 terram
757 1452 772 1477 ,
796 1420 842 1464 et
862 1413 984 1481 facit
1005 1426 1115 1464 eam
1141 1420 1347 1464 tremere
1370 1410 1389 1481 (
1415 1407 1555 1463 Paul.
1584 1407 1705 1463 105.
1730 1407 1799 1461 ’52
1821 1407 1838 1476 )
1864 1421 1878 1458 :

283 1500 480 1570 jubet,
530 1511 588 1557 et
635 1517 752 1572 qua:
797 1501 1237 1557 concutiebantur
1276 1501 1425 1554 ﬁrma
1469 1498 1782 1554 consistunt.
1829 1496 1884 1552 Si

284 1610 607 1653 concussam
639 1599 821 1654 urbem
855 1598 1119 1664 ﬁrmavit,
1151 1606 1349 1668 quanto
1385 1596 1550 1665 magis
1586 1593 1874 1649 Ecclesiam

282 1687 505 1744 ﬁrmare
533 1690 771 1759 poterit?
810 1689 1047 1745 Ecclesia
1085 1696 1169 1745 est
1204 1690 1319 1758 ipso
1357 1687 1487 1743 cado
1529 1686 1713 1740 fortior
1741 1700 1754 1737 :
1783 1683 1884 1737 Ca:-

281 1780 384 1833 lum
413 1790 463 1834 et
489 1789 624 1834 terra
655 1781 976 1848 transibunt,
1008 1780 1156 1835 verba
1196 1788 1363 1833 autem
1406 1794 1516 1832 mea
1555 1793 1656 1829 non
1718 1784 1882 1828 trans-

283 1872 426 1925 ibunt
471 1873 491 1945 (
522 1870 711 1926 Matth.
740 1872 833 1927 24.
863 1873 932 1927 55
958 1872 998 1943 ).
1031 1871 1161 1939 Qua:
1190 1869 1393 1926 verba?
1438 1868 1518 1922 Tu
1562 1884 1613 1921 es
1661 1864 1843 1919 Petrus
1863 1908 1877 1932 ,

279 1975 327 2018 et
354 1981 505 2035 super
532 1966 666 2018 hanc
685 1981 846 2029 meam
875 1974 1067 2034 petram
1086 1961 1349 2031 wdiﬁcabo
1381 1958 1663 2014 Ecclesium
1696 1946 1877 2020 meam,

279 2066 325 2107 et
340 2064 503 2125 porta:
516 2055 668 2127 inferi
684 2071 781 2110 non
793 2054 1132 2123 praevalebunt
1151 2053 1390 2107 adversus
1407 2042 1517 2104 eam
1531 2048 1638 2121 (Id.
1660 2048 1745 2102 16.
1768 2048 1875 2117 18).

348 2145 407 2200 2.
446 2145 502 2201 Si
531 2161 639 2201 non
670 2146 845 2202 credis
873 2146 1058 2211 verbo,
1088 2146 1249 2201 rebus
1278 2144 1459 2200 crede.
1500 2142 1640 2211 Quot
1666 2140 1876 2212 tyranni

279 2236 579 2292 Ecclesiam
620 2237 923 2308 opprimere
962 2234 1342 2292 tentaverunt?
1387 2243 1517 2305 quot
1542 2231 1875 2302 sartagines?

281 2339 412 2399 quot
452 2329 724 2396 fornaces,
749 2329 977 2386 ferarum
1007 2329 1214 2395 dentes,
1239 2328 1403 2399 gladii
1430 2328 1609 2382 acuti?
1637 2327 1875 2395 nihilque

281 2421 647 2491 perfecerunt.
667 2422 896 2479 Ubinam
919 2432 1042 2478 sunt
1062 2423 1242 2478 hostes
1271 2422 1382 2476 illi?
1407 2420 1630 2476 Silentio
1655 2430 1710 2475 et
1734 2419 1872 2475 obli-

279 2513 422 2568 vioni
449 2513 628 2568 traditi
654 2522 796 2567 sunt.
842 2512 1069 2569 Ubinam
1117 2511 1395 2569 Ecclesia?
1440 2511 1565 2566 Plus
1593 2525 1751 2580 quam
1791 2509 1872 2564 sol

277 2601 629 2672 splendescit.
674 2603 805 2672 Quae
837 2603 1047 2658 illorum
1093 2610 1245 2657 erant
1273 2602 1535 2657 exstinCta
1578 2610 1721 2669 sunt,
1749 2615 1870 2671 qua:

277 2695 344 2748 ad
374 2694 518 2748 illam
541 2703 785 2764 spectant
810 2705 933 2749 sunt
960 2694 1296 2748 immortalia.
1316 2692 1370 2748 Si
1393 2708 1514 2748 cum
1540 2693 1693 2763 pauci
1719 2700 1872 2748 erant

277 2782 593 2848 Christiani,
627 2798 730 2837 non
759 2782 883 2838 victi
912 2793 1054 2849 sunt,
1090 2783 1302 2854 quando
1332 2783 1478 2838 orbis
1506 2792 1648 2838 totus
1671 2783 1754 2853 pia
1781 2798 1869 2838 re-

279 2872 476 2941 ligione
533 2873 721 2943 plenus
770 2882 871 2937 est,
914 2873 1182 2943 quomodo
1231 2874 1349 2928 illos
1393 2874 1608 2929 vincere
1656 2872 1870 2943 possis?

279 2963 471 3017 Caelum
505 2974 551 3017 et
580 2950 717 3018 terra
739 2964 1041 3031 transibunt,
1072 2963 1220 3019 verba
1251 2977 1419 3019 autem
1444 2982 1555 3019 mea
1575 2982 1675 3019 non
1705 2973 1870 3019 trans-

279 3054 419 3108 ibunt
464 3053 599 3125 (Id.
648 3056 739 3110 24.
787 3056 854 3111 55
883 3054 925 3128 ).
976 3056 1041 3111 Ει
1082 3059 1204 3126 jure
1250 3058 1462 3128 quidem
1521 3074 1535 3111 :
1590 3057 1870 3112 amabilior

278 3148 421 3201 enim
473 3156 557 3201 est
602 3147 839 3203 Ecclesia
889 3148 1022 3216 Deo,
1063 3163 1221 3219 quam
1266 3149 1453 3204 caelum
1503 3148 1696 3218 ipsum.
1741 3149 1868 3204 (Ζωιί

278 3252 474 3309 corpus
520 3253 626 3293 non
671 3238 906 3310 accepit,
951 3239 1042 3294 sed
1082 3239 1338 3294 Ecclesiae
1372 3254 1588 3295 carnem
1633 3241 1865 3309 accepit;

280 3337 500 3398 propter
529 3328 818 3384 Ecclesiam
849 3329 1059 3395 caelum,
1089 3345 1193 3384 non
1228 3337 1441 3399 propter
1466 3330 1653 3384 czelum
1680 3330 1867 3385 Eccle-

279 3422 376 3474 sia.
408 3419 488 3475 Ne
513 3434 608 3475 vos
633 3421 952 3475 conturbent
972 3436 1057 3487 ea,
1079 3436 1196 3492 quae
1219 3421 1546 3475 acciderunt.
1565 3420 1713 3475 Hauc
1737 3421 1865 3475 mihi

276 3512 502 3583 gratiam
533 3511 838 3580 prmbeatis,
865 3512 1191 3566 immobilem
1226 3511 1405 3567 ﬁdem.
1439 3514 1630 3566 Annon
1658 3511 1867 3566 vidistis

281 3602 503 3657 Petrum
534 3602 895 3656 ambulantem
925 3618 1085 3672 super
1101 3617 1287 3672 aquas,
1320 3602 1590 3671 paululum
1621 3602 1868 3656 dubitan-

281 3703 406 3760 tem,
428 3694 481 3748 in
509 3695 801 3765 periculum
827 3695 1211 3751 submersionis
1238 3694 1469 3761 venisse,
1486 3710 1591 3749 non
1618 3695 1686 3750 ob
1705 3710 1868 3765 aqua-

281 3803 394 3841 rum
433 3788 712 3857 impetum,
745 3789 841 3844 sed
871 3789 940 3844 ob
987 3788 1111 3844 ﬁdei
1160 3788 1561 3844 inﬁrmitatem?
1603 3788 1737 3843 Num
1770 3789 1866 3843 hu.

280 3879 450 3933 manis
481 3879 698 3934 calculis
740 3877 846 3934 huc
872 3880 1232 3936 accessimus?
1277 3895 1404 3934 num
1446 3879 1607 3935 homo
1643 3894 1738 3935 nos
1767 3879 1864 3934 ad-

280 3969 448 4035 duxit,
487 3979 544 4023 ut
574 3970 733 4025 homo
762 3969 1014 4040 dejiciat?
1042 3971 1167 4026 Haec
1209 3986 1315 4025 non
1358 3986 1424 4026 ex
1452 3972 1766 4041 arrogantia;
1780 3971 1865 4026 vel

278 4060 529 4130 jactautia
576 4060 717 4128 dico,
750 4061 907 4128 absit,
937 4062 1029 4117 sed
1077 4071 1134 4116 ut
1160 4062 1300 4133 quod
1350 4063 1403 4117 in
1448 4063 1601 4118 vobis
1648 4061 1866 4118 ﬂuctuat

280 4151 668 4206 constabiliam.
697 4152 959 4221 Quoniam
980 4152 1162 4209 sedata
1184 4163 1300 4209 erat
1328 4154 1538 4219 civitas,
1571 4153 1863 4208 Ecclesiam

282 4242 525 4297 diabolus
573 4252 859 4299 concutere
888 4243 1071 4298 voluit.
1100 4243 1146 4299 Ο
1189 4244 1413 4299 sceleste
1460 4253 1515 4299 et
1559 4243 1862 4313 ﬂagitiosis-

280 4334 449 4390 simel
481 4349 660 4389 muros
685 4350 789 4391 non
813 4335 1144 4406 expugnasti,
1173 4345 1224 4390 et
1253 4335 1543 4391 Ecclesiam
1572 4344 1624 4391 te
1647 4350 1864 4391 succus-

281 4439 462 4479 surum
487 4425 716 4494 Speras?
746 4427 828 4480 An
855 4427 1022 4480 muris
1052 4425 1289 4481 Ecclesia
1316 4426 1563 4482 constat?
1592 4426 1647 4480 In
1686 4427 1866 4481 multi-

282 4514 465 4571 tudine
511 4516 745 4573 ﬁdelium
801 4517 1042 4572 Ecclesia
1079 4518 1342 4574 consistit.
1399 4518 1475 4572 Eu
1505 4534 1662 4588 quam
1696 4518 1865 4573 ﬁrma:

280 4607 563 4675 columnze,
598 4623 702 4662 nou
743 4608 887 4663 ferro
915 4607 1108 4680 ligatae,
1138 4609 1231 4664 sed
1258 4608 1359 4664 ﬁde
1397 4609 1719 4665 constrictae.
1748 4608 1864 4665 Non

280 4698 401 4752 dico
428 4705 627 4752 Lautam
669 4699 1057 4756 multitudinem
1084 4702 1206 4772 igne
1233 4701 1683 4757 vehementiorem
1710 4716 1862 4757 esse:

281 4788 374 4843 sed
428 4803 556 4855 nec,
600 4788 646 4843 si
696 4805 834 4845 unus
882 4798 1083 4845 tantum
1130 4799 1291 4855 esset,
1341 4805 1666 4860 superasses.
1714 4791 1865 4847 Nosti

286 4888 513 4948 quantas
563 4880 655 4934 tibi
706 4880 889 4951 plagas
946 4881 1233 4936 inﬁixeriut
1282 4891 1565 4953 martyres.
1623 4881 1865 4952 lugressa

284 4985 428 5040 sarpe
470 4981 551 5025 est
586 4971 759 5040 puella
789 4982 972 5027 tenera
1015 4973 1235 5042 innupta
1264 4990 1276 5026 :
1308 4987 1430 5027 cera
1483 4972 1694 5027 mollior
1727 4980 1861 5038 erat,

282 5061 373 5116 sed
406 5072 554 5131 petra
583 5062 802 5119 solidior
826 5064 1047 5120 exstitit.
1077 5066 1204 5133 Ejus
1243 5065 1411 5120 latera
1458 5065 1786 5131 laneinabas,
1814 5073 1865 5120 et

284 5152 444 5207 ﬁdem
495 5170 602 5209 non
646 5155 942 5211 auferebas.
989 5154 1165 5211 Cessit
1211 5158 1387 5212 carnis
1431 5165 1641 5222 natura,
1693 5170 1867 5225 neque

282 5243 516 5299 concidit
541 5244 664 5300 ﬁdei
693 5247 894 5312 virtus;
935 5246 1346 5302 consumebatur
1371 5260 1585 5314 corpus,
1621 5255 1675 5301 et
1701 5246 1868 5301 virili-

286 5347 366 5391 ter
396 5337 584 5407 agebat
607 5339 849 5405 animus;
903 5339 1282 5394 absumebatur
1315 5338 1630 5403 substantia,
1654 5349 1710 5394 et
1750 5353 1865 5392 ma-

283 5428 443 5483 nebat
472 5430 665 5498 pietas.
693 5429 773 5485 Ne
817 5445 974 5485 unam
1016 5429 1229 5500 quidem
1261 5429 1538 5484 mulierem
1582 5430 1865 5497 superasti,

282 5530 338 5576 et
367 5531 568 5578 tantum
617 5524 873 5594 populum
915 5533 968 5580 te
1012 5532 1384 5593 superaturum
1434 5522 1698 5578 conﬁdis?
1751 5522 1865 5577 Non

282 5611 433 5667 audis
458 5613 741 5669 Dominum
772 5613 1037 5670 dicentem
1063 5632 1076 5669 :
1113 5613 1212 5670 Ubi
1232 5614 1334 5668 duo
1359 5614 1436 5668 vel
1464 5622 1563 5669 tres
1583 5614 1869 5686 congregati

250 5714 398 5757 .sunt
418 5705 469 5759 in
500 5722 705 5760 nomine
738 5721 869 5769 meo,
902 5705 1005 5759 illic
1041 5723 1154 5760 sum
1181 5707 1235 5761 in
1272 5706 1435 5761 medio
1456 5722 1625 5760 eorum
1652 5704 1863 5778 (Matth.

290 5793 373 5852 18·
417 5796 551 5865 20)?
599 5797 666 5853 Et
716 5796 805 5852 ubi
856 5806 960 5852 tam
1010 5813 1325 5854 numerosus
1358 5798 1590 5872 populus
1630 5797 1863 5854 caritatis

1258 386 1485 446 SERMO
1524 385 1900 453 ANTEQUAM
1942 383 2099 439 IRET
2141 383 2205 439 IN
2236 385 2581 443 EXSlLlUM.

3477 395 3580 450 «130

2001 493 2226 548 vinculis
2254 497 2592 563 constrictus,
2626 512 2729 552 non
2761 498 2975 555 aderit?
3001 500 3129 570 Ejus
3159 500 3345 570 pignus
3374 501 3577 562 habeo:

1996 598 2120 637 num
2143 584 2372 654 propriis
2392 599 2510 641 sum
2536 588 2738 645 viribus
2761 587 2963 645 fretus?
2982 589 3246 660 Scriptum
3265 590 3380 661 ejus
3401 601 3581 649 teneo.

1994 671 2091 757 llic
2120 674 2248 728 mihi
2280 674 2496 731 baculus
2523 695 2536 729 :
2567 677 2683 734 lucc
2710 679 2838 733 mihi
2866 679 3160 735 securitas:
3182 679 3269 735 hic
3297 682 3425 736 mihi
3455 697 3582 752 pur-

1995 773 2079 820 tus
2110 769 2444 838 tranquillus.
2494 771 2608 824 Etsi
2638 774 2987 828 conturbetur
3019 773 3166 829 orbis
3192 782 3353 842 totus,
3384 775 3584 830 reseri-

1993 864 2141 925 ptum
2174 866 2366 914 teneo:
2396 860 2511 928 ejus
2550 861 2729 918 literas
2763 862 2883 932 lego
2913 881 2926 916 :
2959 864 3045 918 hic
3084 865 3215 919 mihi
3242 881 3446 930 murus,
3478 865 3581 922 hoc

1992 949 2318 1018 prmsidium.
2350 951 2493 1019 Quas
2535 953 2751 1008 literas?
2778 954 2889 1026 Ego
2915 954 3167 1010 vobiscum
3200 972 3313 1009 sum
3349 957 3578 1012 omnibus

1991 1038 2165 1093 diebus
2196 1057 2351 1112 usque
2374 1042 2443 1095 ad
2490 1047 2971 1101 consummationem
3015 1047 3188 1101 surculi
3237 1046 3451 1117 (Matth.
3482 1046 3574 1103 28.

1989 1128 2105 1202 20).
2135 1129 2379 1190 Christus
2406 1122 2636 1202 mecum,
2665 1152 2822 1207 quem
2850 1138 3088 1193 timebo?
3130 1139 3240 1193 Etsi
3265 1138 3456 1193 ﬂuctus
3483 1141 3576 1195 ad-

1989 1236 2201 1277 versum
2232 1240 2319 1280 me
2359 1227 2711 1294 concitentur,
2760 1229 2860 1284 etsi
2905 1229 3088 1295 maria,
3132 1230 3233 1284 etsi
3280 1230 3558 1299 principun

1990 1312 2139 1368 furor
2170 1333 2183 1370 :
2232 1316 2362 1370 mihi
2393 1319 2508 1372 haec
2535 1318 2715 1373 omnia
2741 1334 2936 1374 aranea
2963 1327 3091 1374 sunt
3129 1320 3336 1375 viliora.
3371 1321 3445 1375 Ac
3475 1319 3576 1375 nisi

1989 1406 2183 1462 caritas
2226 1425 2313 1464 me
2342 1422 2518 1466 vestra
2560 1412 2876 1468 detinuisset
2897 1455 2912 1480 ,
2938 1429 3006 1469 ne
3051 1413 3209 1469 hodie
3236 1415 3446 1484 quidem
3477 1415 3560 1470 ab-

1989 1500 2223 1555 nuissem
2253 1501 2360 1555 alio
2399 1502 2684 1572 proﬁcisci.
2726 1504 2949 1575 Semper
2985 1505 3127 1561 enim
3167 1505 3307 1571 dico,
3342 1504 3567 1569 Domine,

1989 1589 2081 1658 ﬁat
2123 1592 2357 1647 voluntas
2402 1602 2491 1646 tua
2551 1592 2688 1664 (Id.
2737 1594 2789 1650 6.
2835 1596 2902 1650 10
2930 1592 2990 1666 )2
3031 1610 3135 1650 non
3177 1596 3319 1667 quod
3364 1596 3482 1651 talis
3520 1606 3575 1651 ct

1990 1680 2129 1748 talis,
2159 1682 2251 1737 sed
2300 1684 2442 1753 quod
2494 1695 2547 1738 tu
2598 1686 2676 1739 vis
2724 1684 3009 1758 [faciam].
3049 1686 3174 1741 llzec
3216 1686 3343 1740 mihi
3387 1687 3569 1752 turris,

1987 1770 2101 1827 haec
2132 1774 2258 1827 mihi
2317 1784 2466 1842 petra
2516 1776 2854 1830 immobilis:
2898 1777 2983 1831 hic
3026 1779 3156 1832 mihi
3202 1777 3423 1833 baculus
3466 1794 3569 1834 non

1985 1867 2259 1921 vacillans.
2292 1867 2346 1924 Si
2393 1869 2447 1923 id
2490 1869 2632 1925 Deus
2661 1870 2807 1935 velit,
2843 1869 2951 1925 ﬁat.
2979 1871 3034 1926 Si
3066 1871 3193 1926 velit
3220 1887 3306 1926 me
3341 1870 3426 1926 hic
3455 1887 3567 1926 ma-

1986 1972 2131 2021 nere,
2144 1959 2340 2028 gratias
2356 1959 2880 2033 habeo.Ubicumque
2896 1962 3142 2028 voluerit,
3154 1963 3350 2032 gratias
3369 1962 3563 2017 refero.

2053 2049 2107 2103 5.
2150 2048 2320 2105 Nemo
2365 2065 2460 2105 vos
2513 2051 2797 2107 conturbet
2838 2070 2851 2104 :
2910 2053 3158 2122 precibus
3200 2063 3405 2107 vacate.
3456 2051 3567 2107 lloc

1981 2138 2155 2195 eﬁ‘ecit
2181 2136 2445 2209 diabolus,
2479 2150 2536 2198 ut
2562 2153 2796 2198 vestrum
2828 2146 2968 2200 circa
3010 2145 3424 2214 supplicationes
3449 2153 3563 2199 stu-

1980 2230 2125 2287 dium
2160 2232 2525 2304 interciperet.
2558 2235 2664 2291 Sed
2696 2236 2827 2290 nihil
2858 2235 3079 2306 profecit
3106 2255 3119 2291 :
3152 2236 3260 2291 imo
3306 2251 3402 2291 vos
3442 2236 3565 2291 dili-

1977 2325 2245 2393 gentiores
2271 2326 2666 2397 alacrioresque
2692 2327 3008 2382 invenimus.
3036 2327 3167 2382 Cras
3201 2327 3267 2383 ad
3298 2324 3566 2397 supplica-

1978 2415 2178 2471 tionem
2219 2417 2491 2472 vobiscum
2531 2433 2768 2488 pergam.
2796 2420 2972 2490 Atque
3001 2420 3091 2474 ubi
3134 2434 3251 2474 sum
3282 2434 3403 2489 ego,
3456 2419 3565 2474 illic

1975 2515 2029 2562 et
2074 2521 2175 2562 vos
2226 2508 2392 2574 estis;
2437 2510 2527 2564 ubi
2573 2523 2670 2564 vos
2720 2511 2889 2577 estis,
2931 2511 3039 2566 illic
3080 2518 3137 2566 et
3182 2526 3282 2581 ego
3337 2528 3351 2566 :
3400 2525 3563 2566 unum

1975 2611 2170 2667 corpus
2194 2613 2400 2664 sumus,
2432 2616 2608 2672 neque
2642 2617 2838 2673 corpus
2863 2616 2893 2655 a
2918 2603 3111 2672 capite,
3150 2618 3324 2673 neque
3351 2611 3508 2673 caput
3531 2619 3561 2657 a

1974 2705 2202 2762 corpore
2242 2702 2544 2762 separatur.
2593 2693 2736 2750 Loco
2766 2694 2937 2750 dissiti
2977 2710 3181 2763 sumus,
3210 2695 3304 2750 sed
3344 2696 3564 2751 caritate

1968 2781 2260 2854 jungimur,
2289 2799 2463 2854 neque
2504 2800 2650 2841 mors
2688 2789 2802 2858 ipsa
2845 2787 3039 2858 poterit
3080 2786 3412 2843 abscindere.
3445 2788 3556 2842 Etsi

1972 2877 2115 2931 enim
2133 2891 2326 2947 corpus
2341 2893 2518 2933 meum
2552 2881 2828 2944 moriatur,
2848 2881 2991 2934 vivet
3020 2888 3194 2934 tamen
3219 2880 3416 2947 anima,
3440 2895 3559 2949 qua:

1973 2968 2149 3037 populi
2171 2968 2562 3024 recordabitur.
2578 2968 2685 3024 Vos
2702 2968 2832 3023 mihi
2862 2976 3041 3039 patres
3057 2970 3215 3033 estis;
3240 2970 3330 3038 qui
3356 2971 3556 3038 possim

1972 3068 2205 3114 vestrum
2227 3059 2512 3114 oblivisci?
2537 3074 2633 3115 vos
2664 3059 2791 3115 mihi
2822 3066 3017 3130 patres,
3044 3074 3141 3114 vos
3161 3059 3288 3113 mihi
3313 3060 3441 3126 vita,
3460 3074 3557 3114 vos

1975 3149 2104 3204 mihi
2144 3149 2334 3220 gloria.
2377 3148 2433 3205 Si
2464 3164 2558 3205 vos
2599 3148 2914 3220 proﬁciatis,
2965 3149 3016 3203 id
3064 3149 3195 3203 mihi
3232 3149 3286 3203 in
3333 3149 3556 3219 gloriam

1971 3241 2233 3306 vertitur;
2266 3241 2337 3295 ita
2366 3250 2423 3295 ut
2460 3241 2565 3295 vita
2601 3255 2717 3295 mea
2755 3255 2853 3296 ceu
2880 3239 3083 3294 divitia:
3111 3240 3355 3310 quaedam
3393 3240 3445 3294 in
3471 3254 3549 3295 vc-

1971 3340 2086 3387 stro
2108 3332 2341 3402 reposita
2368 3332 2440 3386 sit
2469 3331 2738 3387 thesauro.
2763 3332 2986 3386 Paratus
3013 3346 3132 3386 sum
3158 3331 3224 3385 ad
3249 3332 3408 3385 vitam
3437 3347 3558 3386 sex-

1954 3424 2175 3479 centies
2200 3438 2297 3493 pro
2324 3424 2477 3478 vobis
2502 3413 2898 3485 eﬁ'undendam,
2929 3437 3029 3477 nec
3050 3423 3273 3492 gratiam
3307 3420 3552 3485 exhibeo,

1971 3515 2065 3571 sed
2090 3514 2327 3570 debitum
2360 3515 2537 3570 solvo.’
2576 3514 2706 3569 Nam
2741 3513 2917 3567 Bonus
2945 3522 3118 3583 pastor
3144 3514 3367 3567 animam
3410 3528 3556 3566 suam

1971 3607 2059 3660 dat
2082 3622 2176 3677 pro
2202 3606 2372 3660 cvibus
2400 3604 2581 3676 (Joan.
2616 3605 2843 3675 10.11).
2876 3604 3063 3658 Millies
3098 3602 3359 3674 jugulent,
3400 3604 3556 3657 toties

1970 3705 2127 3766 caput
2152 3694 2484 3751 abscindunt.
2512 3696 2654 3751 Mors
2679 3696 2820 3751 enim
2851 3696 2968 3750 talis
2996 3694 3122 3749 mihi
3147 3694 3557 3750 immortalitatis

1969 3793 2053 3843 est
2097 3794 2466 3858 argumentum
2493 3786 2622 3840 :‘hte
2668 3784 2798 3839 mihi
2848 3785 3054 3838 insidia:
3086 3782 3387 3839 securitatis
3432 3792 3556 3837 sunt

1969 3878 2201 3933 occasio.
2234 3876 2370 3932 Num
2415 3877 2486 3932 ob
2536 3876 2748 3932 divitias
2790 3875 2993 3930 insidiis
3039 3873 3279 3944 objectus
3312 3887 3452 3939 sum,
3495 3882 3556 3927 ut

1969 3970 2226 4026 doleam?
2256 3984 2381 4025 num
2410 3969 2480 4024 ob
2511 3978 2748 4039 peccata,
2797 3976 2854 4022 ut
2898 3966 3146 4037 lugeam?
3170 3965 3227 4021 Id
3277 3965 3449 4033 patior
3484 3966 3556 4020 ob

1941 4078 1945 4083 '
1969 4072 2204 4119 vestrum
2235 4078 2507 4127 amorem;
2538 4063 2658 4132 quia
2687 4060 2819 4116 nihil
2847 4076 2954 4114 non
2996 4074 3118 4129 ago,
3145 4067 3204 4113 ut
3225 4072 3323 4113 vos
3352 4059 3405 4112 in
3441 4066 3555 4113 tuto

1969 4155 2339 4222 collocemiui;
2370 4163 2430 4209 ut
2458 4168 2616 4209 nemo
2661 4153 2864 4206 alienus
2899 4165 2958 4206 se
2987 4150 3039 4204 in
3067 4149 3212 4204 ovile
3237 4148 3468 4219 ingerat;
3499 4158 3557 4202 ut

1970 4245 2174 4300 illmsus
2208 4260 2339 4315 grex
2370 4250 2599 4299 maneat.
2648 4240 2966 4296 Certamiuis
3009 4246 3377 4311 argumentum
3422 4237 3553 4292 mihi

1969 4334 2166 4390 sufﬁcit
2190 4334 2255 4389 ad
2278 4347 2554 4389 coronam.
2581 4330 2715 4400 Quid
2743 4332 2883 4386 enim
2911 4329 3082 4401 patiar
3105 4344 3202 4400 pro
3229 4328 3418 4382 vobis?
3448 4327 3554 4382 Vos

1970 4426 2102 4481 mihi
2148 4426 2316 4492 cives,
2356 4439 2455 4480 vos
2483 4423 2611 4478 mihi
2654 4434 2851 4493 patres,
2882 4437 2979 4476 vos
3022 4420 3152 4475 mihi
3204 4419 3416 4483 fratres,
3459 4433 3556 4472 vos

1971 4517 2085 4585 ﬁlii,
2114 4532 2209 4573 vos
2234 4516 2496 4580 membra,
2528 4529 2624 4569 vos
2655 4530 2870 4584 corpus,
2901 4527 2994 4566 vos
3027 4512 3154 4565 mihi
3178 4511 3286 4575 lux,
3321 4510 3427 4563 imo
3452 4508 3552 4563 hac

1968 4609 2089 4665 luce
2118 4608 2412 4663 suaviores.
2446 4605 2583 4673 Quid
2613 4606 2756 4661 enim
2799 4605 2905 4658 tale
2946 4603 3075 4657 mihi
3102 4598 3312 4656 confert
3350 4600 3551 4665 radius,

1969 4700 2124 4769 quale
2166 4708 2344 4753 vestra
2385 4695 2617 4751 caritas?
2665 4694 2862 4749 Badius
2907 4693 3033 4746 mihi
3066 4692 3118 4744 in
3171 4691 3421 4760 praesenti
3448 4690 3552 4744 vita

1970 4792 2116 4845 utilis
2144 4800 2246 4851 est,
2277 4798 2450 4842 vestra
2490 4796 2666 4841 autem
2698 4784 2892 4838 caritas
2921 4795 3172 4836 coronam
3214 4779 3343 4834 mihi
3386 4779 3554 4835 nectit

1971 4880 2023 4936 in
2054 4881 2253 4936 futuro.
2280 4880 2407 4935 Hmc
2438 4892 2596 4947 porro
2623 4877 2742 4931 dico
2768 4874 2822 4929 in
2850 4887 3008 4927 aures
3033 4882 3237 4928 vestras
3261 4891 3274 4927 :
3304 4871 3431 4942 quid
3457 4887 3552 4925 au-

1972 4981 2077 5028 tem
2124 4979 2207 5026 est
2249 4970 2315 5024 ad
2364 4967 2686 5025 audiendum
2719 4965 3016 5036 promptius
3057 4964 3275 5018 auribus
3321 4963 3552 5018 vestris?

1970 5062 2074 5118 Tot
2118 5061 2302 5116 diebus
2332 5060 2606 5130 vigilastis,
2636 5057 2874 5127 nihilque
2903 5070 2999 5111 vos
3044 5054 3318 5110 inﬂectere
3358 5053 3550 5124 potuit,

1972 5168 2077 5208 non
2111 5153 2362 5221 temporis
2386 5150 2703 5205 diuturnitas
2731 5146 3005 5209 emollivit,
3038 5162 3140 5200 non
3174 5146 3415 5211 timores,
3447 5160 3550 5199 non

1971 5244 2164 5297 mium:
2196 5241 2260 5293 ad
2306 5240 2481 5294 omnia
2513 5250 2757 5291 strenuos
2794 5250 2889 5290 vos
2930 5235 3265 5289 exhibuistis.
3316 5233 3382 5287 Et
3425 5234 3549 5303 quid

1970 5333 2110 5394 dico,
2134 5347 2230 5386 vos
2258 5329 2612 5385 exhibuistis?
2659 5327 2809 5394 Quod
2847 5340 3062 5395 semper
3085 5333 3412 5394 optaveram,
3442 5338 3546 5377 sm.-

1973 5425 2175 5482 cularia
2223 5423 2559 5493 dcspexistis,
2592 5430 2747 5475 terra:
2788 5418 2904 5474 vale
2947 5417 3195 5479 dixistis;
3251 5430 3280 5468 a
3329 5415 3553 5469 vinculis

1972 5516 2212 5587 corporis
2241 5528 2336 5569 vos
2377 5511 2741 5583 expedivistis,
2769 5509 2835 5564 ad
2866 5509 3074 5563 beatam
3126 5507 3267 5561 illam
3311 5504 3553 5574 philoso-

1974 5610 2151 5680 phiam
2183 5606 2427 5662 certatim
2472 5604 2816 5676 properastis.
2850 5602 2975 5657 Hmc
3004 5599 3132 5654 mihi
3179 5611 3375 5654 corona
3404 5605 3549 5661 sunt,

1976 5702 2090 5756 hzcc
2114 5699 2428 5764 consolatio,
2454 5698 2570 5754 hcce
2591 5697 2788 5764 unctio,
2820 5694 2936 5750 hace
2965 5693 3093 5760 vita,
3123 5689 3238 5745 hmc
3265 5686 3547 5742 immorta-

1976 5793 2135 5850 litatis
2156 5801 2542 5863 argumentum.
