4036 6384
492 321 583 376 451

564 435 619 487 4.
661 431 740 506 (ιι)
757 432 861 489 Sed
894 433 1050 488 video
1083 430 1342 502 quosdam
1374 432 1460 501 qui
1493 430 1621 484 mihi
1659 439 1904 485 auctores
1932 439 2075 496 sunt,

498 534 554 576 ut
584 525 638 578 in
665 524 1004 594 dogmatibus
1034 523 1164 577 meis
1193 522 1454 575 insistam.
1486 520 1744 591 Pleraque
1779 520 1923 574 enim
1962 535 2083 589 pro-

497 630 654 683 spera
685 614 738 668 in
763 614 1088 670 contrarium
1114 613 1327 676 cedunt,
1357 613 1610 682 quoniam
1642 613 1699 680 ii,
1720 612 1914 682 quibus
1939 609 2083 666 vide-

497 707 595 759 bar
637 705 753 760 zelo
781 705 966 774 plenus
1007 718 1146 769 esse,
1190 701 1240 757 id
1285 702 1621 772 improbitate
1650 717 1743 758 sua
1775 709 2000 772 egerunt
2028 709 2086 756 ut

496 797 833 854 conciderem
863 814 877 849 :
908 795 996 866 qui
1026 794 1092 850 ad
1124 795 1326 849 libitum
1375 811 1530 850 suum
1571 811 1657 850 me
1697 795 2080 866 deposuerunt,

503 903 598 956 per
618 889 820 942 varium
850 903 1027 942 rerum
1055 889 1256 943 exitum
1305 904 1392 944 me
1418 890 1470 943 in
1515 889 1620 946 hoc
1644 889 1938 944 certamine
1966 888 2084 942 vin-

498 987 662 1032 cunt:
698 992 802 1032 non
855 979 1216 1046 minabantur,
1249 980 1342 1035 sed
1389 981 1674 1036 instabant.
1717 983 1832 1040 Jam
1877 989 2086 1050 tempus

499 1079 579 1122 est
603 1083 663 1122 ca
694 1084 966 1136 enarrare,
999 1086 1118 1140 qua:
1143 1071 1208 1125 ad
1245 1086 1416 1126 meam
1445 1073 1798 1127 calamitatem
1823 1081 2083 1142 spectant.

497 1159 608 1214 Lex
657 1171 759 1226 est,
790 1161 884 1215 sed
932 1162 1204 1232 legislator
1247 1163 1493 1217 vincitur.
1542 1163 1683 1230 Filii,
1715 1179 1810 1231 per
1854 1175 2085 1218 vestram

497 1251 793 1316 caritatem,
813 1252 967 1307 video
983 1253 1407 1324 conjurationem
1433 1255 1498 1308 ad
1524 1255 1720 1310 bellum
1749 1255 2085 1311 inferendum

500 1353 771 1410 paratam,
798 1343 1064 1414 Deumque
1090 1346 1429 1400 contumeliis
1477 1345 1724 1401 allectum
1753 1366 1766 1402 :
1797 1346 1952 1402 video
1991 1346 2086 1400 de-

498 1433 703 1501 lapsum
747 1448 996 1503 agonem,
1033 1443 1087 1490 et
1124 1437 1499 1507 agonothetam
1551 1446 1865 1494 maerentem
1891 1456 1903 1490 :
1933 1439 2088 1493 video

499 1525 738 1580 veritatis
786 1528 1182 1595 persuasionem
1216 1543 1610 1597 emarcescere,
1639 1539 1692 1586 et
1732 1531 2088 1600 conspiratio-

501 1632 622 1670 nem
670 1633 942 1687 superare.
975 1620 1097 1676 Mihi
1143 1621 1214 1677 illi
1245 1622 1539 1692 objiciunt:
1569 1622 1857 1679 Comedisti
1895 1635 1952 1679 et
1997 1623 2090 1678 ba-

505 1707 732 1774 ptizasti.
760 1708 816 1762 Si
849 1709 946 1763 hoc
976 1709 1098 1776 feci,
1129 1714 1413 1767 anathema
1439 1712 1508 1768 sit
1532 1713 1694 1780 mihi;
1729 1729 1797 1770 ne
1837 1730 2090 1770 numerer

502 1802 643 1851 inter
677 1799 992 1868 episcopos;
1028 1817 1093 1857 ne
1136 1803 1238 1858 sim
1269 1819 1389 1859 cum
1433 1805 1673 1876 angelis;
1723 1821 1790 1861 ne
1832 1808 1934 1861 sim
1981 1807 2092 1862 Deo

500 1897 771 1958 acceptus.
795 1890 850 1945 Si
879 1906 1006 1945 vero
1033 1893 1242 1948 comedi
1279 1904 1331 1950 et
1359 1895 1644 1965 baptizavi,
1676 1897 1807 1951 nihil
1837 1899 2090 1968 inoppor-

504 1987 630 2033 tuue
661 1978 758 2035 feci
780 1979 882 2050 (ὁ).
933 1983 1160 2039 Attende
1189 1985 1474 2056 diligenter
1508 1988 1572 2043 iis
1604 2004 1720 2059 qua:
1745 1988 1888 2055 dico,
1921 2004 2093 2060 neque

504 2067 664 2123 finem
692 2070 904 2127 dicendi
947 2072 1156 2128 faciam.
1196 2075 1313 2130 Non
1358 2092 1444 2134 me
1471 2079 1614 2150 piget
1639 2079 1804 2150 loqui,
1835 2081 2093 2152 vobisque

505 2169 672 2215 tutum
720 2171 803 2218 est
851 2164 898 2217 si
944 2165 1151 2235 loquar.
1179 2167 1283 2222 Sed
1313 2167 1379 2222 ad
1412 2171 1740 2240 propositum
1786 2171 2090 2228 redeamus.

507 2249 701 2304 Dicunt
745 2268 831 2307 me
877 2255 1172 2311 comedisse
1197 2266 1253 2312 et
1282 2257 1599 2328 haptizasse.
1647 2260 1925 2330 Deponant
1965 2277 2094 2333 ergo

505 2341 748 2410 Paulum,
775 2345 914 2413 qttod
945 2355 1065 2414 post
1091 2363 1300 2402 coenam
1332 2350 1540 2405 custodi
1569 2354 1803 2408 carceris
1832 2353 2092 2424 baptisma

504 2433 791 2488 contulerit
840 2436 974 2508 (Act.
1030 2438 1116 2494 l6.
1175 2440 1292 2508 55).
1343 2440 1528 2494 Ausim
1577 2442 1776 2509 dicere,
1825 2444 2095 2514 deponant

508 2525 683 2592 ipsum
719 2525 1011 2595 Christum,
1041 2530 1184 2600 quod
1233 2539 1354 2601 post
1382 2547 1592 2588 omnem
1642 2533 1914 2604 discipulis
1941 2549 2093 2590 com-

506 2615 813 2670 munionem
863 2620 1083 2689 largitus
1129 2622 1216 2675 sit.
1249 2622 1354 2678 Sed
1395 2622 1509 2678 htcc
1550 2625 1704 2680 nobis
1750 2629 2091 2698 congruentia

508 2720 803 2777 magnaque
830 2721 953 2764 sunt
985 2728 998 2764 :
1032 2711 1150 2767 hmo
1191 2713 1312 2768 lmta
1343 2715 1486 2784 pacis
1515 2716 1664 2786 signa
1696 2735 1708 2770 :
1751 2716 1868 2772 haec
1913 2718 2093 2789 populi

503 2800 769 2854 encomia.
795 2801 920 2856 Mihi
951 2818 1168 2873 corona,
1202 2808 1354 2862 vobis
1383 2807 1604 2865 fructus.
1633 2809 1739 2865 Sed
1781 2812 1948 2880 scitis,
1983 2813 2091 2867 fra-

505 2895 636 2956 tres,
667 2905 769 2960 qua
803 2892 872 2947 de
904 2909 1061 2950 causa
1105 2897 1270 2953 velint
1296 2913 1384 2954 me
1411 2899 1698 2970 deponere.
1732 2902 1864 2969 Quia
1893 2913 2094 2973 tapetes

508 2993 612 3032 non
656 2983 904 3051 expandi,
934 3001 1034 3041 nec
1077 2987 1248 3042 serica
1295 2990 1610 3046 vestimenta
1659 2992 1824 3059 indui,
1869 3003 1925 3049 et
1969 2997 2094 3066 quia

507 3068 744 3150 ipsorum
784 3073 1070 3144 ingluviem
1100 3091 1206 3132 non
1238 3077 1366 3132 fovi.
1397 3079 1653 3138 Floruere
1694 3083 1892 3154 aspidis
1929 3083 2091 3154 fetus,

507 3162 682 3217 adhuc
729 3165 968 3222 relictum
1015 3179 1098 3223 est
1124 3170 1387 3227 Jezabelis
1436 3186 1619 3228 semen
1651 3193 1663 3229 :
1693 3191 1878 3232 verum
1922 3177 2096 3234 adhuc

507 3252 667 3307 etiam
693 3257 858 3325 gratia
899 3273 1020 3313 cum
1050 3259 1200 3314 Helia
1248 3273 1542 3319 concertat.
1577 3267 1688 3336 Age
1725 3266 1856 3322 mihi
1881 3268 1933 3323 in
1976 3285 2094 3327 me-

510 3345 656 3400 dium
705 3348 998 3406 mirabilem
1056 3352 1200 3408 illum
1233 3354 1558 3427 divitemque
1603 3359 1724 3413 vita:
1770 3375 2091 3432 prteconem,

508 3438 768 3494 Joannem
807 3440 928 3497 dico
972 3459 1283 3514 pauperem,
1311 3447 1398 3516 qui
1449 3464 1516 3503 ne
1558 3449 1830 3506 lucernam
1879 3453 2094 3522 quidem

511 3529 852 3597 possidebat;
905 3534 998 3588 sed
1024 3535 1540 3594 habebatChristum
1573 3540 1870 3611 lampadem
1899 3561 1912 3596 :
1945 3544 2097 3615 cujus

509 3630 668 3688 caput
710 3623 966 3691 expetivit
1011 3626 1134 3680 Eva!
1181 3629 1546 3686 comministra
1579 3649 1592 3688 :
1631 3648 1751 3704 quae
1798 3642 1854 3689 et
1897 3635 2096 3691 sanctis

507 3712 889 3781 impedimento
916 3716 1032 3783 fuit,
1059 3735 1178 3789 qum
1203 3721 1492 3791 prophetas
1516 3734 1835 3796 persequuta
1855 3736 1957 3792 est,
1976 3743 2097 3798 qua:

507 3805 694 3862 dolose
724 3808 984 3878 jejunium
1015 3812 1349 3882 prmdicavit,
1380 3830 1498 3885 qua:
1528 3831 1709 3887 parem
1749 3834 1870 3873 cum
1913 3819 2095 3890 vipera

510 3900 970 3955 nomrnclaturam
1018 3903 1280 3971 obtinuit,
1329 3921 1522 3978 nempe
1565 3909 1926 3978 saltationem,
1976 3927 2096 3982 qua:

513 3991 737 4059 prandio
767 3994 999 4048 nondum
1029 3996 1275 4053 absoluto
1294 3999 1506 4055 saltavit
1523 4001 1618 4072 (c).
1641 4001 1756 4058 Non
1783 4003 1943 4058 vitam
1969 4019 2097 4059 con-

507 4082 728 4149 cupivit,
761 4101 866 4138 non
887 4101 1046 4154 opum
1075 4087 1292 4155 molem,
1321 4106 1429 4144 non
1458 4093 1605 4162 regni
1628 4093 1960 4164 dignitatem,
1989 4111 2094 4150 non

509 4172 670 4226 aliam
697 4177 1000 4245 quampiam
1042 4177 1381 4246 facultatem;
1431 4182 1523 4236 sed
1571 4183 1659 4238 dic
1705 4184 1856 4250 mihi,
1889 4201 2093 4256 qua:so,

507 4263 634 4330 quid
679 4264 1038 4321 desideravit?
1066 4268 1236 4338 Caput
1263 4271 1512 4327 hominis.
1543 4273 1681 4341 Quid
1719 4285 1898 4333 autem
1939 4278 2095 4333 dico?

509 4353 628 4410 Non
653 4356 826 4410 solum
861 4356 1112 4428 hominis,
1139 4361 1234 4417 sed
1262 4361 1420 4416 etiam
1452 4365 1812 4436 evangelista.
1842 4369 2093 4424 Attamen

565 4529 778 4608 (atque
795 4533 846 4608 in
861 4545 1024 4608 graeco
1037 4539 1310 4608 sequuntur
1324 4536 1692 4608 adjectitiasuut
1710 4547 1762 4592 et
1778 4544 2095 4608 Chrysostomi

502 4605 736 4669 essenon
758 4596 990 4669 videntur
1009 4635 1021 4656 ,
1047 4596 1350 4669 ut.’di.x_imus
1381 4596 1436 4669 in
1461 4603 1635 4669 Monito
1660 4617 1672 4651 :
1701 4611 1762 4669 et,
1791 4596 1946 4669 usq'ue
1970 4596 2096 4659 adeo

506 4659 728 4728 ἐπειλῆφιέ
749 4662 865 4728 sunt
889 4665 943 4706 ut
966 4659 1156 4708 nonnisi
1179 4661 1438 4728 divinando
1461 4665 1648 4728 possint
1669 4667 1834 4716 Latine
1858 4659 2015 4718 reddi.

495 4712 752 4833 ﬂ
770 4718 865 4766 sibi
909 4732 1106 4780 prorsus
1139 4712 1476 4775 oontradiceré
1512 4712 2015 4795 νίαειιιι-Ϊῖιῐηέξιῖιῖξ
2029 4733 2096 4784 δη

525 4787 722 4823 (³1⁵1Ιῦ101⁵.

568 4832 640 4894 (ε)
673 4840 783 4885 ttaac
806 4838 978 4888 mirum
1001 4849 1237 4906 quantum
1259 4845 1342 4897 vel
1365 4847 1550 4910 inepta,
1578 4848 1657 4898 vel
1679 4851 1864 4902 vitiata.

1201 318 1258 375 8.
1297 319 1573 375 JOANNIS
1611 315 2084 374 CHRYSOSTOMI
2122 317 2438 373 ARClllEP.
2480 317 3012 375 CONSTANTINOP.

3678 323 3781 377 432

2193 447 2299 486 non
2343 432 2467 486 vicit
2496 443 2672 500 caput,
2703 431 2831 486 licet
2873 428 3160 501 acceperit.
3203 430 3438 486 Abscidit
3480 442 3641 505 caput
3686 451 3780 504 pe-

2193 522 2386 590 tendo,
2442 523 2679 592 iniquum
2733 522 3057 578 desiderium
3112 537 3205 592 per
3261 523 3467 578 discum
3521 525 3780 594 implevit.

2197 613 2346 677 Vide,
2375 621 2429 668 et
2476 614 2672 668 mirare
2723 612 2816 667 Dei
2863 614 3132 668 virtutem.
3181 613 3434 684 Coarguit
3485 615 3782 686 inculpatus

2193 702 2374 768 homo,
2403 703 2575 770 capite
2605 711 2880 758 truncatus
2903 711 3022 768 est;
3071 703 3165 758 sed
3189 705 3277 774 qui
3303 704 3476 775 capite
3503 720 3696 773 caesus,
3730 706 3782 760 in

2193 792 2409 847 dextera
2438 793 2633 848 Christi
2663 802 2766 860 est,
2799 794 2944 848 illam
2985 809 3115 848 vero
3147 795 3540 865 indeprecabile
3583 797 3784 866 suppli-

2193 885 2333 939 cium
2367 885 2580 954 exeipit.
2621 884 2824 940 Rursus
2854 885 2970 954 ejus
2999 899 3204 951 semen,
3237 887 3509 956 spinosum
3540 902 3781 958 germen,

2193 979 2387 1047 quaerit
2411 985 2464 1032 et
2490 976 2724 1032 festinat.
2745 975 2852 1032 Sed
2893 977 3153 1032 llerodias
3191 976 3410 1032 Joannis
3439 986 3599 1048 caput
3624 993 3785 1048 expe-

2196 1069 2277 1132 tit,
2307 1083 2492 1123 rursus
2518 1067 2857 1122 saltationem
2887 1067 3083 1122 inimus
3111 1083 3214 1121 non
3246 1067 3486 1138 pedibus,
3524 1066 3620 1122 sed
3649 1084 3784 1138 qua-

2195 1160 2298 1215 lem
2329 1160 2492 1216 Maria
2521 1159 2648 1214 olim
2690 1161 2897 1214 firmam
2938 1167 2992 1214 et
3033 1159 3327 1213 immotam.
3354 1157 3560 1212 Rursus
3590 1159 3788 1213 clamat

2193 1249 2425 1304 Joannes
2453 1265 2516 1304 ac
2545 1250 2674 1303 dicit
2703 1267 2716 1302 :
2753 1247 2873 1303 Non
2902 1250 3017 1304 licet
3058 1249 3151 1304 tibi
3172 1264 3380 1304 uxorem
3407 1249 3590 1304 habere
3609 1251 3786 1322 fratri:

2196 1341 2270 1394 tui
2300 1341 2490 1413 (Marc.
2523 1342 2576 1396 6.
2612 1341 2721 1411 18).

2265 1434 2318 1488 5.
2361 1433 2465 1488 Sed
2491 1433 2613 1504 quid
2642 1433 2852 1489 dicam?
2881 1434 3258 1506 Laerymarum
3285 1442 3369 1489 est
3393 1449 3629 1505 prmsens
3651 1443 3788 1490 tem-

2195 1540 2329 1594 pus:
2362 1525 2539 1579 omnia
2565 1525 2759 1596 quippe
2782 1524 2848 1580 ad
2879 1525 3221 1597 ignominiam
3247 1533 3486 1595 vergunt,
3521 1534 3574 1580 et
3607 1525 3787 1580 omnia

2197 1626 2407 1687 tempus
2430 1617 2647 1687 judicat.
2698 1621 2900 1672 Aurum
2933 1618 3220 1673 universim
3250 1618 3470 1688 gloriam
3498 1620 3655 1688 parit.
3679 1618 3784 1674 Sed

2195 1723 2292 1779 age
2333 1709 2385 1763 in
2425 1710 2658 1764 medium
2701 1710 2864 1765 David
2902 1709 3169 1765 dicentem
3215 1722 3374 1781 atque
3420 1712 3782 1767 clamantem:

2195 1799 2390 1854 Aurum
2432 1801 2476 1854 si
2499 1802 2690 1871 oﬁluat,
2734 1798 2896 1856 nolite
2932 1818 3020 1856 cor
3055 1818 3310 1872 apponere
3351 1801 3522 1872 (Psal.
3553 1802 3642 1857 61.
3670 1803 3785 1873 Η).

2197 1893 2267 1947 At
2293 1893 2378 1948 dic
2404 1893 2556 1961 mihi,
2585 1893 2716 1960 Quis
2745 1893 2833 1948 ille
2863 1901 2998 1959 erat,
3022 1894 3109 1963 qui
3131 1893 3289 1947 talem
3317 1908 3502 1948 vocem
3536 1894 3787 1963 protulit?

2198 1986 2390 2040 Annon
2416 1984 2564 2056 regni
2596 1984 2859 2054 fastigium
2891 1983 3220 2054 occupabat?
3247 1998 3423 2038 nonne
3450 1984 3502 2038 in
3529 1985 3671 2054 regia
3693 1999 3787 2055 po-

2199 2083 2388 2133 testate
2415 2077 2708 2148 imperabat
2731 2076 2786 2130 i?
2813 2076 2918 2132 Sed
2947 2077 3142 2131 nonad
3172 2076 3409 2148 rapinam
3449 2077 3783 2147 respiciebat,

2198 2184 2303 2222 non
2333 2168 2398 2224 ad
2423 2169 2632 2239 pietatis
2652 2168 3092 2234 destructionem,
3119 2183 3224 2222 non
3245 2167 3466 2222 curabat
3489 2167 3785 2235 thesauros,

2198 2263 2294 2318 sed
2330 2262 2613 2317 militarem
2658 2261 2960 2328 delectum;
3003 2277 3108 2316 non
3140 2260 3320 2315 uxoris
3349 2274 3670 2316 consensum
3699 2275 3790 2314 re-

2198 2355 2462 2426 quirebat.
2512 2354 2700 2425 Fugite
2739 2369 2890 2425 ergo,
2922 2353 3194 2420 mulieres,
3233 2353 3438 2408 alienos
3473 2359 3644 2408 cintus
3673 2371 3688 2408 :
3723 2368 3792 2408 ne

2199 2446 2478 2501 consilium
2505 2461 2724 2515 pravum
2756 2444 2885 2500 viris
2910 2444 3167 2500 dederitis
3193 2462 3206 2498 :
3241 2445 3336 2498 sed
3361 2457 3426 2498 ex
3458 2443 3604 2498 hisce
3631 2442 3790 2498 dictis

2199 2553 2298 2594 vos
2318 2538 2654 2594 confirmate.
2684 2537 2822 2594 Num
2848 2537 3208 2594 exstinximus
3232 2535 3501 2592 flammam
3530 2535 3791 2591 vestram?

2202 2647 2326 2686 num
2358 2631 2652 2687 emollitum
2696 2641 2780 2686 est
2820 2645 2915 2686 cor
2943 2629 3215 2685 vestrum?
3242 2627 3348 2684 Sed
3377 2629 3489 2684 scio
3523 2642 3640 2694 vos,
3673 2641 3791 2696 qua:

2198 2723 2379 2778 Maria:
2420 2724 2544 2778 lilia:
2587 2723 2738 2790 estis,
2785 2723 3065 2778 utilitatem
3107 2729 3438 2792 accepturas.
3486 2720 3619 2775 Alite
3660 2734 3789 2775 vero

2199 2817 2401 2886 absque
2424 2816 2548 2870 vino
2577 2815 2780 2870 satiatae
2809 2821 2955 2881 sunt,
2987 2822 3041 2869 et
3066 2813 3228 2869 ebria:
3248 2813 3491 2880 avaritia,
3519 2822 3577 2866 ut
3604 2812 3792 2867 beatus

2202 2906 2401 2962 Paulus
2426 2906 2620 2961 clamat
2647 2915 2703 2962 et
2729 2906 2981 2978 prmdicat
3007 2905 3089 2960 his
3116 2905 3298 2960 verbis
3326 2922 3341 2958 :
3367 2903 3540 2959 Radix
3567 2905 3790 2958 omnium

2198 2998 2450 3052 malorum
2460 2998 2671 3051 avaritia
2693 2998 2740 3069 (l
2754 2997 2995 3052 .Tim.6.l
3008 2996 3084 3069 0).
3110 2997 3199 3052 Sic
3215 2996 3524 3065 insipientes
3543 2995 3791 3049 mulieres

2198 3103 2357 3145 aures
2404 3105 2529 3146 suas
2573 3090 2845 3157 obturant,
2883 3099 2936 3146 et
2964 3106 3059 3160 pro
3088 3089 3230 3144 bono
3259 3089 3462 3144 semine
3486 3089 3665 3160 spinas
3695 3103 3789 3158 pa-

2199 3182 2365 3236 riunt.
2409 3181 2497 3248 At,
2545 3182 2793 3248 obsecro,
2845 3197 2914 3236 ne
2954 3197 3141 3238 semen
3172 3189 3413 3236 nostrum
3443 3179 3593 3250 quasi
3631 3195 3790 3250 supra

2201 3281 2405 3342 petram
2449 3271 2729 3342 jaciamus.
2774 3271 2974 3328 Christi
3016 3286 3202 3328 sumus
3244 3269 3586 3342 agricultura,
3628 3284 3660 3324 a
3687 3283 3790 3340 quo

2199 3364 2501 3432 audiamus,
2536 3365 2703 3436 Euge,
2733 3379 2889 3420 serve
2913 3363 3077 3431 bone,
3110 3363 3248 3418 intra
3279 3363 3332 3417 in
3360 3361 3575 3417 domum
3615 3375 3788 3415 meam

2201 3456 2416 3527 (Matth.
2468 3456 2558 3513 25.
2606 3457 2724 3527 25),
2777 3472 2846 3512 ne
2887 3456 3021 3510 forte
3060 3455 3199 3510 illius
3227 3453 3373 3508 vocis
3403 3453 3520 3507 loco
3561 3451 3786 3518 dicatur,

2203 3549 2359 3605 Serve
2387 3564 2600 3620 nequam
2623 3547 2730 3620 (Ib.
2760 3565 2808 3604 υ.
2837 3547 2953 3618 26).
3003 3545 3130 3612 Sed,
3162 3546 3410 3612 obsecro,
3441 3543 3612 3598 luceat
3637 3542 3788 3597 insti-

2202 3649 2373 3697 tutum
2399 3651 2634 3697 vestrum
2675 3656 2854 3698 coram
2899 3639 3224 3706 hominibus,
3259 3653 3326 3694 ne
3358 3636 3676 3692 infatuemus
3713 3637 3788 3691 sal

2202 3744 2464 3790 nostrum.
2517 3735 2622 3791 Sed
2663 3735 3040 3806 gloriﬁeemus,
3081 3733 3281 3804 gratias
3328 3745 3568 3802 agamus,
3601 3730 3790 3785 divites

2200 3826 2371 3893 diviti,
2411 3841 2674 3897 pauperes
2699 3827 2929 3898 benigno
2949 3835 3000 3882 et
3027 3839 3316 3896 pauperum
3338 3824 3536 3878 amanti
3555 3821 3790 3888 Christo,

2201 3927 2447 3988 potentes
2476 3918 2708 3974 robustae
2736 3919 2880 3974 illius
2901 3917 3103 3972 manui.
3131 3917 3197 3972 Et
3221 3915 3335 3970 haec
3362 3913 3575 3986 quidem
3606 3912 3672 3968 de
3695 3928 3793 3968 vo-

2200 4009 2305 4064 bis.
2334 4007 2530 4064 Verum
2579 4009 2806 4065 fortasse
2845 4009 2989 4065 Deus
3032 4022 3094 4063 ea
3139 4022 3225 4062 me
3267 4006 3374 4077 pati
3399 4005 3649 4060 concedit
3672 4021 3792 4074 qua:

2203 4099 2276 4154 illi
2320 4099 2604 4156 adversum
2650 4116 2739 4156 me
2777 4100 3175 4162 machinantur,
3222 4108 3281 4153 ut
3321 4098 3372 4152 in
3401 4096 3790 4152 calamitatibus

2201 4207 2288 4247 tne
2318 4193 2526 4261 probet,
2565 4194 2689 4263 quia
2728 4194 2781 4248 in
2813 4192 3086 4248 laboribus
3113 4190 3332 4246 victoria
3364 4189 3583 4245 omnino
3608 4188 3791 4243 consi-

2200 4285 2314 4348 stit,
2343 4291 2398 4340 et
2431 4299 2524 4355 per
2550 4287 2839 4340 certamina
2868 4291 3196 4355 praeparatur
3219 4296 3438 4337 corona.
3473 4279 3680 4334 Etenim
3707 4278 3791 4333 di-

2198 4377 2354 4431 vinus
2385 4375 2579 4432 Paulus
2603 4377 2762 4432 dixit:
2782 4375 2996 4431 Cursum
3015 4373 3376 4440 consummavi,
3395 4372 3546 4440 ﬁdem
3569 4372 3790 4423 servavi:

2198 4470 2251 4522 in
2279 4469 2472 4539 reliquo
2508 4469 2729 4538 reposita
2764 4476 2835 4522 est
2862 4465 2984 4520 mihi
3010 4481 3196 4520 corona
3218 4463 3433 4535 justitiaa
3462 4460 3536 4531 (2.
3566 4459 3702 4514 Tim.
3735 4463 3788 4515 4.

2200 4559 2277 4631 7);
2307 4575 2409 4630 qua
2436 4575 2635 4615 corona
2667 4575 2766 4615 nos
2800 4558 3105 4629 dignabitur
3135 4556 3505 4612 universorum
3536 4554 3790 4608 Dominus

2201 4654 2254 4709 in
2282 4653 2496 4710 saecula.
2530 4653 2724 4708 Amen.

2262 4854 2278 4887 ¹
2316 4857 2453 4904 Putat
2474 4848 2676 4902 Savilius
2697 4847 2983 4912 legendum,
3005 4844 3304 4905 splendebat.

1695 5405 1858 5468 CUM
1906 5404 2004 5464 DE
2063 5405 2569 5468 EXPULSIONE

567 5602 722 5660 Muiti
755 5602 977 5675 quidem
1010 5607 1230 5676 fluctus,
1251 5619 1305 5666 et
1334 5615 1492 5669 undae
1521 5614 1935 5683 immanes;sed
1965 5616 2091 5673 sub-

495 5695 675 5766 tnergi
709 5709 816 5749 non
850 5710 1080 5754 vereor:
1116 5703 1244 5770 quia
1272 5719 1436 5775 supra
1472 5717 1677 5776 petram
1711 5716 1814 5762 sto.
1849 5709 2090 5764 lnsaniat

2191 5619 2594 5690 quantumlibet
2625 5620 2822 5675 ﬂuctus
2844 5660 2857 5684 ,
2892 5617 3047 5673 navis
3075 5615 3203 5672 Jesu
3235 5613 3390 5667 obrui
3423 5627 3530 5666 non
3565 5617 3761 5681 potest.

2191 5709 2295 5764 Sed
2343 5709 2474 5780 quid
2518 5709 2760 5780 putant?
2803 5707 2881 5764 Nc
2925 5716 3154 5763 mortem
3197 5719 3421 5770 verear,
3465 5702 3553 5757 cui
3584 5701 3763 5754 vivere

491 5789 621 5847 licet
642 5802 800 5844 mare
840 5797 1050 5859 petram
1078 5811 1182 5850 non
1203 5807 1738 5869 potestcommuvere
1762 5821 1772 5857 :
1800 5803 2089 5874 insurgant
2189 5800 2442 5862 CltriStus
2473 5811 2585 5869 cst,
2618 5813 2668 5858 et
2700 5803 2834 5860 mori
2884 5801 3096 5859 lucrum
3144 5796 3413 5870 (Philipp.
3450 5795 3496 5850 l.
3530 5793 3662 5866 2|)?
3686 5789 3765 5845 Ne.
