4036 6408
276 363 369 417 451

342 481 405 536 δ’.
468 481 604 535 Δλλ⁹
635 482 762 554 δρῶ
784 484 897 549 τοῖς
919 483 1157 555 ἐμαυτοῦ
1177 484 1411 559 δόγμασί
1443 504 1597 552 τινας
1618 488 1883 560 ἐγκαρτε-

281 576 390 646 ρεῖν
425 591 496 645 με
532 576 868 631 πειθόντων.
897 575 1056 647 Φέρει
1086 576 1194 649 γὰρ
1231 577 1403 632 πολλά
1430 578 1540 634 τῶν
1572 579 1884 651 εὐτυχημά-

278 681 382 718 των
416 666 502 729 είς
536 666 902 722 τούναντίον’
933 668 1017 720 ὅτι
1063 662 1144 733 οἷς
1177 667 1397 724 ἐδόκουν
1432 669 1679 742 ζηλωτὴς
1718 665 1881 739 εἶναι,

277 756 697 825 περιπέπτωκα
730 762 796 831 τῇ
835 758 1138 831 μοχθηρίᾳ’
1169 761 1220 814 oi
1251 761 1350 833 μὲν
1384 760 1526 816 κατὰ
1553 762 1647 816 τὸν
1682 762 1884 834 τρόπον

274 847 687 921 καθαιροῦντες
714 852 904 905 νικῶσι
927 852 1018 907 τὸν
1042 852 1230 922 ἀγῶνα
1259 855 1325 924 τῇ
1350 853 1580 925 διαφορᾷ
1606 853 1717 908 τῶν
1744 871 1886 926 πρα-

276 942 500 1012 γμάτων
521 959 537 974 ’
571 944 686 998 οὐκ
717 944 999 1015 ἠπείλουν,
1033 944 1173 998 ἀλλά
1205 944 1560 1015 παρίσταντο.
1588 946 1745 999 Ἔστι
1775 944 1886 1017 γάρ

276 1034 465 1103 καιρὸς
491 1033 597 1088 νῦν
625 1037 809 1089 εἰπεῖν
835 1035 905 1091 τά
941 1037 1071 1109 περὶ
1108 1036 1209 1106 τῆς
1250 1037 1388 1106 ἐμῆς
1416 1034 1670 1107 θλίψεως.
1702 1037 1887 1108 Νόμος

276 1126 445 1191 ἐστὶν,
471 1126 598 1180 ἀλλ’
630 1130 663 1183 6
697 1128 991 1200 νομοθέτης
1015 1129 1255 1183 νικᾶται.
1281 1127 1481 1192 Τέκνα,
1515 1128 1590 1199 μά
1620 1129 1719 1201 τὴν
1753 1129 1888 1200 ὑμε-

277 1213 441 1284 τέραν
502 1216 760 1290 ἀγάπην,
811 1217 992 1287 βλέπω
1048 1216 1322 1288 συσκευὴν
1374 1217 1739 1289 πολεμοῦσαν,
1788 1217 1885 1272 καὶ

282 1305 371 1359 τὸν
438 1304 584 1361 Θεὸν
648 1307 1045 1382 ὑϐριζόμενον·
1116 1307 1300 1380 βλέπω
1359 1309 1451 1363 τὸν
1521 1310 1711 1380 ἀγῶνα
1792 1311 1885 1364 πί·

283 1412 511 1463 πτοντα,
554 1399 662 1453 καὶ
693 1401 788 1456 τὸν
819 1401 1163 1475 ἀγωνοθέτην
1205 1401 1547 1474 λυπούμενον
1566 1418 1581 1433 ·
1615 1401 1796 1473 βλέπω
1827 1402 1888 1457 τὸ

284 1482 515 1544 πιθανὸν
566 1491 678 1563 τῆς
729 1493 990 1564 ἀληθείας
1048 1495 1469 1567 μαραινόμενον,
1517 1494 1610 1548 καὶ
1659 1494 1760 1565 τὴν
1795 1511 1889 1547 συ-

288 1581 488 1651 σκευὴν
536 1581 839 1638 ἀνθοῦσαν.
866 1581 1101 1652 Λέγουσι
1129 1601 1241 1657 μοι,
1267 1585 1351 1639 ὅτι
1369 1585 1613 1657 ’Έφαγες
1634 1586 1730 1641 καῖ¹
1757 1585 1887 1639 ἐϐά-

287 1668 508 1735 πτίσας.
542 1672 612 1725 ΕΞ
648 1673 887 1745 ἐποίησα
918 1672 1097 1736 τοῦτο,
1125 1673 1372 1745 ἀνάθεμα
1400 1672 1611 1745 ἔσομαι’
1639 1674 1714 1745 μὴ
1736 1676 1891 1749 ἀριθ-

291 1760 524 1833 μηθείην
540 1764 630 1826 είς
661 1764 977 1818 ἐπισκόπων
1000 1762 1151 1837 μεθ]
1177 1763 1335 1835 ῥίζαν
1354 1780 1367 1795 ο
1403 1764 1479 1836 μὴ
1501 1763 1746 1836 γένωμαι
1773 1767 1890 1837 μετ’

291 1851 582 1921 ἀγγέλων·
657 1854 737 1926 μὴ
780 1855 966 1928 ἀρέσω
1007 1855 1161 1926 Θεῷ·
1227 1858 1277 1911 εί
1318 1856 1375 1910 δὲ
1411 1855 1508 1911 καὶ
1552 1856 1753 1926 ἔφαγον
1798 1858 1893 1913 καὶ

294 1944 603 2010 ἐϐάπτισα,
651 1945 809 1999 οὐδὲν
856 1946 1084 2017 ἄκαιρον
1112 1946 1223 2001 τῶν
1255 1947 1598 2020 πραγμάτων
1640 1948 1891 2020 ἐποίησα.

298 2034 544 2107 Πρόσχες
592 2053 693 2108 μοι
734 2036 873 2107 μετά
911 2037 1199 2109 ἀκριϐείας
1229 2036 1259 2091 ὃ
1284 2037 1445 2107 λέγω,
1484 2039 1579 2093 καὶ
1610 2038 1784 2109 λέγων
1824 2038 1886 2092 ού

294 2120 605 2193 παύσομαι.
645 2123 805 2195 Ἐμοὶ
847 2124 944 2196 μὲν
962 2123 1024 2178 τὺ
1042 2123 1220 2193 λέγειν
1245 2125 1346 2179 οὐκ
1366 2125 1617 2197 ὀκνηρὸν,
1659 2125 1789 2197 ὑμῖν
1829 2125 1889 2180 δὲ

296 2211 563 2284 ἀσφαλές.
624 2214 769 2267 Ἀλλ’
821 2213 1206 2286 ἐπανέλθωμεν
1254 2215 1348 2270 ἐπὶ
1388 2215 1475 2269 τὺι
1506 2216 1885 2289 προκείμενον.

298 2305 562 2375 Λέγουσιν
587 2308 678 2361 ὅτι
707 2308 905 2376 ἔφαγον
931 2308 1026 2363 καὶ
1055 2307 1347 2363 ἐϐάπτισα.
1374 2307 1770 2364 Καθελέτωσαν
1798 2303 1892 2362 οὖν

303 2398 532 2464 Παῦλον,
561 2400 649 2452 ὅτι
685 2398 822 2470 μετά
849 2400 910 2453 τὸ
940 2400 1229 2472 δειπνῆσαι
1263 2400 1555 2473 ἐχαρίσατο
1582 2400 1661 2472 τῷ
1691 2401 1893 2472 δεσμο-

300 2486 497 2557 φύλακι
534 2490 603 2543 τὸ
656 2488 958 2560 βάπτισμα.
1011 2490 1209 2561 Τολμῶ
1258 2490 1461 2559 λέγειν,
1512 2488 1892 2545 καθελέτωσαν

298 2580 389 2633 καὶ
418 2582 593 2636 αὑτὸν
625 2582 716 2636 τὸν
748 2582 1003 2653 Χριστὸν,
1031 2582 1112 2636 ὅτι
1149 2581 1288 2653 μετά
1314 2582 1375 2636 τὸ
1404 2581 1621 2636 δεῖπνον
1641 2584 1755 2646 τοῖς
1794 2599 1898 2654 μα-

302 2670 487 2744 θηταῖς
516 2672 630 2743 τὴν
656 2672 936 2729 κοινωνίαν
960 2673 1269 2746 ἐχαρίσατο.
1299 2672 1441 2726 Ἀλλ’
1459 2673 1646 2727 εἰκότα
1677 2672 1773 2727 καλ⁵
1809 2690 1900 2745 με-

303 2764 438 2833 γάλα
464 2766 614 2836 ἡμῖν
642 2764 814 2819 ταῦτα
833 2781 845 2794 ·
876 2764 1047 2819 ταῦτα
1077 2765 1278 2837 φαιδρὰ
1301 2765 1402 2837 τῆς
1439 2765 1661 2838 εἰρήνης
1678 2782 1690 2796 ·
1722 2763 1898 2819 ταῦτα

307 2855 397 2910 τοῦ
426 2855 563 2911 λαοῦ
619 2856 690 2910 τά
747 2857 1018 2928 ἐγκώμια.
1084 2856 1251 2927 Ἐμοῦ
1285 2860 1314 2911 6
1353 2856 1639 2926 στέφανος,
1674 2856 1830 2929 ὑμῶν
1869 2859 1899 2912 6

308 2948 539 3019 καρπός.
585 2947 726 3002 Ἀλλ’
766 2948 966 3015 οίδατε,
997 2948 1299 3022 ἀγαπητοὶ,
1341 2948 1430 3004 διά
1460 2950 1515 3002 τί
1568 2966 1636 3020 με
1681 2947 1899 3002 θέλουσι

310 3036 587 3093 καθελεῖν.
614 3039 735 3092 Ὅτι
780 3039 1031 3111 τάπητας
1086 3039 1188 3109 οὐχ
1234 3038 1488 3110 ῆπλωσα,
1536 3036 1660 3093 οῦτε
1696 3037 1901 3110 σηρικά

314 3128 501 3198 ἱμάτια
524 3129 634 3183 οὐκ
669 3128 1027 3200 ἐνεδυσάμην,
1063 3128 1159 3182 καὶ
1204 3127 1285 3181 ὅτι
1316 3127 1414 3199 τὴν
1454 3127 1901 3201 γαστριμαργίαν

313 3219 486 3275 αὐτῶν
518 3219 588 3274 οὐ
622 3218 1124 3292 παρεμυθησάμην.
1154 3217 1437 3289 Ἥνθησαν
1467 3217 1577 3290 γάρ
1607 3217 1677 3271 τά
1704 3217 1900 3288 ἔγγονα

315 3309 408 3380 τῆς
439 3309 694 3377 ἀσπίδος,
738 3309 820 3364 ἔτι
854 3309 1262 3382 περιλέλειπται
1295 3308 1395 3380 τῆς
1431 3308 1670 3374 Ἰεζάϐελ
1701 3310 1731 3362 6
1767 3310 1902 3363 σπό-

322 3414 442 3469 ρος·
476 3399 563 3453 ἔτι
616 3399 674 3452 δὲ
707 3398 803 3453 καὶ
844 3400 878 3470 ἡ
924 3399 1085 3472 χάρις
1124 3396 1202 3469 τῷ
1239 3396 1398 3467 Ἠλία
1454 3396 1901 3467 συναγωνίζεται.

318 3491 448 3559 Φέρε
488 3491 553 3546 δέ
598 3507 690 3562 μοι
719 3491 800 3555 εἰς
837 3489 1003 3560 μέσον
1035 3489 1127 3543 τὸν
1175 3488 1489 3561 θαυμαστὸν
1522 3489 1617 3542 καὶ
1650 3487 1905 3544 πλούσιον

318 3580 412 3650 τῆς
458 3581 613 3651 ζωῆς
663 3582 900 3653 κήρυκα,
938 3579 1193 3652 Ἰωάννην
1223 3579 1389 3650 λέγω,
1420 3579 1513 3633 τὸν
1545 3578 1771 3652 πένητα,
1813 3581 1906 3635 καλ⁵

321 3671 422 3735 ἕως
446 3672 651 3744 λύχνου
686 3670 761 3743 μὴ
801 3672 1146 3743 κτησάμενον
1165 3688 1180 3703 ο
1211 3669 1326 3744 εῐχε
1366 3673 1476 3745 γὰρ
1514 3674 1614 3744 τὴν
1646 3672 1905 3745 λαμπάδα

321 3759 410 3814 τοῦ
432 3759 681 3835 Χριστοῦ
701 3778 713 3793 ·
743 3754 804 3814 οῦ
830 3759 932 3832 τὴν
959 3758 1201 3832 κεφαλὴν
1228 3758 1624 3831 ἐπεθύμησενὴ
1646 3760 1744 3831 τῆς
1760 3758 1906 3823 Εῦας

327 3852 762 3925 συλλειτουργδς,
804 3854 839 3919 ἡ
885 3851 994 3904 τῶν
1031 3850 1199 3921 ἁγίων
1248 3850 1505 3923 ἐμπόδιον
1549 3851 1838 3921 γενομένη.
1872 3851 1906 3922 ἡ

327 3942 445 4008 τοῦς
470 3944 765 4019 προφήτας
793 3943 1051 4010 διώξασα,
1079 3945 1113 4015 η
1140 3941 1239 4014 τὴν
1265 3944 1324 3997 ἐν
1352 3941 1487 4013 δόλῳ
1516 3942 1768 4013 νηστείαν
1807 3958 1909 4014 κη-

333 4035 560 4108 ρύξασα,
583 4038 619 4108 ἡ
648 4036 907 4108 ὁμότιμον
958 4034 1053 4088 τοῦ
1100 4034 1367 4106 ὀνόματος
1405 4034 1508 4105 τῆς
1534 4031 1752 4105 ἐχίδνης
1779 4033 1902 4086 ἐπι-

334 4128 573 4200 σταμένη
618 4129 718 4199 τὴν
746 4127 992 4200 ῦρχησιν,
1023 4127 1083 4181 ἐν
1114 4125 1193 4198 τῷ
1222 4125 1431 4198 ἀρίστῳ
1469 4123 1548 4197 τῷ
1586 4123 1769 4178 ἀτελεῖ
1814 4123 1910 4195 69-

333 4221 637 4292 χησαμένη.
693 4221 809 4275 Οῦκ
859 4217 1172 4290 ἐπεθύμησε
1235 4216 1400 4289 ζωὴν,
1440 4217 1541 4273 οῦκ
1596 4215 1911 4288 ἐπεθύμησε

336 4311 631 4384 χρημάτων
676 4311 859 4380 ὄγκον,
902 4310 963 4363 οὐ
1000 4308 1274 4380 βασιλείας
1317 4307 1564 4381 ἀξίωμα,
1604 4308 1705 4362 οὐκ
1747 4308 1914 4379 ἄλλης

338 4404 475 4468 τινὸς
514 4402 852 4475 περιουσίας.
892 4401 1030 4456 Ἀλλ’
1064 4401 1186 4455 είπέ
1227 4418 1351 4473 μοι,
1386 4399 1663 4472 ἄνθρωπε,
1700 4399 1754 4452 τί
1782 4401 1914 4453 ἐπε-

340 4492 579 4567 θύμησε;
609 4493 866 4565 Κεφαλὴν
908 4491 1218 4565 ἀνθρώπου.
1244 4490 1310 4545 Τί
1341 4491 1395 4545 δὲ
1435 4489 1614 4560 λέγω;
1646 4490 1721 4544 06
1755 4491 1915 4562 μόνον

341 4583 655 4657 ἀνθρώπου,
698 4584 812 4638 ἀλλ’
862 4583 1270 4654 εὐαγγελιστοῦ.
1329 4581 1472 4635 Ἀλλ’
1527 4580 1629 4635 οὐκ
1695 4581 1916 4653 ἐνίκησε

339 4675 577 4730 λαϐοῦσα
642 4675 742 4748 τὴν
801 4674 1065 4746 κεφαλήν.
1108 4675 1311 4745 Ἕτεμε
1368 4670 1476 4743 γὰρ
1524 4670 1625 4741 τὴν
1675 4669 1916 4742 κεφαλὴν

344 4772 704 4845 αἰτησαμένη,
753 4770 855 4841 τὴν
903 4768 1103 4841 ἄνομον
1135 4766 1430 4839 ἐπιθυμίαν
1480 4764 1786 4828 σπουδαίως
1828 4764 1917 4818 διὰ

346 4864 565 4927 πίνακος
614 4862 904 4934 δεξαμένη.
932 4860 1129 4924 Βλέπε,
1178 4856 1272 4911 καὶ
1312 4854 1592 4927 θαύμασον
1636 4851 1730 4906 τοῦ
1778 4850 1914 4905 Θεοῦ

343 4955 437 5027 τὴν
474 4955 723 5026 δύναμιν.
749 4953 1043 5025 Διήλεγχεν
1080 4951 1109 5004 6
1143 4948 1406 5013 ἀναίτιος,
1449 4943 1771 5016 ἀπετμήθηο
1802 4944 1915 4997 ἀλλ’

1269 374 1499 431 SEBMO
1534 374 1924 443 ANTEQUAM
1963 373 2127 431 IRET
2164 375 2230 431 IN
2265 375 2615 434 EXSILIUM.

3456 377 3567 435 L32

1982 494 2011 547 6
2044 490 2380 564 ἀποτμηθεὶς
2417 492 2476 546 ἐν
2521 489 2672 562 δεξιᾷ
2693 487 2788 543 τοῦ
2817 485 3077 560 Χριστοῦ,
3104 487 3138 559 ἠ
3169 486 3226 542 δέ
3254 485 3567 558 ἀπαραίτη-

1981 601 2072 639 τον
2101 584 2319 639 κόλασιν
2357 583 2658 655 ἐκδέχεται.
2703 581 2874 636 Πάλιν
2906 580 3120 651 ἐκείνης
3159 577 3221 633 τὸ
3260 578 3503 651 σπέρμα,
3537 581 3571 633 6

1986 674 2186 748 σπόρος
2231 675 2262 728 ό
2309 672 2628 745 ἀκανθώδης
2682 671 2935 743 ἐπιζητεῖ
2994 670 3092 725 καὶ
3144 668 3384 725 σπεύδει.
3426 667 3569 722 Ἀλλ’

1997 766 2265 839 Ἡρωδιὰς
2304 766 2552 821 Ἰωάννου
2580 765 2681 836 τὴν
2719 762 2964 834 κεφαλὴν
3004 760 3245 833 ζητοῦσα
3282 760 3447 814 πάλιν
3476 758 3571 830 δρ-

1985 875 2165 932 χησιν,
2192 859 2291 930 οὐχ
2317 859 2384 929 ἢν
2411 857 2524 921 τοῖς
2560 856 2690 910 ποσὶ
2719 853 3006 925 παίζομεν,
3031 852 3172 908 ἀλλά
3195 850 3294 923 τὴν
3323 851 3425 921 τῆς
3450 851 3572 904 Μα-

1990 946 2112 1018 ρίας
2150 944 2593 1017 ἐπερειδομένην.
2622 943 2792 999 Πάλιν
2824 942 2925 1014 βοᾷ
2952 944 3047 998 καὶ
3080 942 3231 1012 λέγει
3271 942 3526 1012 Ἰωάννης
3550 956 3564 971 ·

1990 1039 2115 1094 Οὐκ
2155 1036 2362 1102 ἔξεστί
2390 1051 2491 1091 σοι
2525 1036 2640 1105 τὴν
2667 1034 2925 1107 γυναῖκα
2959 1034 3124 1103 ἔχειν
3159 1031 3267 1088 τοῦ
3302 1030 3572 1101 ἀδελφοῦ

1991 1145 2131 1185 σου.

2059 1226 2120 1274 ε’.
2159 1218 2321 1273 Ἀλλά
2346 1217 2401 1271 τί
2429 1217 2569 1272 είπω
2589 1233 2605 1282 ;
2622 1213 2884 1286 Δακρύων
2911 1215 2941 1268 6
2961 1211 3152 1284 παρὼν
3167 1211 3373 1284 καιρός·
3395 1211 3577 1266 πάντα

1989 1312 2099 1383 γὰρ
2126 1312 2206 1375 είς
2234 1310 2447 1376 ἀδοξίαν
2479 1308 2761 1380 ἐκτρέχει,
2799 1306 2895 1361 καὶ
2923 1305 3104 1359 πάντα
3153 1304 3344 1375 χρόνος
3373 1303 3572 1373 κρίνει.

1988 1404 2205 1475 Χρυσὸς
2240 1401 2303 1456 τὸ
2345 1401 2467 1456 ὅλον
2500 1400 2733 1465 δοξάζει.
2775 1396 2937 1453 Ἀλλά
2974 1396 3109 1468 φέρε
3157 1413 3247 1468 μοι
3287 1394 3380 1448 τὸν
3418 1394 3575 1464 ἅγιον

1989 1496 2152 1551 Δαυῖδ
2195 1497 2288 1551 τὸν
2328 1495 2557 1565 λέγοντα
2592 1493 2688 1548 καὶ
2736 1492 2944 1563 βοῶντα
2962 1506 2978 1524 ο
3025 1489 3267 1559 Χρυσὸς
3302 1489 3410 1543 ἑὰν
3437 1487 3574 1557 ῥέῃ,

1984 1586 2071 1658 μὴ
2108 1587 2504 1656 προστίθεσθε
2558 1584 2832 1653 καρδίαν.
2872 1582 3015 1637 Ἀλλ’
3043 1580 3165 1636 εἰπέ
3215 1596 3327 1652 μοι,
3376 1580 3459 1643 τίς
3506 1575 3579 1650 ῆν

1990 1671 2144 1743 οὗτος
2175 1679 2204 1730 6
2227 1676 2432 1749 ταύτην
2457 1675 2557 1748 τὴν
2584 1673 2766 1747 φωνὴν
2792 1672 3056 1742 ἐπαφείς;
3090 1671 3228 1742 Οὐχὶ
3264 1670 3326 1723 τὸ
3349 1671 3447 1741 τῆς
3481 1669 3578 1741 βα-

1995 1768 2202 1833 σιλείας
2241 1768 2334 1822 ἐπὶ
2363 1767 2465 1837 τῆς
2496 1764 2746 1838 κορυφῆς
2772 1763 3134 1832 συγκείμενον
3166 1757 3348 1831 εῖχενς
3391 1762 3491 1815 οὐκ
3519 1761 3578 1814 ἐν

1993 1861 2060 1931 τῇ
2099 1858 2351 1930 βασιλικῇ
2390 1857 2610 1928 ἐξουσίᾳ
2648 1855 2921 1910 διέταττεν
2945 1865 3006 1921 ι;
3046 1851 3186 1905 Ἀλλ’
3212 1852 3273 1905 ού
3305 1851 3442 1922 πρὸς
3480 1852 3581 1922 ἀρ-

1995 1950 2179 2022 παγὴν
2231 1949 2481 2016 ἔϐλεπεν,
2533 1949 2636 2002 οὐκ
2683 1948 2765 2012 εἰς
2816 1944 3134 2016 καθαίρεσιν
3182 1942 3467 2006 εὐσεϐείας
3508 1938 3580 2013 ἦν

1994 2043 2145 2115 αὐτῷ
2169 2042 2232 2095 τὸ
2255 2042 2532 2114 φρόνημα,
2558 2040 2677 2094 οὐδὲ
2713 2039 2951 2111 μέριμνα
2976 2035 3284 2109 θησαυρῶν,
3316 2033 3453 2089 ἀλλά
3480 2033 3581 2105 τῆς

1997 2133 2378 2207 στρατοπέδων
2422 2131 2689 2202 συλλογῆς
2710 2147 2726 2163 ’
2756 2131 2817 2184 οὐ
2851 2128 3109 2199 γυναικὸς
3155 2125 3577 2196 συγκατάθεσιν.

1994 2226 2229 2295 Φεύγετε
2263 2219 2380 2288 οῦν,
2406 2224 2683 2292 γυναῖκες,
2709 2221 2808 2285 τὰς
2835 2219 3123 2290 ἀλλοτρίας
3165 2217 3427 2288 συλλογάς
3445 2232 3460 2247 ·
3499 2218 3576 2288 μὴ

2000 2315 2395 2390 συμϐουλεύετε
2430 2317 2547 2379 τοῖς
2588 2314 2814 2390 ἀνδράσι
2854 2311 3188 2384 συμϐουλίαν
3221 2311 3399 2381 κακήν
3417 2327 3430 2341 ⁸
3463 2309 3579 2363 ἀλλ’

1993 2409 2367 2481 ἀσφαλίσθητε
2403 2411 2518 2473 τοίς
2559 2389 2852 2478 λεχθεῖσίν.
2881 2400 3031 2477 Ἀρα
3076 2404 3383 2473 ἐσϐέσαμεν
3424 2400 3583 2471 ὑμῶν

1993 2502 2092 2574 τὴν
2120 2500 2270 2575 [H9]
2293 2499 2496 2571 φλόγα;
2524 2495 2634 2572 ἆρα
2656 2496 2936 2571 ἐμαλάχθη
2957 2498 3087 2567 ὑμῖν
3108 2499 3142 2568 ἡ
3174 2494 3406 2567 καρδίας
3441 2491 3581 2547 Ἀλλ’

1995 2592 2112 2651 οἶδα
2140 2595 2223 2649 ὅτι
2254 2592 2676 2665 ὠφεληθήσεσθε
2729 2591 2827 2662 μὲν
2861 2590 2918 2643 ai
2955 2589 3056 2658 τῆς
3088 2587 3308 2659 Μαρίας
3350 2583 3584 2654 θυγατέ-

1999 2704 2123 2759 ρες·
2162 2686 2320 2742 ἄλλαι
2356 2685 2413 2738 δὲ
2444 2684 2572 2738 ἀνευ
2610 2683 2756 2737 οῐνου
2792 2678 3192 2752 κεκορεσμέναι
3227 2678 3321 2731 καὶ
3356 2675 3586 2748 μεθύου-

1999 2792 2090 2828 σαι
2123 2777 2189 2844 τῇ
2230 2771 2587 2843 φιλαργυρίᾳ,
2630 2770 2708 2834 ὡς
2739 2770 2768 2822 6
2804 2767 3076 2839 μακάριος
3110 2764 3321 2829 Παῦλος
3361 2763 3461 2834 βοᾷ
3487 2763 3585 2818 καὶ

1997 2863 2259 2936 κηρύττει
2284 2862 2489 2931 λέγων·
2528 2857 2677 2919 Ῥίζῆ
2717 2858 2965 2912 πάντων
2993 2855 3113 2910 τῶν
3145 2854 3348 2910 κακῶν
3376 2855 3413 2923 ή
3440 2855 3579 2923 φιλο

1996 2956 2271 3026 αργυρία.
2304 2953 2461 3008 Οὕτω
2501 2954 2598 3007 καὶ
2625 2954 2679 3005 αἱ
2710 2950 2959 3004 ἀσύνετοι
2992 2950 3253 3019 γυναῖκες
3299 2946 3586 3018 ἀποφράτο

1998 3066 2183 3104 τουσιν
2230 3047 2439 3101 ἐαυτῶν
2474 3044 2545 3099 τά
2592 3038 2708 3098 ὦτα
2723 3083 2738 3109 ,
2785 3042 2880 3096 καὶ
2936 3040 3059 3095 ἀντὶ¹
3114 3039 3316 3109 σπόρου
3376 3036 3585 3106 ἀγαθοῦ

2000 3140 2243 3204 ἀκάνθας
2273 3139 2567 3193 τίκτουσιν.
2607 3134 2790 3199 Ἀλλά,
2836 3130 3160 3203 παρακαλῶ,
3194 3130 3269 3202 μὴ
3300 3128 3460 3201 ἡμῶν
3491 3127 3586 3182 τὸν

2005 3228 2204 3301 σπόρον
2228 3226 2303 3291 ώς
2328 3224 2421 3280 ἐπ)⁸
2443 3224 2651 3296 πέτραν
2676 3219 3126 3289 καταϐάλλωμεν.
3150 3214 3388 3288 Χριστοῦ
3419 3217 3587 3286 ἐσμεν

2004 3317 2291 3389 γεώργιον,
2321 3314 2453 3386 παρ’
2476 3307 2538 3369 οῦ
2563 3311 2914 3383 ἀκούσωμεν·
2936 3303 3035 3373 Εὖ,
3063 3305 3219 3362 δοῦλε
3251 3304 3443 3375 ἀγαθὲ,
3474 3305 3586 3358 εἴσ-

2005 3412 2127 3466 ελθε
2155 3412 2234 3475 εἰς
2268 3409 2360 3463 τὸν
2395 3403 2545 3462 οἶκόν
2577 3422 2679 3478 μου
2699 3421 2715 3436 ·
2761 3402 2836 3476 μὴ
2871 3403 2995 3457 ἀντὶ
3037 3400 3137 3472 τῆς
3166 3399 3351 3471 φωνῆς
3382 3396 3586 3465 ταύτης

2004 3501 2192 3573 λεχθῇ,
2220 3495 2316 3564 Εὖ,
2357 3498 2510 3552 δοῦλε
2544 3496 2706 3551 κακέ.
2745 3493 2925 3558 Ἀλλὰ,
2958 3490 3284 3564 παρακαλῶ,
3317 3488 3588 3561 λαμψάτω

2010 3591 2223 3664 ὑμῶνὴ
2257 3587 2499 3643 πολιτεία
2531 3583 2837 3657 ἔμπροσθεν
2860 3582 2970 3636 τῶν
3004 3579 3331 3653 ἀνθρώπων,
3364 3578 3439 3650 μὴ
3476 3594 3589 3649 μω·

2013 3680 2266 3753 ράνωμεν
2312 3677 2469 3749 ἡμῶν
2512 3676 2574 3729 τὸ
2620 3673 2774 3740 ἃλας,
2805 3673 2943 3729 ἀλλά
2986 3667 3320 3741 δοξάσωμεν,
3368 3668 3591 3738 εὐχαρι·

2010 3772 2321 3843 στήσωμεν,
2352 3769 2402 3822 οί
2438 3767 2685 3821 πλούσιοι
2728 3763 2805 3836 τῷ
2839 3761 3101 3835 πλουσίῳ,
3133 3760 3182 3812 οί
3234 3757 3464 3822 πένητες
3512 3755 3591 3827 τῷ

2010 3859 2398 3933 φιλανθρώπῳ,
2427 3859 2522 3912 καὶ
2555 3854 2882 3926 φιλοπτώχῳ
2911 3849 3153 3924 Χριστῷ,
3190 3849 3239 3901 οἱ
3265 3844 3481 3900 δυνατοὶ
3521 3849 3588 3918 τῇ

2009 3951 2248 4023 κραταιᾷ
2301 3948 2448 4021 χειρὶ
2478 3945 2666 4000 αὐτοῦ.
2718 3945 2830 3998 Καὶ
2874 3941 3048 3995 ταῦτα
3096 3938 3196 4010 μὲν
3241 3936 3370 4009 περὶ
3412 3934 3586 4003 ὑμῶν.

2015 4044 2177 4107 Ἴσως
2206 4041 2264 4095 δὲ
2312 4039 2588 4111 συγχωρεῖ
2619 4039 2649 4090 6
2690 4034 2822 4098 Θεὸς
2853 4031 3027 4086 ταῦτά
3070 4046 3137 4102 με
3173 4027 3403 4098 πάσχειν
3446 4027 3592 4098 άπερ

2015 4133 2359 4205 βουλεύονται
2390 4132 2510 4185 κατ’
2547 4127 2705 4201 ἐμοῦ,
2745 4126 2833 4180 ἵνα
2875 4124 2936 4177 ἐν
2981 4122 3289 4193 συμφοραῖς
3320 4117 3593 4189 δοκιμάσῃ

2013 4225 2081 4280 τὰ
2120 4225 2241 4279 κατ’
2283 4222 2415 4294 ἐμέο
2466 4221 2548 4275 ὅτι
2599 4220 2657 4273 ἐν
2692 4219 2805 4277 τοῖς
2850 4214 3031 4278 πόνοις
3069 4212 3416 4268 ἐναπόκειται
3466 4208 3590 4280 νίκη

2014 4318 2253 4383 πάντως,
2270 4315 2363 4369 καὶ
2390 4315 2450 4368 ἐν
2466 4314 2578 4377 τοῖς
2593 4309 2799 4380 ἀγῶσιν
2820 4307 3146 4381 ἡτοίμασται
3171 4306 3452 4374 στέφανος.
3482 4299 3595 4354 Καὶ

2013 4408 2124 4481 γὰρ
2164 4409 2192 4462 6
2225 4406 2508 4471 θεσπέσιος
2553 4403 2765 4467 Παῦλος
2804 4399 2989 4470 ἔλεγε⁸
3027 4398 3141 4453 Τὸν
3175 4396 3397 4467 δρόμον
3436 4390 3595 4447 τετέ-

2013 4506 2192 4568 λεκα,
2225 4497 2342 4567 τὴν
2387 4498 2596 4551 πίστιν
2645 4492 2972 4562 τετήρηκαο
3022 4488 3244 4545 λοιπὸν
3287 4483 3599 4542 ἀπόκειταί

2007 4607 2111 4663 μοι
2157 4592 2192 4644 ὁ
2224 4587 2336 4658 τῆς
2384 4585 2778 4653 δικαιοσύνης
2827 4583 3159 4652 στέφανος⁸
3208 4572 3269 4632 οῦ
3327 4576 3598 4645 στεφάνου

2015 4680 2341 4748 καταξιώσει
2394 4678 2539 4749 ὑμᾶς
2589 4678 2617 4732 6
2660 4676 2769 4730 τῶν
2820 4675 2957 4727 ὅλων
3023 4669 3301 4742 Δεσπότης
3334 4670 3414 4734 είς
3455 4668 3593 4733 ,τοὺς

2016 4771 2238 4836 αἰῶνας.
2276 4770 2465 4841 Ἀμήν.

2082 4952 2107 4981 ⁸
2129 4948 2342 4999 Savilius
2366 4942 2736 4996 rescribendum
2767 4935 2963 5000 conjicil
2983 4934 3253 4997 διέλαμπεν.

352 5195 3598 5251 ‘__________________________________________._.___________.

1235 5453 1482 5519 IPSIUS
1541 5448 1820 5513 SANCTI
1867 5444 2202 5508 JOANNIS
2243 5437 2696 5505 AGERETUR.

359 5682 607 5740 exsilium
651 5676 1036 5750 pertimescam
1061 5710 1076 5736 ,
1122 5666 1215 5738 qui
1262 5662 1509 5721 noverim
1549 5658 1764 5715 Domini
1807 5671 1931 5712 esse
2034 5648 2312 5707 intulerint
2347 5649 2401 5704 in
2423 5648 2570 5704 hunc
2601 5645 2886 5710 mundum,
2911 5642 3004 5699 sed
3036 5655 3213 5712 neque
3234 5638 3452 5695 auferre
3478 5639 3612 5710 quid

359 5785 578 5841 terram,
608 5748 666 5829 ei
691 5764 1088 5842 plenitudinem
1111 5759 1234 5831 eius
1263 5753 1440 5827 (Ριαί.
1465 5754 1558 5809 ‘25.
1584 5751 1669 5841 ι),
1832 5748 1932 5842 bo:-

2037 5746 2249 5819 possim
2282 5746 2362 5814 (Ι.
2387 5744 2523 5799 Tim.
2541 5742 2593 5797 6.
2612 5740 2704 5812 7)?
2723 5736 3001 5808 Quidquid
3021 5736 3249 5792 terroris
3269 5735 3431 5790 habet
3448 5751 3613 5789 mun-

363 5828 1031 5937 n‘orumnros-criplioncm
1050 5828 1310 5919 meiuam,
1331 5845 1424 5919 qui
1447 5844 1615 5904 sciam
1634 5832 1777 5914 quod
1799 5840 1933 5899 nihil
2040 5842 2166 5910 dus,
2200 5848 2495 5898 contemno
2530 5856 2542 5894 :
2577 5833 2841 5909 quidquid
2869 5828 3190 5887 delectabile
3221 5828 3405 5896 habet,
3440 5828 3614 5884 rideo.
