4036 6450
412 397 516 451 435

412 510 632 563 Divitias
657 523 763 562 non
789 506 967 576 cupio,
999 515 1360 576 paupertatem
1391 518 1495 559 non
1537 503 1812 569 horresco,
1852 520 1998 558 mor-

413 613 518 655 tem
543 616 648 656 non
682 601 864 654 timeo.
896 597 1008 652 Vita
1039 598 1178 653 enim
1203 595 1331 650 mihi
1352 596 1416 651 ad
1443 606 1674 653 vestrum
1706 595 2002 665 profectum

409 690 784 745 tantummodo
809 689 1052 754 ducitur;
1092 687 1186 741 sed
1212 688 1490 742 caritatem
1522 696 1754 742 vestram
1788 701 1999 758 precor,

410 793 467 835 ut
511 797 666 853 sequo
712 781 890 835 animo
915 779 1050 834 sitis.
1078 779 1247 835 Nemo
1276 781 1419 834 enim
1460 795 1558 834 nos
1581 795 1611 834 a
1637 779 1788 834 vobis
1810 781 2004 850 poterit

407 871 682 926 divellere.
713 873 858 935 Quos
899 870 1044 924 enim
1087 869 1336 925 Christus
1378 870 1676 940 conjunxit,
1710 869 1871 924 homo
1896 885 2002 925 non

408 965 691 1035 separabit.
723 963 874 1033 Quod
900 963 944 1017 si
970 963 1038 1018 de
1059 963 1284 1019 muliere
1314 973 1370 1019 et
1394 965 1507 1018 viro
1527 963 1758 1018 dicitur:
1787 961 2006 1032 Propter

409 1059 503 1108 hoc
542 1056 784 1126 relinquet
821 1057 973 1110 homo
1012 1068 1207 1125 patrem
1241 1073 1390 1112 suum
1419 1068 1464 1110 et
1493 1067 1726 1120 matrem,
1760 1066 1806 1110 et
1822 1057 2001 1110 adna-

408 1146 531 1200 rebit
560 1147 704 1200 uxori
731 1163 856 1209 sum,
887 1158 930 1200 et
961 1157 1104 1200 erunt
1129 1147 1228 1200 duo
1246 1149 1298 1202 in
1325 1163 1478 1201 carne
1505 1163 1606 1201 una
1631 1147 1783 1214 (Gen.
1803 1145 1962 1216 2.24)
1987 1163 2000 1200 :

409 1245 465 1292 et
491 1237 535 1291 si
566 1237 870 1306 linjnsmodi
902 1239 1204 1309 nuptiarum
1236 1238 1542 1307 conjunctio
1565 1237 1632 1293 ab
1661 1237 1877 1292 homine
1897 1252 2003 1291 non

410 1337 582 1396 potest
620 1331 878 1397 separari,
927 1330 1096 1384 multo
1139 1329 1308 1401 magis
1353 1331 1590 1384 Ecclesia
1632 1345 1738 1384 non
1777 1338 2004 1399 potesta

409 1429 624 1486 pastore
649 1419 847 1474 divelli.
876 1420 980 1476 Sed
1013 1422 1290 1491 impugnas
1319 1437 1422 1476 me.
1457 1421 1592 1486 Quid
1621 1419 1750 1474 mihi
1794 1420 2006 1475 nocebit

409 1511 738 1581 impugnatio
778 1521 883 1578 tua,
929 1513 1032 1566 nisi
1077 1513 1200 1582 quia
1229 1528 1315 1566 me
1336 1512 1548 1583 quidem
1576 1512 1857 1566 clariorem
1899 1512 2002 1564 im-

407 1602 821 1674 pugnationibus
865 1605 966 1657 tuis
993 1601 1214 1668 reddes,
1245 1613 1362 1658 tuas
1387 1619 1514 1658 vero
1543 1613 1792 1659 conteras
1821 1602 2005 1656 vires?

413 1697 612 1750 Durum
637 1697 781 1751 enim
808 1695 898 1750 tibi
944 1696 1046 1750 erit
1069 1696 1352 1750 adversum
1380 1696 1652 1750 stimulum
1684 1695 1963 1750 caleitrare
1989 1712 2002 1749 :

410 1788 532 1858 quia
577 1804 682 1843 non
734 1790 1005 1844 stimulum
1051 1789 1322 1856 retundes,
1374 1789 1467 1844 sed
1519 1788 1682 1859 pedes
1725 1787 2006 1843 calcitrans

413 1879 714 1935 vulnerabis
761 1879 896 1951 (Act.
949 1881 1001 1936 9.
1029 1879 1124 1955 5):
1157 1897 1331 1951 neque
1360 1880 1570 1945 fluctus,
1615 1880 1704 1950 qui
1744 1893 1876 1933 saxo
1905 1877 2006 1931 illi-

411 1969 631 2036 duntur,
683 1971 910 2039 amplius
952 1971 1150 2041 aliquid
1201 1972 1500 2041 proficient,
1529 1987 1688 2042 quam
1722 1979 1779 2024 ut
1804 1976 2003 2023 semet-

411 2065 554 2132 ipsos
584 2063 734 2119 fracti
751 2065 1064 2131 dissolvant,
1098 2075 1152 2120 et
1181 2067 1231 2119 in
1259 2079 1478 2135 spumas
1503 2062 1772 2119 extenuati
1804 2061 2004 2130 deper-

409 2165 552 2209 eant.
601 2153 796 2210 Christi
857 2156 1094 2211 Ecclesia
1143 2156 1275 2210 nihil
1331 2154 1522 2210 fortius
1571 2173 1583 2208 :
1622 2153 1668 2208 si
1721 2153 1841 2224 quis
1886 2166 2004 2206 eam

413 2249 725 2318 impugnare
768 2249 1036 2320 proponit,
1088 2249 1229 2304 vires
1268 2257 1462 2302 atterat
1502 2260 1720 2302 necesse
1749 2254 1868 2300 est:
1902 2245 2006 2299 tale

413 2349 497 2394 est
538 2341 705 2405 enim,
757 2341 902 2395 velut
956 2340 1002 2396 si
1044 2341 1177 2396 caelo
1226 2340 1422 2395 bellum
1453 2339 1740 2395 meditetur
1785 2337 2002 2392 inferre.

413 2429 628 2484 llomini
670 2431 717 2485 si
771 2430 967 2486 bellum
1011 2431 1232 2498 inferas,
1267 2430 1490 2485 fortasse
1518 2431 1718 2497 vinces,
1752 2440 1843 2484 aut
1873 2428 2008 2484 forte

415 2523 644 2578 vinceris
674 2540 688 2578 :
721 2524 1010 2579 Ecclesiam
1033 2525 1249 2580 vincere
1275 2525 1417 2579 nulla
1442 2524 1521 2579 vis
1545 2524 1759 2595 poterit.
1790 2522 1887 2578 Dei
1928 2531 2009 2578 est

417 2613 677 2678 Ecclesia,
705 2615 795 2685 qui
823 2624 905 2671 est
928 2617 1177 2671 omnibus
1198 2615 1404 2671 fortior.
1441 2617 1543 2670 Aut
1567 2616 1868 2671 tentufamur
1895 2616 2007 2671 Do-

415 2707 606 2760 minum
626 2707 652 2760 ῖ
678 2706 945 2776 Numquid
970 2707 1202 2776 fortiores
1230 2707 1319 2761 illo
1341 2724 1512 2762 sumus
1534 2708 1610 2779 (l.
1633 2706 1754 2763 Cor.
1781 2707 1868 2763 l0.
1890 2707 2009 2780 22)?

419 2796 559 2851 Deus
605 2796 851 2853 fundavit
903 2799 1025 2866 hoc,
1081 2797 1221 2868 quod
1273 2798 1596 2854 labefactare
1640 2800 1870 2854 conaris.
1903 2801 2010 2854 Aut

415 2889 647 2958 experiri
696 2891 777 2944 vis
825 2890 1112 2960 potentiam
1145 2890 1394 2945 Domini?
1422 2890 1536 2960 Ipse
1560 2899 1642 2946 est
1680 2890 1782 2959 Qui
1807 2893 2010 2961 respicit

415 2996 567 3050 super
592 2989 800 3046 terram,
829 2991 876 3035 et
901 2981 1025 3053 facit
1053 2998 1164 3036 eam
1192 2989 1405 3037 tremere
1433 2981 1602 3054 (Psal.
1645 2982 1769 3038 105.
1799 2983 1926 3054 52):
1955 2991 2010 3038 et

417 3073 609 3128 iterum
651 3075 740 3144 qui
779 3073 954 3144 jubet,
985 3085 1040 3130 et
1071 3085 1273 3129 tremor
1315 3075 1433 3146 ejus
1461 3076 1740 3131 solidatur.
1769 3078 1878 3132 Aut
1904 3093 2007 3131 non

417 3163 616 3228 vidisti,
649 3173 968 3220 trementem
991 3166 1259 3221 civitatem
1287 3175 1430 3221 tuam
1453 3168 1661 3237 quoties
1683 3153 1832 3222 Istare
1859 3167 2009 3224 fecit?

417 3255 585 3310 Multo
613 3258 782 3328 magis
809 3258 1102 3313 Ecclesiam
1130 3275 1280 3313 suam
1323 3269 1637 3315 trementem
1666 3260 1858 3330 poterit
1877 3275 2012 3316 con-

421 3351 676 3407 firmare:
712 3351 904 3408 fortior
947 3354 1090 3408 enim
1126 3353 1365 3408 Ecclesia
1414 3353 1582 3409 multo
1624 3370 1781 3425 quam
1833 3364 2008 3422 terra,

420 3443 528 3496 imo
581 3451 636 3498 et
687 3443 872 3498 fortior
921 3444 1076 3499 etclo.
1131 3445 1323 3500 Cretum
1395 3455 1440 3500 et
1501 3457 1633 3500 terra
1689 3447 2009 3514 transibunt,

418 3535 567 3591 verba
606 3544 775 3591 autem
823 3554 931 3591 mea
979 3554 1079 3591 non
1132 3539 1414 3592 transibunt
1492 3537 1704 3610 (.ilattlt.
1758 3539 1849 3594 24.
1895 3539 2011 3611 55).

417 3629 550 3695 Quae
619 3627 821 3683 verba?
871 3628 944 3683 Tu
997 3646 1049 3684 es
1092 3628 1307 3694 Petrus,
1360 3641 1407 3684 et
1449 3648 1599 3702 super
1639 3632 1770 3685 lianc
1820 3641 2015 3702 petram

417 3719 681 3788 wdiﬁeabo
720 3718 1003 3774 Ecclesiam
1048 3737 1231 3789 meam,
1256 3731 1302 3776 et
1346 3733 1507 3793 portte
1554 3723 1708 3794 inferi
1749 3739 1850 3777 non
1878 3738 2013 3793 prat-

419 3811 654 3866 ratebunt
692 3813 743 3866 in
783 3828 898 3866 eam
937 3812 956 3884 (
995 3811 1076 3866 Ib.
1115 3813 1365 3886 16.18).
1399 3813 1553 3882 Quod
1604 3815 1648 3869 si
1705 3829 1809 3869 non
1838 3814 2014 3870 credis

419 3903 606 3970 verbo,
633 3904 794 3959 rebus
823 3905 951 3975 ipsis
980 3913 1036 3961 ct
1064 3904 1317 3974 operibus
1361 3905 1541 3961 crede.
1573 3904 1766 3974 Quanti
1805 3906 2014 3978 tyranni

419 3997 657 4067 aggressi
684 4007 809 4053 sunt
839 3999 1152 4070 impugnare
1195 3999 1490 4056 Ecclesiam
1523 3998 1654 4055 Dei?
1678 4007 1873 4070 quanta
1903 4009 2016 4054 tor-

419 4099 622 4154 menta,
650 4097 876 4159 quantas
902 4105 1088 4146 cruces
1122 4090 1498 4158 adhibuerunt,
1539 4091 1707 4162 ignes,
1749 4090 2013 4157 fornaces,

421 4177 578 4242 feras,
613 4177 832 4246 bestias,
860 4180 1066 4249 gladios
1092 4180 1446 4247 intendentes,
1479 4189 1534 4236 et
1561 4182 1688 4236 nihil
1718 4198 1877 4252 agere
1917 4198 2014 4252 po-

423 4266 682 4320 tuerunt?
711 4267 813 4323 Ubi
842 4283 984 4322 nunc
1025 4279 1150 4323 sunt
1179 4270 1251 4324 illi
1288 4271 1378 4341 qui
1410 4273 1526 4326 haec
1561 4273 1820 4338 fecerunt,
1849 4283 1902 4328 et
1927 4273 2016 4329 ubi

423 4357 498 4413 illi
522 4358 612 4426 qui
641 4357 754 4413 haec
784 4357 992 4413 fortiter
1020 4361 1391 4430 pertulerunt?
1416 4361 1566 4417 Nunc
1597 4362 1632 4418 ii
1658 4364 1873 4419 :cternis
1899 4380 2016 4436 pae-

423 4451 508 4504 nis
558 4459 893 4520 premuntur,
944 4461 998 4508 et
1044 4453 1130 4507 isti
1183 4456 1398 4510 aeternis
1445 4457 1652 4526 gaudiis
1696 4458 2016 4529 eriguntur:

424 4543 589 4614 fulget
627 4543 769 4598 enim
800 4543 1039 4599 Ecclesia
1068 4559 1229 4615 super
1256 4547 1592 4616 splendorem
1623 4549 1784 4615 solis,
1819 4560 1872 4606 et
1899 4566 2020 4621 pcr-

422 4643 738 4704 seqnutores
779 4635 894 4706 ejus
937 4636 1206 4706 perpetuis
1245 4638 1481 4692 tenebris
1502 4648 1875 4711 conteguntur.
1900 4641 2016 4697 Non

423 4726 556 4796 legis
581 4729 860 4800 scriptum,
891 4730 1014 4800 quia
1042 4729 1287 4786 undecim
1319 4731 1418 4786 soli
1450 4742 1622 4798 erant,
1652 4743 1705 4788 et
1735 4735 1872 4789 vinei
1911 4750 2018 4790 non

426 4821 752 4886 potuerunt?
796 4821 968 4885 Nunc,
1020 4823 1108 4876 ubi
1157 4823 1306 4878 orbis
1355 4832 1618 4878 terrarum
1667 4826 1902 4895 repletus
1937 4836 2021 4882 est

425 4909 634 4979 piorum
662 4911 1020 4977 multitudine,
1053 4914 1322 4984 quomodo
1349 4925 1600 4984 poterunt
1627 4916 1805 4970 vinci?
1827 4917 2019 4971 Cretum

422 5011 470 5052 et
515 5008 650 5052 terra
690 5000 993 5068 transibunt,
1025 5003 1172 5057 verba
1209 5016 1374 5059 autem
1424 5022 1535 5060 mea
1565 5023 1664 5060 non
1712 5008 2014 5062 transibunt.

428 5092 495 5146 Et
520 5092 716 5146 merito
748 5109 762 5144 :
793 5093 970 5148 carior
1016 5095 1159 5150 enim
1190 5097 1426 5153 Ecclesia
1456 5099 1572 5165 Dei,
1605 5116 1763 5170 quam
1803 5102 2014 5156 cadum.

425 5181 541 5237 Non
571 5183 714 5237 enim
748 5182 984 5239 Ecclesia
1033 5197 1252 5256 propter
1295 5191 1505 5258 caelum,
1533 5192 1626 5247 sed
1658 5202 1876 5264 propter
1917 5193 2020 5248 Ec-

425 5273 645 5328 clesiam
693 5273 904 5328 caelum.
949 5275 1087 5330 Nihil
1135 5279 1298 5344 enim,
1352 5298 1554 5351 quaeso,
1605 5285 1882 5355 perturbet
1926 5300 2020 5340 vos

424 5379 612 5419 eorum
640 5380 760 5435 qua:
784 5366 867 5436 agi
895 5367 1107 5422 videtis.
1142 5368 1408 5427 Ponamns
1433 5384 1557 5429 ante
1585 5376 1770 5430 oculos
1807 5386 2019 5434 nostros

426 5456 643 5514 Petrum
686 5473 848 5528 super
873 5474 1037 5528 aquas
1063 5461 1420 5530 incedentem,
1453 5474 1508 5520 et
1537 5481 1719 5535 parum
1747 5467 1873 5538 quid
1912 5469 2019 5523 hce-

426 5550 700 5615 sitantem,
733 5557 894 5620 atque
919 5551 988 5606 ob
1020 5550 1122 5607 hoc
1157 5553 1431 5623 paululum
1470 5557 1878 5627 periclitantem,
1911 5575 2016 5614 non

427 5650 646 5712 propter
676 5642 966 5710 potentiam
989 5643 1266 5710 fluctuum,
1294 5645 1386 5700 sed
1417 5656 1632 5716 propter
1655 5649 2017 5705 infirmitatem

427 5732 570 5788 fidei.
617 5731 886 5800 Numquid
933 5734 1162 5790 humana
1188 5735 1464 5793 voluntate
1491 5738 1593 5793 huc
1634 5743 1896 5809 venimus,
1928 5751 2022 5797 aut

427 5833 644 5893 propter
685 5819 954 5881 hominem
1001 5825 1104 5882 huc
1140 5827 1382 5898 ιιι-θάυοιί
1429 5832 1652 5888 sumus?
1683 5834 1746 5888 Et
1771 5833 1884 5890 lucc
1913 5851 2018 5892 non

1132 401 1190 456 S.
1232 401 1516 457 JOANNIS
1555 398 2036 455 CllRYSOS'l'OMi
2075 397 2395 454 ARCHIEP.
2435 388 2978 452 CONSTANTINOP.

3603 391 3708 445 43-!

2119 510 2433 571 arroganter
2459 501 2666 571 loquor,
2700 515 2871 571 neque
2887 499 3143 568 iactantia
3184 498 3434 571 agitatus,
3464 499 3560 556 sed
3591 501 3709 553 ani.

2112 607 2231 648 mos
2260 601 2466 649 vestros
2487 632 2503 658 ,
2538 592 2627 662 qui
2663 591 2801 646 forte
2829 589 3131 656 turbantur,
3161 590 3321 660 cupio
3363 588 3708 645 confirmare.

2111 683 2391 740 intuemini
2431 699 2559 756 ergo
2603 683 2874 756 quomodo
2925 683 3187 738 Commota
3228 691 3303 737 est
3344 691 3392 736 et
3411 682 3712 737 contremuit

2111 786 2245 831 terra
2299 777 2468 848 (Psal.
2516 777 2603 832 17.
2633 775 2727 848 8),
2775 784 2830 831 et
2866 785 3043 830 tamen
3095 791 3202 830 non
3253 775 3455 830 corruit
3496 774 3705 829 civitas.

2111 867 2412 936 Quomodo,
2445 867 2806 938 impurissime
2833 865 3064 934 diabole,
3115 866 3411 921 Ecclesiam
3453 875 3508 921 te
3555 874 3712 936 putas

2113 977 2272 1032 posse
2312 961 2568 1032 dejicere,
2610 962 2699 1032 qui
2731 970 3024 1016 trementes
3062 960 3293 1029 parietes
3334 959 3572 1028 dejicere
3613 960 3713 1011 mi-

2113 1056 2255 1109 nime
2282 1053 2531 1109 valuisti?
2556 1052 2672 1107 Non
2697 1053 2856 1108 estin
2883 1051 3174 1122 parietibus
3213 1049 3481 1114 Ecclesia,
3519 1048 3614 1103 sed
3659 1049 3710 1103 in

2113 1145 2452 1200 multitudine
2482 1147 2711 1215 piorum.
2743 1145 2881 1199 Ecce
2908 1158 3066 1216 quam
3099 1141 3284 1207 fortes,
3314 1155 3473 1212 quam
3514 1140 3710 1194 immo-

2113 1239 2247 1293 biles
2291 1238 2464 1302 statis,
2511 1253 2619 1292 non
2661 1235 2828 1303 ferro,
2876 1235 2970 1291 sed
3018 1235 3124 1290 fide
3167 1235 3351 1290 vincti.
3397 1234 3462 1290 Et
3486 1233 3614 1305 quid
3645 1231 3713 1290 de

2113 1339 2258 1386 tanta
2284 1330 2623 1385 multitudine
2648 1329 2877 1401 loquor?
2900 1328 3071 1386 Unum
3101 1328 3311 1383 fidelem
3350 1329 3570 1384 vincere
3603 1343 3710 1383 non

2113 1431 2286 1492 potes.
2319 1423 2363 1476 0
2391 1420 2622 1484 diabole,
2671 1422 2846 1476 nescis
2874 1436 2993 1490 quae
3020 1420 3110 1475 tibi
3156 1419 3380 1475 fecerint
3407 1422 3712 1492 martyres?

2113 1514 2394 1582 Quomodo
2423 1512 2734 1585 frequenter
2760 1514 2997 1585 ingressa
3026 1522 3108 1567 est
3130 1512 3304 1582 puella
3325 1522 3481 1568 actate
3504 1522 3708 1579 tenera,

2111 1608 2266 1662 annis
2297 1609 2603 1675 immatura,
2634 1616 2690 1663 et
2733 1609 2944 1662 inventa
2971 1615 3054 1662 est
3084 1605 3226 1660 ferro
3253 1605 3455 1667 fortior.
3487 1621 3609 1660 cum
3637 1606 3710 1659 la-

2112 1708 2225 1754 tera
2253 1697 2374 1768 ejus
2415 1698 2711 1763 seinderes,
2742 1697 2900 1753 fidem
2949 1706 3126 1751 tamen
3175 1695 3291 1766 ejus
3339 1711 3558 1751 movere
3603 1712 3711 1751 non

2113 1789 2340 1860 posses?
2390 1789 2591 1844 Defecit
2640 1787 2946 1859 frequenter
2996 1803 3124 1843 caro
3172 1789 3229 1841 iu
3287 1789 3607 1856 tormentis,
3657 1797 3711 1844 et

2113 1880 2276 1936 robur
2322 1880 2444 1935 fidei
2486 1894 2593 1936 non
2635 1879 2863 1945 defecit;
2896 1889 3272 1951 consumptum
3301 1888 3384 1935 est
3410 1893 3625 1949 corpus,
3654 1887 3707 1934 et

2112 1985 2264 2024 mens
2320 1986 2428 2025 non
2484 1971 2653 2041 potuit
2696 1969 2972 2036 inclinari;
3027 1969 3228 2025 interiit
3273 1969 3592 2034 substantia,
3647 1979 3704 2024 et

2112 2063 2343 2132 perstitit
2390 2063 2665 2134 patientia.
2708 2062 2764 2119 Si
2807 2078 2936 2134 ergo
2965 2062 3270 2134 frequenter
3300 2063 3369 2118 ab
3396 2078 3499 2117 una
3537 2063 3708 2132 puella

2113 2154 2283 2208 victus
2305 2169 2383 2220 cs,
2415 2153 2684 2225 quomodo
2713 2169 2898 2225 speras
2943 2163 3103 2210 tanta:
3132 2156 3291 2226 hujus
3313 2165 3368 2211 et
3393 2163 3498 2210 tam
3539 2155 3711 2211 ﬁdelis

2115 2245 2474 2302 multitudinis
2503 2245 2663 2302 fidem
2694 2255 2745 2302 te
2772 2261 2930 2318 posse
2958 2247 3247 2303 evincere?
3276 2247 3392 2304 Non
3419 2248 3572 2304 audis
3600 2248 3710 2304 Do-

2113 2340 2243 2396 mini
2273 2357 2460 2397 vocem
2509 2340 2778 2398 dicentis:
2835 2341 2989 2409 Quia,
3035 2343 3121 2396 ubi
3165 2343 3268 2397 duo
3311 2352 3399 2397 aut
3451 2351 3552 2396 tres
3594 2352 3712 2396 sunt

2113 2433 2404 2505 congregati
2432 2434 2483 2487 in
2520 2434 2724 2488 nomine
2756 2450 2884 2500 meo,
2916 2434 2982 2487 ibi
3012 2451 3125 2488 sum
3151 2445 3196 2489 et
3217 2451 3307 2506 ego
3353 2437 3406 2489 in
3433 2435 3597 2491 medio
3624 2452 3710 2490 eo-

2113 2544 2224 2581 rum
2255 2526 2465 2598 (Matth.
2493 2528 2578 2583 l8.
2611 2525 2745 2602 20)?
2768 2527 2924 2596 Quid,
2952 2527 3041 2583 ubi
3066 2537 3207 2583 tanta
3252 2528 3488 2585 fidelium
3531 2529 3711 2587 multi—

2116 2621 2242 2676 tudo
2270 2629 2354 2676 est
2394 2620 2633 2677 caritatis
2679 2622 2904 2677 nexibus
2933 2621 3139 2677 vincta?
3180 2621 3297 2677 Non
3343 2637 3444 2693 ego
3492 2622 3709 2694 propria

2115 2715 2310 2770 virtute
2338 2714 2571 2782 confido,
2620 2713 2793 2770 habeo
2839 2715 3160 2784 scripturam
3188 2713 3396 2769 Domini
3424 2715 3550 2782 mei,
3592 2729 3710 2768 ma-

2116 2823 2242 2861 num
2284 2807 2449 2877 ipsius
2495 2813 2672 2870 teneo,
2716 2806 2804 2860 illa
2835 2804 2966 2860 mihi
2996 2806 3173 2861 cautio
3200 2807 3328 2860 satis
3353 2813 3462 2860 tuta
3489 2814 3590 2871 est,
3621 2805 3710 2860 illa

2115 2913 2204 2954 me
2257 2912 2505 2952 securum
2556 2895 2742 2952 reddet
2787 2906 2842 2951 et
2895 2897 3252 2966 intrepidum:
3307 2897 3516 2952 etiamsi
3563 2897 3712 2951 orbis

2117 2998 2273 3042 terrae
2289 2994 2706 3054 commoveatur,
2731 3003 2830 3057 ego
2851 2989 3149 3043 cautionem
3174 2988 3381 3044 Domini
3402 2989 3505 3044 mei
3531 2996 3710 3043 teneo.

2117 3077 2260 3147 Lego
2286 3093 2500 3133 manum
2530 3077 2679 3148 ejus;
2720 3082 2830 3150 ipsa
2873 3079 3000 3133 mihi
3031 3095 3213 3134 murus
3251 3088 3335 3134 est
3380 3079 3711 3150 inexpugna-

2117 3167 2256 3223 bilis.
2305 3167 2474 3223 Vultis
2515 3168 2668 3224 vobis
2705 3169 2920 3224 recitem
2953 3169 3164 3224 Domini
3189 3169 3530 3225 cautionem?
3561 3169 3708 3235 Ecce,

2118 3259 2305 3329 inquit,
2360 3258 2614 3313 vobiscum
2647 3276 2759 3313 sum
2798 3258 3028 3313 omnibus
3067 3261 3240 3313 diebus
3282 3276 3440 3329 usque
3481 3260 3551 3314 ad
3587 3276 3712 3313 con-

2115 3351 2497 3405 summationem
2539 3350 2713 3405 saeculi
2760 3349 2867 3422 (Id.
2924 3351 3013 3406 98.
3044 3349 3159 3421 20).
3211 3349 3455 3406 Christus
3500 3366 3711 3406 mecum

2119 3449 2221 3506 est,
2252 3456 2410 3510 quem
2443 3440 2680 3496 timebo?
2710 3441 2929 3496 Etiamsi
2965 3440 3156 3496 fluetus
3198 3441 3456 3512 insurgat,
3501 3441 3711 3497 etiamsi

2121 3540 2289 3586 totum
2342 3531 2560 3602 pelagus
2611 3531 2893 3587 adversum
2945 3548 3033 3588 nte
3079 3533 3445 3600 conturbetnr,
3502 3533 3711 3589 etiamsi

2123 3624 2418 3695 principum
2463 3624 2631 3692 furor,
2684 3627 2861 3681 omnia
2889 3627 3018 3681 mihi
3069 3627 3157 3682 illa
3199 3643 3413 3683 araneae
3442 3637 3620 3696 erunt,
3661 3638 3714 3682 et

2119 3719 2327 3775 araneis
2375 3717 2661 3788 fragiliora.
2710 3718 2776 3773 Et
2823 3720 2922 3774 nisi
2971 3728 3192 3790 propter
3235 3719 3571 3790 fragilitatem
3618 3736 3713 3776 vc-

2120 3819 2306 3877 stram,
2339 3809 2499 3865 bodie
2539 3826 2646 3865 non
2667 3809 2965 3865 dubitarem
2996 3811 3073 3866 ire
3098 3825 3205 3881 quo
3231 3811 3448 3866 vellent.
3488 3809 3713 3880 Semper

2119 3903 2260 3957 enim
2283 3902 2403 3957 dico
2434 3921 2447 3958 :
2478 3901 2709 3968 Domine,
2734 3903 2966 3957 voluntas
2995 3912 3083 3957 tua
3112 3904 3203 3972 ﬁat
3227 3901 3337 3973 (Id.
3368 3902 3421 3958 6.
3455 3903 3576 3974 10):
3609 3917 3715 3958 non

2121 3993 2260 4063 quod
2284 3993 2373 4048 ille
2402 3993 2532 4060 vult,
2565 3993 2646 4048 vel
2676 3993 2784 4060 ille,
2819 3992 2912 4048 sed
2943 3992 3084 4063 quod
3116 4003 3171 4048 tu
3199 3994 3281 4048 vis
3307 4010 3319 4048 :
3355 4003 3442 4048 tua
3468 3993 3716 4048 voluntas

2121 4085 2250 4140 mihi
2299 4085 2460 4140 turris
2503 4084 2823 4151 fortissima,
2871 4095 2926 4140 et
2972 4093 3120 4155 petra
3160 4085 3385 4151 stabilis,
3412 4094 3466 4142 et
3491 4085 3716 4142 baculus

2124 4177 2278 4232 fidus.
2306 4176 2362 4232 Si
2392 4186 2446 4232 tu
2469 4177 2547 4231 vis
2573 4191 2887 4248 permanere
2908 4192 3115 4231 mecum
3137 4175 3245 4245 hic,
3276 4175 3448 4232 habeo
3467 4177 3715 4247 gratiam:

2121 4268 2165 4322 si
2192 4284 2296 4324 non
2328 4269 2429 4335 vis,
2462 4269 2692 4324 similem
2734 4268 2910 4324 refero
2951 4269 3194 4339 gratiam.
3240 4267 3410 4323 Nemo
3459 4283 3553 4323 vos
3581 4284 3712 4323 com

2125 4361 2321 4428 turbet,
2365 4361 2576 4424 fratres,
2624 4371 2773 4415 orate
2817 4369 3020 4415 tantum
3065 4377 3078 4413 :
3125 4359 3241 4414 btec
3279 4360 3420 4414 enim
3470 4359 3720 4416 diabolus

2122 4463 2321 4520 movet,
2356 4469 2460 4507 non
2483 4452 2640 4506 aliam
2671 4452 2740 4508 ob
2769 4467 3006 4520 causam,
3040 4467 3197 4522 quam
3240 4460 3298 4506 ut
3327 4451 3571 4522 religiosa
3603 4460 3712 4507 stuc

2122 4543 2208 4598 dia
2239 4552 2412 4598 vestra
2435 4543 2750 4613 disrumpat,
2782 4552 2836 4598 et
2865 4542 3124 4598 exercitia
3146 4552 3343 4608 vestra,
3369 4559 3488 4614 quae
3516 4543 3570 4596 in
3599 4556 3714 4598 ora:

2125 4637 2356 4692 tionibus
2407 4646 2463 4691 et
2513 4633 2705 4704 vigiliis
2729 4634 3014 4705 gerebatis,
3066 4635 3387 4704 exstinguat.
3446 4632 3554 4689 Sed
3602 4650 3712 4689 non

2125 4728 2413 4793 obtinebit,
2449 4740 2551 4781 nec
2589 4727 2781 4798 eripiet
2817 4742 2848 4782 a
2879 4726 3029 4782 vobis
3068 4727 3242 4782 studia
3273 4726 3518 4798 religiosa
3560 4745 3573 4780 :
3620 4727 3721 4783 nisi

2123 4819 2247 4889 quia
2276 4818 2614 4874 sollicitiores
2641 4833 2734 4874 vos
2761 4818 3014 4884 inveniet,
3057 4827 3111 4874 et
3153 4818 3468 4874 fervidiores
3496 4817 3716 4874 efficiet.

2123 4912 2366 4965 Crastina
2414 4911 2686 4966 vobiscum
2734 4912 2892 4967 exibo
2934 4911 2998 4966 ad
3044 4912 3352 4967 orationes:
3386 4922 3442 4966 et
3488 4911 3576 4966 ubi
3623 4926 3719 4983 ego

2124 5019 2263 5071 sum,
2293 5003 2362 5058 ibi
2390 5011 2446 5058 et
2464 5018 2558 5057 vos
2583 5003 2731 5058 eritis
2773 5021 2786 5058 :
2818 5011 2872 5058 ct
2900 5002 2986 5057 ubi
3031 5018 3125 5058 vos
3153 5003 3304 5069 estis,
3323 5002 3392 5058 ibi
3423 5017 3519 5058 ero
3534 5011 3720 5072 etego.

2129 5097 2299 5152 Unum
2330 5111 2525 5166 corpus
2567 5111 2772 5163 sumus,
2821 5112 2992 5165 neque
3025 5105 3183 5166 caput
3211 5111 3240 5149 a
3270 5111 3515 5166 corpore,
3547 5111 3723 5166 neque

2124 5203 2320 5257 corpus
2345 5203 2374 5242 a
2401 5188 2576 5258 capite
2599 5187 2956 5256 separabitur,
2991 5187 3200 5242 etiamsi
3242 5188 3362 5242 loco
3395 5187 3718 5251 dividamur,

2124 5282 2218 5336 sed
2243 5282 2463 5336 caritate
2503 5280 2909 5351 conjungimur;
2936 5295 3035 5350 ego
3063 5295 3093 5334 a
3130 5281 3280 5334 vobis
3307 5296 3406 5335 nec
3433 5290 3604 5336 morte
3634 5279 3718 5334 di—

2125 5373 2309 5430 vellar.
2341 5372 2473 5427 Nam
2502 5373 2601 5427 etsi
2633 5386 2825 5441 corpus
2869 5387 3043 5426 meum
3084 5371 3362 5438 moriatur,
3394 5370 3570 5425 anima
3601 5385 3717 5425 mea

2129 5465 2278 5532 vivit,
2309 5472 2363 5519 et
2388 5464 2700 5518 memoriam
2731 5463 2892 5518 vestri
2923 5460 3142 5517 tenebit.
3173 5461 3280 5517 Vos
3309 5461 3437 5518 estis
3466 5460 3595 5515 mihi
3625 5477 3717 5530 pa-

2131 5566 2259 5620 tres,
2293 5570 2388 5610 vos
2416 5553 2543 5608 mihi
2572 5561 2763 5620 mater,
2796 5568 2889 5607 vos
2919 5551 3047 5606 mihi
3073 5553 3201 5620 vita,
3238 5567 3336 5607 vos
3365 5550 3492 5606 mihi
3515 5552 3716 5622 gratia:

2126 5649 2169 5701 si
2200 5662 2294 5702 vos
2319 5646 2593 5716 prolicitis,
2622 5646 2752 5700 mihi
2781 5645 3030 5716 placebit.
3063 5645 3169 5702 Vos
3199 5645 3330 5701 estis
3355 5659 3554 5700 corona
3576 5659 3716 5712 mea,

2125 5752 2180 5797 ct
2201 5743 2396 5797 divitia:
2423 5756 2588 5806 mem;
2617 5755 2714 5795 vos
2738 5740 2866 5796 estis
2895 5739 3175 5795 thesaurus
3196 5754 3367 5794 meus.
3393 5737 3506 5808 Ego
3527 5737 3718 5792 millies

2131 5850 2226 5906 pro
2252 5835 2401 5892 vobis
2446 5833 2706 5890 immolari
2741 5841 2952 5904 paratus
2995 5846 3112 5888 sum
3139 5850 3150 5887 :
3180 5839 3231 5887 et
3261 5845 3357 5887 nec
3387 5832 3558 5902 gratia
3591 5829 3723 5886 mihi
