  <div class='ocr_page' id='page_1' title='image "/cluster/home/n/w/nwhite01/storage/ocr_20150623/52:no.3:pt.2/coo.31924054869510/056.png"; bbox 0 0 4036 6382; ppageno 0'>
   <div class='ocr_carea' id='block_1_1' title="bbox 209 345 2548 408">
    <p class='ocr_par' dir='ltr' id='par_1_1' title="bbox 209 345 2548 408">
     <span class='ocr_line' id='line_1_1' title="bbox 209 345 2548 408; baseline -0.002 -5"><span class='ocrx_word' id='word_1_1' title='bbox 209 349 302 403; x_wconf 67' lang='grc' dir='ltr'><strong>Γιῧ</strong></span> <span class='ocrx_word' id='word_1_2' title='bbox 971 389 976 394; x_wconf 93' lang='grc'><strong>-</strong></span> <span class='ocrx_word' id='word_1_3' title='bbox 1130 349 1267 408; x_wconf 73' lang='lat' dir='ltr'><strong>CUM</strong></span> <span class='ocrx_word' id='word_1_4' title='bbox 1311 351 1396 407; x_wconf 86' lang='lat' dir='ltr'><strong>DE</strong></span> <span class='ocrx_word' id='word_1_5' title='bbox 1436 351 1868 408; x_wconf 75' lang='lat' dir='ltr'><strong>EXPULSIONE</strong></span> <span class='ocrx_word' id='word_1_6' title='bbox 1909 350 2121 408; x_wconf 80' lang='lat' dir='ltr'><strong>IPSIUS</strong></span> <span class='ocrx_word' id='word_1_7' title='bbox 2152 345 2548 403; x_wconf 74' lang='lat' dir='ltr'><strong>AGERETUR.</strong></span> 
     </span>
    </p>
   </div>
   <div class='ocr_carea' id='block_1_2' title="bbox 209 465 1806 538">
    <p class='ocr_par' dir='ltr' id='par_1_2' title="bbox 209 465 1806 538">
     <span class='ocr_line' id='line_1_2' title="bbox 209 465 1806 538; baseline 0.001 -18"><span class='ocrx_word' id='word_1_8' title='bbox 209 468 256 520; x_wconf 89' lang='lat' dir='ltr'><strong>in</strong></span> <span class='ocrx_word' id='word_1_9' title='bbox 301 465 406 521; x_wconf 89' lang='lat' dir='ltr'><strong>hoc</strong></span> <span class='ocrx_word' id='word_1_10' title='bbox 453 475 561 530; x_wconf 87' lang='lat' dir='ltr'><strong>est.</strong></span> <span class='ocrx_word' id='word_1_11' title='bbox 610 469 706 524; x_wconf 86' lang='lat' dir='ltr'><strong>sed</strong></span> <span class='ocrx_word' id='word_1_12' title='bbox 742 469 980 525; x_wconf 69' lang='lat' dir='ltr'><strong>debitum</strong></span> <span class='ocrx_word' id='word_1_13' title='bbox 1026 470 1210 526; x_wconf 88' lang='lat' dir='ltr'><strong>reddo.</strong></span> <span class='ocrx_word' id='word_1_14' title='bbox 1236 471 1415 525; x_wconf 88' lang='lat' dir='ltr'><strong>Bonus</strong></span> <span class='ocrx_word' id='word_1_15' title='bbox 1441 471 1583 525; x_wconf 91' lang='lat' dir='ltr'><strong>enim</strong></span> <span class='ocrx_word' id='word_1_16' title='bbox 1625 477 1806 538; x_wconf 97' lang='lat' dir='ltr'><strong>pastor</strong></span> 
     </span>
    </p>
   </div>
   <div class='ocr_carea' id='block_1_3' title="bbox 209 555 1799 632">
    <p class='ocr_par' dir='ltr' id='par_1_3' title="bbox 209 555 1799 632">
     <span class='ocr_line' id='line_1_3' title="bbox 209 555 1799 632; baseline 0.003 -22"><span class='ocrx_word' id='word_1_17' title='bbox 209 555 359 612; x_wconf 81' lang='lat' dir='ltr'><strong>debet</strong></span> <span class='ocrx_word' id='word_1_18' title='bbox 408 559 650 614; x_wconf 88' lang='lat' dir='ltr'><strong>animam</strong></span> <span class='ocrx_word' id='word_1_19' title='bbox 693 575 845 616; x_wconf 87' lang='lat' dir='ltr'><strong>suam</strong></span> <span class='ocrx_word' id='word_1_20' title='bbox 890 577 987 631; x_wconf 92' lang='lat' dir='ltr'><strong>pro</strong></span> <span class='ocrx_word' id='word_1_21' title='bbox 1030 563 1218 618; x_wconf 87' lang='lat' dir='ltr'><strong>ovibus</strong></span> <span class='ocrx_word' id='word_1_22' title='bbox 1267 563 1377 616; x_wconf 87' lang='lat' dir='ltr'><strong>suis</strong></span> <span class='ocrx_word' id='word_1_23' title='bbox 1403 577 1600 632; x_wconf 89' lang='lat' dir='ltr'><strong>ponere</strong></span> <span class='ocrx_word' id='word_1_24' title='bbox 1623 560 1799 632; x_wconf 82' lang='lat' dir='ltr'><strong>(Joan.</strong></span> 
     </span>
    </p>
   </div>
   <div class='ocr_carea' id='block_1_4' title="bbox 212 645 1803 725">
    <p class='ocr_par' dir='ltr' id='par_1_4' title="bbox 212 645 1803 725">
     <span class='ocr_line' id='line_1_4' title="bbox 212 645 1803 725; baseline 0.006 -25"><span class='ocrx_word' id='word_1_25' title='bbox 212 647 293 700; x_wconf 70' lang='lat'><strong>10.</strong></span> <span class='ocrx_word' id='word_1_26' title='bbox 321 645 413 720; x_wconf 81' lang='grc' dir='ltr'><strong>Η)</strong></span> <span class='ocrx_word' id='word_1_27' title='bbox 447 649 790 722; x_wconf 87' lang='lat' dir='ltr'><strong>:hujusmodi</strong></span> <span class='ocrx_word' id='word_1_28' title='bbox 819 654 962 708; x_wconf 90' lang='lat' dir='ltr'><strong>enim</strong></span> <span class='ocrx_word' id='word_1_29' title='bbox 993 669 1140 710; x_wconf 91' lang='lat' dir='ltr'><strong>mors</strong></span> <span class='ocrx_word' id='word_1_30' title='bbox 1165 655 1614 710; x_wconf 75' lang='lat' dir='ltr'><strong>immortalitatem</strong></span> <span class='ocrx_word' id='word_1_31' title='bbox 1645 656 1803 725; x_wconf 83' lang='lat' dir='ltr'><strong>parit.</strong></span> 
     </span>
    </p>
   </div>
   <div class='ocr_carea' id='block_1_5' title="bbox 210 739 1806 817">
    <p class='ocr_par' dir='ltr' id='par_1_5' title="bbox 210 739 1806 817">
     <span class='ocr_line' id='line_1_5' title="bbox 210 739 1806 817; baseline 0.006 -23"><span class='ocrx_word' id='word_1_32' title='bbox 210 739 318 795; x_wconf 81' lang='lat' dir='ltr'><strong>Non</strong></span> <span class='ocrx_word' id='word_1_33' title='bbox 364 742 520 797; x_wconf 89' lang='lat' dir='ltr'><strong>enim</strong></span> <span class='ocrx_word' id='word_1_34' title='bbox 567 755 786 814; x_wconf 86' lang='lat' dir='ltr'><strong>propter</strong></span> <span class='ocrx_word' id='word_1_35' title='bbox 843 744 1054 801; x_wconf 82' lang='lat' dir='ltr'><strong>divitias</strong></span> <span class='ocrx_word' id='word_1_36' title='bbox 1097 747 1282 801; x_wconf 89' lang='lat' dir='ltr'><strong>mundi</strong></span> <span class='ocrx_word' id='word_1_37' title='bbox 1328 747 1546 802; x_wconf 87' lang='lat' dir='ltr'><strong>insidias</strong></span> <span class='ocrx_word' id='word_1_38' title='bbox 1592 747 1806 817; x_wconf 87' lang='lat' dir='ltr'><strong>patior:</strong></span> 
     </span>
    </p>
   </div>
   <div class='ocr_carea' id='block_1_6' title="bbox 209 835 1808 911">
    <p class='ocr_par' dir='ltr' id='par_1_6' title="bbox 209 835 1808 911">
     <span class='ocr_line' id='line_1_6' title="bbox 209 835 1808 911; baseline 0.003 -22"><span class='ocrx_word' id='word_1_39' title='bbox 209 835 342 904; x_wconf 91' lang='lat' dir='ltr'><strong>quod</strong></span> <span class='ocrx_word' id='word_1_40' title='bbox 384 837 433 890; x_wconf 88' lang='lat' dir='ltr'><strong>si</strong></span> <span class='ocrx_word' id='word_1_41' title='bbox 480 847 652 906; x_wconf 87' lang='lat' dir='ltr'><strong>esset,</strong></span> <span class='ocrx_word' id='word_1_42' title='bbox 699 839 880 910; x_wconf 88' lang='lat' dir='ltr'><strong>utique</strong></span> <span class='ocrx_word' id='word_1_43' title='bbox 903 840 1208 896; x_wconf 87' lang='lat' dir='ltr'><strong>contristari</strong></span> <span class='ocrx_word' id='word_1_44' title='bbox 1232 839 1522 896; x_wconf 87' lang='lat' dir='ltr'><strong>deberem:</strong></span> <span class='ocrx_word' id='word_1_45' title='bbox 1555 855 1655 895; x_wconf 89' lang='lat' dir='ltr'><strong>nec</strong></span> <span class='ocrx_word' id='word_1_46' title='bbox 1679 856 1808 911; x_wconf 87' lang='lat' dir='ltr'><strong>pro-</strong></span> 
     </span>
    </p>
   </div>
   <div class='ocr_carea' id='block_1_7' title="bbox 209 927 1808 1002">
    <p class='ocr_par' dir='ltr' id='par_1_7' title="bbox 209 927 1808 1002">
     <span class='ocr_line' id='line_1_7' title="bbox 209 927 1808 1002; baseline 0.003 -22"><span class='ocrx_word' id='word_1_47' title='bbox 209 934 319 997; x_wconf 87' lang='lat' dir='ltr'><strong>pter</strong></span> <span class='ocrx_word' id='word_1_48' title='bbox 355 927 585 997; x_wconf 81' lang='lat' dir='ltr'><strong>aliquod</strong></span> <span class='ocrx_word' id='word_1_49' title='bbox 624 939 917 998; x_wconf 88' lang='lat' dir='ltr'><strong>peccatum,</strong></span> <span class='ocrx_word' id='word_1_50' title='bbox 949 931 1043 986; x_wconf 89' lang='lat' dir='ltr'><strong>sed</strong></span> <span class='ocrx_word' id='word_1_51' title='bbox 1083 939 1300 1002; x_wconf 87' lang='lat' dir='ltr'><strong>propter</strong></span> <span class='ocrx_word' id='word_1_52' title='bbox 1325 932 1622 997; x_wconf 89' lang='lat' dir='ltr'><strong>caritatem,</strong></span> <span class='ocrx_word' id='word_1_53' title='bbox 1649 947 1808 1002; x_wconf 87' lang='lat' dir='ltr'><strong>quam</strong></span> 
     </span>
    </p>
   </div>
   <div class='ocr_carea' id='block_1_8' title="bbox 209 1019 1807 1095">
    <p class='ocr_par' dir='ltr' id='par_1_8' title="bbox 209 1019 1807 1095">
     <span class='ocr_line' id='line_1_8' title="bbox 209 1019 1807 1095; baseline 0.004 -24"><span class='ocrx_word' id='word_1_54' title='bbox 209 1033 326 1088; x_wconf 78' lang='lat' dir='ltr'><strong>erga</strong></span> <span class='ocrx_word' id='word_1_55' title='bbox 357 1033 460 1074; x_wconf 89' lang='lat' dir='ltr'><strong>vos</strong></span> <span class='ocrx_word' id='word_1_56' title='bbox 507 1019 724 1076; x_wconf 84' lang='lat' dir='ltr'><strong>habeo:</strong></span> <span class='ocrx_word' id='word_1_57' title='bbox 754 1023 876 1092; x_wconf 89' lang='lat' dir='ltr'><strong>quia</strong></span> <span class='ocrx_word' id='word_1_58' title='bbox 902 1025 1078 1078; x_wconf 86' lang='lat' dir='ltr'><strong>omnia</strong></span> <span class='ocrx_word' id='word_1_59' title='bbox 1107 1039 1226 1094; x_wconf 83' lang='lat' dir='ltr'><strong>ago,</strong></span> <span class='ocrx_word' id='word_1_60' title='bbox 1273 1034 1330 1079; x_wconf 92' lang='lat' dir='ltr'><strong>ut</strong></span> <span class='ocrx_word' id='word_1_61' title='bbox 1358 1040 1453 1079; x_wconf 81' lang='lat' dir='ltr'><strong>vos</strong></span> <span class='ocrx_word' id='word_1_62' title='bbox 1481 1023 1807 1095; x_wconf 83' lang='lat' dir='ltr'><strong>proﬁciatis:</strong></span> 
     </span>
    </p>
   </div>
   <div class='ocr_carea' id='block_1_9' title="bbox 208 1111 1809 1186">
    <p class='ocr_par' dir='ltr' id='par_1_9' title="bbox 208 1111 1809 1186">
     <span class='ocr_line' id='line_1_9' title="bbox 208 1111 1809 1186; baseline 0.004 -23"><span class='ocrx_word' id='word_1_63' title='bbox 208 1119 257 1164; x_wconf 91' lang='lat' dir='ltr'><strong>et</strong></span> <span class='ocrx_word' id='word_1_64' title='bbox 284 1125 350 1164; x_wconf 88' lang='lat' dir='ltr'><strong>ne</strong></span> <span class='ocrx_word' id='word_1_65' title='bbox 377 1111 724 1167; x_wconf 87' lang='lat' dir='ltr'><strong>subintroeat</strong></span> <span class='ocrx_word' id='word_1_66' title='bbox 751 1114 1070 1170; x_wconf 84' lang='lat' dir='ltr'><strong>conturbare</strong></span> <span class='ocrx_word' id='word_1_67' title='bbox 1094 1130 1310 1186; x_wconf 76' lang='lat' dir='ltr'><strong>gregem</strong></span> <span class='ocrx_word' id='word_1_68' title='bbox 1334 1116 1469 1170; x_wconf 88' lang='lat' dir='ltr'><strong>bene</strong></span> <span class='ocrx_word' id='word_1_69' title='bbox 1491 1117 1809 1180; x_wconf 88' lang='lat' dir='ltr'><strong>institutum,</strong></span> 
     </span>
    </p>
   </div>
   <div class='ocr_carea' id='block_1_10' title="bbox 209 1200 1812 1276">
    <p class='ocr_par' dir='ltr' id='par_1_10' title="bbox 209 1200 1812 1276">
     <span class='ocr_line' id='line_1_10' title="bbox 209 1200 1812 1276; baseline 0.005 -23"><span class='ocrx_word' id='word_1_70' title='bbox 209 1200 296 1254; x_wconf 89' lang='lat' dir='ltr'><strong>sed</strong></span> <span class='ocrx_word' id='word_1_71' title='bbox 316 1210 374 1254; x_wconf 91' lang='lat' dir='ltr'><strong>ut</strong></span> <span class='ocrx_word' id='word_1_72' title='bbox 407 1204 780 1270; x_wconf 87' lang='lat' dir='ltr'><strong>permaneatis</strong></span> <span class='ocrx_word' id='word_1_73' title='bbox 796 1204 847 1258; x_wconf 93' lang='lat' dir='ltr'><strong>in</strong></span> <span class='ocrx_word' id='word_1_74' title='bbox 869 1206 1208 1276; x_wconf 85' lang='lat' dir='ltr'><strong>simplicitate</strong></span> <span class='ocrx_word' id='word_1_75' title='bbox 1230 1207 1372 1262; x_wconf 77' lang='lat' dir='ltr'><strong>fidei.</strong></span> <span class='ocrx_word' id='word_1_76' title='bbox 1403 1207 1528 1262; x_wconf 73' lang='lat' dir='ltr'><strong>Hmc</strong></span> <span class='ocrx_word' id='word_1_77' title='bbox 1553 1217 1812 1262; x_wconf 88' lang='lat' dir='ltr'><strong>estcausa</strong></span> 
     </span>
    </p>
   </div>
   <div class='ocr_carea' id='block_1_11' title="bbox 211 1292 1814 1361">
    <p class='ocr_par' dir='ltr' id='par_1_11' title="bbox 211 1292 1814 1361">
     <span class='ocr_line' id='line_1_11' title="bbox 211 1292 1814 1361; baseline 0.005 -17"><span class='ocrx_word' id='word_1_78' title='bbox 211 1292 575 1360; x_wconf 87' lang='lat' dir='ltr'><strong>periculorum</strong></span> <span class='ocrx_word' id='word_1_79' title='bbox 609 1310 876 1361; x_wconf 86' lang='lat' dir='ltr'><strong>meorum,</strong></span> <span class='ocrx_word' id='word_1_80' title='bbox 907 1307 959 1351; x_wconf 92' lang='lat' dir='ltr'><strong>et</strong></span> <span class='ocrx_word' id='word_1_81' title='bbox 988 1297 1104 1352; x_wconf 72' lang='lat' dir='ltr'><strong>hmc</strong></span> <span class='ocrx_word' id='word_1_82' title='bbox 1134 1297 1403 1352; x_wconf 76' lang='lat' dir='ltr'><strong>sufficiant</strong></span> <span class='ocrx_word' id='word_1_83' title='bbox 1423 1298 1550 1352; x_wconf 89' lang='lat' dir='ltr'><strong>mihi</strong></span> <span class='ocrx_word' id='word_1_84' title='bbox 1573 1298 1638 1353; x_wconf 93' lang='lat' dir='ltr'><strong>ad</strong></span> <span class='ocrx_word' id='word_1_85' title='bbox 1660 1314 1814 1353; x_wconf 86' lang='lat' dir='ltr'><strong>coro-</strong></span> 
     </span>
    </p>
   </div>
   <div class='ocr_carea' id='block_1_12' title="bbox 211 1386 1810 1462">
    <p class='ocr_par' dir='ltr' id='par_1_12' title="bbox 211 1386 1810 1462">
     <span class='ocr_line' id='line_1_12' title="bbox 211 1386 1810 1462; baseline 0.004 -24"><span class='ocrx_word' id='word_1_86' title='bbox 211 1400 346 1440; x_wconf 90' lang='lat' dir='ltr'><strong>nam.</strong></span> <span class='ocrx_word' id='word_1_87' title='bbox 380 1386 527 1454; x_wconf 90' lang='lat' dir='ltr'><strong>Quid</strong></span> <span class='ocrx_word' id='word_1_88' title='bbox 579 1388 725 1444; x_wconf 87' lang='lat' dir='ltr'><strong>enim</strong></span> <span class='ocrx_word' id='word_1_89' title='bbox 756 1404 860 1443; x_wconf 90' lang='lat' dir='ltr'><strong>non</strong></span> <span class='ocrx_word' id='word_1_90' title='bbox 908 1389 1080 1459; x_wconf 85' lang='lat' dir='ltr'><strong>patior</strong></span> <span class='ocrx_word' id='word_1_91' title='bbox 1103 1406 1200 1462; x_wconf 90' lang='lat' dir='ltr'><strong>pro</strong></span> <span class='ocrx_word' id='word_1_92' title='bbox 1225 1390 1410 1445; x_wconf 86' lang='lat' dir='ltr'><strong>vobis?</strong></span> <span class='ocrx_word' id='word_1_93' title='bbox 1447 1390 1551 1446; x_wconf 82' lang='lat' dir='ltr'><strong>Vos</strong></span> <span class='ocrx_word' id='word_1_94' title='bbox 1579 1390 1706 1444; x_wconf 91' lang='lat' dir='ltr'><strong>mihi</strong></span> <span class='ocrx_word' id='word_1_95' title='bbox 1735 1391 1810 1444; x_wconf 91' lang='lat' dir='ltr'><strong>ci-</strong></span> 
     </span>
    </p>
   </div>
   <div class='ocr_carea' id='block_1_13' title="bbox 209 1477 1813 1549">
    <p class='ocr_par' dir='ltr' id='par_1_13' title="bbox 209 1477 1813 1549">
     <span class='ocr_line' id='line_1_13' title="bbox 209 1477 1813 1549; baseline 0.002 -20"><span class='ocrx_word' id='word_1_96' title='bbox 209 1491 314 1542; x_wconf 79' lang='lat' dir='ltr'><strong>ves,</strong></span> <span class='ocrx_word' id='word_1_97' title='bbox 339 1493 438 1531; x_wconf 91' lang='lat' dir='ltr'><strong>vos</strong></span> <span class='ocrx_word' id='word_1_98' title='bbox 468 1477 610 1532; x_wconf 88' lang='lat' dir='ltr'><strong>mibi</strong></span> <span class='ocrx_word' id='word_1_99' title='bbox 639 1477 852 1547; x_wconf 82' lang='lat' dir='ltr'><strong>fratres,</strong></span> <span class='ocrx_word' id='word_1_100' title='bbox 872 1496 968 1536; x_wconf 81' lang='lat' dir='ltr'><strong>vos</strong></span> <span class='ocrx_word' id='word_1_101' title='bbox 991 1481 1122 1536; x_wconf 93' lang='lat' dir='ltr'><strong>mihi</strong></span> <span class='ocrx_word' id='word_1_102' title='bbox 1145 1481 1258 1549; x_wconf 85' lang='lat' dir='ltr'><strong>lilii,</strong></span> <span class='ocrx_word' id='word_1_103' title='bbox 1282 1498 1378 1538; x_wconf 92' lang='lat' dir='ltr'><strong>vos</strong></span> <span class='ocrx_word' id='word_1_104' title='bbox 1401 1482 1529 1537; x_wconf 92' lang='lat' dir='ltr'><strong>mihi</strong></span> <span class='ocrx_word' id='word_1_105' title='bbox 1553 1482 1813 1549; x_wconf 90' lang='lat' dir='ltr'><strong>membra,</strong></span> 
     </span>
    </p>
   </div>
   <div class='ocr_carea' id='block_1_14' title="bbox 209 1567 1815 1639">
    <p class='ocr_par' dir='ltr' id='par_1_14' title="bbox 209 1567 1815 1639">
     <span class='ocr_line' id='line_1_14' title="bbox 209 1567 1815 1639; baseline 0.005 -21"><span class='ocrx_word' id='word_1_106' title='bbox 209 1581 298 1621; x_wconf 83' lang='lat' dir='ltr'><strong>vos</strong></span> <span class='ocrx_word' id='word_1_107' title='bbox 343 1567 479 1622; x_wconf 89' lang='lat' dir='ltr'><strong>mihi</strong></span> <span class='ocrx_word' id='word_1_108' title='bbox 509 1583 735 1639; x_wconf 88' lang='lat' dir='ltr'><strong>corpus,</strong></span> <span class='ocrx_word' id='word_1_109' title='bbox 777 1586 872 1626; x_wconf 91' lang='lat' dir='ltr'><strong>vos</strong></span> <span class='ocrx_word' id='word_1_110' title='bbox 904 1571 1032 1626; x_wconf 86' lang='lat' dir='ltr'><strong>mihi</strong></span> <span class='ocrx_word' id='word_1_111' title='bbox 1061 1573 1169 1638; x_wconf 83' lang='lat' dir='ltr'><strong>lux,</strong></span> <span class='ocrx_word' id='word_1_112' title='bbox 1204 1573 1312 1627; x_wconf 92' lang='lat' dir='ltr'><strong>imo</strong></span> <span class='ocrx_word' id='word_1_113' title='bbox 1339 1582 1389 1628; x_wconf 89' lang='lat' dir='ltr'><strong>et</strong></span> <span class='ocrx_word' id='word_1_114' title='bbox 1422 1574 1518 1628; x_wconf 90' lang='lat' dir='ltr'><strong>ista</strong></span> <span class='ocrx_word' id='word_1_115' title='bbox 1551 1573 1668 1628; x_wconf 88' lang='lat' dir='ltr'><strong>luce</strong></span> <span class='ocrx_word' id='word_1_116' title='bbox 1691 1573 1815 1627; x_wconf 83' lang='lat' dir='ltr'><strong>dul-</strong></span> 
     </span>
    </p>
   </div>
   <div class='ocr_carea' id='block_1_15' title="bbox 210 1659 1816 1735">
    <p class='ocr_par' dir='ltr' id='par_1_15' title="bbox 210 1659 1816 1735">
     <span class='ocr_line' id='line_1_15' title="bbox 210 1659 1816 1735; baseline 0.003 -21"><span class='ocrx_word' id='word_1_117' title='bbox 210 1659 398 1714; x_wconf 84' lang='lat' dir='ltr'><strong>ciores.</strong></span> <span class='ocrx_word' id='word_1_118' title='bbox 428 1659 577 1728; x_wconf 84' lang='lat' dir='ltr'><strong>Quid</strong></span> <span class='ocrx_word' id='word_1_119' title='bbox 608 1662 751 1716; x_wconf 89' lang='lat' dir='ltr'><strong>enim</strong></span> <span class='ocrx_word' id='word_1_120' title='bbox 795 1663 925 1718; x_wconf 90' lang='lat' dir='ltr'><strong>mihi</strong></span> <span class='ocrx_word' id='word_1_121' title='bbox 957 1672 1161 1719; x_wconf 88' lang='lat' dir='ltr'><strong>tantum</strong></span> <span class='ocrx_word' id='word_1_122' title='bbox 1195 1673 1448 1735; x_wconf 73' lang='lat' dir='ltr'><strong>prmstant</strong></span> <span class='ocrx_word' id='word_1_123' title='bbox 1491 1665 1625 1720; x_wconf 88' lang='lat' dir='ltr'><strong>radii</strong></span> <span class='ocrx_word' id='word_1_124' title='bbox 1666 1666 1816 1730; x_wconf 89' lang='lat' dir='ltr'><strong>solis,</strong></span> 
     </span>
    </p>
   </div>
   <div class='ocr_carea' id='block_1_16' title="bbox 213 1753 1819 1827">
    <p class='ocr_par' dir='ltr' id='par_1_16' title="bbox 213 1753 1819 1827">
     <span class='ocr_line' id='line_1_16' title="bbox 213 1753 1819 1827; baseline 0.007 -28"><span class='ocrx_word' id='word_1_125' title='bbox 213 1760 461 1819; x_wconf 86' lang='lat' dir='ltr'><strong>quantum</strong></span> <span class='ocrx_word' id='word_1_126' title='bbox 495 1753 744 1807; x_wconf 57' lang='lat' dir='ltr'><strong>caritatis</strong></span> <span class='ocrx_word' id='word_1_127' title='bbox 774 1763 967 1810; x_wconf 77' lang='lat' dir='ltr'><strong>vestra:</strong></span> <span class='ocrx_word' id='word_1_128' title='bbox 993 1756 1245 1826; x_wconf 80' lang='lat' dir='ltr'><strong>Splendor</strong></span> <span class='ocrx_word' id='word_1_129' title='bbox 1265 1757 1525 1826; x_wconf 85' lang='lat' dir='ltr'><strong>acquirit?</strong></span> <span class='ocrx_word' id='word_1_130' title='bbox 1557 1758 1693 1811; x_wconf 88' lang='lat' dir='ltr'><strong>Ecce</strong></span> <span class='ocrx_word' id='word_1_131' title='bbox 1722 1773 1819 1827; x_wconf 90' lang='lat' dir='ltr'><strong>pro</strong></span> 
     </span>
    </p>
   </div>
   <div class='ocr_carea' id='block_1_17' title="bbox 213 1844 1815 1920">
    <p class='ocr_par' dir='ltr' id='par_1_17' title="bbox 213 1844 1815 1920">
     <span class='ocr_line' id='line_1_17' title="bbox 213 1844 1815 1920; baseline 0.006 -26"><span class='ocrx_word' id='word_1_132' title='bbox 213 1844 430 1899; x_wconf 84' lang='lat' dir='ltr'><strong>caritate</strong></span> <span class='ocrx_word' id='word_1_133' title='bbox 457 1854 647 1900; x_wconf 85' lang='lat' dir='ltr'><strong>vestra</strong></span> <span class='ocrx_word' id='word_1_134' title='bbox 681 1861 877 1902; x_wconf 88' lang='lat' dir='ltr'><strong>corona</strong></span> <span class='ocrx_word' id='word_1_135' title='bbox 899 1849 1027 1904; x_wconf 90' lang='lat' dir='ltr'><strong>mihi</strong></span> <span class='ocrx_word' id='word_1_136' title='bbox 1057 1859 1272 1920; x_wconf 88' lang='lat' dir='ltr'><strong>paratur</strong></span> <span class='ocrx_word' id='word_1_137' title='bbox 1301 1850 1353 1906; x_wconf 90' lang='lat' dir='ltr'><strong>in</strong></span> <span class='ocrx_word' id='word_1_138' title='bbox 1385 1852 1560 1906; x_wconf 88' lang='lat' dir='ltr'><strong>futuro</strong></span> <span class='ocrx_word' id='word_1_139' title='bbox 1588 1853 1815 1917; x_wconf 62' lang='lat' dir='ltr'><strong>sacculo;</strong></span> 
     </span>
    </p>
   </div>
   <div class='ocr_carea' id='block_1_18' title="bbox 217 1925 1822 2013">
    <p class='ocr_par' dir='ltr' id='par_1_18' title="bbox 217 1925 1822 2013">
     <span class='ocr_line' id='line_1_18' title="bbox 217 1925 1822 2013; baseline 0.007 -27"><span class='ocrx_word' id='word_1_140' title='bbox 217 1933 310 1989; x_wconf 87' lang='lat' dir='ltr'><strong>hoc</strong></span> <span class='ocrx_word' id='word_1_141' title='bbox 324 1935 456 1990; x_wconf 85' lang='lat' dir='ltr'><strong>mihi</strong></span> <span class='ocrx_word' id='word_1_142' title='bbox 472 1937 613 1992; x_wconf 88' lang='lat' dir='ltr'><strong>solis</strong></span> <span class='ocrx_word' id='word_1_143' title='bbox 635 1939 794 2009; x_wconf 89' lang='lat' dir='ltr'><strong>hujus</strong></span> <span class='ocrx_word' id='word_1_144' title='bbox 807 1939 1060 2012; x_wconf 78' lang='lat' dir='ltr'><strong>Splendor</strong></span> <span class='ocrx_word' id='word_1_145' title='bbox 1074 1953 1327 2009; x_wconf 74' lang='lat' dir='ltr'><strong>prmstare</strong></span> <span class='ocrx_word' id='word_1_146' title='bbox 1340 1925 1675 2013; x_wconf 33' lang='lat' dir='ltr'><strong>non&#39;poterit.</strong></span> <span class='ocrx_word' id='word_1_147' title='bbox 1695 1943 1822 1998; x_wconf 71' lang='lat' dir='ltr'><strong>Hmc</strong></span> 
     </span>
    </p>
   </div>
   <div class='ocr_carea' id='block_1_19' title="bbox 3399 352 3502 405">
    <p class='ocr_par' dir='ltr' id='par_1_19' title="bbox 3399 352 3502 405">
     <span class='ocr_line' id='line_1_19' title="bbox 3399 352 3502 405; baseline 0.01 -2"><span class='ocrx_word' id='word_1_148' title='bbox 3399 352 3502 405; x_wconf 69' lang='lat'><strong>436</strong></span> 
     </span>
    </p>
   </div>
   <div class='ocr_carea' id='block_1_20' title="bbox 1912 452 3507 543">
    <p class='ocr_par' dir='ltr' id='par_1_20' title="bbox 1912 452 3507 543">
     <span class='ocr_line' id='line_1_20' title="bbox 1912 452 3507 543; baseline 0.001 -21"><span class='ocrx_word' id='word_1_149' title='bbox 1912 478 2087 524; x_wconf 89' lang='lat' dir='ltr'><strong>autem</strong></span> <span class='ocrx_word' id='word_1_150' title='bbox 2101 470 2222 524; x_wconf 90' lang='lat' dir='ltr'><strong>dico</strong></span> <span class='ocrx_word' id='word_1_151' title='bbox 2237 473 2289 524; x_wconf 87' lang='lat' dir='ltr'><strong>in</strong></span> <span class='ocrx_word' id='word_1_152' title='bbox 2301 471 2519 526; x_wconf 89' lang='lat' dir='ltr'><strong>auribus</strong></span> <span class='ocrx_word' id='word_1_153' title='bbox 2535 471 2886 528; x_wconf 88' lang='lat' dir='ltr'><strong>audientium.</strong></span> <span class='ocrx_word' id='word_1_154' title='bbox 2901 452 2968 527; x_wconf 84' lang='lat' dir='ltr'><strong>Et</strong></span> <span class='ocrx_word' id='word_1_155' title='bbox 2983 472 3105 543; x_wconf 91' lang='lat' dir='ltr'><strong>quid</strong></span> <span class='ocrx_word' id='word_1_156' title='bbox 3124 471 3193 526; x_wconf 88' lang='lat' dir='ltr'><strong>ita</strong></span> <span class='ocrx_word' id='word_1_157' title='bbox 3211 471 3274 526; x_wconf 90' lang='lat' dir='ltr'><strong>ad</strong></span> <span class='ocrx_word' id='word_1_158' title='bbox 3293 469 3507 526; x_wconf 75' lang='lat' dir='ltr'><strong>audien-</strong></span> 
     </span>
    </p>
   </div>
   <div class='ocr_carea' id='block_1_21' title="bbox 1913 562 3508 634">
    <p class='ocr_par' dir='ltr' id='par_1_21' title="bbox 1913 562 3508 634">
     <span class='ocr_line' id='line_1_21' title="bbox 1913 562 3508 634; baseline 0.001 -18"><span class='ocrx_word' id='word_1_159' title='bbox 1913 562 2037 616; x_wconf 89' lang='lat' dir='ltr'><strong>dum</strong></span> <span class='ocrx_word' id='word_1_160' title='bbox 2067 562 2350 616; x_wconf 89' lang='lat' dir='ltr'><strong>sollicitum</strong></span> <span class='ocrx_word' id='word_1_161' title='bbox 2380 572 2432 618; x_wconf 90' lang='lat' dir='ltr'><strong>ct</strong></span> <span class='ocrx_word' id='word_1_162' title='bbox 2455 573 2718 633; x_wconf 84' lang='lat' dir='ltr'><strong>paratum,</strong></span> <span class='ocrx_word' id='word_1_163' title='bbox 2743 580 2900 634; x_wconf 90' lang='lat' dir='ltr'><strong>quam</strong></span> <span class='ocrx_word' id='word_1_164' title='bbox 2924 579 3086 619; x_wconf 88' lang='lat' dir='ltr'><strong>aures</strong></span> <span class='ocrx_word' id='word_1_165' title='bbox 3112 563 3343 619; x_wconf 60' lang='lat' dir='ltr'><strong>vestrae?</strong></span> <span class='ocrx_word' id='word_1_166' title='bbox 3371 563 3508 618; x_wconf 73' lang='lat' dir='ltr'><strong>Ecce</strong></span> 
     </span>
    </p>
   </div>
   <div class='ocr_carea' id='block_1_22' title="bbox 1912 652 3510 724">
    <p class='ocr_par' dir='ltr' id='par_1_22' title="bbox 1912 652 3510 724">
     <span class='ocr_line' id='line_1_22' title="bbox 1912 652 3510 724; baseline 0.001 -20"><span class='ocrx_word' id='word_1_167' title='bbox 1912 652 2172 721; x_wconf 88' lang='lat' dir='ltr'><strong>quotdics</strong></span> <span class='ocrx_word' id='word_1_168' title='bbox 2203 661 2328 706; x_wconf 88' lang='lat' dir='ltr'><strong>sunt</strong></span> <span class='ocrx_word' id='word_1_169' title='bbox 2357 653 2498 722; x_wconf 89' lang='lat' dir='ltr'><strong>quod</strong></span> <span class='ocrx_word' id='word_1_170' title='bbox 2528 653 2772 724; x_wconf 84' lang='lat' dir='ltr'><strong>vigilatis,</strong></span> <span class='ocrx_word' id='word_1_171' title='bbox 2800 663 2853 709; x_wconf 92' lang='lat' dir='ltr'><strong>et</strong></span> <span class='ocrx_word' id='word_1_172' title='bbox 2883 654 3087 709; x_wconf 92' lang='lat' dir='ltr'><strong>nullum</strong></span> <span class='ocrx_word' id='word_1_173' title='bbox 3108 665 3341 710; x_wconf 85' lang='lat' dir='ltr'><strong>vestrum</strong></span> <span class='ocrx_word' id='word_1_174' title='bbox 3365 668 3510 707; x_wconf 86' lang='lat' dir='ltr'><strong>som-</strong></span> 
     </span>
    </p>
   </div>
   <div class='ocr_carea' id='block_1_23' title="bbox 1915 743 3507 815">
    <p class='ocr_par' dir='ltr' id='par_1_23' title="bbox 1915 743 3507 815">
     <span class='ocr_line' id='line_1_23' title="bbox 1915 743 3507 815; baseline -0.002 -17"><span class='ocrx_word' id='word_1_175' title='bbox 1915 745 2060 798; x_wconf 87' lang='lat' dir='ltr'><strong>nium</strong></span> <span class='ocrx_word' id='word_1_176' title='bbox 2089 744 2380 810; x_wconf 83' lang='lat' dir='ltr'><strong>inclinavit,</strong></span> <span class='ocrx_word' id='word_1_177' title='bbox 2414 760 2512 799; x_wconf 93' lang='lat' dir='ltr'><strong>nec</strong></span> <span class='ocrx_word' id='word_1_178' title='bbox 2534 747 2785 815; x_wconf 90' lang='lat' dir='ltr'><strong>temporis</strong></span> <span class='ocrx_word' id='word_1_179' title='bbox 2811 747 3038 815; x_wconf 85' lang='lat' dir='ltr'><strong>spatium</strong></span> <span class='ocrx_word' id='word_1_180' title='bbox 3067 744 3284 815; x_wconf 82' lang='lat' dir='ltr'><strong>frangit;</strong></span> <span class='ocrx_word' id='word_1_181' title='bbox 3305 743 3507 797; x_wconf 84' lang='lat' dir='ltr'><strong>nullum</strong></span> 
     </span>
    </p>
   </div>
   <div class='ocr_carea' id='block_1_24' title="bbox 1917 834 3508 902">
    <p class='ocr_par' dir='ltr' id='par_1_24' title="bbox 1917 834 3508 902">
     <span class='ocr_line' id='line_1_24' title="bbox 1917 834 3508 902; baseline 0.001 -14"><span class='ocrx_word' id='word_1_182' title='bbox 1917 835 2096 901; x_wconf 88' lang='lat' dir='ltr'><strong>timor,</strong></span> <span class='ocrx_word' id='word_1_183' title='bbox 2129 836 2328 890; x_wconf 90' lang='lat' dir='ltr'><strong>nullum</strong></span> <span class='ocrx_word' id='word_1_184' title='bbox 2363 837 2521 890; x_wconf 75' lang='lat' dir='ltr'><strong>mina:</strong></span> <span class='ocrx_word' id='word_1_185' title='bbox 2543 836 2833 902; x_wconf 81' lang='lat' dir='ltr'><strong>deterrent,</strong></span> <span class='ocrx_word' id='word_1_186' title='bbox 2858 836 2951 891; x_wconf 89' lang='lat' dir='ltr'><strong>scd</strong></span> <span class='ocrx_word' id='word_1_187' title='bbox 2979 847 3151 891; x_wconf 87' lang='lat' dir='ltr'><strong>terror</strong></span> <span class='ocrx_word' id='word_1_188' title='bbox 3177 851 3364 890; x_wconf 86' lang='lat' dir='ltr'><strong>eorum</strong></span> <span class='ocrx_word' id='word_1_189' title='bbox 3396 834 3508 890; x_wconf 84' lang='lat' dir='ltr'><strong>for-</strong></span> 
     </span>
    </p>
   </div>
   <div class='ocr_carea' id='block_1_25' title="bbox 1917 928 3509 998">
    <p class='ocr_par' dir='ltr' id='par_1_25' title="bbox 1917 928 3509 998">
     <span class='ocr_line' id='line_1_25' title="bbox 1917 928 3509 998; baseline -0.003 -14"><span class='ocrx_word' id='word_1_190' title='bbox 1917 930 2081 984; x_wconf 86' lang='lat' dir='ltr'><strong>tiores</strong></span> <span class='ocrx_word' id='word_1_191' title='bbox 2105 944 2199 984; x_wconf 86' lang='lat' dir='ltr'><strong>vos</strong></span> <span class='ocrx_word' id='word_1_192' title='bbox 2229 929 2435 984; x_wconf 88' lang='lat' dir='ltr'><strong>reddet.</strong></span> <span class='ocrx_word' id='word_1_193' title='bbox 2466 928 2631 984; x_wconf 81' lang='lat' dir='ltr'><strong>Video</strong></span> <span class='ocrx_word' id='word_1_194' title='bbox 2663 929 2714 982; x_wconf 91' lang='lat' dir='ltr'><strong>in</strong></span> <span class='ocrx_word' id='word_1_195' title='bbox 2743 928 2892 982; x_wconf 86' lang='lat' dir='ltr'><strong>vobis</strong></span> <span class='ocrx_word' id='word_1_196' title='bbox 2913 928 3054 998; x_wconf 92' lang='lat' dir='ltr'><strong>quod</strong></span> <span class='ocrx_word' id='word_1_197' title='bbox 3078 943 3292 998; x_wconf 90' lang='lat' dir='ltr'><strong>semper</strong></span> <span class='ocrx_word' id='word_1_198' title='bbox 3308 929 3509 996; x_wconf 85' lang='lat' dir='ltr'><strong>optavi,</strong></span> 
     </span>
    </p>
   </div>
   <div class='ocr_carea' id='block_1_26' title="bbox 1919 1019 3512 1094">
    <p class='ocr_par' dir='ltr' id='par_1_26' title="bbox 1919 1019 3512 1094">
     <span class='ocr_line' id='line_1_26' title="bbox 1919 1019 3512 1094; baseline -0.004 -16"><span class='ocrx_word' id='word_1_199' title='bbox 1919 1024 2038 1078; x_wconf 89' lang='lat' dir='ltr'><strong>ideo</strong></span> <span class='ocrx_word' id='word_1_200' title='bbox 2063 1022 2204 1094; x_wconf 92' lang='lat' dir='ltr'><strong>quod</strong></span> <span class='ocrx_word' id='word_1_201' title='bbox 2248 1022 2643 1090; x_wconf 85' lang='lat' dir='ltr'><strong>contempsistis</strong></span> <span class='ocrx_word' id='word_1_202' title='bbox 2686 1021 2870 1075; x_wconf 88' lang='lat' dir='ltr'><strong>mundi</strong></span> <span class='ocrx_word' id='word_1_203' title='bbox 2901 1021 3131 1091; x_wconf 84' lang='lat' dir='ltr'><strong>negotia,</strong></span> <span class='ocrx_word' id='word_1_204' title='bbox 3167 1019 3512 1074; x_wconf 84' lang='lat' dir='ltr'><strong>renuntiastis</strong></span> 
     </span>
    </p>
   </div>
   <div class='ocr_carea' id='block_1_27' title="bbox 1917 1110 3512 1184">
    <p class='ocr_par' dir='ltr' id='par_1_27' title="bbox 1917 1110 3512 1184">
     <span class='ocr_line' id='line_1_27' title="bbox 1917 1110 3512 1184; baseline -0.004 -14"><span class='ocrx_word' id='word_1_205' title='bbox 1917 1116 2166 1170; x_wconf 89' lang='lat' dir='ltr'><strong>omnibus</strong></span> <span class='ocrx_word' id='word_1_206' title='bbox 2194 1133 2207 1170; x_wconf 90' lang='lat'><strong>:</strong></span> <span class='ocrx_word' id='word_1_207' title='bbox 2237 1115 2365 1169; x_wconf 85' lang='lat' dir='ltr'><strong>nihil</strong></span> <span class='ocrx_word' id='word_1_208' title='bbox 2387 1114 2496 1184; x_wconf 88' lang='lat' dir='ltr'><strong>jam</strong></span> <span class='ocrx_word' id='word_1_209' title='bbox 2529 1113 2596 1168; x_wconf 92' lang='lat' dir='ltr'><strong>de</strong></span> <span class='ocrx_word' id='word_1_210' title='bbox 2627 1123 2788 1178; x_wconf 88' lang='lat' dir='ltr'><strong>terra,</strong></span> <span class='ocrx_word' id='word_1_211' title='bbox 2818 1129 2990 1183; x_wconf 86' lang='lat' dir='ltr'><strong>neque</strong></span> <span class='ocrx_word' id='word_1_212' title='bbox 3027 1111 3096 1166; x_wconf 90' lang='lat' dir='ltr'><strong>de</strong></span> <span class='ocrx_word' id='word_1_213' title='bbox 3124 1112 3350 1167; x_wconf 87' lang='lat' dir='ltr'><strong>terrenis</strong></span> <span class='ocrx_word' id='word_1_214' title='bbox 3376 1110 3512 1164; x_wconf 86' lang='lat' dir='ltr'><strong>acti-</strong></span> 
     </span>
    </p>
   </div>
   <div class='ocr_carea' id='block_1_28' title="bbox 1918 1203 3511 1277">
    <p class='ocr_par' dir='ltr' id='par_1_28' title="bbox 1918 1203 3511 1277">
     <span class='ocr_line' id='line_1_28' title="bbox 1918 1203 3511 1277; baseline -0.005 -14"><span class='ocrx_word' id='word_1_215' title='bbox 1918 1208 2020 1263; x_wconf 88' lang='lat' dir='ltr'><strong>bus</strong></span> <span class='ocrx_word' id='word_1_216' title='bbox 2047 1208 2312 1277; x_wconf 86' lang='lat' dir='ltr'><strong>cogitatis.</strong></span> <span class='ocrx_word' id='word_1_217' title='bbox 2355 1207 2435 1261; x_wconf 87' lang='lat' dir='ltr'><strong>Ad</strong></span> <span class='ocrx_word' id='word_1_218' title='bbox 2477 1207 2708 1261; x_wconf 73' lang='lat' dir='ltr'><strong>cmlestia</strong></span> <span class='ocrx_word' id='word_1_219' title='bbox 2752 1222 2848 1260; x_wconf 88' lang='lat' dir='ltr'><strong>vos</strong></span> <span class='ocrx_word' id='word_1_220' title='bbox 2878 1206 3138 1274; x_wconf 83' lang='lat' dir='ltr'><strong>migrasse</strong></span> <span class='ocrx_word' id='word_1_221' title='bbox 3174 1203 3284 1274; x_wconf 85' lang='lat' dir='ltr'><strong>jam</strong></span> <span class='ocrx_word' id='word_1_222' title='bbox 3313 1218 3511 1266; x_wconf 88' lang='lat' dir='ltr'><strong>cerno,</strong></span> 
     </span>
    </p>
   </div>
   <div class='ocr_carea' id='block_1_29' title="bbox 1919 1294 3518 1366">
    <p class='ocr_par' dir='ltr' id='par_1_29' title="bbox 1919 1294 3518 1366">
     <span class='ocr_line' id='line_1_29' title="bbox 1919 1294 3518 1366; baseline -0.005 -12"><span class='ocrx_word' id='word_1_223' title='bbox 1919 1299 2148 1355; x_wconf 89' lang='lat' dir='ltr'><strong>absoluti</strong></span> <span class='ocrx_word' id='word_1_224' title='bbox 2194 1299 2326 1354; x_wconf 91' lang='lat' dir='ltr'><strong>estis</strong></span> <span class='ocrx_word' id='word_1_225' title='bbox 2370 1298 2598 1354; x_wconf 89' lang='lat' dir='ltr'><strong>vinculis</strong></span> <span class='ocrx_word' id='word_1_226' title='bbox 2642 1298 2904 1366; x_wconf 89' lang='lat' dir='ltr'><strong>corporis,</strong></span> <span class='ocrx_word' id='word_1_227' title='bbox 2945 1296 3010 1350; x_wconf 92' lang='lat' dir='ltr'><strong>ad</strong></span> <span class='ocrx_word' id='word_1_228' title='bbox 3041 1295 3248 1349; x_wconf 84' lang='lat' dir='ltr'><strong>beatam</strong></span> <span class='ocrx_word' id='word_1_229' title='bbox 3287 1294 3432 1348; x_wconf 87' lang='lat' dir='ltr'><strong>illam</strong></span> <span class='ocrx_word' id='word_1_230' title='bbox 3462 1301 3518 1346; x_wconf 88' lang='lat' dir='ltr'><strong>et</strong></span> 
     </span>
    </p>
   </div>
   <div class='ocr_carea' id='block_1_30' title="bbox 1919 1385 3518 1461">
    <p class='ocr_par' dir='ltr' id='par_1_30' title="bbox 1919 1385 3518 1461">
     <span class='ocr_line' id='line_1_30' title="bbox 1919 1385 3518 1461; baseline -0.007 -13"><span class='ocrx_word' id='word_1_231' title='bbox 1919 1393 2188 1448; x_wconf 55' lang='lat' dir='ltr'><strong>caelestem</strong></span> <span class='ocrx_word' id='word_1_232' title='bbox 2219 1391 2542 1446; x_wconf 87' lang='lat' dir='ltr'><strong>contenditis</strong></span> <span class='ocrx_word' id='word_1_233' title='bbox 2571 1388 2983 1461; x_wconf 85' lang='lat' dir='ltr'><strong>philosophiam.</strong></span> <span class='ocrx_word' id='word_1_234' title='bbox 3023 1387 3136 1442; x_wconf 87' lang='lat' dir='ltr'><strong>I-loc</strong></span> <span class='ocrx_word' id='word_1_235' title='bbox 3163 1386 3291 1441; x_wconf 89' lang='lat' dir='ltr'><strong>mihi</strong></span> <span class='ocrx_word' id='word_1_236' title='bbox 3319 1385 3518 1440; x_wconf 79' lang='lat' dir='ltr'><strong>sufficit</strong></span> 
     </span>
    </p>
   </div>
   <div class='ocr_carea' id='block_1_31' title="bbox 1922 1477 3518 1549">
    <p class='ocr_par' dir='ltr' id='par_1_31' title="bbox 1922 1477 3518 1549">
     <span class='ocr_line' id='line_1_31' title="bbox 1922 1477 3518 1549; baseline -0.006 -10"><span class='ocrx_word' id='word_1_237' title='bbox 1922 1484 2118 1539; x_wconf 88' lang='lat' dir='ltr'><strong>vidisse</strong></span> <span class='ocrx_word' id='word_1_238' title='bbox 2167 1483 2234 1538; x_wconf 91' lang='lat' dir='ltr'><strong>de</strong></span> <span class='ocrx_word' id='word_1_239' title='bbox 2274 1483 2459 1549; x_wconf 88' lang='lat' dir='ltr'><strong>vobis;</strong></span> <span class='ocrx_word' id='word_1_240' title='bbox 2512 1483 2626 1536; x_wconf 72' lang='lat' dir='ltr'><strong>lucc</strong></span> <span class='ocrx_word' id='word_1_241' title='bbox 2676 1497 2794 1536; x_wconf 89' lang='lat' dir='ltr'><strong>mea</strong></span> <span class='ocrx_word' id='word_1_242' title='bbox 2833 1480 3161 1546; x_wconf 86' lang='lat' dir='ltr'><strong>consolatio;</strong></span> <span class='ocrx_word' id='word_1_243' title='bbox 3210 1479 3311 1533; x_wconf 91' lang='lat' dir='ltr'><strong>ista</strong></span> <span class='ocrx_word' id='word_1_244' title='bbox 3340 1493 3425 1532; x_wconf 92' lang='lat' dir='ltr'><strong>me</strong></span> <span class='ocrx_word' id='word_1_245' title='bbox 3465 1477 3518 1530; x_wconf 91' lang='lat' dir='ltr'><strong>in</strong></span> 
     </span>
    </p>
   </div>
   <div class='ocr_carea' id='block_1_32' title="bbox 1922 1568 3517 1646">
    <p class='ocr_par' dir='ltr' id='par_1_32' title="bbox 1922 1568 3517 1646">
     <span class='ocr_line' id='line_1_32' title="bbox 1922 1568 3517 1646; baseline -0.006 -17"><span class='ocrx_word' id='word_1_246' title='bbox 1922 1575 2180 1646; x_wconf 81' lang='lat' dir='ltr'><strong>agonibus</strong></span> <span class='ocrx_word' id='word_1_247' title='bbox 2221 1573 2354 1628; x_wconf 90' lang='lat' dir='ltr'><strong>meis</strong></span> <span class='ocrx_word' id='word_1_248' title='bbox 2382 1573 2527 1629; x_wconf 74' lang='lat' dir='ltr'><strong>velut</strong></span> <span class='ocrx_word' id='word_1_249' title='bbox 2556 1581 2822 1642; x_wconf 80' lang='lat' dir='ltr'><strong>unguenta</strong></span> <span class='ocrx_word' id='word_1_250' title='bbox 2857 1570 3101 1642; x_wconf 72' lang='lat' dir='ltr'><strong>quazdam</strong></span> <span class='ocrx_word' id='word_1_251' title='bbox 3143 1568 3517 1632; x_wconf 83' lang='lat' dir='ltr'><strong>corroborant,</strong></span> 
     </span>
    </p>
   </div>
   <div class='ocr_carea' id='block_1_33' title="bbox 1923 1656 3520 1732">
    <p class='ocr_par' dir='ltr' id='par_1_33' title="bbox 1923 1656 3520 1732">
     <span class='ocr_line' id='line_1_33' title="bbox 1923 1656 3520 1732; baseline -0.008 -11"><span class='ocrx_word' id='word_1_252' title='bbox 1923 1678 1978 1722; x_wconf 92' lang='lat' dir='ltr'><strong>et</strong></span> <span class='ocrx_word' id='word_1_253' title='bbox 2017 1665 2293 1721; x_wconf 86' lang='lat' dir='ltr'><strong>fortiorem</strong></span> <span class='ocrx_word' id='word_1_254' title='bbox 2336 1679 2422 1719; x_wconf 89' lang='lat' dir='ltr'><strong>me</strong></span> <span class='ocrx_word' id='word_1_255' title='bbox 2451 1663 2710 1732; x_wconf 79' lang='lat' dir='ltr'><strong>agonibus</strong></span> <span class='ocrx_word' id='word_1_256' title='bbox 2743 1661 2994 1725; x_wconf 84' lang='lat' dir='ltr'><strong>reddunt,</strong></span> <span class='ocrx_word' id='word_1_257' title='bbox 3024 1669 3078 1715; x_wconf 91' lang='lat' dir='ltr'><strong>et</strong></span> <span class='ocrx_word' id='word_1_258' title='bbox 3104 1658 3172 1714; x_wconf 92' lang='lat' dir='ltr'><strong>ad</strong></span> <span class='ocrx_word' id='word_1_259' title='bbox 3203 1657 3392 1729; x_wconf 81' lang='lat' dir='ltr'><strong>gaudia</strong></span> <span class='ocrx_word' id='word_1_260' title='bbox 3421 1656 3520 1710; x_wconf 85' lang='lat' dir='ltr'><strong>im-</strong></span> 
     </span>
    </p>
   </div>
   <div class='ocr_carea' id='block_1_34' title="bbox 1923 1748 3521 1827">
    <p class='ocr_par' dir='ltr' id='par_1_34' title="bbox 1923 1748 3521 1827">
     <span class='ocr_line' id='line_1_34' title="bbox 1923 1748 3521 1827; baseline -0.008 -15"><span class='ocrx_word' id='word_1_261' title='bbox 1923 1758 2166 1812; x_wconf 88' lang='lat' dir='ltr'><strong>mortalia</strong></span> <span class='ocrx_word' id='word_1_262' title='bbox 2211 1765 2370 1827; x_wconf 87' lang='lat' dir='ltr'><strong>atque</strong></span> <span class='ocrx_word' id='word_1_263' title='bbox 2423 1765 2619 1810; x_wconf 67' lang='lat' dir='ltr'><strong>aeterna</strong></span> <span class='ocrx_word' id='word_1_264' title='bbox 2671 1753 3084 1807; x_wconf 89' lang='lat' dir='ltr'><strong>transmittunt:</strong></span> <span class='ocrx_word' id='word_1_265' title='bbox 3120 1765 3216 1819; x_wconf 93' lang='lat' dir='ltr'><strong>pro</strong></span> <span class='ocrx_word' id='word_1_266' title='bbox 3265 1748 3347 1802; x_wconf 90' lang='lat' dir='ltr'><strong>his</strong></span> <span class='ocrx_word' id='word_1_267' title='bbox 3397 1761 3521 1817; x_wconf 79' lang='lat' dir='ltr'><strong>gra-</strong></span> 
     </span>
    </p>
   </div>
   <div class='ocr_carea' id='block_1_35' title="bbox 1926 1840 3519 1920">
    <p class='ocr_par' dir='ltr' id='par_1_35' title="bbox 1926 1840 3519 1920">
     <span class='ocr_line' id='line_1_35' title="bbox 1926 1840 3519 1920; baseline -0.008 -15"><span class='ocrx_word' id='word_1_268' title='bbox 1926 1852 2030 1905; x_wconf 86' lang='lat' dir='ltr'><strong>tias</strong></span> <span class='ocrx_word' id='word_1_269' title='bbox 2065 1863 2286 1920; x_wconf 77' lang='lat' dir='ltr'><strong>agamus</strong></span> <span class='ocrx_word' id='word_1_270' title='bbox 2331 1849 2460 1914; x_wconf 91' lang='lat' dir='ltr'><strong>Deo,</strong></span> <span class='ocrx_word' id='word_1_271' title='bbox 2501 1848 2586 1902; x_wconf 93' lang='lat' dir='ltr'><strong>cui</strong></span> <span class='ocrx_word' id='word_1_272' title='bbox 2625 1846 2794 1918; x_wconf 82' lang='lat' dir='ltr'><strong>gloria</strong></span> <span class='ocrx_word' id='word_1_273' title='bbox 2834 1845 2888 1900; x_wconf 91' lang='lat' dir='ltr'><strong>in</strong></span> <span class='ocrx_word' id='word_1_274' title='bbox 2929 1842 3120 1900; x_wconf 80' lang='lat' dir='ltr'><strong>sa-cula</strong></span> <span class='ocrx_word' id='word_1_275' title='bbox 3173 1840 3519 1897; x_wconf 67' lang='lat' dir='ltr'><strong>saeculorum.</strong></span> 
     </span>
    </p>
   </div>
   <div class='ocr_carea' id='block_1_36' title="bbox 1932 1945 2122 1996">
    <p class='ocr_par' dir='ltr' id='par_1_36' title="bbox 1932 1945 2122 1996">
     <span class='ocr_line' id='line_1_36' title="bbox 1932 1945 2122 1996; baseline -0.011 0"><span class='ocrx_word' id='word_1_276' title='bbox 1932 1945 2122 1996; x_wconf 82' lang='lat' dir='ltr'><strong>Amen.</strong></span> 
     </span>
    </p>
   </div>
  </div>
