4036 6412
451 443 577 496 455⁸

1143 425 1201 480 S.
1238 417 1523 478 JOANNIS
1559 402 2050 470 CIIRYSOSTOMI
2107 393 2424 454 ARCHIEP.
2467 379 3010 450 CONSTANTINOP.

3602 367 3664 418 .L'i
3675 370 3738 418 εν

545 1597 721 1654 Aliam
748 1591 964 1648 edimus
1007 1580 1432 1642 oratiunculam.
1459 1573 1855 1644 Chrysostomo
1890 1563 2224 1633 ascriptam,
2255 1570 2422 1627 quam
2467 1567 2530 1608 ex
2597 1548 2860 1604 Vaticano
2919 1543 3156 1615 quodam
3203 1539 3405 1595 Codice
3470 1533 3753 1598 eruimus,

474 1745 529 1791 et
568 1735 622 1790 in
660 1747 768 1804 qua
799 1735 995 1801 praeter
1022 1723 1261 1786 initium,

478 1903 688 1960 ineque
718 1896 860 1942 notae
889 1883 1142 1938 videnlur
1174 1893 1317 1941 esse,
1347 1873 1597 1946 quadam
1651 1869 1781 1923 item
1831 1880 1897 1920 ex

478 2043 580 2096 est,
611 2029 756 2101 quod
787 2026 952 2097 hujus
974 2020 1223 2094 opusculi
1252 2035 1324 2088 γη

1288 1718 1378 1774 ubi
1409 1715 1659 1788 quaedam
1695 1714 2016 1779 comparent
2054 1702 2246 1759 eadem
2281 1714 2403 1770 quae
2443 1696 2497 1750 in
2540 1693 2708 1765 priori
2748 1689 3018 1751 oratione,
3056 1692 3252 1740 caetera
3293 1677 3570 1749 perplexa,
3613 1673 3750 1728 inti-

1940 1859 2247 1932 posteriore
2287 1855 2474 1926 prima!
2523 1846 2792 1906 orationis
2834 1851 2992 1914 parte
3028 1849 3302 1909 excerpta.
3347 1832 3527 1890 Unum
3563 1839 3757 1884 tamen

1329 2013 1591 2084 νσιότητα
1619 2020 1970 2081 propugnare
1996 2002 2265 2056 videatur.
2301 1993 2572 2050 Nimirum
2620 1990 3076 2058 Chrysostomus,
3111 1977 3373 2034 Oratione
3419 1973 3596 2044 prima
3625 1981 3761 2039 post

479 2174 716 2230 reditum
749 2173 818 2226 ab
843 2169 1058 2233 exsilio,
1091 2177 1256 2236 quam
1279 2175 1403 2216 cum
1430 2154 1662 2213 eruditis
1694 2166 1832 2223 pene
1865 2147 2120 2203 omnibus
2163 2153 2478 2214 germanam
2509 2147 2820 2197 censemus,
2861 2131 2974 2186 haec
3007 2128 3082 2181 ait
3114 2145 3127 2180 :
3173 2120 3492 2178 Meministis
3540 2133 3620 2171 me
3649 2113 3762 2168 Jo-

484 2319 608 2372 bum
642 2317 695 2370 in
724 2314 954 2369 medium
977 2306 1258 2370 adducere,

1292 2317 1354 2356 ac
1383 2300 1595 2354 dicere:
1631 2290 1713 2348 Sit
1746 2302 1935 2344 nomen
1970 2281 2182 2338 Domini
2221 2277 2550 2332 benedictum
2594 2272 2648 2324 in
2687 2266 2904 2323 secula.
2950 2263 3079 2318 ch
3127 2260 3267 2315 vobis
3305 2257 3530 2324 pignora
3573 2254 3762 2308 exiens

2307 2757 3754 2797 _______________._______.__————

1381 3267 1620 3356 CUM
1701 3260 1983 3400 IRET
2061 3257 2182 3344 IN
2263 3241 2895 3340 EXSILIUM.

600 4131 619 4184 Ι
636 4171 648 4183 .
691 4129 834 4184 ιωω
862 4129 1018 4184 nobis
1038 4128 1210 4184 oratio
1230 4170 1243 4193 ,
1273 4125 1466 4180 fratrcs
1489 4163 1504 4189 ,
1531 4119 1949 4188 splendidusque
1978 4132 2080 4172 con
2098 4146 2112 4155 ι

522 4233 736 4286 ventus,
767 4231 822 4275 et
847 4222 1009 4275 latum
1037 4219 1433 4288 spatiosumque
1452 4227 1598 4268 mare
1626 4211 1858 4280 plenum,
1887 4207 1982 4264 sed
2007 4222 2113 4260 non

528 4322 806 4367 ventorum
849 4314 1049 4382 impetu
1069 4311 1345 4381 agitatum.
1375 4306 1534 4362 Venit
1565 4304 1708 4360 enim
1739 4315 1911 4357 mater
1935 4301 2077 4371 pacis
2097 4342 2112 4366 ,

526 4422 648 4477 qum
676 4416 955 4462 ventorum
987 4405 1240 4474 impetum
1275 4401 1582 4471 exstinguit.
1617 4398 1782 4452 Mater
1813 4397 1940 4452 Sion
1965 4396 2116 4462 dicet,

531 4503 683 4556 homo
703 4512 748 4556 et
771 4502 920 4554 homo
938 4507 1170 4553 naturast
1194 4499 1246 4551 in
1275 4513 1354 4564 ea,
1373 4505 1418 4550 et
1439 4495 1546 4565 ipse
1567 4493 1794 4563 fundavit
1815 4508 1923 4545 eam
1946 4489 2118 4560 (Psal.

528 4594 620 4650 86.
653 4594 730 4666 5).
761 4594 934 4650 Filioli
983 4591 1125 4657 mei,
1170 4587 1625 4646 meinterl’ecturi
1672 4583 1836 4640 sunt?
1882 4583 1946 4638 Et
1995 4580 2123 4652 quid

531 4697 760 4742 mortem
792 4684 1050 4742 timeam?
1083 4683 1216 4737 Mihi
1240 4682 1400 4736 vivere
1424 4679 1654 4736 Christus
1680 4686 1751 4731 est
1774 4717 1788 4740 ,
1817 4685 1863 4731 et
1886 4674 2014 4728 mori
2041 4675 2124 4727 lu-

529 4797 675 4832 crum
707 4779 962 4851 (Philipp.
996 4780 1045 4834 i.
1070 4777 1134 4834 2|
1235 4774 1340 4831 Sed
1363 4775 1415 4828 in
1445 4772 1689 4828 exsilium
1735 4767 1988 4823 mittent?
2015 4765 2125 4819 Do-

538 4869 661 4922 mini
692 4879 764 4922 εει
792 4879 945 4935 terra,
975 4878 1024 4923 et
1051 4867 1325 4938 plenitudo
1341 4865 1448 4935 ejus
1477 4860 1650 4932 (Psal.
1683 4860 1772 4915 25.
1801 4859 1854 4926 i)
1911 4856 2016 4912 Sed
2048 4855 2126 4910 fa-

538 4961 766 5016 cultates
794 4975 927 5014 mete
954 4953 1406 5028 publicabuntur?
1441 4952 1590 5006 Nihil
1613 4950 1875 5005 intulimus
1907 4949 1962 5002 in
1997 4946 2129 4999 hunc

543 5052 808 5118 mundum,
842 5062 1126 5118 certumque
1153 5057 1224 5102 est
1255 5046 1388 5117 quod
1417 5043 1547 5100 nihil
1577 5043 1694 5096 hinc
1730 5041 2006 5112 poterimus
2031 5054 2128 5090 au-

543 5149 677 5213 ferre
699 5143 777 5213 (l.
811 5141 940 5195 Tim.
967 5142 1020 5196 6.
1047 5138 1125 5209 7).
1153 5139 1256 5194 Sed
1285 5137 1432 5193 scitis
1452 5150 1553 5206 qua
1579 5133 1645 5189 de
1665 5147 1822 5187 causa
1851 5145 1938 5185 me
1966 5130 2131 5198 depo-

542 5234 700 5289 situri
730 5233 855 5289 sint.
885 5232 1016 5300 Quia
1047 5240 1249 5299 tapetes
1278 5245 1383 5284 non
1411 5225 1660 5297 expandi,
1685 5232 1740 5279 et
1766 5221 1951 5278 sericis
1971 5220 2132 5275 vesti-

547 5328 650 5381 bus
687 5340 794 5380 non
839 5340 956 5379 sum
989 5337 1150 5389 usus,
1181 5321 1300 5390 quia
1329 5335 1514 5376 eorum
1542 5316 1826 5387 ingluviem
1854 5330 1960 5368 non
1996 5312 2131 5378 fovi,

549 5437 650 5475 ncc
692 5435 878 5474 aurum
922 5417 1006 5472 vel
1049 5423 1325 5485 argentum
1375 5414 1503 5483 ipsis
1537 5411 1723 5468 obtuli.
1755 5408 1946 5463 Dicunt
1975 5419 2134 5476 porro

550 5515 680 5569 mihi
707 5531 719 5566 :
748 5509 1038 5566 Comedisti
1077 5517 1131 5563 et
1153 5505 1350 5568 bibisti,
1383 5513 1438 5559 et
1465 5501 1760 5573 baptizasti.
1791 5500 1847 5555 Si
1884 5499 1984 5552 hoc
2011 5494 2134 5558 feci,

552 5609 832 5662 anathema
865 5603 991 5657 mihi
1018 5643 1034 5669 ,
1061 5615 1130 5656 ne
1169 5612 1423 5653 numerer
1456 5611 1575 5650 cum
1603 5591 1865 5661 cpisc0pis
1889 5629 1903 5653 ,
1936 5603 2006 5642 ne
2035 5585 2137 5639 sim

555 5713 676 5750 cum
712 5696 935 5767 angelis,
965 5709 1032 5748 ne
1061 5692 1168 5747 Deo
1193 5689 1454 5760 placeam.
1485 5684 1704 5739 Etiamsi
1733 5695 1862 5737 vero
1888 5675 2139 5733 comede-

559 5787 658 5839 rim
686 5798 741 5842 et
784 5785 1190 5855 baptizaverim,
1235 5778 1365 5835 nihil
1401 5792 1586 5832 eorum
1626 5777 1976 5844 inopportuno
2019 5771 2137 5824 feci.

562 5876 840 5946 Dcpoaant
884 5887 938 5933 et
977 5877 1205 5932 Paulum
1237 5869 1533 5941 apostolum
1555 5907 1570 5936 ,
1603 5866 1741 5937 quod
1785 5873 1902 5934 post
1933 5873 2141 5917 cumam

2219 4107 2426 4167 custodi
2451 4099 2680 4160 carceris
2696 4095 2959 4166 baptisma
2985 4086 3268 4146 contulerit
3294 4083 3424 4153 (Act.
3455 4078 3540 4133 16.
3565 4077 3659 4144 35)
3683 4075 3806 4129 :de—

2222 4297 2440 4350 nionem
2470 4264 2743 4356 discipulis
2768 4278 2994 4337 dederit.
3027 4273 3220 4329 Multos
3248 4269 3400 4323 video
3438 4264 3663 4325 ﬂuctus,
3693 4272 3814 4328 gra-

2222 4397 2451 4453 vemque
2475 4349 2784 4450 procellam,
2806 4378 3122 4442 paratosque
3152 4363 3332 4416 hastas
3360 4374 3373 4410 :
3406 4365 3457 4409 at
3485 4369 3586 4424 ego
3613 4349 3813 4421 guber-

2227 4437 2380 4532 nator
2413 4437 2602 4541 magna
2639 4437 2916 4537 ingruente
2940 4462 3276 4526 tempestate,
3308 4450 3358 4503 in
3389 4445 3593 4501 duabus
3620 4437 3815 4508 navigii

2229 4535 2734 4641 puppibus'sedeov,
2771 4555 3011 4616 scilicet,
3041 4552 3094 4605 in
3123 4545 3304 4603 Veteri
3345 4552 3400 4597 et
3437 4538 3586 4594 Novo
3628 4535 3816 4589 Testa-

2231 4671 2432 4725 mento,
2456 4666 2616 4726 atque
2642 4651 2805 4708 remis
2835 4653 3204 4715 tempestatem
3230 4633 3441 4705 depello
3475 4649 3487 4684 :
3520 4643 3626 4682 non
3657 4623 3819 4680 remis

2233 4754 2441 4825 ligneis,
2470 4747 2564 4805 scd
2589 4742 2888 4801 veneranda
2924 4750 3083 4792 cruce
3113 4727 3324 4786 Domini
3367 4729 3738 4791 tempestatem
3768 4717 3819 4767 in

2237 5117 2584 5188 conSpicuum
2627 5083 2796 5165 iieri‘i
2843 5105 3087 5166 Fratres,
3141 5092 3466 5167 hypotbeses
3511 5083 3664 5137 vobis
3720 5089 3828 5133 tres

2241 5169 2387 5281 ponti
2405 5251 2418 5273 ,
2454 5205 2609 5260 ﬁdem
2637 5244 2650 5265 ,
2679 5197 3028 5255 tentationem
3054 5231 3070 5256 ,
3115 5180 3520 5243 continentiam.
3546 5175 3601 5230 Si
3641 5169 3828 5226 dicatis

2242 5264 2401 5357 iidem
2430 5314 2526 5354 vos
2555 5295 2843 5356 sustinere,
2873 5281 3150 5342 imitamini
3178 5279 3394 5334 beatum
3425 5268 3714 5330 Abraham,
3744 5264 3828 5333 qui

2242 5396 2309 5452 ad
2347 5401 2676 5450 senectutem
2704 5383 2979 5458 pervenit.
3009 5387 3064 5434 ct
3103 5384 3340 5431 maturos
3367 5364 3572 5436 accepit
3606 5361 3829 5416 fructus.

2244 5489 2300 5544 Si
2329 5487 2517 5542 dicatis
2537 5499 2633 5539 vos
2683 5477 3028 5536 tentationem
3057 5469 3340 5528 sustinere,
3385 5455 3664 5516 imitamini
3708 5454 3832 5508 bea-

2248 5590 2358 5635 tum
2389 5579 2509 5635 Job.
2540 5575 2667 5646 Ejus
2706 5584 2886 5627 mores
2914 5565 3105 5627 nostis,
3137 5569 3192 5615 et
3226 5552 3534 5627 patientiam
3573 5543 3794 5600 audistis
3816 5581 3832 5605 ,

2246 5689 2346 5728 nec
2367 5639 2618 5742 ignoratis
2635 5665 2843 5736 qualem
2861 5658 3083 5714 sortitus
3103 5654 3171 5708 sit
3196 5650 3378 5705 tinem.
3398 5644 3492 5700 Sin
3513 5639 3685 5694 velitis
3704 5649 3833 5688 cou-

2251 5722 2507 5742 --η-σν-τκ
2579 5722 2582 5723 ν
2654 5722 2666 5736 .

2251 5764 2524 5820 tincntiam
2555 5759 2857 5819 sustinere,
2886 5744 3166 5805 imitamini
3212 5741 3428 5796 beatum
3468 5727 3702 5798 Josepb,
3747 5722 3832 5793 (ιιιὶ

2250 5855 2493 5911 venditus
2513 5861 2594 5908 cst
2620 5851 2673 5906 in
2694 5845 2978 5919 Egyptum
2998 5832 3273 5895 ducendus
3289 5873 3306 5902 ,
3320 5837 3374 5885 et
3397 5826 3536 5883 fame
3563 5819 3835 5878 tabescen-
