4036 6376
318 400 414 458 ιὸῗ
847 395 1244 456 ORATIONES
1283 393 1461 452 POST
1501 392 1819 454 REDITUM
1857 391 1949 446 AB
1985 389 2262 447 EXSILIO
2303 388 2553 448 DICTE.
2590 417 2662 430 —
2702 384 3044 444 MONITUM.

321 524 421 568 tem
463 511 759 584 Egyptum
815 515 1078 568 liberavit.
1118 512 1197 567 llli
1239 510 1435 582 quippe
1477 509 1698 564 tentatio
1733 509 1908 563 oblata

321 612 400 660 est
445 619 540 674 per
568 604 912 659 meretricem
943 602 1251 675 Egyptiam
1294 616 1478 656 amore
1511 601 1627 670 ejus
1656 608 1864 668 captam
1888 639 1904 664 ,

317 712 435 766 quae
463 696 561 766 ipsi
586 695 883 762 assidebat,
910 694 1048 750 Cuba
1073 711 1269 748 mecum
1289 691 1445 764 (Gen.
1474 692 1566 747 59.
1587 693 1667 763 7),
1699 690 1903 745 dicens.

317 790 544 845 Volebat
584 791 730 844 enim
775 804 899 844 eum
937 803 968 843 a
1014 788 1259 843 castitate
1295 786 1563 840 abducere
1592 785 1646 838 in
1673 783 1907 854 Egypto

314 880 612 952 Egyptia:
654 879 743 934 hic
787 894 916 935 vero
951 879 1236 950 Egyptius
1284 878 1456 932 adest.
1491 876 1688 930 Verum
1733 887 1906 944 neque

310 975 399 1030 illa
445 982 690 1029 sanctum
730 972 1088 1042 supplantavit
1111 1014 1126 1038 ,
1155 985 1331 1040 neque
1366 969 1510 1023 hunc
1538 967 1646 1023 ille.
1679 966 1783 1022 Sed
1812 981 1905 1034 ap-

311 1065 492 1134 paruit
519 1063 676 1118 simul
697 1062 956 1121 libertatis
984 1061 1350 1130 temperantia,
1382 1059 1610 1114 filiorum
1633 1057 1900 1125 nobilitas,

309 1163 363 1210 et
389 1153 636 1209 barbara:
657 1153 896 1208 mulieris
916 1151 1319 1208 incontinentia.

378 1247 438 1300 2.
479 1245 724 1312 Fratres,
755 1245 839 1300 fur
877 1260 981 1300 non
1012 1243 1309 1315 ingreditur
1345 1257 1440 1309 eo,
1466 1241 1557 1296 ubi
1587 1240 1738 1310 palea
1761 1281 1776 1307 ,
1803 1237 1904 1296 fce-

311 1353 440 1393 num
463 1379 482 1406 ,
517 1348 573 1392 et
605 1337 802 1408 lignum
828 1337 1059 1401 adsunt;
1088 1335 1184 1391 sed
1214 1335 1301 1390 ubi
1329 1350 1514 1390 aurum
1539 1375 1556 1402 ,
1583 1344 1860 1404 argentum
1881 1372 1898 1400 ,

309 1443 402 1484 aut
430 1431 715 1500 margarita
743 1433 858 1485 :sic
885 1439 938 1484 et
960 1429 1204 1485 diabolus
1233 1443 1340 1484 non
1370 1444 1435 1484 eo
1463 1426 1778 1498 ingreditur,
1812 1423 1901 1478 ubi

313 1531 601 1588 scortator,
648 1531 740 1577 aut
787 1521 1078 1592 profanus,
1130 1531 1220 1576 aut
1270 1537 1469 1592 rapax,
1525 1528 1618 1575 aut
1667 1535 1894 1584 avarus;

310 1614 404 1668 sed
437 1614 527 1670 ubi
564 1614 658 1680 illi,
686 1613 774 1683 qui
807 1613 1097 1669 solitariam
1126 1623 1290 1684 agunt
1318 1613 1502 1666 vitam.
1536 1612 1772 1674 Fratres,
1804 1626 1901 1665 vo-

311 1706 558 1759 lumusne
585 1705 812 1774 linguam
839 1720 1032 1759 acuere
1050 1705 1303 1760 adversus
1330 1703 1723 1775 lmperatricem
1741 1705 1764 1757 ?
1793 1702 1900 1758 Sed

310 1796 437 1866 quid
465 1795 678 1850 dicam?
705 1795 915 1850 Jezabel
947 1797 1226 1851 tumultum
1252 1797 1394 1867 agit,
1427 1804 1481 1850 et
1513 1795 1693 1850 Helias
1722 1792 1854 1864 fugit
1880 1809 1896 1846 :

312 1886 572 1940 Herodias
619 1887 860 1952 laetatur,
912 1897 966 1941 et
1017 1886 1249 1942 Joannes
1295 1887 1523 1942 vinculis
1573 1885 1898 1955 stringitur:

313 1977 566 2048 1Egyptia
613 1978 898 2042 mentitur,
925 1988 980 2032 et
1004 1977 1204 2047 Joseph
1260 1979 1312 2032 in
1348 1991 1619 2032 carcerem
1647 1977 1897 2030 truditur.

311 2069 368 2123 Si
409 2071 588 2138 itaque
622 2083 708 2123 me
734 2069 785 2122 in
811 2069 1054 2123 exsilium
1081 2069 1342 2133 miserint,
1375 2068 1581 2123 Heliam
1611 2067 1898 2133 imitabor;

309 2161 354 2215 si
386 2161 440 2214 in
469 2175 680 2218 caenum
713 2161 1054 2229 projeccrint,
1082 2161 1402 2226 Jeremiam;
1431 2159 1477 2214 si
1506 2161 1557 2214 in
1589 2174 1736 2213 mare
1765 2175 1902 2229 prae-

311 2253 682 2322 cipitaverint,
713 2253 900 2307 Jonam
932 2253 1279 2323 prephetam;
1313 2252 1356 2308 si
1387 2253 1439 2308 in
1481 2252 1676 2315 lacum,
1712 2252 1889 2307 Danie-

309 2345 456 2407 lem;
485 2344 531 2396 si
554 2343 925 2411 lapidaverint,
957 2346 1336 2417 Stephanum;
1381 2345 1427 2401 si
1472 2343 1649 2414 capite
1683 2352 1904 2399 trunca-

311 2436 518 2498 verint,
560 2435 820 2490 Joannem
879 2435 1304 2500 Praecursorem;
1365 2435 1409 2490 si
1462 2434 1895 2500 verberaverint,

313 2524 568 2590 Paulum;
601 2526 644 2579 si
695 2540 843 2580 serra
890 2527 1180 2592 secuerint,
1249 2526 1457 2581 Isaiam.
1500 2526 1714 2582 Utinam
1765 2539 1896 2582 vero

313 2630 460 2669 serra
493 2615 688 2686 lignea,
719 2619 776 2670 nt
813 2631 996 2672 amore
1023 2618 1197 2673 crucis
1234 2616 1402 2672 fruar.
1424 2617 1690 2687 Corporca
1719 2617 1899 2671 incor-

313 2722 533 2776 poreum
560 2717 829 2777 oppugnat
854 2725 871 2762 :
899 2723 1016 2778 quas
1042 2708 1247 2763 balneis
1275 2717 1327 2762 et
1354 2708 1635 2778 unguentis
1681 2707 1896 2777 fruitur,

311 2815 431 2868 qua:
460 2815 580 2852 cum
622 2799 736 2853 viro
763 2801 1214 2869 circumplicatur,
1237 2801 1432 2856 bellum
1466 2800 1604 2871 gerit
1645 2798 1900 2855 adversus

315 2903 498 2956 punain
528 2899 583 2942 et
611 2889 1000 2944 immaculatam
1033 2891 1348 2944 Ecclesiam.
1381 2891 1450 2944 At
1490 2889 1633 2945 enim
1663 2889 1752 2945 illa
1787 2891 1898 2959 jam

315 2979 467 3032 vidua
514 2979 762 3043 sedebit,
815 2982 974 3034 etiam
1019 2980 1134 3033 viro
1177 2981 1465 3050 superstite
1496 2997 1510 3034 :
1541 2981 1663 3050 quia
1708 2995 1900 3050 nempe

313 3071 507 3124 mulier
531 3085 590 3124 es
611 3112 626 3135 ,
655 3079 708 3125 et
738 3070 816 3124 vis
849 3071 1136 3126 Ecclesiam
1167 3072 1380 3127 viduam
1421 3072 1619 3128 facere.
1651 3073 1774 3128 lle'ri
1803 3087 1898 3128 ve-

311 3162 452 3230 speri
481 3177 568 3216 me
596 3163 807 3216 tertium
834 3163 1100 3218 decimum
1129 3165 1426 3234 apostolum
1453 3165 1694 3230 vocabat,
1722 3174 1775 3219 et
1805 3163 1900 3219 ho-

312 3252 399 3309 die
437 3252 632 3309 Judam
657 3255 908 3326 appellat.
942 3255 1066 3311 fieri
1093 3271 1218 3313 cum
1249 3257 1496 3314 libertate
1528 3273 1738 3314 mecum
1763 3273 1898 3313 eon-

3484 387 3587 444 458

2018 509 2265 574 sidebat,
2299 519 2355 564 et
2404 509 2562 566 hodie
2608 524 2708 566 ceu
2751 509 2866 567 fera
2916 511 2971 566 in
3017 527 3105 568 me
3145 513 3318 570 irruit.
3368 514 3616 584 Oportuit

2017 601 2185 654 solent
2212 601 2352 670 apud
2379 615 2476 656 nos
2501 601 2791 675 exstingui,
2819 614 2874 659 et
2899 603 3079 659 lunam
3103 619 3209 660 non
3238 620 3500 676 apparere
3524 621 3613 678 po-

2015 692 2142 759 tius,
2187 707 2348 762 quam
2395 693 2542 749 verbi
2591 695 2692 750 Job
2729 695 3190 752 oblivisceremur.
3219 699 3430 755 Etenim
3471 699 3611 768 Job,

2016 782 2105 851 qui
2133 791 2332 836 tantam
2363 799 2650 854 perpessus
2682 794 2765 842 est
2791 784 3001 857 plagam
3021 828 3036 853 ,
3063 789 3195 844 nihil
3239 790 3383 845 aliud
3408 791 3614 846 clama-

2015 871 2136 938 bat,
2171 887 2366 941 quam,
2397 873 2481 928 Sit
2519 891 2702 930 nomen
2738 875 2945 931 Domini
2977 878 3293 933 benedictum
3331 881 3384 934 in
3425 881 3615 936 saecula

2015 963 2136 1033 (Job
2170 966 2222 1018 l.
2251 965 2368 1036 2t).
2391 963 2524 1020 Cum
2551 967 2694 1022 enim
2743 984 2877 1024 uxor
2902 970 3020 1038 ejus
3043 973 3348 1026 occlamans
3373 973 3611 1028 diceret:

2012 1053 2113 1109 Dic
2157 1057 2359 1110 verbum
2385 1067 2561 1111 contra
2598 1057 2878 1113 Dominum
2905 1101 2921 1129 ,
2951 1069 2998 1114 et
3025 1078 3218 1117 morere
3263 1062 3393 1132 (Id.
3421 1063 3473 1117 2.
3504 1063 3561 1134 9)
3593 1079 3610 1128 ;

2011 1149 2179 1217 ipsam
2208 1149 2502 1219 increpavit
2528 1150 2712 1207 dicens
2741 1169 2756 1206 :
2788 1151 2894 1208 Cur
2918 1154 3066 1222 quasi
3098 1170 3200 1208 una
3227 1171 3290 1209 ea:
3316 1155 3606 1227 insipienti-

2011 1240 2103 1292 bus
2141 1239 2433 1294 mulieribus
2474 1242 2680 1312 loquuta
2705 1259 2758 1298 es
2807 1242 2982 1314 (Ibid.
3012 1259 3062 1299 v.
3096 1244 3240 1317 10)?
3269 1245 3314 1300 Ο
3348 1246 3610 1317 ingratam

2009 1331 2320 1386 mulierem!
2351 1347 2384 1387 ο
2408 1335 2756 1403 emplastrum
2782 1335 3066 1391 dolorum!
3096 1337 3365 1406 Numquid
3385 1379 3401 1405 ,
3430 1353 3462 1394 ο
3490 1354 3610 1393 mu-

2008 1422 2140 1490 lier,
2186 1431 2239 1480 te
2285 1426 2477 1481 morbo
2521 1427 2830 1494 laborante,
2873 1429 2996 1484 talia
3036 1439 3210 1486 tecum
3250 1431 3500 1500 loquutus
3527 1441 3610 1486 est

2006 1513 2149 1569 Job?
2175 1530 2352 1571 nonne
2377 1516 2623 1586 precibus
2643 1527 2698 1573 et
2715 1519 2906 1574 officiis
2938 1530 3080 1574 tuam
3107 1520 3357 1575 abstersit
3383 1521 3602 1590 aegritu-

2012 1607 2229 1662 dinem?
2253 1607 2386 1663 Cum
2418 1612 2472 1663 in
2502 1610 2662 1680 regiis
2688 1611 2838 1665 atriis
2866 1611 3112 1680 degeret,
3139 1628 3260 1668 cum
3288 1613 3476 1682 opibus
3503 1613 3605 1665 llo-

2009 1707 2172 1764 reret,
2204 1714 2323 1753 cum
2355 1700 2502 1770 regio
2531 1701 2676 1755 cultu
2696 1743 2710 1768 ,
2742 1701 2874 1756 nilnl
2905 1703 3079 1758 simile
3106 1703 3318 1759 dicebas
3339 1744 3354 1767 ,
3381 1713 3435 1758 et
3465 1718 3607 1758 nunc

2009 1791 2096 1846 ubi
2127 1792 2274 1846 vides
2303 1792 2448 1846 illum
2488 1793 2540 1847 in
2570 1793 2697 1849 timo
2733 1793 3032 1862 sedentem,
3063 1804 3117 1850 et
3143 1810 3171 1847 a
3198 1795 3467 1850 vermibus
3495 1796 3604 1849 cir-

2009 1881 2400 1948 cumvolutum,
2447 1881 2550 1938 hoc
2603 1882 2838 1953 loqueris
2869 1903 2884 1938 :
2915 1882 3013 1937 Dic
3038 1885 3239 1937 verbum
3282 1893 3458 1937 contra
3493 1883 3607 1956 Do-

2007 1977 2221 2041 minum,
2259 1984 2306 2029 et
2333 1991 2544 2029 morere.
2571 1973 2690 2030 Non
2717 1976 2846 2032 satis
2871 1985 2988 2031 erat
3026 1977 3101 2030 illi
3142 1986 3483 2044 temporanea
3509 1990 3604 2029 ca-

2005 2069 2235 2138 stigatio,
2264 2069 2357 2123 sed
2389 2069 2437 2123 ei
2467 2083 2562 2139 per
2586 2068 2688 2123 hoc
2717 2069 2964 2136 verbum,
2995 2077 3251 2124 aeternum
3275 2067 3594 2137 supplicium

2006 2160 2306 2229 procuras?
2351 2159 2455 2215 Sed
2496 2160 2625 2230 quid
2667 2161 2852 2216 beatus
2889 2161 3032 2233 Job?
3075 2158 3179 2214 Cur
3215 2160 3360 2230 quasi
3399 2176 3500 2212 una
3540 2175 3605 2212 ea:

2005 2252 2354 2323 insipientibus
2383 2252 2673 2306 mulieribus
2703 2254 2907 2321 loquuta
2929 2254 3019 2307 es?
3046 2251 3106 2307 Si
3134 2253 3261 2305 bona
3292 2251 3602 2320 suscepimus

2007 2343 2070 2396 de
2098 2360 2252 2397 manu
2290 2342 2519 2409 Domini,
2543 2345 2679 2397 mala
2708 2361 2808 2398 non
2833 2343 3222 2398 sustinebimus?
3252 2343 3390 2409 Quid
3422 2350 3600 2396 autem

2007 2432 2124 2489 lucc
2144 2434 2319 2504 iniqua
2341 2443 2394 2490 et
2408 2434 2591 2489 odiosa
2613 2451 2628 2500 ;
2653 2435 2787 2502 haec,
2808 2435 3043 2504 inquam,
3064 2451 3196 2489 nova
3218 2433 3452 2488 Jezabcl.
3485 2472 3500 2486 .
3534 2471 3548 2486 .
3581 2471 3596 2485 .

2007 2525 2116 2583 Sed
2151 2528 2313 2582 mittit
2341 2527 2469 2582 mihi
2495 2527 2744 2582 consules
2773 2537 2826 2582 et
2853 2528 3092 2582 tribunos
3112 2567 3125 2589 ,
3157 2535 3466 2594 tantumque
3498 2525 3600 2578 mi-

2006 2620 2227 2676 nitatur.
2273 2619 2342 2674 Et
2377 2619 2502 2690 quid
2551 2619 2618 2673 ad
2667 2634 2752 2674 me
2792 2619 3020 2674 attinet?
3051 2620 3272 2672 Aranea:
3305 2618 3372 2671 ab
3408 2630 3606 2670 aranea

2006 2712 2204 2766 missae.
2240 2710 2472 2778 Fratres,
2505 2711 2753 2780 quoniam
2787 2711 3057 2764 laboribus
3081 2710 3322 2773 victoria,
3351 2709 3601 2763 certami-

2007 2802 2163 2856 nibus
2191 2816 2387 2856 corona
2419 2811 2636 2870 paratur
2658 2842 2673 2867 ,
2703 2808 2762 2854 ut
2791 2799 2999 2854 divinus
3031 2800 3224 2854 Paulus
3262 2797 3420 2852 modo
3453 2797 3600 2851 dice-

2006 2893 2128 2955 bat,
2171 2891 2371 2946 Bonum
2423 2901 2673 2945 certamen
2715 2893 2937 2954 certari,
2966 2905 3171 2943 cursum
3218 2890 3557 2941 consummavi
3582 2927 3596 2948 ,

2007 2983 2160 3052 ﬁdem
2184 2983 2374 3037 servavi
2405 2998 2424 3034 :
2450 2983 2502 3035 in
2532 2983 2724 3051 reliquo
2765 2982 2986 3051 reposita
3029 2991 3102 3036 est
3137 2980 3260 3032 mihi
3303 2995 3487 3032 corona
3509 2980 3633 3048 ju-~

2007 3075 2178 3139 stitiw,
2207 3090 2358 3144 quam
2387 3074 2563 3128 reddet
2584 3073 2707 3126 mihi
2740 3071 2988 3127 Dominus
3013 3073 3064 3125 in
3091 3071 3182 3124 illa
3212 3071 3292 3124 die
3311 3071 3485 3140 justus
3507 3070 3602 3139 ju-

2007 3165 2107 3218 dea:
2131 3165 2219 3237 (2.
2251 3164 2380 3218 Tim.
2410 3165 2462 3219 4.
2498 3165 2576 3236 7).
2605 3163 2865 3230 Quoniam
2897 3163 2995 3234 ipsi
3027 3164 3193 3232 gloria
3227 3171 3282 3218 et
3321 3161 3601 3228 imperium

2009 3258 2061 3313 in
2103 3259 2298 3314 sarcula
2325 3259 2660 3314 saeculorum.
2695 3258 2886 3314 Amen.

769 4103 851 4167 IN
892 4101 1087 4165 DUAS
1122 4101 1560 4176 SEQUENTES
1601 4099 1786 4163 POST
1832 4099 2178 4163 REDITUM
2220 4103 2317 4162 AB
2360 4099 2657 4165 EXSILIO
2698 4104 3153 4166 ORATIONES.

331 4355 446 4410 lem
477 4367 624 4419 esse,
653 4351 882 4423 ideoque
910 4350 1321 4417 brevissimam;
1359 4350 1598 4406 secunda
1625 4360 1805 4405 autem
1839 4350 2053 4420 longior
2077 4350 2394 4421 insequente
2418 4353 2507 4407 die
2529 4353 2672 4409 dicta
2704 4354 2869 4411 fuerit
2898 4371 2912 4411 :
2942 4354 3127 4424 lapsus
3159 4372 3287 4429 ergo
3319 4358 3586 4414 Sozome-

335 4463 441 4503 nus
468 4457 554 4504 est
577 4447 672 4517 qui
693 4446 1135 4514 extemporalem,
1170 4446 1400 4516 σχέδιον,
1436 4445 1581 4498 illam
1612 4443 1949 4511 orationem,
1982 4461 2143 4514 quam
2190 4460 2444 4500 reversus
2492 4445 2920 4517 Chrysostomus
2952 4453 3021 4507 ad
3067 4451 3325 4520 populum
3370 4451 3584 4516 habuit,

330 4539 467 4595 dicit
493 4555 615 4595 eam
642 4555 760 4596 esse
783 4555 904 4610 qua:
927 4539 1223 4594 Abrahami
1258 4549 1313 4592 et
1343 4537 1492 4593 Sara
1523 4539 1934 4594 similitudinem
1967 4540 2207 4606 adhibet,
2240 4542 2308 4594 ab
2341 4541 2547 4610 illaque
2579 4543 2808 4597 orditur.

406 4631 546 4687 Huic
568 4633 802 4687 orationi
833 4632 1054 4698 Graecae,
1082 4647 1246 4701 quam
1272 4631 1461 4686 Latine
1492 4631 1881 4695 convertimus,
1914 4639 2150 4686 veterem
2181 4632 2704 4701 interpretationem,
2741 4652 2862 4704 quae
2904 4638 2957 4690 in
3001 4638 3152 4706 prius
3182 4637 3344 4692 editis
3376 4637 3568 4704 fertur,

334 4725 756 4795 subiungimus;
793 4728 1050 4796 quoniam
1083 4728 1210 4781 hinc
1236 4735 1288 4781 et
1314 4726 1439 4778 inde
1482 4726 1744 4780 nonnulla
1772 4726 2040 4781 habentur
2068 4727 2270 4782 Graecis
2301 4729 2567 4794 auctiora,
2600 4731 2842 4798 quaedam
2872 4733 3035 4786 etiam
3073 4750 3228 4790 secus
3266 4736 3461 4804 posita.

410 4818 714 4873 Secundam
747 4821 910 4874 etiam
940 4830 999 4874 ut
1023 4825 1210 4874 verum
1243 4821 1616 4891 Chrysostomi
1646 4820 1814 4876 fetum
1850 4835 2039 4876 omnes
2069 4821 2400 4876 admittunt:
2434 4825 2661 4894 ejusque
2691 4827 3019 4897 γνησιὸτητα
3052 4829 3389 4885 Sozomenus
3424 4831 3579 4902 14241

334 4918 533 4972 asserit
557 4915 610 4968 in
638 4915 758 4970 loco
788 4931 952 4986 supra
987 4915 1169 4970 allato.
1211 4914 1395 4970 Unum
1425 4923 1510 4969 est
1534 4913 1681 4982 quod
1718 4927 1824 4968 non
1861 4928 2054 4982 parum
2096 4915 2297 4983 negotii
2340 4915 2592 4972 facessat.
2624 4916 2868 4972 Primum
2900 4921 3278 4991 Chrysostomi
3330 4927 3586 4979 exsilium

334 5017 394 5066 ct
426 5010 498 5065 ab
546 5010 639 5064 illo
693 5009 888 5064 exsilio
938 5009 1144 5063 reditus
1178 5009 1232 5063 in
1285 5024 1489 5063 annum
1546 5007 1747 5061 cadunt
1797 5005 1938 5072 405;
1993 5008 2315 5072 secundum,
2353 5026 2384 5064 a
2437 5026 2544 5079 quo
2591 5029 2866 5082 nunquam
2919 5018 3079 5071 rediit
3132 5017 3581 5088 Chrysostomus,

344 5119 491 5160 anno
520 5104 625 5159 404
657 5105 902 5172 contigit.
936 5103 1074 5158 Cum
1099 5105 1339 5160 secundo
1368 5104 1575 5173 eiectus
1601 5101 1701 5157 fuit
1732 5102 2176 5172 Chrysostomus,
2207 5103 2435 5173 irruptio
2460 5106 2512 5158 in
2542 5107 2826 5162 ecclesiam
2876 5109 3014 5165 facta
3065 5122 3166 5174 cst,
3203 5113 3585 5181 baptisterium

344 5201 608 5269 sanguine
637 5198 900 5269 repletum
935 5197 1040 5253 fuit
1061 5216 1076 5264 ;
1099 5198 1214 5252 haec
1247 5212 1396 5262 vero,
1425 5212 1546 5265 qua:
1571 5212 1716 5252 anno
1740 5195 1845 5252 404
1872 5206 2024 5266 gesta
2065 5207 2213 5265 sunt,
2254 5199 2306 5252 in
2350 5200 2454 5255 hac
2493 5201 2738 5266 homilia,
2772 5218 2917 5257 anno
2966 5204 3073 5262 405
3112 5205 3319 5271 habita,
3348 5222 3584 5262 comme~

337 5304 644 5360 morantur,
669 5293 730 5346 τὸ
756 5295 1118 5363 φωτιστήριον
1151 5293 1381 5363 αἵματος
1421 5291 1823 5362 ἐμπέπλησται.
1863 5291 1899 5358 ς]

2009 5292 2149 5348 nodo
2195 5295 2373 5363 potuit
2419 5294 2842 5365 Chrysostomus
2889 5312 2952 5353 ea
3002 5314 3147 5354 anno
3179 5301 3284 5355 403
3330 5309 3388 5356 ut
3435 5311 3584 5371 gesta

335 5387 560 5452 referre,
590 5401 712 5457 quae
737 5402 882 5442 anno
913 5387 1088 5442 solum
1117 5388 1364 5459 sequenti
1387 5395 1536 5457 gesta
1561 5387 1728 5442 sunt?
1758 5385 1883 5442 llaec
1922 5387 2113 5456 objicit
2164 5386 2419 5456 Savilius,
2467 5391 2665 5460 quibus
2699 5393 2994 5463 respondet
3027 5394 3406 5452 Tillemontius
3440 5415 3452 5448 :
3504 5397 3590 5449 id-

333 5477 511 5548 ipsum
536 5489 591 5534 et
621 5480 799 5535 hocet
825 5480 1070 5548 sequenti
1099 5495 1244 5537 anno
1291 5482 1602 5553 contingere
1635 5484 1896 5552 potuisse.
1948 5482 2102 5539 Alius
2157 5482 2388 5540 fortasse
2431 5487 2602 5552 dicet,
2651 5490 2767 5543 haec
2818 5491 3091 5557 adjectitia
3122 5506 3259 5556 esse,
3293 5502 3345 5546 et
3393 5509 3455 5547 ex
3483 5496 3590 5549 alio

334 5572 472 5630 forte
502 5577 767 5644 opusculo
802 5576 1197 5646 Chrysostomi,
1232 5577 1375 5648 quod
1411 5579 1652 5647 perierit,
1678 5580 1785 5635 huc
1813 5581 2074 5635 translata
2107 5580 2294 5637 fuisse.
2329 5581 2488 5638 Certe
2529 5599 2616 5640 res
2651 5587 2762 5640 haec
2805 5586 3118 5642 difﬁcultate
3161 5603 3269 5642 non
3313 5597 3486 5651 vacat,
3524 5598 3578 5642 ct

334 5665 392 5720 in
421 5667 799 5738 Citrysostomi
836 5665 955 5721 Vita
986 5668 1232 5736 pluribus
1258 5668 1610 5738 expendetur.

403 5760 687 5816 Godefridi
713 5759 1010 5829 Tilmanni,
1044 5762 1136 5830 qui
1168 5763 1554 5834 paraphrasten
1584 5764 1762 5835 potius
1791 5779 1952 5834 quam
1987 5763 2334 5834 interpretem
2377 5767 2513 5836 egit,
2555 5768 2860 5824 versionem
2899 5771 3191 5839 rcjccimus
3213 5815 3225 5837 ,
3273 5783 3577 5841 novamque

337 5868 672 5922 paravimus.

652 5949 919 6008 PATROL.
963 5946 1078 6006 Gn.
1126 5946 1252 6008 Lll.
3197 5956 3231 6016 ἢ
