  <div class='ocr_page' id='page_1' title='image "/cluster/home/n/w/nwhite01/storage/ocr_20150623/52:no.3:pt.2/coo.31924054869510/061.png"; bbox 0 0 4036 6424; ppageno 0'>
   <div class='ocr_carea' id='block_1_1' title="bbox 422 407 532 462">
    <p class='ocr_par' dir='ltr' id='par_1_1' title="bbox 422 407 532 462">
     <span class='ocr_line' id='line_1_1' title="bbox 422 407 532 462; baseline 0.009 -1"><span class='ocrx_word' id='word_1_1' title='bbox 422 407 532 462; x_wconf 69' lang='grc' dir='ltr'><strong>ιδθ</strong></span> 
     </span>
    </p>
   </div>
   <div class='ocr_carea' id='block_1_2' title="bbox 1121 383 2970 451">
    <p class='ocr_par' dir='ltr' id='par_1_2' title="bbox 1121 383 2970 451">
     <span class='ocr_line' id='line_1_2' title="bbox 1121 383 2970 451; baseline -0.005 -1"><span class='ocrx_word' id='word_1_2' title='bbox 1121 393 1178 451; x_wconf 86' lang='lat' dir='ltr'><strong>S.</strong></span> <span class='ocrx_word' id='word_1_3' title='bbox 1219 387 1502 447; x_wconf 78' lang='lat' dir='ltr'><strong>JOANNIS</strong></span> <span class='ocrx_word' id='word_1_4' title='bbox 1539 385 2020 444; x_wconf 78' lang='lat' dir='ltr'><strong>CHRYSOSTOMI</strong></span> <span class='ocrx_word' id='word_1_5' title='bbox 2059 384 2382 442; x_wconf 78' lang='lat' dir='ltr'><strong>ABCIIIEP.</strong></span> <span class='ocrx_word' id='word_1_6' title='bbox 2423 383 2970 442; x_wconf 73' lang='lat' dir='ltr'><strong>CONSTANTINOP.</strong></span> 
     </span>
    </p>
   </div>
   <div class='ocr_carea' id='block_1_3' title="bbox 665 633 3484 661">
    <p class='ocr_par' dir='ltr' id='par_1_3' title="bbox 665 633 3484 661">
     <span class='ocr_line' id='line_1_3' title="bbox 665 633 3484 661; baseline -0.001 -16"><span class='ocrx_word' id='word_1_7' title='bbox 665 633 3484 661; x_wconf 52' lang='grc' dir='ltr'><strong>’,Μ</strong></span> 
     </span>
    </p>
   </div>
   <div class='ocr_carea' id='block_1_4' title="bbox 3568 394 3678 448">
    <p class='ocr_par' dir='ltr' id='par_1_4' title="bbox 3568 394 3678 448">
     <span class='ocr_line' id='line_1_4' title="bbox 3568 394 3678 448; baseline 0.027 -3"><span class='ocrx_word' id='word_1_8' title='bbox 3568 394 3678 448; x_wconf 70' lang='grc' dir='ltr'><strong>ΗΟ</strong></span> 
     </span>
    </p>
   </div>
   <div class='ocr_carea' id='block_1_5' title="bbox 1519 1137 2568 1232">
    <p class='ocr_par' dir='ltr' id='par_1_5' title="bbox 1519 1137 2568 1232">
     <span class='ocr_line' id='line_1_5' title="bbox 1519 1137 2568 1232; baseline -0.002 -2"><span class='ocrx_word' id='word_1_9' title='bbox 1519 1137 1861 1232; x_wconf 88' lang='lat' dir='ltr'><strong>POST</strong></span> <span class='ocrx_word' id='word_1_10' title='bbox 1951 1138 2568 1229; x_wconf 78' lang='lat' dir='ltr'><strong>REDITUM</strong></span> 
     </span>
    </p>
   </div>
   <div class='ocr_carea' id='block_1_6' title="bbox 1709 1461 2376 1522">
    <p class='ocr_par' dir='ltr' id='par_1_6' title="bbox 1709 1461 2376 1522">
     <span class='ocr_line' id='line_1_6' title="bbox 1709 1461 2376 1522; baseline -0.003 0"><span class='ocrx_word' id='word_1_11' title='bbox 1709 1465 1754 1522; x_wconf 78' lang='grc' dir='ltr'><strong>Δ</strong></span> <span class='ocrx_word' id='word_1_12' title='bbox 1794 1464 2048 1522; x_wconf 78' lang='lat' dir='ltr'><strong>PBIORE</strong></span> <span class='ocrx_word' id='word_1_13' title='bbox 2087 1461 2376 1520; x_wconf 77' lang='lat' dir='ltr'><strong>EXSILIO.</strong></span> 
     </span>
    </p>
   </div>
   <div class='ocr_carea' id='block_1_7' title="bbox 497 2339 2008 2412">
    <p class='ocr_par' dir='ltr' id='par_1_7' title="bbox 497 2339 2008 2412">
     <span class='ocr_line' id='line_1_7' title="bbox 497 2339 2008 2412; baseline 0.003 -18"><span class='ocrx_word' id='word_1_14' title='bbox 497 2341 551 2394; x_wconf 76' lang='lat' dir='ltr'><strong>i.</strong></span> <span class='ocrx_word' id='word_1_15' title='bbox 581 2339 718 2408; x_wconf 90' lang='lat' dir='ltr'><strong>Quid</strong></span> <span class='ocrx_word' id='word_1_16' title='bbox 743 2340 939 2409; x_wconf 91' lang='lat' dir='ltr'><strong>dicam,</strong></span> <span class='ocrx_word' id='word_1_17' title='bbox 967 2349 1060 2395; x_wconf 90' lang='lat' dir='ltr'><strong>aut</strong></span> <span class='ocrx_word' id='word_1_18' title='bbox 1085 2340 1213 2412; x_wconf 91' lang='lat' dir='ltr'><strong>quid</strong></span> <span class='ocrx_word' id='word_1_19' title='bbox 1238 2341 1471 2412; x_wconf 83' lang='lat' dir='ltr'><strong>loquar?</strong></span> <span class='ocrx_word' id='word_1_20' title='bbox 1500 2342 1821 2400; x_wconf 78' lang='lat' dir='ltr'><strong>Benedictus</strong></span> <span class='ocrx_word' id='word_1_21' title='bbox 1846 2343 2008 2401; x_wconf 88' lang='lat' dir='ltr'><strong>Deus.</strong></span> 
     </span>
    </p>
   </div>
   <div class='ocr_carea' id='block_1_8' title="bbox 427 2431 2014 2504">
    <p class='ocr_par' dir='ltr' id='par_1_8' title="bbox 427 2431 2014 2504">
     <span class='ocr_line' id='line_1_8' title="bbox 427 2431 2014 2504; baseline 0.003 -18"><span class='ocrx_word' id='word_1_22' title='bbox 427 2431 539 2487; x_wconf 90' lang='lat' dir='ltr'><strong>lloc</strong></span> <span class='ocrx_word' id='word_1_23' title='bbox 567 2447 815 2503; x_wconf 88' lang='lat' dir='ltr'><strong>egressus</strong></span> <span class='ocrx_word' id='word_1_24' title='bbox 839 2433 970 2499; x_wconf 80' lang='lat' dir='ltr'><strong>dixi,</strong></span> <span class='ocrx_word' id='word_1_25' title='bbox 1005 2433 1104 2488; x_wconf 89' lang='lat' dir='ltr'><strong>hoc</strong></span> <span class='ocrx_word' id='word_1_26' title='bbox 1127 2435 1318 2489; x_wconf 92' lang='lat' dir='ltr'><strong>iterum</strong></span> <span class='ocrx_word' id='word_1_27' title='bbox 1360 2433 1594 2504; x_wconf 83' lang='lat' dir='ltr'><strong>profero,</strong></span> <span class='ocrx_word' id='word_1_28' title='bbox 1628 2435 1737 2490; x_wconf 90' lang='lat' dir='ltr'><strong>imo</strong></span> <span class='ocrx_word' id='word_1_29' title='bbox 1762 2435 1868 2490; x_wconf 90' lang='lat' dir='ltr'><strong>illic</strong></span> <span class='ocrx_word' id='word_1_30' title='bbox 1892 2451 2014 2490; x_wconf 92' lang='lat' dir='ltr'><strong>cum</strong></span> 
     </span>
    </p>
   </div>
   <div class='ocr_carea' id='block_1_9' title="bbox 427 2524 2015 2582">
    <p class='ocr_par' dir='ltr' id='par_1_9' title="bbox 427 2524 2015 2582">
     <span class='ocr_line' id='line_1_9' title="bbox 427 2524 2015 2582; baseline 0.002 -5"><span class='ocrx_word' id='word_1_31' title='bbox 427 2537 603 2578; x_wconf 87' lang='lat' dir='ltr'><strong>essem</strong></span> <span class='ocrx_word' id='word_1_32' title='bbox 631 2539 738 2578; x_wconf 91' lang='lat' dir='ltr'><strong>non</strong></span> <span class='ocrx_word' id='word_1_33' title='bbox 767 2524 1025 2581; x_wconf 75' lang='lat' dir='ltr'><strong>intermisi</strong></span> <span class='ocrx_word' id='word_1_34' title='bbox 1055 2525 1254 2581; x_wconf 87' lang='lat' dir='ltr'><strong>dicere.</strong></span> <span class='ocrx_word' id='word_1_35' title='bbox 1284 2525 1598 2581; x_wconf 86' lang='lat' dir='ltr'><strong>Meministis</strong></span> <span class='ocrx_word' id='word_1_36' title='bbox 1625 2541 1712 2580; x_wconf 91' lang='lat' dir='ltr'><strong>me</strong></span> <span class='ocrx_word' id='word_1_37' title='bbox 1738 2525 1930 2582; x_wconf 79' lang='lat' dir='ltr'><strong>Jobum</strong></span> <span class='ocrx_word' id='word_1_38' title='bbox 1961 2527 2015 2581; x_wconf 89' lang='lat' dir='ltr'><strong>in</strong></span> 
     </span>
    </p>
   </div>
   <div class='ocr_carea' id='block_1_10' title="bbox 431 2613 2020 2680">
    <p class='ocr_par' dir='ltr' id='par_1_10' title="bbox 431 2613 2020 2680">
     <span class='ocr_line' id='line_1_10' title="bbox 431 2613 2020 2680; baseline 0.002 -12"><span class='ocrx_word' id='word_1_39' title='bbox 431 2614 664 2668; x_wconf 91' lang='lat' dir='ltr'><strong>medium</strong></span> <span class='ocrx_word' id='word_1_40' title='bbox 693 2614 959 2670; x_wconf 89' lang='lat' dir='ltr'><strong>adducere</strong></span> <span class='ocrx_word' id='word_1_41' title='bbox 981 2655 998 2680; x_wconf 86' lang='lat'><strong>,</strong></span> <span class='ocrx_word' id='word_1_42' title='bbox 1038 2629 1103 2670; x_wconf 86' lang='lat' dir='ltr'><strong>ac</strong></span> <span class='ocrx_word' id='word_1_43' title='bbox 1127 2615 1309 2671; x_wconf 87' lang='lat' dir='ltr'><strong>dicere</strong></span> <span class='ocrx_word' id='word_1_44' title='bbox 1339 2633 1352 2670; x_wconf 92' lang='lat'>:</span> <span class='ocrx_word' id='word_1_45' title='bbox 1387 2615 1470 2671; x_wconf 90' lang='lat' dir='ltr'><strong>Sit</strong></span> <span class='ocrx_word' id='word_1_46' title='bbox 1500 2632 1680 2670; x_wconf 82' lang='lat' dir='ltr'><strong>nomen</strong></span> <span class='ocrx_word' id='word_1_47' title='bbox 1705 2613 1910 2670; x_wconf 79' lang='lat' dir='ltr'><strong>Domini</strong></span> <span class='ocrx_word' id='word_1_48' title='bbox 1936 2616 2020 2671; x_wconf 83' lang='lat' dir='ltr'><strong>be-</strong></span> 
     </span>
    </p>
   </div>
   <div class='ocr_carea' id='block_1_11' title="bbox 433 2706 2017 2780">
    <p class='ocr_par' dir='ltr' id='par_1_11' title="bbox 433 2706 2017 2780">
     <span class='ocr_line' id='line_1_11' title="bbox 433 2706 2017 2780; baseline 0.003 -18"><span class='ocrx_word' id='word_1_49' title='bbox 433 2706 682 2762; x_wconf 80' lang='lat' dir='ltr'><strong>nedictum</strong></span> <span class='ocrx_word' id='word_1_50' title='bbox 706 2708 761 2762; x_wconf 85' lang='lat' dir='ltr'><strong>in</strong></span> <span class='ocrx_word' id='word_1_51' title='bbox 787 2706 977 2762; x_wconf 67' lang='lat' dir='ltr'><strong>serenda</strong></span> <span class='ocrx_word' id='word_1_52' title='bbox 1023 2707 1158 2778; x_wconf 69' lang='lat' dir='ltr'><strong>(Job</strong></span> <span class='ocrx_word' id='word_1_53' title='bbox 1201 2709 1255 2763; x_wconf 80' lang='lat' dir='ltr'><strong>i.</strong></span> <span class='ocrx_word' id='word_1_54' title='bbox 1295 2709 1359 2765; x_wconf 74' lang='lat' dir='ltr'><strong>2i</strong></span> <span class='ocrx_word' id='word_1_55' title='bbox 1387 2710 1429 2780; x_wconf 90' lang='lat'><strong>).</strong></span> <span class='ocrx_word' id='word_1_56' title='bbox 1463 2709 1588 2764; x_wconf 72' lang='lat' dir='ltr'><strong>litec</strong></span> <span class='ocrx_word' id='word_1_57' title='bbox 1617 2709 1770 2766; x_wconf 86' lang='lat' dir='ltr'><strong>vobis</strong></span> <span class='ocrx_word' id='word_1_58' title='bbox 1797 2711 2017 2780; x_wconf 82' lang='lat' dir='ltr'><strong>pignora</strong></span> 
     </span>
    </p>
   </div>
   <div class='ocr_carea' id='block_1_12' title="bbox 428 2800 2021 2874">
    <p class='ocr_par' dir='ltr' id='par_1_12' title="bbox 428 2800 2021 2874">
     <span class='ocr_line' id='line_1_12' title="bbox 428 2800 2021 2874; baseline 0.002 -19"><span class='ocrx_word' id='word_1_59' title='bbox 428 2800 614 2855; x_wconf 83' lang='lat' dir='ltr'><strong>exiens</strong></span> <span class='ocrx_word' id='word_1_60' title='bbox 641 2800 856 2871; x_wconf 75' lang='lat' dir='ltr'><strong>reliqui,</strong></span> <span class='ocrx_word' id='word_1_61' title='bbox 886 2802 982 2856; x_wconf 91' lang='lat' dir='ltr'><strong>has</strong></span> <span class='ocrx_word' id='word_1_62' title='bbox 999 2803 1289 2872; x_wconf 75' lang='lat' dir='ltr'><strong>gratiarum</strong></span> <span class='ocrx_word' id='word_1_63' title='bbox 1308 2803 1548 2859; x_wconf 86' lang='lat' dir='ltr'><strong>actiones</strong></span> <span class='ocrx_word' id='word_1_64' title='bbox 1573 2812 1796 2874; x_wconf 86' lang='lat' dir='ltr'><strong>repeto:</strong></span> <span class='ocrx_word' id='word_1_65' title='bbox 1825 2803 1909 2859; x_wconf 88' lang='lat' dir='ltr'><strong>Sit</strong></span> <span class='ocrx_word' id='word_1_66' title='bbox 1928 2821 2021 2858; x_wconf 82' lang='lat' dir='ltr'><strong>no-</strong></span> 
     </span>
    </p>
   </div>
   <div class='ocr_carea' id='block_1_13' title="bbox 431 2891 2019 2957">
    <p class='ocr_par' dir='ltr' id='par_1_13' title="bbox 431 2891 2019 2957">
     <span class='ocr_line' id='line_1_13' title="bbox 431 2891 2019 2957; baseline 0.003 -11"><span class='ocrx_word' id='word_1_67' title='bbox 431 2909 546 2948; x_wconf 82' lang='lat' dir='ltr'><strong>men</strong></span> <span class='ocrx_word' id='word_1_68' title='bbox 593 2891 800 2949; x_wconf 85' lang='lat' dir='ltr'><strong>Domini</strong></span> <span class='ocrx_word' id='word_1_69' title='bbox 838 2895 1151 2949; x_wconf 78' lang='lat' dir='ltr'><strong>benedictum</strong></span> <span class='ocrx_word' id='word_1_70' title='bbox 1192 2895 1247 2948; x_wconf 88' lang='lat' dir='ltr'><strong>in</strong></span> <span class='ocrx_word' id='word_1_71' title='bbox 1271 2893 1476 2951; x_wconf 66' lang='lat' dir='ltr'><strong>secula.</strong></span> <span class='ocrx_word' id='word_1_72' title='bbox 1523 2893 1757 2951; x_wconf 74' lang='lat' dir='ltr'><strong>Diversa:</strong></span> <span class='ocrx_word' id='word_1_73' title='bbox 1784 2909 1892 2957; x_wconf 87' lang='lat' dir='ltr'><strong>res.</strong></span> <span class='ocrx_word' id='word_1_74' title='bbox 1923 2895 2019 2951; x_wconf 88' lang='lat' dir='ltr'><strong>sed</strong></span> 
     </span>
    </p>
   </div>
   <div class='ocr_carea' id='block_1_14' title="bbox 391 2983 2021 3058">
    <p class='ocr_par' dir='ltr' id='par_1_14' title="bbox 391 2983 2021 3058">
     <span class='ocr_line' id='line_1_14' title="bbox 391 2983 2021 3058; baseline 0.002 -20"><span class='ocrx_word' id='word_1_75' title='bbox 391 3041 400 3054; x_wconf 60' lang='grc'><strong><em>,</em></strong></span> <span class='ocrx_word' id='word_1_76' title='bbox 433 2999 536 3039; x_wconf 89' lang='lat' dir='ltr'><strong>una</strong></span> <span class='ocrx_word' id='word_1_77' title='bbox 559 2983 895 3056; x_wconf 75' lang='lat' dir='ltr'><strong>glorificatio.</strong></span> <span class='ocrx_word' id='word_1_78' title='bbox 929 2985 1120 3042; x_wconf 84' lang='lat' dir='ltr'><strong>Pulsus</strong></span> <span class='ocrx_word' id='word_1_79' title='bbox 1138 2986 1337 3056; x_wconf 79' lang='lat' dir='ltr'><strong>gratias</strong></span> <span class='ocrx_word' id='word_1_80' title='bbox 1356 2985 1600 3058; x_wconf 88' lang='lat' dir='ltr'><strong>agebam,</strong></span> <span class='ocrx_word' id='word_1_81' title='bbox 1630 3000 1881 3042; x_wconf 86' lang='lat' dir='ltr'><strong>reversus</strong></span> <span class='ocrx_word' id='word_1_82' title='bbox 1898 3001 2021 3056; x_wconf 90' lang='lat' dir='ltr'><strong>gra-</strong></span> 
     </span>
    </p>
   </div>
   <div class='ocr_carea' id='block_1_15' title="bbox 431 3075 2022 3147">
    <p class='ocr_par' dir='ltr' id='par_1_15' title="bbox 431 3075 2022 3147">
     <span class='ocr_line' id='line_1_15' title="bbox 431 3075 2022 3147; baseline 0.001 -18"><span class='ocrx_word' id='word_1_83' title='bbox 431 3075 532 3132; x_wconf 84' lang='lat' dir='ltr'><strong>tias</strong></span> <span class='ocrx_word' id='word_1_84' title='bbox 555 3090 676 3147; x_wconf 80' lang='lat' dir='ltr'><strong>ago.</strong></span> <span class='ocrx_word' id='word_1_85' title='bbox 700 3076 935 3133; x_wconf 77' lang='lat' dir='ltr'><strong>Diversa:</strong></span> <span class='ocrx_word' id='word_1_86' title='bbox 972 3092 1083 3141; x_wconf 86' lang='lat' dir='ltr'><strong>res,</strong></span> <span class='ocrx_word' id='word_1_87' title='bbox 1113 3077 1210 3133; x_wconf 91' lang='lat' dir='ltr'><strong>sed</strong></span> <span class='ocrx_word' id='word_1_88' title='bbox 1237 3077 1363 3133; x_wconf 79' lang='lat' dir='ltr'><strong>tlnis</strong></span> <span class='ocrx_word' id='word_1_89' title='bbox 1393 3093 1531 3134; x_wconf 89' lang='lat' dir='ltr'><strong>unus</strong></span> <span class='ocrx_word' id='word_1_90' title='bbox 1559 3077 1752 3132; x_wconf 88' lang='lat' dir='ltr'><strong>hiemis</strong></span> <span class='ocrx_word' id='word_1_91' title='bbox 1783 3085 1838 3133; x_wconf 91' lang='lat' dir='ltr'><strong>ct</strong></span> <span class='ocrx_word' id='word_1_92' title='bbox 1862 3087 2022 3132; x_wconf 65' lang='lat' dir='ltr'><strong>aesta-</strong></span> 
     </span>
    </p>
   </div>
   <div class='ocr_carea' id='block_1_16' title="bbox 433 3166 2022 3238">
    <p class='ocr_par' dir='ltr' id='par_1_16' title="bbox 433 3166 2022 3238">
     <span class='ocr_line' id='line_1_16' title="bbox 433 3166 2022 3238; baseline 0 -18"><span class='ocrx_word' id='word_1_93' title='bbox 433 3167 536 3232; x_wconf 89' lang='lat' dir='ltr'><strong>tis;</strong></span> <span class='ocrx_word' id='word_1_94' title='bbox 567 3181 706 3223; x_wconf 82' lang='lat' dir='ltr'><strong>unus</strong></span> <span class='ocrx_word' id='word_1_95' title='bbox 747 3167 889 3234; x_wconf 80' lang='lat' dir='ltr'><strong>linis,</strong></span> <span class='ocrx_word' id='word_1_96' title='bbox 934 3170 1047 3238; x_wconf 87' lang='lat' dir='ltr'><strong>agri</strong></span> <span class='ocrx_word' id='word_1_97' title='bbox 1087 3167 1329 3223; x_wconf 80' lang='lat' dir='ltr'><strong>felicitas.</strong></span> <span class='ocrx_word' id='word_1_98' title='bbox 1361 3166 1682 3224; x_wconf 86' lang='lat' dir='ltr'><strong>Benedictus</strong></span> <span class='ocrx_word' id='word_1_99' title='bbox 1725 3167 1900 3233; x_wconf 84' lang='lat' dir='ltr'><strong>Deus,</strong></span> <span class='ocrx_word' id='word_1_100' title='bbox 1931 3166 2022 3236; x_wconf 85' lang='lat' dir='ltr'><strong>qui</strong></span> 
     </span>
    </p>
   </div>
   <div class='ocr_carea' id='block_1_17' title="bbox 433 3256 2021 3329">
    <p class='ocr_par' dir='ltr' id='par_1_17' title="bbox 433 3256 2021 3329">
     <span class='ocr_line' id='line_1_17' title="bbox 433 3256 2021 3329; baseline -0.001 -16"><span class='ocrx_word' id='word_1_101' title='bbox 433 3259 678 3327; x_wconf 85' lang='lat' dir='ltr'><strong>permisit</strong></span> <span class='ocrx_word' id='word_1_102' title='bbox 718 3258 941 3329; x_wconf 88' lang='lat' dir='ltr'><strong>egredi:</strong></span> <span class='ocrx_word' id='word_1_103' title='bbox 974 3258 1288 3315; x_wconf 84' lang='lat' dir='ltr'><strong>benedictus</strong></span> <span class='ocrx_word' id='word_1_104' title='bbox 1313 3258 1541 3326; x_wconf 85' lang='lat' dir='ltr'><strong>iterum,</strong></span> <span class='ocrx_word' id='word_1_105' title='bbox 1569 3258 1659 3329; x_wconf 92' lang='lat' dir='ltr'><strong>qui</strong></span> <span class='ocrx_word' id='word_1_106' title='bbox 1687 3258 1754 3313; x_wconf 93' lang='lat' dir='ltr'><strong>ad</strong></span> <span class='ocrx_word' id='word_1_107' title='bbox 1792 3256 2021 3314; x_wconf 83' lang='lat' dir='ltr'><strong>reditum</strong></span> 
     </span>
    </p>
   </div>
   <div class='ocr_carea' id='block_1_18' title="bbox 431 3347 2024 3419">
    <p class='ocr_par' dir='ltr' id='par_1_18' title="bbox 431 3347 2024 3419">
     <span class='ocr_line' id='line_1_18' title="bbox 431 3347 2024 3419; baseline 0 -17"><span class='ocrx_word' id='word_1_108' title='bbox 431 3355 707 3415; x_wconf 84' lang='lat' dir='ltr'><strong>evocavit;</strong></span> <span class='ocrx_word' id='word_1_109' title='bbox 757 3348 1068 3405; x_wconf 88' lang='lat' dir='ltr'><strong>benedictus</strong></span> <span class='ocrx_word' id='word_1_110' title='bbox 1100 3350 1273 3415; x_wconf 89' lang='lat' dir='ltr'><strong>Deus,</strong></span> <span class='ocrx_word' id='word_1_111' title='bbox 1303 3349 1394 3419; x_wconf 89' lang='lat' dir='ltr'><strong>qui</strong></span> <span class='ocrx_word' id='word_1_112' title='bbox 1423 3357 1794 3418; x_wconf 88' lang='lat' dir='ltr'><strong>tempestatem</strong></span> <span class='ocrx_word' id='word_1_113' title='bbox 1822 3347 2024 3419; x_wconf 91' lang='lat' dir='ltr'><strong>permi-</strong></span> 
     </span>
    </p>
   </div>
   <div class='ocr_carea' id='block_1_19' title="bbox 434 3439 2028 3511">
    <p class='ocr_par' dir='ltr' id='par_1_19' title="bbox 434 3439 2028 3511">
     <span class='ocr_line' id='line_1_19' title="bbox 434 3439 2028 3511; baseline -0.002 -17"><span class='ocrx_word' id='word_1_114' title='bbox 434 3441 543 3506; x_wconf 89' lang='lat' dir='ltr'><strong>sit;</strong></span> <span class='ocrx_word' id='word_1_115' title='bbox 572 3439 884 3497; x_wconf 85' lang='lat' dir='ltr'><strong>benedictus</strong></span> <span class='ocrx_word' id='word_1_116' title='bbox 907 3440 1071 3509; x_wconf 83' lang='lat' dir='ltr'><strong>Deus,</strong></span> <span class='ocrx_word' id='word_1_117' title='bbox 1096 3440 1191 3511; x_wconf 93' lang='lat' dir='ltr'><strong>qui</strong></span> <span class='ocrx_word' id='word_1_118' title='bbox 1212 3449 1582 3510; x_wconf 88' lang='lat' dir='ltr'><strong>tempestatem</strong></span> <span class='ocrx_word' id='word_1_119' title='bbox 1599 3439 1780 3505; x_wconf 83' lang='lat' dir='ltr'><strong>solvit,</strong></span> <span class='ocrx_word' id='word_1_120' title='bbox 1807 3447 1860 3494; x_wconf 89' lang='lat' dir='ltr'><strong>et</strong></span> <span class='ocrx_word' id='word_1_121' title='bbox 1881 3447 2028 3492; x_wconf 86' lang='lat' dir='ltr'><strong>tran-</strong></span> 
     </span>
    </p>
   </div>
   <div class='ocr_carea' id='block_1_20' title="bbox 435 3530 2027 3604">
    <p class='ocr_par' dir='ltr' id='par_1_20' title="bbox 435 3530 2027 3604">
     <span class='ocr_line' id='line_1_20' title="bbox 435 3530 2027 3604; baseline -0.003 -15"><span class='ocrx_word' id='word_1_122' title='bbox 435 3535 756 3604; x_wconf 90' lang='lat' dir='ltr'><strong>quillitatem</strong></span> <span class='ocrx_word' id='word_1_123' title='bbox 786 3535 1010 3604; x_wconf 89' lang='lat' dir='ltr'><strong>paravit.</strong></span> <span class='ocrx_word' id='word_1_124' title='bbox 1053 3533 1180 3588; x_wconf 65' lang='lat' dir='ltr'><strong>Haec</strong></span> <span class='ocrx_word' id='word_1_125' title='bbox 1203 3533 1346 3600; x_wconf 90' lang='lat' dir='ltr'><strong>dico,</strong></span> <span class='ocrx_word' id='word_1_126' title='bbox 1383 3541 1444 3587; x_wconf 90' lang='lat' dir='ltr'><strong>ut</strong></span> <span class='ocrx_word' id='word_1_127' title='bbox 1470 3547 1566 3587; x_wconf 86' lang='lat' dir='ltr'><strong>vos</strong></span> <span class='ocrx_word' id='word_1_128' title='bbox 1595 3531 1662 3588; x_wconf 89' lang='lat' dir='ltr'><strong>ad</strong></span> <span class='ocrx_word' id='word_1_129' title='bbox 1703 3530 2027 3588; x_wconf 89' lang='lat' dir='ltr'><strong>benedicen-</strong></span> 
     </span>
    </p>
   </div>
   <div class='ocr_carea' id='block_1_21' title="bbox 436 3624 2023 3696">
    <p class='ocr_par' dir='ltr' id='par_1_21' title="bbox 436 3624 2023 3696">
     <span class='ocr_line' id='line_1_21' title="bbox 436 3624 2023 3696; baseline -0.002 -14"><span class='ocrx_word' id='word_1_130' title='bbox 436 3628 564 3682; x_wconf 89' lang='lat' dir='ltr'><strong>dum</strong></span> <span class='ocrx_word' id='word_1_131' title='bbox 604 3627 712 3682; x_wconf 87' lang='lat' dir='ltr'><strong>Deo</strong></span> <span class='ocrx_word' id='word_1_132' title='bbox 739 3627 1030 3683; x_wconf 85' lang='lat' dir='ltr'><strong>instituam.</strong></span> <span class='ocrx_word' id='word_1_133' title='bbox 1061 3627 1205 3681; x_wconf 89' lang='lat' dir='ltr'><strong>Bona</strong></span> <span class='ocrx_word' id='word_1_134' title='bbox 1230 3626 1605 3696; x_wconf 83' lang='lat' dir='ltr'><strong>contigerunt?</strong></span> <span class='ocrx_word' id='word_1_135' title='bbox 1635 3624 1865 3680; x_wconf 86' lang='lat' dir='ltr'><strong>Benedic</strong></span> <span class='ocrx_word' id='word_1_136' title='bbox 1893 3624 2023 3690; x_wconf 89' lang='lat' dir='ltr'><strong>Deo,</strong></span> 
     </span>
    </p>
   </div>
   <div class='ocr_carea' id='block_1_22' title="bbox 435 3717 2028 3778">
    <p class='ocr_par' dir='ltr' id='par_1_22' title="bbox 435 3717 2028 3778">
     <span class='ocr_line' id='line_1_22' title="bbox 435 3717 2028 3778; baseline -0.001 -3"><span class='ocrx_word' id='word_1_137' title='bbox 435 3730 490 3775; x_wconf 90' lang='lat' dir='ltr'><strong>et</strong></span> <span class='ocrx_word' id='word_1_138' title='bbox 515 3721 654 3775; x_wconf 91' lang='lat' dir='ltr'><strong>bona</strong></span> <span class='ocrx_word' id='word_1_139' title='bbox 690 3730 926 3776; x_wconf 89' lang='lat' dir='ltr'><strong>manent.</strong></span> <span class='ocrx_word' id='word_1_140' title='bbox 963 3720 1096 3774; x_wconf 84' lang='lat' dir='ltr'><strong>Mala</strong></span> <span class='ocrx_word' id='word_1_141' title='bbox 1125 3719 1473 3775; x_wconf 86' lang='lat' dir='ltr'><strong>acciderunt?</strong></span> <span class='ocrx_word' id='word_1_142' title='bbox 1517 3717 1748 3774; x_wconf 88' lang='lat' dir='ltr'><strong>Benedic</strong></span> <span class='ocrx_word' id='word_1_143' title='bbox 1796 3717 1928 3778; x_wconf 89' lang='lat' dir='ltr'><strong>Deo.</strong></span> <span class='ocrx_word' id='word_1_144' title='bbox 1973 3726 2028 3773; x_wconf 91' lang='lat' dir='ltr'><strong>et</strong></span> 
     </span>
    </p>
   </div>
   <div class='ocr_carea' id='block_1_23' title="bbox 437 3809 2023 3881">
    <p class='ocr_par' dir='ltr' id='par_1_23' title="bbox 437 3809 2023 3881">
     <span class='ocr_line' id='line_1_23' title="bbox 437 3809 2023 3881; baseline -0.002 -15"><span class='ocrx_word' id='word_1_145' title='bbox 437 3812 578 3866; x_wconf 86' lang='lat' dir='ltr'><strong>mala</strong></span> <span class='ocrx_word' id='word_1_146' title='bbox 626 3811 923 3868; x_wconf 89' lang='lat' dir='ltr'><strong>solvuntur.</strong></span> <span class='ocrx_word' id='word_1_147' title='bbox 964 3811 1236 3881; x_wconf 83' lang='lat' dir='ltr'><strong>Siquidem</strong></span> <span class='ocrx_word' id='word_1_148' title='bbox 1265 3819 1320 3866; x_wconf 90' lang='lat' dir='ltr'><strong>et</strong></span> <span class='ocrx_word' id='word_1_149' title='bbox 1346 3809 1446 3864; x_wconf 83' lang='lat' dir='ltr'><strong>Job</strong></span> <span class='ocrx_word' id='word_1_150' title='bbox 1488 3809 1639 3864; x_wconf 87' lang='lat' dir='ltr'><strong>dives</strong></span> <span class='ocrx_word' id='word_1_151' title='bbox 1682 3823 1805 3863; x_wconf 92' lang='lat' dir='ltr'><strong>cum</strong></span> <span class='ocrx_word' id='word_1_152' title='bbox 1843 3818 2023 3873; x_wconf 87' lang='lat' dir='ltr'><strong>esset,</strong></span> 
     </span>
    </p>
   </div>
   <div class='ocr_carea' id='block_1_24' title="bbox 436 3899 2029 3974">
    <p class='ocr_par' dir='ltr' id='par_1_24' title="bbox 436 3899 2029 3974">
     <span class='ocr_line' id='line_1_24' title="bbox 436 3899 2029 3974; baseline -0.003 -17"><span class='ocrx_word' id='word_1_153' title='bbox 436 3904 632 3973; x_wconf 87' lang='lat' dir='ltr'><strong>gratias</strong></span> <span class='ocrx_word' id='word_1_154' title='bbox 651 3903 860 3974; x_wconf 86' lang='lat' dir='ltr'><strong>agebat,</strong></span> <span class='ocrx_word' id='word_1_155' title='bbox 885 3918 1084 3972; x_wconf 87' lang='lat' dir='ltr'><strong>pauper</strong></span> <span class='ocrx_word' id='word_1_156' title='bbox 1106 3903 1264 3957; x_wconf 86' lang='lat' dir='ltr'><strong>etiam</strong></span> <span class='ocrx_word' id='word_1_157' title='bbox 1285 3901 1507 3957; x_wconf 71' lang='lat' dir='ltr'><strong>effectus</strong></span> <span class='ocrx_word' id='word_1_158' title='bbox 1532 3901 1643 3956; x_wconf 91' lang='lat' dir='ltr'><strong>Deo</strong></span> <span class='ocrx_word' id='word_1_159' title='bbox 1665 3900 1886 3970; x_wconf 85' lang='lat' dir='ltr'><strong>gloriam</strong></span> <span class='ocrx_word' id='word_1_160' title='bbox 1905 3899 2029 3956; x_wconf 89' lang='lat' dir='ltr'><strong>red-</strong></span> 
     </span>
    </p>
   </div>
   <div class='ocr_carea' id='block_1_25' title="bbox 366 3982 2022 4066">
    <p class='ocr_par' dir='ltr' id='par_1_25' title="bbox 366 3982 2022 4066">
     <span class='ocr_line' id='line_1_25' title="bbox 366 3982 2022 4066; baseline -0.001 -16"><span class='ocrx_word' id='word_1_161' title='bbox 366 3982 373 3992; x_wconf 62' lang='grc'><em>’</em></span> <span class='ocrx_word' id='word_1_162' title='bbox 438 3995 616 4050; x_wconf 87' lang='lat' dir='ltr'><strong>debat.</strong></span> <span class='ocrx_word' id='word_1_163' title='bbox 647 3994 831 4066; x_wconf 88' lang='lat' dir='ltr'><strong>Neque</strong></span> <span class='ocrx_word' id='word_1_164' title='bbox 861 4005 986 4051; x_wconf 86' lang='lat' dir='ltr'><strong>tunc</strong></span> <span class='ocrx_word' id='word_1_165' title='bbox 1015 3995 1208 4065; x_wconf 89' lang='lat' dir='ltr'><strong>rapuit,</strong></span> <span class='ocrx_word' id='word_1_166' title='bbox 1249 4009 1424 4065; x_wconf 89' lang='lat' dir='ltr'><strong>neque</strong></span> <span class='ocrx_word' id='word_1_167' title='bbox 1459 4003 1588 4049; x_wconf 91' lang='lat' dir='ltr'><strong>tunc</strong></span> <span class='ocrx_word' id='word_1_168' title='bbox 1617 3992 2022 4064; x_wconf 84' lang='lat' dir='ltr'><strong>blasphemavit.</strong></span> 
     </span>
    </p>
   </div>
   <div class='ocr_carea' id='block_1_26' title="bbox 442 4085 2029 4158">
    <p class='ocr_par' dir='ltr' id='par_1_26' title="bbox 442 4085 2029 4158">
     <span class='ocr_line' id='line_1_26' title="bbox 442 4085 2029 4158; baseline 0 -17"><span class='ocrx_word' id='word_1_169' title='bbox 442 4086 596 4142; x_wconf 88' lang='lat' dir='ltr'><strong>Varia</strong></span> <span class='ocrx_word' id='word_1_170' title='bbox 645 4097 920 4158; x_wconf 86' lang='lat' dir='ltr'><strong>tempora,</strong></span> <span class='ocrx_word' id='word_1_171' title='bbox 964 4096 1018 4143; x_wconf 89' lang='lat' dir='ltr'><strong>et</strong></span> <span class='ocrx_word' id='word_1_172' title='bbox 1057 4103 1161 4143; x_wconf 91' lang='lat' dir='ltr'><strong>una</strong></span> <span class='ocrx_word' id='word_1_173' title='bbox 1205 4102 1355 4144; x_wconf 88' lang='lat' dir='ltr'><strong>mens</strong></span> <span class='ocrx_word' id='word_1_174' title='bbox 1394 4085 1495 4142; x_wconf 83' lang='lat' dir='ltr'><strong>fuit</strong></span> <span class='ocrx_word' id='word_1_175' title='bbox 1525 4105 1539 4141; x_wconf 88' lang='lat'><strong>:</strong></span> <span class='ocrx_word' id='word_1_176' title='bbox 1569 4101 1634 4143; x_wconf 89' lang='lat' dir='ltr'><strong>ac</strong></span> <span class='ocrx_word' id='word_1_177' title='bbox 1656 4085 2029 4157; x_wconf 82' lang='lat' dir='ltr'><strong>gubernatoris</strong></span> 
     </span>
    </p>
   </div>
   <div class='ocr_carea' id='block_1_27' title="bbox 441 4176 2030 4250">
    <p class='ocr_par' dir='ltr' id='par_1_27' title="bbox 441 4176 2030 4250">
     <span class='ocr_line' id='line_1_27' title="bbox 441 4176 2030 4250; baseline -0.001 -18"><span class='ocrx_word' id='word_1_178' title='bbox 441 4181 691 4234; x_wconf 80' lang='lat' dir='ltr'><strong>virtutem</strong></span> <span class='ocrx_word' id='word_1_179' title='bbox 717 4195 817 4234; x_wconf 91' lang='lat' dir='ltr'><strong>nec</strong></span> <span class='ocrx_word' id='word_1_180' title='bbox 839 4179 1193 4250; x_wconf 83' lang='lat' dir='ltr'><strong>tranquillitas</strong></span> <span class='ocrx_word' id='word_1_181' title='bbox 1221 4179 1464 4246; x_wconf 88' lang='lat' dir='ltr'><strong>resolvit,</strong></span> <span class='ocrx_word' id='word_1_182' title='bbox 1494 4192 1595 4234; x_wconf 91' lang='lat' dir='ltr'><strong>nec</strong></span> <span class='ocrx_word' id='word_1_183' title='bbox 1621 4187 1907 4248; x_wconf 85' lang='lat' dir='ltr'><strong>tempestas</strong></span> <span class='ocrx_word' id='word_1_184' title='bbox 1935 4176 2030 4231; x_wconf 84' lang='lat' dir='ltr'><strong>de-</strong></span> 
     </span>
    </p>
   </div>
   <div class='ocr_carea' id='block_1_28' title="bbox 444 4269 2029 4340">
    <p class='ocr_par' dir='ltr' id='par_1_28' title="bbox 444 4269 2029 4340">
     <span class='ocr_line' id='line_1_28' title="bbox 444 4269 2029 4340; baseline -0.002 -15"><span class='ocrx_word' id='word_1_185' title='bbox 444 4270 656 4339; x_wconf 84' lang='lat' dir='ltr'><strong>mergit.</strong></span> <span class='ocrx_word' id='word_1_186' title='bbox 687 4269 1007 4326; x_wconf 88' lang='lat' dir='ltr'><strong>Benedictus</strong></span> <span class='ocrx_word' id='word_1_187' title='bbox 1051 4269 1193 4325; x_wconf 91' lang='lat' dir='ltr'><strong>Deus</strong></span> <span class='ocrx_word' id='word_1_188' title='bbox 1233 4281 1289 4325; x_wconf 89' lang='lat' dir='ltr'><strong>et</strong></span> <span class='ocrx_word' id='word_1_189' title='bbox 1327 4286 1449 4324; x_wconf 89' lang='lat' dir='ltr'><strong>cum</strong></span> <span class='ocrx_word' id='word_1_190' title='bbox 1491 4285 1521 4324; x_wconf 89' lang='lat' dir='ltr'><strong>a</strong></span> <span class='ocrx_word' id='word_1_191' title='bbox 1555 4269 1708 4325; x_wconf 89' lang='lat' dir='ltr'><strong>vobis</strong></span> <span class='ocrx_word' id='word_1_192' title='bbox 1751 4279 2029 4340; x_wconf 88' lang='lat' dir='ltr'><strong>separatus</strong></span> 
     </span>
    </p>
   </div>
   <div class='ocr_carea' id='block_1_29' title="bbox 440 4362 2032 4434">
    <p class='ocr_par' dir='ltr' id='par_1_29' title="bbox 440 4362 2032 4434">
     <span class='ocr_line' id='line_1_29' title="bbox 440 4362 2032 4434; baseline 0 -19"><span class='ocrx_word' id='word_1_193' title='bbox 440 4376 582 4428; x_wconf 88' lang='lat' dir='ltr'><strong>sum,</strong></span> <span class='ocrx_word' id='word_1_194' title='bbox 616 4370 669 4416; x_wconf 91' lang='lat' dir='ltr'><strong>et</strong></span> <span class='ocrx_word' id='word_1_195' title='bbox 695 4377 817 4418; x_wconf 93' lang='lat' dir='ltr'><strong>cum</strong></span> <span class='ocrx_word' id='word_1_196' title='bbox 842 4377 938 4416; x_wconf 87' lang='lat' dir='ltr'><strong>vos</strong></span> <span class='ocrx_word' id='word_1_197' title='bbox 967 4363 1298 4433; x_wconf 89' lang='lat' dir='ltr'><strong>recuperavi.</strong></span> <span class='ocrx_word' id='word_1_198' title='bbox 1325 4362 1563 4434; x_wconf 88' lang='lat' dir='ltr'><strong>Utraque</strong></span> <span class='ocrx_word' id='word_1_199' title='bbox 1583 4362 1823 4432; x_wconf 86' lang='lat' dir='ltr'><strong>ejusdem</strong></span> <span class='ocrx_word' id='word_1_200' title='bbox 1851 4362 2032 4433; x_wconf 84' lang='lat' dir='ltr'><strong>provi-</strong></span> 
     </span>
    </p>
   </div>
   <div class='ocr_carea' id='block_1_30' title="bbox 441 4453 2028 4525">
    <p class='ocr_par' dir='ltr' id='par_1_30' title="bbox 441 4453 2028 4525">
     <span class='ocr_line' id='line_1_30' title="bbox 441 4453 2028 4525; baseline 0.001 -19"><span class='ocrx_word' id='word_1_201' title='bbox 441 4453 636 4508; x_wconf 65' lang='lat' dir='ltr'><strong>dentia:</strong></span> <span class='ocrx_word' id='word_1_202' title='bbox 665 4455 896 4508; x_wconf 79' lang='lat' dir='ltr'><strong>fuerunt.</strong></span> <span class='ocrx_word' id='word_1_203' title='bbox 924 4454 969 4510; x_wconf 85' lang='lat' dir='ltr'><strong>A</strong></span> <span class='ocrx_word' id='word_1_204' title='bbox 1007 4453 1160 4510; x_wconf 88' lang='lat' dir='ltr'><strong>vobis</strong></span> <span class='ocrx_word' id='word_1_205' title='bbox 1197 4463 1474 4524; x_wconf 85' lang='lat' dir='ltr'><strong>separatus</strong></span> <span class='ocrx_word' id='word_1_206' title='bbox 1503 4468 1620 4510; x_wconf 90' lang='lat' dir='ltr'><strong>sum</strong></span> <span class='ocrx_word' id='word_1_207' title='bbox 1655 4470 1901 4525; x_wconf 90' lang='lat' dir='ltr'><strong>corpore,</strong></span> <span class='ocrx_word' id='word_1_208' title='bbox 1933 4453 2028 4511; x_wconf 88' lang='lat' dir='ltr'><strong>sed</strong></span> 
     </span>
    </p>
   </div>
   <div class='ocr_carea' id='block_1_31' title="bbox 441 4546 2029 4618">
    <p class='ocr_par' dir='ltr' id='par_1_31' title="bbox 441 4546 2029 4618">
     <span class='ocr_line' id='line_1_31' title="bbox 441 4546 2029 4618; baseline 0 -16"><span class='ocrx_word' id='word_1_209' title='bbox 441 4562 776 4618; x_wconf 86' lang='lat' dir='ltr'><strong>nequaquam</strong></span> <span class='ocrx_word' id='word_1_210' title='bbox 800 4557 998 4602; x_wconf 86' lang='lat' dir='ltr'><strong>mente.</strong></span> <span class='ocrx_word' id='word_1_211' title='bbox 1029 4546 1218 4602; x_wconf 84' lang='lat' dir='ltr'><strong>Videte</strong></span> <span class='ocrx_word' id='word_1_212' title='bbox 1236 4557 1433 4617; x_wconf 88' lang='lat' dir='ltr'><strong>quanta</strong></span> <span class='ocrx_word' id='word_1_213' title='bbox 1457 4547 2029 4603; x_wconf 78' lang='lat' dir='ltr'><strong>fecerintinimicorum</strong></span> 
     </span>
    </p>
   </div>
   <div class='ocr_carea' id='block_1_32' title="bbox 443 4637 2033 4706">
    <p class='ocr_par' dir='ltr' id='par_1_32' title="bbox 443 4637 2033 4706">
     <span class='ocr_line' id='line_1_32' title="bbox 443 4637 2033 4706; baseline -0.001 -13"><span class='ocrx_word' id='word_1_214' title='bbox 443 4639 670 4695; x_wconf 77' lang='lat' dir='ltr'><strong>insidiae.</strong></span> <span class='ocrx_word' id='word_1_215' title='bbox 702 4639 944 4695; x_wconf 86' lang='lat' dir='ltr'><strong>Studium</strong></span> <span class='ocrx_word' id='word_1_216' title='bbox 986 4639 1366 4706; x_wconf 86' lang='lat' dir='ltr'><strong>intenderunt,</strong></span> <span class='ocrx_word' id='word_1_217' title='bbox 1410 4639 1734 4696; x_wconf 89' lang='lat' dir='ltr'><strong>desiderium</strong></span> <span class='ocrx_word' id='word_1_218' title='bbox 1781 4637 2033 4694; x_wconf 88' lang='lat' dir='ltr'><strong>incende-</strong></span> 
     </span>
    </p>
   </div>
   <div class='ocr_carea' id='block_1_33' title="bbox 441 4731 2032 4802">
    <p class='ocr_par' dir='ltr' id='par_1_33' title="bbox 441 4731 2032 4802">
     <span class='ocr_line' id='line_1_33' title="bbox 441 4731 2032 4802; baseline -0.002 -18"><span class='ocrx_word' id='word_1_219' title='bbox 441 4739 585 4796; x_wconf 87' lang='lat' dir='ltr'><strong>runt,</strong></span> <span class='ocrx_word' id='word_1_220' title='bbox 615 4739 670 4785; x_wconf 90' lang='lat' dir='ltr'><strong>et</strong></span> <span class='ocrx_word' id='word_1_221' title='bbox 693 4742 975 4787; x_wconf 82' lang='lat' dir='ltr'><strong>sexcentos</strong></span> <span class='ocrx_word' id='word_1_222' title='bbox 1000 4731 1131 4787; x_wconf 90' lang='lat' dir='ltr'><strong>mihi</strong></span> <span class='ocrx_word' id='word_1_223' title='bbox 1159 4741 1514 4802; x_wconf 88' lang='lat' dir='ltr'><strong>procurarunt</strong></span> <span class='ocrx_word' id='word_1_224' title='bbox 1537 4739 1807 4786; x_wconf 88' lang='lat' dir='ltr'><strong>amatores</strong></span> <span class='ocrx_word' id='word_1_225' title='bbox 1835 4747 1849 4784; x_wconf 90' lang='lat'><strong>:</strong></span> <span class='ocrx_word' id='word_1_226' title='bbox 1879 4737 2032 4783; x_wconf 85' lang='lat' dir='ltr'><strong>ante-</strong></span> 
     </span>
    </p>
   </div>
   <div class='ocr_carea' id='block_1_34' title="bbox 442 4821 2028 4891">
    <p class='ocr_par' dir='ltr' id='par_1_34' title="bbox 442 4821 2028 4891">
     <span class='ocr_line' id='line_1_34' title="bbox 442 4821 2028 4891; baseline 0.003 -16"><span class='ocrx_word' id='word_1_227' title='bbox 442 4821 546 4876; x_wconf 87' lang='lat' dir='ltr'><strong>hac</strong></span> <span class='ocrx_word' id='word_1_228' title='bbox 569 4836 657 4877; x_wconf 89' lang='lat' dir='ltr'><strong>me</strong></span> <span class='ocrx_word' id='word_1_229' title='bbox 685 4823 792 4876; x_wconf 88' lang='lat' dir='ltr'><strong>mei</strong></span> <span class='ocrx_word' id='word_1_230' title='bbox 831 4825 1114 4891; x_wconf 91' lang='lat' dir='ltr'><strong>amabant,</strong></span> <span class='ocrx_word' id='word_1_231' title='bbox 1159 4839 1302 4880; x_wconf 91' lang='lat' dir='ltr'><strong>nunc</strong></span> <span class='ocrx_word' id='word_1_232' title='bbox 1337 4822 1500 4878; x_wconf 89' lang='lat' dir='ltr'><strong>etiam</strong></span> <span class='ocrx_word' id='word_1_233' title='bbox 1542 4822 1713 4878; x_wconf 72' lang='grc' dir='ltr'>,ιιιᾱωὶ</span> <span class='ocrx_word' id='word_1_234' title='bbox 1742 4821 2028 4880; x_wconf 87' lang='lat' dir='ltr'><strong>honorant.</strong></span> 
     </span>
    </p>
   </div>
   <div class='ocr_carea' id='block_1_35' title="bbox 441 4912 2035 4985">
    <p class='ocr_par' dir='ltr' id='par_1_35' title="bbox 441 4912 2035 4985">
     <span class='ocr_line' id='line_1_35' title="bbox 441 4912 2035 4985; baseline 0.004 -17"><span class='ocrx_word' id='word_1_235' title='bbox 441 4912 740 4983; x_wconf 83' lang='lat' dir='ltr'><strong>Sperabam</strong></span> <span class='ocrx_word' id='word_1_236' title='bbox 764 4929 823 4969; x_wconf 91' lang='lat' dir='ltr'><strong>se</strong></span> <span class='ocrx_word' id='word_1_237' title='bbox 847 4930 876 4967; x_wconf 88' lang='lat' dir='ltr'><strong>a</strong></span> <span class='ocrx_word' id='word_1_238' title='bbox 907 4915 1043 4971; x_wconf 88' lang='lat' dir='ltr'><strong>meis</strong></span> <span class='ocrx_word' id='word_1_239' title='bbox 1068 4931 1155 4971; x_wconf 87' lang='lat' dir='ltr'><strong>me</strong></span> <span class='ocrx_word' id='word_1_240' title='bbox 1189 4923 1529 4985; x_wconf 86' lang='lat' dir='ltr'><strong>separaturos</strong></span> <span class='ocrx_word' id='word_1_241' title='bbox 1549 4931 1669 4971; x_wconf 87' lang='lat' dir='ltr'><strong>esse</strong></span> <span class='ocrx_word' id='word_1_242' title='bbox 1689 4957 1706 4982; x_wconf 94' lang='lat'><strong>,</strong></span> <span class='ocrx_word' id='word_1_243' title='bbox 1749 4925 1804 4970; x_wconf 90' lang='lat' dir='ltr'><strong>et</strong></span> <span class='ocrx_word' id='word_1_244' title='bbox 1827 4917 2035 4976; x_wconf 88' lang='lat' dir='ltr'><strong>alienos</strong></span> 
     </span>
    </p>
   </div>
   <div class='ocr_carea' id='block_1_36' title="bbox 444 5003 2034 5078">
    <p class='ocr_par' dir='ltr' id='par_1_36' title="bbox 444 5003 2034 5078">
     <span class='ocr_line' id='line_1_36' title="bbox 444 5003 2034 5078; baseline 0.003 -17"><span class='ocrx_word' id='word_1_245' title='bbox 444 5004 805 5061; x_wconf 88' lang='lat' dir='ltr'><strong>adsciverunt.</strong></span> <span class='ocrx_word' id='word_1_246' title='bbox 839 5003 1037 5061; x_wconf 83' lang='lat' dir='ltr'><strong>Verum</strong></span> <span class='ocrx_word' id='word_1_247' title='bbox 1063 5021 1170 5060; x_wconf 88' lang='lat' dir='ltr'><strong>non</strong></span> <span class='ocrx_word' id='word_1_248' title='bbox 1201 5005 1326 5073; x_wconf 91' lang='lat' dir='ltr'><strong>illis,</strong></span> <span class='ocrx_word' id='word_1_249' title='bbox 1354 5005 1448 5061; x_wconf 90' lang='lat' dir='ltr'><strong>sed</strong></span> <span class='ocrx_word' id='word_1_250' title='bbox 1483 5004 1576 5062; x_wconf 87' lang='lat' dir='ltr'><strong>Dei</strong></span> <span class='ocrx_word' id='word_1_251' title='bbox 1623 5007 1822 5063; x_wconf 90' lang='lat' dir='ltr'><strong>nomini</strong></span> <span class='ocrx_word' id='word_1_252' title='bbox 1849 5008 2034 5078; x_wconf 72' lang='lat' dir='ltr'><strong>gratia:</strong></span> 
     </span>
    </p>
   </div>
   <div class='ocr_carea' id='block_1_37' title="bbox 445 5096 2032 5168">
    <p class='ocr_par' dir='ltr' id='par_1_37' title="bbox 445 5096 2032 5168">
     <span class='ocr_line' id='line_1_37' title="bbox 445 5096 2032 5168; baseline 0.001 -12"><span class='ocrx_word' id='word_1_253' title='bbox 445 5096 762 5164; x_wconf 70' lang='lat' dir='ltr'><strong>rei‘erendm,</strong></span> <span class='ocrx_word' id='word_1_254' title='bbox 794 5099 882 5167; x_wconf 90' lang='lat' dir='ltr'><strong>qni</strong></span> <span class='ocrx_word' id='word_1_255' title='bbox 911 5098 1122 5152; x_wconf 85' lang='lat' dir='ltr'><strong>illorum</strong></span> <span class='ocrx_word' id='word_1_256' title='bbox 1151 5099 1385 5168; x_wconf 85' lang='lat' dir='ltr'><strong>nequitia</strong></span> <span class='ocrx_word' id='word_1_257' title='bbox 1413 5098 1481 5153; x_wconf 89' lang='lat' dir='ltr'><strong>ad</strong></span> <span class='ocrx_word' id='word_1_258' title='bbox 1503 5097 1762 5155; x_wconf 90' lang='lat' dir='ltr'><strong>honorem</strong></span> <span class='ocrx_word' id='word_1_259' title='bbox 1791 5110 2032 5156; x_wconf 89' lang='lat' dir='ltr'><strong>nostrum</strong></span> 
     </span>
    </p>
   </div>
   <div class='ocr_carea' id='block_1_38' title="bbox 443 5190 2034 5250">
    <p class='ocr_par' dir='ltr' id='par_1_38' title="bbox 443 5190 2034 5250">
     <span class='ocr_line' id='line_1_38' title="bbox 443 5190 2034 5250; baseline -0.001 -1"><span class='ocrx_word' id='word_1_260' title='bbox 443 5207 576 5250; x_wconf 84' lang='lat' dir='ltr'><strong>usus</strong></span> <span class='ocrx_word' id='word_1_261' title='bbox 603 5201 686 5247; x_wconf 87' lang='lat' dir='ltr'><strong>est</strong></span> <span class='ocrx_word' id='word_1_262' title='bbox 709 5211 722 5247; x_wconf 94' lang='lat'>:</span> <span class='ocrx_word' id='word_1_263' title='bbox 749 5207 870 5246; x_wconf 89' lang='lat' dir='ltr'><strong>nam</strong></span> <span class='ocrx_word' id='word_1_264' title='bbox 897 5201 950 5245; x_wconf 91' lang='lat' dir='ltr'><strong>ct</strong></span> <span class='ocrx_word' id='word_1_265' title='bbox 977 5190 1146 5247; x_wconf 73' lang='lat' dir='ltr'><strong>Judtei</strong></span> <span class='ocrx_word' id='word_1_266' title='bbox 1175 5191 1456 5247; x_wconf 90' lang='lat' dir='ltr'><strong>Dominum</strong></span> <span class='ocrx_word' id='word_1_267' title='bbox 1484 5200 1721 5247; x_wconf 90' lang='lat' dir='ltr'><strong>nostrum</strong></span> <span class='ocrx_word' id='word_1_268' title='bbox 1749 5193 2034 5248; x_wconf 80' lang='lat' dir='ltr'><strong>crucilixe-</strong></span> 
     </span>
    </p>
   </div>
   <div class='ocr_carea' id='block_1_39' title="bbox 443 5283 2034 5356">
    <p class='ocr_par' dir='ltr' id='par_1_39' title="bbox 443 5283 2034 5356">
     <span class='ocr_line' id='line_1_39' title="bbox 443 5283 2034 5356; baseline 0.001 -15"><span class='ocrx_word' id='word_1_269' title='bbox 443 5293 589 5354; x_wconf 89' lang='lat' dir='ltr'><strong>runt,</strong></span> <span class='ocrx_word' id='word_1_270' title='bbox 619 5294 674 5340; x_wconf 89' lang='lat' dir='ltr'><strong>et</strong></span> <span class='ocrx_word' id='word_1_271' title='bbox 703 5295 945 5340; x_wconf 87' lang='lat' dir='ltr'><strong>servatus</strong></span> <span class='ocrx_word' id='word_1_272' title='bbox 969 5295 1052 5340; x_wconf 91' lang='lat' dir='ltr'><strong>est</strong></span> <span class='ocrx_word' id='word_1_273' title='bbox 1081 5283 1310 5339; x_wconf 88' lang='lat' dir='ltr'><strong>mundus</strong></span> <span class='ocrx_word' id='word_1_274' title='bbox 1341 5303 1354 5338; x_wconf 89' lang='lat'><strong>:</strong></span> <span class='ocrx_word' id='word_1_275' title='bbox 1386 5300 1561 5354; x_wconf 87' lang='lat' dir='ltr'><strong>neque</strong></span> <span class='ocrx_word' id='word_1_276' title='bbox 1585 5285 1808 5356; x_wconf 83' lang='lat' dir='ltr'><strong>gratiam</strong></span> <span class='ocrx_word' id='word_1_277' title='bbox 1834 5285 2034 5342; x_wconf 68' lang='lat' dir='ltr'><strong>Iudaeis</strong></span> 
     </span>
    </p>
   </div>
   <div class='ocr_carea' id='block_1_40' title="bbox 445 5376 2036 5447">
    <p class='ocr_par' dir='ltr' id='par_1_40' title="bbox 445 5376 2036 5447">
     <span class='ocr_line' id='line_1_40' title="bbox 445 5376 2036 5447; baseline -0.001 -14"><span class='ocrx_word' id='word_1_278' title='bbox 445 5379 640 5446; x_wconf 86' lang='lat' dir='ltr'><strong>habeo,</strong></span> <span class='ocrx_word' id='word_1_279' title='bbox 683 5376 779 5433; x_wconf 88' lang='lat' dir='ltr'><strong>sed</strong></span> <span class='ocrx_word' id='word_1_280' title='bbox 817 5376 1092 5436; x_wconf 75' lang='lat' dir='ltr'><strong>cruciﬁxo.</strong></span> <span class='ocrx_word' id='word_1_281' title='bbox 1141 5376 1366 5432; x_wconf 88' lang='lat' dir='ltr'><strong>Videant</strong></span> <span class='ocrx_word' id='word_1_282' title='bbox 1391 5377 1658 5447; x_wconf 90' lang='lat' dir='ltr'><strong>quomodo</strong></span> <span class='ocrx_word' id='word_1_283' title='bbox 1685 5377 1827 5432; x_wconf 88' lang='lat' dir='ltr'><strong>Deus</strong></span> <span class='ocrx_word' id='word_1_284' title='bbox 1852 5389 2036 5433; x_wconf 87' lang='lat' dir='ltr'><strong>noster</strong></span> 
     </span>
    </p>
   </div>
   <div class='ocr_carea' id='block_1_41' title="bbox 444 5469 2033 5541">
    <p class='ocr_par' dir='ltr' id='par_1_41' title="bbox 444 5469 2033 5541">
     <span class='ocr_line' id='line_1_41' title="bbox 444 5469 2033 5541; baseline -0.002 -15"><span class='ocrx_word' id='word_1_285' title='bbox 444 5472 588 5528; x_wconf 86' lang='lat' dir='ltr'><strong>videt</strong></span> <span class='ocrx_word' id='word_1_286' title='bbox 616 5488 631 5525; x_wconf 89' lang='lat'><strong>:</strong></span> <span class='ocrx_word' id='word_1_287' title='bbox 663 5486 821 5541; x_wconf 88' lang='lat' dir='ltr'><strong>quam</strong></span> <span class='ocrx_word' id='word_1_288' title='bbox 843 5484 1029 5541; x_wconf 82' lang='lat' dir='ltr'><strong>pacem</strong></span> <span class='ocrx_word' id='word_1_289' title='bbox 1059 5485 1246 5525; x_wconf 90' lang='lat' dir='ltr'><strong>eorum</strong></span> <span class='ocrx_word' id='word_1_290' title='bbox 1277 5469 1485 5524; x_wconf 82' lang='lat' dir='ltr'><strong>insidiae</strong></span> <span class='ocrx_word' id='word_1_291' title='bbox 1508 5478 1847 5539; x_wconf 88' lang='lat' dir='ltr'><strong>pepererunt,</strong></span> <span class='ocrx_word' id='word_1_292' title='bbox 1875 5485 2033 5538; x_wconf 91' lang='lat' dir='ltr'><strong>quam</strong></span> 
     </span>
    </p>
   </div>
   <div class='ocr_carea' id='block_1_42' title="bbox 441 5561 2039 5636">
    <p class='ocr_par' dir='ltr' id='par_1_42' title="bbox 441 5561 2039 5636">
     <span class='ocr_line' id='line_1_42' title="bbox 441 5561 2039 5636; baseline -0.004 -15"><span class='ocrx_word' id='word_1_293' title='bbox 441 5565 667 5636; x_wconf 86' lang='lat' dir='ltr'><strong>gloriam</strong></span> <span class='ocrx_word' id='word_1_294' title='bbox 708 5571 1052 5635; x_wconf 87' lang='lat' dir='ltr'><strong>paraverunt.</strong></span> <span class='ocrx_word' id='word_1_295' title='bbox 1092 5564 1335 5619; x_wconf 87' lang='lat' dir='ltr'><strong>Antehac</strong></span> <span class='ocrx_word' id='word_1_296' title='bbox 1363 5561 1590 5618; x_wconf 87' lang='lat' dir='ltr'><strong>ecclesia</strong></span> <span class='ocrx_word' id='word_1_297' title='bbox 1626 5563 1740 5617; x_wconf 92' lang='lat' dir='ltr'><strong>sola</strong></span> <span class='ocrx_word' id='word_1_298' title='bbox 1779 5561 2039 5632; x_wconf 84' lang='lat' dir='ltr'><strong>impleba-</strong></span> 
     </span>
    </p>
   </div>
   <div class='ocr_carea' id='block_1_43' title="bbox 444 5655 2035 5726">
    <p class='ocr_par' dir='ltr' id='par_1_43' title="bbox 444 5655 2035 5726">
     <span class='ocr_line' id='line_1_43' title="bbox 444 5655 2035 5726; baseline -0.001 -14"><span class='ocrx_word' id='word_1_299' title='bbox 444 5669 568 5726; x_wconf 89' lang='lat' dir='ltr'><strong>tur,</strong></span> <span class='ocrx_word' id='word_1_300' title='bbox 617 5673 766 5716; x_wconf 85' lang='lat' dir='ltr'><strong>nunc</strong></span> <span class='ocrx_word' id='word_1_301' title='bbox 816 5658 990 5713; x_wconf 75' lang='lat' dir='ltr'><strong>{orum</strong></span> <span class='ocrx_word' id='word_1_302' title='bbox 1045 5659 1351 5713; x_wconf 86' lang='lat' dir='ltr'><strong>universum</strong></span> <span class='ocrx_word' id='word_1_303' title='bbox 1408 5655 1631 5710; x_wconf 83' lang='lat' dir='ltr'><strong>ecclesia</strong></span> <span class='ocrx_word' id='word_1_304' title='bbox 1685 5655 1880 5710; x_wconf 81' lang='lat' dir='ltr'><strong>factum</strong></span> <span class='ocrx_word' id='word_1_305' title='bbox 1933 5665 2035 5710; x_wconf 88' lang='lat' dir='ltr'><strong>est.</strong></span> 
     </span>
    </p>
   </div>
   <div class='ocr_carea' id='block_1_44' title="bbox 446 5749 2038 5822">
    <p class='ocr_par' dir='ltr' id='par_1_44' title="bbox 446 5749 2038 5822">
     <span class='ocr_line' id='line_1_44' title="bbox 446 5749 2038 5822; baseline -0.006 -12"><span class='ocrx_word' id='word_1_306' title='bbox 446 5751 620 5810; x_wconf 87' lang='lat' dir='ltr'><strong>Unum</strong></span> <span class='ocrx_word' id='word_1_307' title='bbox 661 5762 820 5822; x_wconf 91' lang='lat' dir='ltr'><strong>caput</strong></span> <span class='ocrx_word' id='word_1_308' title='bbox 851 5751 977 5807; x_wconf 90' lang='lat' dir='ltr'><strong>inde</strong></span> <span class='ocrx_word' id='word_1_309' title='bbox 1015 5751 1116 5806; x_wconf 91' lang='lat' dir='ltr'><strong>huc</strong></span> <span class='ocrx_word' id='word_1_310' title='bbox 1154 5766 1327 5820; x_wconf 91' lang='lat' dir='ltr'><strong>usque</strong></span> <span class='ocrx_word' id='word_1_311' title='bbox 1369 5751 1544 5805; x_wconf 92' lang='lat' dir='ltr'><strong>locum</strong></span> <span class='ocrx_word' id='word_1_312' title='bbox 1584 5759 1828 5819; x_wconf 89' lang='lat' dir='ltr'><strong>occupat.</strong></span> <span class='ocrx_word' id='word_1_313' title='bbox 1871 5749 2038 5804; x_wconf 83' lang='lat' dir='ltr'><strong>Nemo</strong></span> 
     </span>
    </p>
   </div>
   <div class='ocr_carea' id='block_1_45' title="bbox 446 5840 2037 5924">
    <p class='ocr_par' dir='ltr' id='par_1_45' title="bbox 446 5840 2037 5924">
     <span class='ocr_line' id='line_1_45' title="bbox 446 5840 2037 5924; baseline -0.006 -22"><span class='ocrx_word' id='word_1_314' title='bbox 446 5846 614 5902; x_wconf 84' lang='lat' dir='ltr'><strong>choro</strong></span> <span class='ocrx_word' id='word_1_315' title='bbox 641 5851 823 5900; x_wconf 86' lang='lat' dir='ltr'><strong>vestro</strong></span> <span class='ocrx_word' id='word_1_316' title='bbox 849 5843 1130 5924; x_wconf 30' lang='lat' dir='ltr'><strong>silentium.</strong></span> <span class='ocrx_word' id='word_1_317' title='bbox 1146 5841 1458 5913; x_wconf 84' lang='lat' dir='ltr'><strong>imperavit,</strong></span> <span class='ocrx_word' id='word_1_318' title='bbox 1485 5849 1538 5896; x_wconf 89' lang='lat' dir='ltr'><strong>et</strong></span> <span class='ocrx_word' id='word_1_319' title='bbox 1565 5847 1743 5896; x_wconf 84' lang='lat' dir='ltr'><strong>tamen</strong></span> <span class='ocrx_word' id='word_1_320' title='bbox 1769 5855 1956 5896; x_wconf 82' lang='lat' dir='ltr'><strong>omnes</strong></span> <span class='ocrx_word' id='word_1_321' title='bbox 1985 5840 2037 5894; x_wconf 89' lang='lat' dir='ltr'><strong>in</strong></span> 
     </span>
    </p>
   </div>
   <div class='ocr_carea' id='block_1_46' title="bbox 2125 2343 3717 2414">
    <p class='ocr_par' dir='ltr' id='par_1_46' title="bbox 2125 2343 3717 2414">
     <span class='ocr_line' id='line_1_46' title="bbox 2125 2343 3717 2414; baseline -0.001 -13"><span class='ocrx_word' id='word_1_322' title='bbox 2125 2343 2377 2412; x_wconf 89' lang='lat' dir='ltr'><strong>silentio,</strong></span> <span class='ocrx_word' id='word_1_323' title='bbox 2415 2358 2606 2402; x_wconf 89' lang='lat' dir='ltr'><strong>omnes</strong></span> <span class='ocrx_word' id='word_1_324' title='bbox 2648 2343 2704 2399; x_wconf 83' lang='lat' dir='ltr'><strong>in</strong></span> <span class='ocrx_word' id='word_1_325' title='bbox 2739 2344 3151 2414; x_wconf 83' lang='lat' dir='ltr'><strong>compunctione</strong></span> <span class='ocrx_word' id='word_1_326' title='bbox 3186 2343 3553 2400; x_wconf 82' lang='lat' dir='ltr'><strong>versabantur.</strong></span> <span class='ocrx_word' id='word_1_327' title='bbox 3607 2344 3717 2400; x_wconf 82' lang='lat' dir='ltr'><strong>Alii</strong></span> 
     </span>
    </p>
   </div>
   <div class='ocr_carea' id='block_1_47' title="bbox 2119 2433 3714 2506">
    <p class='ocr_par' dir='ltr' id='par_1_47' title="bbox 2119 2433 3714 2506">
     <span class='ocr_line' id='line_1_47' title="bbox 2119 2433 3714 2506; baseline -0.001 -18"><span class='ocrx_word' id='word_1_328' title='bbox 2119 2435 2440 2506; x_wconf 85' lang='lat' dir='ltr'><strong>psallebant,</strong></span> <span class='ocrx_word' id='word_1_329' title='bbox 2470 2435 2560 2491; x_wconf 83' lang='lat' dir='ltr'><strong>alii</strong></span> <span class='ocrx_word' id='word_1_330' title='bbox 2582 2433 2772 2492; x_wconf 86' lang='lat' dir='ltr'><strong>beatos</strong></span> <span class='ocrx_word' id='word_1_331' title='bbox 2792 2434 3152 2506; x_wconf 65' lang='lat' dir='ltr'><strong>praedicabant</strong></span> <span class='ocrx_word' id='word_1_332' title='bbox 3171 2449 3269 2489; x_wconf 87' lang='lat' dir='ltr'><strong>eos</strong></span> <span class='ocrx_word' id='word_1_333' title='bbox 3287 2435 3379 2504; x_wconf 87' lang='lat' dir='ltr'><strong>qui</strong></span> <span class='ocrx_word' id='word_1_334' title='bbox 3401 2435 3714 2504; x_wconf 84' lang='lat' dir='ltr'><strong>psallerent.</strong></span> 
     </span>
    </p>
   </div>
   <div class='ocr_carea' id='block_1_48' title="bbox 2121 2527 3715 2595">
    <p class='ocr_par' dir='ltr' id='par_1_48' title="bbox 2121 2527 3715 2595">
     <span class='ocr_line' id='line_1_48' title="bbox 2121 2527 3715 2595; baseline -0.003 -12"><span class='ocrx_word' id='word_1_335' title='bbox 2121 2527 2291 2583; x_wconf 82' lang='lat' dir='ltr'><strong>Hodie</strong></span> <span class='ocrx_word' id='word_1_336' title='bbox 2319 2529 2590 2584; x_wconf 90' lang='lat' dir='ltr'><strong>circenses</strong></span> <span class='ocrx_word' id='word_1_337' title='bbox 2615 2536 2774 2595; x_wconf 88' lang='lat' dir='ltr'><strong>sunt,</strong></span> <span class='ocrx_word' id='word_1_338' title='bbox 2800 2537 2856 2582; x_wconf 88' lang='lat' dir='ltr'><strong>et</strong></span> <span class='ocrx_word' id='word_1_339' title='bbox 2892 2542 3052 2583; x_wconf 90' lang='lat' dir='ltr'><strong>nemo</strong></span> <span class='ocrx_word' id='word_1_340' title='bbox 3075 2527 3262 2590; x_wconf 86' lang='lat' dir='ltr'><strong>adest;</strong></span> <span class='ocrx_word' id='word_1_341' title='bbox 3299 2527 3393 2583; x_wconf 90' lang='lat' dir='ltr'><strong>sed</strong></span> <span class='ocrx_word' id='word_1_342' title='bbox 3441 2543 3630 2582; x_wconf 84' lang='lat' dir='ltr'><strong>omnes</strong></span> <span class='ocrx_word' id='word_1_343' title='bbox 3659 2529 3715 2580; x_wconf 89' lang='lat' dir='ltr'><strong>in</strong></span> 
     </span>
    </p>
   </div>
   <div class='ocr_carea' id='block_1_49' title="bbox 2120 2618 3718 2675">
    <p class='ocr_par' dir='ltr' id='par_1_49' title="bbox 2120 2618 3718 2675">
     <span class='ocr_line' id='line_1_49' title="bbox 2120 2618 3718 2675; baseline -0.003 0"><span class='ocrx_word' id='word_1_344' title='bbox 2120 2619 2402 2675; x_wconf 88' lang='lat' dir='ltr'><strong>ecclesiam</strong></span> <span class='ocrx_word' id='word_1_345' title='bbox 2448 2634 2549 2674; x_wconf 87' lang='lat' dir='ltr'><strong>ceu</strong></span> <span class='ocrx_word' id='word_1_346' title='bbox 2599 2628 2866 2675; x_wconf 85' lang='lat' dir='ltr'><strong>torrentes</strong></span> <span class='ocrx_word' id='word_1_347' title='bbox 2906 2618 3280 2674; x_wconf 80' lang='lat' dir='ltr'><strong>conﬂuxerunt</strong></span> <span class='ocrx_word' id='word_1_348' title='bbox 3307 2637 3322 2671; x_wconf 92' lang='lat'><strong>:</strong></span> <span class='ocrx_word' id='word_1_349' title='bbox 3349 2629 3560 2674; x_wconf 87' lang='lat' dir='ltr'><strong>torrens</strong></span> <span class='ocrx_word' id='word_1_350' title='bbox 3583 2635 3718 2674; x_wconf 86' lang='lat' dir='ltr'><strong>vero</strong></span> 
     </span>
    </p>
   </div>
   <div class='ocr_carea' id='block_1_50' title="bbox 2121 2710 3800 2786">
    <p class='ocr_par' dir='ltr' id='par_1_50' title="bbox 2121 2710 3800 2786">
     <span class='ocr_line' id='line_1_50' title="bbox 2121 2710 3800 2786; baseline -0.001 -20"><span class='ocrx_word' id='word_1_351' title='bbox 2121 2719 2300 2766; x_wconf 88' lang='lat' dir='ltr'><strong>vester</strong></span> <span class='ocrx_word' id='word_1_352' title='bbox 2334 2720 2544 2777; x_wconf 76' lang='lat' dir='ltr'><strong>ctetus,</strong></span> <span class='ocrx_word' id='word_1_353' title='bbox 2583 2720 2640 2767; x_wconf 84' lang='lat' dir='ltr'><strong>et</strong></span> <span class='ocrx_word' id='word_1_354' title='bbox 2663 2710 2881 2766; x_wconf 81' lang='lat' dir='ltr'><strong>ﬂumina</strong></span> <span class='ocrx_word' id='word_1_355' title='bbox 2909 2720 3034 2766; x_wconf 89' lang='lat' dir='ltr'><strong>sunt</strong></span> <span class='ocrx_word' id='word_1_356' title='bbox 3061 2725 3257 2775; x_wconf 90' lang='lat' dir='ltr'><strong>voces,</strong></span> <span class='ocrx_word' id='word_1_357' title='bbox 3298 2725 3418 2780; x_wconf 71' lang='lat' dir='ltr'><strong>quae</strong></span> <span class='ocrx_word' id='word_1_358' title='bbox 3443 2711 3496 2764; x_wconf 93' lang='lat' dir='ltr'><strong>in</strong></span> <span class='ocrx_word' id='word_1_359' title='bbox 3521 2710 3716 2764; x_wconf 67' lang='lat' dir='ltr'><strong>caelum</strong></span> <span class='ocrx_word' id='word_1_360' title='bbox 3793 2781 3800 2786; x_wconf 95' lang='lat'><em>_</em></span> 
     </span>
    </p>
   </div>
   <div class='ocr_carea' id='block_1_51' title="bbox 2121 2800 3716 2874">
    <p class='ocr_par' dir='ltr' id='par_1_51' title="bbox 2121 2800 3716 2874">
     <span class='ocr_line' id='line_1_51' title="bbox 2121 2800 3716 2874; baseline -0.002 -17"><span class='ocrx_word' id='word_1_361' title='bbox 2121 2800 2452 2869; x_wconf 85' lang='lat' dir='ltr'><strong>ascendunt,</strong></span> <span class='ocrx_word' id='word_1_362' title='bbox 2481 2817 2708 2874; x_wconf 66' lang='lat' dir='ltr'><strong>quaeque</strong></span> <span class='ocrx_word' id='word_1_363' title='bbox 2745 2817 2984 2858; x_wconf 86' lang='lat' dir='ltr'><strong>amorem</strong></span> <span class='ocrx_word' id='word_1_364' title='bbox 3022 2817 3147 2871; x_wconf 80' lang='lat' dir='ltr'><strong>erga</strong></span> <span class='ocrx_word' id='word_1_365' title='bbox 3175 2811 3379 2871; x_wconf 87' lang='lat' dir='ltr'><strong>patrem</strong></span> <span class='ocrx_word' id='word_1_366' title='bbox 3408 2801 3716 2871; x_wconf 81' lang='lat' dir='ltr'><strong>perhibent.</strong></span> 
     </span>
    </p>
   </div>
   <div class='ocr_carea' id='block_1_52' title="bbox 2125 2892 3714 2965">
    <p class='ocr_par' dir='ltr' id='par_1_52' title="bbox 2125 2892 3714 2965">
     <span class='ocr_line' id='line_1_52' title="bbox 2125 2892 3714 2965; baseline -0.001 -17"><span class='ocrx_word' id='word_1_367' title='bbox 2125 2892 2322 2950; x_wconf 86' lang='lat' dir='ltr'><strong>Preces</strong></span> <span class='ocrx_word' id='word_1_368' title='bbox 2360 2904 2555 2950; x_wconf 72' lang='lat' dir='ltr'><strong>vestrae</strong></span> <span class='ocrx_word' id='word_1_369' title='bbox 2591 2893 2894 2950; x_wconf 87' lang='lat' dir='ltr'><strong>diademate</strong></span> <span class='ocrx_word' id='word_1_370' title='bbox 2944 2893 3336 2965; x_wconf 84' lang='lat' dir='ltr'><strong>splendidiores</strong></span> <span class='ocrx_word' id='word_1_371' title='bbox 3385 2893 3515 2949; x_wconf 88' lang='lat' dir='ltr'><strong>mihi</strong></span> <span class='ocrx_word' id='word_1_372' title='bbox 3565 2908 3714 2948; x_wconf 88' lang='lat' dir='ltr'><strong>sunt.</strong></span> 
     </span>
    </p>
   </div>
   <div class='ocr_carea' id='block_1_53' title="bbox 2126 2981 3720 3056">
    <p class='ocr_par' dir='ltr' id='par_1_53' title="bbox 2126 2981 3720 3056">
     <span class='ocr_line' id='line_1_53' title="bbox 2126 2981 3720 3056; baseline -0.001 -16"><span class='ocrx_word' id='word_1_373' title='bbox 2126 2983 2239 3040; x_wconf 82' lang='lat' dir='ltr'><strong>Viri</strong></span> <span class='ocrx_word' id='word_1_374' title='bbox 2261 2984 2620 3056; x_wconf 87' lang='lat' dir='ltr'><strong>mulieresque</strong></span> <span class='ocrx_word' id='word_1_375' title='bbox 2643 2984 2802 3040; x_wconf 85' lang='lat' dir='ltr'><strong>simul</strong></span> <span class='ocrx_word' id='word_1_376' title='bbox 2833 3000 2848 3040; x_wconf 89' lang='lat'><strong>:</strong></span> <span class='ocrx_word' id='word_1_377' title='bbox 2879 2981 2948 3037; x_wconf 79' lang='lat' dir='ltr'><strong>In</strong></span> <span class='ocrx_word' id='word_1_378' title='bbox 2973 2982 3174 3040; x_wconf 80' lang='lat' dir='ltr'><strong>Christo</strong></span> <span class='ocrx_word' id='word_1_379' title='bbox 3201 2984 3346 3039; x_wconf 90' lang='lat' dir='ltr'><strong>enim</strong></span> <span class='ocrx_word' id='word_1_380' title='bbox 3370 2983 3494 3038; x_wconf 75' lang='lat' dir='ltr'><strong>Iesu</strong></span> <span class='ocrx_word' id='word_1_381' title='bbox 3519 3000 3620 3038; x_wconf 83' lang='lat' dir='ltr'><strong>non</strong></span> <span class='ocrx_word' id='word_1_382' title='bbox 3640 2994 3720 3038; x_wconf 84' lang='lat' dir='ltr'><strong>est</strong></span> 
     </span>
    </p>
   </div>
   <div class='ocr_carea' id='block_1_54' title="bbox 2125 3076 3721 3150">
    <p class='ocr_par' dir='ltr' id='par_1_54' title="bbox 2125 3076 3721 3150">
     <span class='ocr_line' id='line_1_54' title="bbox 2125 3076 3721 3150; baseline -0.001 -18"><span class='ocrx_word' id='word_1_383' title='bbox 2125 3078 2380 3134; x_wconf 75' lang='lat' dir='ltr'><strong>masculus</strong></span> <span class='ocrx_word' id='word_1_384' title='bbox 2405 3095 2565 3149; x_wconf 80' lang='lat' dir='ltr'><strong>neque</strong></span> <span class='ocrx_word' id='word_1_385' title='bbox 2591 3079 2781 3150; x_wconf 79' lang='lat' dir='ltr'><strong>femina</strong></span> <span class='ocrx_word' id='word_1_386' title='bbox 2807 3076 2948 3148; x_wconf 71' lang='lat' dir='ltr'><strong>(Gut.</strong></span> <span class='ocrx_word' id='word_1_387' title='bbox 2977 3078 3035 3134; x_wconf 78' lang='lat'><strong>5.</strong></span> <span class='ocrx_word' id='word_1_388' title='bbox 3060 3077 3178 3150; x_wconf 72' lang='grc'><strong>28).</strong></span> <span class='ocrx_word' id='word_1_389' title='bbox 3205 3077 3488 3146; x_wconf 82' lang='lat' dir='ltr'><strong>Quomodo</strong></span> <span class='ocrx_word' id='word_1_390' title='bbox 3527 3077 3721 3148; x_wconf 80' lang='lat' dir='ltr'><strong>loquar</strong></span> 
     </span>
    </p>
   </div>
   <div class='ocr_carea' id='block_1_55' title="bbox 2126 3169 3718 3241">
    <p class='ocr_par' dir='ltr' id='par_1_55' title="bbox 2126 3169 3718 3241">
     <span class='ocr_line' id='line_1_55' title="bbox 2126 3169 3718 3241; baseline -0.001 -17"><span class='ocrx_word' id='word_1_391' title='bbox 2126 3170 2394 3238; x_wconf 87' lang='lat' dir='ltr'><strong>potentias</strong></span> <span class='ocrx_word' id='word_1_392' title='bbox 2437 3169 2685 3225; x_wconf 78' lang='lat' dir='ltr'><strong>Domini?</strong></span> <span class='ocrx_word' id='word_1_393' title='bbox 2725 3169 2886 3226; x_wconf 89' lang='lat' dir='ltr'><strong>Scitis</strong></span> <span class='ocrx_word' id='word_1_394' title='bbox 2923 3184 3084 3241; x_wconf 88' lang='lat' dir='ltr'><strong>quam</strong></span> <span class='ocrx_word' id='word_1_395' title='bbox 3123 3169 3194 3224; x_wconf 89' lang='lat' dir='ltr'><strong>sit</strong></span> <span class='ocrx_word' id='word_1_396' title='bbox 3231 3184 3418 3226; x_wconf 83' lang='lat' dir='ltr'><strong>verum</strong></span> <span class='ocrx_word' id='word_1_397' title='bbox 3448 3170 3530 3233; x_wconf 89' lang='lat' dir='ltr'><strong>id,</strong></span> <span class='ocrx_word' id='word_1_398' title='bbox 3570 3171 3718 3241; x_wconf 89' lang='lat' dir='ltr'><strong>quod</strong></span> 
     </span>
    </p>
   </div>
   <div class='ocr_carea' id='block_1_56' title="bbox 2127 3260 3722 3335">
    <p class='ocr_par' dir='ltr' id='par_1_56' title="bbox 2127 3260 3722 3335">
     <span class='ocr_line' id='line_1_56' title="bbox 2127 3260 3722 3335; baseline 0.003 -19"><span class='ocrx_word' id='word_1_399' title='bbox 2127 3260 2249 3317; x_wconf 91' lang='lat' dir='ltr'><strong>dico</strong></span> <span class='ocrx_word' id='word_1_400' title='bbox 2278 3279 2293 3316; x_wconf 89' lang='lat'><strong>:</strong></span> <span class='ocrx_word' id='word_1_401' title='bbox 2322 3261 2379 3318; x_wconf 88' lang='lat' dir='ltr'><strong>Si</strong></span> <span class='ocrx_word' id='word_1_402' title='bbox 2402 3261 2522 3333; x_wconf 88' lang='lat' dir='ltr'><strong>quis</strong></span> <span class='ocrx_word' id='word_1_403' title='bbox 2545 3262 2760 3320; x_wconf 79' lang='lat' dir='ltr'><strong>fortiter</strong></span> <span class='ocrx_word' id='word_1_404' title='bbox 2788 3263 3109 3320; x_wconf 81' lang='lat' dir='ltr'><strong>tentationes</strong></span> <span class='ocrx_word' id='word_1_405' title='bbox 3135 3261 3294 3330; x_wconf 80' lang='lat' dir='ltr'><strong>ferat,</strong></span> <span class='ocrx_word' id='word_1_406' title='bbox 3320 3279 3570 3335; x_wconf 88' lang='lat' dir='ltr'><strong>magnum</strong></span> <span class='ocrx_word' id='word_1_407' title='bbox 3593 3265 3722 3320; x_wconf 83' lang='lat' dir='ltr'><strong>inde</strong></span> 
     </span>
    </p>
   </div>
   <div class='ocr_carea' id='block_1_57' title="bbox 2129 3350 2645 3409">
    <p class='ocr_par' dir='ltr' id='par_1_57' title="bbox 2129 3350 2645 3409">
     <span class='ocr_line' id='line_1_57' title="bbox 2129 3350 2645 3409; baseline -0.002 -4"><span class='ocrx_word' id='word_1_408' title='bbox 2129 3350 2359 3407; x_wconf 79' lang='lat' dir='ltr'><strong>fructum</strong></span> <span class='ocrx_word' id='word_1_409' title='bbox 2389 3352 2645 3409; x_wconf 89' lang='lat' dir='ltr'><strong>demetet.</strong></span> 
     </span>
    </p>
   </div>
   <div class='ocr_carea' id='block_1_58' title="bbox 2201 3441 3720 3515">
    <p class='ocr_par' dir='ltr' id='par_1_58' title="bbox 2201 3441 3720 3515">
     <span class='ocr_line' id='line_1_58' title="bbox 2201 3441 3720 3515; baseline 0.001 -17"><span class='ocrx_word' id='word_1_410' title='bbox 2201 3443 2258 3498; x_wconf 79' lang='grc'><strong>2.</strong></span> <span class='ocrx_word' id='word_1_411' title='bbox 2293 3443 2470 3499; x_wconf 86' lang='lat' dir='ltr'><strong>Oratio</strong></span> <span class='ocrx_word' id='word_1_412' title='bbox 2494 3445 2547 3499; x_wconf 87' lang='lat' dir='ltr'><strong>in</strong></span> <span class='ocrx_word' id='word_1_413' title='bbox 2567 3445 2775 3500; x_wconf 80' lang='lat' dir='ltr'><strong>ecclesia</strong></span> <span class='ocrx_word' id='word_1_414' title='bbox 2793 3445 3154 3515; x_wconf 75' lang='lat' dir='ltr'><strong>Apostolorum</strong></span> <span class='ocrx_word' id='word_1_415' title='bbox 3172 3445 3363 3498; x_wconf 79' lang='lat' dir='ltr'><strong>habita.</strong></span> <span class='ocrx_word' id='word_1_416' title='bbox 3386 3475 3457 3485; x_wconf 94' lang='lat'><strong><em>—</em></strong></span> <span class='ocrx_word' id='word_1_417' title='bbox 3478 3441 3601 3500; x_wconf 83' lang='lat' dir='ltr'><strong>Ideo</strong></span> <span class='ocrx_word' id='word_1_418' title='bbox 3620 3460 3720 3499; x_wconf 78' lang='lat' dir='ltr'><strong>vos</strong></span> 
     </span>
    </p>
   </div>
   <div class='ocr_carea' id='block_1_59' title="bbox 2129 3535 3730 3607">
    <p class='ocr_par' dir='ltr' id='par_1_59' title="bbox 2129 3535 3730 3607">
     <span class='ocr_line' id='line_1_59' title="bbox 2129 3535 3730 3607; baseline -0.001 -17"><span class='ocrx_word' id='word_1_419' title='bbox 2129 3535 2195 3591; x_wconf 88' lang='lat' dir='ltr'><strong>ad</strong></span> <span class='ocrx_word' id='word_1_420' title='bbox 2222 3536 2493 3607; x_wconf 88' lang='lat' dir='ltr'><strong>apostolos</strong></span> <span class='ocrx_word' id='word_1_421' title='bbox 2537 3537 2847 3591; x_wconf 89' lang='lat' dir='ltr'><strong>convocavi.</strong></span> <span class='ocrx_word' id='word_1_422' title='bbox 2891 3537 3149 3592; x_wconf 75' lang='lat' dir='ltr'><strong>Venimus</strong></span> <span class='ocrx_word' id='word_1_423' title='bbox 3191 3537 3326 3606; x_wconf 91' lang='lat' dir='ltr'><strong>pulsi</strong></span> <span class='ocrx_word' id='word_1_424' title='bbox 3365 3536 3430 3590; x_wconf 88' lang='lat' dir='ltr'><strong>ad</strong></span> <span class='ocrx_word' id='word_1_425' title='bbox 3466 3553 3580 3600; x_wconf 86' lang='lat' dir='ltr'><strong>eos,</strong></span> <span class='ocrx_word' id='word_1_426' title='bbox 3625 3539 3730 3606; x_wconf 70' lang='lat' dir='ltr'><strong>qui</strong></span> 
     </span>
    </p>
   </div>
   <div class='ocr_carea' id='block_1_60' title="bbox 2132 3627 3715 3704">
    <p class='ocr_par' dir='ltr' id='par_1_60' title="bbox 2132 3627 3715 3704">
     <span class='ocr_line' id='line_1_60' title="bbox 2132 3627 3715 3704; baseline -0.002 -22"><span class='ocrx_word' id='word_1_427' title='bbox 2132 3629 2268 3698; x_wconf 90' lang='lat' dir='ltr'><strong>pulsi</strong></span> <span class='ocrx_word' id='word_1_428' title='bbox 2299 3633 2446 3683; x_wconf 74' lang='lat' dir='ltr'><strong>sunt.</strong></span> <span class='ocrx_word' id='word_1_429' title='bbox 2470 3627 2578 3683; x_wconf 89' lang='lat' dir='ltr'><strong>Nos</strong></span> <span class='ocrx_word' id='word_1_430' title='bbox 2596 3628 2802 3704; x_wconf 84' lang='lat' dir='ltr'><strong>insidiis</strong></span> <span class='ocrx_word' id='word_1_431' title='bbox 2829 3643 3017 3683; x_wconf 89' lang='lat' dir='ltr'><strong>sumus</strong></span> <span class='ocrx_word' id='word_1_432' title='bbox 3039 3628 3282 3697; x_wconf 80' lang='lat' dir='ltr'><strong>appetiti,</strong></span> <span class='ocrx_word' id='word_1_433' title='bbox 3309 3627 3380 3681; x_wconf 92' lang='lat' dir='ltr'><strong>illi</strong></span> <span class='ocrx_word' id='word_1_434' title='bbox 3407 3629 3542 3696; x_wconf 90' lang='lat' dir='ltr'><strong>pulsi</strong></span> <span class='ocrx_word' id='word_1_435' title='bbox 3570 3638 3715 3682; x_wconf 89' lang='lat' dir='ltr'><strong>sunt.</strong></span> 
     </span>
    </p>
   </div>
   <div class='ocr_carea' id='block_1_61' title="bbox 2125 3717 3721 3790">
    <p class='ocr_par' dir='ltr' id='par_1_61' title="bbox 2125 3717 3721 3790">
     <span class='ocr_line' id='line_1_61' title="bbox 2125 3717 3721 3790; baseline 0.001 -18"><span class='ocrx_word' id='word_1_436' title='bbox 2125 3717 2390 3790; x_wconf 77' lang='lat' dir='ltr'><strong>_Venimus</strong></span> <span class='ocrx_word' id='word_1_437' title='bbox 2410 3717 2476 3773; x_wconf 90' lang='lat' dir='ltr'><strong>ad</strong></span> <span class='ocrx_word' id='word_1_438' title='bbox 2497 3718 2859 3782; x_wconf 85' lang='lat' dir='ltr'><strong>Timotheum,</strong></span> <span class='ocrx_word' id='word_1_439' title='bbox 2881 3733 3079 3774; x_wconf 87' lang='lat' dir='ltr'><strong>novum</strong></span> <span class='ocrx_word' id='word_1_440' title='bbox 3111 3718 3354 3773; x_wconf 89' lang='lat' dir='ltr'><strong>Paulum.</strong></span> <span class='ocrx_word' id='word_1_441' title='bbox 3379 3717 3632 3774; x_wconf 79' lang='lat' dir='ltr'><strong>Venimus</strong></span> <span class='ocrx_word' id='word_1_442' title='bbox 3651 3720 3721 3774; x_wconf 84' lang='lat' dir='ltr'><strong>ad</strong></span> 
     </span>
    </p>
   </div>
   <div class='ocr_carea' id='block_1_62' title="bbox 2131 3806 3718 3880">
    <p class='ocr_par' dir='ltr' id='par_1_62' title="bbox 2131 3806 3718 3880">
     <span class='ocr_line' id='line_1_62' title="bbox 2131 3806 3718 3880; baseline -0.001 -18"><span class='ocrx_word' id='word_1_443' title='bbox 2131 3817 2316 3863; x_wconf 86' lang='lat' dir='ltr'><strong>sancta</strong></span> <span class='ocrx_word' id='word_1_444' title='bbox 2365 3823 2630 3878; x_wconf 89' lang='lat' dir='ltr'><strong>corpora,</strong></span> <span class='ocrx_word' id='word_1_445' title='bbox 2670 3824 2790 3879; x_wconf 74' lang='lat' dir='ltr'><strong>quae</strong></span> <span class='ocrx_word' id='word_1_446' title='bbox 2823 3806 3019 3862; x_wconf 86' lang='lat' dir='ltr'><strong>Christi</strong></span> <span class='ocrx_word' id='word_1_447' title='bbox 3067 3809 3312 3878; x_wconf 87' lang='lat' dir='ltr'><strong>stigmata</strong></span> <span class='ocrx_word' id='word_1_448' title='bbox 3358 3819 3718 3880; x_wconf 83' lang='lat' dir='ltr'><strong>gestaverunt.</strong></span> 
     </span>
    </p>
   </div>
   <div class='ocr_carea' id='block_1_63' title="bbox 2133 3898 3723 3968">
    <p class='ocr_par' dir='ltr' id='par_1_63' title="bbox 2133 3898 3723 3968">
     <span class='ocr_line' id='line_1_63' title="bbox 2133 3898 3723 3968; baseline -0.001 -16"><span class='ocrx_word' id='word_1_449' title='bbox 2133 3898 2430 3968; x_wconf 90' lang='lat' dir='ltr'><strong>Numquam</strong></span> <span class='ocrx_word' id='word_1_450' title='bbox 2461 3898 2650 3954; x_wconf 89' lang='lat' dir='ltr'><strong>timeas</strong></span> <span class='ocrx_word' id='word_1_451' title='bbox 2685 3899 3036 3954; x_wconf 87' lang='lat' dir='ltr'><strong>tentationem</strong></span> <span class='ocrx_word' id='word_1_452' title='bbox 3056 3939 3073 3964; x_wconf 96' lang='lat'><strong>,</strong></span> <span class='ocrx_word' id='word_1_453' title='bbox 3105 3899 3150 3952; x_wconf 90' lang='lat' dir='ltr'><strong>si</strong></span> <span class='ocrx_word' id='word_1_454' title='bbox 3175 3900 3354 3954; x_wconf 90' lang='lat' dir='ltr'><strong>animo</strong></span> <span class='ocrx_word' id='word_1_455' title='bbox 3383 3899 3489 3954; x_wconf 88' lang='lat' dir='ltr'><strong>scis</strong></span> <span class='ocrx_word' id='word_1_456' title='bbox 3525 3900 3723 3954; x_wconf 86' lang='lat' dir='ltr'><strong>instru-</strong></span> 
     </span>
    </p>
   </div>
   <div class='ocr_carea' id='block_1_64' title="bbox 2131 3989 3722 4060">
    <p class='ocr_par' dir='ltr' id='par_1_64' title="bbox 2131 3989 3722 4060">
     <span class='ocr_line' id='line_1_64' title="bbox 2131 3989 3722 4060; baseline 0.002 -17"><span class='ocrx_word' id='word_1_457' title='bbox 2131 3997 2250 4043; x_wconf 92' lang='lat' dir='ltr'><strong>ctus</strong></span> <span class='ocrx_word' id='word_1_458' title='bbox 2273 4003 2574 4060; x_wconf 88' lang='lat' dir='ltr'><strong>generoso:</strong></span> <span class='ocrx_word' id='word_1_459' title='bbox 2604 3989 2776 4045; x_wconf 89' lang='lat' dir='ltr'><strong>sancti</strong></span> <span class='ocrx_word' id='word_1_460' title='bbox 2804 4004 2994 4045; x_wconf 86' lang='lat' dir='ltr'><strong>omnes</strong></span> <span class='ocrx_word' id='word_1_461' title='bbox 3018 3992 3097 4044; x_wconf 90' lang='lat' dir='ltr'><strong>sic</strong></span> <span class='ocrx_word' id='word_1_462' title='bbox 3115 3990 3354 4043; x_wconf 86' lang='lat' dir='ltr'><strong>coronati</strong></span> <span class='ocrx_word' id='word_1_463' title='bbox 3383 3999 3528 4044; x_wconf 91' lang='lat' dir='ltr'><strong>sunt.</strong></span> <span class='ocrx_word' id='word_1_464' title='bbox 3555 3990 3722 4046; x_wconf 82' lang='lat' dir='ltr'><strong>Multa</strong></span> 
     </span>
    </p>
   </div>
   <div class='ocr_carea' id='block_1_65' title="bbox 2132 4078 3725 4150">
    <p class='ocr_par' dir='ltr' id='par_1_65' title="bbox 2132 4078 3725 4150">
     <span class='ocr_line' id='line_1_65' title="bbox 2132 4078 3725 4150; baseline -0.001 -15"><span class='ocrx_word' id='word_1_465' title='bbox 2132 4095 2423 4149; x_wconf 90' lang='lat' dir='ltr'><strong>corporum</strong></span> <span class='ocrx_word' id='word_1_466' title='bbox 2450 4078 2702 4146; x_wconf 78' lang='lat' dir='ltr'><strong>afﬂictio,</strong></span> <span class='ocrx_word' id='word_1_467' title='bbox 2728 4081 2902 4149; x_wconf 85' lang='lat' dir='ltr'><strong>major</strong></span> <span class='ocrx_word' id='word_1_468' title='bbox 2943 4094 3070 4134; x_wconf 89' lang='lat' dir='ltr'><strong>vero</strong></span> <span class='ocrx_word' id='word_1_469' title='bbox 3095 4080 3396 4134; x_wconf 89' lang='lat' dir='ltr'><strong>animorum</strong></span> <span class='ocrx_word' id='word_1_470' title='bbox 3426 4081 3725 4150; x_wconf 82' lang='lat' dir='ltr'><strong>tranquilli—</strong></span> 
     </span>
    </p>
   </div>
   <div class='ocr_carea' id='block_1_66' title="bbox 2131 4169 3726 4242">
    <p class='ocr_par' dir='ltr' id='par_1_66' title="bbox 2131 4169 3726 4242">
     <span class='ocr_line' id='line_1_66' title="bbox 2131 4169 3726 4242; baseline -0.001 -15"><span class='ocrx_word' id='word_1_471' title='bbox 2131 4181 2235 4227; x_wconf 89' lang='lat' dir='ltr'><strong>tas.</strong></span> <span class='ocrx_word' id='word_1_472' title='bbox 2276 4172 2494 4228; x_wconf 88' lang='lat' dir='ltr'><strong>Utinam</strong></span> <span class='ocrx_word' id='word_1_473' title='bbox 2538 4187 2754 4242; x_wconf 85' lang='lat' dir='ltr'><strong>semper</strong></span> <span class='ocrx_word' id='word_1_474' title='bbox 2793 4172 2847 4226; x_wconf 87' lang='lat' dir='ltr'><strong>in</strong></span> <span class='ocrx_word' id='word_1_475' title='bbox 2884 4185 3121 4226; x_wconf 75' lang='lat' dir='ltr'><strong>aerumna</strong></span> <span class='ocrx_word' id='word_1_476' title='bbox 3149 4171 3286 4225; x_wconf 87' lang='lat' dir='ltr'><strong>sitis.</strong></span> <span class='ocrx_word' id='word_1_477' title='bbox 3317 4169 3407 4226; x_wconf 92' lang='lat' dir='ltr'><strong>Sic</strong></span> <span class='ocrx_word' id='word_1_478' title='bbox 3447 4179 3502 4224; x_wconf 93' lang='lat' dir='ltr'><strong>ct</strong></span> <span class='ocrx_word' id='word_1_479' title='bbox 3541 4181 3726 4240; x_wconf 89' lang='lat' dir='ltr'><strong>pastor</strong></span> 
     </span>
    </p>
   </div>
   <div class='ocr_carea' id='block_1_67' title="bbox 2133 4261 3727 4336">
    <p class='ocr_par' dir='ltr' id='par_1_67' title="bbox 2133 4261 3727 4336">
     <span class='ocr_line' id='line_1_67' title="bbox 2133 4261 3727 4336; baseline -0.004 -16"><span class='ocrx_word' id='word_1_480' title='bbox 2133 4265 2328 4336; x_wconf 89' lang='lat' dir='ltr'><strong>gaudet</strong></span> <span class='ocrx_word' id='word_1_481' title='bbox 2352 4280 2474 4320; x_wconf 92' lang='lat' dir='ltr'><strong>cum</strong></span> <span class='ocrx_word' id='word_1_482' title='bbox 2504 4264 2740 4320; x_wconf 91' lang='lat' dir='ltr'><strong>laborem</strong></span> <span class='ocrx_word' id='word_1_483' title='bbox 2764 4272 2983 4334; x_wconf 84' lang='lat' dir='ltr'><strong>propter</strong></span> <span class='ocrx_word' id='word_1_484' title='bbox 3000 4277 3129 4317; x_wconf 89' lang='lat' dir='ltr'><strong>oves</strong></span> <span class='ocrx_word' id='word_1_485' title='bbox 3155 4262 3318 4316; x_wconf 89' lang='lat' dir='ltr'><strong>subit.</strong></span> <span class='ocrx_word' id='word_1_486' title='bbox 3347 4261 3483 4327; x_wconf 85' lang='lat' dir='ltr'><strong>Quid</strong></span> <span class='ocrx_word' id='word_1_487' title='bbox 3513 4261 3727 4330; x_wconf 80' lang='lat' dir='ltr'><strong>loquar?</strong></span> 
     </span>
    </p>
   </div>
   <div class='ocr_carea' id='block_1_68' title="bbox 2134 4351 3727 4440">
    <p class='ocr_par' dir='ltr' id='par_1_68' title="bbox 2134 4351 3727 4440">
     <span class='ocr_line' id='line_1_68' title="bbox 2134 4351 3727 4440; baseline -0.007 -24"><span class='ocrx_word' id='word_1_488' title='bbox 2134 4359 2224 4416; x_wconf 81' lang='lat' dir='ltr'><strong>ubi</strong></span> <span class='ocrx_word' id='word_1_489' title='bbox 2250 4357 2462 4414; x_wconf 80' lang='lat' dir='ltr'><strong>seram?</strong></span> <span class='ocrx_word' id='word_1_490' title='bbox 2493 4356 2692 4412; x_wconf 90' lang='lat' dir='ltr'><strong>Locum</strong></span> <span class='ocrx_word' id='word_1_491' title='bbox 2725 4355 2999 4411; x_wconf 88' lang='lat' dir='ltr'><strong>desertum</strong></span> <span class='ocrx_word' id='word_1_492' title='bbox 3026 4369 3133 4410; x_wconf 90' lang='lat' dir='ltr'><strong>non</strong></span> <span class='ocrx_word' id='word_1_493' title='bbox 3160 4352 3354 4408; x_wconf 87' lang='lat' dir='ltr'><strong>habeo.</strong></span> <span class='ocrx_word' id='word_1_494' title='bbox 3382 4351 3486 4409; x_wconf 88' lang='lat' dir='ltr'><strong>Ubi</strong></span> <span class='ocrx_word' id='word_1_495' title='bbox 3514 4351 3727 4440; x_wconf 65' lang='lat' dir='ltr'><strong>labora-</strong></span> 
     </span>
    </p>
   </div>
   <div class='ocr_carea' id='block_1_69' title="bbox 2133 4443 3727 4516">
    <p class='ocr_par' dir='ltr' id='par_1_69' title="bbox 2133 4443 3727 4516">
     <span class='ocr_line' id='line_1_69' title="bbox 2133 4443 3727 4516; baseline -0.006 -9"><span class='ocrx_word' id='word_1_496' title='bbox 2133 4451 2238 4507; x_wconf 84' lang='lat' dir='ltr'><strong>bo?</strong></span> <span class='ocrx_word' id='word_1_497' title='bbox 2266 4449 2383 4506; x_wconf 83' lang='lat' dir='ltr'><strong>Non</strong></span> <span class='ocrx_word' id='word_1_498' title='bbox 2405 4457 2492 4506; x_wconf 85' lang='lat' dir='ltr'><strong>est</strong></span> <span class='ocrx_word' id='word_1_499' title='bbox 2518 4448 2648 4504; x_wconf 88' lang='lat' dir='ltr'><strong>mihi</strong></span> <span class='ocrx_word' id='word_1_500' title='bbox 2678 4448 2832 4502; x_wconf 82' lang='lat' dir='ltr'><strong>vinea</strong></span> <span class='ocrx_word' id='word_1_501' title='bbox 2856 4455 3060 4516; x_wconf 81' lang='lat' dir='ltr'><strong>aperta.</strong></span> <span class='ocrx_word' id='word_1_502' title='bbox 3091 4443 3195 4502; x_wconf 90' lang='lat' dir='ltr'><strong>Ubi</strong></span> <span class='ocrx_word' id='word_1_503' title='bbox 3217 4443 3525 4500; x_wconf 65' lang='lat' dir='ltr'><strong>ardiﬂcabo?</strong></span> <span class='ocrx_word' id='word_1_504' title='bbox 3552 4443 3727 4499; x_wconf 81' lang='lat' dir='ltr'><strong>Abso-</strong></span> 
     </span>
    </p>
   </div>
   <div class='ocr_carea' id='block_1_70' title="bbox 2135 4535 3727 4610">
    <p class='ocr_par' dir='ltr' id='par_1_70' title="bbox 2135 4535 3727 4610">
     <span class='ocr_line' id='line_1_70' title="bbox 2135 4535 3727 4610; baseline -0.007 -12"><span class='ocrx_word' id='word_1_505' title='bbox 2135 4543 2305 4598; x_wconf 90' lang='lat' dir='ltr'><strong>lutum</strong></span> <span class='ocrx_word' id='word_1_506' title='bbox 2334 4550 2420 4597; x_wconf 88' lang='lat' dir='ltr'><strong>est</strong></span> <span class='ocrx_word' id='word_1_507' title='bbox 2442 4540 2698 4610; x_wconf 87' lang='lat' dir='ltr'><strong>templum</strong></span> <span class='ocrx_word' id='word_1_508' title='bbox 2724 4556 2742 4605; x_wconf 84' lang='lat'><strong>;</strong></span> <span class='ocrx_word' id='word_1_509' title='bbox 2771 4539 2907 4594; x_wconf 88' lang='lat' dir='ltr'><strong>retia</strong></span> <span class='ocrx_word' id='word_1_510' title='bbox 2932 4552 3050 4591; x_wconf 91' lang='lat' dir='ltr'><strong>mea</strong></span> <span class='ocrx_word' id='word_1_511' title='bbox 3085 4545 3404 4605; x_wconf 85' lang='lat' dir='ltr'><strong>rumpuntur</strong></span> <span class='ocrx_word' id='word_1_512' title='bbox 3434 4535 3506 4590; x_wconf 89' lang='lat' dir='ltr'><strong>ob</strong></span> <span class='ocrx_word' id='word_1_513' title='bbox 3539 4535 3727 4590; x_wconf 87' lang='lat' dir='ltr'><strong>multi-</strong></span> 
     </span>
    </p>
   </div>
   <div class='ocr_carea' id='block_1_71' title="bbox 2136 4627 3729 4704">
    <p class='ocr_par' dir='ltr' id='par_1_71' title="bbox 2136 4627 3729 4704">
     <span class='ocr_line' id='line_1_71' title="bbox 2136 4627 3729 4704; baseline -0.009 -12"><span class='ocrx_word' id='word_1_514' title='bbox 2136 4635 2374 4692; x_wconf 83' lang='lat' dir='ltr'><strong>tudinem</strong></span> <span class='ocrx_word' id='word_1_515' title='bbox 2425 4633 2673 4704; x_wconf 78' lang='lat' dir='ltr'><strong>piscium.</strong></span> <span class='ocrx_word' id='word_1_516' title='bbox 2721 4630 2862 4700; x_wconf 85' lang='lat' dir='ltr'><strong>Quid</strong></span> <span class='ocrx_word' id='word_1_517' title='bbox 2904 4629 3134 4685; x_wconf 78' lang='lat' dir='ltr'><strong>faciam?</strong></span> <span class='ocrx_word' id='word_1_518' title='bbox 3163 4627 3466 4684; x_wconf 81' lang='lat' dir='ltr'><strong>Laborandi</strong></span> <span class='ocrx_word' id='word_1_519' title='bbox 3515 4636 3729 4696; x_wconf 82' lang='lat' dir='ltr'><strong>tempus</strong></span> 
     </span>
    </p>
   </div>
   <div class='ocr_carea' id='block_1_72' title="bbox 2137 4718 3732 4794">
    <p class='ocr_par' dir='ltr' id='par_1_72' title="bbox 2137 4718 3732 4794">
     <span class='ocr_line' id='line_1_72' title="bbox 2137 4718 3732 4794; baseline -0.008 -12"><span class='ocrx_word' id='word_1_520' title='bbox 2137 4741 2244 4782; x_wconf 89' lang='lat' dir='ltr'><strong>non</strong></span> <span class='ocrx_word' id='word_1_521' title='bbox 2264 4725 2518 4794; x_wconf 85' lang='lat' dir='ltr'><strong>suppetit.</strong></span> <span class='ocrx_word' id='word_1_522' title='bbox 2543 4722 2666 4777; x_wconf 85' lang='lat' dir='ltr'><strong>Ideo</strong></span> <span class='ocrx_word' id='word_1_523' title='bbox 2687 4721 2894 4787; x_wconf 89' lang='lat' dir='ltr'><strong>hortor,</strong></span> <span class='ocrx_word' id='word_1_524' title='bbox 2918 4733 3024 4775; x_wconf 88' lang='lat' dir='ltr'><strong>non</strong></span> <span class='ocrx_word' id='word_1_525' title='bbox 3045 4718 3188 4789; x_wconf 90' lang='lat' dir='ltr'><strong>quod</strong></span> <span class='ocrx_word' id='word_1_526' title='bbox 3201 4718 3442 4773; x_wconf 89' lang='lat' dir='ltr'><strong>doctrina</strong></span> <span class='ocrx_word' id='word_1_527' title='bbox 3459 4730 3556 4771; x_wconf 84' lang='lat' dir='ltr'><strong>vos</strong></span> <span class='ocrx_word' id='word_1_528' title='bbox 3570 4731 3732 4785; x_wconf 82' lang='lat' dir='ltr'><strong>egea-</strong></span> 
     </span>
    </p>
   </div>
   <div class='ocr_carea' id='block_1_73' title="bbox 2137 4808 3728 4884">
    <p class='ocr_par' dir='ltr' id='par_1_73' title="bbox 2137 4808 3728 4884">
     <span class='ocr_line' id='line_1_73' title="bbox 2137 4808 3728 4884; baseline -0.01 -10"><span class='ocrx_word' id='word_1_529' title='bbox 2137 4821 2223 4883; x_wconf 86' lang='lat' dir='ltr'><strong>tis,</strong></span> <span class='ocrx_word' id='word_1_530' title='bbox 2257 4818 2351 4873; x_wconf 86' lang='lat' dir='ltr'><strong>sed</strong></span> <span class='ocrx_word' id='word_1_531' title='bbox 2378 4827 2438 4872; x_wconf 89' lang='lat' dir='ltr'><strong>ut</strong></span> <span class='ocrx_word' id='word_1_532' title='bbox 2473 4815 2752 4872; x_wconf 86' lang='lat' dir='ltr'><strong>ostendam</strong></span> <span class='ocrx_word' id='word_1_533' title='bbox 2782 4813 3064 4884; x_wconf 79' lang='lat' dir='ltr'><strong>getntinam</strong></span> <span class='ocrx_word' id='word_1_534' title='bbox 3092 4825 3267 4866; x_wconf 83' lang='lat' dir='ltr'><strong>meam</strong></span> <span class='ocrx_word' id='word_1_535' title='bbox 3296 4824 3419 4879; x_wconf 86' lang='lat' dir='ltr'><strong>erga</strong></span> <span class='ocrx_word' id='word_1_536' title='bbox 3450 4823 3547 4863; x_wconf 85' lang='lat' dir='ltr'><strong>vos</strong></span> <span class='ocrx_word' id='word_1_537' title='bbox 3583 4808 3728 4866; x_wconf 77' lang='lat' dir='ltr'><strong>cari-</strong></span> 
     </span>
    </p>
   </div>
   <div class='ocr_carea' id='block_1_74' title="bbox 2139 4903 3731 4980">
    <p class='ocr_par' dir='ltr' id='par_1_74' title="bbox 2139 4903 3731 4980">
     <span class='ocr_line' id='line_1_74' title="bbox 2139 4903 3731 4980; baseline -0.009 -13"><span class='ocrx_word' id='word_1_538' title='bbox 2139 4921 2323 4968; x_wconf 90' lang='lat' dir='ltr'><strong>tatem.</strong></span> <span class='ocrx_word' id='word_1_539' title='bbox 2352 4908 2562 4980; x_wconf 89' lang='lat' dir='ltr'><strong>Ubique</strong></span> <span class='ocrx_word' id='word_1_540' title='bbox 2590 4909 2752 4977; x_wconf 82' lang='lat' dir='ltr'><strong>spicae</strong></span> <span class='ocrx_word' id='word_1_541' title='bbox 2779 4913 3025 4961; x_wconf 85' lang='lat' dir='ltr'><strong>vernant.</strong></span> <span class='ocrx_word' id='word_1_542' title='bbox 3057 4903 3160 4958; x_wconf 83' lang='lat' dir='ltr'><strong>Tot</strong></span> <span class='ocrx_word' id='word_1_543' title='bbox 3178 4912 3303 4958; x_wconf 88' lang='lat' dir='ltr'><strong>sunt</strong></span> <span class='ocrx_word' id='word_1_544' title='bbox 3328 4915 3478 4966; x_wconf 87' lang='lat' dir='ltr'><strong>oves,</strong></span> <span class='ocrx_word' id='word_1_545' title='bbox 3520 4908 3576 4954; x_wconf 91' lang='lat' dir='ltr'><strong>ct</strong></span> <span class='ocrx_word' id='word_1_546' title='bbox 3604 4914 3731 4954; x_wconf 86' lang='lat' dir='ltr'><strong>nus-</strong></span> 
     </span>
    </p>
   </div>
   <div class='ocr_carea' id='block_1_75' title="bbox 2139 4994 3730 5078">
    <p class='ocr_par' dir='ltr' id='par_1_75' title="bbox 2139 4994 3730 5078">
     <span class='ocr_line' id='line_1_75' title="bbox 2139 4994 3730 5078; baseline -0.01 -18"><span class='ocrx_word' id='word_1_547' title='bbox 2139 5021 2298 5078; x_wconf 88' lang='lat' dir='ltr'><strong>quam</strong></span> <span class='ocrx_word' id='word_1_548' title='bbox 2359 5006 2554 5074; x_wconf 89' lang='lat' dir='ltr'><strong>lupus;</strong></span> <span class='ocrx_word' id='word_1_549' title='bbox 2586 5011 2665 5058; x_wconf 90' lang='lat' dir='ltr'><strong>tot</strong></span> <span class='ocrx_word' id='word_1_550' title='bbox 2687 5011 2812 5057; x_wconf 89' lang='lat' dir='ltr'><strong>sunt</strong></span> <span class='ocrx_word' id='word_1_551' title='bbox 2837 4999 3021 5069; x_wconf 56' lang='lat' dir='ltr'><strong>spica},</strong></span> <span class='ocrx_word' id='word_1_552' title='bbox 3049 5007 3102 5052; x_wconf 91' lang='lat' dir='ltr'><strong>et</strong></span> <span class='ocrx_word' id='word_1_553' title='bbox 3126 5011 3387 5066; x_wconf 89' lang='lat' dir='ltr'><strong>nusquam</strong></span> <span class='ocrx_word' id='word_1_554' title='bbox 3413 4994 3621 5061; x_wconf 67' lang='lat' dir='ltr'><strong>spinae;</strong></span> <span class='ocrx_word' id='word_1_555' title='bbox 3651 5003 3730 5045; x_wconf 85' lang='lat' dir='ltr'><strong>tot</strong></span> 
     </span>
    </p>
   </div>
   <div class='ocr_carea' id='block_1_76' title="bbox 2139 5083 3733 5162">
    <p class='ocr_par' dir='ltr' id='par_1_76' title="bbox 2139 5083 3733 5162">
     <span class='ocr_line' id='line_1_76' title="bbox 2139 5083 3733 5162; baseline -0.012 -9"><span class='ocrx_word' id='word_1_556' title='bbox 2139 5105 2266 5152; x_wconf 88' lang='lat' dir='ltr'><strong>sunt</strong></span> <span class='ocrx_word' id='word_1_557' title='bbox 2299 5097 2457 5162; x_wconf 87' lang='lat' dir='ltr'><strong>vites,</strong></span> <span class='ocrx_word' id='word_1_558' title='bbox 2479 5104 2534 5151; x_wconf 90' lang='lat' dir='ltr'><strong>et</strong></span> <span class='ocrx_word' id='word_1_559' title='bbox 2560 5107 2822 5162; x_wconf 88' lang='lat' dir='ltr'><strong>nusquam</strong></span> <span class='ocrx_word' id='word_1_560' title='bbox 2852 5091 3059 5160; x_wconf 89' lang='lat' dir='ltr'><strong>vulpes.</strong></span> <span class='ocrx_word' id='word_1_561' title='bbox 3088 5087 3365 5142; x_wconf 75' lang='lat' dir='ltr'><strong>liordaces</strong></span> <span class='ocrx_word' id='word_1_562' title='bbox 3391 5083 3575 5140; x_wconf 69' lang='lat' dir='ltr'><strong>hostire</strong></span> <span class='ocrx_word' id='word_1_563' title='bbox 3605 5084 3733 5136; x_wconf 78' lang='lat' dir='ltr'><strong>sub-</strong></span> 
     </span>
    </p>
   </div>
   <div class='ocr_carea' id='block_1_77' title="bbox 2142 5175 3735 5258">
    <p class='ocr_par' dir='ltr' id='par_1_77' title="bbox 2142 5175 3735 5258">
     <span class='ocr_line' id='line_1_77' title="bbox 2142 5175 3735 5258; baseline -0.013 -9"><span class='ocrx_word' id='word_1_564' title='bbox 2142 5209 2334 5249; x_wconf 76' lang='lat' dir='ltr'><strong>mersa:</strong></span> <span class='ocrx_word' id='word_1_565' title='bbox 2367 5200 2511 5256; x_wconf 89' lang='lat' dir='ltr'><strong>sunt,</strong></span> <span class='ocrx_word' id='word_1_566' title='bbox 2540 5189 2649 5258; x_wconf 90' lang='lat' dir='ltr'><strong>lupi</strong></span> <span class='ocrx_word' id='word_1_567' title='bbox 2677 5186 2944 5257; x_wconf 78' lang='lat' dir='ltr'><strong>fugerunt.</strong></span> <span class='ocrx_word' id='word_1_568' title='bbox 2972 5184 3106 5249; x_wconf 82' lang='lat' dir='ltr'><strong>Quis</strong></span> <span class='ocrx_word' id='word_1_569' title='bbox 3139 5183 3260 5236; x_wconf 88' lang='lat' dir='ltr'><strong>illos</strong></span> <span class='ocrx_word' id='word_1_570' title='bbox 3280 5181 3591 5248; x_wconf 63' lang='lat' dir='ltr'><strong>ianuutus</strong></span> <span class='ocrx_word' id='word_1_571' title='bbox 3609 5175 3735 5230; x_wconf 74' lang='lat' dir='ltr'><strong>est?</strong></span> 
     </span>
    </p>
   </div>
   <div class='ocr_carea' id='block_1_78' title="bbox 2137 5268 3731 5357">
    <p class='ocr_par' dir='ltr' id='par_1_78' title="bbox 2137 5268 3731 5357">
     <span class='ocr_line' id='line_1_78' title="bbox 2137 5268 3731 5357; baseline -0.016 -13"><span class='ocrx_word' id='word_1_572' title='bbox 2137 5289 2256 5344; x_wconf 88' lang='lat' dir='ltr'><strong>Non</strong></span> <span class='ocrx_word' id='word_1_573' title='bbox 2271 5301 2370 5357; x_wconf 90' lang='lat' dir='ltr'><strong>ego</strong></span> <span class='ocrx_word' id='word_1_574' title='bbox 2391 5295 2590 5356; x_wconf 90' lang='lat' dir='ltr'><strong>pastor,</strong></span> <span class='ocrx_word' id='word_1_575' title='bbox 2609 5283 2702 5337; x_wconf 87' lang='lat' dir='ltr'><strong>sed</strong></span> <span class='ocrx_word' id='word_1_576' title='bbox 2724 5295 2818 5336; x_wconf 82' lang='lat' dir='ltr'><strong>vos</strong></span> <span class='ocrx_word' id='word_1_577' title='bbox 2837 5292 2986 5333; x_wconf 90' lang='lat' dir='ltr'><strong>oves.</strong></span> <span class='ocrx_word' id='word_1_578' title='bbox 3013 5276 3058 5333; x_wconf 91' lang='grc' dir='ltr'>Ο</span> <span class='ocrx_word' id='word_1_579' title='bbox 3077 5274 3325 5330; x_wconf 89' lang='lat' dir='ltr'><strong>nobilitas</strong></span> <span class='ocrx_word' id='word_1_580' title='bbox 3353 5271 3536 5326; x_wconf 78' lang='lat' dir='ltr'><strong>ovium</strong></span> <span class='ocrx_word' id='word_1_581' title='bbox 3558 5271 3572 5323; x_wconf 89' lang='lat'><strong>!</strong></span> <span class='ocrx_word' id='word_1_582' title='bbox 3595 5268 3731 5322; x_wconf 81' lang='lat' dir='ltr'><strong>Abs-</strong></span> 
     </span>
    </p>
   </div>
   <div class='ocr_carea' id='block_1_79' title="bbox 2140 5361 3733 5448">
    <p class='ocr_par' dir='ltr' id='par_1_79' title="bbox 2140 5361 3733 5448">
     <span class='ocr_line' id='line_1_79' title="bbox 2140 5361 3733 5448; baseline -0.016 -12"><span class='ocrx_word' id='word_1_583' title='bbox 2140 5389 2262 5436; x_wconf 91' lang='lat' dir='ltr'><strong>cnte</strong></span> <span class='ocrx_word' id='word_1_584' title='bbox 2295 5386 2530 5448; x_wconf 89' lang='lat' dir='ltr'><strong>pastore,</strong></span> <span class='ocrx_word' id='word_1_585' title='bbox 2574 5373 2730 5444; x_wconf 91' lang='lat' dir='ltr'><strong>lupos</strong></span> <span class='ocrx_word' id='word_1_586' title='bbox 2751 5369 3120 5442; x_wconf 87' lang='lat' dir='ltr'><strong>proﬂigarunt.</strong></span> <span class='ocrx_word' id='word_1_587' title='bbox 3143 5364 3188 5420; x_wconf 90' lang='lat'><strong>0</strong></span> <span class='ocrx_word' id='word_1_588' title='bbox 3205 5361 3543 5434; x_wconf 87' lang='lat' dir='ltr'><strong>pulchritudo</strong></span> <span class='ocrx_word' id='word_1_589' title='bbox 3566 5375 3733 5430; x_wconf 86' lang='lat' dir='ltr'><strong>spon-</strong></span> 
     </span>
    </p>
   </div>
   <div class='ocr_carea' id='block_1_80' title="bbox 2142 5448 3735 5536">
    <p class='ocr_par' dir='ltr' id='par_1_80' title="bbox 2142 5448 3735 5536">
     <span class='ocr_line' id='line_1_80' title="bbox 2142 5448 3735 5536; baseline -0.016 -11"><span class='ocrx_word' id='word_1_590' title='bbox 2142 5486 2216 5526; x_wconf 75' lang='lat' dir='ltr'><strong>sa:</strong></span> <span class='ocrx_word' id='word_1_591' title='bbox 2240 5510 2255 5536; x_wconf 93' lang='lat'><strong>,</strong></span> <span class='ocrx_word' id='word_1_592' title='bbox 2285 5469 2392 5522; x_wconf 92' lang='lat' dir='ltr'><strong>imo</strong></span> <span class='ocrx_word' id='word_1_593' title='bbox 2423 5465 2601 5536; x_wconf 90' lang='lat' dir='ltr'><strong>potius</strong></span> <span class='ocrx_word' id='word_1_594' title='bbox 2629 5463 2846 5518; x_wconf 84' lang='lat' dir='ltr'><strong>castitas</strong></span> <span class='ocrx_word' id='word_1_595' title='bbox 2872 5461 2888 5514; x_wconf 83' lang='grc' dir='ltr'><strong>ι</strong></span> <span class='ocrx_word' id='word_1_596' title='bbox 2931 5458 3154 5515; x_wconf 88' lang='lat' dir='ltr'><strong>absente</strong></span> <span class='ocrx_word' id='word_1_597' title='bbox 3180 5456 3295 5510; x_wconf 90' lang='lat' dir='ltr'><strong>viro</strong></span> <span class='ocrx_word' id='word_1_598' title='bbox 3321 5453 3592 5508; x_wconf 89' lang='lat' dir='ltr'><strong>adulteros</strong></span> <span class='ocrx_word' id='word_1_599' title='bbox 3639 5448 3735 5503; x_wconf 66' lang='lat' dir='ltr'><strong>ah-</strong></span> 
     </span>
    </p>
   </div>
   <div class='ocr_carea' id='block_1_81' title="bbox 2142 5543 3737 5633">
    <p class='ocr_par' dir='ltr' id='par_1_81' title="bbox 2142 5543 3737 5633">
     <span class='ocr_line' id='line_1_81' title="bbox 2142 5543 3737 5633; baseline -0.016 -15"><span class='ocrx_word' id='word_1_600' title='bbox 2142 5566 2270 5633; x_wconf 83' lang='lat' dir='ltr'><strong>egit.</strong></span> <span class='ocrx_word' id='word_1_601' title='bbox 2299 5561 2345 5616; x_wconf 89' lang='lat'>0</span> <span class='ocrx_word' id='word_1_602' title='bbox 2372 5556 2712 5629; x_wconf 84' lang='lat' dir='ltr'><strong>pulchritudo</strong></span> <span class='ocrx_word' id='word_1_603' title='bbox 2739 5563 2793 5610; x_wconf 90' lang='lat' dir='ltr'><strong>et</strong></span> <span class='ocrx_word' id='word_1_604' title='bbox 2818 5553 3035 5609; x_wconf 86' lang='lat' dir='ltr'><strong>castitas</strong></span> <span class='ocrx_word' id='word_1_605' title='bbox 3058 5549 3302 5620; x_wconf 65' lang='lat' dir='ltr'><strong>sponsae!</strong></span> <span class='ocrx_word' id='word_1_606' title='bbox 3354 5543 3590 5602; x_wconf 88' lang='lat' dir='ltr'><strong>ostendit</strong></span> <span class='ocrx_word' id='word_1_607' title='bbox 3621 5543 3737 5612; x_wconf 82' lang='lat' dir='ltr'><strong>pul—</strong></span> 
     </span>
    </p>
   </div>
   <div class='ocr_carea' id='block_1_82' title="bbox 2141 5633 3735 5715">
    <p class='ocr_par' dir='ltr' id='par_1_82' title="bbox 2141 5633 3735 5715">
     <span class='ocr_line' id='line_1_82' title="bbox 2141 5633 3735 5715; baseline -0.015 -7"><span class='ocrx_word' id='word_1_608' title='bbox 2141 5651 2529 5714; x_wconf 90' lang='lat' dir='ltr'><strong>chritudinem;</strong></span> <span class='ocrx_word' id='word_1_609' title='bbox 2561 5646 2794 5701; x_wconf 84' lang='lat' dir='ltr'><strong>ostendit</strong></span> <span class='ocrx_word' id='word_1_610' title='bbox 2821 5651 2876 5698; x_wconf 92' lang='lat' dir='ltr'><strong>et</strong></span> <span class='ocrx_word' id='word_1_611' title='bbox 2920 5641 3264 5715; x_wconf 88' lang='lat' dir='ltr'><strong>probitatem.</strong></span> <span class='ocrx_word' id='word_1_612' title='bbox 3313 5634 3594 5704; x_wconf 86' lang='lat' dir='ltr'><strong>Quomodo</strong></span> <span class='ocrx_word' id='word_1_613' title='bbox 3649 5633 3735 5685; x_wconf 85' lang='lat' dir='ltr'><strong>ab-</strong></span> 
     </span>
    </p>
   </div>
   <div class='ocr_carea' id='block_1_83' title="bbox 2142 5723 3736 5816">
    <p class='ocr_par' dir='ltr' id='par_1_83' title="bbox 2142 5723 3736 5816">
     <span class='ocr_line' id='line_1_83' title="bbox 2142 5723 3736 5816; baseline -0.018 -14"><span class='ocrx_word' id='word_1_614' title='bbox 2142 5746 2298 5816; x_wconf 81' lang='lat' dir='ltr'><strong>egisti</strong></span> <span class='ocrx_word' id='word_1_615' title='bbox 2353 5738 2678 5798; x_wconf 84' lang='lat' dir='ltr'><strong>adulteros?</strong></span> <span class='ocrx_word' id='word_1_616' title='bbox 2739 5735 2893 5804; x_wconf 88' lang='lat' dir='ltr'><strong>Quod</strong></span> <span class='ocrx_word' id='word_1_617' title='bbox 2947 5734 3120 5788; x_wconf 80' lang='lat' dir='ltr'><strong>virum</strong></span> <span class='ocrx_word' id='word_1_618' title='bbox 3160 5744 3390 5785; x_wconf 89' lang='lat' dir='ltr'><strong>amares.</strong></span> <span class='ocrx_word' id='word_1_619' title='bbox 3457 5723 3736 5816; x_wconf 80' lang='lat' dir='ltr'><strong>Quomodo</strong></span> 
     </span>
    </p>
   </div>
   <div class='ocr_carea' id='block_1_84' title="bbox 2145 5815 3739 5907">
    <p class='ocr_par' dir='ltr' id='par_1_84' title="bbox 2145 5815 3739 5907">
     <span class='ocr_line' id='line_1_84' title="bbox 2145 5815 3739 5907; baseline -0.018 -14"><span class='ocrx_word' id='word_1_620' title='bbox 2145 5815 2368 5907; x_wconf 80' lang='lat' dir='ltr'><strong>abegisti</strong></span> <span class='ocrx_word' id='word_1_621' title='bbox 2397 5833 2707 5888; x_wconf 77' lang='lat' dir='ltr'><strong>adulteros?</strong></span> <span class='ocrx_word' id='word_1_622' title='bbox 2735 5825 3008 5883; x_wconf 85' lang='lat' dir='ltr'><strong>Castitatis</strong></span> <span class='ocrx_word' id='word_1_623' title='bbox 3038 5821 3423 5895; x_wconf 86' lang='lat' dir='ltr'><strong>magnitudine.</strong></span> <span class='ocrx_word' id='word_1_624' title='bbox 3461 5817 3576 5873; x_wconf 88' lang='lat' dir='ltr'><strong>Non</strong></span> <span class='ocrx_word' id='word_1_625' title='bbox 3607 5815 3739 5869; x_wconf 91' lang='lat' dir='ltr'><strong>arri-</strong></span> 
     </span>
    </p>
   </div>
  </div>
