4036 6386
270 356 363 413 ιιι

283 546 638 620 chritudiuem
669 583 850 622 meam
873 612 889 636 ,
939 586 1045 625 non
1090 546 1329 627 tulerunt
1370 572 1736 644 splendorem.
1773 546 1879 631 Ubi

280 655 563 711 nuneillil
607 657 664 712 In
708 660 1053 728 turpitudine.
1089 660 1189 718 Ubi
1231 662 1367 717 nos?
1415 664 1471 718 In
1502 660 1877 721 exsultatione.

1390 364 1620 424 SERMO
1658 361 1827 421 POST
1866 365 2173 428 REDITUM
2211 374 2303 430 AB
2339 374 2630 437 EXSILIO.

279 472 365 542 pui
390 485 563 552 arma,
587 488 701 529 non
737 475 942 543 hastas,
976 492 1082 532 non
1121 479 1326 549 clipeos
1356 497 1371 536 :
1402 481 1612 538 ostendi
1640 482 1745 537 illis
1771 483 1880 552 pul-

3472 397 3578 451 ΗΞ

1984 502 2073 556 per
2112 488 2249 556 ﬁlios
2286 501 2471 546 vestros
2510 492 2683 564 (Paul.
2722 495 2841 552 H3.
2875 498 3000 571 14),
3032 499 3468 573 alacritatemque
3495 520 3579 561 ve-

1984 589 2153 636 stram
2197 584 2351 653 quasi
2396 598 2590 657 sagena
2617 588 2816 657 capiat.
2848 588 2949 645 Hic
2973 605 3102 646 vero
3140 591 3300 649 linem
3328 593 3579 664 loquendi

1986 668 2274 741 faciamus,
2314 676 2368 729 iu
2410 676 2658 731 omnibus
2698 679 2898 748 gratias
2925 690 3147 751 agentes
3185 683 3416 755 benigno
3445 687 3576 755 Deo,

280 747 639 818 Imperatores
669 751 988 818 nobiscum;
1017 754 1288 824 principes
1331 754 1632 811 nobiscum.
1676 756 1882 826 Ecquid
1985 762 2073 819 cui
2098 764 2266 833 gloria
2292 766 2346 820 in
2376 767 2593 823 saecula.
2624 747 2818 824 Amen.

276 841 452 897 dicam
468 841 493 896 l
519 842 652 913 quid
674 843 867 915 loquar
881 844 906 899 τ
922 844 1146 927 Adjiciat
1165 845 1415 902 Dominus
1439 864 1592 917 super
1615 863 1700 902 vos
1719 856 1876 903 etsu—
1936 922 1943 925 ν

278 998 3153 1026 ._____________._________._________________________

1240 1095 1438 1160 POST
1481 1097 1842 1159 BEDITUM
1886 1097 1941 1158 Λ
1983 1099 2274 1163 ΡΒΙΟΒΕ
2315 1104 2664 1169 EXSILIO.

347 1261 493 1330 Quid
518 1261 736 1317 dicam?
773 1262 898 1332 quid
923 1262 1156 1334 loquar?
1182 1262 1503 1319 Benedictus
1535 1263 1695 1320 Deus.
1724 1263 1877 1319 Hunc

275 1352 568 1422 egrediens
599 1352 709 1408 dixi
738 1367 1075 1419 sermonem,
1102 1354 1245 1409 hunc
1271 1354 1455 1409 iteravi
1486 1362 1792 1420 revertens,
1824 1363 1878 1409 et

278 1444 392 1499 illic
427 1444 761 1500 constitutus
785 1443 928 1498 hunc
954 1444 1008 1499 in
1038 1459 1133 1500 ore
1161 1444 1463 1500 volvebam.
1491 1446 1629 1501 Puto
1654 1459 1749 1501 vos
1771 1460 1877 1501 me-

277 1536 545 1604 minisse,
593 1552 715 1593 cum
760 1545 884 1592 ante
912 1536 1014 1593 hoc
1056 1537 1271 1592 beatum
1298 1534 1399 1593 Job
1439 1537 1783 1593 adduxissem
1824 1537 1876 1591 in

278 1628 463 1685 medio
500 1629 767 1685 dicentem
793 1647 807 1683 :
840 1630 922 1685 Sit
947 1646 1125 1685 nomen
1154 1629 1360 1686 Domini
1389 1630 1703 1685 benedictum
1733 1629 1877 1702 (Job

284 1722 338 1775 1.
366 1719 485 1793 21).
536 1720 683 1775 Hanc
708 1722 862 1777 vobis
907 1721 1184 1777 historiam
1232 1721 1520 1793 dereliqui,
1566 1721 1662 1775 has
1689 1721 1879 1793 gratia-

282 1827 401 1867 rum
427 1812 671 1867 aetioncs
693 1813 898 1868 iterabo
926 1828 1223 1883 regressus.
1252 1812 1335 1869 Sit
1359 1828 1539 1872 nomen
1566 1812 1774 1867 Domini
1792 1813 1878 1868 be-

282 1906 539 1960 nedictum
585 1907 638 1960 in
677 1907 884 1961 secula.
933 1906 1167 1962 Diversa:
1200 1921 1379 1963 rerum
1421 1921 1620 1972 causa},
1648 1905 1743 1963 sed
1771 1921 1877 1962 una

279 1996 618 2067 glorificatio.
651 1997 714 2052 Et
745 2012 866 2053 eum
893 1999 1224 2069 expellebar,
1274 1998 1676 2066 benedicebam,
1708 2007 1765 2054 et
1792 2014 1879 2054 re-

281 2105 472 2146 versus
501 2091 697 2146 iterum
723 2092 1001 2147 benedice.
1046 2093 1116 2148 Et
1148 2093 1193 2149 si
1235 2095 1397 2149 variae.
1422 2093 1637 2164 quidem
1664 2107 1874 2160 eausm,

282 2183 377 2239 sed
404 2198 511 2238 una
539 2183 800 2239 deﬁnitio.
831 2185 1004 2255 Super
1028 2185 1257 2240 hiemem
1285 2194 1339 2240 et
1364 2195 1603 2242 testatem
1634 2200 1773 2241 unus
1793 2195 1879 2242 est

284 2275 408 2331 linis
435 2292 453 2330 :
480 2276 725 2344 cultui-te,
759 2275 1006 2332 fertilitas
1039 2278 1372 2349 subsequens
1414 2280 1610 2350 campi.
1658 2279 1876 2336 Benedi-

283 2375 401 2421 ctus
432 2366 593 2432 Deus,
624 2368 714 2438 qui
745 2370 1012 2424 concessit
1035 2370 1218 2434 exire;
1260 2370 1571 2427 benedictus
1593 2372 1757 2441 Deus,
1784 2374 1875 2444 qui

283 2462 464 2518 redire
489 2464 772 2533 prtecepit;
801 2463 1117 2521 benedictus
1147 2466 1317 2530 Deus,
1352 2467 1441 2537 qui
1474 2467 1720 2538 permisit
1757 2468 1874 2523 hio-

284 2569 457 2620 mem;
482 2554 796 2611 benedictus
822 2558 980 2625 Deus,
1007 2559 1097 2629 qui
1120 2559 1365 2615 dissolvit
1388 2560 1640 2629 hiemem,
1670 2571 1726 2618 et
1752 2562 1877 2618 fecit

285 2646 744 2715 tranquillitatem.
776 2647 905 2703 Hare
931 2649 1051 2705 dico
1080 2649 1375 2708 admonens
1404 2667 1521 2719 vos,
1569 2661 1629 2708 ut
1662 2670 1876 2724 semper

283 2737 634 2793 benedicatis.
665 2738 721 2795 Si
746 2741 1025 2796 evenerint
1054 2743 1214 2809 mala,
1244 2743 1565 2811 benedicite,
1594 2755 1648 2800 et
1681 2745 1874 2801 dissul-

282 2837 478 2884 vcntur
498 2830 657 2884 mala.
684 2831 742 2885 Si
767 2847 1020 2903 prospera
1049 2835 1313 2902 venerint,
1336 2834 1654 2900 benedicite,
1680 2845 1733 2891 et
1755 2853 1874 2908 per-

283 2921 607 2976 severabunt
638 2936 911 2993 prospera.
941 2923 1214 2995 Siquidem
1236 2923 1338 2981 Job
1366 2940 1487 2981 cum
1519 2927 1572 2982 in
1605 2930 1874 2999 prosperis

285 3017 449 3075 esset,
503 3010 856 3068 benedicehat
885 3029 899 3068 :
928 3025 980 3068 et
1009 3030 1131 3070 cum
1190 3030 1393 3086 pauper
1438 3026 1581 3072 esset
1626 3016 1870 3081 effectus,

284 3102 632 3171 gloriﬁcabat.
680 3104 866 3176 Neque
895 3113 1019 3162 tunc
1057 3107 1294 3178 ingratus
1320 3107 1439 3176 fuit,
1491 3124 1665 3180 neque
1690 3120 1871 3181 postea

285 3194 692 3265 blasphemavit.
725 3197 946 3253 Diversa
974 3199 1188 3270 quidem
1221 3209 1481 3270 tempora,
1526 3202 1623 3257 sed
1653 3218 1753 3257 una
1779 3219 1874 3255 vo-

283 3284 460 3341 luntas
484 3303 500 3340 :
531 3287 878 3357 gubernantis
903 3300 1079 3345 actum
1106 3306 1207 3347 nec
1231 3292 1585 3363 tranquillitas
1625 3294 1869 3358 resolvit.

285 3393 383 3433 nec
412 3389 702 3450 tempestas
741 3381 935 3438 hiemis
972 3383 1252 3455 demergit.
1282 3384 1601 3442 Benedictus
1631 3387 1792 3455 Deus,
1819 3399 1874 3445 et

284 3488 403 3529 cum
424 3490 454 3529 a
473 3476 626 3531 vobis
642 3492 758 3533 sum
780 3489 1110 3550 segregatus,
1134 3489 1188 3536 et
1203 3496 1322 3536 eum
1346 3481 1535 3536 iterum
1561 3483 1738 3554 recepi
1754 3499 1870 3538 vos.

286 3565 339 3619 In
365 3575 597 3636 utroque
626 3568 719 3623 Dei
738 3570 1073 3639 providentia
1096 3581 1199 3626 est.
1223 3571 1511 3641 Separatus
1531 3586 1559 3626 a
1583 3573 1735 3629 vobis
1755 3589 1875 3630 cor-

284 3674 435 3729 pore,
463 3660 560 3716 sed
584 3664 763 3717 anima
780 3678 885 3718 non
909 3676 1025 3719 sum
1050 3680 1080 3719 a
1109 3664 1259 3720 vobis
1280 3666 1499 3721 divisus.
1520 3664 1587 3721 Et
1612 3682 1675 3723 ex
1693 3678 1873 3723 vestro

285 3751 475 3809 atl'ecto
498 3768 677 3810 meum
706 3757 969 3812 utetimini
989 3758 1244 3814 animum.
1278 3758 1344 3814 Et
1363 3759 1488 3829 quid
1515 3759 1728 3815 dicam?
1755 3761 1871 3815 Non

282 3858 398 3897 sum
425 3856 702 3915 separatus
720 3862 751 3902 a
778 3848 953 3916 vobis,
983 3849 1076 3905 sed
1102 3850 1271 3919 magis
1296 3863 1556 3905 accensus
1586 3864 1703 3905 sum
1733 3850 1876 3907 desi-

282 3935 431 3991 derio
460 3937 646 4004 vestri,
667 3939 808 4009 quod
830 3940 989 3994 etiam
1015 3941 1084 3997 de
1108 3941 1264 3996 vobis
1291 3942 1523 3999 conﬁdo.
1553 3942 1691 3999 Nihil
1722 3946 1873 4002 nobis

285 4040 515 4082 nocuere
532 4026 755 4097 insidiae,
779 4030 908 4084 ttihil
931 4030 1067 4086 laesit
1087 4033 1302 4098 invidia,
1323 4033 1414 4088 sed
1434 4034 1601 4104 magis
1620 4051 1876 4109 augmen-

284 4125 394 4170 tum
432 4118 681 4186 prmstitit
711 4120 952 4185 caritati,
994 4129 1050 4176 et
1093 4123 1460 4193 multiplieavit
1492 4124 1871 4195 discipulorum

286 4223 568 4264 numerum
595 4228 607 4265 :
630 4221 756 4269 ante
780 4212 884 4268 hoc
904 4214 1043 4270 enim
1070 4215 1326 4287 diligebar
1345 4232 1373 4270 a
1402 4218 1554 4287 meis,
1586 4234 1725 4275 nunc
1746 4237 1875 4275 vero

286 4301 684 4358 ltonorificabor
702 4318 730 4357 a
759 4304 976 4360 Judmis.
1004 4305 1304 4377 Sperabant
1329 4324 1413 4364 me
1433 4325 1460 4363 a
1485 4310 1618 4365 meis
1645 4311 1766 4366 filiis
1789 4329 1873 4369 sc~

284 4408 495 4463 parare,
541 4395 636 4450 sed
677 4396 843 4467 magis
874 4398 1000 4452 mihi
1032 4408 1315 4454 extraneos
1344 4400 1715 4471 adjuuxerunt.
1759 4403 1875 4458 Non

284 4484 394 4540 illis
420 4500 573 4557 agam
596 4488 791 4557 gratias
819 4506 833 4541 :
867 4489 962 4544 sed
990 4490 1080 4545 Dei
1120 4492 1500 4547 misericordiae
1534 4492 1755 4563 gloriam
1787 4511 1879 4548 re-

283 4577 481 4646 feram,
506 4579 596 4648 qui
613 4588 834 4635 conatus
857 4581 1070 4637 illorum
1099 4584 1269 4638 malos
1289 4583 1341 4636 in
1367 4583 1557 4640 melius
1581 4596 1876 4640 commota-

282 4669 363 4722 vit
394 4687 411 4724 :
441 4685 563 4725 nam
593 4679 644 4725 et
671 4668 839 4726 Judaei
879 4675 1257 4731 crucilixerunt
1296 4675 1564 4733 Christum
1585 4717 1601 4740 ,
1641 4686 1695 4733 et
1735 4677 1876 4733 illius

283 4771 461 4818 morte
488 4762 773 4821 humanum
796 4767 1055 4821 salvatum
1077 4776 1160 4820 est
1178 4782 1379 4838 genus;
1412 4784 1516 4821 non
1540 4769 1643 4822 illis
1665 4769 1870 4838 gratim,

281 4853 383 4908 sed
424 4855 700 4911 crucifixo.
748 4858 1101 4914 Considerent
1138 4858 1264 4928 quid
1307 4858 1432 4913 boui
1476 4874 1649 4929 pugna
1688 4873 1872 4913 eorum

281 4947 565 5014 praestitit,
607 4946 814 5004 insidiae
839 4965 1023 5020 eorum
1049 4951 1259 5020 qualem
1290 4950 1443 5005 nobis
1473 4951 1708 5006 lietitiam
1738 4967 1875 5021 prm-

282 5048 629 5107 paraveruut.
675 5040 818 5095 Ante
862 5039 966 5094 hoe
1007 5041 1219 5111 quidem
1264 5041 1487 5096 ecclesia
1547 5040 1870 5110 replebatur,

279 5125 380 5182 sed
411 5142 550 5183 nunc
586 5138 640 5184 et
666 5129 719 5185 in
749 5130 940 5200 plateis
968 5131 1211 5187 ecclesiis
1239 5131 1390 5188 facta:
1416 5141 1559 5187 sunt.
1594 5131 1661 5187 Et
1680 5133 1872 5187 unani-

283 5232 422 5283 mes,
454 5228 510 5274 et
536 5222 808 5291 conjuncti
851 5221 1144 5292 psallentes
1165 5265 1179 5289 ,
1214 5222 1312 5277 Dei
1344 5222 1395 5276 in
1436 5236 1533 5276 vos
1573 5224 1872 5291 provocatis

277 5323 556 5382 aspectum
585 5332 599 5369 :
636 5328 800 5371 voces
828 5325 1020 5371 vestrae
1046 5316 1163 5371 caeli
1194 5324 1398 5371 secreta
1423 5325 1787 5386 penetrarunt,
1818 5326 1876 5372 ut

278 5407 457 5460 omnis
508 5415 639 5462 artas
680 5418 889 5463 vestras
939 5407 1263 5477 psalmodias
1318 5408 1601 5463 miraretur
1646 5417 1870 5463 attenta.

277 5499 478 5555 Cursus
502 5514 763 5571 equorum
796 5499 954 5555 hodie
973 5543 988 5568 ,
1019 5510 1075 5556 et
1099 5502 1249 5570 pauci
1287 5501 1412 5558 illuc
1431 5543 1446 5566 ,
1478 5502 1586 5556 imo
1614 5503 1791 5558 cuncti
1821 5506 1870 5558 in

276 5590 499 5649 ecclesia
534 5610 549 5647 :
580 5591 733 5664 quasi
766 5599 976 5647 torrens
1002 5592 1213 5663 quidam
1240 5607 1304 5648 ac
1328 5593 1520 5648 ﬂuvius
1539 5604 1712 5649 veStra
1736 5594 1869 5649 faeta

278 5691 361 5740 est
377 5684 686 5743 multitudo.
705 5682 879 5740 Voces
898 5693 1089 5740 vestrae
1112 5685 1388 5741 elevantur
1402 5683 1469 5740 ad
1486 5685 1694 5752 caelum,
1722 5702 1870 5741 amo-

282 5792 397 5834 rem
421 5778 518 5855 qui
547 5776 616 5834 ad
649 5784 861 5846 patrem
881 5785 967 5831 est
980 5776 1338 5833 ostendentes.
1363 5774 1646 5833 Orationes
1675 5789 1868 5834 vestrae

1985 1284 2165 1324 meum
2196 1282 2591 1329 coronaverunt
2610 1284 2790 1345 caput.
2818 1272 3001 1332 Oratio
3027 1279 3173 1337 omni
3212 1281 3397 1338 monili
3426 1297 3569 1353 pra-

1957 1363 2178 1423 ,clarinr
2208 1363 2309 1419 viri
2339 1374 2395 1421 et
2422 1366 2681 1423 mulieris.
2711 1366 2779 1424 In
2808 1368 3009 1426 Christo
3038 1373 3172 1427 enim
3193 1372 3320 1428 Jan
3339 1391 3439 1430 non
3464 1393 3576 1430 me

1989 1455 2190 1520 acutus,
2216 1472 2378 1526 neque
2416 1455 2614 1525 femina
2648 1454 2791 1527 (Gal.
2832 1456 2885 1511 5.
2917 1456 3009 1526 ‘28)
3041 1456 3288 1523 Qualiter
3315 1472 3567 1511 enarrem

1991 1548 2257 1618 potentias
2287 1547 2522 1615 Domini,
2552 1559 2647 1604 aut
2667 1546 2934 1603 mirabilia
2958 1546 3081 1617 ejus
3100 1548 3454 1604 recenseam?
3479 1545 3567 1601 Vi-

1990 1640 2126 1695 detis
2139 1639 2264 1709 quia
2278 1639 2422 1708 quod
2435 1639 2561 1694 dico
2575 1654 2763 1694 verum
2782 1647 2866 1694 est
2882 1653 2895 1690 :
2911 1636 3181 1704 Quoniam
3197 1637 3242 1692 si
3258 1638 3384 1708 quis
3395 1645 3570 1693 tenta-

1991 1728 2191 1786 tionem
2222 1729 2450 1784 viriliter
2476 1730 2679 1796 tulerit,
2718 1745 2970 1799 magnum
3007 1744 3075 1784 ex
3119 1729 3237 1800 ipsa
3271 1729 3573 1784 vindemiat

1990 1818 2252 1878 fructum.
2276 1818 2401 1876 ideo
2416 1834 2514 1875 vos
2531 1820 2597 1874 ad
2615 1821 2893 1889 apostolos
2919 1818 3165 1887 invitavi,
3183 1827 3245 1875 ut
3259 1819 3325 1875 ad
3342 1835 3460 1885 eos,
3477 1821 3571 1890 qui

1990 1912 2282 1984 aliquando
2299 1915 2727 1982 persecutionem
2746 1912 2891 1982 passi
2908 1910 3141 1978 fuerant,
3164 1911 3490 1967 veniremus.
3514 1910 3578 1964 Et

1990 2019 2094 2060 nos
2126 2004 2343 2075 quidem
2378 2003 2605 2062 insidias
2634 2004 2804 2074 passi,
2844 2004 2919 2060 illi
2947 2019 3077 2061 vero
3117 2003 3436 2074 impugnati.
3470 2003 3575 2057 Sed

1990 2094 2197 2152 inimici
2241 2094 2347 2151 illis
2384 2095 2518 2150 nihil
2554 2103 2904 2153 nocuerunt:
2939 2095 3068 2165 quia
3105 2095 3195 2150 isti
3224 2095 3412 2151 orbem
3464 2104 3575 2152 ter-

1992 2204 2179 2245 rarum
2198 2186 2872 2245 lucraveruut.Veniamus
2890 2188 2960 2244 ad
2978 2198 3169 2244 sancta
3196 2202 3576 2259 corpora,qu;e

1992 2280 2197 2339 Christi
2227 2282 2482 2353 stigmata
2528 2290 2920 2352 portaverunt.
2957 2280 3255 2337 Veniamus
3292 2281 3361 2334 ad
3386 2279 3575 2335 Timo—

1964 2373 2180 2430 theum
2199 2387 2398 2428 novum
2418 2373 2666 2441 Paulum,
2683 2372 3027 2429 etAudream
3070 2373 3301 2427 alterum
3329 2370 3573 2427 Petrum.

1994 2468 2285 2525 Credimus
2319 2468 2498 2539 juvari
2515 2483 2620 2525 nos
2638 2466 2857 2525 illorum
2878 2466 3107 2524 meritis.
3127 2466 3186 2521 Si
3219 2466 3431 2522 virilem
3461 2465 3579 2521 ani-

1995 2577 2145 2617 mum
2161 2562 2325 2633 geris,
2344 2573 2452 2617 non
2476 2560 2669 2617 timeas
2687 2559 3033 2616 tentationes.
3060 2557 3264 2615 Omnes
3279 2556 3452 2612 sancti
3480 2572 3578 2626 per

1997 2653 2099 2709 ista
2119 2650 2643 2708 transieruntMulta
2663 2650 2945 2707 tribulatio
2962 2648 3383 2717 corporum,sed
3397 2647 3577 2718 majus

1996 2744 2343 2815 refrigerium
2359 2744 2684 2799 animarum.
2706 2741 2932 2798 Praestet
2947 2757 3043 2797 vos
3073 2739 3333 2795 Dominus
3364 2754 3579 2808 semper

1996 2834 2275 2907 augeri,et
2297 2834 2537 2890 celebres
2552 2842 2856 2889 conventus
2878 2847 3057 2902 agere.
3074 2830 3257 2886 Gloria
3271 2831 3472 2901 quippe
3482 2847 3576 2901 pa-

1995 2926 2164 2984 storis
2184 2932 2270 2980 est
2283 2926 2463 2981 ovium
2484 2923 2789 2979 multitudo.
2802 2922 2940 2990 Quid
2957 2922 3149 2976 faciam
3163 2920 3323 2990 ?quid
3347 2920 3575 2992 loquar?

1995 3018 2267 3078 Incultum
2286 3018 2378 3075 ubi
2400 3017 2661 3074 seminem
2680 3031 2787 3072 non
2799 3016 2974 3073 habeo
2988 3029 3203 3086 agrum.
3227 3013 3465 3071 Extensa
3488 3021 3571 3070 est

1998 3127 2240 3185 propago
2250 3114 2463 3179 vitium,
2479 3109 2776 3182 perfectum
2800 3108 3177 3178 esttemplum,
3195 3117 3369 3178 ctpra:
3384 3106 3573 3162 molti~

1997 3207 2190 3263 tudine
2202 3205 2435 3279 piscium
2448 3210 2773 3275 rumpuntur
2790 3201 2924 3257 retia
2936 3215 3054 3255 mea
3064 3198 3222 3267 .Qoid
3235 3198 3458 3253 faciam?
3471 3196 3574 3252 La-

1977 3300 2202 3358 horandi
2239 3300 2417 3356 locum
2454 3313 2562 3354 non
2592 3296 2765 3353 habeo
2785 3341 2800 3363 ,
2826 3294 3089 3369 gaudendi
3122 3293 3292 3350 habeo
3337 3303 3568 3363 tempus.

1977 3390 2103 3447 Ideo
2154 3392 2388 3462 loquor:
2432 3403 2539 3444 non
2589 3389 2713 3460 quia
2760 3387 3009 3461 indigetis
3048 3385 3330 3453 doctrina,
3375 3383 3470 3439 sed
3514 3394 3575 3437 ut

1978 3499 2153 3538 meam
2184 3483 2513 3536 voluntatem
2546 3479 2698 3535 vobis
2719 3477 3019 3534 ostendam.
3049 3475 3261 3546 Ubique
3288 3475 3452 3546 spicm
3471 3489 3568 3527 (εο-

1977 3585 2146 3633 mant.
2172 3572 2359 3629 Tantae
2386 3587 2517 3631 oves
2536 3614 2550 3639 ,
2593 3580 2647 3625 et
2673 3585 2935 3640 nusquam
2962 3569 3159 3640 lupus;
3200 3575 3280 3622 tot
3303 3566 3488 3636 spicae,
3517 3577 3573 3619 et

1979 3683 2241 3740 nusquam
2282 3667 2500 3730 lolium;
2549 3674 2710 3718 tanta:
2750 3663 2955 3729 vinem,
2985 3669 3041 3715 et
3069 3673 3331 3729 nusquam
3361 3657 3570 3726 vulpes.

1979 3763 2081 3819 Ubi
2120 3775 2264 3817 nunc
2300 3760 2467 3814 latent
2507 3756 2649 3826 lupi?
2675 3770 2784 3826 quo
2808 3754 3054 3810 abierunt
3086 3751 3295 3822 vulpes,
3318 3763 3438 3819 qua:
3475 3764 3570 3803 eos

1978 3860 2317 3925 persequutae
2340 3848 2504 3905 sunt?
2532 3846 2577 3901 Ο
2600 3860 2713 3901 rem
2744 3844 3069 3899 inauditam!
3096 3851 3278 3913 pastor
3306 3839 3569 3910 quiescit,

1978 3954 2035 4001 et
2061 3959 2188 3999 oves
2228 3942 2474 4011 luporum
2513 3938 2714 4008 rapiem
2740 3936 3052 4006 abegerunt,
3085 3932 3304 3988 insidias
3331 3931 3567 4001 vulpium

1979 4041 2378 4109 oppresserunt.
2409 4031 2454 4086 Ο
2479 4031 2656 4084 ovium
2681 4027 2974 4099 sapientia!
3000 4041 3031 4080 o
3056 4025 3282 4080 filiorum
3310 4022 3564 4077 allectus!

1980 4144 2015 4185 ο
2052 4125 2432 4197 discipulorum
2466 4121 2697 4177 caritas!
2741 4135 2775 4174 ο
2807 4115 3146 4189 pulchritudo
3172 4114 3415 4185 sponsae!
3446 4113 3566 4167 abs-

1981 4230 2107 4277 ente
2139 4219 2254 4273 viro
2297 4214 2475 4285 abegit
2513 4212 2819 4276 adulteros;
2849 4217 3080 4266 ostensa:
3123 4214 3248 4262 sunt
3288 4204 3404 4275 ejus
3430 4203 3565 4259 divi-

1987 4313 2096 4378 tim,
2124 4307 2368 4382 apparuit
2398 4304 2753 4377 pulchritudo.
2783 4302 3045 4358 Latrones
3065 4299 3275 4355 confusi
3301 4297 3496 4361 ierunt,
3522 4309 3571 4350 et

1980 4403 2318 4474 aufugerunt.
2365 4399 2534 4455 Dicite
2576 4397 2744 4464 mihi,
2789 4393 3061 4467 quomodo
3095 4390 3405 4463 persequuti
3443 4389 3567 4444 estis

1981 4495 2177 4567 lupos?
2204 4491 2475 4566 quomodo
2505 4490 2780 4561 pepulistis
2820 4486 3097 4545 latrones?
3135 4480 3457 4555 Frequenti,
3492 4480 3574 4534 in-

1980 4570 2130 4661 quit,
2161 4587 2404 4645 oratione
2429 4583 2497 4639 ad
2525 4583 2714 4639 Deum.
2745 4579 3027 4647 Quomodo
3055 4575 3379 4647 despexistis
3418 4571 3561 4626 adulo

1980 4680 2165 4736 teros?
2189 4676 2490 4743 Continuis,
2518 4672 2708 4743 inquit,
2731 4670 2984 4742 lacrymis
3002 4709 3017 4734 ,
3057 4683 3123 4723 ex
3152 4664 3421 4721 desiderio
3445 4663 3562 4718 viri.

1982 4770 2099 4825 Non
2118 4768 2296 4838 accepi
2317 4782 2489 4834 arma,
2506 4779 2610 4821 non
2628 4760 2832 4831 sumpsi
2852 4761 3087 4822 lanceas,
3106 4772 3212 4811 non
3231 4754 3427 4825 arripui
3451 4769 3574 4809 seu-

1982 4852 2092 4915 tuin
2118 4876 2131 4911 :
2161 4857 2496 4913 solummodo
2526 4852 2733 4910 ostendi
2767 4851 2847 4907 eis
2883 4847 3332 4920 pulchritudinem
3357 4860 3568 4907 meam,

1979 4968 2083 5023 qua
2118 4958 2396 5022 perspecta
2421 4946 2680 5001 vulnerati
2713 4945 2978 5013 fugerunt.
3006 4939 3107 4996 Ubi
3136 4954 3279 4994 nunc
3306 4936 3420 4992 illi?
3441 4936 3582 4990 Pro-

1980 5044 2065 5099 cul
2085 5041 2249 5098 dubio
2276 5040 2328 5095 in
2353 5036 2687 5095 confusione.
2713 5034 2815 5092 Ubi
2841 5031 2973 5089 nos?
2999 5032 3054 5088 ln
3078 5031 3281 5086 laetitia.
3308 5028 3408 5086 Ubi
3432 5040 3574 5083 nunc

1978 5136 2103 5191 illi?
2127 5131 2479 5189 Conscientize
2500 5145 2609 5186 sua:
2635 5127 2777 5183 malo
2815 5120 3111 5182 tabcscunt.
3145 5123 3246 5180 Ubi
3271 5135 3401 5178 vero
3430 5120 3573 5175 nos?

1980 5227 2037 5282 In
2082 5241 2270 5298 magna
2303 5223 2661 5281 exsultatione
2692 5217 3054 5291 gloriﬁcamus
3092 5216 3282 5272 Deum.
3328 5211 3467 5280 Quid
3495 5211 3571 5266 di-

1979 5335 2095 5374 cam
2117 5318 2142 5371 ?
2170 5316 2296 5388 quid
2321 5313 2546 5385 loquar?
2566 5312 2789 5383 Adjiciat
2816 5310 3065 5363 Dominus
3093 5323 3243 5379 super
3265 5321 3373 5368 vos,
3419 5313 3464 5358 et
3487 5318 3575 5356 suo

1979 5427 2068 5482 per
2088 5408 2223 5478 ﬁlios
2251 5417 2439 5462 vestros
2476 5404 2644 5476 (Prol.
2680 5403 2803 5459 “5.
2834 5402 2925 5473 14)
2956 5418 2970 5454 :
3000 5409 3055 5455 et
3084 5398 3280 5454 allevet
3317 5395 3573 5450 Dominus

1979 5503 2185 5558 vultum
2213 5515 2408 5566 suum,
2437 5506 2491 5553 et
2516 5497 2832 5551 misereatur
2875 5491 3038 5548 vestri
3059 5533 3073 5554 ,
3111 5490 3164 5545 in
3191 5486 3407 5544 Christo
3445 5483 3572 5539 Jesn

1980 5594 2206 5650 Domino
2235 5600 2451 5651 nostro,
2483 5603 2605 5643 eum
2643 5602 2749 5658 quo
2788 5594 2871 5640 est
2897 5584 3007 5641 Deo
3044 5581 3211 5647 Patri,
3250 5587 3305 5634 et
3346 5575 3566 5646 Spiritui

1977 5693 2162 5741 sancto
2186 5682 2375 5745 honor,
2404 5678 2591 5752 gloria,
2634 5685 2689 5734 et
2711 5684 2950 5748 potestas
2974 5690 3071 5746 per
3111 5669 3443 5732 immortalia
3468 5682 3567 5723 Ste-

1977 5778 2115 5844 cola.
2141 5778 2329 5830 Amen.
