4036 6420
408 422 603 482 ,ιω

1270 422 1325 475 S.
1367 418 1645 478 JOANNIS
1669 415 2143 475 CHRYSOSTOMI
2183 416 2501 473 AR‘ClllEP.
2539 415 3078 472 CONSTANTINOP.

3717 417 3836 472 646

1457 621 1948 696 EJUSDEM
2011 618 2276 692 POST
2325 567 2830 698 REDITUM

1665 797 1706 838 Δ
1750 791 1982 836 PRIOBB
2011 789 2264 834 BXSILIO
2311 791 2608 839 HOMILLA.

570 1055 623 1112 1.
659 1050 792 1110 Cum
819 1055 1004 1113 Saram
1034 1056 1101 1113 ab
1128 1056 1433 1113 Abrahamo
1461 1057 1683 1113 abstulit
1708 1057 1939 1123 Pharao,
1966 1054 2089 1124 pul-

490 1148 686 1203 chram
731 1145 1126 1219 formosamque
1169 1149 1450 1205 mulierem
1487 1149 1760 1220 improbus
1798 1147 2088 1202 barbarus-

501 1249 607 1304 que
639 1233 924 1308 Egyptius
948 1279 962 1302 ,
996 1246 1051 1292 et
1092 1238 1289 1310 iniquis
1328 1239 1500 1294 oculis
1538 1239 1655 1309 ejus
1692 1237 2088 1308 pulchritudine

502 1338 824 1398 conspecta,
867 1330 1185 1385 adulterium
1230 1341 1538 1402 perpetrare
1571 1331 1778 1387 vellet:
1813 1340 1942 1386 tunc
1984 1344 2089 1384 non

501 1417 555 1472 in
577 1417 696 1488 ipso
728 1418 906 1474 statim
941 1420 1093 1476 initio
1127 1436 1338 1491 poenam
1361 1421 1578 1476 immisit
1596 1422 1752 1488 Deus,
1772 1419 1971 1490 utjusti
1995 1419 2092 1474 viri

498 1511 692 1577 virtus,
712 1513 952 1568 mulieris
979 1514 1433 1581 castitas,barbari
1459 1513 2093 1585 intemperantia,Deique

504 1600 812 1673 benignitas
833 1604 1132 1661 eminerent
1158 1621 1174 1660 :
1203 1606 1300 1662 viri
1322 1605 1450 1676 justi
1472 1605 1661 1673 virtus,
1692 1606 1813 1676 quia
1835 1619 1948 1660 rem
1969 1619 2092 1659 cum

506 1695 795 1761 gratiarum
817 1698 1025 1753 actione
1047 1698 1198 1765 tulit;
1227 1699 1466 1754 mulieris
1487 1700 1722 1765 castitas,
1747 1700 1869 1768 quia
1895 1700 1947 1754 in
1971 1699 2096 1754 bar-

504 1784 757 1842 barorum
789 1802 977 1842 manus
1005 1789 1220 1859 delapsa
1250 1790 1557 1860 pudicitiam
1585 1791 1850 1855 servavit;
1883 1790 2093 1844 barbari

507 1877 940 1949 intemperantia,
963 1881 1086 1951 quia
1113 1882 1343 1937 alienum
1370 1891 1546 1938 torum
1567 1883 1794 1949 invasit;
1825 1883 1918 1936 Dei
1940 1881 2093 1936 beni-

507 1968 700 2036 gnitas,
725 1971 975 2040 quoniam
996 1989 1118 2028 cum
1143 1989 1230 2029 res
1258 1973 1560 2029 hominibus
1582 1975 1876 2044 desperatae
1892 1983 2092 2040 essent,

503 2069 632 2114 tunc
669 2076 922 2118 coronam
948 2064 1094 2133 justo
1139 2066 1384 2121 contulit.
1430 2067 1554 2122 Haec
1594 2077 1720 2122 tunc
1760 2069 1816 2122 in
1859 2066 2098 2122 Abraha-

510 2165 656 2204 mum
678 2161 826 2222 gesta
848 2164 973 2210 sunt
991 2173 1004 2210 :
1025 2166 1169 2226 gesta
1199 2157 1324 2213 item
1346 2157 1506 2214 hodie
1521 2159 1575 2214 in
1598 2159 1911 2215 Ecclesiam.
1935 2159 2098 2232 Egy-

503 2241 647 2311 ptius
685 2242 773 2300 hic
807 2245 919 2318 (a),
954 2255 1013 2302 ut
1050 2248 1138 2304 ille
1176 2249 1462 2322 Egyptius
1501 2261 1617 2307 erat
1659 2270 1674 2308 :
1719 2253 1806 2308 hic
1841 2254 2098 2312 satellites

509 2332 732 2400 habuit,
759 2335 851 2391 ille
891 2347 1225 2407 protectores
1258 2358 1272 2394 :
1306 2341 1396 2396 ille
1435 2343 1621 2398 Saram
1641 2384 1657 2411 ,
1687 2344 1774 2400 hic
1800 2344 2096 2402 Ecclesiam

507 2424 684 2492 rapuit
716 2441 730 2479 :
763 2441 867 2482 una
895 2438 1052 2486 nocte
1083 2431 1172 2486 ille
1211 2428 1474 2501 detinuit,
1509 2435 1595 2490 hic
1631 2451 1728 2506 per
1769 2453 1932 2492 unum
1955 2438 2096 2494 diem

508 2518 827 2588 occupavit;
857 2535 920 2575 ac
957 2537 1026 2577 ne
1067 2523 1283 2593 quidem
1327 2541 1420 2595 per
1458 2542 1624 2582 unum
1653 2528 1793 2583 diem
1837 2543 2098 2600 occupare

510 2610 802 2675 permissus
826 2619 938 2677 est;
967 2612 1063 2668 sed
1093 2614 1268 2670 solum
1299 2625 1356 2671 ut
1381 2631 1594 2686 sponsae
1620 2619 1836 2674 castitas
1864 2629 1987 2675 nota
2013 2635 2100 2676 es-

509 2707 635 2765 set,
675 2700 797 2769 quia
832 2702 925 2757 illo
964 2703 1088 2760 licet
1125 2705 1456 2776 ingrediente
1494 2709 1608 2779 ejus
1638 2711 1897 2766 castitatis
1939 2712 2100 2768 decor

509 2800 795 2860 corruptus
822 2808 929 2847 non
972 2804 1056 2850 est
1084 2813 1097 2849 :
1130 2799 1340 2853 tametsi
1386 2801 1654 2856 moechum
1699 2813 2013 2872 paraverat,
2045 2814 2101 2861 et

510 2879 722 2935 tabellze
746 2882 1018 2941 adornatae
1037 2899 1209 2953 erant,
1239 2899 1295 2944 et
1330 2891 1482 2946 multi
1518 2907 1548 2946 e
1577 2892 1737 2949 domo
1762 2894 2098 2966 subscripse-

505 2981 646 3027 rant.
680 2975 949 3032 Adornata
975 2988 1058 3034 est
1085 2981 1331 3038 machina
1355 3024 1373 3052 ,
1409 2985 1502 3039 sed
1529 2986 1729 3042 exitum
1757 3003 1863 3043 non
1894 2988 2098 3045 habuit.

505 3065 692 3123 Eluxit
717 3069 876 3124 simul
901 3072 1014 3142 ejus
1053 3076 1307 3145 nequitia,
1327 3086 1374 3131 et
1409 3077 1504 3132 Dei
1529 3079 1851 3148 benignitas.
1881 3083 1950 3135 At
1973 3081 2100 3136 bar-

506 3157 671 3214 barus
698 3170 822 3217 tunc
850 3163 938 3218 ille
960 3205 977 3232 ,
1010 3175 1226 3235 peccato
1264 3169 1445 3236 agnito
1468 3209 1483 3234 ,
1527 3169 1779 3225 delictum
1820 3172 2100 3229 confessus

511 3259 599 3306 est
629 3269 643 3306 :
677 3254 809 3311 dixit
839 3258 980 3311 enim
1011 3259 1280 3315 Abraham
1314 3277 1327 3314 :
1359 3260 1462 3317 Cur
1491 3263 1585 3318 hoc
1609 3265 1820 3336 fecisti?
1848 3281 1939 3318 cur
1967 3265 2102 3319 dixi-

509 3345 579 3399 sti
601 3384 618 3411 ,
648 3347 809 3401 Soror
840 3365 951 3404 mea
981 3351 1093 3404 est?
1115 3361 1164 3405 et
1207 3369 1385 3423 parum
1416 3355 1610 3427 abfuit,
1643 3358 1764 3429 quin
1794 3361 2102 3429 peccaverint

509 3437 667 3506 (Gen.
692 3441 782 3495 12.
817 3443 904 3497 18.
940 3444 1032 3516 19)
1060 3461 1073 3499 :
1101 3445 1193 3500 hic
1213 3461 1340 3502 vero
1363 3449 1524 3502 etiam
1552 3459 1672 3517 post
1697 3450 1872 3505 scelus
1897 3451 1951 3504 in
1979 3465 2100 3506 cer-

509 3531 710 3587 tamine
737 3535 986 3603 perstitit.
1019 3536 1062 3592 Ο
1093 3539 1255 3593 miser
1282 3547 1336 3593 et
1361 3538 1584 3596 infelix!
1615 3539 1848 3596 Peccain
1865 3584 1880 3608 ,
1906 3544 2102 3612 quiesce

509 3621 673 3692 (Ibid.
701 3627 735 3679 4
784 3626 947 3697 7),ne
970 3629 1188 3700 adjicias
1214 3640 1484 3700 peccatum
1514 3642 1753 3701 peccato.
1781 3632 1850 3688 Et
1873 3633 1957 3686 illa
1979 3634 2100 3702 qui-

509 3715 629 3770 dem
662 3718 820 3774 rediit
847 3721 1036 3790 opibus
1067 3723 1324 3777 instructa
1367 3723 1703 3795 Egyptiacis
1733 3742 1747 3778 :
1779 3736 1834 3781 et
1858 3725 2100 3782 Ecclesia

511 3823 723 3879 quoque
752 3811 945 3877 rediit,
977 3815 1172 3869 mentis
1198 3815 1394 3869 divitiis
1425 3816 1705 3882 instructa,
1738 3825 1795 3871 et
1821 3817 2101 3872 continen-

510 3901 616 3954 tior
636 3899 843 3956 effecta.
869 3903 997 3960 Vide
1017 3905 1229 3960 barbari
1251 3905 1533 3962 insaniam.
1559 3908 1774 3976 Ejecisti
1800 3919 2098 3978 pastorem:

512 4007 609 4046 cur
632 4007 844 4063 gregem
873 3995 1177 4066 dissipasti?
1220 3998 1478 4053 Amovisti
1521 3999 1931 4069 gubernatorem
1962 4017 1974 4053 :
2005 4015 2101 4054 cur

513 4085 870 4154 gubernacula
892 4089 1236 4159 confregisti?
1263 4089 1560 4145 Vinitorem
1589 4091 1824 4158 ejecisti;
1851 4107 1947 4146 cur
1966 4091 2102 4147 vites

513 4177 787 4234 avulsisti?
805 4194 904 4233 cur
927 4179 1257 4234 monasteria
1280 4179 2100 4250 pessumdcdisti?Barbarorum

515 4264 844 4320 inv‘asionem
876 4268 1110 4322 imitatus
1137 4285 1215 4324 cs.

586 4355 639 4408 2.
685 4356 808 4412 "me
833 4359 1010 4412 omnia
1040 4359 1164 4415 fecit
1185 4361 1293 4427 ille,
1315 4369 1372 4416 ut
1395 4362 1564 4417 virtus
1587 4372 1867 4432 appareret
1887 4375 2098 4434 vestra;

515 4446 693 4500 omnia
723 4446 865 4514 fecit,
894 4458 951 4502 ut
975 4449 1240 4504 edisceret
1265 4451 1353 4506 hic
1379 4453 1567 4508 adesse
1589 4469 1803 4525 gregem
1831 4471 1858 4510 a
1887 4455 2101 4512 Christo

515 4549 728 4609 pastore
756 4541 992 4596 ductum.
1032 4544 1270 4600 Absente
1307 4557 1520 4614 pastore
1558 4562 1689 4617 grex
1732 4549 1889 4604 simul
1919 4566 2104 4607 mane-

511 4633 598 4687 bat
619 4673 637 4700 ,
669 4643 723 4688 ct
748 4636 1073 4705 apostolicus
1117 4651 1296 4692 scrmo
1333 4639 1653 4707 implebatur
1681 4657 1694 4694 :
1724 4639 1849 4695 Non
1883 4642 1935 4695 in
1967 4659 2102 4712 prce-

512 4726 673 4779 sentia
695 4727 793 4780 mei
815 4737 1010 4782 tantum
1034 4770 1046 4794 ,
1077 4729 1167 4783 sed
1190 4729 1338 4782 etiam
1364 4731 1419 4784 in
1444 4731 1665 4785 absentia
1688 4771 1702 4796 ,
1726 4748 1840 4785 cum
1862 4733 2038 4786 timore
2057 4742 2103 4787 et

513 4826 728 4871 tremore
755 4819 968 4874 salutent
997 4831 1209 4875 vestram
1238 4823 1433 4889 operati
1462 4823 1577 4876 estis
1606 4821 1862 4893 (Philipp.
1894 4824 1950 4877 2.
1985 4823 2101 4894 12).

516 4906 643 4960 11ωο
665 4908 1003 4964 minabantur
1024 4913 1268 4967 timentes
1296 4913 1540 4968 virtutem
1576 4923 1839 4980 vestram,
1867 4915 2103 4971 caritatis

517 5000 645 5064 vim,
666 5015 1009 5071 amoremque
1025 5005 1146 5057 mei.
1164 5003 1302 5058 Nihil
1325 5005 1601 5069 audemus,
1619 5005 1850 5067 aiebant,
1871 5007 1922 5060 in
1941 5007 2071 5061 urbe
2087 5024 2099 5061 :

515 5107 636 5146 cum
671 5093 823 5148 nobis
848 5093 976 5149 date
1001 5095 1144 5150 foris.
1173 5095 1358 5166 Capite
1388 5113 1472 5152 me
1495 5098 1620 5153 foris
1646 5140 1660 5164 ,
1689 5108 1746 5152 ut
1769 5099 1985 5155 discatis
2005 5101 2105 5155 Ec-

514 5185 693 5238 clesia:
719 5199 957 5240 amorem
983 5226 996 5251 ,
1025 5189 1324 5256 agnoscatis
1353 5189 1580 5244 filiorum
1607 5205 1845 5244 meorum
1875 5207 2104 5260 genero-

517 5291 629 5330 sam
661 5275 891 5330 indolem
917 5318 932 5342 ,
962 5277 1186 5331 militum
1219 5278 1468 5333 virtutem
1490 5322 1504 5347 ,
1537 5290 1860 5336 armatorum
1901 5283 2065 5337 robur
2086 5325 2102 5349 ,

512 5368 876 5422 diadcntatum
903 5367 1263 5437 splendorem,
1284 5369 1584 5424 divitiarum
1605 5370 1931 5438 facultatem,
1954 5388 2106 5428 amo-

516 5459 593 5513 ris
640 5459 1083 5529 magnitudinem,
1117 5467 1450 5515 constantem
1493 5463 1819 5532 patientiam,
1850 5463 2107 5518 libertatis

515 5551 725 5617 florem,
754 5552 988 5606 victoria:
1016 5551 1258 5621 gloriam,
1289 5552 1456 5609 cladis
1482 5563 1584 5609 tua:
1611 5554 1916 5610 ludibrium.
1948 5554 1992 5610 Ο
2022 5569 2107 5610 res

521 5661 685 5701 novas
701 5653 754 5699 et
777 5643 1154 5699 admirandas!
1190 5655 1369 5714 pastor
1397 5647 1565 5711 abest,
1597 5655 1652 5702 et
1679 5662 1806 5716 grex
1837 5646 2104 5713 exsultat,

515 5738 618 5790 dux
664 5735 874 5805 procul,
906 5745 958 5790 et
984 5734 1181 5791 milites
1207 5746 1500 5792 armantur.
1529 5737 1646 5793 Non
1678 5737 1848 5795 solum
1881 5738 2107 5796 ecclesia

581 5845 658 5905 (α)
687 5845 1010 5905 ἠιθοριιὶιυω
1032 5847 1413 5902 Alexandrinum
1436 5856 1588 5901 notat.

2106 915 2213 971 EE

2216 939 2427 955 νὴ

2653 1003 2684 1022 \

2202 1055 2496 1110 exercitum
2541 1055 2745 1121 habuit,
2771 1055 2867 1112 sed
2895 1065 3004 1112 tota
3033 1058 3219 1114 civitas
3244 1060 3472 1116 ecclesia
3499 1059 3634 1116 fuit.
3681 1039 3837 1131 Vici,

2198 1141 2336 1210 fora,
2369 1159 2462 1198 aer
2490 1146 2960 1202 sanctificabantur
2991 1166 3004 1203 :
3031 1148 3266 1204 haeretici
3303 1151 3792 1213 convcrtebantut:
3815 1192 3834 1220 ,

2197 1235 2368 1291 Judzei
2393 1239 2647 1294 meliores
2683 1239 3072 1307 efficiebantur,
3117 1242 3422 1297 sacerdotes
3467 1243 3841 1298 damnaban-

2201 1335 2308 1393 tur,
2341 1336 2394 1383 et
2417 1328 2588 1383 Judaei
2619 1329 2784 1384 Deum
2813 1330 3119 1396 laudabant,
3149 1340 3307 1402 atque
3325 1332 3391 1385 ad
3421 1347 3519 1386 nos
3547 1348 3838 1388 accurre-

2195 1419 2344 1474 bant.
2380 1417 2454 1474 Ita
2494 1419 2692 1475 Christi
2722 1428 2962 1490 tempore
3002 1421 3198 1476 factum
3240 1432 3344 1476 est.
3378 1421 3621 1492 Caiphas
3665 1424 3837 1478 cruci

2196 1511 2385 1574 affixit,
2431 1521 2486 1567 et
2529 1512 2668 1568 latro
2709 1513 2986 1569 confessus
3011 1524 3114 1569 est.
3143 1514 3187 1570 Ο
3230 1530 3395 1570 novas
3421 1530 3511 1570 res
3540 1525 3603 1570 et
3632 1515 3833 1570 admi-

2195 1604 2392 1658 randas
2417 1604 2429 1658 !
2462 1605 2770 1660 sacerdotes
2797 1607 3127 1668 occiderunt.
3156 1615 3211 1662 et
3239 1608 3377 1678 magi
3412 1608 3831 1662 adoravernnt.

2199 1695 2326 1750 Haec
2357 1711 2424 1750 ne
2452 1696 2736 1752 ecclesiam
2765 1698 3097 1767 perturbent.
3129 1699 3241 1754 Nisi
3271 1699 3386 1755 haec
3409 1701 3825 1770 contigissent,

2175 1785 2397 1842 divitiae
2423 1797 2643 1852 nostrte,
2687 1805 2810 1859 quae
2838 1805 2963 1845 vere
3002 1790 3243 1856 aderant,
3275 1806 3381 1845 non
3409 1802 3656 1846 ostensa:
3687 1791 3833 1845 fuis-

2197 1887 2338 1931 sent.
2372 1877 2523 1933 Sicut
2545 1881 2686 1934 enim
2712 1879 2835 1948 Job,
2857 1881 2957 1935 etsi
2978 1881 3154 1949 justus
3179 1893 3346 1948 esset,
3375 1897 3481 1936 non
3507 1883 3642 1937 talis
3669 1883 3832 1939 visus

2199 1968 2409 2037 fuisset,
2441 1972 2542 2026 nisi
2592 1972 2813 2028 vulnera
2859 1983 2914 2028 et
2941 1989 3152 2028 vermes
3192 1975 3604 2045 apparuissent;
3642 1975 3723 2028 ita
3770 1981 3830 2028 et

2199 2073 2391 2118 vestra:
2419 2063 2616 2120 divitia:
2660 2081 2946 2137 numquam
2996 2075 3136 2123 nota:
3181 2065 3408 2122 fuissent
3454 2067 3555 2121 nisi
3607 2065 3829 2135 paratis

2200 2155 2428 2212 insidiis.
2464 2157 2604 2212 Deus
2647 2172 2778 2212 sane
2818 2161 2968 2228 quasi
2999 2174 3118 2213 sese
3154 2173 3415 2214 excusans
3443 2157 3584 2213 Jobo
3634 2159 3776 2211 dicit
3807 2174 3822 2211 :

2202 2245 2431 2302 Putasne
2468 2266 2546 2303 me
2573 2250 2720 2304 aliter
2746 2249 2833 2304 tibi
2871 2251 3206 2320 respondisse,
3237 2266 3388 2317 quam
3416 2262 3470 2303 ut
3502 2250 3693 2321 justus
3726 2266 3826 2316 ap-

2201 2349 2405 2404 pareres
2449 2331 2572 2403 (Job
2612 2334 2702 2389 40.
2746 2332 2848 2406 8)?
2886 2333 3120 2388 lnsidiati
3165 2343 3290 2388 sunt
3331 2334 3425 2397 illi,
3457 2333 3668 2388 bellum
3699 2349 3825 2387 mo-

2199 2435 2412 2491 verunt,
2444 2433 2499 2480 et
2541 2426 2667 2480 victi
2715 2436 2858 2481 sunt.
2907 2425 3188 2493 Quomodo
3236 2426 3433 2480 bellum
3473 2425 3823 2495 gesserunt?

2201 2517 2473 2572 Fustibus.
2522 2517 2802 2585 Quomodo
2838 2520 2957 2573 victi
2990 2517 3158 2572 sunt?
3200 2517 3477 2572 Precibus.
3508 2518 3571 2570 Si
3617 2518 3742 2587 quis
3773 2528 3821 2570 te

2201 2611 2501 2682 percusserit
2538 2613 2592 2665 in
2630 2611 2889 2666 dexteram
2933 2611 3215 2677 maxillam,
3256 2619 3390 2663 verte
3428 2608 3506 2662 illi
3547 2619 3599 2662 et
3653 2609 3819 2662 aliaat

2203 2703 2417 2774 (Matth.
2458 2704 2514 2759 5.
2552 2703 2666 2775 59).
2698 2703 2776 2758 Tu
2805 2703 2973 2759 fustes
3016 2703 3067 2757 in
3105 2703 3386 2759 ecclesiam
3417 2701 3581 2757 infers
3605 2710 3667 2756 et
3688 2716 3813 2756 eam

2201 2811 2515 2867 oppugnas;
2548 2795 2637 2850 ubi
2668 2811 2766 2865 pax
2807 2803 2890 2849 est
2917 2794 3183 2858 omnibus,
3227 2793 3422 2849 bellum
3453 2807 3642 2848 moves
3669 2809 3684 2845 :
3711 2806 3818 2846 nec

2202 2887 2380 2941 locum
2408 2887 2693 2952 revereris,
2724 2886 2888 2941 miser
2924 2893 2981 2941 et
3005 2884 3210 2950 infelix,
3241 2899 3348 2938 non
3389 2883 3684 2938 sacerdotii
3729 2883 3814 2936 di-

2202 2980 2477 3050 gnitatem,
2499 2996 2602 3034 non
2625 2979 2951 3050 principatus
2971 2977 3393 3048 amplitudinem.
3421 2976 3811 3045 Baptisterium

2203 3073 2463 3143 sanguine
2491 3073 2752 3142 repletum
2782 3083 2903 3137 est;
2937 3070 3025 3126 ubi
3053 3080 3394 3142 peccatorum
3425 3069 3702 3134 remissio,
3737 3067 3810 3121 ibi

2202 3167 2478 3237 sanguinis
2506 3167 2715 3222 effusio.
2766 3167 2822 3222 ln
2864 3181 3095 3237 quanam
3137 3166 3253 3222 acie
3294 3165 3410 3221 hzec
3453 3165 3587 3220 facta
3634 3165 3811 3220 sunt?

2203 3257 2498 3330 Imperator
2540 3261 2701 3315 intrat
2743 3269 2797 3316 et
2826 3259 3036 3330 projicit
3072 3259 3300 3329 clipeum
3329 3267 3385 3314 et
3428 3257 3717 3322 diadema;
3751 3265 3807 3310 tu

2203 3354 2437 3421 intrasti,
2488 3363 2544 3410 et
2585 3353 2766 3410 clavas
2803 3331 3097 3423 arripuisti.
3152 3352 3244 3407 Ille
3301 3351 3508 3421 imperii
3555 3349 3806 3423 symbola

2204 3448 2348 3502 foras
2367 3447 2617 3518 relinquit
2636 3462 2651 3512 ;
2676 3455 2730 3502 tu
2746 3445 2870 3501 belli
2891 3444 3132 3516 symbola
3161 3443 3488 3520 intromittis.
3507 3441 3615 3498 Sed
3631 3455 3805 3511 spon-

2204 3557 2318 3597 sam
2346 3555 2518 3595 meam
2546 3539 2695 3593 nullo
2732 3537 2895 3594 modo
2921 3537 3126 3604 laesisti,
3156 3547 3212 3593 at
3237 3521 3418 3591 manet
3445 3535 3535 3590 illa
3564 3532 3806 3604 pulchri-

2204 3633 2442 3689 tudinem
2465 3647 2618 3687 suam
2648 3631 2926 3687 exhibens.

2276 3726 2330 3779 5.
2359 3724 2481 3780 Suis
2509 3724 2570 3776 de
2588 3724 2751 3794 gloria
2777 3723 2888 3791 ipso
2934 3721 3134 3775 absente
3164 3727 3458 3788 comparata
3486 3716 3800 3789 gratulatur.

2204 3814 2406 3868 La'titia
2431 3815 2485 3868 in
2511 3815 2674 3868 reditu
2712 3811 3074 3883 Chrysostomi.
3103 3840 3175 3852 -—
3203 3810 3404 3864 Idcirco
3431 3807 3662 3880 gaudeo,
3694 3819 3801 3861 non

2205 3907 2380 3961 solum
2407 3906 2527 3974 quia
2569 3905 2791 3971 vicistis,
2835 3904 2928 3959 sed
2967 3903 3090 3973 quia
3129 3917 3216 3957 me
3243 3902 3464 3957 absente
3490 3900 3717 3955 vicistis.
3745 3897 3800 3952 Si

2205 3997 2517 4063 adfuissem,
2568 3998 2620 4051 in
2667 4005 2875 4066 partem
2906 3995 3143 4048 victoriae
3171 3994 3444 4048 vobiscum
3488 3991 3796 4046 venissem:

2206 4090 2330 4160 quia
2361 4104 2490 4144 vero
2518 4087 2737 4152 secessi,
2763 4085 2960 4141 nudum
2987 4084 3139 4139 vobis
3164 4093 3420 4152 tropaeum
3445 4081 3564 4136 fuit.
3597 4081 3799 4136 Verum

2206 4191 2259 4235 et
2288 4181 2415 4235 illud
2444 4195 2562 4235 mea
2592 4179 2706 4233 laus
2731 4188 2812 4233 est
2843 4195 2857 4231 :
2889 4187 3048 4246 atque
3072 4190 3284 4230 rursum
3312 4174 3364 4228 in
3400 4183 3601 4243 partem
3631 4172 3802 4225 victo-

2205 4273 2300 4328 riae
2339 4273 2615 4328 vobiscum
2645 4272 2820 4335 venio,
2849 4269 2970 4340 quia
3009 4268 3087 4323 sic
3125 4281 3220 4322 vos
3261 4265 3504 4331 educavi,
3538 4274 3595 4318 ut
3637 4263 3797 4319 etiam

2205 4363 2429 4418 absente
2447 4373 2597 4432 patre
2613 4370 2841 4417 vestram
2860 4358 3189 4414 nobilitatem
3209 4356 3582 4413 ostenderetis.
3603 4354 3800 4422 Quem-

2205 4453 2494 4509 admodum
2521 4453 2664 4508 enim
2693 4451 2894 4507 strenui
2922 4449 3137 4505 athleta
3178 4449 3338 4504 etiam
3369 4449 3588 4502 absente
3613 4444 3796 4516 pmdoo

2207 4547 2342 4602 triba
2369 4546 2534 4601 robur
2558 4560 2712 4600 suum
2741 4544 2994 4600 exhibent
3021 4559 3035 4596 :
3066 4543 3144 4598 sic
3171 4552 3226 4597 et
3267 4542 3390 4596 fidei
3418 4553 3606 4596 vestrae
3632 4554 3797 4609 gene-

2206 4638 2421 4703 rositas,
2464 4637 2622 4690 etiam
2650 4635 2870 4691 absente
2898 4635 3135 4700 doctore,
3168 4635 3358 4689 bonam
3390 4647 3539 4687 suam
3566 4633 3795 4687 indolem

2205 4729 2463 4785 exhibuit.
2497 4728 2633 4795 Quid
2678 4743 2812 4797 Opus
2854 4727 3074 4782 verbis?
3102 4726 3332 4796 Lapides
3376 4725 3627 4790 clamant,
3662 4721 3795 4776 muri

2208 4837 2393 4877 vocem
2438 4820 2708 4876 emittunt.
2758 4820 2860 4875 Adi
2908 4818 3278 4888 imperatorias
3321 4816 3491 4881 aulas,
3535 4824 3590 4870 et
3619 4813 3794 4869 statim

2208 4897 2404 4971 aud-is':
2437 4913 2625 4984 Populi
2655 4911 3247 4981 Constantinopolitani.
3278 4909 3360 4964 Ad
3403 4925 3551 4963 mare
3580 4918 3632 4962 te
3675 4922 3798 4960 con-

2209 5009 2305 5074 fer,
2337 5008 2608 5063 desertum
2654 5017 2798 5076 pete,
2841 5013 3072 5068 montes,
3118 5004 3350 5058 domos:
3379 5001 3680 5057 encomium
3712 5013 3795 5051 ve-

2209 5110 2378 5155 strum
2408 5099 2602 5169 ubique
2646 5098 2969 5166 descriptum
3017 5104 3122 5150 est.
3167 5095 3370 5161 Quibus
3399 5093 3518 5148 telis
3559 5087 3795 5147 vicistis?

2209 5191 2324 5246 Non
2370 5191 2579 5261 opibus,
2629 5188 2723 5244 sed
2768 5189 2890 5244 fide.
2923 5187 2968 5243 Ο
3011 5187 3205 5257 popule
3245 5186 3478 5241 doctoris
3521 5183 3737 5238 amans!
3764 5193 3795 5232 ο

2210 5287 2404 5357 popule
2447 5293 2654 5356 patrem
2702 5282 2966 5352 diligens!
3017 5281 3171 5336 beata
3220 5279 3384 5345 urhs,
3435 5292 3540 5331 non
3588 5283 3796 5346 propter

2213 5379 2490 5432 columnas
2516 5386 2571 5432 et
2615 5375 2883 5445 laquearia
2921 5387 3104 5440 aurea,
3152 5371 3248 5427 sed
3291 5379 3508 5441 prepter
3557 5370 3790 5422 virtutem

2211 5458 2444 5524 vestram
2464 5471 2478 5523 ι
2501 5468 2605 5524 Tot
2625 5475 2892 5536 tantaeque
2913 5473 3068 5521 erant
3085 5463 3310 5529 insidias,
3329 5471 3383 5516 et
3407 5475 3594 5532 preces
3614 5469 3795 5514 vesme

2211 5565 2456 5617 vicerunt
2487 5579 2499 5616 :
2533 5559 2692 5630 idque
2730 5559 2850 5629 jure
2879 5557 3072 5612 merito
3100 5573 3114 5611 :
3145 5570 3266 5609 nam
3304 5568 3492 5623 preces
3534 5560 3686 5606 erant
3716 5559 3793 5600 as-

2212 5655 2400 5718 siduae,
2433 5662 2488 5709 ct
2523 5653 2879 5724 lacrymarum
2927 5649 3104 5704 fontes
3146 5647 3460 5704 efflucbant.
3486 5643 3564 5699 Illi
3597 5643 3695 5698 tela
3718 5638 3791 5692 vi-

2213 5746 2457 5811 brabant,
2504 5759 2604 5798 vos
2645 5745 2907 5815 lacrymas
2940 5759 2952 5793 :
2985 5741 3059 5795 illi
3110 5738 3342 5794 furorem
3369 5735 3672 5807 spirabant,
3699 5741 3784 5783 vos

2214 5836 2694 5895 mansuetudinem.
2742 5835 2897 5902 Quod
2941 5835 3020 5891 vis
3082 5831 3244 5888 facito
3286 5849 3301 5886 :
3347 5844 3446 5887 vos
3493 5827 3676 5886 oratis.
3716 5817 3787 5875 Illi
