  <div class='ocr_page' id='page_1' title='image "/cluster/home/n/w/nwhite01/storage/ocr_20150623/52:no.3:pt.2/coo.31924054869510/064.png"; bbox 0 0 4036 6382; ppageno 0'>
   <div class='ocr_carea' id='block_1_1' title="bbox 202 379 327 454">
    <p class='ocr_par' dir='ltr' id='par_1_1' title="bbox 202 379 327 454">
     <span class='ocr_line' id='line_1_1' title="bbox 202 379 327 454; baseline -0.008 0"><span class='ocrx_word' id='word_1_1' title='bbox 202 379 327 454; x_wconf 67' lang='grc' dir='ltr'>με’</span> 
     </span>
    </p>
   </div>
   <div class='ocr_carea' id='block_1_2' title="bbox 1230 389 2477 449">
    <p class='ocr_par' dir='ltr' id='par_1_2' title="bbox 1230 389 2477 449">
     <span class='ocr_line' id='line_1_2' title="bbox 1230 389 2477 449; baseline -0.001 0"><span class='ocrx_word' id='word_1_2' title='bbox 1230 390 1463 449; x_wconf 76' lang='lat' dir='ltr'>SEBMO</span> <span class='ocrx_word' id='word_1_3' title='bbox 1502 390 1674 449; x_wconf 75' lang='lat' dir='ltr'><strong>POST</strong></span> <span class='ocrx_word' id='word_1_4' title='bbox 1714 389 2022 449; x_wconf 78' lang='lat' dir='ltr'>REDITUM</span> <span class='ocrx_word' id='word_1_5' title='bbox 2059 393 2161 447; x_wconf 71' lang='lat' dir='ltr'><strong>AB</strong></span> <span class='ocrx_word' id='word_1_6' title='bbox 2181 389 2477 448; x_wconf 75' lang='lat' dir='ltr'>EXSILIO.</span> 
     </span>
    </p>
   </div>
   <div class='ocr_carea' id='block_1_3' title="bbox 3393 392 3496 447">
    <p class='ocr_par' dir='ltr' id='par_1_3' title="bbox 3393 392 3496 447">
     <span class='ocr_line' id='line_1_3' title="bbox 3393 392 3496 447; baseline 0.019 -2"><span class='ocrx_word' id='word_1_7' title='bbox 3393 392 3496 447; x_wconf 75' lang='grc' dir='ltr'>ιιι</span> 
     </span>
    </p>
   </div>
   <div class='ocr_carea' id='block_1_4' title="bbox 947 657 1839 758">
    <p class='ocr_par' dir='ltr' id='par_1_4' title="bbox 947 657 1839 758">
     <span class='ocr_line' id='line_1_4' title="bbox 947 657 1839 758; baseline 0 -16"><span class='ocrx_word' id='word_1_8' title='bbox 947 683 1235 758; x_wconf 71' lang='lat'>[426-427]</span> <span class='ocrx_word' id='word_1_9' title='bbox 1269 658 1497 746; x_wconf 86' lang='grc' dir='ltr'>ΤΟΥ</span> <span class='ocrx_word' id='word_1_10' title='bbox 1567 657 1839 744; x_wconf 68' lang='grc' dir='ltr'>ΑΥΤΕ</span> 
     </span>
    </p>
   </div>
   <div class='ocr_carea' id='block_1_5' title="bbox 1941 657 2919 758">
    <p class='ocr_par' dir='ltr' id='par_1_5' title="bbox 1941 658 2919 752">
     <span class='ocr_line' id='line_1_5' title="bbox 1941 658 2919 752; baseline 0.008 -9"><span class='ocrx_word' id='word_1_11' title='bbox 1941 658 1946 676; x_wconf 68' lang='grc'><strong><em>⁵</em></strong></span> <span class='ocrx_word' id='word_1_12' title='bbox 2007 659 2304 747; x_wconf 82' lang='grc' dir='ltr'>ΕΠΑΝ</span> <span class='ocrx_word' id='word_1_13' title='bbox 2316 661 2919 752; x_wconf 85' lang='grc' dir='ltr'>ΕΛΘΟΝΤΟΣ</span> 
     </span>
    </p>
   </div>
   <div class='ocr_carea' id='block_1_6' title="bbox 1349 793 2464 871">
    <p class='ocr_par' dir='ltr' id='par_1_6' title="bbox 1349 793 2464 871">
     <span class='ocr_line' id='line_1_6' title="bbox 1349 793 2464 871; baseline 0.003 -18"><span class='ocrx_word' id='word_1_14' title='bbox 1349 797 1484 853; x_wconf 74' lang='grc' dir='ltr'>Ἀπὸ</span> <span class='ocrx_word' id='word_1_15' title='bbox 1513 795 1625 867; x_wconf 82' lang='grc' dir='ltr'>τῆς</span> <span class='ocrx_word' id='word_1_16' title='bbox 1649 793 1945 867; x_wconf 80' lang='grc' dir='ltr'>προτέρας</span> <span class='ocrx_word' id='word_1_17' title='bbox 1972 797 2214 869; x_wconf 76' lang='grc' dir='ltr'>ἐξορίας</span> <span class='ocrx_word' id='word_1_18' title='bbox 2241 802 2464 871; x_wconf 80' lang='grc' dir='ltr'>ὁμιλία.</span> 
     </span>
    </p>
   </div>
   <div class='ocr_carea' id='block_1_7' title="bbox 290 993 1821 1073">
    <p class='ocr_par' dir='ltr' id='par_1_7' title="bbox 290 993 1821 1073">
     <span class='ocr_line' id='line_1_7' title="bbox 290 993 1821 1073; baseline -0.007 -12"><span class='ocrx_word' id='word_1_19' title='bbox 290 1014 358 1061; x_wconf 87' lang='grc' dir='ltr'>α’.</span> <span class='ocrx_word' id='word_1_20' title='bbox 395 1006 534 1058; x_wconf 85' lang='grc' dir='ltr'>Ὄτε</span> <span class='ocrx_word' id='word_1_21' title='bbox 568 1002 675 1072; x_wconf 80' lang='grc' dir='ltr'>τὴν</span> <span class='ocrx_word' id='word_1_22' title='bbox 708 998 927 1073; x_wconf 75' lang='grc' dir='ltr'>Σάρραν</span> <span class='ocrx_word' id='word_1_23' title='bbox 952 995 1060 1051; x_wconf 77' lang='grc' dir='ltr'>ἀπὸ</span> <span class='ocrx_word' id='word_1_24' title='bbox 1088 995 1182 1050; x_wconf 87' lang='grc' dir='ltr'>τοῦ</span> <span class='ocrx_word' id='word_1_25' title='bbox 1238 993 1489 1067; x_wconf 77' lang='grc' dir='ltr'>Ἀϐραὰμ</span> <span class='ocrx_word' id='word_1_26' title='bbox 1520 994 1770 1066; x_wconf 76' lang='grc' dir='ltr'>ἥρπασεν</span> <span class='ocrx_word' id='word_1_27' title='bbox 1791 998 1821 1051; x_wconf 99' lang='lat'>6</span> 
     </span>
    </p>
   </div>
   <div class='ocr_carea' id='block_1_8' title="bbox 228 1081 1822 1166">
    <p class='ocr_par' dir='ltr' id='par_1_8' title="bbox 228 1081 1822 1166">
     <span class='ocr_line' id='line_1_8' title="bbox 228 1081 1822 1166; baseline -0.005 -22"><span class='ocrx_word' id='word_1_28' title='bbox 228 1092 444 1166; x_wconf 61' lang='grc' dir='ltr'>Φαραὼ,</span> <span class='ocrx_word' id='word_1_29' title='bbox 477 1089 582 1161; x_wconf 79' lang='grc' dir='ltr'>τὴν</span> <span class='ocrx_word' id='word_1_30' title='bbox 613 1086 789 1158; x_wconf 83' lang='grc' dir='ltr'>καλὴν</span> <span class='ocrx_word' id='word_1_31' title='bbox 818 1084 912 1139; x_wconf 79' lang='grc' dir='ltr'>καὶ</span> <span class='ocrx_word' id='word_1_32' title='bbox 942 1083 1122 1155; x_wconf 89' lang='grc' dir='ltr'>εὐειδῆ</span> <span class='ocrx_word' id='word_1_33' title='bbox 1145 1085 1379 1151; x_wconf 81' lang='grc' dir='ltr'>γυναῖκα</span> <span class='ocrx_word' id='word_1_34' title='bbox 1402 1082 1431 1135; x_wconf 90' lang='lat'>6</span> <span class='ocrx_word' id='word_1_35' title='bbox 1466 1081 1701 1153; x_wconf 77' lang='grc' dir='ltr'>πονηρὸς</span> <span class='ocrx_word' id='word_1_36' title='bbox 1728 1083 1822 1136; x_wconf 74' lang='grc' dir='ltr'>καὶ</span> 
     </span>
    </p>
   </div>
   <div class='ocr_carea' id='block_1_9' title="bbox 232 1166 1822 1252">
    <p class='ocr_par' dir='ltr' id='par_1_9' title="bbox 232 1166 1822 1252">
     <span class='ocr_line' id='line_1_9' title="bbox 232 1166 1822 1252; baseline -0.015 -19"><span class='ocrx_word' id='word_1_37' title='bbox 232 1179 507 1252; x_wconf 82' lang='grc' dir='ltr'>βάρϐαρος</span> <span class='ocrx_word' id='word_1_38' title='bbox 540 1175 642 1229; x_wconf 75' lang='grc' dir='ltr'>καὶ</span> <span class='ocrx_word' id='word_1_39' title='bbox 668 1171 988 1240; x_wconf 78' lang='grc' dir='ltr'>Αἰγύπτιος,</span> <span class='ocrx_word' id='word_1_40' title='bbox 1016 1169 1223 1231; x_wconf 87' lang='grc' dir='ltr'>ἀδίκοις</span> <span class='ocrx_word' id='word_1_41' title='bbox 1248 1166 1546 1252; x_wconf 80' lang='grc' dir='ltr'>ὀφθαλμοῖς</span> <span class='ocrx_word' id='word_1_42' title='bbox 1577 1166 1822 1252; x_wconf 63' lang='grc' dir='ltr'>ἰδὼνῗαύ-</span> 
     </span>
    </p>
   </div>
   <div class='ocr_carea' id='block_1_10' title="bbox 229 1250 1824 1335">
    <p class='ocr_par' dir='ltr' id='par_1_10' title="bbox 229 1250 1824 1335">
     <span class='ocr_line' id='line_1_10' title="bbox 229 1250 1824 1335; baseline -0.015 -17"><span class='ocrx_word' id='word_1_43' title='bbox 357 1263 422 1316; x_wconf 81' lang='grc' dir='ltr'>τὸ</span> <span class='ocrx_word' id='word_1_44' title='bbox 453 1258 681 1322; x_wconf 87' lang='grc' dir='ltr'>κάλλος,</span> <span class='ocrx_word' id='word_1_45' title='bbox 710 1256 807 1311; x_wconf 78' lang='grc' dir='ltr'>καὶ</span> <span class='ocrx_word' id='word_1_46' title='bbox 839 1254 1085 1325; x_wconf 79' lang='grc' dir='ltr'>μοιχείας</span> <span class='ocrx_word' id='word_1_47' title='bbox 1110 1251 1450 1325; x_wconf 82' lang='grc' dir='ltr'>ἐργάσασθαι</span> <span class='ocrx_word' id='word_1_48' title='bbox 1487 1250 1674 1322; x_wconf 80' lang='grc' dir='ltr'>δρᾶμα</span> <span class='ocrx_word' id='word_1_49' title='bbox 1701 1251 1824 1321; x_wconf 83' lang='grc' dir='ltr'>βου..</span> 
     </span>
    </p>
   </div>
   <div class='ocr_carea' id='block_1_11' title="bbox 231 1336 1823 1418">
    <p class='ocr_par' dir='ltr' id='par_1_11' title="bbox 231 1336 1823 1418">
     <span class='ocr_line' id='line_1_11' title="bbox 231 1336 1823 1418; baseline -0.006 -17"><span class='ocrx_word' id='word_1_50' title='bbox 231 1348 489 1418; x_wconf 84' lang='grc' dir='ltr'>λόμενος·</span> <span class='ocrx_word' id='word_1_51' title='bbox 523 1342 652 1396; x_wconf 88' lang='grc' dir='ltr'>τότε</span> <span class='ocrx_word' id='word_1_52' title='bbox 684 1340 771 1411; x_wconf 82' lang='grc' dir='ltr'>δὴ,</span> <span class='ocrx_word' id='word_1_53' title='bbox 798 1339 919 1392; x_wconf 85' lang='grc' dir='ltr'>τότε</span> <span class='ocrx_word' id='word_1_54' title='bbox 946 1338 1106 1410; x_wconf 87' lang='grc' dir='ltr'>παρά</span> <span class='ocrx_word' id='word_1_55' title='bbox 1125 1337 1225 1409; x_wconf 86' lang='grc' dir='ltr'>μὲν</span> <span class='ocrx_word' id='word_1_56' title='bbox 1246 1337 1346 1408; x_wconf 79' lang='grc' dir='ltr'>τὴν</span> <span class='ocrx_word' id='word_1_57' title='bbox 1378 1336 1552 1408; x_wconf 80' lang='grc' dir='ltr'>ἀρχὴν</span> <span class='ocrx_word' id='word_1_58' title='bbox 1580 1336 1679 1390; x_wconf 90' lang='grc' dir='ltr'>οὐκ</span> <span class='ocrx_word' id='word_1_59' title='bbox 1702 1336 1823 1391; x_wconf 86' lang='grc' dir='ltr'>ἐκό-</span> 
     </span>
    </p>
   </div>
   <div class='ocr_carea' id='block_1_12' title="bbox 230 1419 1819 1494">
    <p class='ocr_par' dir='ltr' id='par_1_12' title="bbox 230 1419 1819 1494">
     <span class='ocr_line' id='line_1_12' title="bbox 230 1419 1819 1494; baseline -0.008 -9"><span class='ocrx_word' id='word_1_60' title='bbox 230 1432 395 1486; x_wconf 88' lang='grc' dir='ltr'>λασεν</span> <span class='ocrx_word' id='word_1_61' title='bbox 423 1429 454 1481; x_wconf 86' lang='lat'>6</span> <span class='ocrx_word' id='word_1_62' title='bbox 483 1426 642 1490; x_wconf 80' lang='grc' dir='ltr'>Θεὸς,</span> <span class='ocrx_word' id='word_1_63' title='bbox 676 1425 764 1478; x_wconf 83' lang='grc' dir='ltr'>ἴνα</span> <span class='ocrx_word' id='word_1_64' title='bbox 792 1422 985 1494; x_wconf 77' lang='grc' dir='ltr'>δειχθῇ</span> <span class='ocrx_word' id='word_1_65' title='bbox 1017 1422 1111 1475; x_wconf 81' lang='grc' dir='ltr'>καὶ</span> <span class='ocrx_word' id='word_1_66' title='bbox 1140 1419 1234 1475; x_wconf 85' lang='grc' dir='ltr'>τοῦ</span> <span class='ocrx_word' id='word_1_67' title='bbox 1256 1420 1467 1475; x_wconf 81' lang='grc' dir='ltr'>δικαίου</span> <span class='ocrx_word' id='word_1_68' title='bbox 1515 1421 1548 1491; x_wconf 90' lang='grc' dir='ltr'>ἡ</span> <span class='ocrx_word' id='word_1_69' title='bbox 1579 1420 1819 1492; x_wconf 89' lang='grc' dir='ltr'>ἀνδρεία,</span> 
     </span>
    </p>
   </div>
   <div class='ocr_carea' id='block_1_13' title="bbox 233 1502 1820 1583">
    <p class='ocr_par' dir='ltr' id='par_1_13' title="bbox 233 1502 1820 1583">
     <span class='ocr_line' id='line_1_13' title="bbox 233 1502 1820 1583; baseline -0.008 -13"><span class='ocrx_word' id='word_1_70' title='bbox 233 1517 329 1570; x_wconf 65' lang='grc' dir='ltr'>καί⁵</span> <span class='ocrx_word' id='word_1_71' title='bbox 353 1515 459 1583; x_wconf 85' lang='grc' dir='ltr'>τῆς</span> <span class='ocrx_word' id='word_1_72' title='bbox 484 1509 746 1581; x_wconf 74' lang='grc' dir='ltr'>γυναικὸς</span> <span class='ocrx_word' id='word_1_73' title='bbox 772 1509 807 1579; x_wconf 86' lang='grc' dir='ltr'>ἡ</span> <span class='ocrx_word' id='word_1_74' title='bbox 846 1504 1193 1577; x_wconf 81' lang='grc' dir='ltr'>σωφροσύνη,</span> <span class='ocrx_word' id='word_1_75' title='bbox 1226 1504 1321 1558; x_wconf 76' lang='grc' dir='ltr'>καὶ</span> <span class='ocrx_word' id='word_1_76' title='bbox 1350 1502 1447 1556; x_wconf 90' lang='grc' dir='ltr'>τοῦ</span> <span class='ocrx_word' id='word_1_77' title='bbox 1483 1503 1756 1575; x_wconf 87' lang='grc' dir='ltr'>βαρϐάρου</span> <span class='ocrx_word' id='word_1_78' title='bbox 1785 1504 1820 1574; x_wconf 86' lang='grc' dir='ltr'>ἡ</span> 
     </span>
    </p>
   </div>
   <div class='ocr_carea' id='block_1_14' title="bbox 234 1586 1823 1663">
    <p class='ocr_par' dir='ltr' id='par_1_14' title="bbox 234 1586 1823 1663">
     <span class='ocr_line' id='line_1_14' title="bbox 234 1586 1823 1663; baseline -0.008 -8"><span class='ocrx_word' id='word_1_79' title='bbox 234 1596 529 1663; x_wconf 77' lang='grc' dir='ltr'>ἀκολασία,</span> <span class='ocrx_word' id='word_1_80' title='bbox 562 1595 658 1648; x_wconf 78' lang='grc' dir='ltr'>καὶ</span> <span class='ocrx_word' id='word_1_81' title='bbox 683 1596 718 1663; x_wconf 89' lang='grc' dir='ltr'>ἡ</span> <span class='ocrx_word' id='word_1_82' title='bbox 743 1590 839 1645; x_wconf 90' lang='grc' dir='ltr'>τοῦ</span> <span class='ocrx_word' id='word_1_83' title='bbox 880 1587 1016 1644; x_wconf 88' lang='grc' dir='ltr'>Θεοῦ</span> <span class='ocrx_word' id='word_1_84' title='bbox 1043 1588 1450 1660; x_wconf 87' lang='grc' dir='ltr'>φιλανθρωπία·</span> <span class='ocrx_word' id='word_1_85' title='bbox 1480 1586 1572 1641; x_wconf 88' lang='grc' dir='ltr'>τοῦ</span> <span class='ocrx_word' id='word_1_86' title='bbox 1612 1586 1823 1642; x_wconf 81' lang='grc' dir='ltr'>δικαίου</span> 
     </span>
    </p>
   </div>
   <div class='ocr_carea' id='block_1_15' title="bbox 236 1670 1825 1755">
    <p class='ocr_par' dir='ltr' id='par_1_15' title="bbox 236 1670 1825 1755">
     <span class='ocr_line' id='line_1_15' title="bbox 236 1670 1825 1755; baseline -0.009 -19"><span class='ocrx_word' id='word_1_87' title='bbox 236 1686 272 1755; x_wconf 91' lang='grc' dir='ltr'>ἡ</span> <span class='ocrx_word' id='word_1_88' title='bbox 299 1680 551 1751; x_wconf 88' lang='grc' dir='ltr'>ἀνδρεία,</span> <span class='ocrx_word' id='word_1_89' title='bbox 580 1678 662 1731; x_wconf 85' lang='grc' dir='ltr'>ὅτι</span> <span class='ocrx_word' id='word_1_90' title='bbox 684 1676 881 1747; x_wconf 79' lang='grc' dir='ltr'>ἔφερεν</span> <span class='ocrx_word' id='word_1_91' title='bbox 915 1672 1255 1744; x_wconf 81' lang='grc' dir='ltr'>εὐχαρίστως</span> <span class='ocrx_word' id='word_1_92' title='bbox 1284 1670 1345 1724; x_wconf 85' lang='grc' dir='ltr'>τὺ</span> <span class='ocrx_word' id='word_1_93' title='bbox 1368 1670 1661 1755; x_wconf 83' lang='grc' dir='ltr'>γενόμενον</span> <span class='ocrx_word' id='word_1_94' title='bbox 1681 1686 1696 1701; x_wconf 92' lang='grc'>·</span> <span class='ocrx_word' id='word_1_95' title='bbox 1723 1672 1825 1755; x_wconf 82' lang='grc' dir='ltr'>τῆς</span> 
     </span>
    </p>
   </div>
   <div class='ocr_carea' id='block_1_16' title="bbox 238 1753 1825 1836">
    <p class='ocr_par' dir='ltr' id='par_1_16' title="bbox 238 1753 1825 1836">
     <span class='ocr_line' id='line_1_16' title="bbox 238 1753 1825 1836; baseline -0.008 -16"><span class='ocrx_word' id='word_1_96' title='bbox 238 1753 500 1836; x_wconf 81' lang='grc' dir='ltr'>γυναικὸς</span> <span class='ocrx_word' id='word_1_97' title='bbox 535 1759 936 1833; x_wconf 88' lang='grc' dir='ltr'>ἡσωφροσύνη,</span> <span class='ocrx_word' id='word_1_98' title='bbox 961 1758 1044 1811; x_wconf 84' lang='grc' dir='ltr'>ὅτι</span> <span class='ocrx_word' id='word_1_99' title='bbox 1076 1756 1335 1810; x_wconf 82' lang='grc' dir='ltr'>ἐνέπεσεν</span> <span class='ocrx_word' id='word_1_100' title='bbox 1372 1756 1453 1818; x_wconf 84' lang='grc' dir='ltr'>εἰς</span> <span class='ocrx_word' id='word_1_101' title='bbox 1484 1753 1583 1818; x_wconf 81' lang='grc' dir='ltr'>τὰς</span> <span class='ocrx_word' id='word_1_102' title='bbox 1620 1753 1825 1825; x_wconf 79' lang='grc' dir='ltr'>βαρϐα-</span> 
     </span>
    </p>
   </div>
   <div class='ocr_carea' id='block_1_17' title="bbox 240 1836 1827 1921">
    <p class='ocr_par' dir='ltr' id='par_1_17' title="bbox 240 1836 1827 1921">
     <span class='ocr_line' id='line_1_17' title="bbox 240 1836 1827 1921; baseline -0.008 -19"><span class='ocrx_word' id='word_1_103' title='bbox 240 1848 405 1921; x_wconf 89' lang='grc' dir='ltr'>ρικὰς</span> <span class='ocrx_word' id='word_1_104' title='bbox 429 1849 639 1917; x_wconf 89' lang='grc' dir='ltr'>χεῖρας,</span> <span class='ocrx_word' id='word_1_105' title='bbox 661 1844 756 1896; x_wconf 74' lang='grc' dir='ltr'>καὶ</span> <span class='ocrx_word' id='word_1_106' title='bbox 778 1841 878 1911; x_wconf 87' lang='grc' dir='ltr'>τὴν</span> <span class='ocrx_word' id='word_1_107' title='bbox 899 1839 1206 1911; x_wconf 88' lang='grc' dir='ltr'>σεμνότητα</span> <span class='ocrx_word' id='word_1_108' title='bbox 1227 1838 1518 1921; x_wconf 70' lang='grc' dir='ltr'>διετήρησε</span> <span class='ocrx_word' id='word_1_109' title='bbox 1534 1854 1549 1870; x_wconf 91' lang='grc'>·</span> <span class='ocrx_word' id='word_1_110' title='bbox 1572 1836 1668 1921; x_wconf 85' lang='grc' dir='ltr'>τοῦ</span> <span class='ocrx_word' id='word_1_111' title='bbox 1696 1836 1827 1921; x_wconf 51' lang='grc' dir='ltr'>βαρς</span> 
     </span>
    </p>
   </div>
   <div class='ocr_carea' id='block_1_18' title="bbox 241 1917 1825 2002">
    <p class='ocr_par' dir='ltr' id='par_1_18' title="bbox 241 1917 1825 2002">
     <span class='ocr_line' id='line_1_18' title="bbox 241 1917 1825 2002; baseline -0.009 -17"><span class='ocrx_word' id='word_1_112' title='bbox 241 1917 413 2002; x_wconf 79' lang='grc' dir='ltr'>ϐάρου</span> <span class='ocrx_word' id='word_1_113' title='bbox 444 1931 481 1999; x_wconf 87' lang='grc' dir='ltr'>ἡ</span> <span class='ocrx_word' id='word_1_114' title='bbox 525 1925 814 1990; x_wconf 77' lang='grc' dir='ltr'>ἀκολασία,</span> <span class='ocrx_word' id='word_1_115' title='bbox 848 1924 930 1978; x_wconf 84' lang='grc' dir='ltr'>ὅτι</span> <span class='ocrx_word' id='word_1_116' title='bbox 973 1922 1233 1994; x_wconf 80' lang='grc' dir='ltr'>ἀλλοτρίᾳ</span> <span class='ocrx_word' id='word_1_117' title='bbox 1275 1920 1511 1991; x_wconf 77' lang='grc' dir='ltr'>ἐπῆλθεν</span> <span class='ocrx_word' id='word_1_118' title='bbox 1538 1920 1697 1991; x_wconf 77' lang='grc' dir='ltr'>εὐνῇ·</span> <span class='ocrx_word' id='word_1_119' title='bbox 1729 1917 1825 1972; x_wconf 87' lang='grc' dir='ltr'>τοῦ</span> 
     </span>
    </p>
   </div>
   <div class='ocr_carea' id='block_1_19' title="bbox 240 2002 1824 2084">
    <p class='ocr_par' dir='ltr' id='par_1_19' title="bbox 240 2002 1824 2084">
     <span class='ocr_line' id='line_1_19' title="bbox 240 2002 1824 2084; baseline -0.008 -15"><span class='ocrx_word' id='word_1_120' title='bbox 240 2013 379 2069; x_wconf 89' lang='grc' dir='ltr'>Θεοῦ</span> <span class='ocrx_word' id='word_1_121' title='bbox 408 2015 444 2084; x_wconf 89' lang='grc' dir='ltr'>ἡ</span> <span class='ocrx_word' id='word_1_122' title='bbox 470 2008 873 2081; x_wconf 70' lang='grc' dir='ltr'>φιλανθρωπία,</span> <span class='ocrx_word' id='word_1_123' title='bbox 902 2007 984 2060; x_wconf 84' lang='grc' dir='ltr'>ὅτι</span> <span class='ocrx_word' id='word_1_124' title='bbox 1013 2006 1151 2077; x_wconf 85' lang='grc' dir='ltr'>μετὰ</span> <span class='ocrx_word' id='word_1_125' title='bbox 1173 2004 1482 2073; x_wconf 83' lang='grc' dir='ltr'>ἀπόγνωσιν</span> <span class='ocrx_word' id='word_1_126' title='bbox 1501 2002 1824 2076; x_wconf 83' lang='grc' dir='ltr'>ἀνθρώπων,</span> 
     </span>
    </p>
   </div>
   <div class='ocr_carea' id='block_1_20' title="bbox 241 2086 1829 2162">
    <p class='ocr_par' dir='ltr' id='par_1_20' title="bbox 241 2086 1829 2162">
     <span class='ocr_line' id='line_1_20' title="bbox 241 2086 1829 2162; baseline -0.008 -10"><span class='ocrx_word' id='word_1_127' title='bbox 241 2099 365 2152; x_wconf 87' lang='grc' dir='ltr'>τότε</span> <span class='ocrx_word' id='word_1_128' title='bbox 400 2096 492 2149; x_wconf 78' lang='grc' dir='ltr'>τὸν</span> <span class='ocrx_word' id='word_1_129' title='bbox 518 2093 782 2162; x_wconf 68' lang='grc' dir='ltr'>στέφανον</span> <span class='ocrx_word' id='word_1_130' title='bbox 806 2091 1006 2161; x_wconf 82' lang='grc' dir='ltr'>ἡνεγκε</span> <span class='ocrx_word' id='word_1_131' title='bbox 1047 2087 1126 2159; x_wconf 82' lang='grc' dir='ltr'>τῷ</span> <span class='ocrx_word' id='word_1_132' title='bbox 1155 2087 1371 2158; x_wconf 86' lang='grc' dir='ltr'>δικαίῳ.</span> <span class='ocrx_word' id='word_1_133' title='bbox 1405 2086 1590 2141; x_wconf 85' lang='grc' dir='ltr'>Ταῦτα</span> <span class='ocrx_word' id='word_1_134' title='bbox 1620 2086 1829 2155; x_wconf 88' lang='grc' dir='ltr'>ἐγίνετο</span> 
     </span>
    </p>
   </div>
   <div class='ocr_carea' id='block_1_21' title="bbox 242 2171 1828 2246">
    <p class='ocr_par' dir='ltr' id='par_1_21' title="bbox 242 2171 1828 2246">
     <span class='ocr_line' id='line_1_21' title="bbox 242 2171 1828 2246; baseline -0.009 -10"><span class='ocrx_word' id='word_1_135' title='bbox 242 2182 364 2237; x_wconf 84' lang='grc' dir='ltr'>τότε</span> <span class='ocrx_word' id='word_1_136' title='bbox 416 2180 509 2232; x_wconf 75' lang='grc' dir='ltr'>ἐπὶ</span> <span class='ocrx_word' id='word_1_137' title='bbox 534 2177 629 2231; x_wconf 91' lang='grc' dir='ltr'>τοῦ</span> <span class='ocrx_word' id='word_1_138' title='bbox 672 2175 943 2246; x_wconf 69' lang='grc' dir='ltr'>Ἀϐραὰμ,</span> <span class='ocrx_word' id='word_1_139' title='bbox 989 2172 1206 2241; x_wconf 88' lang='grc' dir='ltr'>ἐγένετο</span> <span class='ocrx_word' id='word_1_140' title='bbox 1240 2172 1298 2225; x_wconf 82' lang='grc' dir='ltr'>δὲ</span> <span class='ocrx_word' id='word_1_141' title='bbox 1330 2172 1567 2243; x_wconf 87' lang='grc' dir='ltr'>σήμερον</span> <span class='ocrx_word' id='word_1_142' title='bbox 1608 2171 1700 2223; x_wconf 80' lang='grc' dir='ltr'>ἐπὶ</span> <span class='ocrx_word' id='word_1_143' title='bbox 1729 2171 1828 2243; x_wconf 86' lang='grc' dir='ltr'>τῆς</span> 
     </span>
    </p>
   </div>
   <div class='ocr_carea' id='block_1_22' title="bbox 257 2250 1825 2334">
    <p class='ocr_par' dir='ltr' id='par_1_22' title="bbox 257 2250 1825 2334">
     <span class='ocr_line' id='line_1_22' title="bbox 257 2250 1825 2334; baseline -0.008 -16"><span class='ocrx_word' id='word_1_144' title='bbox 257 2262 610 2334; x_wconf 83' lang='grc' dir='ltr'>Ἐκκλησίας.</span> <span class='ocrx_word' id='word_1_145' title='bbox 641 2259 935 2328; x_wconf 78' lang='grc' dir='ltr'>Αἰγύπτιος</span> <span class='ocrx_word' id='word_1_146' title='bbox 958 2250 1136 2322; x_wconf 71' lang='grc' dir='ltr'>οὗτος,</span> <span class='ocrx_word' id='word_1_147' title='bbox 1162 2255 1239 2317; x_wconf 85' lang='grc' dir='ltr'>ὡς</span> <span class='ocrx_word' id='word_1_148' title='bbox 1264 2256 1471 2317; x_wconf 84' lang='grc' dir='ltr'>ἐκεῖνος</span> <span class='ocrx_word' id='word_1_149' title='bbox 1496 2254 1792 2322; x_wconf 76' lang='grc' dir='ltr'>Αἰγύπτιος</span> <span class='ocrx_word' id='word_1_150' title='bbox 1810 2270 1825 2285; x_wconf 97' lang='grc'>·</span> 
     </span>
    </p>
   </div>
   <div class='ocr_carea' id='block_1_23' title="bbox 247 2336 1831 2416">
    <p class='ocr_par' dir='ltr' id='par_1_23' title="bbox 247 2336 1831 2416">
     <span class='ocr_line' id='line_1_23' title="bbox 247 2336 1831 2416; baseline -0.008 -15"><span class='ocrx_word' id='word_1_151' title='bbox 247 2340 404 2410; x_wconf 71' lang='grc' dir='ltr'>οὗτος</span> <span class='ocrx_word' id='word_1_152' title='bbox 429 2342 761 2416; x_wconf 79' lang='grc' dir='ltr'>δορυφόρους</span> <span class='ocrx_word' id='word_1_153' title='bbox 783 2336 949 2411; x_wconf 74' lang='grc' dir='ltr'>εἶχεν,</span> <span class='ocrx_word' id='word_1_154' title='bbox 971 2340 1178 2401; x_wconf 89' lang='grc' dir='ltr'>ἐκεῖνος</span> <span class='ocrx_word' id='word_1_155' title='bbox 1206 2336 1558 2401; x_wconf 79' lang='grc' dir='ltr'>ὑπασπιστάς</span> <span class='ocrx_word' id='word_1_156' title='bbox 1580 2353 1594 2368; x_wconf 93' lang='grc'>·</span> <span class='ocrx_word' id='word_1_157' title='bbox 1624 2338 1831 2401; x_wconf 87' lang='grc' dir='ltr'>ἐκεῖνος</span> 
     </span>
    </p>
   </div>
   <div class='ocr_carea' id='block_1_24' title="bbox 246 2417 1832 2501">
    <p class='ocr_par' dir='ltr' id='par_1_24' title="bbox 246 2417 1832 2501">
     <span class='ocr_line' id='line_1_24' title="bbox 246 2417 1832 2501; baseline -0.006 -17"><span class='ocrx_word' id='word_1_158' title='bbox 246 2430 347 2501; x_wconf 86' lang='grc' dir='ltr'>τὴν</span> <span class='ocrx_word' id='word_1_159' title='bbox 399 2428 623 2500; x_wconf 79' lang='grc' dir='ltr'>Σάρῤαν</span> <span class='ocrx_word' id='word_1_160' title='bbox 644 2463 661 2489; x_wconf 93' lang='grc'>,</span> <span class='ocrx_word' id='word_1_161' title='bbox 707 2417 864 2488; x_wconf 73' lang='grc' dir='ltr'>οὗτος</span> <span class='ocrx_word' id='word_1_162' title='bbox 911 2421 1012 2493; x_wconf 86' lang='grc' dir='ltr'>τὴν</span> <span class='ocrx_word' id='word_1_163' title='bbox 1066 2418 1393 2501; x_wconf 74' lang='grc' dir='ltr'>Ἐκκλησίαν</span> <span class='ocrx_word' id='word_1_164' title='bbox 1412 2435 1428 2452; x_wconf 76' lang='grc'><strong><em>⁸</em></strong></span> <span class='ocrx_word' id='word_1_165' title='bbox 1481 2420 1612 2491; x_wconf 89' lang='grc' dir='ltr'>μίαν</span> <span class='ocrx_word' id='word_1_166' title='bbox 1659 2420 1832 2474; x_wconf 85' lang='grc' dir='ltr'>νύκτα</span> 
     </span>
    </p>
   </div>
   <div class='ocr_carea' id='block_1_25' title="bbox 246 2498 1832 2580">
    <p class='ocr_par' dir='ltr' id='par_1_25' title="bbox 246 2498 1832 2580">
     <span class='ocr_line' id='line_1_25' title="bbox 246 2498 1832 2580; baseline -0.007 -11"><span class='ocrx_word' id='word_1_167' title='bbox 246 2498 458 2575; x_wconf 78' lang='grc' dir='ltr'>ἐκεῖνος</span> <span class='ocrx_word' id='word_1_168' title='bbox 479 2498 727 2580; x_wconf 78' lang='grc' dir='ltr'>συνέσχε,</span> <span class='ocrx_word' id='word_1_169' title='bbox 754 2508 883 2579; x_wconf 90' lang='grc' dir='ltr'>μίαν</span> <span class='ocrx_word' id='word_1_170' title='bbox 906 2504 1119 2578; x_wconf 83' lang='grc' dir='ltr'>ἡμέραν</span> <span class='ocrx_word' id='word_1_171' title='bbox 1144 2498 1298 2567; x_wconf 68' lang='grc' dir='ltr'>οὗτος</span> <span class='ocrx_word' id='word_1_172' title='bbox 1327 2502 1573 2574; x_wconf 84' lang='grc' dir='ltr'>εἰσῆλθεν</span> <span class='ocrx_word' id='word_1_173' title='bbox 1592 2519 1607 2535; x_wconf 94' lang='grc'>·</span> <span class='ocrx_word' id='word_1_174' title='bbox 1625 2504 1734 2558; x_wconf 91' lang='grc' dir='ltr'>οὐδ’</span> <span class='ocrx_word' id='word_1_175' title='bbox 1765 2503 1832 2558; x_wconf 83' lang='grc' dir='ltr'>ἂν</span> 
     </span>
    </p>
   </div>
   <div class='ocr_carea' id='block_1_26' title="bbox 249 2585 1834 2669">
    <p class='ocr_par' dir='ltr' id='par_1_26' title="bbox 249 2585 1834 2669">
     <span class='ocr_line' id='line_1_26' title="bbox 249 2585 1834 2669; baseline -0.003 -23"><span class='ocrx_word' id='word_1_176' title='bbox 249 2598 351 2669; x_wconf 78' lang='grc' dir='ltr'>τὴν</span> <span class='ocrx_word' id='word_1_177' title='bbox 391 2596 522 2667; x_wconf 83' lang='grc' dir='ltr'>μίαν</span> <span class='ocrx_word' id='word_1_178' title='bbox 557 2588 934 2662; x_wconf 79' lang='grc' dir='ltr'>συνεχωρήθη,</span> <span class='ocrx_word' id='word_1_179' title='bbox 972 2587 1088 2641; x_wconf 86' lang='grc' dir='ltr'>ἀλλ’</span> <span class='ocrx_word' id='word_1_180' title='bbox 1127 2586 1217 2640; x_wconf 81' lang='grc' dir='ltr'>ἱνα</span> <span class='ocrx_word' id='word_1_181' title='bbox 1259 2585 1442 2658; x_wconf 81' lang='grc' dir='ltr'>δειχθῇ</span> <span class='ocrx_word' id='word_1_182' title='bbox 1474 2587 1574 2657; x_wconf 89' lang='grc' dir='ltr'>τῆς</span> <span class='ocrx_word' id='word_1_183' title='bbox 1614 2586 1834 2658; x_wconf 86' lang='grc' dir='ltr'>νύμφης</span> 
     </span>
    </p>
   </div>
   <div class='ocr_carea' id='block_1_27' title="bbox 245 2670 1835 2756">
    <p class='ocr_par' dir='ltr' id='par_1_27' title="bbox 245 2670 1835 2756">
     <span class='ocr_line' id='line_1_27' title="bbox 245 2670 1835 2756; baseline -0.002 -28"><span class='ocrx_word' id='word_1_184' title='bbox 245 2686 283 2756; x_wconf 61' lang='grc' dir='ltr'><strong>ἡ</strong></span> <span class='ocrx_word' id='word_1_185' title='bbox 314 2676 663 2749; x_wconf 77' lang='grc' dir='ltr'>σωφροσύνη,</span> <span class='ocrx_word' id='word_1_186' title='bbox 697 2677 780 2728; x_wconf 81' lang='grc' dir='ltr'>ὅτι</span> <span class='ocrx_word' id='word_1_187' title='bbox 810 2672 1137 2756; x_wconf 87' lang='grc' dir='ltr'>εἰσέρχεται,</span> <span class='ocrx_word' id='word_1_188' title='bbox 1168 2671 1263 2724; x_wconf 79' lang='grc' dir='ltr'>καὶ</span> <span class='ocrx_word' id='word_1_189' title='bbox 1287 2672 1348 2724; x_wconf 91' lang='grc' dir='ltr'>οὐ</span> <span class='ocrx_word' id='word_1_190' title='bbox 1372 2670 1636 2756; x_wconf 86' lang='grc' dir='ltr'>διεφθάρη</span> <span class='ocrx_word' id='word_1_191' title='bbox 1663 2673 1835 2741; x_wconf 89' lang='grc' dir='ltr'>αὐτῆς</span> 
     </span>
    </p>
   </div>
   <div class='ocr_carea' id='block_1_28' title="bbox 247 2753 1832 2832">
    <p class='ocr_par' dir='ltr' id='par_1_28' title="bbox 247 2753 1832 2832">
     <span class='ocr_line' id='line_1_28' title="bbox 247 2753 1832 2832; baseline -0.007 -13"><span class='ocrx_word' id='word_1_192' title='bbox 247 2753 311 2819; x_wconf 76' lang='grc' dir='ltr'>τὸ</span> <span class='ocrx_word' id='word_1_193' title='bbox 342 2763 541 2827; x_wconf 86' lang='grc' dir='ltr'>κάλλος</span> <span class='ocrx_word' id='word_1_194' title='bbox 573 2761 671 2832; x_wconf 85' lang='grc' dir='ltr'>τῆς</span> <span class='ocrx_word' id='word_1_195' title='bbox 713 2755 1087 2829; x_wconf 83' lang='grc' dir='ltr'>σωφροσύνης,</span> <span class='ocrx_word' id='word_1_196' title='bbox 1119 2756 1295 2809; x_wconf 87' lang='grc' dir='ltr'>καίτοι</span> <span class='ocrx_word' id='word_1_197' title='bbox 1327 2753 1512 2827; x_wconf 83' lang='grc' dir='ltr'>μοιχὸν</span> <span class='ocrx_word' id='word_1_198' title='bbox 1546 2755 1832 2827; x_wconf 87' lang='grc' dir='ltr'>ἡτοίμασε,</span> 
     </span>
    </p>
   </div>
   <div class='ocr_carea' id='block_1_29' title="bbox 250 2840 1835 2920">
    <p class='ocr_par' dir='ltr' id='par_1_29' title="bbox 250 2840 1835 2920">
     <span class='ocr_line' id='line_1_29' title="bbox 250 2840 1835 2920; baseline -0.009 -14"><span class='ocrx_word' id='word_1_199' title='bbox 250 2852 346 2907; x_wconf 76' lang='grc' dir='ltr'>καὶ</span> <span class='ocrx_word' id='word_1_200' title='bbox 377 2849 449 2904; x_wconf 80' lang='grc' dir='ltr'>τά</span> <span class='ocrx_word' id='word_1_201' title='bbox 479 2847 835 2920; x_wconf 84' lang='grc' dir='ltr'>γραμματεῖα</span> <span class='ocrx_word' id='word_1_202' title='bbox 868 2841 1221 2907; x_wconf 87' lang='grc' dir='ltr'>συνετελεῖτο,</span> <span class='ocrx_word' id='word_1_203' title='bbox 1254 2842 1349 2896; x_wconf 85' lang='grc' dir='ltr'>καί</span> <span class='ocrx_word' id='word_1_204' title='bbox 1382 2841 1568 2896; x_wconf 88' lang='grc' dir='ltr'>πολλοὶ</span> <span class='ocrx_word' id='word_1_205' title='bbox 1597 2841 1706 2895; x_wconf 88' lang='grc' dir='ltr'>τῶν</span> <span class='ocrx_word' id='word_1_206' title='bbox 1734 2840 1835 2910; x_wconf 86' lang='grc' dir='ltr'>τῆς</span> 
     </span>
    </p>
   </div>
   <div class='ocr_carea' id='block_1_30' title="bbox 251 2922 1836 3002">
    <p class='ocr_par' dir='ltr' id='par_1_30' title="bbox 251 2922 1836 3002">
     <span class='ocr_line' id='line_1_30' title="bbox 251 2922 1836 3002; baseline -0.008 -14"><span class='ocrx_word' id='word_1_207' title='bbox 251 2935 431 2998; x_wconf 87' lang='grc' dir='ltr'>οἰκίας</span> <span class='ocrx_word' id='word_1_208' title='bbox 489 2930 833 3002; x_wconf 82' lang='grc' dir='ltr'>ὑπέγραφον.</span> <span class='ocrx_word' id='word_1_209' title='bbox 871 2925 1213 2996; x_wconf 80' lang='grc' dir='ltr'>Ἀπηρτίσθη</span> <span class='ocrx_word' id='word_1_210' title='bbox 1251 2927 1284 2997; x_wconf 89' lang='grc' dir='ltr'>ἡ</span> <span class='ocrx_word' id='word_1_211' title='bbox 1338 2926 1589 2997; x_wconf 82' lang='grc' dir='ltr'>μηχανὴ,</span> <span class='ocrx_word' id='word_1_212' title='bbox 1636 2924 1732 2977; x_wconf 84' lang='grc' dir='ltr'>καί</span> <span class='ocrx_word' id='word_1_213' title='bbox 1773 2922 1836 2976; x_wconf 83' lang='grc' dir='ltr'>τὸ</span> 
     </span>
    </p>
   </div>
   <div class='ocr_carea' id='block_1_31' title="bbox 253 3005 1836 3084">
    <p class='ocr_par' dir='ltr' id='par_1_31' title="bbox 253 3005 1836 3084">
     <span class='ocr_line' id='line_1_31' title="bbox 253 3005 1836 3084; baseline -0.008 -13"><span class='ocrx_word' id='word_1_214' title='bbox 253 3017 407 3082; x_wconf 82' lang='grc' dir='ltr'>τέλος</span> <span class='ocrx_word' id='word_1_215' title='bbox 443 3015 547 3069; x_wconf 90' lang='grc' dir='ltr'>οὐκ</span> <span class='ocrx_word' id='word_1_216' title='bbox 572 3015 809 3083; x_wconf 86' lang='grc' dir='ltr'>ἐγένετο.</span> <span class='ocrx_word' id='word_1_217' title='bbox 852 3013 1053 3084; x_wconf 85' lang='grc' dir='ltr'>Ἐφάνη</span> <span class='ocrx_word' id='word_1_218' title='bbox 1102 3009 1313 3064; x_wconf 83' lang='grc' dir='ltr'>ἐκείνου</span> <span class='ocrx_word' id='word_1_219' title='bbox 1356 3010 1389 3079; x_wconf 96' lang='grc' dir='ltr'>ἡ</span> <span class='ocrx_word' id='word_1_220' title='bbox 1442 3005 1710 3079; x_wconf 88' lang='grc' dir='ltr'>πονηρία,</span> <span class='ocrx_word' id='word_1_221' title='bbox 1740 3006 1836 3059; x_wconf 75' lang='grc' dir='ltr'>καὶ</span> 
     </span>
    </p>
   </div>
   <div class='ocr_carea' id='block_1_32' title="bbox 254 3091 1836 3170">
    <p class='ocr_par' dir='ltr' id='par_1_32' title="bbox 254 3091 1836 3170">
     <span class='ocr_line' id='line_1_32' title="bbox 254 3091 1836 3170; baseline -0.008 -15"><span class='ocrx_word' id='word_1_222' title='bbox 254 3100 349 3155; x_wconf 86' lang='grc' dir='ltr'>τοῦ</span> <span class='ocrx_word' id='word_1_223' title='bbox 389 3099 525 3154; x_wconf 87' lang='grc' dir='ltr'>Θεοῦ</span> <span class='ocrx_word' id='word_1_224' title='bbox 550 3102 585 3170; x_wconf 92' lang='grc' dir='ltr'>ἡ</span> <span class='ocrx_word' id='word_1_225' title='bbox 616 3097 1018 3170; x_wconf 84' lang='grc' dir='ltr'>φιλανθρωπία.</span> <span class='ocrx_word' id='word_1_226' title='bbox 1056 3095 1197 3150; x_wconf 85' lang='grc' dir='ltr'>Ἀλλ’</span> <span class='ocrx_word' id='word_1_227' title='bbox 1225 3095 1254 3147; x_wconf 96' lang='lat'>6</span> <span class='ocrx_word' id='word_1_228' title='bbox 1285 3094 1384 3167; x_wconf 79' lang='grc' dir='ltr'>μὲν</span> <span class='ocrx_word' id='word_1_229' title='bbox 1414 3092 1686 3165; x_wconf 88' lang='grc' dir='ltr'>βάρϐαρος</span> <span class='ocrx_word' id='word_1_230' title='bbox 1713 3091 1836 3144; x_wconf 88' lang='grc' dir='ltr'>τότε</span> 
     </span>
    </p>
   </div>
   <div class='ocr_carea' id='block_1_33' title="bbox 254 3177 1839 3254">
    <p class='ocr_par' dir='ltr' id='par_1_33' title="bbox 254 3177 1839 3254">
     <span class='ocr_line' id='line_1_33' title="bbox 254 3177 1839 3254; baseline -0.008 -13"><span class='ocrx_word' id='word_1_231' title='bbox 254 3188 462 3250; x_wconf 81' lang='grc' dir='ltr'>ἐκεῖνος</span> <span class='ocrx_word' id='word_1_232' title='bbox 490 3184 748 3252; x_wconf 78' lang='grc' dir='ltr'>ἐπιγνοὺς</span> <span class='ocrx_word' id='word_1_233' title='bbox 774 3183 835 3236; x_wconf 84' lang='grc' dir='ltr'>τὸ</span> <span class='ocrx_word' id='word_1_234' title='bbox 861 3182 1187 3254; x_wconf 87' lang='grc' dir='ltr'>ἁμάρτημα,</span> <span class='ocrx_word' id='word_1_235' title='bbox 1216 3178 1536 3251; x_wconf 85' lang='grc' dir='ltr'>ὡμολόγησε</span> <span class='ocrx_word' id='word_1_236' title='bbox 1566 3177 1630 3230; x_wconf 82' lang='grc' dir='ltr'>τὸ</span> <span class='ocrx_word' id='word_1_237' title='bbox 1661 3192 1839 3247; x_wconf 85' lang='grc' dir='ltr'>παρα-</span> 
     </span>
    </p>
   </div>
   <div class='ocr_carea' id='block_1_34' title="bbox 255 3260 1839 3341">
    <p class='ocr_par' dir='ltr' id='par_1_34' title="bbox 255 3260 1839 3341">
     <span class='ocr_line' id='line_1_34' title="bbox 255 3260 1839 3341; baseline -0.008 -17"><span class='ocrx_word' id='word_1_238' title='bbox 255 3270 511 3341; x_wconf 80' lang='grc' dir='ltr'>νόμημα·</span> <span class='ocrx_word' id='word_1_239' title='bbox 568 3267 719 3337; x_wconf 81' lang='grc' dir='ltr'>λέγει</span> <span class='ocrx_word' id='word_1_240' title='bbox 769 3268 877 3339; x_wconf 80' lang='grc' dir='ltr'>γὰρ</span> <span class='ocrx_word' id='word_1_241' title='bbox 940 3265 1019 3337; x_wconf 85' lang='grc' dir='ltr'>τῷ</span> <span class='ocrx_word' id='word_1_242' title='bbox 1081 3263 1364 3336; x_wconf 84' lang='grc' dir='ltr'>Ἀϐραάμ·</span> <span class='ocrx_word' id='word_1_243' title='bbox 1427 3262 1491 3317; x_wconf 77' lang='grc' dir='ltr'>τι</span> <span class='ocrx_word' id='word_1_244' title='bbox 1543 3260 1839 3329; x_wconf 76' lang='grc' dir='ltr'>ἐποιησας</span> 
     </span>
    </p>
   </div>
   <div class='ocr_carea' id='block_1_35' title="bbox 255 3344 1838 3418">
    <p class='ocr_par' dir='ltr' id='par_1_35' title="bbox 255 3344 1838 3418">
     <span class='ocr_line' id='line_1_35' title="bbox 255 3344 1838 3418; baseline -0.008 -9"><span class='ocrx_word' id='word_1_245' title='bbox 255 3353 468 3418; x_wconf 84' lang='grc' dir='ltr'>τοῦτο;</span> <span class='ocrx_word' id='word_1_246' title='bbox 498 3354 585 3417; x_wconf 69' lang='grc' dir='ltr'>εἰς</span> <span class='ocrx_word' id='word_1_247' title='bbox 625 3352 684 3405; x_wconf 86' lang='grc' dir='ltr'>τί</span> <span class='ocrx_word' id='word_1_248' title='bbox 718 3347 913 3417; x_wconf 80' lang='grc' dir='ltr'>εἶπας,</span> <span class='ocrx_word' id='word_1_249' title='bbox 944 3348 1035 3403; x_wconf 86' lang='grc' dir='ltr'>ὅτι</span> <span class='ocrx_word' id='word_1_250' title='bbox 1082 3346 1318 3416; x_wconf 72' lang='grc' dir='ltr'>ἀδελφή</span> <span class='ocrx_word' id='word_1_251' title='bbox 1359 3346 1478 3417; x_wconf 84' lang='grc' dir='ltr'>μού</span> <span class='ocrx_word' id='word_1_252' title='bbox 1517 3345 1690 3407; x_wconf 82' lang='grc' dir='ltr'>ἐστι;</span> <span class='ocrx_word' id='word_1_253' title='bbox 1736 3344 1838 3398; x_wconf 79' lang='grc' dir='ltr'>καὶ</span> 
     </span>
    </p>
   </div>
   <div class='ocr_carea' id='block_1_36' title="bbox 253 3424 1909 3510">
    <p class='ocr_par' dir='ltr' id='par_1_36' title="bbox 253 3424 1909 3510">
     <span class='ocr_line' id='line_1_36' title="bbox 253 3424 1909 3510; baseline -0.007 -18"><span class='ocrx_word' id='word_1_254' title='bbox 253 3436 468 3510; x_wconf 81' lang='grc' dir='ltr'>μικροῦ</span> <span class='ocrx_word' id='word_1_255' title='bbox 500 3436 579 3491; x_wconf 81' lang='grc' dir='ltr'>ἂν</span> <span class='ocrx_word' id='word_1_256' title='bbox 609 3435 908 3506; x_wconf 80' lang='grc' dir='ltr'>ἥμαρτον·</span> <span class='ocrx_word' id='word_1_257' title='bbox 939 3427 1095 3495; x_wconf 64' lang='grc' dir='ltr'>οὗτος</span> <span class='ocrx_word' id='word_1_258' title='bbox 1117 3433 1174 3487; x_wconf 81' lang='grc' dir='ltr'>δὲ</span> <span class='ocrx_word' id='word_1_259' title='bbox 1204 3429 1345 3502; x_wconf 88' lang='grc' dir='ltr'>μετά</span> <span class='ocrx_word' id='word_1_260' title='bbox 1366 3429 1465 3502; x_wconf 78' lang='grc' dir='ltr'>τὴν</span> <span class='ocrx_word' id='word_1_261' title='bbox 1488 3427 1838 3501; x_wconf 81' lang='grc' dir='ltr'>παρανομίαν</span> <span class='ocrx_word' id='word_1_262' title='bbox 1897 3424 1909 3447; x_wconf 93' lang='lat'><strong>&#39;</strong></span> 
     </span>
    </p>
   </div>
   <div class='ocr_carea' id='block_1_37' title="bbox 257 3512 1837 3591">
    <p class='ocr_par' dir='ltr' id='par_1_37' title="bbox 257 3512 1837 3591">
     <span class='ocr_line' id='line_1_37' title="bbox 257 3512 1837 3591; baseline -0.007 -17"><span class='ocrx_word' id='word_1_263' title='bbox 257 3520 661 3591; x_wconf 70' lang='grc' dir='ltr'>ἐπηγωνίσατο.</span> <span class='ocrx_word' id='word_1_264' title='bbox 698 3516 909 3571; x_wconf 74' lang='grc' dir='ltr'>ι’Δθλιε</span> <span class='ocrx_word' id='word_1_265' title='bbox 960 3517 1056 3570; x_wconf 71' lang='grc' dir='ltr'>καὶ</span> <span class='ocrx_word' id='word_1_266' title='bbox 1091 3514 1407 3586; x_wconf 89' lang='grc' dir='ltr'>ταλαίπωρε</span> <span class='ocrx_word' id='word_1_267' title='bbox 1432 3553 1448 3578; x_wconf 94' lang='grc'>,</span> <span class='ocrx_word' id='word_1_268' title='bbox 1512 3512 1837 3582; x_wconf 78' lang='grc' dir='ltr'>Ἦμαρτες,</span> 
     </span>
    </p>
   </div>
   <div class='ocr_carea' id='block_1_38' title="bbox 258 3596 1840 3675">
    <p class='ocr_par' dir='ltr' id='par_1_38' title="bbox 258 3596 1840 3675">
     <span class='ocr_line' id='line_1_38' title="bbox 258 3596 1840 3675; baseline -0.006 -15"><span class='ocrx_word' id='word_1_269' title='bbox 258 3608 621 3675; x_wconf 81' lang='grc' dir='ltr'>ἡσύχασον,</span> <span class='ocrx_word' id='word_1_270' title='bbox 682 3602 758 3675; x_wconf 86' lang='grc' dir='ltr'>μὴ</span> <span class='ocrx_word' id='word_1_271' title='bbox 804 3601 1039 3673; x_wconf 85' lang='grc' dir='ltr'>πρόσθες</span> <span class='ocrx_word' id='word_1_272' title='bbox 1092 3599 1372 3672; x_wconf 86' lang='grc' dir='ltr'>ἁμαρτίαν</span> <span class='ocrx_word' id='word_1_273' title='bbox 1405 3597 1492 3667; x_wconf 84' lang='grc' dir='ltr'>ἐφ’</span> <span class='ocrx_word' id='word_1_274' title='bbox 1538 3596 1840 3667; x_wconf 86' lang='grc' dir='ltr'>ἁμαρτίαν.</span> 
     </span>
    </p>
   </div>
   <div class='ocr_carea' id='block_1_39' title="bbox 257 3680 1845 3759">
    <p class='ocr_par' dir='ltr' id='par_1_39' title="bbox 257 3680 1845 3759">
     <span class='ocr_line' id='line_1_39' title="bbox 257 3680 1845 3759; baseline -0.008 -15"><span class='ocrx_word' id='word_1_275' title='bbox 257 3689 503 3759; x_wconf 76' lang='grc' dir='ltr'>Κάκείνη</span> <span class='ocrx_word' id='word_1_276' title='bbox 553 3690 652 3759; x_wconf 87' lang='grc' dir='ltr'>μέν</span> <span class='ocrx_word' id='word_1_277' title='bbox 696 3685 1003 3756; x_wconf 79' lang='grc' dir='ltr'>ἐπανῆλθε,</span> <span class='ocrx_word' id='word_1_278' title='bbox 1054 3684 1288 3737; x_wconf 87' lang='grc' dir='ltr'>πλοῦτον</span> <span class='ocrx_word' id='word_1_279' title='bbox 1328 3681 1527 3753; x_wconf 69' lang='grc' dir='ltr'>ἔχουσα</span> <span class='ocrx_word' id='word_1_280' title='bbox 1554 3680 1647 3734; x_wconf 87' lang='grc' dir='ltr'>τὸν</span> <span class='ocrx_word' id='word_1_281' title='bbox 1679 3680 1845 3747; x_wconf 79' lang='grc' dir='ltr'>Δίγυ-</span> 
     </span>
    </p>
   </div>
   <div class='ocr_carea' id='block_1_40' title="bbox 259 3760 1844 3841">
    <p class='ocr_par' dir='ltr' id='par_1_40' title="bbox 259 3760 1844 3841">
     <span class='ocr_line' id='line_1_40' title="bbox 259 3760 1844 3841; baseline -0.009 -15"><span class='ocrx_word' id='word_1_282' title='bbox 259 3775 494 3826; x_wconf 89' lang='grc' dir='ltr'>πτιακόν</span> <span class='ocrx_word' id='word_1_283' title='bbox 518 3789 533 3803; x_wconf 88' lang='grc'>·</span> <span class='ocrx_word' id='word_1_284' title='bbox 565 3772 600 3841; x_wconf 90' lang='grc' dir='ltr'>ἡ</span> <span class='ocrx_word' id='word_1_285' title='bbox 634 3770 693 3824; x_wconf 85' lang='grc' dir='ltr'>δέ</span> <span class='ocrx_word' id='word_1_286' title='bbox 727 3769 1027 3840; x_wconf 82' lang='grc' dir='ltr'>Ἐκκλησία</span> <span class='ocrx_word' id='word_1_287' title='bbox 1054 3765 1349 3836; x_wconf 86' lang='grc' dir='ltr'>ἐπανῆλθε,</span> <span class='ocrx_word' id='word_1_288' title='bbox 1381 3762 1616 3818; x_wconf 88' lang='grc' dir='ltr'>πλοῦτον</span> <span class='ocrx_word' id='word_1_289' title='bbox 1644 3760 1844 3831; x_wconf 82' lang='grc' dir='ltr'>εχουσα</span> 
     </span>
    </p>
   </div>
   <div class='ocr_carea' id='block_1_41' title="bbox 257 3844 1846 3926">
    <p class='ocr_par' dir='ltr' id='par_1_41' title="bbox 257 3844 1846 3926">
     <span class='ocr_line' id='line_1_41' title="bbox 257 3844 1846 3926; baseline -0.009 -16"><span class='ocrx_word' id='word_1_290' title='bbox 257 3857 351 3911; x_wconf 79' lang='grc' dir='ltr'>τὸν</span> <span class='ocrx_word' id='word_1_291' title='bbox 381 3855 491 3908; x_wconf 80' lang='grc' dir='ltr'>ἀπὸ</span> <span class='ocrx_word' id='word_1_292' title='bbox 515 3857 614 3926; x_wconf 86' lang='grc' dir='ltr'>τῆς</span> <span class='ocrx_word' id='word_1_293' title='bbox 636 3852 883 3925; x_wconf 84' lang='grc' dir='ltr'>γνώμης,</span> <span class='ocrx_word' id='word_1_294' title='bbox 913 3852 1008 3906; x_wconf 76' lang='grc' dir='ltr'>καὶ</span> <span class='ocrx_word' id='word_1_295' title='bbox 1036 3847 1458 3920; x_wconf 87' lang='grc' dir='ltr'>σωφρονεστέρα</span> <span class='ocrx_word' id='word_1_296' title='bbox 1485 3845 1681 3915; x_wconf 87' lang='grc' dir='ltr'>ἐφάνη.</span> <span class='ocrx_word' id='word_1_297' title='bbox 1704 3844 1846 3915; x_wconf 88' lang='grc' dir='ltr'>Ὀρα</span> 
     </span>
    </p>
   </div>
   <div class='ocr_carea' id='block_1_42' title="bbox 258 3927 1846 4010">
    <p class='ocr_par' dir='ltr' id='par_1_42' title="bbox 258 3927 1846 4010">
     <span class='ocr_line' id='line_1_42' title="bbox 258 3927 1846 4010; baseline -0.01 -16"><span class='ocrx_word' id='word_1_298' title='bbox 258 3941 315 3994; x_wconf 82' lang='grc' dir='ltr'>δὲ</span> <span class='ocrx_word' id='word_1_299' title='bbox 338 3940 438 4009; x_wconf 73' lang='grc' dir='ltr'>τὴν</span> <span class='ocrx_word' id='word_1_300' title='bbox 466 3938 661 4010; x_wconf 88' lang='grc' dir='ltr'>μανίαν</span> <span class='ocrx_word' id='word_1_301' title='bbox 692 3937 787 3991; x_wconf 81' lang='grc' dir='ltr'>τοῦ</span> <span class='ocrx_word' id='word_1_302' title='bbox 817 3935 1115 4008; x_wconf 89' lang='grc' dir='ltr'>βαρϐάρου.</span> <span class='ocrx_word' id='word_1_303' title='bbox 1146 3931 1431 3998; x_wconf 79' lang='grc' dir='ltr'>Ἐξέϐαλες</span> <span class='ocrx_word' id='word_1_304' title='bbox 1456 3930 1548 3983; x_wconf 85' lang='grc' dir='ltr'>τὸν</span> <span class='ocrx_word' id='word_1_305' title='bbox 1572 3927 1810 3999; x_wconf 90' lang='grc' dir='ltr'>ποιμένα</span> <span class='ocrx_word' id='word_1_306' title='bbox 1829 3942 1846 3958; x_wconf 90' lang='grc'>·</span> 
     </span>
    </p>
   </div>
   <div class='ocr_carea' id='block_1_43' title="bbox 259 4010 1841 4093">
    <p class='ocr_par' dir='ltr' id='par_1_43' title="bbox 259 4010 1841 4093">
     <span class='ocr_line' id='line_1_43' title="bbox 259 4010 1841 4093; baseline -0.008 -17"><span class='ocrx_word' id='word_1_307' title='bbox 259 4023 312 4076; x_wconf 90' lang='grc' dir='ltr'>τί</span> <span class='ocrx_word' id='word_1_308' title='bbox 339 4022 438 4093; x_wconf 75' lang='grc' dir='ltr'>τὴν</span> <span class='ocrx_word' id='word_1_309' title='bbox 470 4022 675 4093; x_wconf 82' lang='grc' dir='ltr'>ἀγέλην</span> <span class='ocrx_word' id='word_1_310' title='bbox 705 4018 1045 4087; x_wconf 81' lang='grc' dir='ltr'>διέσπασας;</span> <span class='ocrx_word' id='word_1_311' title='bbox 1085 4018 1423 4088; x_wconf 83' lang='grc' dir='ltr'>Ἀπέστησας</span> <span class='ocrx_word' id='word_1_312' title='bbox 1449 4013 1540 4068; x_wconf 80' lang='grc' dir='ltr'>τὸν</span> <span class='ocrx_word' id='word_1_313' title='bbox 1569 4010 1841 4093; x_wconf 86' lang='grc' dir='ltr'>κυϐερνὴ-</span> 
     </span>
    </p>
   </div>
   <div class='ocr_carea' id='block_1_44' title="bbox 262 4092 1842 4175">
    <p class='ocr_par' dir='ltr' id='par_1_44' title="bbox 262 4092 1842 4175">
     <span class='ocr_line' id='line_1_44' title="bbox 262 4092 1842 4175; baseline -0.006 -18"><span class='ocrx_word' id='word_1_314' title='bbox 262 4092 405 4175; x_wconf 75' lang='grc' dir='ltr'>την·</span> <span class='ocrx_word' id='word_1_315' title='bbox 445 4106 499 4159; x_wconf 88' lang='grc' dir='ltr'>τί</span> <span class='ocrx_word' id='word_1_316' title='bbox 530 4092 657 4169; x_wconf 81' lang='grc' dir='ltr'>τοὺς</span> <span class='ocrx_word' id='word_1_317' title='bbox 690 4107 884 4167; x_wconf 79' lang='grc' dir='ltr'>οἴακας</span> <span class='ocrx_word' id='word_1_318' title='bbox 921 4101 1297 4167; x_wconf 86' lang='grc' dir='ltr'>κατέκλασας;</span> <span class='ocrx_word' id='word_1_319' title='bbox 1328 4098 1432 4151; x_wconf 83' lang='grc' dir='ltr'>Τὸν</span> <span class='ocrx_word' id='word_1_320' title='bbox 1462 4092 1842 4168; x_wconf 85' lang='grc' dir='ltr'>ἀμπελουργὸν</span> 
     </span>
    </p>
   </div>
   <div class='ocr_carea' id='block_1_45' title="bbox 263 4176 1844 4258">
    <p class='ocr_par' dir='ltr' id='par_1_45' title="bbox 263 4176 1844 4258">
     <span class='ocr_line' id='line_1_45' title="bbox 263 4176 1844 4258; baseline -0.01 -14"><span class='ocrx_word' id='word_1_321' title='bbox 263 4187 515 4254; x_wconf 78' lang='grc' dir='ltr'>ἐξέϐαλες</span> <span class='ocrx_word' id='word_1_322' title='bbox 535 4205 549 4219; x_wconf 89' lang='grc'>·</span> <span class='ocrx_word' id='word_1_323' title='bbox 586 4188 639 4241; x_wconf 90' lang='grc' dir='ltr'>τί</span> <span class='ocrx_word' id='word_1_324' title='bbox 673 4189 773 4251; x_wconf 85' lang='grc' dir='ltr'>τὰς</span> <span class='ocrx_word' id='word_1_325' title='bbox 804 4186 1085 4258; x_wconf 81' lang='grc' dir='ltr'>ἀμπέλους</span> <span class='ocrx_word' id='word_1_326' title='bbox 1114 4184 1463 4248; x_wconf 86' lang='grc' dir='ltr'>ἀνέσπασας;</span> <span class='ocrx_word' id='word_1_327' title='bbox 1492 4178 1544 4233; x_wconf 89' lang='grc' dir='ltr'>τί</span> <span class='ocrx_word' id='word_1_328' title='bbox 1578 4176 1649 4231; x_wconf 86' lang='grc' dir='ltr'>τά</span> <span class='ocrx_word' id='word_1_329' title='bbox 1681 4193 1844 4247; x_wconf 89' lang='grc' dir='ltr'>μονα-</span> 
     </span>
    </p>
   </div>
   <div class='ocr_carea' id='block_1_46' title="bbox 265 4263 1696 4344">
    <p class='ocr_par' dir='ltr' id='par_1_46' title="bbox 265 4263 1696 4344">
     <span class='ocr_line' id='line_1_46' title="bbox 265 4263 1696 4344; baseline -0.008 -19"><span class='ocrx_word' id='word_1_330' title='bbox 265 4274 466 4343; x_wconf 84' lang='grc' dir='ltr'>στήρια</span> <span class='ocrx_word' id='word_1_331' title='bbox 497 4271 847 4344; x_wconf 54' lang='grc' dir='ltr'>διέφθειρας</span> <span class='ocrx_word' id='word_1_332' title='bbox 875 4268 1178 4343; x_wconf 87' lang='grc' dir='ltr'>Βαρϐάρων</span> <span class='ocrx_word' id='word_1_333' title='bbox 1201 4264 1388 4337; x_wconf 77' lang='grc' dir='ltr'>ἔφοδον</span> <span class='ocrx_word' id='word_1_334' title='bbox 1419 4263 1696 4335; x_wconf 85' lang='grc' dir='ltr'>ἐμιμήσω.</span> 
     </span>
    </p>
   </div>
   <div class='ocr_carea' id='block_1_47' title="bbox 337 4342 1843 4427">
    <p class='ocr_par' dir='ltr' id='par_1_47' title="bbox 337 4342 1843 4427">
     <span class='ocr_line' id='line_1_47' title="bbox 337 4342 1843 4427; baseline -0.011 -18"><span class='ocrx_word' id='word_1_335' title='bbox 337 4342 402 4427; x_wconf 62' lang='grc' dir='ltr'>βί.</span> <span class='ocrx_word' id='word_1_336' title='bbox 437 4342 724 4424; x_wconf 83' lang='grc' dir='ltr'>Ἐποίησεν</span> <span class='ocrx_word' id='word_1_337' title='bbox 749 4354 988 4417; x_wconf 71' lang='grc' dir='ltr'>ἅπαντα,</span> <span class='ocrx_word' id='word_1_338' title='bbox 1013 4353 1100 4406; x_wconf 79' lang='grc' dir='ltr'>ἵνα</span> <span class='ocrx_word' id='word_1_339' title='bbox 1127 4351 1314 4422; x_wconf 86' lang='grc' dir='ltr'>δειχθῇ</span> <span class='ocrx_word' id='word_1_340' title='bbox 1340 4348 1493 4419; x_wconf 87' lang='grc' dir='ltr'>ὑμῶν</span> <span class='ocrx_word' id='word_1_341' title='bbox 1528 4349 1561 4419; x_wconf 89' lang='grc' dir='ltr'>ἡ</span> <span class='ocrx_word' id='word_1_342' title='bbox 1589 4342 1810 4415; x_wconf 86' lang='grc' dir='ltr'>ἀνδρεία</span> <span class='ocrx_word' id='word_1_343' title='bbox 1828 4359 1843 4375; x_wconf 80' lang='grc'>·</span> 
     </span>
    </p>
   </div>
   <div class='ocr_carea' id='block_1_48' title="bbox 265 4429 1847 4510">
    <p class='ocr_par' dir='ltr' id='par_1_48' title="bbox 265 4429 1847 4510">
     <span class='ocr_line' id='line_1_48' title="bbox 265 4429 1847 4510; baseline -0.006 -18"><span class='ocrx_word' id='word_1_344' title='bbox 265 4438 521 4510; x_wconf 82' lang='grc' dir='ltr'>ἐποίησεν</span> <span class='ocrx_word' id='word_1_345' title='bbox 546 4438 786 4504; x_wconf 77' lang='grc' dir='ltr'>ἅπαντα,</span> <span class='ocrx_word' id='word_1_346' title='bbox 810 4438 899 4490; x_wconf 90' lang='grc' dir='ltr'>ῖνα</span> <span class='ocrx_word' id='word_1_347' title='bbox 924 4435 1072 4508; x_wconf 84' lang='grc' dir='ltr'>μάθῃ</span> <span class='ocrx_word' id='word_1_348' title='bbox 1096 4436 1179 4489; x_wconf 85' lang='grc' dir='ltr'>ὅτι</span> <span class='ocrx_word' id='word_1_349' title='bbox 1202 4433 1407 4502; x_wconf 85' lang='grc' dir='ltr'>ποίμνη</span> <span class='ocrx_word' id='word_1_350' title='bbox 1433 4431 1581 4485; x_wconf 81' lang='grc' dir='ltr'>ἐστὶν</span> <span class='ocrx_word' id='word_1_351' title='bbox 1616 4429 1847 4485; x_wconf 86' lang='grc' dir='ltr'>ἐνταῦθα</span> 
     </span>
    </p>
   </div>
   <div class='ocr_carea' id='block_1_49' title="bbox 266 4513 1847 4593">
    <p class='ocr_par' dir='ltr' id='par_1_49' title="bbox 266 4513 1847 4593">
     <span class='ocr_line' id='line_1_49' title="bbox 266 4513 1847 4593; baseline -0.007 -18"><span class='ocrx_word' id='word_1_352' title='bbox 266 4519 373 4575; x_wconf 78' lang='grc' dir='ltr'>ὑπὸ</span> <span class='ocrx_word' id='word_1_353' title='bbox 415 4520 652 4593; x_wconf 80' lang='grc' dir='ltr'>Χριστοῦ</span> <span class='ocrx_word' id='word_1_354' title='bbox 694 4519 1117 4592; x_wconf 86' lang='grc' dir='ltr'>ποιμαινομένη.</span> <span class='ocrx_word' id='word_1_355' title='bbox 1157 4516 1303 4584; x_wconf 80' lang='grc' dir='ltr'>Ἐξω</span> <span class='ocrx_word' id='word_1_356' title='bbox 1346 4517 1376 4569; x_wconf 92' lang='lat'>6</span> <span class='ocrx_word' id='word_1_357' title='bbox 1421 4513 1645 4585; x_wconf 83' lang='grc' dir='ltr'>ποιμὴν,</span> <span class='ocrx_word' id='word_1_358' title='bbox 1691 4515 1785 4566; x_wconf 80' lang='grc' dir='ltr'>καὶ</span> <span class='ocrx_word' id='word_1_359' title='bbox 1813 4514 1847 4582; x_wconf 85' lang='grc' dir='ltr'>ἡ</span> 
     </span>
    </p>
   </div>
   <div class='ocr_carea' id='block_1_50' title="bbox 264 4596 1848 4676">
    <p class='ocr_par' dir='ltr' id='par_1_50' title="bbox 264 4596 1848 4676">
     <span class='ocr_line' id='line_1_50' title="bbox 264 4596 1848 4676; baseline -0.004 -19"><span class='ocrx_word' id='word_1_360' title='bbox 264 4603 437 4674; x_wconf 82' lang='grc' dir='ltr'>ἀγέλη</span> <span class='ocrx_word' id='word_1_361' title='bbox 468 4607 861 4676; x_wconf 82' lang='grc' dir='ltr'>συνεκροτεῖτο,</span> <span class='ocrx_word' id='word_1_362' title='bbox 910 4603 1005 4658; x_wconf 71' lang='grc' dir='ltr'>καὶ</span> <span class='ocrx_word' id='word_1_363' title='bbox 1049 4603 1111 4657; x_wconf 82' lang='grc' dir='ltr'>τὸ</span> <span class='ocrx_word' id='word_1_364' title='bbox 1143 4598 1499 4655; x_wconf 79' lang='grc' dir='ltr'>ἀποστολικδν</span> <span class='ocrx_word' id='word_1_365' title='bbox 1543 4596 1848 4668; x_wconf 86' lang='grc' dir='ltr'>ἐπληροῦτο</span> 
     </span>
    </p>
   </div>
   <div class='ocr_carea' id='block_1_51' title="bbox 268 4681 1848 4760">
    <p class='ocr_par' dir='ltr' id='par_1_51' title="bbox 268 4681 1848 4760">
     <span class='ocr_line' id='line_1_51' title="bbox 268 4681 1848 4760; baseline -0.008 -14"><span class='ocrx_word' id='word_1_366' title='bbox 268 4690 450 4760; x_wconf 70' lang='grc' dir='ltr'>ῥῆμα·</span> <span class='ocrx_word' id='word_1_367' title='bbox 487 4690 608 4742; x_wconf 86' lang='grc' dir='ltr'>Οὐκ</span> <span class='ocrx_word' id='word_1_368' title='bbox 634 4689 705 4742; x_wconf 84' lang='grc' dir='ltr'>ἐν</span> <span class='ocrx_word' id='word_1_369' title='bbox 730 4687 806 4757; x_wconf 77' lang='grc' dir='ltr'>τῇ</span> <span class='ocrx_word' id='word_1_370' title='bbox 837 4688 1141 4758; x_wconf 78' lang='grc' dir='ltr'>παρουσίᾳ</span> <span class='ocrx_word' id='word_1_371' title='bbox 1174 4703 1293 4757; x_wconf 86' lang='grc' dir='ltr'>μου</span> <span class='ocrx_word' id='word_1_372' title='bbox 1322 4686 1536 4755; x_wconf 79' lang='grc' dir='ltr'>μόνον,</span> <span class='ocrx_word' id='word_1_373' title='bbox 1557 4683 1717 4737; x_wconf 77' lang='grc' dir='ltr'>ἀλλὰ</span> <span class='ocrx_word' id='word_1_374' title='bbox 1750 4681 1848 4735; x_wconf 82' lang='grc' dir='ltr'>καί</span> 
     </span>
    </p>
   </div>
   <div class='ocr_carea' id='block_1_52' title="bbox 265 4764 1849 4841">
    <p class='ocr_par' dir='ltr' id='par_1_52' title="bbox 265 4764 1849 4841">
     <span class='ocr_line' id='line_1_52' title="bbox 265 4764 1849 4841; baseline -0.004 -17"><span class='ocrx_word' id='word_1_375' title='bbox 265 4773 337 4825; x_wconf 74' lang='grc' dir='ltr'>ἐν</span> <span class='ocrx_word' id='word_1_376' title='bbox 370 4769 445 4839; x_wconf 79' lang='grc' dir='ltr'>τῇ</span> <span class='ocrx_word' id='word_1_377' title='bbox 481 4772 748 4839; x_wconf 77' lang='grc' dir='ltr'>ἀπουσίᾳ</span> <span class='ocrx_word' id='word_1_378' title='bbox 774 4788 916 4841; x_wconf 82' lang='grc' dir='ltr'>μου,</span> <span class='ocrx_word' id='word_1_379' title='bbox 957 4772 1109 4840; x_wconf 84' lang='grc' dir='ltr'>μετὰ</span> <span class='ocrx_word' id='word_1_380' title='bbox 1136 4770 1326 4838; x_wconf 72' lang='grc' dir='ltr'>φόϐου</span> <span class='ocrx_word' id='word_1_381' title='bbox 1356 4766 1455 4820; x_wconf 77' lang='grc' dir='ltr'>καὶ</span> <span class='ocrx_word' id='word_1_382' title='bbox 1483 4767 1701 4834; x_wconf 84' lang='grc' dir='ltr'>τρόμου</span> <span class='ocrx_word' id='word_1_383' title='bbox 1734 4764 1849 4832; x_wconf 80' lang='grc' dir='ltr'>τὴν</span> 
     </span>
    </p>
   </div>
   <div class='ocr_carea' id='block_1_53' title="bbox 265 4848 1849 4923">
    <p class='ocr_par' dir='ltr' id='par_1_53' title="bbox 265 4848 1849 4923">
     <span class='ocr_line' id='line_1_53' title="bbox 265 4848 1849 4923; baseline -0.006 -14"><span class='ocrx_word' id='word_1_384' title='bbox 265 4854 498 4909; x_wconf 80' lang='grc' dir='ltr'>ἑαυτῶν</span> <span class='ocrx_word' id='word_1_385' title='bbox 516 4855 822 4923; x_wconf 81' lang='grc' dir='ltr'>σωτηρίαν</span> <span class='ocrx_word' id='word_1_386' title='bbox 850 4849 1292 4922; x_wconf 77' lang='grc' dir='ltr'>κατεργάζεσθε.</span> <span class='ocrx_word' id='word_1_387' title='bbox 1317 4849 1428 4904; x_wconf 75' lang='grc' dir='ltr'>Καὶ</span> <span class='ocrx_word' id='word_1_388' title='bbox 1451 4848 1672 4902; x_wconf 83' lang='grc' dir='ltr'>τοιαῦτα</span> <span class='ocrx_word' id='word_1_389' title='bbox 1690 4848 1849 4917; x_wconf 74' lang='grc' dir='ltr'>ἠπεί-</span> 
     </span>
    </p>
   </div>
   <div class='ocr_carea' id='block_1_54' title="bbox 265 4933 1850 5010">
    <p class='ocr_par' dir='ltr' id='par_1_54' title="bbox 265 4933 1850 5010">
     <span class='ocr_line' id='line_1_54' title="bbox 265 4933 1850 5010; baseline -0.007 -15"><span class='ocrx_word' id='word_1_390' title='bbox 265 4942 394 4995; x_wconf 86' lang='grc' dir='ltr'>λουν</span> <span class='ocrx_word' id='word_1_391' title='bbox 420 4940 718 5003; x_wconf 82' lang='grc' dir='ltr'>δεδοικότες</span> <span class='ocrx_word' id='word_1_392' title='bbox 747 4937 904 5010; x_wconf 85' lang='grc' dir='ltr'>ὑμῶν</span> <span class='ocrx_word' id='word_1_393' title='bbox 942 4938 1042 5008; x_wconf 81' lang='grc' dir='ltr'>τὴν</span> <span class='ocrx_word' id='word_1_394' title='bbox 1073 4934 1326 5007; x_wconf 87' lang='grc' dir='ltr'>ἀνδρείαν</span> <span class='ocrx_word' id='word_1_395' title='bbox 1362 4935 1457 4987; x_wconf 74' lang='grc' dir='ltr'>καὶ</span> <span class='ocrx_word' id='word_1_396' title='bbox 1482 4933 1584 5003; x_wconf 86' lang='grc' dir='ltr'>τῆς</span> <span class='ocrx_word' id='word_1_397' title='bbox 1627 4933 1850 5002; x_wconf 87' lang='grc' dir='ltr'>ἀγάπης</span> 
     </span>
    </p>
   </div>
   <div class='ocr_carea' id='block_1_55' title="bbox 263 5015 1852 5095">
    <p class='ocr_par' dir='ltr' id='par_1_55' title="bbox 263 5015 1852 5095">
     <span class='ocr_line' id='line_1_55' title="bbox 263 5015 1852 5095; baseline -0.006 -18"><span class='ocrx_word' id='word_1_398' title='bbox 263 5024 329 5078; x_wconf 74' lang='grc' dir='ltr'>τὸ</span> <span class='ocrx_word' id='word_1_399' title='bbox 358 5024 602 5095; x_wconf 84' lang='grc' dir='ltr'>φίλτρον,</span> <span class='ocrx_word' id='word_1_400' title='bbox 646 5024 743 5077; x_wconf 76' lang='grc' dir='ltr'>καὶ</span> <span class='ocrx_word' id='word_1_401' title='bbox 771 5022 864 5076; x_wconf 83' lang='grc' dir='ltr'>τὸν</span> <span class='ocrx_word' id='word_1_402' title='bbox 908 5021 1072 5074; x_wconf 87' lang='grc' dir='ltr'>πόθον</span> <span class='ocrx_word' id='word_1_403' title='bbox 1100 5018 1193 5073; x_wconf 83' lang='grc' dir='ltr'>τὸν</span> <span class='ocrx_word' id='word_1_404' title='bbox 1221 5017 1351 5088; x_wconf 87' lang='grc' dir='ltr'>περὶ</span> <span class='ocrx_word' id='word_1_405' title='bbox 1390 5017 1514 5087; x_wconf 84' lang='grc' dir='ltr'>ἐμέ.</span> <span class='ocrx_word' id='word_1_406' title='bbox 1543 5016 1715 5071; x_wconf 82' lang='grc' dir='ltr'>Οὐδὲν</span> <span class='ocrx_word' id='word_1_407' title='bbox 1731 5015 1852 5068; x_wconf 86' lang='grc' dir='ltr'>τολ-</span> 
     </span>
    </p>
   </div>
   <div class='ocr_carea' id='block_1_56' title="bbox 270 5097 1849 5179">
    <p class='ocr_par' dir='ltr' id='par_1_56' title="bbox 270 5097 1849 5179">
     <span class='ocr_line' id='line_1_56' title="bbox 270 5097 1849 5179; baseline -0.008 -17"><span class='ocrx_word' id='word_1_408' title='bbox 270 5108 484 5179; x_wconf 79' lang='grc' dir='ltr'>μῶμεν,</span> <span class='ocrx_word' id='word_1_409' title='bbox 508 5107 696 5179; x_wconf 78' lang='grc' dir='ltr'>φησὶν,</span> <span class='ocrx_word' id='word_1_410' title='bbox 740 5109 799 5160; x_wconf 89' lang='grc' dir='ltr'>ἐν</span> <span class='ocrx_word' id='word_1_411' title='bbox 843 5107 912 5176; x_wconf 73' lang='grc' dir='ltr'>τῇ</span> <span class='ocrx_word' id='word_1_412' title='bbox 942 5103 1127 5157; x_wconf 90' lang='grc' dir='ltr'>πόλει·</span> <span class='ocrx_word' id='word_1_413' title='bbox 1176 5100 1298 5154; x_wconf 86' lang='grc' dir='ltr'>δότε</span> <span class='ocrx_word' id='word_1_414' title='bbox 1340 5102 1476 5170; x_wconf 82' lang='grc' dir='ltr'>ἡμῖν</span> <span class='ocrx_word' id='word_1_415' title='bbox 1527 5098 1690 5153; x_wconf 78' lang='grc' dir='ltr'>αὐτὸν</span> <span class='ocrx_word' id='word_1_416' title='bbox 1722 5097 1849 5162; x_wconf 70' lang='grc' dir='ltr'>ἔξω.</span> 
     </span>
    </p>
   </div>
   <div class='ocr_carea' id='block_1_57' title="bbox 262 5181 1852 5262">
    <p class='ocr_par' dir='ltr' id='par_1_57' title="bbox 262 5181 1852 5262">
     <span class='ocr_line' id='line_1_57' title="bbox 262 5181 1852 5262; baseline -0.007 -17"><span class='ocrx_word' id='word_1_417' title='bbox 262 5190 483 5245; x_wconf 82' lang='grc' dir='ltr'>Λάϐετέ</span> <span class='ocrx_word' id='word_1_418' title='bbox 512 5207 581 5262; x_wconf 87' lang='grc' dir='ltr'>με</span> <span class='ocrx_word' id='word_1_419' title='bbox 611 5190 739 5254; x_wconf 76' lang='grc' dir='ltr'>ἔξω,</span> <span class='ocrx_word' id='word_1_420' title='bbox 783 5188 872 5242; x_wconf 85' lang='grc' dir='ltr'>ἴνα</span> <span class='ocrx_word' id='word_1_421' title='bbox 911 5185 1122 5258; x_wconf 84' lang='grc' dir='ltr'>μάθητε</span> <span class='ocrx_word' id='word_1_422' title='bbox 1156 5182 1257 5238; x_wconf 79' lang='grc' dir='ltr'>τὸν</span> <span class='ocrx_word' id='word_1_423' title='bbox 1286 5183 1451 5237; x_wconf 86' lang='grc' dir='ltr'>πόθον</span> <span class='ocrx_word' id='word_1_424' title='bbox 1484 5183 1582 5253; x_wconf 81' lang='grc' dir='ltr'>τῆς</span> <span class='ocrx_word' id='word_1_425' title='bbox 1618 5181 1852 5252; x_wconf 74' lang='grc' dir='ltr'>Ἐκκληοο</span> 
     </span>
    </p>
   </div>
   <div class='ocr_carea' id='block_1_58' title="bbox 265 5265 1852 5345">
    <p class='ocr_par' dir='ltr' id='par_1_58' title="bbox 265 5265 1852 5345">
     <span class='ocr_line' id='line_1_58' title="bbox 265 5265 1852 5345; baseline -0.008 -15"><span class='ocrx_word' id='word_1_426' title='bbox 265 5280 418 5337; x_wconf 79' lang='grc' dir='ltr'>σίας,</span> <span class='ocrx_word' id='word_1_427' title='bbox 449 5273 658 5345; x_wconf 78' lang='grc' dir='ltr'>μάθητε</span> <span class='ocrx_word' id='word_1_428' title='bbox 689 5271 798 5327; x_wconf 89' lang='grc' dir='ltr'>τῶν</span> <span class='ocrx_word' id='word_1_429' title='bbox 834 5270 982 5341; x_wconf 82' lang='grc' dir='ltr'>ἐμῶν</span> <span class='ocrx_word' id='word_1_430' title='bbox 1012 5270 1218 5324; x_wconf 83' lang='grc' dir='ltr'>τέκνων</span> <span class='ocrx_word' id='word_1_431' title='bbox 1254 5268 1353 5337; x_wconf 81' lang='grc' dir='ltr'>τὴν</span> <span class='ocrx_word' id='word_1_432' title='bbox 1400 5266 1681 5335; x_wconf 80' lang='grc' dir='ltr'>εὐγένειαν</span> <span class='ocrx_word' id='word_1_433' title='bbox 1700 5306 1715 5331; x_wconf 89' lang='grc'>,</span> <span class='ocrx_word' id='word_1_434' title='bbox 1744 5265 1852 5318; x_wconf 88' lang='grc' dir='ltr'>τῶν</span> 
     </span>
    </p>
   </div>
   <div class='ocr_carea' id='block_1_59' title="bbox 268 5349 1851 5428">
    <p class='ocr_par' dir='ltr' id='par_1_59' title="bbox 268 5349 1851 5428">
     <span class='ocr_line' id='line_1_59' title="bbox 268 5349 1851 5428; baseline -0.007 -16"><span class='ocrx_word' id='word_1_435' title='bbox 268 5358 624 5428; x_wconf 82' lang='grc' dir='ltr'>στρατιωτῶν</span> <span class='ocrx_word' id='word_1_436' title='bbox 669 5357 769 5427; x_wconf 83' lang='grc' dir='ltr'>τὴν</span> <span class='ocrx_word' id='word_1_437' title='bbox 826 5355 1003 5424; x_wconf 84' lang='grc' dir='ltr'>ἰσχὺν,</span> <span class='ocrx_word' id='word_1_438' title='bbox 1042 5352 1151 5406; x_wconf 87' lang='grc' dir='ltr'>τῶν</span> <span class='ocrx_word' id='word_1_439' title='bbox 1180 5351 1415 5407; x_wconf 84' lang='grc' dir='ltr'>ὁπλιτῶν</span> <span class='ocrx_word' id='word_1_440' title='bbox 1462 5350 1565 5421; x_wconf 85' lang='grc' dir='ltr'>τὴν</span> <span class='ocrx_word' id='word_1_441' title='bbox 1596 5349 1851 5420; x_wconf 86' lang='grc' dir='ltr'>δύναμιν,</span> 
     </span>
    </p>
   </div>
   <div class='ocr_carea' id='block_1_60' title="bbox 264 5432 1854 5512">
    <p class='ocr_par' dir='ltr' id='par_1_60' title="bbox 264 5432 1854 5512">
     <span class='ocr_line' id='line_1_60' title="bbox 264 5432 1854 5512; baseline -0.008 -15"><span class='ocrx_word' id='word_1_442' title='bbox 264 5442 384 5497; x_wconf 83' lang='grc' dir='ltr'>τῶν</span> <span class='ocrx_word' id='word_1_443' title='bbox 409 5440 753 5512; x_wconf 84' lang='grc' dir='ltr'>διαδημάτων</span> <span class='ocrx_word' id='word_1_444' title='bbox 782 5438 882 5510; x_wconf 80' lang='grc' dir='ltr'>τὴν</span> <span class='ocrx_word' id='word_1_445' title='bbox 926 5436 1307 5510; x_wconf 83' lang='grc' dir='ltr'>περιφάνειαν,</span> <span class='ocrx_word' id='word_1_446' title='bbox 1343 5433 1439 5488; x_wconf 88' lang='grc' dir='ltr'>τοῦ</span> <span class='ocrx_word' id='word_1_447' title='bbox 1483 5432 1715 5486; x_wconf 88' lang='grc' dir='ltr'>πλούτου</span> <span class='ocrx_word' id='word_1_448' title='bbox 1754 5434 1854 5503; x_wconf 87' lang='grc' dir='ltr'>τὴν</span> 
     </span>
    </p>
   </div>
   <div class='ocr_carea' id='block_1_61' title="bbox 266 5518 1854 5597">
    <p class='ocr_par' dir='ltr' id='par_1_61' title="bbox 266 5518 1854 5597">
     <span class='ocr_line' id='line_1_61' title="bbox 266 5518 1854 5597; baseline -0.008 -16"><span class='ocrx_word' id='word_1_449' title='bbox 266 5526 615 5597; x_wconf 77' lang='grc' dir='ltr'>περιουσίαν,</span> <span class='ocrx_word' id='word_1_450' title='bbox 638 5524 742 5595; x_wconf 88' lang='grc' dir='ltr'>τῆς</span> <span class='ocrx_word' id='word_1_451' title='bbox 775 5524 996 5594; x_wconf 85' lang='grc' dir='ltr'>ἀγάπης</span> <span class='ocrx_word' id='word_1_452' title='bbox 1024 5522 1085 5576; x_wconf 75' lang='grc' dir='ltr'>τὸ</span> <span class='ocrx_word' id='word_1_453' title='bbox 1120 5518 1354 5592; x_wconf 86' lang='grc' dir='ltr'>μέγεθος</span> <span class='ocrx_word' id='word_1_454' title='bbox 1373 5558 1386 5580; x_wconf 90' lang='grc'>,</span> <span class='ocrx_word' id='word_1_455' title='bbox 1414 5518 1515 5588; x_wconf 86' lang='grc' dir='ltr'>τῆς</span> <span class='ocrx_word' id='word_1_456' title='bbox 1557 5518 1854 5589; x_wconf 85' lang='grc' dir='ltr'>καρτερίας</span> 
     </span>
    </p>
   </div>
   <div class='ocr_carea' id='block_1_62' title="bbox 265 5599 1854 5681">
    <p class='ocr_par' dir='ltr' id='par_1_62' title="bbox 265 5599 1854 5681">
     <span class='ocr_line' id='line_1_62' title="bbox 265 5599 1854 5681; baseline -0.009 -16"><span class='ocrx_word' id='word_1_457' title='bbox 265 5610 374 5681; x_wconf 78' lang='grc' dir='ltr'>τὴν</span> <span class='ocrx_word' id='word_1_458' title='bbox 411 5607 711 5680; x_wconf 83' lang='grc' dir='ltr'>ὑπομονὴν,</span> <span class='ocrx_word' id='word_1_459' title='bbox 754 5606 859 5675; x_wconf 88' lang='grc' dir='ltr'>τῆς</span> <span class='ocrx_word' id='word_1_460' title='bbox 904 5603 1217 5675; x_wconf 86' lang='grc' dir='ltr'>ἐλευθερίας</span> <span class='ocrx_word' id='word_1_461' title='bbox 1248 5599 1397 5675; x_wconf 69' lang='lat'>[628]</span> <span class='ocrx_word' id='word_1_462' title='bbox 1428 5600 1490 5654; x_wconf 77' lang='grc' dir='ltr'>τὸ</span> <span class='ocrx_word' id='word_1_463' title='bbox 1532 5601 1723 5665; x_wconf 80' lang='grc' dir='ltr'>ἄνθος,</span> <span class='ocrx_word' id='word_1_464' title='bbox 1755 5600 1854 5668; x_wconf 88' lang='grc' dir='ltr'>τῆς</span> 
     </span>
    </p>
   </div>
   <div class='ocr_carea' id='block_1_63' title="bbox 270 5683 1857 5765">
    <p class='ocr_par' dir='ltr' id='par_1_63' title="bbox 270 5683 1857 5765">
     <span class='ocr_line' id='line_1_63' title="bbox 270 5683 1857 5765; baseline -0.007 -19"><span class='ocrx_word' id='word_1_465' title='bbox 270 5693 433 5765; x_wconf 86' lang='grc' dir='ltr'>νίκης</span> <span class='ocrx_word' id='word_1_466' title='bbox 462 5691 521 5745; x_wconf 71' lang='grc' dir='ltr'>τὸ</span> <span class='ocrx_word' id='word_1_467' title='bbox 552 5689 873 5763; x_wconf 82' lang='grc' dir='ltr'>περιφανὲς,</span> <span class='ocrx_word' id='word_1_468' title='bbox 905 5689 1005 5759; x_wconf 84' lang='grc' dir='ltr'>τῆς</span> <span class='ocrx_word' id='word_1_469' title='bbox 1049 5689 1218 5758; x_wconf 76' lang='grc' dir='ltr'>ἥττης</span> <span class='ocrx_word' id='word_1_470' title='bbox 1252 5701 1346 5739; x_wconf 86' lang='grc' dir='ltr'>σου</span> <span class='ocrx_word' id='word_1_471' title='bbox 1388 5684 1480 5738; x_wconf 79' lang='grc' dir='ltr'>τὸν</span> <span class='ocrx_word' id='word_1_472' title='bbox 1513 5683 1742 5753; x_wconf 86' lang='grc' dir='ltr'>γέλωτα.</span> <span class='ocrx_word' id='word_1_473' title='bbox 1793 5683 1857 5735; x_wconf 83' lang='grc' dir='ltr'>Ὤ</span> 
     </span>
    </p>
   </div>
   <div class='ocr_carea' id='block_1_64' title="bbox 270 5770 1853 5846">
    <p class='ocr_par' dir='ltr' id='par_1_64' title="bbox 270 5770 1853 5846">
     <span class='ocr_line' id='line_1_64' title="bbox 270 5770 1853 5846; baseline -0.006 -14"><span class='ocrx_word' id='word_1_474' title='bbox 270 5776 476 5833; x_wconf 79' lang='grc' dir='ltr'>καινῶν</span> <span class='ocrx_word' id='word_1_475' title='bbox 519 5776 615 5830; x_wconf 78' lang='grc' dir='ltr'>καὶ</span> <span class='ocrx_word' id='word_1_476' title='bbox 656 5773 976 5846; x_wconf 78' lang='grc' dir='ltr'>παραδόξων</span> <span class='ocrx_word' id='word_1_477' title='bbox 1012 5770 1353 5844; x_wconf 84' lang='grc' dir='ltr'>πραγμάτων</span> <span class='ocrx_word' id='word_1_478' title='bbox 1374 5787 1387 5801; x_wconf 93' lang='grc'>·</span> <span class='ocrx_word' id='word_1_479' title='bbox 1422 5771 1451 5823; x_wconf 92' lang='lat'>6</span> <span class='ocrx_word' id='word_1_480' title='bbox 1495 5770 1696 5841; x_wconf 77' lang='grc' dir='ltr'>ποιμὴν</span> <span class='ocrx_word' id='word_1_481' title='bbox 1727 5770 1853 5836; x_wconf 79' lang='grc' dir='ltr'>ἔξω,</span> 
     </span>
    </p>
   </div>
   <div class='ocr_carea' id='block_1_65' title="bbox 276 5852 1851 5935">
    <p class='ocr_par' dir='ltr' id='par_1_65' title="bbox 276 5852 1851 5935">
     <span class='ocr_line' id='line_1_65' title="bbox 276 5852 1851 5935; baseline -0.004 -21"><span class='ocrx_word' id='word_1_482' title='bbox 276 5859 373 5914; x_wconf 81' lang='grc' dir='ltr'>καί</span> <span class='ocrx_word' id='word_1_483' title='bbox 415 5863 448 5935; x_wconf 91' lang='grc' dir='ltr'>ἡ</span> <span class='ocrx_word' id='word_1_484' title='bbox 498 5861 675 5932; x_wconf 81' lang='grc' dir='ltr'>ἀγέλη</span> <span class='ocrx_word' id='word_1_485' title='bbox 727 5857 959 5929; x_wconf 73' lang='grc' dir='ltr'>σκιρτᾷ·</span> <span class='ocrx_word' id='word_1_486' title='bbox 988 5856 1017 5909; x_wconf 88' lang='lat'>6</span> <span class='ocrx_word' id='word_1_487' title='bbox 1056 5854 1359 5926; x_wconf 73' lang='grc' dir='ltr'>στρατηγὸς</span> <span class='ocrx_word' id='word_1_488' title='bbox 1397 5852 1619 5925; x_wconf 74' lang='grc' dir='ltr'>πόρρω,</span> <span class='ocrx_word' id='word_1_489' title='bbox 1664 5855 1758 5908; x_wconf 72' lang='grc' dir='ltr'>καὶ</span> <span class='ocrx_word' id='word_1_490' title='bbox 1802 5858 1851 5908; x_wconf 83' lang='grc' dir='ltr'>οἱ</span> 
     </span>
    </p>
   </div>
   <div class='ocr_carea' id='block_1_66' title="bbox 1924 997 3503 1079">
    <p class='ocr_par' dir='ltr' id='par_1_66' title="bbox 1924 997 3503 1079">
     <span class='ocr_line' id='line_1_66' title="bbox 1924 997 3503 1079; baseline 0.006 -28"><span class='ocrx_word' id='word_1_491' title='bbox 1924 997 2257 1071; x_wconf 88' lang='grc' dir='ltr'>στρατιῶται</span> <span class='ocrx_word' id='word_1_492' title='bbox 2302 1000 2624 1065; x_wconf 74' lang='grc' dir='ltr'>ὡπλίζοντο.</span> <span class='ocrx_word' id='word_1_493' title='bbox 2675 1005 2873 1062; x_wconf 80' lang='grc' dir='ltr'>Οὐκέτι</span> <span class='ocrx_word' id='word_1_494' title='bbox 2906 1008 2941 1079; x_wconf 89' lang='grc' dir='ltr'>ἡ</span> <span class='ocrx_word' id='word_1_495' title='bbox 2977 1007 3245 1079; x_wconf 86' lang='grc' dir='ltr'>ἐκκλησία</span> <span class='ocrx_word' id='word_1_496' title='bbox 3285 1002 3396 1078; x_wconf 81' lang='grc' dir='ltr'>εἶχε</span> <span class='ocrx_word' id='word_1_497' title='bbox 3439 1007 3503 1060; x_wconf 84' lang='grc' dir='ltr'>τὸ</span> 
     </span>
    </p>
   </div>
   <div class='ocr_carea' id='block_1_67' title="bbox 1925 1084 3503 1164">
    <p class='ocr_par' dir='ltr' id='par_1_67' title="bbox 1925 1084 3503 1164">
     <span class='ocr_line' id='line_1_67' title="bbox 1925 1084 3503 1164; baseline 0.006 -28"><span class='ocrx_word' id='word_1_498' title='bbox 1925 1084 2290 1155; x_wconf 87' lang='grc' dir='ltr'>στρατόπεδον</span> <span class='ocrx_word' id='word_1_499' title='bbox 2348 1086 2508 1157; x_wconf 81' lang='grc' dir='ltr'>μόνον</span> <span class='ocrx_word' id='word_1_500' title='bbox 2530 1128 2546 1154; x_wconf 91' lang='grc'>,</span> <span class='ocrx_word' id='word_1_501' title='bbox 2613 1089 2750 1145; x_wconf 90' lang='grc' dir='ltr'>ἀλλὰ</span> <span class='ocrx_word' id='word_1_502' title='bbox 2792 1093 2886 1145; x_wconf 75' lang='grc' dir='ltr'>καὶ</span> <span class='ocrx_word' id='word_1_503' title='bbox 2931 1095 2965 1164; x_wconf 93' lang='grc' dir='ltr'>ἡ</span> <span class='ocrx_word' id='word_1_504' title='bbox 3024 1093 3180 1157; x_wconf 89' lang='grc' dir='ltr'>πόλις</span> <span class='ocrx_word' id='word_1_505' title='bbox 3236 1093 3503 1163; x_wconf 87' lang='grc' dir='ltr'>ἐκκλησία</span> 
     </span>
    </p>
   </div>
   <div class='ocr_carea' id='block_1_68' title="bbox 1923 1166 3502 1248">
    <p class='ocr_par' dir='ltr' id='par_1_68' title="bbox 1923 1166 3502 1248">
     <span class='ocr_line' id='line_1_68' title="bbox 1923 1166 3502 1248; baseline 0.007 -30"><span class='ocrx_word' id='word_1_506' title='bbox 1923 1166 2162 1235; x_wconf 84' lang='grc' dir='ltr'>ἐγένετο.</span> <span class='ocrx_word' id='word_1_507' title='bbox 2192 1168 2259 1222; x_wconf 83' lang='grc' dir='ltr'>Δὶ</span> <span class='ocrx_word' id='word_1_508' title='bbox 2291 1167 2485 1241; x_wconf 78' lang='grc' dir='ltr'>ρῦμαι,</span> <span class='ocrx_word' id='word_1_509' title='bbox 2506 1172 2564 1225; x_wconf 88' lang='grc' dir='ltr'>αἱ</span> <span class='ocrx_word' id='word_1_510' title='bbox 2593 1173 2812 1245; x_wconf 73' lang='grc' dir='ltr'>ἀγοραὶ,</span> <span class='ocrx_word' id='word_1_511' title='bbox 2835 1176 2863 1227; x_wconf 91' lang='lat'>6</span> <span class='ocrx_word' id='word_1_512' title='bbox 2884 1176 2993 1248; x_wconf 88' lang='grc' dir='ltr'>ἀὴρ</span> <span class='ocrx_word' id='word_1_513' title='bbox 3024 1176 3311 1247; x_wconf 79' lang='grc' dir='ltr'>ἡγιάζετο·</span> <span class='ocrx_word' id='word_1_514' title='bbox 3346 1178 3502 1248; x_wconf 86' lang='grc' dir='ltr'>αἱρε-</span> 
     </span>
    </p>
   </div>
   <div class='ocr_carea' id='block_1_69' title="bbox 1922 1252 3501 1330">
    <p class='ocr_par' dir='ltr' id='par_1_69' title="bbox 1922 1252 3501 1330">
     <span class='ocr_line' id='line_1_69' title="bbox 1922 1252 3501 1330; baseline 0.007 -28"><span class='ocrx_word' id='word_1_515' title='bbox 1922 1252 2068 1304; x_wconf 86' lang='grc' dir='ltr'>τικοὶ</span> <span class='ocrx_word' id='word_1_516' title='bbox 2094 1252 2514 1324; x_wconf 81' lang='grc' dir='ltr'>ἐπεστρέφοντο,</span> <span class='ocrx_word' id='word_1_517' title='bbox 2558 1258 2609 1310; x_wconf 91' lang='grc' dir='ltr'>οἱ</span> <span class='ocrx_word' id='word_1_518' title='bbox 2654 1259 2897 1313; x_wconf 88' lang='grc' dir='ltr'>Ἰουδαῖοι</span> <span class='ocrx_word' id='word_1_519' title='bbox 2941 1260 3186 1330; x_wconf 84' lang='grc' dir='ltr'>βελτίους</span> <span class='ocrx_word' id='word_1_520' title='bbox 3218 1260 3501 1328; x_wconf 81' lang='grc' dir='ltr'>ἐγένοντο·</span> 
     </span>
    </p>
   </div>
   <div class='ocr_carea' id='block_1_70' title="bbox 1924 1335 3504 1406">
    <p class='ocr_par' dir='ltr' id='par_1_70' title="bbox 1924 1335 3504 1406">
     <span class='ocr_line' id='line_1_70' title="bbox 1924 1335 3504 1406; baseline 0.007 -19"><span class='ocrx_word' id='word_1_521' title='bbox 1924 1335 1975 1388; x_wconf 89' lang='grc' dir='ltr'>οἱ</span> <span class='ocrx_word' id='word_1_522' title='bbox 1996 1336 2162 1406; x_wconf 84' lang='grc' dir='ltr'>ἱερεῖς</span> <span class='ocrx_word' id='word_1_523' title='bbox 2189 1338 2625 1404; x_wconf 80' lang='grc' dir='ltr'>κατεδικάζοντο,</span> <span class='ocrx_word' id='word_1_524' title='bbox 2652 1343 2746 1396; x_wconf 76' lang='grc' dir='ltr'>καὶ</span> <span class='ocrx_word' id='word_1_525' title='bbox 2769 1344 2819 1396; x_wconf 93' lang='grc' dir='ltr'>οἱ</span> <span class='ocrx_word' id='word_1_526' title='bbox 2859 1344 3101 1398; x_wconf 84' lang='grc' dir='ltr'>Ἰουδαῖοι</span> <span class='ocrx_word' id='word_1_527' title='bbox 3135 1343 3227 1398; x_wconf 66' lang='grc' dir='ltr'>τὸν</span> <span class='ocrx_word' id='word_1_528' title='bbox 3255 1344 3388 1398; x_wconf 82' lang='grc' dir='ltr'>Θεὸν</span> <span class='ocrx_word' id='word_1_529' title='bbox 3414 1344 3504 1398; x_wconf 93' lang='grc' dir='ltr'>εὐ-</span> 
     </span>
    </p>
   </div>
   <div class='ocr_carea' id='block_1_71' title="bbox 1925 1421 3503 1497">
    <p class='ocr_par' dir='ltr' id='par_1_71' title="bbox 1925 1421 3503 1497">
     <span class='ocr_line' id='line_1_71' title="bbox 1925 1421 3503 1497; baseline 0.006 -24"><span class='ocrx_word' id='word_1_530' title='bbox 1925 1421 2197 1490; x_wconf 82' lang='grc' dir='ltr'>φὴμουν,’</span> <span class='ocrx_word' id='word_1_531' title='bbox 2227 1423 2322 1476; x_wconf 79' lang='grc' dir='ltr'>καὶ</span> <span class='ocrx_word' id='word_1_532' title='bbox 2363 1424 2497 1493; x_wconf 86' lang='grc' dir='ltr'>ἡμῖν</span> <span class='ocrx_word' id='word_1_533' title='bbox 2534 1426 2922 1497; x_wconf 86' lang='grc' dir='ltr'>προσέτρεχον.</span> <span class='ocrx_word' id='word_1_534' title='bbox 2956 1428 3112 1482; x_wconf 80' lang='grc' dir='ltr'>Οὕτω</span> <span class='ocrx_word' id='word_1_535' title='bbox 3148 1429 3243 1482; x_wconf 76' lang='grc' dir='ltr'>καὶ</span> <span class='ocrx_word' id='word_1_536' title='bbox 3285 1428 3379 1495; x_wconf 68' lang='grc' dir='ltr'>ἐπὶ</span> <span class='ocrx_word' id='word_1_537' title='bbox 3407 1430 3503 1483; x_wconf 87' lang='grc' dir='ltr'>τοῦ</span> 
     </span>
    </p>
   </div>
   <div class='ocr_carea' id='block_1_72' title="bbox 1924 1503 3505 1584">
    <p class='ocr_par' dir='ltr' id='par_1_72' title="bbox 1924 1503 3505 1584">
     <span class='ocr_line' id='line_1_72' title="bbox 1924 1503 3505 1584; baseline 0.006 -28"><span class='ocrx_word' id='word_1_538' title='bbox 1924 1503 2165 1575; x_wconf 86' lang='grc' dir='ltr'>Χριστοῦ</span> <span class='ocrx_word' id='word_1_539' title='bbox 2210 1504 2450 1574; x_wconf 81' lang='grc' dir='ltr'>ἐγένετο.</span> <span class='ocrx_word' id='word_1_540' title='bbox 2504 1509 2726 1578; x_wconf 81' lang='grc' dir='ltr'>Καῖφας</span> <span class='ocrx_word' id='word_1_541' title='bbox 2765 1510 3077 1582; x_wconf 89' lang='grc' dir='ltr'>ἐσταύρωσε</span> <span class='ocrx_word' id='word_1_542' title='bbox 3102 1553 3117 1576; x_wconf 93' lang='grc'>,</span> <span class='ocrx_word' id='word_1_543' title='bbox 3163 1513 3258 1566; x_wconf 75' lang='grc' dir='ltr'>καὶ</span> <span class='ocrx_word' id='word_1_544' title='bbox 3301 1512 3505 1584; x_wconf 76' lang='grc' dir='ltr'>λῃστὴς</span> 
     </span>
    </p>
   </div>
   <div class='ocr_carea' id='block_1_73' title="bbox 1925 1588 3505 1670">
    <p class='ocr_par' dir='ltr' id='par_1_73' title="bbox 1925 1588 3505 1670">
     <span class='ocr_line' id='line_1_73' title="bbox 1925 1588 3505 1670; baseline 0.006 -29"><span class='ocrx_word' id='word_1_545' title='bbox 1925 1588 2300 1660; x_wconf 84' lang='grc' dir='ltr'>ὡμολόγησεν.</span> <span class='ocrx_word' id='word_1_546' title='bbox 2323 1591 2387 1642; x_wconf 85' lang='grc' dir='ltr'><strong>Ὢ</strong></span> <span class='ocrx_word' id='word_1_547' title='bbox 2414 1591 2617 1646; x_wconf 90' lang='grc' dir='ltr'>καινῶν</span> <span class='ocrx_word' id='word_1_548' title='bbox 2647 1593 2740 1647; x_wconf 81' lang='grc' dir='ltr'>καί</span> <span class='ocrx_word' id='word_1_549' title='bbox 2770 1595 3089 1665; x_wconf 80' lang='grc' dir='ltr'>παραδόξων</span> <span class='ocrx_word' id='word_1_550' title='bbox 3121 1598 3469 1670; x_wconf 87' lang='grc' dir='ltr'>πραγμάτων</span> <span class='ocrx_word' id='word_1_551' title='bbox 3488 1616 3505 1628; x_wconf 86' lang='grc'>·</span> 
     </span>
    </p>
   </div>
   <div class='ocr_carea' id='block_1_74' title="bbox 1928 1670 3507 1752">
    <p class='ocr_par' dir='ltr' id='par_1_74' title="bbox 1928 1670 3507 1752">
     <span class='ocr_line' id='line_1_74' title="bbox 1928 1670 3507 1752; baseline 0.006 -28"><span class='ocrx_word' id='word_1_552' title='bbox 1928 1670 2094 1741; x_wconf 89' lang='grc' dir='ltr'>ἱερεῖς</span> <span class='ocrx_word' id='word_1_553' title='bbox 2120 1673 2471 1738; x_wconf 87' lang='grc' dir='ltr'>ἀπέκτειναν,</span> <span class='ocrx_word' id='word_1_554' title='bbox 2504 1676 2598 1729; x_wconf 79' lang='grc' dir='ltr'>καὶ</span> <span class='ocrx_word' id='word_1_555' title='bbox 2631 1677 2794 1746; x_wconf 90' lang='grc' dir='ltr'>μάγοι</span> <span class='ocrx_word' id='word_1_556' title='bbox 2828 1678 3263 1751; x_wconf 88' lang='grc' dir='ltr'>προσεκύνησαν.</span> <span class='ocrx_word' id='word_1_557' title='bbox 3300 1680 3393 1752; x_wconf 82' lang='grc' dir='ltr'>Μὴ</span> <span class='ocrx_word' id='word_1_558' title='bbox 3418 1680 3507 1746; x_wconf 82' lang='grc' dir='ltr'>ξε·-</span> 
     </span>
    </p>
   </div>
   <div class='ocr_carea' id='block_1_75' title="bbox 1926 1754 3505 1834">
    <p class='ocr_par' dir='ltr' id='par_1_75' title="bbox 1926 1754 3505 1834">
     <span class='ocr_line' id='line_1_75' title="bbox 1926 1754 3505 1834; baseline 0.006 -27"><span class='ocrx_word' id='word_1_559' title='bbox 1926 1754 2122 1819; x_wconf 74' lang='grc' dir='ltr'>νιζέτω</span> <span class='ocrx_word' id='word_1_560' title='bbox 2148 1755 2322 1810; x_wconf 89' lang='grc' dir='ltr'>ταῦτα</span> <span class='ocrx_word' id='word_1_561' title='bbox 2349 1757 2450 1828; x_wconf 84' lang='grc' dir='ltr'>τὴν</span> <span class='ocrx_word' id='word_1_562' title='bbox 2479 1757 2825 1829; x_wconf 87' lang='grc' dir='ltr'>Ἐκκλησίαν.</span> <span class='ocrx_word' id='word_1_563' title='bbox 2856 1761 2918 1813; x_wconf 85' lang='grc' dir='ltr'>Εἰ</span> <span class='ocrx_word' id='word_1_564' title='bbox 2956 1762 3032 1834; x_wconf 83' lang='grc' dir='ltr'>μὴ</span> <span class='ocrx_word' id='word_1_565' title='bbox 3059 1762 3234 1817; x_wconf 89' lang='grc' dir='ltr'>ταῦτα</span> <span class='ocrx_word' id='word_1_566' title='bbox 3264 1763 3505 1834; x_wconf 85' lang='grc' dir='ltr'>ἐγένετο,</span> 
     </span>
    </p>
   </div>
   <div class='ocr_carea' id='block_1_76' title="bbox 1894 1837 3507 1915">
    <p class='ocr_par' dir='ltr' id='par_1_76' title="bbox 1894 1837 3507 1915">
     <span class='ocr_line' id='line_1_76' title="bbox 1894 1837 3507 1915; baseline 0.006 -23"><span class='ocrx_word' id='word_1_567' title='bbox 1894 1839 1955 1897; x_wconf 75' lang='grc' dir='ltr'>,ὁ</span> <span class='ocrx_word' id='word_1_568' title='bbox 1995 1837 2228 1901; x_wconf 89' lang='grc' dir='ltr'>πλοῦτος</span> <span class='ocrx_word' id='word_1_569' title='bbox 2259 1838 2418 1909; x_wconf 85' lang='grc' dir='ltr'>ἡμῶν</span> <span class='ocrx_word' id='word_1_570' title='bbox 2452 1839 2553 1893; x_wconf 90' lang='grc' dir='ltr'>οὐκ</span> <span class='ocrx_word' id='word_1_571' title='bbox 2597 1839 2665 1894; x_wconf 83' lang='grc' dir='ltr'>ἂν</span> <span class='ocrx_word' id='word_1_572' title='bbox 2702 1842 2908 1915; x_wconf 85' lang='grc' dir='ltr'>ἐφάνη·</span> <span class='ocrx_word' id='word_1_573' title='bbox 2937 1839 3006 1914; x_wconf 81' lang='grc' dir='ltr'>ἦν</span> <span class='ocrx_word' id='word_1_574' title='bbox 3047 1844 3167 1915; x_wconf 85' lang='grc' dir='ltr'>μὲν,</span> <span class='ocrx_word' id='word_1_575' title='bbox 3212 1846 3312 1899; x_wconf 91' lang='grc' dir='ltr'>οὐκ</span> <span class='ocrx_word' id='word_1_576' title='bbox 3355 1846 3423 1900; x_wconf 86' lang='grc' dir='ltr'>ἂν</span> <span class='ocrx_word' id='word_1_577' title='bbox 3450 1846 3507 1901; x_wconf 84' lang='grc' dir='ltr'>δέ</span> 
     </span>
    </p>
   </div>
   <div class='ocr_carea' id='block_1_77' title="bbox 1927 1921 3507 2001">
    <p class='ocr_par' dir='ltr' id='par_1_77' title="bbox 1927 1921 3507 2001">
     <span class='ocr_line' id='line_1_77' title="bbox 1927 1921 3507 2001; baseline 0.004 -27"><span class='ocrx_word' id='word_1_578' title='bbox 1927 1921 2122 1992; x_wconf 84' lang='grc' dir='ltr'>ἐφάνη.</span> <span class='ocrx_word' id='word_1_579' title='bbox 2151 1921 2365 1995; x_wconf 79' lang='grc' dir='ltr'>Ὠσπερ</span> <span class='ocrx_word' id='word_1_580' title='bbox 2386 1922 2497 1995; x_wconf 85' lang='grc' dir='ltr'>γὰρ</span> <span class='ocrx_word' id='word_1_581' title='bbox 2523 1925 2552 1977; x_wconf 89' lang='lat'>6</span> <span class='ocrx_word' id='word_1_582' title='bbox 2585 1924 2705 1978; x_wconf 88' lang='grc' dir='ltr'>Ἰὼϐ</span> <span class='ocrx_word' id='word_1_583' title='bbox 2728 1926 2935 1991; x_wconf 89' lang='grc' dir='ltr'>δίκαιος</span> <span class='ocrx_word' id='word_1_584' title='bbox 2964 1928 3062 1998; x_wconf 84' lang='grc' dir='ltr'>μὲν</span> <span class='ocrx_word' id='word_1_585' title='bbox 3086 1924 3175 2001; x_wconf 84' lang='grc' dir='ltr'>ἦν,</span> <span class='ocrx_word' id='word_1_586' title='bbox 3209 1931 3311 1984; x_wconf 87' lang='grc' dir='ltr'>οὐκ</span> <span class='ocrx_word' id='word_1_587' title='bbox 3349 1930 3421 1997; x_wconf 56' lang='grc' dir='ltr'>ἂν⁴</span> <span class='ocrx_word' id='word_1_588' title='bbox 3449 1931 3507 1986; x_wconf 82' lang='grc' dir='ltr'>δὲ</span> 
     </span>
    </p>
   </div>
   <div class='ocr_carea' id='block_1_78' title="bbox 1928 2005 3510 2084">
    <p class='ocr_par' dir='ltr' id='par_1_78' title="bbox 1928 2005 3510 2084">
     <span class='ocr_line' id='line_1_78' title="bbox 1928 2005 3510 2084; baseline 0.007 -27"><span class='ocrx_word' id='word_1_589' title='bbox 1928 2005 2125 2077; x_wconf 88' lang='grc' dir='ltr'>ἐφάνη,</span> <span class='ocrx_word' id='word_1_590' title='bbox 2150 2005 2199 2059; x_wconf 90' lang='grc' dir='ltr'>εἱ</span> <span class='ocrx_word' id='word_1_591' title='bbox 2238 2005 2313 2077; x_wconf 83' lang='grc' dir='ltr'>μὴ</span> <span class='ocrx_word' id='word_1_592' title='bbox 2342 2005 2411 2060; x_wconf 88' lang='grc' dir='ltr'>τά</span> <span class='ocrx_word' id='word_1_593' title='bbox 2448 2007 2760 2079; x_wconf 88' lang='grc' dir='ltr'>τραύματα,</span> <span class='ocrx_word' id='word_1_594' title='bbox 2797 2011 2892 2064; x_wconf 79' lang='grc' dir='ltr'>καὶ</span> <span class='ocrx_word' id='word_1_595' title='bbox 2932 2013 2980 2064; x_wconf 87' lang='grc' dir='ltr'>οἰ</span> <span class='ocrx_word' id='word_1_596' title='bbox 3013 2011 3329 2084; x_wconf 83' lang='grc' dir='ltr'>σκώληκες·</span> <span class='ocrx_word' id='word_1_597' title='bbox 3364 2014 3510 2067; x_wconf 74' lang='grc' dir='ltr'>οὕτω</span> 
     </span>
    </p>
   </div>
   <div class='ocr_carea' id='block_1_79' title="bbox 1928 2087 3515 2163">
    <p class='ocr_par' dir='ltr' id='par_1_79' title="bbox 1928 2087 3515 2163">
     <span class='ocr_line' id='line_1_79' title="bbox 1928 2087 3515 2163; baseline 0.004 -22"><span class='ocrx_word' id='word_1_598' title='bbox 1928 2093 2026 2141; x_wconf 75' lang='grc' dir='ltr'>καὶ</span> <span class='ocrx_word' id='word_1_599' title='bbox 2047 2090 2075 2142; x_wconf 94' lang='lat'>6</span> <span class='ocrx_word' id='word_1_600' title='bbox 2098 2087 2366 2160; x_wconf 85' lang='grc' dir='ltr'>ὑμέτερος</span> <span class='ocrx_word' id='word_1_601' title='bbox 2393 2088 2644 2154; x_wconf 87' lang='grc' dir='ltr'>πλοῦτος,</span> <span class='ocrx_word' id='word_1_602' title='bbox 2686 2093 2733 2145; x_wconf 93' lang='grc' dir='ltr'>εἰ</span> <span class='ocrx_word' id='word_1_603' title='bbox 2771 2092 2844 2163; x_wconf 83' lang='grc' dir='ltr'>μὴ</span> <span class='ocrx_word' id='word_1_604' title='bbox 2878 2095 2934 2147; x_wconf 92' lang='grc' dir='ltr'>αἱ</span> <span class='ocrx_word' id='word_1_605' title='bbox 2965 2094 3269 2158; x_wconf 74' lang='grc' dir='ltr'>ἐπιϐουλαὶ,</span> <span class='ocrx_word' id='word_1_606' title='bbox 3304 2097 3405 2149; x_wconf 84' lang='grc' dir='ltr'>οὐκ</span> <span class='ocrx_word' id='word_1_607' title='bbox 3441 2096 3515 2150; x_wconf 78' lang='grc' dir='ltr'>ἂν</span> 
     </span>
    </p>
   </div>
   <div class='ocr_carea' id='block_1_80' title="bbox 1930 2170 3510 2250">
    <p class='ocr_par' dir='ltr' id='par_1_80' title="bbox 1930 2170 3510 2250">
     <span class='ocr_line' id='line_1_80' title="bbox 1930 2170 3510 2250; baseline 0.005 -26"><span class='ocrx_word' id='word_1_608' title='bbox 1930 2171 2127 2241; x_wconf 88' lang='grc' dir='ltr'>ἐφάνη.</span> <span class='ocrx_word' id='word_1_609' title='bbox 2163 2170 2631 2242; x_wconf 84' lang='grc' dir='ltr'>Ἀπολογούμενος</span> <span class='ocrx_word' id='word_1_610' title='bbox 2655 2174 2711 2227; x_wconf 86' lang='grc' dir='ltr'>δὲ</span> <span class='ocrx_word' id='word_1_611' title='bbox 2731 2173 2809 2245; x_wconf 82' lang='grc' dir='ltr'>τῷ</span> <span class='ocrx_word' id='word_1_612' title='bbox 2842 2174 2964 2229; x_wconf 81' lang='grc' dir='ltr'>Ἰὼϐ</span> <span class='ocrx_word' id='word_1_613' title='bbox 2987 2177 3016 2229; x_wconf 90' lang='lat'>6</span> <span class='ocrx_word' id='word_1_614' title='bbox 3042 2176 3174 2241; x_wconf 87' lang='grc' dir='ltr'>Θεός</span> <span class='ocrx_word' id='word_1_615' title='bbox 3202 2195 3390 2250; x_wconf 86' lang='grc' dir='ltr'>φησιν,</span> <span class='ocrx_word' id='word_1_616' title='bbox 3426 2178 3510 2232; x_wconf 78' lang='grc' dir='ltr'>ὅτι</span> 
     </span>
    </p>
   </div>
   <div class='ocr_carea' id='block_1_81' title="bbox 1926 2254 3511 2337">
    <p class='ocr_par' dir='ltr' id='par_1_81' title="bbox 1926 2254 3511 2337">
     <span class='ocr_line' id='line_1_81' title="bbox 1926 2254 3511 2337; baseline 0.004 -29"><span class='ocrx_word' id='word_1_617' title='bbox 1926 2256 2046 2309; x_wconf 81' lang='grc' dir='ltr'>Οἴει</span> <span class='ocrx_word' id='word_1_618' title='bbox 2066 2272 2143 2324; x_wconf 79' lang='grc' dir='ltr'>με</span> <span class='ocrx_word' id='word_1_619' title='bbox 2174 2254 2377 2337; x_wconf 69' lang='grc' dir='ltr'>ἀλλως</span> <span class='ocrx_word' id='word_1_620' title='bbox 2406 2270 2507 2309; x_wconf 90' lang='grc' dir='ltr'>σοι</span> <span class='ocrx_word' id='word_1_621' title='bbox 2538 2256 3053 2326; x_wconf 74' lang='grc' dir='ltr'>κεχρηματικέναι,</span> <span class='ocrx_word' id='word_1_622' title='bbox 3078 2260 3117 2329; x_wconf 82' lang='grc' dir='ltr'><strong><em>ἣ</em></strong></span> <span class='ocrx_word' id='word_1_623' title='bbox 3153 2261 3255 2315; x_wconf 83' lang='grc' dir='ltr'>ἵνα</span> <span class='ocrx_word' id='word_1_624' title='bbox 3279 2261 3511 2327; x_wconf 82' lang='grc' dir='ltr'>δίκαιος</span> 
     </span>
    </p>
   </div>
   <div class='ocr_carea' id='block_1_82' title="bbox 1930 2337 3521 2415">
    <p class='ocr_par' dir='ltr' id='par_1_82' title="bbox 1930 2337 3521 2415">
     <span class='ocr_line' id='line_1_82' title="bbox 1930 2337 3521 2415; baseline 0.005 -24"><span class='ocrx_word' id='word_1_625' title='bbox 1930 2337 2252 2408; x_wconf 68' lang='grc' dir='ltr'>ἀναφανῇς</span> <span class='ocrx_word' id='word_1_626' title='bbox 2268 2354 2288 2404; x_wconf 89' lang='grc'><em>;</em></span> <span class='ocrx_word' id='word_1_627' title='bbox 2320 2338 2746 2394; x_wconf 84' lang='grc' dir='ltr'>Ἐπεϐούλευσαν</span> <span class='ocrx_word' id='word_1_628' title='bbox 2770 2342 2989 2406; x_wconf 89' lang='grc' dir='ltr'>ἐκεῖνοι,</span> <span class='ocrx_word' id='word_1_629' title='bbox 3022 2343 3388 2415; x_wconf 82' lang='grc' dir='ltr'>ἐπολέμησαν,</span> <span class='ocrx_word' id='word_1_630' title='bbox 3416 2346 3521 2399; x_wconf 60' lang='grc' dir='ltr'>καὶ</span> 
     </span>
    </p>
   </div>
   <div class='ocr_carea' id='block_1_83' title="bbox 1931 2422 3516 2500">
    <p class='ocr_par' dir='ltr' id='par_1_83' title="bbox 1931 2422 3516 2500">
     <span class='ocr_line' id='line_1_83' title="bbox 1931 2422 3516 2500; baseline 0.005 -25"><span class='ocrx_word' id='word_1_631' title='bbox 1931 2422 2265 2496; x_wconf 83' lang='grc' dir='ltr'>ἡττήθησαν.</span> <span class='ocrx_word' id='word_1_632' title='bbox 2299 2423 2424 2487; x_wconf 86' lang='grc' dir='ltr'>Πῶς</span> <span class='ocrx_word' id='word_1_633' title='bbox 2450 2424 3166 2496; x_wconf 82' lang='grc' dir='ltr'>ἐπολέμησαν;’⁹Ροπάλοις.</span> <span class='ocrx_word' id='word_1_634' title='bbox 3200 2429 3324 2494; x_wconf 85' lang='grc' dir='ltr'>Πῶς</span> <span class='ocrx_word' id='word_1_635' title='bbox 3348 2431 3516 2500; x_wconf 85' lang='grc' dir='ltr'>ἡττή-</span> 
     </span>
    </p>
   </div>
   <div class='ocr_carea' id='block_1_84' title="bbox 1932 2507 3518 2579">
    <p class='ocr_par' dir='ltr' id='par_1_84' title="bbox 1932 2507 3518 2579">
     <span class='ocr_line' id='line_1_84' title="bbox 1932 2507 3518 2579; baseline 0.003 -18"><span class='ocrx_word' id='word_1_636' title='bbox 1932 2507 2135 2578; x_wconf 88' lang='grc' dir='ltr'>θησαν;</span> <span class='ocrx_word' id='word_1_637' title='bbox 2165 2507 2387 2577; x_wconf 89' lang='grc' dir='ltr'>Εὐχαῖς.</span> <span class='ocrx_word' id='word_1_638' title='bbox 2418 2508 2555 2561; x_wconf 81' lang='grc' dir='ltr'>Ἐάν</span> <span class='ocrx_word' id='word_1_639' title='bbox 2575 2509 2669 2575; x_wconf 62' lang='grc' dir='ltr'>τίς⁵</span> <span class='ocrx_word' id='word_1_640' title='bbox 2698 2524 2773 2563; x_wconf 77' lang='grc' dir='ltr'>σε</span> <span class='ocrx_word' id='word_1_641' title='bbox 2792 2510 3030 2578; x_wconf 50' lang='lat' dir='ltr'>paulo?)</span> <span class='ocrx_word' id='word_1_642' title='bbox 3053 2513 3143 2579; x_wconf 83' lang='grc' dir='ltr'>εἰς</span> <span class='ocrx_word' id='word_1_643' title='bbox 3163 2511 3279 2579; x_wconf 83' lang='grc' dir='ltr'>τὴν</span> <span class='ocrx_word' id='word_1_644' title='bbox 3309 2512 3518 2577; x_wconf 80' lang='grc' dir='ltr'>δεξιὰν</span> 
     </span>
    </p>
   </div>
   <div class='ocr_carea' id='block_1_85' title="bbox 1932 2589 3517 2663">
    <p class='ocr_par' dir='ltr' id='par_1_85' title="bbox 1932 2589 3517 2663">
     <span class='ocr_line' id='line_1_85' title="bbox 1932 2589 3517 2663; baseline 0.003 -18"><span class='ocrx_word' id='word_1_645' title='bbox 1932 2591 2190 2659; x_wconf 62' lang='grc' dir='ltr'>σιαγόνα</span> <span class='ocrx_word' id='word_1_646' title='bbox 2212 2628 2229 2655; x_wconf 88' lang='grc'>,</span> <span class='ocrx_word' id='word_1_647' title='bbox 2284 2589 2554 2659; x_wconf 78' lang='grc' dir='ltr'>στρέψον</span> <span class='ocrx_word' id='word_1_648' title='bbox 2607 2591 2770 2657; x_wconf 82' lang='grc' dir='ltr'>αὐτῷ</span> <span class='ocrx_word' id='word_1_649' title='bbox 2827 2592 2926 2646; x_wconf 79' lang='grc' dir='ltr'>καί</span> <span class='ocrx_word' id='word_1_650' title='bbox 2982 2592 3099 2662; x_wconf 80' lang='grc' dir='ltr'>τὴν</span> <span class='ocrx_word' id='word_1_651' title='bbox 3149 2594 3373 2663; x_wconf 71' lang='grc' dir='ltr'>ἀλλην.</span> <span class='ocrx_word' id='word_1_652' title='bbox 3440 2596 3517 2650; x_wconf 80' lang='grc' dir='ltr'>Σὺ</span> 
     </span>
    </p>
   </div>
   <div class='ocr_carea' id='block_1_86' title="bbox 1936 2672 3515 2749">
    <p class='ocr_par' dir='ltr' id='par_1_86' title="bbox 1936 2672 3515 2749">
     <span class='ocr_line' id='line_1_86' title="bbox 1936 2672 3515 2749; baseline 0.003 -23"><span class='ocrx_word' id='word_1_653' title='bbox 1936 2672 2147 2744; x_wconf 78' lang='grc' dir='ltr'>ῥόπαλα</span> <span class='ocrx_word' id='word_1_654' title='bbox 2186 2673 2462 2745; x_wconf 86' lang='grc' dir='ltr'>εἰσφέρεις</span> <span class='ocrx_word' id='word_1_655' title='bbox 2509 2674 2587 2737; x_wconf 90' lang='grc' dir='ltr'>εἰς</span> <span class='ocrx_word' id='word_1_656' title='bbox 2618 2674 2719 2745; x_wconf 79' lang='grc' dir='ltr'>τὴν</span> <span class='ocrx_word' id='word_1_657' title='bbox 2765 2674 3064 2747; x_wconf 81' lang='grc' dir='ltr'>ἐκκλησίαν</span> <span class='ocrx_word' id='word_1_658' title='bbox 3091 2677 3187 2732; x_wconf 75' lang='grc' dir='ltr'>καὶ</span> <span class='ocrx_word' id='word_1_659' title='bbox 3218 2677 3476 2749; x_wconf 79' lang='grc' dir='ltr'>πολεμεῖς</span> <span class='ocrx_word' id='word_1_660' title='bbox 3495 2695 3515 2713; x_wconf 80' lang='grc' dir='ltr'><strong><em>ο</em></strong></span> 
     </span>
    </p>
   </div>
   <div class='ocr_carea' id='block_1_87' title="bbox 1934 2756 3519 2829">
    <p class='ocr_par' dir='ltr' id='par_1_87' title="bbox 1934 2756 3519 2829">
     <span class='ocr_line' id='line_1_87' title="bbox 1934 2756 3519 2829; baseline 0.004 -19"><span class='ocrx_word' id='word_1_661' title='bbox 1934 2756 2070 2810; x_wconf 79' lang='grc' dir='ltr'>ὅπου</span> <span class='ocrx_word' id='word_1_662' title='bbox 2124 2757 2317 2828; x_wconf 86' lang='grc' dir='ltr'>εἰρὴνη</span> <span class='ocrx_word' id='word_1_663' title='bbox 2350 2757 2507 2821; x_wconf 83' lang='grc' dir='ltr'>πᾶσι,</span> <span class='ocrx_word' id='word_1_664' title='bbox 2546 2756 2784 2827; x_wconf 87' lang='grc' dir='ltr'>πολέμου</span> <span class='ocrx_word' id='word_1_665' title='bbox 2823 2757 3002 2829; x_wconf 81' lang='grc' dir='ltr'>ἄρχῃ·</span> <span class='ocrx_word' id='word_1_666' title='bbox 3042 2759 3164 2814; x_wconf 82' lang='grc' dir='ltr'>οὐδὲ</span> <span class='ocrx_word' id='word_1_667' title='bbox 3207 2761 3301 2814; x_wconf 83' lang='grc' dir='ltr'>τὸν</span> <span class='ocrx_word' id='word_1_668' title='bbox 3349 2763 3519 2817; x_wconf 84' lang='grc' dir='ltr'>τόπον</span> 
     </span>
    </p>
   </div>
   <div class='ocr_carea' id='block_1_88' title="bbox 1935 2837 3531 2917">
    <p class='ocr_par' dir='ltr' id='par_1_88' title="bbox 1935 2837 3531 2917">
     <span class='ocr_line' id='line_1_88' title="bbox 1935 2837 3531 2917; baseline 0.009 -28"><span class='ocrx_word' id='word_1_669' title='bbox 1935 2837 2191 2908; x_wconf 69' lang='grc' dir='ltr'>⁴ἡδέσθης,</span> <span class='ocrx_word' id='word_1_670' title='bbox 2221 2837 2373 2892; x_wconf 80' lang='grc' dir='ltr'>ἄθλιε</span> <span class='ocrx_word' id='word_1_671' title='bbox 2410 2839 2507 2892; x_wconf 81' lang='grc' dir='ltr'>καί</span> <span class='ocrx_word' id='word_1_672' title='bbox 2554 2839 2891 2910; x_wconf 89' lang='grc' dir='ltr'>ταλαίπωρε,</span> <span class='ocrx_word' id='word_1_673' title='bbox 2924 2840 3045 2895; x_wconf 86' lang='grc' dir='ltr'>οὐδὲ</span> <span class='ocrx_word' id='word_1_674' title='bbox 3092 2841 3191 2912; x_wconf 88' lang='grc' dir='ltr'>τῆς</span> <span class='ocrx_word' id='word_1_675' title='bbox 3216 2844 3531 2917; x_wconf 59' lang='grc' dir='ltr'>ἱερωσύνης.</span> 
     </span>
    </p>
   </div>
   <div class='ocr_carea' id='block_1_89' title="bbox 1935 2919 3521 2996">
    <p class='ocr_par' dir='ltr' id='par_1_89' title="bbox 1935 2919 3521 2996">
     <span class='ocr_line' id='line_1_89' title="bbox 1935 2919 3521 2996; baseline 0.005 -23"><span class='ocrx_word' id='word_1_676' title='bbox 1935 2920 1997 2974; x_wconf 82' lang='grc' dir='ltr'>τὸ</span> <span class='ocrx_word' id='word_1_677' title='bbox 2028 2919 2275 2993; x_wconf 80' lang='grc' dir='ltr'>ἀξίωμα,</span> <span class='ocrx_word' id='word_1_678' title='bbox 2310 2920 2433 2974; x_wconf 83' lang='grc' dir='ltr'>οὐδὲ</span> <span class='ocrx_word' id='word_1_679' title='bbox 2464 2921 2569 2991; x_wconf 77' lang='grc' dir='ltr'>τῆς</span> <span class='ocrx_word' id='word_1_680' title='bbox 2619 2920 2793 2991; x_wconf 80' lang='grc' dir='ltr'>ἀρχῆς</span> <span class='ocrx_word' id='word_1_681' title='bbox 2827 2922 2891 2976; x_wconf 84' lang='grc' dir='ltr'>τὸ</span> <span class='ocrx_word' id='word_1_682' title='bbox 2934 2922 3183 2993; x_wconf 89' lang='grc' dir='ltr'>μέγεθος.</span> <span class='ocrx_word' id='word_1_683' title='bbox 3229 2925 3305 2978; x_wconf 84' lang='grc' dir='ltr'><strong>Τὸ</strong></span> <span class='ocrx_word' id='word_1_684' title='bbox 3346 2944 3521 2996; x_wconf 69' lang='grc' dir='ltr'>φωτιο</span> 
     </span>
    </p>
   </div>
   <div class='ocr_carea' id='block_1_90' title="bbox 1940 3003 3521 3079">
    <p class='ocr_par' dir='ltr' id='par_1_90' title="bbox 1940 3003 3521 3079">
     <span class='ocr_line' id='line_1_90' title="bbox 1940 3003 3521 3079; baseline 0.006 -24"><span class='ocrx_word' id='word_1_685' title='bbox 1940 3006 2160 3075; x_wconf 86' lang='grc' dir='ltr'>στὴριον</span> <span class='ocrx_word' id='word_1_686' title='bbox 2191 3003 2440 3075; x_wconf 90' lang='grc' dir='ltr'>αἱμάτων</span> <span class='ocrx_word' id='word_1_687' title='bbox 2470 3004 2889 3074; x_wconf 85' lang='grc' dir='ltr'>ἐμπέπλησται·</span> <span class='ocrx_word' id='word_1_688' title='bbox 2928 3006 3063 3059; x_wconf 84' lang='grc' dir='ltr'>ὅπου</span> <span class='ocrx_word' id='word_1_689' title='bbox 3102 3006 3521 3079; x_wconf 87' lang='grc' dir='ltr'>ἁμαρτημάτων</span> 
     </span>
    </p>
   </div>
   <div class='ocr_carea' id='block_1_91' title="bbox 1937 3087 3520 3162">
    <p class='ocr_par' dir='ltr' id='par_1_91' title="bbox 1937 3087 3520 3162">
     <span class='ocr_line' id='line_1_91' title="bbox 1937 3087 3520 3162; baseline 0.003 -19"><span class='ocrx_word' id='word_1_690' title='bbox 1937 3087 2164 3157; x_wconf 74' lang='grc' dir='ltr'>ἄφεσις,⁴</span> <span class='ocrx_word' id='word_1_691' title='bbox 2187 3087 2437 3159; x_wconf 86' lang='grc' dir='ltr'>αἱμάτων</span> <span class='ocrx_word' id='word_1_692' title='bbox 2458 3087 2698 3158; x_wconf 80' lang='grc' dir='ltr'>ἔκχυσις.</span> <span class='ocrx_word' id='word_1_693' title='bbox 2738 3088 2825 3142; x_wconf 88' lang='grc' dir='ltr'>Ἐν</span> <span class='ocrx_word' id='word_1_694' title='bbox 2858 3088 2989 3161; x_wconf 78' lang='grc' dir='ltr'>ποίᾳ</span> <span class='ocrx_word' id='word_1_695' title='bbox 3011 3092 3316 3162; x_wconf 79' lang='grc' dir='ltr'>παρατάξει</span> <span class='ocrx_word' id='word_1_696' title='bbox 3348 3093 3520 3149; x_wconf 85' lang='grc' dir='ltr'>ταῦτα</span> 
     </span>
    </p>
   </div>
   <div class='ocr_carea' id='block_1_92' title="bbox 1937 3170 3521 3244">
    <p class='ocr_par' dir='ltr' id='par_1_92' title="bbox 1937 3170 3521 3244">
     <span class='ocr_line' id='line_1_92' title="bbox 1937 3170 3521 3244; baseline 0.003 -20"><span class='ocrx_word' id='word_1_697' title='bbox 1937 3170 2189 3240; x_wconf 88' lang='grc' dir='ltr'>γίνεται;</span> <span class='ocrx_word' id='word_1_698' title='bbox 2218 3170 2483 3235; x_wconf 78' lang='grc' dir='ltr'>Βασιλεὺς</span> <span class='ocrx_word' id='word_1_699' title='bbox 2517 3170 2823 3242; x_wconf 84' lang='grc' dir='ltr'>εἰσέρχεται</span> <span class='ocrx_word' id='word_1_700' title='bbox 2850 3172 2944 3226; x_wconf 76' lang='grc' dir='ltr'>καὶ</span> <span class='ocrx_word' id='word_1_701' title='bbox 2980 3173 3161 3244; x_wconf 76' lang='grc' dir='ltr'>ῥίπτει</span> <span class='ocrx_word' id='word_1_702' title='bbox 3192 3175 3392 3230; x_wconf 90' lang='grc' dir='ltr'>ἀσπίδα</span> <span class='ocrx_word' id='word_1_703' title='bbox 3425 3178 3521 3231; x_wconf 80' lang='grc' dir='ltr'>καί</span> 
     </span>
    </p>
   </div>
   <div class='ocr_carea' id='block_1_93' title="bbox 1938 3255 3523 3328">
    <p class='ocr_par' dir='ltr' id='par_1_93' title="bbox 1938 3255 3523 3328">
     <span class='ocr_line' id='line_1_93' title="bbox 1938 3255 3523 3328; baseline 0.003 -20"><span class='ocrx_word' id='word_1_704' title='bbox 1938 3255 2198 3328; x_wconf 89' lang='grc' dir='ltr'>διάδημα·</span> <span class='ocrx_word' id='word_1_705' title='bbox 2229 3257 2294 3310; x_wconf 85' lang='grc' dir='ltr'>σύ</span> <span class='ocrx_word' id='word_1_706' title='bbox 2314 3255 2587 3327; x_wconf 89' lang='grc' dir='ltr'>εἰσῆλθες,</span> <span class='ocrx_word' id='word_1_707' title='bbox 2619 3256 2713 3308; x_wconf 85' lang='grc' dir='ltr'>καί</span> <span class='ocrx_word' id='word_1_708' title='bbox 2741 3255 2951 3327; x_wconf 78' lang='grc' dir='ltr'>ῥόπαλα</span> <span class='ocrx_word' id='word_1_709' title='bbox 2976 3257 3252 3328; x_wconf 72' lang='grc' dir='ltr'>ἥρπασας.</span> <span class='ocrx_word' id='word_1_710' title='bbox 3285 3260 3523 3323; x_wconf 86' lang='grc' dir='ltr'>Ἐκεῖνος</span> 
     </span>
    </p>
   </div>
   <div class='ocr_carea' id='block_1_94' title="bbox 1938 3341 3525 3418">
    <p class='ocr_par' dir='ltr' id='par_1_94' title="bbox 1938 3341 3525 3418">
     <span class='ocr_line' id='line_1_94' title="bbox 1938 3341 3525 3418; baseline 0.005 -22"><span class='ocrx_word' id='word_1_711' title='bbox 1938 3344 2035 3396; x_wconf 72' lang='grc' dir='ltr'>καὶ</span> <span class='ocrx_word' id='word_1_712' title='bbox 2061 3343 2131 3397; x_wconf 89' lang='grc' dir='ltr'>τά</span> <span class='ocrx_word' id='word_1_713' title='bbox 2153 3344 2475 3415; x_wconf 76' lang='grc' dir='ltr'>συνθήματα</span> <span class='ocrx_word' id='word_1_714' title='bbox 2505 3343 2607 3415; x_wconf 88' lang='grc' dir='ltr'>τῆς</span> <span class='ocrx_word' id='word_1_715' title='bbox 2644 3341 2926 3413; x_wconf 88' lang='grc' dir='ltr'>βασιλείας</span> <span class='ocrx_word' id='word_1_716' title='bbox 2954 3343 3060 3411; x_wconf 73' lang='grc' dir='ltr'>ἔξω</span> <span class='ocrx_word' id='word_1_717' title='bbox 3092 3346 3289 3418; x_wconf 84' lang='grc' dir='ltr'>ἀφίησι</span> <span class='ocrx_word' id='word_1_718' title='bbox 3308 3363 3322 3377; x_wconf 89' lang='grc'>·</span> <span class='ocrx_word' id='word_1_719' title='bbox 3359 3349 3425 3403; x_wconf 86' lang='grc' dir='ltr'>σὺ</span> <span class='ocrx_word' id='word_1_720' title='bbox 3454 3350 3525 3404; x_wconf 68' lang='grc' dir='ltr'>τὰ</span> 
     </span>
    </p>
   </div>
   <div class='ocr_carea' id='block_1_95' title="bbox 1942 3430 3528 3505">
    <p class='ocr_par' dir='ltr' id='par_1_95' title="bbox 1942 3430 3528 3505">
     <span class='ocr_line' id='line_1_95' title="bbox 1942 3430 3528 3505; baseline 0.004 -20"><span class='ocrx_word' id='word_1_721' title='bbox 1942 3430 2264 3503; x_wconf 89' lang='grc' dir='ltr'>συνθήματα</span> <span class='ocrx_word' id='word_1_722' title='bbox 2289 3431 2385 3486; x_wconf 90' lang='grc' dir='ltr'>τοῦ</span> <span class='ocrx_word' id='word_1_723' title='bbox 2416 3432 2658 3503; x_wconf 86' lang='grc' dir='ltr'>πολέμου</span> <span class='ocrx_word' id='word_1_724' title='bbox 2698 3431 2939 3486; x_wconf 87' lang='grc' dir='ltr'>ἐνταῦθα</span> <span class='ocrx_word' id='word_1_725' title='bbox 2978 3435 3323 3505; x_wconf 82' lang='grc' dir='ltr'>εἰσήνεγκας.</span> <span class='ocrx_word' id='word_1_726' title='bbox 3362 3437 3528 3493; x_wconf 83' lang='grc' dir='ltr'>Ἀλλὰ</span> 
     </span>
    </p>
   </div>
   <div class='ocr_carea' id='block_1_96' title="bbox 1939 3518 3527 3592">
    <p class='ocr_par' dir='ltr' id='par_1_96' title="bbox 1939 3518 3527 3592">
     <span class='ocr_line' id='line_1_96' title="bbox 1939 3518 3527 3592; baseline 0.002 -17"><span class='ocrx_word' id='word_1_727' title='bbox 1939 3518 2038 3591; x_wconf 82' lang='grc' dir='ltr'>τὴν</span> <span class='ocrx_word' id='word_1_728' title='bbox 2070 3518 2291 3591; x_wconf 87' lang='grc' dir='ltr'>νύμφην</span> <span class='ocrx_word' id='word_1_729' title='bbox 2317 3537 2417 3592; x_wconf 87' lang='grc' dir='ltr'>μου</span> <span class='ocrx_word' id='word_1_730' title='bbox 2445 3520 2595 3573; x_wconf 79' lang='grc' dir='ltr'>οὐδὲν</span> <span class='ocrx_word' id='word_1_731' title='bbox 2618 3518 2883 3590; x_wconf 75' lang='grc' dir='ltr'>ἔϐλαψας,</span> <span class='ocrx_word' id='word_1_732' title='bbox 2906 3520 3045 3576; x_wconf 84' lang='grc' dir='ltr'>ἀλλὰ</span> <span class='ocrx_word' id='word_1_733' title='bbox 3069 3522 3222 3592; x_wconf 83' lang='grc' dir='ltr'>μένει</span> <span class='ocrx_word' id='word_1_734' title='bbox 3248 3523 3308 3578; x_wconf 85' lang='grc' dir='ltr'>τὸ</span> <span class='ocrx_word' id='word_1_735' title='bbox 3331 3525 3527 3591; x_wconf 81' lang='grc' dir='ltr'>κάλλος</span> 
     </span>
    </p>
   </div>
   <div class='ocr_carea' id='block_1_97' title="bbox 1938 3607 2582 3679">
    <p class='ocr_par' dir='ltr' id='par_1_97' title="bbox 1938 3607 2582 3679">
     <span class='ocr_line' id='line_1_97' title="bbox 1938 3607 2582 3679; baseline -0.002 -16"><span class='ocrx_word' id='word_1_736' title='bbox 1938 3608 2111 3679; x_wconf 89' lang='grc' dir='ltr'>αὐτῆς</span> <span class='ocrx_word' id='word_1_737' title='bbox 2136 3607 2582 3678; x_wconf 87' lang='grc' dir='ltr'>ἐπιδεικνυμένη.</span> 
     </span>
    </p>
   </div>
   <div class='ocr_carea' id='block_1_98' title="bbox 2010 3696 3524 3774">
    <p class='ocr_par' dir='ltr' id='par_1_98' title="bbox 2010 3696 3524 3774">
     <span class='ocr_line' id='line_1_98' title="bbox 2010 3696 3524 3774; baseline 0.002 -23"><span class='ocrx_word' id='word_1_738' title='bbox 2010 3704 2083 3766; x_wconf 79' lang='grc' dir='ltr'>γ’.</span> <span class='ocrx_word' id='word_1_739' title='bbox 2107 3696 2208 3750; x_wconf 81' lang='grc' dir='ltr'>Διά</span> <span class='ocrx_word' id='word_1_740' title='bbox 2223 3697 2592 3769; x_wconf 86' lang='grc' dir='ltr'>τοῦτοχαίρω,</span> <span class='ocrx_word' id='word_1_741' title='bbox 2610 3698 3132 3771; x_wconf 84' lang='grc' dir='ltr'>οὐχότιένικὴσατε.</span> <span class='ocrx_word' id='word_1_742' title='bbox 3155 3702 3219 3755; x_wconf 85' lang='grc' dir='ltr'>Εἰ</span> <span class='ocrx_word' id='word_1_743' title='bbox 3236 3703 3524 3774; x_wconf 78' lang='grc' dir='ltr'>παρήμην,</span> 
     </span>
    </p>
   </div>
   <div class='ocr_carea' id='block_1_99' title="bbox 1939 3784 3528 3859">
    <p class='ocr_par' dir='ltr' id='par_1_99' title="bbox 1939 3784 3528 3859">
     <span class='ocr_line' id='line_1_99' title="bbox 1939 3784 3528 3859; baseline 0.004 -22"><span class='ocrx_word' id='word_1_744' title='bbox 1939 3799 1964 3828; x_wconf 76' lang='grc' dir='ltr'><strong><em>ι</em></strong></span> <span class='ocrx_word' id='word_1_745' title='bbox 1992 3784 2333 3857; x_wconf 78' lang='grc' dir='ltr'>ἐμεριζόμην</span> <span class='ocrx_word' id='word_1_746' title='bbox 2370 3785 2491 3856; x_wconf 78' lang='grc' dir='ltr'>μεθ’</span> <span class='ocrx_word' id='word_1_747' title='bbox 2528 3784 2682 3855; x_wconf 86' lang='grc' dir='ltr'>ὐμῶν</span> <span class='ocrx_word' id='word_1_748' title='bbox 2723 3785 2821 3857; x_wconf 85' lang='grc' dir='ltr'>τὴν</span> <span class='ocrx_word' id='word_1_749' title='bbox 2859 3786 3047 3857; x_wconf 87' lang='grc' dir='ltr'>νίκην·</span> <span class='ocrx_word' id='word_1_750' title='bbox 3095 3788 3283 3859; x_wconf 86' lang='grc' dir='ltr'>ἐπειδὴ</span> <span class='ocrx_word' id='word_1_751' title='bbox 3323 3789 3381 3842; x_wconf 87' lang='grc' dir='ltr'>δὲ</span> <span class='ocrx_word' id='word_1_752' title='bbox 3428 3791 3528 3843; x_wconf 84' lang='grc' dir='ltr'>ἀν-</span> 
     </span>
    </p>
   </div>
   <div class='ocr_carea' id='block_1_100' title="bbox 1941 3872 3531 3946">
    <p class='ocr_par' dir='ltr' id='par_1_100' title="bbox 1941 3872 3531 3946">
     <span class='ocr_line' id='line_1_100' title="bbox 1941 3872 3531 3946; baseline 0.003 -19"><span class='ocrx_word' id='word_1_753' title='bbox 1941 3873 2227 3945; x_wconf 80' lang='grc' dir='ltr'>εχώρησα,</span> <span class='ocrx_word' id='word_1_754' title='bbox 2278 3873 2491 3944; x_wconf 70' lang='grc' dir='ltr'>γυμνὸν</span> <span class='ocrx_word' id='word_1_755' title='bbox 2526 3872 2682 3943; x_wconf 89' lang='grc' dir='ltr'>ὐμῶν</span> <span class='ocrx_word' id='word_1_756' title='bbox 2722 3873 2783 3927; x_wconf 84' lang='grc' dir='ltr'>τὸ</span> <span class='ocrx_word' id='word_1_757' title='bbox 2815 3875 3075 3945; x_wconf 89' lang='grc' dir='ltr'>τρόπαιον</span> <span class='ocrx_word' id='word_1_758' title='bbox 3113 3875 3310 3946; x_wconf 87' lang='grc' dir='ltr'>ἐφάνη.</span> <span class='ocrx_word' id='word_1_759' title='bbox 3366 3875 3531 3931; x_wconf 88' lang='grc' dir='ltr'>Ἀλλά</span> 
     </span>
    </p>
   </div>
   <div class='ocr_carea' id='block_1_101' title="bbox 1947 3960 3528 4034">
    <p class='ocr_par' dir='ltr' id='par_1_101' title="bbox 1947 3960 3528 4034">
     <span class='ocr_line' id='line_1_101' title="bbox 1947 3960 3528 4034; baseline 0.004 -19"><span class='ocrx_word' id='word_1_760' title='bbox 1947 3962 2045 4015; x_wconf 79' lang='grc' dir='ltr'>καὶ</span> <span class='ocrx_word' id='word_1_761' title='bbox 2085 3961 2243 4015; x_wconf 86' lang='grc' dir='ltr'>τοῦτο</span> <span class='ocrx_word' id='word_1_762' title='bbox 2274 3960 2406 4031; x_wconf 75' lang='grc' dir='ltr'>ὲμδν</span> <span class='ocrx_word' id='word_1_763' title='bbox 2432 3961 2729 4031; x_wconf 83' lang='grc' dir='ltr'>ἐγκώμιον,</span> <span class='ocrx_word' id='word_1_764' title='bbox 2768 3962 2862 4015; x_wconf 72' lang='grc' dir='ltr'>καὶ</span> <span class='ocrx_word' id='word_1_765' title='bbox 2902 3962 3065 4016; x_wconf 90' lang='grc' dir='ltr'>πάλιν</span> <span class='ocrx_word' id='word_1_766' title='bbox 3098 3963 3389 4034; x_wconf 79' lang='grc' dir='ltr'>μερίζομαι</span> <span class='ocrx_word' id='word_1_767' title='bbox 3418 3966 3528 4033; x_wconf 82' lang='grc' dir='ltr'>ἐγὼ</span> 
     </span>
    </p>
   </div>
   <div class='ocr_carea' id='block_1_102' title="bbox 1952 4049 3530 4123">
    <p class='ocr_par' dir='ltr' id='par_1_102' title="bbox 1952 4049 3530 4123">
     <span class='ocr_line' id='line_1_102' title="bbox 1952 4049 3530 4123; baseline 0 -18"><span class='ocrx_word' id='word_1_768' title='bbox 1952 4052 2073 4123; x_wconf 86' lang='grc' dir='ltr'>μεθ’</span> <span class='ocrx_word' id='word_1_769' title='bbox 2098 4051 2251 4121; x_wconf 85' lang='grc' dir='ltr'>ὑμῶν</span> <span class='ocrx_word' id='word_1_770' title='bbox 2285 4051 2383 4120; x_wconf 79' lang='grc' dir='ltr'>τὴν</span> <span class='ocrx_word' id='word_1_771' title='bbox 2414 4049 2593 4122; x_wconf 88' lang='grc' dir='ltr'>νίκην,</span> <span class='ocrx_word' id='word_1_772' title='bbox 2630 4051 2710 4104; x_wconf 85' lang='grc' dir='ltr'>ὅτι</span> <span class='ocrx_word' id='word_1_773' title='bbox 2737 4050 2909 4115; x_wconf 74' lang='grc' dir='ltr'>οὕτως</span> <span class='ocrx_word' id='word_1_774' title='bbox 2947 4051 3093 4120; x_wconf 77' lang='grc' dir='ltr'>ὑμᾶς</span> <span class='ocrx_word' id='word_1_775' title='bbox 3122 4049 3417 4122; x_wconf 78' lang='grc' dir='ltr'>ἀνέθρεψα,</span> <span class='ocrx_word' id='word_1_776' title='bbox 3452 4052 3530 4116; x_wconf 89' lang='grc' dir='ltr'>ὼς</span> 
     </span>
    </p>
   </div>
   <div class='ocr_carea' id='block_1_103' title="bbox 1947 4135 3532 4210">
    <p class='ocr_par' dir='ltr' id='par_1_103' title="bbox 1947 4135 3532 4210">
     <span class='ocr_line' id='line_1_103' title="bbox 1947 4135 3532 4210; baseline -0.001 -16"><span class='ocrx_word' id='word_1_777' title='bbox 1947 4141 2045 4194; x_wconf 80' lang='grc' dir='ltr'>καὶ</span> <span class='ocrx_word' id='word_1_778' title='bbox 2071 4138 2303 4202; x_wconf 88' lang='grc' dir='ltr'>ἀπόντος</span> <span class='ocrx_word' id='word_1_779' title='bbox 2325 4136 2420 4191; x_wconf 85' lang='grc' dir='ltr'>τοῦ</span> <span class='ocrx_word' id='word_1_780' title='bbox 2464 4138 2671 4210; x_wconf 84' lang='grc' dir='ltr'>πατρὸς</span> <span class='ocrx_word' id='word_1_781' title='bbox 2701 4137 2798 4209; x_wconf 82' lang='grc' dir='ltr'>τὴν</span> <span class='ocrx_word' id='word_1_782' title='bbox 2841 4136 3050 4192; x_wconf 88' lang='grc' dir='ltr'>οἰκείαν</span> <span class='ocrx_word' id='word_1_783' title='bbox 3088 4135 3368 4207; x_wconf 86' lang='grc' dir='ltr'>εὐγένειαν</span> <span class='ocrx_word' id='word_1_784' title='bbox 3407 4139 3532 4193; x_wconf 88' lang='grc' dir='ltr'>ἐπι-</span> 
     </span>
    </p>
   </div>
   <div class='ocr_carea' id='block_1_104' title="bbox 1948 4225 3533 4299">
    <p class='ocr_par' dir='ltr' id='par_1_104' title="bbox 1948 4225 3533 4299">
     <span class='ocr_line' id='line_1_104' title="bbox 1948 4225 3533 4299; baseline 0 -17"><span class='ocrx_word' id='word_1_785' title='bbox 1948 4227 2285 4283; x_wconf 85' lang='grc' dir='ltr'>δείκνυσθαι.</span> <span class='ocrx_word' id='word_1_786' title='bbox 2309 4229 2520 4299; x_wconf 86' lang='grc' dir='ltr'>Ὠσπερ</span> <span class='ocrx_word' id='word_1_787' title='bbox 2545 4225 2653 4298; x_wconf 84' lang='grc' dir='ltr'>γὰρ</span> <span class='ocrx_word' id='word_1_788' title='bbox 2680 4228 2728 4280; x_wconf 90' lang='grc' dir='ltr'>οἱ</span> <span class='ocrx_word' id='word_1_789' title='bbox 2756 4228 2993 4295; x_wconf 85' lang='grc' dir='ltr'>γενναῖοι</span> <span class='ocrx_word' id='word_1_790' title='bbox 3024 4226 3132 4280; x_wconf 88' lang='grc' dir='ltr'>τῶν</span> <span class='ocrx_word' id='word_1_791' title='bbox 3164 4225 3412 4298; x_wconf 87' lang='grc' dir='ltr'>ἀθλητῶν</span> <span class='ocrx_word' id='word_1_792' title='bbox 3438 4229 3533 4282; x_wconf 73' lang='grc' dir='ltr'>καὶ</span> 
     </span>
    </p>
   </div>
   <div class='ocr_carea' id='block_1_105' title="bbox 1951 4312 3535 4387">
    <p class='ocr_par' dir='ltr' id='par_1_105' title="bbox 1951 4312 3535 4387">
     <span class='ocr_line' id='line_1_105' title="bbox 1951 4312 3535 4387; baseline -0.001 -17"><span class='ocrx_word' id='word_1_793' title='bbox 1951 4316 2185 4379; x_wconf 88' lang='grc' dir='ltr'>ἀπόντος</span> <span class='ocrx_word' id='word_1_794' title='bbox 2220 4314 2315 4369; x_wconf 86' lang='grc' dir='ltr'>τοῦ</span> <span class='ocrx_word' id='word_1_795' title='bbox 2345 4314 2697 4387; x_wconf 85' lang='grc' dir='ltr'>παιδοτρίϐου</span> <span class='ocrx_word' id='word_1_796' title='bbox 2736 4314 2836 4385; x_wconf 86' lang='grc' dir='ltr'>τὴν</span> <span class='ocrx_word' id='word_1_797' title='bbox 2861 4314 3069 4368; x_wconf 89' lang='grc' dir='ltr'>ἐαυτῶν</span> <span class='ocrx_word' id='word_1_798' title='bbox 3101 4312 3293 4385; x_wconf 81' lang='grc' dir='ltr'>ῥώμην</span> <span class='ocrx_word' id='word_1_799' title='bbox 3334 4314 3535 4368; x_wconf 81' lang='grc' dir='ltr'>ἐπιδεί-</span> 
     </span>
    </p>
   </div>
   <div class='ocr_carea' id='block_1_106' title="bbox 1951 4399 3535 4472">
    <p class='ocr_par' dir='ltr' id='par_1_106' title="bbox 1951 4399 3535 4472">
     <span class='ocr_line' id='line_1_106' title="bbox 1951 4399 3535 4472; baseline -0.004 -13"><span class='ocrx_word' id='word_1_800' title='bbox 1951 4421 2177 4459; x_wconf 86' lang='grc' dir='ltr'>κνυνται</span> <span class='ocrx_word' id='word_1_801' title='bbox 2195 4417 2210 4432; x_wconf 87' lang='grc'>·</span> <span class='ocrx_word' id='word_1_802' title='bbox 2242 4403 2385 4457; x_wconf 77' lang='grc' dir='ltr'>οὑτω</span> <span class='ocrx_word' id='word_1_803' title='bbox 2414 4403 2510 4456; x_wconf 80' lang='grc' dir='ltr'>καὶ</span> <span class='ocrx_word' id='word_1_804' title='bbox 2532 4403 2566 4472; x_wconf 86' lang='grc' dir='ltr'>ἡ</span> <span class='ocrx_word' id='word_1_805' title='bbox 2597 4401 2846 4470; x_wconf 86' lang='grc' dir='ltr'>εὐγένεια</span> <span class='ocrx_word' id='word_1_806' title='bbox 2876 4400 2973 4471; x_wconf 88' lang='grc' dir='ltr'>τῆς</span> <span class='ocrx_word' id='word_1_807' title='bbox 2997 4399 3267 4471; x_wconf 84' lang='grc' dir='ltr'>ὑμετέρας</span> <span class='ocrx_word' id='word_1_808' title='bbox 3296 4400 3535 4462; x_wconf 84' lang='grc' dir='ltr'>πίστεως</span> 
     </span>
    </p>
   </div>
   <div class='ocr_carea' id='block_1_107' title="bbox 1951 4487 3534 4558">
    <p class='ocr_par' dir='ltr' id='par_1_107' title="bbox 1951 4487 3534 4558">
     <span class='ocr_line' id='line_1_107' title="bbox 1951 4487 3534 4558; baseline -0.003 -14"><span class='ocrx_word' id='word_1_809' title='bbox 1951 4492 2048 4545; x_wconf 72' lang='grc' dir='ltr'>καὶ</span> <span class='ocrx_word' id='word_1_810' title='bbox 2079 4492 2313 4554; x_wconf 90' lang='grc' dir='ltr'>ἀπόντος</span> <span class='ocrx_word' id='word_1_811' title='bbox 2365 4490 2460 4544; x_wconf 87' lang='grc' dir='ltr'>τοῦ</span> <span class='ocrx_word' id='word_1_812' title='bbox 2491 4488 2816 4542; x_wconf 88' lang='grc' dir='ltr'>διδασκάλου</span> <span class='ocrx_word' id='word_1_813' title='bbox 2850 4487 2949 4558; x_wconf 81' lang='grc' dir='ltr'>τὴν</span> <span class='ocrx_word' id='word_1_814' title='bbox 2977 4487 3183 4540; x_wconf 88' lang='grc' dir='ltr'>οἰκείαν</span> <span class='ocrx_word' id='word_1_815' title='bbox 3227 4487 3534 4558; x_wconf 84' lang='grc' dir='ltr'>εὐμορφίαν</span> 
     </span>
    </p>
   </div>
   <div class='ocr_carea' id='block_1_108' title="bbox 1954 4572 3537 4647">
    <p class='ocr_par' dir='ltr' id='par_1_108' title="bbox 1954 4572 3537 4647">
     <span class='ocr_line' id='line_1_108' title="bbox 1954 4572 3537 4647; baseline -0.004 -14"><span class='ocrx_word' id='word_1_816' title='bbox 1954 4579 2287 4643; x_wconf 82' lang='grc' dir='ltr'>ἐπεδείξατο.</span> <span class='ocrx_word' id='word_1_817' title='bbox 2333 4576 2431 4640; x_wconf 88' lang='grc' dir='ltr'>Τίς</span> <span class='ocrx_word' id='word_1_818' title='bbox 2477 4575 2637 4647; x_wconf 89' lang='grc' dir='ltr'>χρεία</span> <span class='ocrx_word' id='word_1_819' title='bbox 2688 4575 2897 4643; x_wconf 89' lang='grc' dir='ltr'>λόγων;</span> <span class='ocrx_word' id='word_1_820' title='bbox 2943 4575 3006 4626; x_wconf 93' lang='grc' dir='ltr'>Οἱ</span> <span class='ocrx_word' id='word_1_821' title='bbox 3051 4572 3186 4626; x_wconf 91' lang='grc' dir='ltr'>λίθοι</span> <span class='ocrx_word' id='word_1_822' title='bbox 3220 4573 3450 4642; x_wconf 82' lang='grc' dir='ltr'>βοῶσιν·</span> <span class='ocrx_word' id='word_1_823' title='bbox 3484 4575 3537 4626; x_wconf 93' lang='grc' dir='ltr'>οἱ</span> 
     </span>
    </p>
   </div>
   <div class='ocr_carea' id='block_1_109' title="bbox 1954 4659 3536 4738">
    <p class='ocr_par' dir='ltr' id='par_1_109' title="bbox 1954 4659 3536 4738">
     <span class='ocr_line' id='line_1_109' title="bbox 1954 4659 3536 4738; baseline -0.004 -18"><span class='ocrx_word' id='word_1_824' title='bbox 1954 4670 2125 4738; x_wconf 86' lang='grc' dir='ltr'>τοῖχοι</span> <span class='ocrx_word' id='word_1_825' title='bbox 2152 4664 2336 4737; x_wconf 80' lang='grc' dir='ltr'>φωνὴν</span> <span class='ocrx_word' id='word_1_826' title='bbox 2364 4664 2611 4733; x_wconf 86' lang='grc' dir='ltr'>ἀφιᾶσιν.</span> <span class='ocrx_word' id='word_1_827' title='bbox 2637 4661 2872 4715; x_wconf 81' lang='grc' dir='ltr'>Ἀπελθε</span> <span class='ocrx_word' id='word_1_828' title='bbox 2905 4662 2986 4724; x_wconf 89' lang='grc' dir='ltr'>εἰς</span> <span class='ocrx_word' id='word_1_829' title='bbox 3017 4659 3303 4729; x_wconf 77' lang='grc' dir='ltr'>βασιλικὰς</span> <span class='ocrx_word' id='word_1_830' title='bbox 3342 4660 3536 4728; x_wconf 84' lang='grc' dir='ltr'>αὐλὰς,</span> 
     </span>
    </p>
   </div>
   <div class='ocr_carea' id='block_1_110' title="bbox 1958 4746 3533 4815">
    <p class='ocr_par' dir='ltr' id='par_1_110' title="bbox 1958 4746 3533 4815">
     <span class='ocr_line' id='line_1_110' title="bbox 1958 4746 3533 4815; baseline -0.002 -8"><span class='ocrx_word' id='word_1_831' title='bbox 1958 4755 2055 4808; x_wconf 76' lang='grc' dir='ltr'>καὶ</span> <span class='ocrx_word' id='word_1_832' title='bbox 2094 4752 2316 4815; x_wconf 90' lang='grc' dir='ltr'>ἀκούεις</span> <span class='ocrx_word' id='word_1_833' title='bbox 2355 4750 2579 4814; x_wconf 88' lang='grc' dir='ltr'>εὐθέως·</span> <span class='ocrx_word' id='word_1_834' title='bbox 2615 4750 2678 4803; x_wconf 94' lang='grc' dir='ltr'>Οἱ</span> <span class='ocrx_word' id='word_1_835' title='bbox 2723 4747 2844 4802; x_wconf 82' lang='grc' dir='ltr'>λαοὶ</span> <span class='ocrx_word' id='word_1_836' title='bbox 2888 4746 3533 4812; x_wconf 84' lang='grc' dir='ltr'>Κωνσταντινουπόλεως.</span> 
     </span>
    </p>
   </div>
   <div class='ocr_carea' id='block_1_111' title="bbox 1962 4833 3539 4912">
    <p class='ocr_par' dir='ltr' id='par_1_111' title="bbox 1962 4833 3539 4912">
     <span class='ocr_line' id='line_1_111' title="bbox 1962 4833 3539 4912; baseline -0.004 -15"><span class='ocrx_word' id='word_1_837' title='bbox 1962 4844 2195 4897; x_wconf 79' lang='grc' dir='ltr'>Ἀπελθε</span> <span class='ocrx_word' id='word_1_838' title='bbox 2227 4844 2308 4905; x_wconf 85' lang='grc' dir='ltr'>εἱς</span> <span class='ocrx_word' id='word_1_839' title='bbox 2351 4842 2452 4912; x_wconf 83' lang='grc' dir='ltr'>τὴν</span> <span class='ocrx_word' id='word_1_840' title='bbox 2491 4838 2779 4901; x_wconf 87' lang='grc' dir='ltr'>θάλατταν,</span> <span class='ocrx_word' id='word_1_841' title='bbox 2816 4836 2895 4897; x_wconf 84' lang='grc' dir='ltr'>εἰς</span> <span class='ocrx_word' id='word_1_842' title='bbox 2922 4833 3020 4906; x_wconf 85' lang='grc' dir='ltr'>τὴν</span> <span class='ocrx_word' id='word_1_843' title='bbox 3064 4834 3299 4906; x_wconf 66' lang='grc' dir='ltr'>ἔρημον,</span> <span class='ocrx_word' id='word_1_844' title='bbox 3335 4837 3417 4900; x_wconf 89' lang='grc' dir='ltr'>εἰς</span> <span class='ocrx_word' id='word_1_845' title='bbox 3468 4838 3539 4891; x_wconf 86' lang='grc' dir='ltr'>τὰ</span> 
     </span>
    </p>
   </div>
   <div class='ocr_carea' id='block_1_112' title="bbox 1957 4923 3539 5005">
    <p class='ocr_par' dir='ltr' id='par_1_112' title="bbox 1957 4923 3539 5005">
     <span class='ocr_line' id='line_1_112' title="bbox 1957 4923 3539 5005; baseline -0.011 -18"><span class='ocrx_word' id='word_1_846' title='bbox 1957 4934 2080 5005; x_wconf 79' lang='grc' dir='ltr'>ὅρη,</span> <span class='ocrx_word' id='word_1_847' title='bbox 2121 4933 2202 4995; x_wconf 89' lang='grc' dir='ltr'>είς</span> <span class='ocrx_word' id='word_1_848' title='bbox 2234 4931 2332 4993; x_wconf 80' lang='grc' dir='ltr'>τὰς</span> <span class='ocrx_word' id='word_1_849' title='bbox 2376 4928 2577 4994; x_wconf 82' lang='grc' dir='ltr'>οἰκίας,</span> <span class='ocrx_word' id='word_1_850' title='bbox 2612 4928 2674 4981; x_wconf 82' lang='grc' dir='ltr'>τὸ</span> <span class='ocrx_word' id='word_1_851' title='bbox 2711 4924 2989 4996; x_wconf 82' lang='grc' dir='ltr'>ἐγκώμιον</span> <span class='ocrx_word' id='word_1_852' title='bbox 3034 4923 3190 4995; x_wconf 86' lang='grc' dir='ltr'>ὑμῶν</span> <span class='ocrx_word' id='word_1_853' title='bbox 3229 4925 3539 4998; x_wconf 85' lang='grc' dir='ltr'>ἀναγέγρα-</span> 
     </span>
    </p>
   </div>
   <div class='ocr_carea' id='block_1_113' title="bbox 1957 5012 3539 5086">
    <p class='ocr_par' dir='ltr' id='par_1_113' title="bbox 1957 5012 3539 5086">
     <span class='ocr_line' id='line_1_113' title="bbox 1957 5012 3539 5086; baseline -0.003 -13"><span class='ocrx_word' id='word_1_854' title='bbox 1957 5038 2113 5073; x_wconf 89' lang='grc' dir='ltr'>πται.</span> <span class='ocrx_word' id='word_1_855' title='bbox 2139 5020 2238 5074; x_wconf 80' lang='grc' dir='ltr'>Ἐν</span> <span class='ocrx_word' id='word_1_856' title='bbox 2252 5018 2358 5072; x_wconf 92' lang='grc' dir='ltr'>τίνι</span> <span class='ocrx_word' id='word_1_857' title='bbox 2386 5016 2675 5086; x_wconf 88' lang='grc' dir='ltr'>ἐνικήσατε</span> <span class='ocrx_word' id='word_1_858' title='bbox 2697 5013 2821 5081; x_wconf 79' lang='grc' dir='ltr'>;,Οὐ</span> <span class='ocrx_word' id='word_1_859' title='bbox 2850 5013 3150 5083; x_wconf 80' lang='grc' dir='ltr'>χρήμασιν,</span> <span class='ocrx_word' id='word_1_860' title='bbox 3172 5012 3308 5066; x_wconf 84' lang='grc' dir='ltr'>ἀλλά</span> <span class='ocrx_word' id='word_1_861' title='bbox 3333 5013 3539 5069; x_wconf 88' lang='grc' dir='ltr'>πίστει.</span> 
     </span>
    </p>
   </div>
   <div class='ocr_carea' id='block_1_114' title="bbox 1959 5100 3541 5175">
    <p class='ocr_par' dir='ltr' id='par_1_114' title="bbox 1959 5100 3541 5175">
     <span class='ocr_line' id='line_1_114' title="bbox 1959 5100 3541 5175; baseline -0.003 -13"><span class='ocrx_word' id='word_1_862' title='bbox 1959 5111 2025 5162; x_wconf 81' lang='grc' dir='ltr'>Ὢ</span> <span class='ocrx_word' id='word_1_863' title='bbox 2052 5107 2181 5172; x_wconf 79' lang='grc' dir='ltr'>λαδς</span> <span class='ocrx_word' id='word_1_864' title='bbox 2214 5103 2677 5175; x_wconf 84' lang='grc' dir='ltr'>φιλοδιδάσκαλος,</span> <span class='ocrx_word' id='word_1_865' title='bbox 2705 5101 2751 5155; x_wconf 84' lang='grc' dir='ltr'><strong>ὣ</strong></span> <span class='ocrx_word' id='word_1_866' title='bbox 2775 5101 2900 5164; x_wconf 79' lang='grc' dir='ltr'>λαὸς</span> <span class='ocrx_word' id='word_1_867' title='bbox 2927 5100 3263 5172; x_wconf 88' lang='grc' dir='ltr'>φιλοπάτωρ,</span> <span class='ocrx_word' id='word_1_868' title='bbox 3293 5104 3541 5172; x_wconf 87' lang='grc' dir='ltr'>μακαρία</span> 
     </span>
    </p>
   </div>
   <div class='ocr_carea' id='block_1_115' title="bbox 1957 5188 3545 5266">
    <p class='ocr_par' dir='ltr' id='par_1_115' title="bbox 1957 5188 3545 5266">
     <span class='ocr_line' id='line_1_115' title="bbox 1957 5188 3545 5266; baseline -0.003 -17"><span class='ocrx_word' id='word_1_869' title='bbox 1957 5197 1991 5266; x_wconf 87' lang='grc' dir='ltr'>ἡ</span> <span class='ocrx_word' id='word_1_870' title='bbox 2018 5194 2194 5259; x_wconf 88' lang='grc' dir='ltr'>πόλις,</span> <span class='ocrx_word' id='word_1_871' title='bbox 2227 5194 2288 5246; x_wconf 89' lang='grc' dir='ltr'>οὐ</span> <span class='ocrx_word' id='word_1_872' title='bbox 2318 5191 2409 5246; x_wconf 87' lang='grc' dir='ltr'>διὰ</span> <span class='ocrx_word' id='word_1_873' title='bbox 2436 5192 2623 5253; x_wconf 89' lang='grc' dir='ltr'>κίονας</span> <span class='ocrx_word' id='word_1_874' title='bbox 2652 5190 2745 5243; x_wconf 77' lang='grc' dir='ltr'>καί</span> <span class='ocrx_word' id='word_1_875' title='bbox 2773 5188 3010 5261; x_wconf 87' lang='grc' dir='ltr'>χρυσοῦν</span> <span class='ocrx_word' id='word_1_876' title='bbox 3035 5188 3253 5260; x_wconf 77' lang='grc' dir='ltr'>ὄροφον,</span> <span class='ocrx_word' id='word_1_877' title='bbox 3282 5189 3418 5243; x_wconf 83' lang='grc' dir='ltr'>ἀλλά</span> <span class='ocrx_word' id='word_1_878' title='bbox 3455 5191 3545 5244; x_wconf 83' lang='grc' dir='ltr'>διὰ</span> 
     </span>
    </p>
   </div>
   <div class='ocr_carea' id='block_1_116' title="bbox 1958 5272 3546 5351">
    <p class='ocr_par' dir='ltr' id='par_1_116' title="bbox 1958 5272 3546 5351">
     <span class='ocr_line' id='line_1_116' title="bbox 1958 5272 3546 5351; baseline -0.004 -18"><span class='ocrx_word' id='word_1_879' title='bbox 1958 5280 2060 5351; x_wconf 86' lang='grc' dir='ltr'>τὴν</span> <span class='ocrx_word' id='word_1_880' title='bbox 2087 5277 2361 5350; x_wconf 81' lang='grc' dir='ltr'>ὑμετέραν</span> <span class='ocrx_word' id='word_1_881' title='bbox 2402 5275 2629 5346; x_wconf 89' lang='grc' dir='ltr'>ἀρετὴν.</span> <span class='ocrx_word' id='word_1_882' title='bbox 2675 5272 2950 5326; x_wconf 86' lang='grc' dir='ltr'>Τοσαῦται</span> <span class='ocrx_word' id='word_1_883' title='bbox 2997 5272 3061 5326; x_wconf 86' lang='grc' dir='ltr'>αἱ</span> <span class='ocrx_word' id='word_1_884' title='bbox 3096 5272 3410 5337; x_wconf 74' lang='grc' dir='ltr'>ἐπιϐουλαὶ,</span> <span class='ocrx_word' id='word_1_885' title='bbox 3451 5275 3546 5326; x_wconf 75' lang='grc' dir='ltr'>καὶ</span> 
     </span>
    </p>
   </div>
   <div class='ocr_carea' id='block_1_117' title="bbox 1960 5359 3544 5437">
    <p class='ocr_par' dir='ltr' id='par_1_117' title="bbox 1960 5359 3544 5437">
     <span class='ocr_line' id='line_1_117' title="bbox 1960 5359 3544 5437; baseline -0.005 -17"><span class='ocrx_word' id='word_1_886' title='bbox 1960 5368 2019 5422; x_wconf 87' lang='grc' dir='ltr'>αἱ</span> <span class='ocrx_word' id='word_1_887' title='bbox 2067 5367 2223 5437; x_wconf 74' lang='grc' dir='ltr'>εὐχαὶ</span> <span class='ocrx_word' id='word_1_888' title='bbox 2265 5364 2421 5435; x_wconf 82' lang='grc' dir='ltr'>ὑμῶν</span> <span class='ocrx_word' id='word_1_889' title='bbox 2462 5361 2756 5432; x_wconf 85' lang='grc' dir='ltr'>ἐνίκησαν·</span> <span class='ocrx_word' id='word_1_890' title='bbox 2808 5360 2902 5423; x_wconf 76' lang='grc' dir='ltr'>καὶ</span> <span class='ocrx_word' id='word_1_891' title='bbox 2947 5359 3094 5429; x_wconf 90' lang='grc' dir='ltr'>μάλα</span> <span class='ocrx_word' id='word_1_892' title='bbox 3141 5360 3403 5422; x_wconf 90' lang='grc' dir='ltr'>εἰκότως·</span> <span class='ocrx_word' id='word_1_893' title='bbox 3449 5362 3544 5412; x_wconf 74' lang='grc' dir='ltr'>καὶ</span> 
     </span>
    </p>
   </div>
   <div class='ocr_carea' id='block_1_118' title="bbox 1960 5447 3547 5528">
    <p class='ocr_par' dir='ltr' id='par_1_118' title="bbox 1960 5447 3547 5528">
     <span class='ocr_line' id='line_1_118' title="bbox 1960 5447 3547 5528; baseline -0.005 -18"><span class='ocrx_word' id='word_1_894' title='bbox 1960 5458 2071 5528; x_wconf 81' lang='grc' dir='ltr'>γὰρ</span> <span class='ocrx_word' id='word_1_895' title='bbox 2104 5456 2344 5515; x_wconf 86' lang='grc' dir='ltr'>ἐκτενεῖς</span> <span class='ocrx_word' id='word_1_896' title='bbox 2364 5447 2504 5524; x_wconf 82' lang='grc' dir='ltr'>ἦσαν</span> <span class='ocrx_word' id='word_1_897' title='bbox 2548 5451 2606 5505; x_wconf 91' lang='grc' dir='ltr'>αἱ</span> <span class='ocrx_word' id='word_1_898' title='bbox 2639 5449 2798 5520; x_wconf 70' lang='grc' dir='ltr'>εὐχαὶ</span> <span class='ocrx_word' id='word_1_899' title='bbox 2821 5489 2837 5513; x_wconf 93' lang='grc'>,</span> <span class='ocrx_word' id='word_1_900' title='bbox 2871 5448 2967 5503; x_wconf 81' lang='grc' dir='ltr'>καὶ</span> <span class='ocrx_word' id='word_1_901' title='bbox 3008 5449 3063 5501; x_wconf 92' lang='grc' dir='ltr'>αἱ</span> <span class='ocrx_word' id='word_1_902' title='bbox 3105 5449 3279 5520; x_wconf 86' lang='grc' dir='ltr'>πηγαὶ</span> <span class='ocrx_word' id='word_1_903' title='bbox 3313 5448 3426 5501; x_wconf 90' lang='grc' dir='ltr'>τῶν</span> <span class='ocrx_word' id='word_1_904' title='bbox 3453 5448 3547 5502; x_wconf 91' lang='grc' dir='ltr'>δα-</span> 
     </span>
    </p>
   </div>
   <div class='ocr_carea' id='block_1_119' title="bbox 1963 5532 3542 5617">
    <p class='ocr_par' dir='ltr' id='par_1_119' title="bbox 1963 5532 3542 5617">
     <span class='ocr_line' id='line_1_119' title="bbox 1963 5532 3542 5617; baseline -0.008 -16"><span class='ocrx_word' id='word_1_905' title='bbox 1963 5545 2146 5617; x_wconf 88' lang='grc' dir='ltr'>κρύων</span> <span class='ocrx_word' id='word_1_906' title='bbox 2184 5542 2468 5614; x_wconf 77' lang='grc' dir='ltr'>ἐπέρρεον.</span> <span class='ocrx_word' id='word_1_907' title='bbox 2510 5541 2739 5593; x_wconf 86' lang='grc' dir='ltr'>Ἐκεῖνοι</span> <span class='ocrx_word' id='word_1_908' title='bbox 2792 5537 2943 5609; x_wconf 82' lang='grc' dir='ltr'>βέλη,</span> <span class='ocrx_word' id='word_1_909' title='bbox 2977 5537 3137 5608; x_wconf 82' lang='grc' dir='ltr'>ὑμεῖς</span> <span class='ocrx_word' id='word_1_910' title='bbox 3183 5534 3239 5589; x_wconf 85' lang='grc' dir='ltr'>δὲ</span> <span class='ocrx_word' id='word_1_911' title='bbox 3289 5532 3502 5609; x_wconf 86' lang='grc' dir='ltr'>δάκρυα</span> <span class='ocrx_word' id='word_1_912' title='bbox 3526 5554 3542 5569; x_wconf 70' lang='grc' dir='ltr'><strong>υ</strong></span> 
     </span>
    </p>
   </div>
   <div class='ocr_carea' id='block_1_120' title="bbox 1963 5621 3542 5702">
    <p class='ocr_par' dir='ltr' id='par_1_120' title="bbox 1963 5621 3542 5702">
     <span class='ocr_line' id='line_1_120' title="bbox 1963 5621 3542 5702; baseline -0.007 -14"><span class='ocrx_word' id='word_1_913' title='bbox 1963 5631 2393 5702; x_wconf 76' lang='grc' dir='ltr'>ἐκεῖνοιθυμὸν,</span> <span class='ocrx_word' id='word_1_914' title='bbox 2429 5629 2589 5699; x_wconf 83' lang='grc' dir='ltr'>ὑμεῖς</span> <span class='ocrx_word' id='word_1_915' title='bbox 2629 5625 2686 5681; x_wconf 81' lang='grc' dir='ltr'>δὲ</span> <span class='ocrx_word' id='word_1_916' title='bbox 2718 5625 3029 5697; x_wconf 81' lang='grc' dir='ltr'>πραΰτητα.</span> <span class='ocrx_word' id='word_1_917' title='bbox 3065 5625 3131 5676; x_wconf 77' lang='grc' dir='ltr'>Ὀ</span> <span class='ocrx_word' id='word_1_918' title='bbox 3178 5621 3357 5693; x_wconf 87' lang='grc' dir='ltr'>βούλει</span> <span class='ocrx_word' id='word_1_919' title='bbox 3392 5625 3542 5697; x_wconf 61' lang='lat' dir='ltr'>1min-</span> 
     </span>
    </p>
   </div>
   <div class='ocr_carea' id='block_1_121' title="bbox 1964 5710 3541 5793">
    <p class='ocr_par' dir='ltr' id='par_1_121' title="bbox 1964 5710 3541 5793">
     <span class='ocr_line' id='line_1_121' title="bbox 1964 5710 3541 5793; baseline -0.006 -16"><span class='ocrx_word' id='word_1_920' title='bbox 1964 5740 2056 5778; x_wconf 92' lang='grc' dir='ltr'>σον</span> <span class='ocrx_word' id='word_1_921' title='bbox 2075 5738 2088 5752; x_wconf 90' lang='grc'>·</span> <span class='ocrx_word' id='word_1_922' title='bbox 2120 5722 2279 5793; x_wconf 85' lang='grc' dir='ltr'>ὑμεῖς</span> <span class='ocrx_word' id='word_1_923' title='bbox 2319 5716 2569 5789; x_wconf 82' lang='grc' dir='ltr'>εὐχεσθε.</span> <span class='ocrx_word' id='word_1_924' title='bbox 2599 5715 2881 5780; x_wconf 82' lang='grc' dir='ltr'>Κάκεῖνοι,</span> <span class='ocrx_word' id='word_1_925' title='bbox 2904 5713 2955 5767; x_wconf 82' lang='grc' dir='ltr'>οἳ</span> <span class='ocrx_word' id='word_1_926' title='bbox 2981 5710 3292 5779; x_wconf 81' lang='grc' dir='ltr'>ἀντέλεγον,</span> <span class='ocrx_word' id='word_1_927' title='bbox 3322 5710 3408 5767; x_wconf 77' lang='grc' dir='ltr'>πο²</span> <span class='ocrx_word' id='word_1_928' title='bbox 3470 5711 3541 5773; x_wconf 64' lang='lat' dir='ltr'>iv.</span> 
     </span>
    </p>
   </div>
   <div class='ocr_carea' id='block_1_122' title="bbox 2028 5847 2789 5906">
    <p class='ocr_par' dir='ltr' id='par_1_122' title="bbox 2028 5847 2789 5906">
     <span class='ocr_line' id='line_1_122' title="bbox 2028 5847 2789 5906; baseline -0.008 0"><span class='ocrx_word' id='word_1_929' title='bbox 2028 5860 2055 5888; x_wconf 75' lang='grc'>⁸</span> <span class='ocrx_word' id='word_1_930' title='bbox 2074 5856 2162 5906; x_wconf 76' lang='lat' dir='ltr'>llic</span> <span class='ocrx_word' id='word_1_931' title='bbox 2189 5860 2358 5905; x_wconf 79' lang='lat' dir='ltr'>lcxlus</span> <span class='ocrx_word' id='word_1_932' title='bbox 2381 5852 2578 5904; x_wconf 67' lang='lat' dir='ltr'>Graecus</span> <span class='ocrx_word' id='word_1_933' title='bbox 2603 5847 2789 5901; x_wconf 78' lang='lat' dir='ltr'>deﬁcit.</span> 
     </span>
    </p>
   </div>
  </div>
