4036 6382
535 394 643 450 MS

1296 389 1352 444 S.
1392 336 1677 444 JOAi‘JNlS
1712 372 2210 439 CHRYSOSTOII
2249 373 2576 432 ARCHIEP.
2617 374 3173 459 CONSTANTINOP.

3696 371 3807 432 M6

531 513 707 571 είσιν;
750 504 933 559 ’Ὀπλα
974 502 1338 571 ὲκινήσαμεν;
1377 496 1453 569 μὴ
1500 496 1631 563 τόξα
1676 493 1993 563 ὲτείναμενς
2033 485 2110 558 μὴ
2214 485 2278 536 Οἱ
2334 485 2521 557 ἐχθροὶ
2567 485 2845 555 πανταχοῦ
2895 484 3194 557 περιῄεσαν
3240 480 3433 535 δίκτυα
3472 480 3808 550 ἀπλοΰντες,

530 590 684 666 [429]
715 590 843 661 βέλη
884 589 1211 659 ἀφήκαμεν;
1253 580 1574 666 Εὗχὸμεθα,
1598 579 1853 666 κάκεῖνοι.
1877 574 2110 666 ἔφυγον·

530 656 607 738 ῖῦς
635 656 746 745 γάρ
788 656 998 743 ἀράχνη
1027 656 1447 737 διεσπάσθησαν,
1492 664 1588 717 καὶ
1623 662 1780 745 ὑμεῖς
1824 656 2111 745 ὼς-πέτρα

531 737 839 827 ἑστήκατεί
857 737 1142 823 Μακάριος
1185 748 1296 818 ἐγὼ
1338 748 1406 802 δι’
1449 748 1618 817 ὑμᾶς.
1650 744 1836 817 ’ᾘδειν
1871 740 1971 827 μέν

528 821 662 912 πρὸ-
684 839 877 893 τούτου
908 821 1096 909 ήλίκον
1137 835 1247 906 ἔχω
1287 832 1541 895 πλοῦτον,
1576 828 1865 912 ἐθαύμασα
1905 825 1975 912 δὲ⁸
2013 821 2112 912 καὶ

528 906 643 979 νύν.
675 924 873 995 Πόῤῥω
918 906 1103 992 ήμην,
1150 918 1245 972 καὶ
1278 915 1436 980 πόλις
1491 910 1844 985 μετῳκίζετο.
1898 909 1977 961 Δι’
2013 906 2111 995 Eva

523 990 813 1079 ἄνθρωπόν
854 1005 919 1059 τὸ
942 990 1201 1071 ⁷πέλαγος
1233 1000 1388 1065 πόλις
1432 998 1664 1069 ἐγίνετο.
1704 995 1987 1079 Γυναῖκες,
2017 990 2113 1044 άν-

521 1077 669 1163 δρες,
687 1088 879 1145 παιδία
904 1086 1062 1161 ἀωρα
1085 1085 1185 1157 τὴν
1206 1083 1725 1163 ήλικίαν,γυναίκες-
1743 1077 2109 1163 βαστάζουσαι

522 1156 732 1237 παιδία,
765 1156 1119 1242 κατετόλμων
1144 1156 1423 1237 πελάγους
1439 1205 1457 1232 ,
1486 1161 1900 1237 κατεφρόνησαν
1924 1156 2107 1230 κυμά-

521 1275 649 1312 των.
684 1257 764 1310 οὐ
791 1254 977 1317 δοῦλος
1004 1250 1263 1307 ἐδεδοίκει
1297 1249 1588 1321 δεσπότην,
1621 1248 1685 1301 οὐ
1713 1246 1852 1317 γυνὴ
1879 1244 1981 1315 τῆς
2002 1258 2108 1312 φυο

524 1345 686 1416 σικῆς
717 1343 1008 1404 ἀσθενείας
1045 1340 1346 1413 ἐμέμνητο.
1370 1338 1602 1408 Γέγονεν
1629 1337 1665 1407 ή
1689 1332 1869 1408 ἀγορά
1905 1328 2108 1401 ἔκκλη-

526 1435 638 1498 σία,
671 1433 744 1487 τά
778 1427 1059 1501 πανταχοῦ
1096 1429 1167 1483 δι’
1202 1429 1370 1499 ἡμᾶς.
1394 1425 1531 1479 Τίνα
1568 1424 1680 1495 γάρ
1711 1422 1813 1476 οὐκ
1857 1417 2110 1474 ἐπαιδεύ-

526 1539 690 1590 σατε;
720 1519 975 1575 Βασιλίδα
1003 1517 1444 1589 συγχορεύουσαν
1467 1513 1690 1569 ἐλάϐετε
1708 1511 1805 1565 ὀὐ
1835 1510 1947 1581 γὰρ
1977 1509 2110 1562 ἁπο-

527 1609 807 1682 κρύψομαι
842 1607 933 1661 τὸν
977 1606 1138 1676 ζῆλον
1167 1605 1357 1676 αὐτῆς.
1400 1603 1477 1657 Οὐ
1512 1600 1759 1674 βασιλίδα
1792 1596 2108 1654 κολακεύων

527 1696 698 1750 ταῦτα
730 1696 892 1765 λέγω,
921 1694 1036 1748 ἀλλ’
1066 1690 1350 1746 εὐσέϐειαν
1376 1688 1696 1761 θεραπεύων
1714 1701 1728 1717 ·
1757 1684 1821 1739 οὐ
1846 1684 1957 1756 γὰρ
1976 1683 2109 1736 ἀπο·

527 1784 806 1855 κρύψομαι
857 1781 1029 1852 αὐτῆς
1070 1781 1162 1835 τὸν
1209 1778 1389 1851 ζῆλον.
1433 1778 1510 1832 Οὐ
1544 1776 1654 1847 γάρ
1699 1773 1839 1828 ὅπλα
1880 1769 2103 1837 ἔλαϐεν,

525 1870 661 1925 ἀλλά
708 1869 1112 1941 κατορθώματα
1160 1866 1387 1937 ἀρετῆς.
1444 1861 1766 1935 Ἀπηγόμην
1803 1859 1959 1926 τότε,
1991 1858 2105 1913 ῐστε

526 1956 664 2022 πῶς.
694 1959 789 2011 Δεῖ
832 1956 943 2029 γάρ
987 1956 1083 2010 καὶ
1128 1952 1350 2025 λυπηρά
1393 1951 1600 2018 εἰπεῖν,
1650 1949 1738 2003 ἵνα
1789 1946 1998 2022 μάθητε
2036 1944 2106 1999 τά

526 2045 771 2117 χρηστά·
824 2043 964 2099 ἀλλὰ
1015 2040 1227 2114 μάθητε
1278 2039 1395 2103 πῶς
1447 2038 1779 2111 ἀπηγόμην,
1839 2036 1933 2090 καὶ
1984 2032 2106 2098 πῶς

525 2130 849 2203 ἐπανῆλθον.
888 2133 954 2184 Ol
986 2130 1342 2199 σπείροντες
1366 2126 1438 2181 ἐν
1468 2124 1787 2195 δάκρυσιν,
1823 2122 1895 2178 ὲν
1923 2121 2108 2194 ἀγαλ-

520 2221 723 2276 λιάσει
780 2220 1068 2289 θεριοῦσι.
1132 2218 1532 2288 Πορευόμενοι
1586 2213 1945 2282 ἐπορεύοντο
2003 2209 2106 2266 καί

521 2309 790 2373 ἔκλαιον,
824 2307 1172 2374 βάλλοντες
1214 2304 1289 2359 τὰ
1319 2303 1632 2373 σπέρματα
1654 2299 1889 2356 αὐτῶν·
1927 2299 2105 2370 ἐρχό-

518 2414 691 2466 μενοι
736 2396 806 2451 δὲ
857 2396 1120 2464 ἥξουσιν
1168 2394 1240 2449 ἐν
1285 2390 1649 2464 ἀγαλλιάσει
1665 2430 1681 2457 ,
1722 2390 1995 2459 αῑροντες
2032 2387 2108 2444 τὰ

521 2487 830 2558 δράγματα
860 2487 1079 2542 αὐτῶν.
1116 2482 1306 2541 Ταῦτα
1347 2482 1421 2537 τά
1454 2484 1678 2556 ῥήματα
1716 2481 1936 2551 ὶγένετο
1958 2480 2103 2552 πρά-

523 2591 731 2646 γματα.
769 2574 905 2630 Μετ’
938 2571 1292 2645 εὐχαριστίας
1318 2568 1652 2635 ὑπεδέξασθε
1675 2568 1736 2624 δν
1775 2566 2105 2640 ὀδυνώμενοι

524 2662 937 2736 προπέμψατε.
966 2662 1078 2715 Καὶ
1098 2659 1220 2715 οὐδὲ
1244 2660 1303 2713 έν
1340 2656 1538 2731 μακρῷ
1562 2658 1739 2729 χρόνῳ
1757 2673 1772 2687 ·
1804 2655 1943 2729 μετά
1971 2654 2105 2727 μίαν

523 2752 741 2824 ἡμέραν
784 2751 966 2806 πάντα
1015 2749 1199 2821 ἐλύθη.
1240 2749 1351 2803 Καὶ
1381 2746 1490 2820 γάρ
1523 2750 1559 2820 ἡ
1599 2745 1839 2818 ἀναϐολὴ
1881 2746 2109 2816 ἀγένετο

521 2844 591 2898 δι’
617 2844 782 2915 ὑμᾶς,
816 2843 940 2896 ἐπεὶ
972 2844 1001 2896 ό
1029 2841 1163 2904 Θεὸς
1190 2840 1250 2905 ἐξ
1275 2839 1451 2912 ἀρχῆς
1476 2837 1656 2892 ἔλυσε.

592 2933 635 2987 δ’
642 2933 820 3001 ,Λέγω
841 2932 972 3002 ὑμῖν
994 2931 1058 2984 τὸ
1080 2929 1411 3002 ἀπόρρητον.
1458 2925 1833 3000 Ἐπεραιώθην
1854 2927 1917 2981 τὸ
1940 2926 2105 2982 πέλα-

521 3038 618 3090 γος
654 3020 813 3092 μόνος
844 3018 945 3091 τὴν
982 3016 1310 3089 Ἐκκλησίαν
1347 3014 1633 3087 βαστάζων
1652 3031 1667 3044 ·
1696 3014 1731 3086 ή
1761 3014 1871 3087 γάρ
1911 3015 2104 3087 ἀγάπη

519 3111 582 3163 οὐ
614 3108 916 3161 στενοῦται.
940 3105 1056 3160 Οὐκ
1072 3104 1490 3174 ὲστενοχωρεϊτο
1519 3102 1581 3156 τὸ
1610 3100 1826 3155 πλοῖον·
1859 3103 1943 3157 Οὐ
1964 3117 2101 3157 στε-

518 3193 880 3263 νοχωρεῖσθε
907 3191 1018 3264 γὰρ
1040 3192 1110 3245 ἐν
1138 3190 1303 3261 ἡμῖν.
1342 3188 1564 3261 Ἀπῄειν
1584 3188 1653 3245 τά
1679 3188 1923 3260 ὑμέτερα
1949 3204 2105 3262 μερι-

525 3284 696 3356 μνῶν,
722 3280 1128 3353 κεχωρισμένος
1170 3278 1269 3350 μὲν
1301 3276 1381 3349 τῷ
1411 3276 1644 3349 σώματι,
1672 3277 2018 3349 συνημμένος
2044 3278 2103 3332 δὲ

520 3374 591 3443 τῇ
620 3369 846 3441 γνώμῃ·
882 3367 1079 3439 ἀπῄειν
1110 3366 1202 3420 τὸν
1231 3364 1367 3419 Θεὸν
1400 3363 1754 3436 παρακαλῶν,
1788 3365 1884 3418 καὶ
1921 3380 2105 3438 παρα-

521 3457 947 3528 κατατιθέμενος
985 3453 1141 3525 ὐμῶν
1168 3452 1268 3525 τὴν
1307 3451 1561 3523 ἀγάπην·
1597 3450 1817 3524 ἀπῄειν,
1846 3452 2105 3519 ἐκαθεζό-

524 3563 635 3618 μην
666 3545 823 3616 μόνος
844 3543 913 3597 τὰ
952 3543 1194 3615 ὑμέτερα
1234 3539 1534 3614 μεριμνῶν,
1564 3538 1950 3612 βουλευόμενος
1972 3543 2104 3614 περὶ

521 3634 832 3707 ἀποδημίας
1093 3629 1314 3702 Ἀθρόον
1342 3628 1552 3700 ἀωρίας
1588 3627 1888 3701 γενομένης
1927 3630 2102 3702 γράμ.

525 3740 672 3795 ματα
720 3721 965 3792 επεμψεν
1009 3721 1044 3790 ἡ
1095 3716 1482 3789 θεοφιλεστάτη
1515 3716 1655 3789 αὕτη
1698 3719 1756 3771 ἐν
1791 3720 1858 3791 τῇ
1907 3718 2099 3794 πρώτῃ

520 3812 728 3885 ἡμέρᾳ,
763 3810 938 3864 ταῦτα
984 3808 1218 3877 λέγουσα
1260 3805 1329 3861 τά
1368 3806 1593 3877 ῥήματα
1632 3803 1752 3874 (δεῖ
1779 3806 1890 3877 γάρ
1925 3807 2101 3879 αὐτῆς

523 3903 619 3956 καὶ
655 3901 726 3956 τὰ
758 3901 981 3972 ῥήματα
1014 3894 1252 3966 εἰπεῖν)·
1296 3894 1393 3963 Μὴ
1429 3894 1655 3966 νομίσῃ
1692 3911 1810 3949 σου
1851 3896 1889 3964 ἠ
1928 3896 2101 3967 ἀγιω.

519 3989 679 4058 σύνη
708 3987 799 4043 δτι
827 3987 1021 4059 ἔγνων
1057 3985 1131 4040 τὰ
1166 3981 1552 4055 γεγενημένα.
1584 3981 1793 4050 Ἇθῶος
1823 3983 1939 4054 ἐγὼ
1977 3984 2099 4041 ἀπὸ

518 4077 627 4133 τοῦ
675 4075 923 4148 αἵματός
988 4087 1127 4129 σου.
1183 4073 1507 4139 Ἄνθρωποι
1569 4068 1821 4139 πονηροί
1870 4070 1969 4125 καί
2012 4070 2101 4125 δι-

522 4161 876 4237 εφθαρμένοι
912 4160 1140 4227 ταύτην
1187 4157 1303 4227 τὴν
1338 4157 1628 4227 μηχανὴν
1652 4156 2094 4213 διεσκεύασαν·

520 4253 639 4308 τῶν
663 4251 732 4305 δὲ
774 4249 932 4319 ἐμῶν
964 4245 1239 4315 δακρύων
1264 4242 1495 4314 μάρτυς
1520 4246 1554 4299 ὁ
1589 4238 1750 4310 Θεὸς,
1797 4237 1845 4311 ᾧ
1870 4246 2094 4315 ἱερεύω.

519 4343 651 4396 (ιῖαν
683 4337 916 4407 σπονδὴν
943 4335 1159 4405 ἐξέχεε;
1200 4331 1270 4386 τὰ
1299 4331 1409 4404 γὰρ
1436 4330 1649 4403 δάκρυα
1691 4331 1863 4403 αὐτῆς
1895 4333 2095 4407 σπονδὴ

517 4428 758 4500 ἐγένετο.
804 4419 880 4496 ’ῼ
928 4422 1150 4491 ἱερεύω.
1193 4420 1261 4473 Ἦ
1325 4418 1533 4491 ἱέρεια,
1587 4419 2098 4494 αὐτοχειροτόνητος

517 4520 719 4574 θύουσα
755 4514 834 4587 τῷ
867 4512 987 4584 Θεῷ
1013 4512 1107 4565 καὶ
1137 4508 1439 4564 σπένδουσα
1469 4508 1681 4580 δάκρυα
1714 4510 1809 4564 καὶ
1845 4508 2098 4582 ἐξομολό-

516 4625 678 4681 γησιν
716 4604 811 4661 καὶ
862 4601 1173 4677 μετάνοιαν,
1207 4598 1307 4669 οὐχ
1358 4596 1500 4668 ὑπὲρ
1531 4597 1753 4669 ἱερέως,
1795 4597 1913 4652 ἀλλ’
1955 4600 2096 4672 ὑπὲρ

527 4696 876 4765 ἐκκλησὶας,
907 4690 1050 4763 ὑπὲρ
1082 4687 1257 4761 δήμου
1297 4686 1722 4759 διεσπαρμένον.
1753 4686 2093 4757 Ἐμέμνητο,

518 4783 812 4854 ἐμέμνητο
842 4782 941 4835 καὶ
964 4777 1084 4834 τῶν
1110 4776 1365 4832 παιδίων
1388 4775 1486 4829 καί
1514 4774 1623 4829 τοῦ
1647 4774 2091 4846 βαπτίσματος.

517 4868 822 4944 Μέμνημαι
845 4867 927 4921 ὅτι
952 4866 1044 4919 διὰ
1070 4864 1179 4918 τῶν
1201 4863 1402 4935 χειρῶν
1432 4860 1543 4915 τῶν
1572 4860 1680 4914 σῶν
1707 4861 1775 4916 τὰ
1809 4864 1998 4918 παιδία
2026 4863 2097 4917 τά

519 4960 629 5032 qm
657 4955 982 5026 ὶϐαπτίσθη.
1012 4954 1200 5009 Ταῦτα
1226 4955 1261 5025 ή
1285 4952 1599 5023 βασίλισσα·
1624 4952 1674 5005 οἱ
1696 4952 1753 5005 δὲ
1775 4954 1940 5025 ἱερεῖς
1964 4953 2095 5025 περὶ

519 5049 715 5118 φθόνου
737 5058 764 5086 ι
791 5045 991 5107 πάντες
1017 5042 1247 5112 ἠγνόουν
1282 5040 1343 5095 τὸ
1377 5039 1600 5112 χωρίον,
1638 5038 1768 5094 ἔνθα
1810 5041 2092 5096 κατέλυον.

519 5138 630 5191 Καὶ
655 5133 718 5188 τὸ
766 5130 833 5204 δὴ
881 5129 1193 5201 θαυμαστὸν
1224 5129 1422 5194 εἰπεῖν,
1472 5128 1655 5199 ἐκείνη
1702 5128 1803 5198 μὲν
1828 5129 1905 5194 ώς
1952 5128 2094 5203 ὑπὲρ

515 5227 706 5277 τέκνου
734 5221 1015 5291 τρέμουσα
1052 5215 1271 5287 περιῄει
1303 5215 1604 5287 πανταχοῦ,
1642 5216 1702 5269 οὐ
1731 5215 1809 5287 τῷ
1858 5216 2095 5289 σώματι,

519 5311 653 5366 ἀλλά
685 5312 753 5381 τῇ
778 5308 893 5378 ·ἱδίᾳ
929 5307 1123 5376 πομπῇ
1150 5302 1260 5356 τῶν
1296 5302 1664 5374 στρατιωτῶν.
1695 5300 1845 5375 [430]
1879 5306 1954 5359 Οὐ
1984 5306 2096 5379 γάρ

517 5398 815 5467 κατείληφε
843 5395 905 5449 τὸ
930 5393 1149 5465 χωρίον,
1178 5388 1308 5443 ἔνθα
1329 5390 1534 5461 διῆγον.
1567 5392 1851 5462 Πανταχοῦ
1878 5394 2094 5465 ἔπεμπε

519 5485 840 5558 μεριμνῶσα
873 5483 950 5553 μὴ
993 5477 1352 5550 δολοφονηθῇ,
1395 5479 1471 5551 μὴ
1503 5480 1793 5552 ἀναιρεθῇ,
1835 5480 1928 5535 καὶ
1959 5485 2095 5535 ἀπο-

516 5576 764 5645 λέσωμεν
784 5574 845 5627 τὸ
872 5575 1116 5645 θήραμα.
1150 5570 1321 5627 Τοῦτο
1349 5568 1532 5640 μόνον,
1552 5573 1647 5624 καὶ
1672 5571 1741 5624 τὰ
1772 5573 1903 5642 παρ’
1929 5575 2094 5645 ἐμαυ-

518 5662 619 5730 τῆς
650 5661 1014 5731 ἐπιδείκνυμι.
1046 5659 1202 5733 Ζητῶ
1227 5658 1409 5732 μόνον,
1454 5657 1549 5711 καὶ
1584 5660 1645 5711 οὐ
1695 5662 2090 5731 περιγίνονται.

570 5826 607 5858 ’⁸
631 5832 777 5880 Forte
801 5836 924 5895 παρὰ
946 5838 1118 5900 φθόνον.
1154 5838 1328 5889 Facilis
1349 5836 1559 5888 mutalio
1576 5836 1659 5885 τοῦ
1688 5837 1812 5899 παρά
1838 5839 1888 5887 in
1910 5838 2027 5901 περί.

2217 574 2307 626 ἵνα
2342 572 2550 628 λάϐωσι
2579 576 2675 629 καὶ
2706 573 3134 642 ὲπαναγάγωσιν
3176 571 3258 634 είς
3298 569 3398 633 τὰς
3430 570 3666 625 ἐκείνων
3697 574 3812 642 χει-

2222 679 2341 732 ρας.
2372 657 2507 717 Εἶτα
2550 662 2647 718 καὶ
2687 661 3012 734 παρεκάλει,
3053 659 3151 713 καὶ
3178 658 3286 711 τῶν
3321 658 3567 726 γονάτων
3598 659 3814 729 ἥπτετο

2215 749 2327 804 τῶν
2377 749 2708 821 βασιλικῶν,
2763 748 3021 803 κοινωνὸν
3072 746 3165 801 τὸν
3201 745 3373 816 ἄνδρα
3424 746 3665 800 ποιοῦσα
3716 746 3811 801 τοῦ

2220 836 2569 909 θηράματος·
2610 836 2911 909 καθάπερό
2945 835 3195 907 ’Δϐραάμ
3219 833 3321 906 τὴν
3357 833 3601 907 Σάρραν.
3633 833 3813 898 οὕτως

2220 925 2361 997 αὐτὴ
2402 926 2494 981 τὸν
2542 924 2733 996 ἀνδρα.
2788 923 3212 995 Ἃπωλέσαμεν,
3258 922 3426 992 φησὶ,
3471 921 3566 977 τὸν
3623 922 3810 993 ίερέα.

2220 1015 2338 1070 ἀλλ’
2371 1015 2832 1084 ἑπαναγάγωμεν.
2878 1013 2995 1067 Οὐκ
3022 1011 3172 1067 ἐστιν
3210 1013 3346 1084 ἡμῖν
3383 1010 3619 1081 οὐδεμία
3653 1011 3813 1074 ὲλπὶς

2219 1105 2317 1177 τῆς
2343 1102 2641 1174 βασιλείας,
2664 1102 2761 1156 έάν
2792 1101 2869 1172 μὴ
2902 1102 3110 1156 ἐκεῖνον
3140 1099 3606 1170 ὲπαναγάγωμεν.
3640 1100 3700 1151 Ἀ
3710 1099 3817 1170 μή-

2218 1208 2381 1264 χανον
2420 1191 2521 1263 ἐμὲ
2550 1189 2876 1260 κοινωνῆσαί
2901 1205 3007 1243 τινι
3036 1185 3145 1242 τῶν
3169 1185 3346 1241 ταῦτα
3369 1186 3778 1259 ἐργασαμένων
3796 1201 3813 1216 ·

2217 1280 2430 1354 δάκρυα
2458 1280 2773 1350 ὲξαφιεῖσα,
2808 1278 2901 1331 τὸν
2931 1276 3065 1331 Θεὸν
3095 1275 3436 1339 ἱκετεύουσα,
3473 1278 3668 1328 πᾶσαν
3704 1293 3812 1345 μη⁸

2219 1369 2388 1439 χανὴν
2446 1365 2889 1437 ἐπιδεικνυμένη.
2951 1365 3095 1418 ἰστε
3144 1364 3239 1417 καὶ
3286 1363 3447 1433 ὑμεῖς
3502 1362 3626 1432 μεθ’
3679 1361 3815 1431 ὅσης

2218 1458 2431 1521 εὐνοίας
2458 1456 2605 1528 ἡμᾶς
2627 1450 2944 1518 ὑπεδέξατο,
2968 1451 3086 1518 πῶς
3110 1451 3505 1523 ὲνηγκαλίσατο
3530 1450 3612 1513 ὡς
3634 1451 3813 1503 οίκεία

2220 1547 2384 1618 μέλη,
2424 1544 2543 1609 πῶς
2584 1541 2705 1615 μεθ’
2752 1540 2908 1614 ὑμῶν
2945 1538 3098 1609 ἔλεγε
3142 1539 3237 1593 καὶ
3275 1537 3415 1609 αὐτή
3453 1537 3808 1600 σπουδάζειν.

2217 1635 2353 1689 Οὐδὲ
2384 1631 2495 1705 γὰρ
2524 1631 2699 1688 ταῦτα
2726 1628 2796 1684 τὰ
2822 1629 3043 1702 ῥήματα
3064 1625 3223 1681 ἔλαθε
3248 1625 3349 1698 τὴν
3377 1624 3811 1695 εὐγνωμοσύνην

2215 1723 2391 1792 ὑμῶν,
2416 1724 2499 1778 ὅτι
2529 1719 2865 1788 ἀπεδέξασθε
2897 1720 2996 1791 τὴν
3026 1716 3242 1790 μητέρα
3282 1714 3394 1770 τῶν
3431 1712 3805 1787 Ἑκκλησιῶν,

2214 1813 2315 1885 τὴν
2360 1812 2562 1884 τροφὸν
2624 1810 2732 1865 τῶν
2773 1806 3115 1880 μοναζόντων
3137 1845 3155 1872 ,
3357 1804 3663 1876 προστάτιν
3697 1804 3809 1857 τῶν

2219 1901 2413 1971 ἁγίων,
2443 1900 2554 1954 τῶν
2584 1896 2819 1969 πτωχῶν
2843 1897 2942 1967 τὴν
2969 1892 3292 1967 βακτηρίαν.
3326 1892 3386 1946 '0
3415 1890 3645 1955 ἔπαινος
3664 1889 3807 1944 ὲκεί-

2215 2007 2315 2061 νης
2337 1988 2466 2055 δόξα
2488 1990 2570 2053 είς
2591 1987 2727 2042 Θεὸν
2754 1986 2987 2055 γίνεται,
3006 1983 3270 2052 στέφανος
3288 1980 3399 2034 τῶν
3437 1980 3804 2052 Ἐκκλησιῶν.

2215 2078 2372 2133 Εἴπω
2399 2077 2604 2149 θερμὸν
2629 2074 2802 2145 αὐτῆς
2820 2073 3017 2141 πόθον;
3045 2073 3187 2127 εῐπω
3214 2069 3529 2141 φιλοτιμίαν
3551 2068 3657 2140 τὴν
3678 2069 3809 2147 περίν

2212 2170 2353 2239 ἐμές
2401 2167 2493 2223 Ἐν
2538 2165 2747 2236 ἑσπέρᾳ
2783 2162 2978 2235 βαθείᾳ
3018 2160 3149 2232 χθὲς
3186 2157 3478 2213 ἀπέστειλε
3508 2156 3693 2212 ταῦτα
3720 2157 3806 2209 λέ-

2209 2268 2382 2326 γουσα
2424 2254 2494 2307 τά
2526 2254 2779 2324 ῥήματα·
2824 2249 2962 2326 Εξίπὲ
3010 2248 3146 2318 πρὸς
3193 2244 3396 2299 αὐτόν·
3438 2247 3473 2317 ή
3513 2244 3655 2315 εὐχή
3702 2261 3804 2314 μου

2212 2310 2885 2414 πεπλήρωτάιῗάπῄτησά
2917 2337 2979 2391 τὸ
3010 2310 3345 2405 κατόρθωμα
3364 2349 3381 2365 ·
3407 2310 3806 2402 ἐστεφανώθην

2218 2429 2420 2502 μᾶλλον
2464 2428 2583 2483 τοῦν
2624 2427 2982 2498 διαδήματος·
3013 2424 3285 2479 ἀπέλαϐον
3320 2423 3413 2478 τὸν
3457 2422 3649 2494 ἱερέα,
3701 2422 3806 2475 ἀπ-

2214 2516 2395 2573 έδωκα
2419 2516 2519 2589 τὴν
2557 2515 2802 2586 κεφαλὴν
2843 2512 2922 2585 τῷ
2951 2512 3187 2585 σώματι,
3226 2511 3319 2566 τὸν
3357 2511 3709 2581 κυϐερνήτην
3733 2510 3801 2581 τῇ

2212 2605 2327 2678 νηῒ,
2346 2606 2439 2660 τὸν
2469 2605 2704 2677 ποιμένα
2729 2603 2796 2675 τῇ
2822 2602 3049 2674 ποίμνῃ,
3069 2600 3160 2655 τὸν
3188 2600 3421 2671 νυμφίον
3444 2602 3513 2671 τῇ
3538 2597 3799 2655 παστάδι.

2288 2714 2351 2770 ε’.
2375 2711 2850 2787 Κατῃσχύνθησαν
2873 2712 2924 2767 οί
2952 2710 3151 2784 μοιχοί.
3194 2708 3322 2765 Ἐἀν
3345 2708 3517 2780 ζήσω,
3536 2707 3641 2763 ἐὰν
3667 2706 3802 2761 ἀπο-

2219 2801 2400 2865 θάνω.
2441 2801 2626 2857 οὐκέτι
2674 2818 2765 2872 μοι
2823 2801 2997 2871 μέλει.
3018 2799 3189 2855 Ἴδετε
3220 2796 3315 2850 τοῦ
3364 2794 3682 2867 πειρασμοῦ
3731 2792 3802 2847 τὰ

2216 2889 2643 2963 κατορθώματα.
2688 2888 2755 2943 Τί
2787 2889 3030 2959 ποιήσω,
3078 2887 3166 2941 ῐνα
3221 2885 3351 2957 ὑμῖν
3397 2882 3556 2949 ἀξίαν
3614 2880 3798 2937 ἀποδῶ

2211 2980 2311 3051 τῆς
2366 2978 2592 3049 ἀγάπης
2624 2976 2724 3048 τήν
2749 2976 2986 3049 ἀμοιϐήν
3013 2993 3030 3042 ;
3076 2973 3262 3040 ’Δξίαν
3307 2972 3406 3045 μὲν
3430 2970 3492 3026 οὐ
3527 2970 3795 3043 δύναμαι,

2209 3071 2278 3142 ἢν
2319 3067 2378 3122 δὲ
2414 3067 2544 3139 ἔχω,
2589 3065 2807 3138 δίδωμι.
2855 3062 3083 3133 Ἀγαπῶ
3130 3061 3364 3132 ἑτοίμως
3408 3060 3472 3115 τὸ
3506 3055 3655 3130 αἷμά
3696 3076 3795 3130 μου

2208 3156 2424 3227 έκχέειν
2466 3154 2609 3225 ὑπὲρ
2644 3153 2745 3223 τῆς
2791 3151 3065 3223 ὑμετέρας
3106 3149 3402 3221 σωτηρίας.
3442 3148 3638 3213 Οὐδεὶς
3683 3148 3833 3218 ἔχει·

2208 3242 2377 3298 τέκνα
2400 3239 2649 3301 τοιαῦτα,
2679 3239 2855 3303 οὐδεὶς
2884 3236 3086 3309 ἀγέλην
3112 3237 3392 3307 τοιαύτην,
3423 3235 3602 3300 οὐδεὶς
3628 3237 3793 3307 άρου-

2209 3346 2312 3404 ραν
2362 3328 2538 3394 οὕτως
2582 3327 2806 3397 εὐθαλῆ.
2848 3326 2925 3380 Οὐ
2975 3324 3136 3398 χρεία
3191 3341 3283 3394 μοι
3320 3323 3631 3394 γεωργίας·
3684 3325 3794 3391 ἐγὼ

2208 3417 2487 3481 καθεύδω,
2525 3417 2622 3471 καὶ
2674 3416 2726 3468 οἱ
2777 3414 3010 3485 στάχυες
3060 3412 3329 3483 κομῶσιν.
3371 3412 3446 3467 Οὐ
3485 3412 3651 3481 χρεία
3700 3428 3793 3482 μοι

2207 3508 2407 3563 πόνου·
2441 3504 2556 3575 ἐγὼ
2597 3490 2890 3576 ἡσυχάζω,
2925 3503 3023 3557 καὶ
3069 3501 3139 3555 τὰ
3183 3500 3431 3572 πρόϐατα
3470 3500 3586 3555 τῶν
3613 3501 3791 3555 λύκων

2206 3595 2601 3669 περιγίνονται.
2623 3593 2689 3647 Τί
2708 3592 2855 3663 ὑμᾶς
2876 3589 3124 3657 καλέσως
3155 3589 3419 3661 πρόϐατα.
3447 3588 3481 3660 ἢ
3500 3589 3789 3660 ποιμένας,

2204 3686 2238 3758 η
2262 3679 2680 3755 κυϐερνήτας,ἢ
2712 3676 3052 3751 στρατιώτας
3081 3679 3177 3731 καὶ⁵
3199 3677 3577 3748 στρατηγούς;
3606 3678 3790 3731 Πάντα

2207 3770 2336 3844 ὑμῖν
2359 3767 2687 3841 δπαληθεύω
2710 3768 2778 3820 τά
2802 3767 3041 3837 ῥήματα.
3067 3763 3237 3818 Ὅταν
3264 3763 3358 3818 ίδω
3381 3764 3481 3836 τὴν
3510 3764 3785 3831 εὐταξίαν,

2204 3861 2457 3934 πρόϐατα
2509 3856 2663 3912 καλῶ
2682 3873 2696 3888 ·
2724 3856 2852 3909 ὅταν
2901 3855 2997 3908 ῐδω
3040 3853 3140 3924 τήν
3197 3852 3472 3924 πρόνοιαν,
3526 3855 3788 3925 ποιμένας

2205 3945 2627 4024 προσαγορεύω·
2657 3945 2786 3998 ὅταν
2813 3942 2909 3997 ἴδω
2937 3942 3040 4014 τὴν
3077 3940 3291 4011 σοφίαν,
3315 3940 3656 4011 κυϐερνήτας
3679 3943 3786 3993 όνο-

2207 4039 2394 4112 μάξω·
2429 4038 2559 4091 ὅταν
2613 4032 2709 4087 ίδω
2759 4030 2862 4103 τὴν
2904 4029 3157 4102 ἀνδρείαν
3194 4030 3289 4082 καὶ
3344 4027 3446 4096 τὴν
3499 4027 3782 4090 εὐτονίαν,

2204 4122 2547 4197 στρατιώτας
2574 4120 2670 4174 καὶ⁵
2700 4118 3042 4191 στρατηγοὺς
3074 4116 3220 4188 ὑμᾶς
3250 4114 3497 4178 ἅπαντας
3532 4116 3699 4184 λέγω.
3724 4114 3786 4168 Ὢ

2205 4217 2388 4280 πόνος,
2405 4212 2451 4268 ὣ
2474 4213 2702 4285 πρόνοια
2728 4207 2860 4264 λαοῦ
2879 4225 2892 4240 ·
2922 4207 3161 4278 ήλάσατε
3182 4206 3308 4269 τοὺς
3334 4206 3660 4268 λύκους,καὶ
3687 4206 3785 4260 οὐκ

2201 4303 2632 4378 ἀμεριμνήσετε.
2686 4298 2749 4352 Ol
2783 4294 2976 4352 ναῦται
3009 4295 3060 4349 οί
3098 4292 3216 4364 μεθ’
3267 4292 3419 4364 ὑμῶν
3470 4293 3597 4347 καθ’
3631 4293 3783 4364 ὑμῶν

2202 4394 2513 4465 γεγόνασιν,
2541 4390 2739 4451 οἵτινες
2771 4384 2863 4440 τὸν
2899 4383 3133 4455 πόλεμον
3154 4382 3233 4454 τῷ
3260 4382 3428 4454 πλοίῳ
3451 4384 3782 4437 κατεσκεύα-

2204 4502 2325 4539 σαν.
2362 4483 2534 4535 Βοᾶτε
2582 4478 2689 4544 ἔξω
2719 4477 2813 4530 τὸν
2858 4473 3061 4544 κλῆρον
3081 4516 3096 4539 ,
3133 4470 3226 4525 καὶ
3277 4470 3433 4525 ἄλλον
3467 4471 3671 4544 κλῆρον
3716 4473 3780 4541 τῇ

2212 4568 2531 4641 Ἐκκλησίᾳ.
2562 4567 2658 4630 Τίς
2696 4562 2855 4638 χρεία
2904 4562 3069 4634 βοῆςς
3116 4558 3412 4631 Ἀπῆλθον,
3448 4562 3542 4614 καὶ
3579 4560 3781 4628 ἀπηλά-

2200 4661 2397 4733 θησαν,
2433 4654 2663 4729 μηδενὸς
2704 4650 2993 4713 διώκοντος
3033 4647 3501 4718 ἐφυγαδεύθησαν.
3543 4650 3621 4702 Οὐ
3660 4665 3779 4700 κατ-

2199 4749 2393 4821 ηγορεῖ
2418 4743 2600 4799 αὐτῶν
2630 4741 2936 4812 ἄνθρωπος,
2958 4737 3095 4792 ἀλλὰ
3114 4737 3176 4790 τὸ
3203 4736 3458 4800 συνειδός.
3479 4738 3549 4790 El
3569 4735 3780 4805 ἐχθρὸς

2198 4831 2471 4891 ὠνείδισέ
2483 4848 2582 4902 με,
2599 4828 2917 4897 ὑπήνεγκα
2938 4825 3115 4879 ἄν.υί
3144 4824 3265 4895 μεθ’
3290 4823 3448 4895 ήμῶν
3477 4823 3602 4878 καθ’
3625 4822 3777 4895 ἡμῶν
3818 4868 3823 4877 .

2199 4924 2523 4995 γεγόνασιν·
2550 4920 2600 4972 οί
2634 4915 2753 4990 μεθ’
2796 4914 2955 4986 ήμῶν
2982 4913 3045 4967 τὸ
3073 4913 3257 4966 πλοῖον
3296 4912 3693 4983 κυϐερνῶντες,
3717 4911 3777 4964 τὸ

2200 5011 2383 5067 πλοῖον
2409 5003 2804 5062 καταποντίσαι
2829 5000 3122 5071 ἠθέλησαν.
3158 4999 3478 5070 Ἐθαύμασα
3502 5000 3656 5069 ὑμῶν
3683 4998 3776 5065 τὴν

2201 5099 2440 5154 σύνεσιν.
2492 5093 2685 5147 Ταῦτα
2731 5088 2881 5162 [εει]
2915 5087 3078 5157 λέγω,
3124 5088 3226 5140 οὑκ
3266 5088 3347 5149 είς
3397 5087 3587 5140 στάσιν
3635 5086 3775 5156 ὑμᾶς

2199 5186 2455 5254 ἀλείφων.
2489 5180 2688 5241 Στάσις
2737 5176 2849 5247 γὰρ
2895 5175 2964 5228 τά
3014 5175 3272 5235 ἐκείνων.
3320 5173 3389 5227 τά
3422 5174 3480 5227 δὲ
3536 5174 3773 5245 ὑμέτερα

2199 5274 2379 5343 ζῆλος.
2414 5270 2490 5323 Οὐ
2528 5267 2640 5337 γάρ
2670 5263 2944 5336 ἠξιώσατε
2986 5263 3186 5325 αὐτοὺς
3217 5260 3595 5331 ἀναιρεθῆναι,
3642 5258 3774 5314 ἀλλὰ

2199 5359 2516 5427 κωλυθῆναι
2545 5354 2707 5408 τοῦτο
2730 5353 2826 5405 καὶ
2861 5349 3004 5421 ὑπὲρ
3029 5347 3206 5419 ὑμῶν,
3234 5348 3333 5400 καὶ
3368 5347 3510 5418 ὑπὲρ
3535 5348 3636 5415 τῆς
3663 5346 3772 5397 Ἐκ.

2199 5446 2453 5518 κλησίας,
2475 5443 2566 5497 ἵνα
2602 5441 2678 5512 μὴ
2705 5438 2868 5492 πάλιν
2910 5435 3238 5507 ὑποϐρύχιος
3273 5435 3521 5505 γένηται.
3562 5436 3623 5486 ἸΙ
3668 5432 3771 5502 γὰρ

2199 5535 2422 5606 ἀνδρεία
2451 5530 2606 5602 ὑμῶν
2633 5529 2736 5582 οὐκ
2755 5528 2938 5597 ἀφῆκε
2969 5525 3226 5594 γενέσθαι
3245 5524 3340 5577 τὸν
3371 5522 3638 5593 χειμῶνα,
3661 5521 3769 5573 ἀλλ’

2198 5627 2232 5696 ή
2263 5622 2457 5694 γνώμη
2490 5619 2715 5672 ἐκείνων
2742 5617 2804 5670 τὸ
2850 5613 3140 5668 κλυδώνιον
3173 5613 3487 5684 εἰργάσατο.
3525 5608 3664 5678 Ἐγὼ
3694 5607 3766 5672 δὲ,

2198 5714 2260 5765 οὐ
2306 5710 2385 5781 τῷ
2421 5707 2606 5769 τέλει,
2659 5704 2795 5757 ἀλλὰ
2845 5704 2912 5773 τῇ
2952 5700 3149 5773 γνώμῃ
3197 5700 3424 5753 ἐκείνων
3469 5697 3765 5765 λογίζομαι.

2203 5800 2519 5870 Ἀνθρωπος
2540 5793 2907 5864 θυσιαστηρίῳ
2934 5809 3005 5844 πα
3016 5808 3070 5862 ρε
3081 5789 3500 5861 στηκὼςβήμου
3522 5782 3768 5841 τοσούτου
