4036 6388
328 396 423 453 H5

330 529 474 581 vero,
501 511 590 582 qui
632 505 993 570 obsistebant,
1022 499 1235 556 ubinam
1266 495 1434 550 sunt?
1459 493 1542 548 An
1571 504 1720 546 arma
1749 485 1925 542 movi-

334 579 485 665 mus?
511 579 578 658 an
628 613 788 656 arcus
835 590 1202 651 intendimus?
1231 604 1299 642 an
1321 586 1429 641 tela
1453 581 1770 640 emisimus?
1794 579 1926 634 Pre-

333 699 604 757 eabamur,
632 701 688 747 et
711 691 789 744 illi
829 686 1104 758 fugiebant
1135 700 1147 734 :
1178 695 1300 734 nam
1341 678 1491 747 quasi
1533 689 1726 729 aranea
1773 669 1932 726 dissi-

338 789 442 860 pati
491 792 638 848 sunt,
683 790 742 837 et
787 793 886 833 vos
931 773 1083 846 quasi
1129 779 1277 842 petra
1320 767 1564 824 stetistis.
1595 765 1789 819 Beatus
1832 776 1933 832 ego

336 855 556 949 propter
600 888 720 928 vos.
765 867 1012 926 Sciebam
1069 873 1126 918 et
1179 869 1336 916 antea
1386 857 1600 927 quantis
1645 855 1938 910 instructus

337 945 516 1028 easem
561 965 779 1027 divitiis,
809 962 864 1018 id
911 969 1090 1015 tamen
1134 967 1274 1010 nunc
1310 952 1533 1006 miratus
1575 963 1715 1002 sum.
1745 945 1938 1002 Procul

340 1077 512 1127 eram,
559 1067 618 1116 et
656 1055 844 1114 civitas
887 1051 994 1106 alio
1019 1043 1457 1103 transferebatur.
1503 1039 1744 1095 Hominis
1780 1037 1940 1092 unius

342 1168 506 1210 causa
556 1151 776 1223 pelagus
815 1146 868 1201 in
895 1143 1163 1200 civitatem
1211 1143 1470 1193 mutatum
1511 1141 1613 1189 est.
1653 1131 1939 1196 Mulieres,

347 1246 472 1313 viri,
507 1220 806 1298 immatura:
851 1235 1027 1292 artatis
1073 1229 1317 1302 parvuli,
1363 1225 1613 1281 mulieres
1654 1220 1944 1278 infantulos

349 1337 652 1408 gestabant,
673 1331 895 1403 pelagus
913 1326 1061 1383 adire
1082 1338 1190 1379 non
1210 1319 1547 1380 dubitabant,
1573 1314 1768 1408 ﬂuctus
1781 1327 1948 1408 Δεικεςιο

353 1403 574 1486 hebant.
601 1425 721 1482 Non
745 1420 1020 1478 metuebat
1045 1416 1233 1470 herum
1257 1425 1469 1477 servus,
1500 1408 1692 1463 mulier
1717 1403 1944 1460 inﬁrmi-

356 1522 479 1576 tatis
504 1533 617 1574 sua
640 1532 746 1571 non
765 1511 1099 1568 meminerat.
1131 1507 1331 1563 Forum
1355 1503 1409 1557 in
1425 1500 1703 1557 ecclesiam
1732 1510 1945 1552 versum

355 1622 476 1678 est;
507 1611 686 1666 omnia
734 1605 929 1674 ubique
974 1608 1193 1672 propter
1230 1610 1330 1652 nos
1371 1592 1747 1649 movebantur.
1777 1587 1949 1656 Quem

359 1721 465 1758 non
493 1697 840 1757 erudivistis?
868 1691 1266 1764 lmperatricem
1296 1687 1569 1744 vobiscum
1612 1683 1808 1738 choros
1851 1681 1952 1736 du-

358 1804 566 1850 centem
605 1789 910 1862 accepistis,
938 1799 1112 1857 neque
1158 1783 1302 1838 enim
1331 1781 1447 1850 ejus
1482 1777 1714 1834 studium
1743 1773 1948 1830 tacebo.

359 1888 476 1943 Non
501 1883 753 1940 adulandi
781 1894 941 1937 causa
969 1878 1108 1942 dico,
1139 1874 1235 1930 sed
1259 1873 1378 1943 ejus
1419 1871 1671 1942 pietatem
1698 1865 1910 1922 celebro
1933 1904 1952 1932 ,

364 1991 539 2047 neque
566 1990 708 2032 enim
738 1973 910 2028 zelum
941 1969 1060 2039 ejus
1088 1964 1301 2022 silentio
1331 1961 1633 2034 praeteribo.
1662 1958 1781 2014 Non
1806 1972 1954 2012 arma

365 2070 504 2133 tulit,
545 2067 640 2122 sed
681 2063 888 2118 virtutis
932 2059 1184 2130 praeclara
1212 2065 1381 2126 gesta.
1413 2053 1564 2108 Tunc
1609 2049 1952 2105 :tbducebar:

363 2164 515 2219 scitis
539 2174 646 2231 quo
671 2165 848 2228 pacto.
878 2153 1008 2208 Nam
1036 2148 1325 2220 injucunda
1365 2146 1457 2201 illa
1484 2156 1788 2199 memorare
1830 2155 1958 2224 con-

370 2256 539 2321 venit,
572 2263 630 2306 nt
650 2248 885 2320 jucunda
909 2256 964 2301 et
988 2244 1159 2300 fausta
1187 2240 1456 2306 ediscatis,
1486 2247 1540 2293 et
1569 2235 1801 2291 noscatis
1827 2249 1960 2304 quo-

366 2345 530 2402 modo
553 2343 813 2398 abductus
841 2338 964 2402 sim,
986 2344 1042 2391 et
1065 2351 1171 2405 quo
1197 2341 1353 2403 pacto
1381 2329 1653 2386 redierim.
1687 2327 1784 2394 Qui
1805 2325 1958 2380 semi-

365 2447 490 2492 nant
529 2437 584 2490 in
613 2432 850 2504 lacrymis
873 2471 889 2495 ,
916 2430 969 2483 in
1007 2425 1340 2482 exsultatione
1365 2431 1570 2477 metant.
1599 2419 1795 2475 Euntes
1823 2420 1962 2472 ibant

365 2541 419 2583 et
438 2525 646 2597 ﬂebant,
664 2525 913 2577 mittentes
927 2519 1118 2574 semina
1144 2532 1239 2570 sua
1267 2531 1286 2570 :
1312 2513 1560 2568 venientes
1578 2520 1748 2565 autem
1768 2510 1963 2564 venient

366 2637 484 2675 cum
505 2615 857 2680 exsultatione,
889 2621 1146 2684 portantes
1169 2607 1458 2680 manipulos
1482 2622 1600 2661 suos
1625 2603 1803 2676 (Psal.
1834 2602 1959 2658 125.

369 2715 427 2768 5.
476 2711 576 2781 6).
624 2709 751 2764 Haec
794 2706 955 2760 verba
1001 2718 1063 2760 re
1105 2711 1259 2772 gesta
1307 2709 1450 2755 sunt.
1497 2699 1630 2753 Cum
1674 2698 1965 2766 gratiarum

369 2803 582 2859 actione
605 2799 918 2868 suscepistis
942 2812 1086 2861 eum,
1109 2808 1266 2862 quem
1292 2792 1469 2848 maesti
1494 2789 1858 2846 deduxeratis.
1889 2791 1968 2844 Ac

371 2911 480 2950 non
503 2892 670 2948 multo
691 2899 814 2962 post
837 2897 1078 2958 tempore
1101 2927 1116 2952 ,
1152 2885 1248 2941 sed
1274 2893 1396 2955 post
1425 2896 1587 2938 unum
1614 2880 1758 2936 diem
1785 2880 1964 2935 omnia

371 2987 546 3042 soluta
565 2993 709 3040 sunt.
741 2982 948 3037 Etenim
973 2987 1193 3052 propter
1212 2991 1307 3032 vos
1333 2975 1432 3032 fuit
1457 2975 1573 3031 haec
1601 2989 1751 3029 tnora
1780 2988 1794 3026 :
1825 2974 1967 3029 Deus

373 3079 573 3148 quippe
592 3076 700 3146 jam
729 3073 798 3130 ab
827 3073 977 3127 initio
1001 3071 1118 3125 hzce
1146 3069 1488 3124 dissolverat.

447 3170 502 3224 ι.
544 3167 676 3222 Rem
714 3179 857 3220 nunc
891 3162 1044 3218 vobis
1087 3175 1338 3217 arcanam
1367 3160 1507 3216 dico.
1533 3157 1758 3230 Pelagus
1785 3157 1970 3229 trajeci

331 3257 342 3261 ”
377 3263 525 3318 solus
555 3257 849 3316 Ecclesiam
883 3264 1129 3328 gestans;
1171 3253 1382 3309 dilectio
1407 3252 1550 3308 enim
1591 3265 1701 3307 non
1729 3253 1781 3305 in
1808 3265 1973 3320 angu-

379 3362 520 3408 stum
559 3351 835 3421 redigitur.
864 3347 979 3403 Non
1021 3357 1245 3417 anguSta
1274 3345 1426 3400 navis
1467 3352 1620 3410 erat;
1653 3359 1749 3398 vos
1775 3343 1973 3414 quippe

384 3445 507 3500 Non
542 3442 902 3515 angustiamini
936 3442 991 3495 in
1027 3439 1171 3494 nobis
1213 3438 1303 3510 (2.
1335 3437 1454 3493 Cor.
1483 3436 1538 3494 6.
1579 3435 1706 3509 12).
1742 3436 1974 3492 Discessi

383 3549 561 3595 vestra
588 3551 803 3604 curans,
834 3542 1110 3604 separatus
1133 3546 1381 3602 corpore,
1412 3539 1594 3586 mente
1620 3531 1969 3599 conjunctus;

381 3631 606 3687 discessi
635 3631 743 3685 Deo
763 3627 1086 3699 supplicans,
1113 3639 1177 3681 ac
1202 3635 1434 3681 vestram
1463 3624 1803 3680 dilectionem
1827 3637 1976 3678 com-

385 3722 680 3788 mendans;
717 3720 967 3776 sedebam
999 3717 1164 3783 solus,
1194 3717 1265 3772 de
1287 3716 1448 3772 rebus
1476 3715 1668 3770 vestris
1689 3713 1972 3782 sollicitus,

385 3815 552 3880 solus,
591 3813 658 3868 de
698 3809 942 3884 profectu
976 3809 1298 3864 deliberans.
1353 3806 1603 3862 Protinus
1659 3806 1976 3875 intempesta

388 3917 546 3963 nocte
572 3907 686 3961 haec
726 3903 1121 3974 religiosissima
1166 3901 1390 3958 Domina
1433 3899 1514 3972 (a)
1543 3899 1660 3971 ipso
1687 3902 1862 3972 primo
1888 3900 1978 3956 die

391 4002 567 4055 literas
598 3999 760 4065 misit,
789 4011 1012 4069 quarum
1039 3995 1155 4051 haec
1178 4004 1332 4050 erant
1355 3994 1554 4061 verba;
1586 3994 1784 4050 etenim
1811 3993 1977 4050 verba

392 4093 503 4160 ipsa
527 4099 650 4146 sunt
673 4089 950 4145 referenda
971 4106 986 4143 :
1012 4087 1096 4142 Ne
1109 4089 1377 4142 arbitretur
1397 4086 1656 4142 Sanctitas
1679 4096 1768 4140 tua
1789 4103 1869 4141 me
1887 4086 1983 4141 illa

391 4182 586 4236 nouisse
599 4196 710 4252 qua:
723 4189 860 4252 gesta
880 4189 1013 4234 sunt.
1037 4177 1289 4234 Innocens
1309 4195 1399 4251 ego
1419 4197 1532 4234 sum
1557 4195 1590 4231 a
1604 4181 1850 4251 sanguine
1868 4190 1976 4234 tuo.

392 4272 621 4344 Improbi
655 4282 704 4326 et
747 4272 932 4344 perditi
963 4272 1188 4326 homines
1232 4271 1363 4325 hanc
1399 4280 1628 4326 struxere
1667 4271 1976 4327 machinam.

399 4363 449 4416 Μ
455 4380 628 4416 eorum
655 4379 770 4417 vero
799 4363 1140 4432 lacrymarum
1168 4363 1306 4416 testis
1338 4361 1498 4431 Deus,
1531 4363 1614 4416 cui
1642 4379 1788 4417 sacra
1823 4364 1978 4435 facio.

394 4455 563 4519 Quam
585 4453 890 4508 libationem
917 4452 1141 4508 effudit?
1167 4452 1365 4508 etenim
1391 4452 1643 4524 lacrymre
1662 4453 1778 4524 ejus
1798 4454 1983 4510 libatio

395 4557 567 4603 erant.
595 4547 687 4602 Cui
728 4564 875 4602 sacra
904 4547 1061 4619 facio.
1107 4545 1371 4602 Sacerdos
1407 4547 1495 4601 illa
1542 4561 1734 4618 nempe
1775 4563 1870 4618 per
1897 4563 1986 4603 se-

397 4641 568 4708 ipsam
593 4639 858 4706 ordinata,
883 4654 1004 4710 qua:
1045 4638 1157 4695 Deo
1185 4637 1444 4694 offerebat
1469 4639 1752 4709 lacrymas,
1773 4640 1985 4695 confes-

397 4733 603 4786 sionem
643 4739 698 4786 et
727 4731 1114 4800 ptnnitentiam,
1153 4745 1259 4786 non
1299 4745 1397 4800 pro
1426 4715 1722 4796 sacerdote,
1765 4729 1859 4788 sed
1889 4745 1988 4802 pro

400 4825 663 4891 Ecclesia,
711 4840 809 4895 pro
854 4825 1052 4896 populo
1093 4824 1357 4899 disperso.
1385 4824 1590 4880 Memor
1612 4834 1751 4894 erat,
1779 4841 1989 4882 memor

400 4925 552 4972 certe
590 4923 738 4982 erat,
770 4924 826 4971 et
869 4917 1098 4972 ﬁliorum
1136 4927 1192 4972 et
1219 4912 1574 4985 baptismatis.
1615 4916 1874 4972 Recordor
1901 4935 1991 4988 per

403 5026 585 5063 manus
609 5019 721 5064 tatas
749 5009 885 5079 ﬁlios
912 5025 1046 5063 meos
1085 5009 1242 5079 fuisse
1280 5009 1579 5079 baptizatos.
1609 5008 1736 5065 Haec
1764 5008 1992 5079 Impera-

401 5105 542 5168 trix;
575 5104 881 5160 sacerdotes
911 5103 1069 5172 porro
1096 5117 1284 5158 omnes
1315 5101 1506 5157 invidia
1535 5102 1785 5157 excrecati
1814 5102 1990 5157 locum

403 5193 742 5264 ignorabant,
771 5210 877 5263 quo
905 5193 1252 5248 diverteram.
1273 5192 1534 5263 Quodque
1569 5191 1812 5248 mirabile
1851 5193 1995 5248 dictu

403 5295 508 5349 est,
540 5283 652 5351 illa,
679 5300 744 5342 ac
762 5287 806 5342 si
847 5286 958 5342 lilio
1001 5287 1233 5350 timeret,
1265 5300 1696 5355 quoquoversum
1727 5286 1857 5352 ibat,
1887 5301 1996 5341 non

406 5393 654 5446 corpore,
683 5377 777 5433 sed
823 5376 1068 5433 militaris
1113 5391 1302 5432 manus
1327 5377 1602 5432 missione.
1633 5377 1816 5449 Neque
1853 5379 1996 5433 enim

407 5467 612 5524 sciebat
631 5469 830 5536 locum,
849 5467 940 5524 ubi
965 5468 1235 5539 degerem.
1265 5467 1705 5539 Quoquoversum
1733 5469 1997 5535 mittebat,

411 5577 482 5616 ne
507 5573 684 5628 pastor
712 5560 841 5616 dolo
863 5560 1257 5617 circumventus
1295 5558 1629 5616 occideretur
1669 5569 1724 5616 ct
1753 5569 2000 5616 venatum

403 5659 701 5715 amitteret.
753 5656 868 5711 Hoc
907 5662 1133 5720 tantum,
1170 5668 1289 5725 qua:
1335 5667 1572 5708 mearum
1621 5662 1743 5708 sunt
1773 5653 1999 5724 partium

480 5821 555 5881 (It)
578 5825 643 5868 De
665 5819 875 5866 Eudoxia
899 5815 1128 5875 loquitur.

1284 379 1516 438 SERMO
1556 374 1725 433 POST
1757 369 2057 428 liEDlTUM
2095 369 2184 424 AB
2225 367 2516 425 EXSILIO.

3513 377 3625 434 Hb

2037 490 2252 552 praisto.
2283 482 2476 550 Qtnero
2503 479 2696 546 solum,
2731 487 2790 534 ut
2823 478 2897 534 illi
2925 491 3029 532 non
3057 475 3398 548 prmvaleant.
3429 471 3622 527 llostes

2039 571 2272 642 undique
2298 569 2594 627 circuibant
2632 569 2996 640 expendentes
3019 567 3172 630 retia,
3200 574 3263 621 ttt
3289 572 3542 636 caperent
3567 571 3620 618 et

2038 664 2091 717 in
2121 662 2333 717 illorum
2363 676 2554 716 manus
2591 659 2936 715 adducerent.
2965 657 3104 713 Hinc
3143 656 3233 710 illa
3257 653 3495 726 rogabat,
3524 651 3621 706 lm-

2039 753 2408 825 peratorisque
2431 766 2606 824 genua
2636 751 2903 822 tangebat,
2934 757 2994 804 ut
3020 748 3193 804 virum
3224 745 3425 802 faceret
3463 757 3624 798 vena-

2043 845 2204 902 tionis
2250 852 2558 901 consortem
2586 861 2600 898 :
2627 839 3076 913 quemadmodum
3120 836 3390 893 Abraham
3417 835 3626 900 Saram,

2043 937 2121 992 sic
2146 937 2234 991 illa
2275 935 2469 990 virum.
2500 933 2854 999 Perdidimus,
2898 931 3090 1003 inquit,
3132 928 3460 986 sacerdotem
3490 944 3505 980 :
3531 925 3626 982 sed

2045 1026 2381 1083 reducamus.
2427 1025 2586 1082 Nulla
2614 1026 2772 1081 nobis
2814 1023 3026 1094 imperii
3060 1036 3185 1092 spes
3225 1026 3490 1090 superest,
3529 1016 3629 1072 nisi

2048 1119 2198 1173 illum
2224 1117 2560 1175 reducamus.
2593 1115 2710 1172 Non
2749 1129 2968 1186 possum
3007 1128 3132 1170 cum
3155 1111 3406 1182 quopiam
3444 1123 3631 1165 eorum

2049 1211 2472 1278 communicare,
2498 1211 2589 1281 qui
2617 1209 2735 1265 hac
2766 1215 3150 1279 perpetrat-unt
3179 1221 3195 1258 :
3223 1203 3485 1276 lacrymas
3514 1200 3630 1255 fun-

2051 1301 2208 1366 dens,
2235 1301 2346 1356 Deo
2371 1299 2701 1370 supplicans,
2723 1299 3029 1369 nullamque
3053 1295 3352 1352 machinam
3377 1309 3485 1349 non
3516 1307 3634 1346 mo-

2052 1408 2204 1448 vens.
2235 1392 2398 1448 Scitis
2420 1407 2543 1446 cum
2567 1399 2768 1462 quanta
2796 1388 3175 1446 benevolentia
3199 1402 3299 1444 nos
3323 1384 3638 1455 susceperit,

2052 1484 2322 1555 quomodo
2348 1485 2489 1540 ulnis
2511 1485 2802 1554 exceperit,
2828 1498 2930 1539 ceu
2969 1483 3183 1553 propria
3222 1479 3459 1536 membra
3493 1496 3508 1532 :
3536 1493 3642 1546 quo

2057 1587 2216 1649 pacto
2255 1577 2456 1634 diceret
2481 1588 2562 1634 se
2606 1576 2883 1633 vobiscum
2944 1574 3225 1630 sollicitam
3267 1586 3408 1627 esse.
3464 1569 3645 1635 Neque

2056 1672 2199 1726 enim
2229 1669 2347 1725 hanc
2368 1669 2529 1726 verba
2554 1678 2790 1725 vestrum
2817 1667 3065 1722 aﬂ'ectum
3086 1666 3319 1721 latebant
3350 1681 3363 1718 :
3395 1662 3640 1732 quoniam

2056 1763 2369 1834 suscepistis
2397 1771 2622 1817 matrem
2663 1761 3045 1824 Ecclesiarum,
3074 1758 3312 1812 altricem
3358 1751 3644 1809 monacho-

2057 1871 2202 1920 rum,
2225 1861 2529 1909 sanctorum
2557 1860 2855 1922 patronam,
2890 1863 3182 1921 pauperum
3211 1846 3476 1900 baculum.
3508 1843 3648 1897 Laus

2057 1935 2178 2016 ejus
2205 1948 2260 2002 in
2310 1946 2404 2002 Dei
2427 1945 2649 2016 gloriam
2678 1945 2862 2010 vertit,
2894 1943 2947 1997 in
2987 1956 3240 1997 coronam
3265 1937 3645 1993 Ecclesiarum.

2063 2041 2318 2096 Dicamne
2369 2039 2644 2095 ardentem
2694 2036 2810 2107 ejus
2848 2033 3128 2091 amorem?
3156 2032 3326 2087 dicam
3370 2030 3484 2098 ejus
3526 2042 3651 2095 erga

2063 2148 2150 2188 me
2194 2130 2642 2187 sollicitudinem?
2671 2129 2796 2184 lleri
2835 2127 3053 2196 vesperi
3101 2125 3216 2181 Iuno
3257 2122 3324 2178 ad
3366 2137 3451 2176 tne
3491 2121 3651 2174 verba

2067 2222 2213 2277 misit
2241 2239 2254 2276 :
2287 2221 2462 2276 Dicito
2487 2221 2536 2275 ei
2569 2239 2581 2274 :
2611 2219 2796 2275 Oratio
2825 2234 2943 2274 mea
2970 2217 3188 2288 impleta
3223 2224 3326 2282 est,
3351 2230 3462 2268 rem
3487 2213 3652 2282 impc-

2067 2314 2200 2368 travi
2256 2330 2270 2368 :
2317 2313 2508 2368 melius
2533 2319 2783 2366 coronata
2825 2323 2969 2375 sum,
3012 2322 3170 2378 quam
3199 2321 3295 2375 per
3339 2305 3508 2375 ipsum
3539 2303 3653 2356 dia-

2067 2403 2248 2459 dema.
2296 2401 2494 2472 Recepi
2541 2399 2901 2466 sacerdotem,
2957 2407 3118 2469 caput
3159 2396 3367 2464 corpori
3411 2393 3614 2448 restitui
3640 2433 3653 2457 ,

2066 2494 2477 2565 gubernatorem
2523 2493 2666 2560 navi,
2715 2501 2980 2562 pastorem
3021 2489 3190 2560 gregi,
3223 2487 3456 2542 thalamo
3498 2501 3658 2556 spon-

2067 2601 2211 2643 sum.

2145 2715 2200 2771 5.
2239 2713 2451 2771 Pudore
2477 2713 2652 2770 allecti
2697 2722 2824 2769 sunt
2854 2710 3107 2769 adulteri.
3152 2709 3259 2766 Seu
3297 2708 3472 2764 vivam
3503 2751 3518 2776 ,
3564 2723 3656 2762 seu

2075 2810 2304 2876 moriar,
2350 2809 2479 2864 nihil
2509 2807 2638 2863 mihi
2669 2823 2813 2864 curae
2839 2816 2942 2861 est.
2969 2805 3158 2861 Videte
3184 2804 3492 2858 tentationis
3521 2817 3663 2872 prae-

2075 2901 2277 2955 clarum
2301 2900 2522 2955 exitum.
2545 2897 2684 2965 Quid
2706 2895 2918 2964 faciam,
2942 2903 3000 2952 nt
3022 2911 3119 2966 pro
3137 2895 3425 2950 dilectione
3449 2893 3664 2963 dignum

2077 2994 2227 3050 vobis
2252 3007 2445 3056 munus
2471 2990 2802 3063 rependam?
2827 2989 3052 3060 Dignum
3081 3003 3306 3058 nequeo,
3337 2987 3492 3056 quale
3517 2985 3668 3040 adest

2077 3088 2273 3143 tribuo.
2311 3086 2490 3157 Usque
2527 3086 2662 3141 adeo
2687 3084 2851 3154 diligo
2873 3123 2889 3153 ,
2921 3090 2981 3137 ut
3018 3092 3234 3152 paratus
3257 3081 3358 3135 sim
3387 3079 3453 3133 ad
3494 3078 3666 3134 eﬂ‘un-

2077 3178 2312 3235 dendum
2361 3192 2461 3248 pro
2511 3177 2684 3232 salute
2725 3182 2904 3230 vestra
2945 3171 3281 3242 sanguinem.
3326 3169 3494 3226 Nemo
3536 3168 3667 3224 tales

2077 3271 2238 3327 habet
2276 3269 2414 3324 ﬁlios
2442 3309 2458 3334 ,
2489 3283 2650 3323 nemo
2674 3268 2832 3323 talem
2857 3279 3071 3337 gregem
3095 3305 3112 3330 ,
3149 3262 3329 3319 nullus
3368 3275 3552 3332 agrum
3599 3259 3668 3313 ita

2078 3362 2382 3417 ﬂorentem.
2410 3360 2527 3416 Non
2552 3374 2688 3430 opus
2714 3356 2846 3413 mihi
2869 3355 3186 3426 agricultura
3214 3371 3229 3418 ;
3259 3370 3346 3410 me
3369 3353 3668 3409 dormiente

2078 3462 2304 3510 vernant
2325 3453 2508 3524 spicae.
2535 3451 2692 3507 Nullo
2720 3449 2852 3505 mihi
2869 3464 3015 3520 opus
3038 3455 3122 3502 est
3148 3445 3332 3502 labore
3361 3463 3376 3500 :
3409 3460 3493 3500 me
3521 3445 3671 3515 quie-

2079 3553 2265 3602 scente
2305 3559 2434 3600 oves
2473 3544 2656 3613 lupum
2705 3550 2976 3613 superant.
3008 3539 3108 3608 Qui
3157 3552 3253 3593 vos
3297 3537 3674 3608 compellabo?

2080 3654 2225 3702 oves,
2255 3653 2322 3691 an
2352 3645 2598 3707 pastores
2621 3675 2635 3700 ,
2667 3649 2734 3688 an
2761 3633 3168 3702 gubernatores,
3195 3629 3460 3686 militesne
3484 3645 3550 3684 an
3575 3628 3672 3683 du.—

2079 3729 2214 3784 ces?
2244 3728 2371 3783 Haec
2397 3727 2618 3782 nomina
2647 3739 2772 3781 vera
2791 3739 2912 3782 esse
2933 3723 3114 3779 dicere
3141 3735 3381 3792 possum.
3412 3721 3546 3777 Cum
3575 3721 3670 3777 bo-

2082 3835 2209 3874 num
2239 3817 2484 3873 ordinem
2507 3816 2666 3872 video
2684 3857 2700 3881 ,
2729 3829 2858 3870 oves
2882 3829 3057 3881 voco;
3083 3827 3207 3870 cum
3236 3812 3625 3885 providentiam
3651 3856 3666 3880 ,

2083 3921 2325 3985 pastores
2341 3929 2355 3977 ;
2372 3926 2493 3966 cum
2512 3909 2846 3980 sapientiam,
2862 3908 3271 3979 gubernatores;
3285 3921 3408 3962 cum
3423 3907 3673 3962 virtutem

2083 4017 2136 4061 et
2152 4004 2528 4070 constantiam,
2543 4013 2597 4059 et
2613 4002 2811 4058 milites
2825 4009 2878 4056 et
2895 4000 3058 4056 duces
3074 4015 3172 4056 vos
3188 4014 3374 4056 omnes
3387 3999 3585 4056 dico.0
3601 4001 3677 4055 la-

2085 4099 2292 4156 borem!
2313 4113 2346 4153 o
2362 4096 2744 4168 providentiam
2760 4094 2962 4166 p0pulil
2982 4094 3134 4165 lupos
3144 4093 3442 4164 expulistis,
3461 4103 3515 4148 et
3531 4095 3678 4149 solli-

2087 4189 2376 4246 citudinem
2405 4203 2512 4244 non
2538 4185 3482 4258 deposuistis.Nautaeqttivobiscum
3500 4194 3674 4252 erant,

2087 4291 2271 4338 contra
2289 4295 2388 4336 vos
2401 4280 2646 4336 conversi
2661 4287 2808 4345 sunt,
2825 4286 2882 4335 et
2895 4277 3015 4332 navi
3030 4277 3226 4332 bellum
3243 4276 3676 4333 intulerunt.Cla-

2088 4383 2251 4442 mate,
2269 4375 2518 4433 Facessat
2529 4375 2726 4440 clerus,
2738 4373 3008 4442 aliumque
3023 4372 3226 4427 clerum
3237 4370 3490 4427 Ecclesiae
3508 4379 3682 4440 postu-

2091 4465 2226 4522 late.
2280 4464 2422 4533 Quid
2483 4481 2626 4536 opus
2657 4460 3208 4529 clamore‘iAbierunt,
3230 4473 3284 4518 et
3307 4462 3512 4533 depulsi
3533 4474 3678 4531 sunt,

2091 4557 2306 4613 nemine
2321 4557 2634 4627 insequente
2649 4557 2702 4612 in
2721 4556 2900 4627 fugam
2921 4556 3082 4611 versi.
3104 4555 3224 4611 Non
3241 4555 3403 4610 homo
3425 4556 3567 4622 illos,
3585 4558 3680 4612 sed

2091 4648 2412 4707 conscientia
2430 4655 2644 4703 accusat
2658 4665 2672 4701 :
2689 4647 2750 4702 Si
2769 4647 3001 4701 inimicus
3014 4647 3360 4718 exprobrasset
3377 4648 3526 4719 mihi,
3538 4651 3682 4705 susti-

2092 4740 2312 4795 nuissem
2331 4739 2501 4805 utique
2518 4737 2687 4812 (Psat.
2706 4739 2777 4795 54
2789 4738 2928 4808 .15).
2943 4737 3044 4805 Qui
3067 4739 3344 4794 nobiscum
3360 4749 3514 4796 erant
3527 4783 3542 4808 ,
3564 4757 3686 4797 con-

2096 4841 2177 4887 tra
2204 4846 2303 4887 nos
2326 4833 2576 4888 conversi
2605 4842 2766 4886 sunt:
2793 4830 2884 4901 qui
2914 4829 3190 4885 nobiscum
3218 4831 3394 4887 navim
3421 4835 3686 4905 guberna-

2098 4922 2245 4988 bant,
2272 4923 2449 4978 navim
2477 4921 2792 4992 demergere
2811 4921 2989 4977 conati
3007 4930 3151 4975 sunt.
3179 4920 3400 4981 Miratus
3419 4939 3537 4980 sum
3557 4941 3687 4982 con-

2094 5016 2373 5072 scientiam
2407 5024 2658 5071 vestram.
2702 5014 2827 5071 llaec
2863 5015 3018 5082 dico,
3059 5030 3168 5070 non
3187 5024 3244 5072 ut
3274 5017 3342 5073 ad
3371 5019 3685 5077 seditionem

2100 5123 2196 5162 vos
2219 5107 2465 5162 excitem.
2487 5106 2622 5162 Nam
2644 5121 2761 5176 quae
2781 5105 2856 5160 illi
2878 5121 3157 5176 paravere,
3183 5108 3376 5165 seditio
3398 5120 3542 5178 sunt,
3568 5127 3688 5183 quae

2101 5213 2198 5252 vos
2222 5197 2442 5264 fecistis,
2471 5199 2635 5252 zelus.
2665 5197 2782 5252 Non
2809 5200 2952 5252 enim
2982 5200 3206 5270 rogastis
3233 5200 3353 5256 illos
3379 5188 3566 5270 occidi,
3595 5207 3688 5260 sed

2103 5291 2351 5361 impediri
2376 5292 2660 5362 quominus
2703 5290 2832 5346 illud
2860 5292 3098 5347 eveniret
3139 5292 3221 5347 vel
3251 5294 3403 5349 vobis
3427 5336 3444 5364 ,
3480 5295 3564 5351 vel
3593 5297 3692 5352 Ec-

2103 5384 2302 5448 clesiae,
2324 5398 2393 5439 ne
2416 5398 2600 5438 rursus
2625 5383 3076 5454 submergeretur.
3103 5384 3281 5439 Virtus
3299 5385 3493 5456 quippe
3516 5399 3690 5443 vestra

2105 5489 2212 5529 non
2237 5474 2360 5529 sivit
2382 5474 2631 5544 ingruere
2653 5484 3043 5545 tempestatem,
3072 5475 3165 5530 sed
3191 5476 3402 5531 illorum
3427 5483 3689 5536 sententia

2107 5566 2299 5622 lluctus
2321 5567 2627 5622 concitavit.
2657 5566 2769 5637 Ego
2793 5582 2922 5624 vero
2964 5582 3077 5622 retn
3122 5583 3228 5622 non
3267 5571 3559 5627 secundum
3584 5575 3692 5630 exi-

2111 5667 2246 5725 tum,
2265 5658 2358 5714 sed
2388 5659 2677 5714 secundum
2703 5659 2913 5713 illorum
2937 5668 3168 5716 mentem
3193 5663 3514 5721 zrstimo.Tu
3537 5667 3700 5724 homo
3779 5645 3781 5648 Ι
