4036 6402
393 379 483 434 ΜἸ
1087 371 1145 429 S.
1187 368 1470 428 JOANNIS
1507 367 1987 424 CHRYSOSTOMI
2030 368 2350 426 ARCHIEP.
2391 367 2932 426 CONSTANTINOP.
2965 357 2970 360 ’
3572 375 3676 430 “8

386 494 470 560 ιιιιὶ
499 489 654 546 altari
677 487 878 553 adstas,
899 484 986 541 cui
1007 483 1139 540 tanti
1168 482 1344 554 populi
1366 496 1492 536 cura
1522 479 1828 544 commissa,
1848 493 1970 534 cum
2078 479 2354 536 scientiam
2381 521 2397 547 ,
2436 489 2493 536 et
2529 481 2915 550 lmperatorum
2944 478 3353 553 providentiam,
3384 480 3499 537 Non
3525 483 3676 540 enim

387 585 500 640 hmo
536 581 708 639 tristia
747 577 1100 648 comprimere
1136 573 1361 630 deberes
1388 613 1405 640 ,
1455 580 1825 642 tempestatem
1871 586 1969 625 au-

385 678 507 731 xisti
533 715 550 742 ,
603 680 789 729 contra
817 669 1044 739 teipsum
1073 666 1306 738 gladium
1351 664 1570 720 vibrasti
1600 702 1618 729 ,
1668 662 1804 717 ﬁlios
1851 671 1971 718 tuos

385 763 792 835 consumpsisti,
837 762 884 815 si
931 774 1039 813 non
1081 757 1254 826 reipsa
1293 766 1348 811 et
1389 756 1777 826 experimento,
1824 763 1972 808 certe

385 858 584 913 animo.
629 853 733 910 Sed
777 853 919 908 Deus
956 849 1245 920 prohibuit.
1293 849 1614 918 Itaque'vos
1647 847 1885 902 demiror
1916 854 1973 900 et

385 950 564 1014 laudo,
591 948 731 1020 quod
762 957 882 1017 post
909 945 1132 1008 bellum,
1165 957 1297 1014 pace
1321 943 1620 1008 conciliata,
1654 940 1886 996 caveatis
1914 947 1973 994 ut

385 1043 618 1112 perlecta
669 1056 774 1111 pax
817 1047 1054 1114 maneat.
1098 1036 1327 1108 Oportet
1367 1036 1510 1091 enim
1558 1035 1970 1105 gubernatorem

383 1149 502 1188 cum
525 1134 700 1188 nautis
726 1131 975 1188 concordi
1018 1143 1137 1185 esse
1164 1130 1344 1183 animo
1375 1146 1389 1184 :
1419 1128 1465 1182 si
1487 1127 1629 1182 enim
1659 1124 1969 1190 dissideant,

383 1223 579 1293 scapha
605 1223 954 1292 demergitur.
987 1219 1096 1275 Vos
1125 1234 1307 1289 pacem
1335 1218 1472 1273 hanc
1507 1233 1602 1288 per
1626 1217 1718 1271 Dei
1745 1217 1968 1286 gratiam

383 1315 620 1370 stabilite
649 1331 665 1368 :
693 1328 792 1369 vos
817 1311 1121 1368 securitatis
1149 1299 1428 1366 consortes
1455 1309 1701 1365 elﬁciam.
1731 1306 1860 1363 Sine
1884 1321 1972 1362 vo-

386 1407 468 1460 bis
511 1404 644 1459 nibil
692 1404 880 1458 faciam
906 1445 923 1471 ,
969 1417 1071 1459 nec
1112 1402 1232 1458 sine
1273 1401 1670 1472 religiosissima
1712 1401 1970 1469 Augusta.

385 1496 623 1566 Namque
646 1503 702 1551 et
727 1495 815 1550 illa
842 1502 1031 1560 curat,
1056 1493 1285 1548 sollicita
1310 1502 1410 1555 est,
1440 1491 1680 1561 nihilque
1711 1507 1815 1544 non
1842 1491 1972 1560 agit,

2081 571 2152 626 ita
2181 570 2249 627 de
2276 572 2416 627 bello
2443 571 2654 626 solliciti
2682 578 2846 636 sunt,
2875 581 2934 625 ut
2959 570 3027 625 de
3057 571 3296 626 Ecclesia
3320 613 3337 639 ,
3368 587 3472 627 non
3500 574 3572 628 ita
3600 574 3668 630 de

2080 664 2293 720 civitate
2317 704 2331 728 ,
2361 672 2419 717 ut
2443 662 2511 718 de
2537 662 2796 717 Ecclesia.
2825 662 3111 717 Precemur
3137 663 3316 733 itaque
3343 664 3510 720 Deum
3537 706 3553 728 ,
3581 681 3673 721 ro-

2080 769 2268 826 gemus
2315 755 2456 809 illam
2488 755 2505 785 ¹
2547 755 2599 808 in
2648 753 2897 824 precibus
2945 769 3348 822 perseveremus
3379 796 3396 822 ,
3447 771 3623 826 neque
3652 800 3670 826 ,

2080 845 2331 915 quoniam
2354 845 2632 900 calamitas
2673 845 2847 899 soluta
2891 853 3016 910 est,
3057 846 3332 915 segniores
3355 847 3671 908 evadamus.

2080 937 2204 993 Ideo
2244 937 2312 992 ad
2360 937 2497 991 hanc
2540 951 2708 1006 usque
2744 935 2886 992 diem
2927 951 3225 1005 precamur,
3263 946 3321 992 ut
3361 939 3452 994 illa
3503 942 3676 996 tristia

2081 1031 2374 1086 solvantur.
2408 1031 2618 1086 Gratias
2647 1031 2757 1085 Deo
2781 1045 3002 1101 agamus
3030 1048 3044 1084 :
3076 1040 3132 1086 ut
3159 1041 3283 1088 tunc
3323 1037 3529 1089 strenui
3575 1037 3680 1090 fui-

2081 1137 2232 1187 mus,
2262 1122 2339 1176 sic
2377 1121 2486 1192 jam
2528 1121 2752 1177 studiosi
2789 1123 2976 1176 simus.
3026 1122 3130 1177 Pro
3156 1122 3239 1177 his
3265 1139 3392 1179 vero
3421 1127 3677 1180 omnibus

2080 1215 2276 1285 gratias
2318 1229 2538 1284 agamus
2580 1213 2690 1268 Deo
2715 1254 2730 1281 ,
2779 1213 2864 1268 cui
2903 1214 3070 1283 gloria
3118 1223 3174 1270 et
3214 1215 3502 1284 imperium
3546 1233 3672 1272 cum

2085 1305 2219 1360 Filio
2240 1312 2298 1360 et
2321 1315 2509 1360 sancto
2531 1304 2846 1373 viviﬁcoque
2869 1305 3091 1374 Spiritu,
3113 1321 3252 1362 nunc
3279 1318 3334 1362 et
3359 1324 3596 1378 semper,
3615 1318 3674 1364 et

2082 1399 2136 1452 in
2156 1397 2350 1452 saecula
2371 1395 2708 1450 saeculorum.
2740 1397 2934 1450 Amen.

2145 1555 2163 1620 ξ
2197 1560 2356 1612 Forte,
2371 1551 2595 1620 illum._si
2616 1560 2715 1603 stet
2728 1550 2892 1620 lectio,
2911 1553 3062 1610 illam.
3085 1560 3137 1606 et
3151 1557 3348 1620 quidem
3371 1565 3502 1608 stare
3523 1571 3676 1620 posse

387 1595 444 1641 ut
468 1585 607 1655 quod
635 1585 926 1654 plantatum
950 1591 1068 1649 est,
1113 1584 1324 1638 ﬁrmum
1353 1591 1605 1648 maneat,
1639 1589 1696 1635 ut
1735 1581 1972 1636 Ecclesia

2081 1617 2292 1684 videtur,
2316 1614 2579 1664 referenda
2598 1623 2677 1666 est
2697 1616 2757 1665 ad
2781 1621 3128 1679 lmperatorum
3151 1614 3502 1681 providentiam
3523 1614 3676 1684 paulo

387 1676 504 1733 siue
528 1675 774 1734 ﬂuctibus
807 1677 983 1747 degat.
1027 1674 1263 1732 Laudavi
1300 1675 1478 1745 itaque
1502 1681 1557 1730 et
1585 1680 1817 1730 vestram
1843 1685 1974 1728 cou-
2085 1683 2200 1728 ante
2223 1684 2556 1728 memoratam.
2849 1674 2864 1679 '
3151 1674 3166 1681 '
3375 1708 3384 1712 -

2085 1683 2200 1728 ante
2223 1684 2556 1728 memoratam.

1285 2583 1637 2646 MONlTUM
1678 2585 1758 2646 IN
1799 2585 2177 2648 HOMILIAM
2219 2584 2316 2646 DE
2357 2585 2781 2649 ΕΗΑΝΑΝᾹΞΑ

475 2883 631 2942 Circa
664 2882 828 2954 hujus
859 2880 1098 2938 homilia“;
1117 2883 1450 2954 γνησιότητα
1479 2885 1814 2956 disputatum
1836 2885 1958 2941 fuit.
1995 2884 2233 2942 Savilius
2271 2884 2357 2942 vir
2388 2899 2555 2956 sagax
2577 2893 2632 2940 et
2663 2883 2911 2939 eruditus
2945 2897 3066 2939 eam
3113 2895 3173 2940 ut
3221 2883 3516 2955 genuinam
3545 2883 3662 2941 hs-

401 3026 565 3081 buit:
603 3026 720 3082 haec
747 3027 893 3081 enim
936 3027 1012 3081 ait
1050 3025 1106 3080 in
1151 3023 1306 3082 Notis
1339 3041 1394 3096 p.
1433 3025 1578 3081 7‘26:
1629 3025 1906 3083 Orationis
1936 3026 2094 3098 hujus
2137 3025 2496 3098 apographum
2539 3039 2605 3079 ea:
2655 3022 2988 3079 Bibliotheca
3031 3023 3288 3079 Palatina
3335 3025 3664 3094 descriptum

400 3159 790 3214 emendavimus
822 3174 886 3212 ea:
914 3156 1116 3212 duobus
1146 3155 1526 3228 Manuscriptis
1555 3159 1611 3212 in
1639 3157 1969 3214 Bibliotheca
2000 3158 2163 3214 Ducis
2195 3158 2459 3213 Bauariw.
2490 3156 2668 3211 Multa
2696 3158 2849 3212 habet
2877 3158 3178 3212 communia
3208 3175 3328 3212 cum
3361 3157 3560 3213 Homil.
3591 3158 3663 3214 52

401 3297 460 3348 in
490 3293 809 3349 ﬂat-tineam
831 3294 976 3367 (qua:
1003 3304 1086 3351 est
1115 3295 1184 3350 55
1212 3295 1352 3366 apud
1385 3294 1710 3364 Morellum),
1743 3310 1905 3364 neque
1940 3296 2179 3366 agnoscit
2209 3294 2494 3368 Catalogus
2543 3295 2906 3368 Augustanus.
2952 3295 3093 3352 Puto
3139 3307 3310 3352 tamen
3351 3315 3663 3369 germanam

401 3457 534 3508 esse,
564 3442 804 3513 quamvis
831 3439 1254 3511 languidiuscule
1280 3439 1559 3508 scriptam,
1593 3447 1653 3493 ut
1681 3448 1804 3495 sunt
1833 3440 2020 3494 multa:
2051 3438 2207 3510 hujus
2237 3441 2406 3494 nostri
2435 3411 3062 3508 Constantinopolitanae.
3094 3438 3257 3494 Aliud
3285 3440 3488 3496 sentire
3509 3439 3664 3496 vide-

404 3597 495 3642 tur
518 3584 725 3642 Fronto
755 3585 1006 3650 Ducaeus,
1040 3588 1134 3658 qui
1162 3587 1215 3643 in
1247 3585 1404 3644 Notis
1426 3588 1492 3643 ad
1522 3588 1662 3643 hanc
1698 3587 1978 3643 homiliam
2012 3588 2254 3659 p.101“,
2288 3598 2438 3645 tomo
2462 3587 2554 3656 Vl,
2579 3589 2651 3644 ita
2688 3589 2970 3660 loquitur:
3020 3588 3198 3661 Hujus
3240 3591 3472 3669 homilice
3508 3589 3663 3646 Cra:-

401 3747 523 3788 cum
551 3743 752 3789 textum
779 3749 844 3790 ex
871 3732 1140 3790 Palatinis
1169 3733 1448 3790 Codicibus
1475 3733 1701 3790 ascribi
1731 3733 1933 3788 curavit
1966 3731 2226 3798 Savilius,
2257 3744 2304 3789 et
2343 3750 2409 3789 ea:
2450 3731 2724 3788 Bavaricis
2765 3732 3078 3797 emendavit,
3124 3734 3214 3804 qui
3257 3743 3307 3788 et
3350 3751 3661 3805 germanum

399 3887 514 3928 esse
540 3882 693 3946 putat
721 3890 853 3944 opus
885 3875 1038 3949 [452]
1066 3876 1448 3950 Chrysostomi,
1477 3877 1715 3949 quamvis
1737 3876 1802 3931 ab
1826 3876 2138 3948 Augustano
2163 3875 2419 3946 Catalogo
2449 3891 2552 3930 non
2577 3885 2916 3947 agnoscatur,
2937 3886 2986 3931 et
3006 3877 3433 3946 languidiuscule
3457 3874 3662 3944 scripta

405 4010 666 4067 videatur.
698 4011 854 4079 Quod
885 4030 1012 4070 sane
1039 4016 1258 4082 mirum,
1289 4033 1409 4071 cum
1436 4015 1626 4072 Sixtus
1657 4015 1906 4082 Senensis
1937 4025 2059 4072 ante
2081 4016 2342 4071 monuerit
2373 4015 2609 4071 eamdem
2638 4016 2780 4087 apud
2802 4014 3081 4087 Origenem
3107 4027 3318 4071 exstare
3335 4013 3508 4070 Serm.
3543 4013 3576 4066 7
3605 4015 3662 4069 in

400 4144 633 4201 diversos
665 4146 830 4214 locos,
863 4155 914 4202 et
941 4147 1077 4202 inter
1105 4147 1355 4203 homilias
1385 4163 1450 4203 ea:
1478 4149 1639 4204 uariis
1669 4148 1723 4203 in
1763 4147 2079 4205 Mattlueum
2106 4149 2234 4204 locis
2267 4165 2378 4204 esse
2419 4149 2676 4204 decimam
2706 4150 3006 4220 septimam,
3037 4151 3134 4206 hoc
3161 4159 3240 4206 est
3268 4151 3324 4205 in
3351 4167 3414 4206 ea
3443 4149 3664 4205 Sermo-

401 4302 529 4340 num
558 4285 849 4356 farragine,
878 4302 1037 4356 quam
1058 4285 1268 4356 judicat
1301 4303 1413 4341 esse
1456 4286 1701 4340 monachi
1739 4287 1914 4357 potius
1943 4284 2252 4358 cujusdam,
2296 4291 2389 4360 qui
2417 4289 2824 4361 Evangeliorum
2855 4289 3256 4361 explanationes
3294 4291 3454 4347 variis
3493 4293 3663 4348 inter-

399 4421 598 4478 mixtus
633 4423 902 4495 allegoriis
943 4423 1129 4480 edidit.
1165 4424 1335 4481 Porro
1371 4429 1511 4496 apud
1546 4426 1826 4500 Origenem
1862 4429 2028 4484 alium
2061 4430 2396 4502 interpretem
2433 4432 2608 4500 habet,
2643 4442 2714 4503 et
2736 4433 2940 4488 brevior
2979 4442 3080 4498 est,
3114 4449 3273 4506 quam
3308 4433 3362 4486 in
3411 4432 3553 4486 libro
3595 4449 3663 4487 ea:

397 4562 560 4618 uariis
588 4564 646 4618 in
681 4563 997 4621 Matt/neum
1033 4566 1158 4622 locis
1191 4584 1211 4622 :
1243 4569 1298 4623 in
1329 4579 1549 4641 utroque
1581 4580 1758 4626 tamen
1796 4573 1907 4628 loco
1935 4574 2119 4646 incipit
2145 4575 2210 4630 ab
2233 4575 2343 4632 illis
2377 4577 2563 4642 verbis,
2595 4575 2824 4633 Miratur
2865 4577 3198 4645 evangelista
3228 4597 3243 4634 :
3273 4595 3392 4644 aute
3432 4579 3665 4647 reperies

396 4722 452 4775 p.
489 4707 594 4765 298
637 4707 680 4762 D
721 4709 874 4782 [edit.
909 4711 1125 4785 Morel.)
1155 4713 1314 4783 hujus
1359 4717 1607 4771 editionis
1636 4731 1656 4770 :
1693 4733 1812 4788 qua:
1861 4734 1978 4774 vero
2014 4721 2320 4790 prcecedunt
2368 4724 2434 4774 ab
2484 4720 2637 4775 initio
2671 4719 2906 4774 homilia:
2948 4729 3090 4774 vetus
3134 4718 3354 4791 quidam
3397 4719 3663 4787 interpres

401 4845 588 4902 Latine
622 4852 775 4903 uertit
804 4865 824 4905 :
857 4860 906 4906 et
942 4852 1200 4908 habentur
1225 4853 1443 4908 homilia
1469 4854 1676 4909 decima
1705 4864 1898 4926 quarta
1917 4873 1984 4912 ex
2011 4859 2175 4914 variis
2206 4860 2264 4914 in
2293 4857 2604 4913 Matthwum
2631 4858 2758 4913 locis
2782 4874 2801 4913 :
2831 4858 3012 4914 Multae
3039 4864 3412 4926 tempestates,
3446 4857 3664 4927 inquieo

397 4980 530 5036 tudo
565 4981 708 5037 aeris
741 5001 754 5039 :
788 4991 839 5037 et
885 4984 1050 5039 aliam
1100 5004 1285 5044 rursus
1333 4990 1816 5062 interpretationem
1853 4997 1908 5051 in
1939 4994 2291 5069 Lotharingia
2336 4998 2482 5053 nacti
2529 5015 2712 5055 sumus
2757 5015 2824 5054 ea:
2871 4997 2975 5053 Ms.
3019 4996 3212 5052 Codice
3241 5003 3468 5060 erutam,
3502 5009 3662 5060 quam

397 5137 520 5176 eum
551 5123 731 5177 eadem
769 5124 989 5180 homilia
1021 5127 1088 5182 17
1121 5130 1458 5200 conjunctam
1498 5137 1875 5205 recensuimus,
1906 5148 1956 5194 et
2009 5140 2170 5194 variis
2204 5141 2516 5196 lectionibus
2560 5150 2716 5212 atque
2757 5141 3208 5197 emendationibus
3261 5155 3326 5194 ea:
3371 5135 3658 5193 collatione

398 5276 518 5315 cum
547 5259 738 5319 Codice
772 5263 956 5320 Graeco
978 5269 1330 5326 illustrissimi
1360 5273 1664 5330 Cardinalis
1694 5276 1938 5331 I’erronii
1967 5278 2430 5348 ampliﬁcauimus.
2461 5278 2586 5336 Haec
2633 5278 2838 5335 Fronto
2886 5279 3136 5344 Ducaeus,
3169 5281 3472 5337 secundum
3501 5275 3666 5346 cuius

399 5402 546 5459 haud
577 5403 741 5460 dubie
766 5406 1090 5462 sententiam
1124 5408 1240 5464 haec
1272 5410 1497 5467 homilia
1528 5413 1582 5466 in
1612 5414 1744 5471 edit.
1780 5413 1973 5472 Morel.
2003 5416 2178 5473 Tomo
2208 5415 2277 5472 Vl
2307 5418 2449 5474 inter
2488 5417 2687 5489 Spuria
2731 5433 2864 5474 cusa
2900 5419 3022 5475 fuit.
3063 5417 3169 5474 Sed
3206 5419 3336 5474 huic
3377 5417 3663 5475 sententia:

397 5539 659 5596 reclamat
690 5541 1068 5602 Tillemontius
1093 5589 1109 5616 ,
1140 5562 1370 5620 eamque
1404 5551 1547 5608 inter
1576 5568 1734 5610 veras
1764 5569 2164 5626 germanaeque
2197 5567 2384 5614 censet
2425 5558 2789 5624 retinendam,
2819 5557 2968 5629 quod
2995 5558 3142 5613 nulla
3177 5567 3261 5614 sat
3302 5558 3498 5614 idonea
3537 5559 3660 5629 ejus

399 5677 708 5746 rejiciendaa
734 5687 874 5743 ratio
907 5686 1184 5746 aderatur.

471 5815 628 5873 Certe
662 5823 806 5888 quod
839 5835 1045 5895 spectat
1067 5827 1134 5884 ad
1163 5829 1393 5899 primam
1417 5838 1626 5904 partem
1659 5837 1727 5894 ad
1760 5851 1936 5910 usque
1960 5837 2114 5909 illud,
2145 5854 2298 5898 num.
2329 5841 2401 5898 3:
2438 5839 2676 5898 Miratur
2715 5840 3036 5914 evangelista
3058 5881 3072 5909 ,
3118 5857 3233 5898 ecce
3271 5840 3479 5908 mulier,
3521 5851 3657 5909 etc.,
