4036 6386
287 400 378 456 547
777 415 788 422 “
1394 399 1486 454 DE
1522 395 1947 454 CllANAN/EA.
1979 425 2050 436 —
2088 386 2430 448 MONITUM.

283 515 763 588 ἐγκεχειρισμένος
793 514 1070 584 πρόνοιαν,
1103 509 1334 584 ὀφείλων
1377 515 1760 568 καταστέλλειν
1784 515 1854 569 τὰ

283 599 511 671 λυπηρὰ,
536 597 787 671 ηὖξησας
818 598 909 650 τὸν
923 598 1201 668 χειμῶνα,
1229 601 1370 652 κατὰ
1391 597 1586 651 σαυτοῦ
1619 598 1678 652 τὸ
1701 598 1852 666 ξίφος

283 682 496 753 ήλασας,
531 681 603 734 τὰ
622 680 791 734 τέκνα
819 681 890 733 τὰ.
922 682 989 733 σὰ
1021 679 1305 743 ἀναλώσας
1334 683 1399 750 τῇ
1435 681 1650 751 γνώμῃ,
1678 683 1726 733 εἰ
1759 682 1854 733 καὶ

285 767 353 836 μή
371 767 435 835 τῇ
466 764 660 836 πείρᾳ.
690 763 838 816 ίἈλλ’
867 766 894 816 ὁ
917 763 1048 827 Θεὸς
1081 763 1371 817 ἐκώλυσεν.
1399 759 1560 816 Ὥστε
1589 763 1854 834 θαυμάζω

286 849 414 917 ὑμᾶς
445 847 538 899 καὶ
587 847 830 908 ἐπαινῶ,
872 849 954 900 ὅτι
1002 846 1140 917 μετὰ
1193 846 1286 900 τὸν
1327 846 1562 916 πόλεμον
1607 848 1702 900 καὶ
1755 847 1855 915 τῆς

282 931 490 1000 εἰρήνης
518 928 826 998 γενομένης
854 932 1129 994 σκοπεῖτε,
1156 929 1305 992 ὅπως
1329 927 1396 981 ἃν
1417 928 1598 982 τελεία
1626 929 1853 998 γένηται

280 1014 479 1082 εἰρήνη.
515 1013 612 1063 Δεῖ
644 1012 753 1082 γὰρ
791 1010 882 1064 τὸν
927 1011 1268 1082 κυϐερνήτην
1317 1010 1455 1081 μετὰ
1489 1011 1599 1063 τῶν
1643 1011 1854 1065 ναυτῶν

278 1095 519 1163 ὁμόνοιαν
559 1093 740 1163 ἔχειν’
775 1094 870 1146 ἐὰν
908 1096 1016 1164 γὰρ
1056 1094 1498 1158 διαστασιάζωσι,
1526 1094 1853 1147 καταποντί-

280 1180 419 1242 ζεται
464 1177 526 1230 τὸ
567 1177 800 1245 σκάφος.
846 1177 1036 1247 Ὑμεῖς
1081 1175 1462 1247 κατορθώσατε
1494 1176 1592 1248 τὴν
1632 1177 1854 1248 εἰρήνην

284 1262 410 1332 μετὰ
435 1260 536 1331 τὴν
564 1260 666 1313 τοῦ
687 1258 823 1314 Θεοῦ
855 1261 1042 1331 χάριν·
1074 1261 1219 1330 ὑμᾶς
1243 1261 1533 1322 κοινωνοὺς
1559 1264 1854 1331 ποιήσομαι

283 1346 369 1414 τῆς
406 1343 734 1411 ἀσφαλείας.
765 1345 946 1414 Χωρὶς
980 1342 1136 1411 ὑμῶν
1175 1342 1328 1395 οὐδὲν
1358 1344 1698 1414 ἐργάσομαι,
1735 1342 1854 1399 εἶτα

282 1429 366 1481 καὶ
394 1428 490 1497 τῆς
521 1427 949 1496 θεοφιλεστάτης
980 1428 1314 1497 Αὑγούστης.
1347 1429 1458 1481 Καὶ⁵
1490 1415 1598 1499 γὰρ
1627 1429 1854 1499 κάκείνη

3415 396 3525 451 448

1953 531 2088 576 εσιν,
2113 513 2208 566 καὶ⁸
2234 513 2340 566 τῶν
2377 511 2637 583 βασιλέων
2672 510 2770 582 τὴν
2803 511 3076 581 πρόνοιαν.
3110 508 3188 564 Οὐ
3217 509 3326 582 γὰρ
3355 511 3528 574 οὕτως

1955 597 2139 660 αὐτοῖς
2175 595 2323 665 μέλει
2355 595 2482 665 περὶ
2511 594 2770 665 πολέμου,
2792 593 2866 655 ὡς
2896 594 3022 663 περὶ
3059 593 3404 662 Ἐκκλησιας,
3427 594 3528 663 οὐχ

1955 679 2096 732 οὕτω
2125 679 2254 748 περὶ¹
2285 677 2512 743 πόλεως,
2546 677 2621 740 ὡς
2652 678 2780 748 περὶ⁸
2819 675 3163 745 Ἐκκλησίας.
3206 676 3529 747 Παρακαλέ-

1958 778 2139 831 σωμεν
2167 761 2259 813 τὸν
2287 760 2442 822 Θεὸν,
2470 758 2789 830 ἀξιώσωμεν
2813 760 3080 828 εκείνηνῇ
3102 759 3529 829 παραμείνωμεν

1954 849 2074 908 ταῖς
2105 845 2292 915 εὐχαῖς
2312 861 2324 872 ·
2349 846 2444 898 καὶ
2473 844 2568 914 μὴ,
2599 843 2785 914 ἐπειδὴ
2820 839 2982 913 ἐλύθη
3025 842 3094 895 τὰ
3136 843 3304 905 δεινὰ,
3339 845 3530 913 χαυνό-

1954 946 2100 1001 τεροι
2123 927 2424 998 γενώμεθα.
2448 926 2548 979 Διὰ
2574 925 2730 979 τοῦτο
2752 926 2856 988 ἕως
2875 925 2973 995 τῆς
2999 926 3236 995 σήμερον
3260 926 3531 995 εὐχόμεθα

1955 1011 2178 1081 λυθῆναι
2205 1010 2276 1063 τὰ
2319 1009 2489 1063 δεινά.
2528 1009 3024 1079 Εὐχαριστήσωμεν
3045 1006 3123 1076 τῷ
3169 1007 3309 1077 Θεῷ,
3340 1007 3533 1073 ὥσπερ

1954 1094 2077 1148 τότε
2105 1093 2360 1164 ἀνδρεῖοι,
2388 1093 2530 1145 οὕτω
2559 1093 2654 1145 καὶ
2686 1093 2923 1162 σήμερον
2950 1090 3243 1142 σπουδαῖοι.
3277 1089 3446 1161 ’Υπὲρ
3474 1091 3530 1144 δὲ

1954 1175 2162 1229 τούτων
2191 1175 2447 1230 ἁπάντων
2480 1176 2964 1246 εὐχαριστήσωμεν
2994 1173 3072 1244 τῷ
3100 1173 3240 1244 Θεῷ,
3270 1166 3313 1241 ᾧ
3344 1175 3376 1244 ἡ
3404 1174 3530 1238 δόξα

1956 1261 2050 1312 καὶ
2082 1259 2143 1312 τὸ
2189 1259 2388 1330 κράτος
2415 1258 2530 1328 ἅμα
2554 1258 2632 1328 τῷ
2661 1257 2773 1328 Υἰῷ
2805 1258 2902 1310 σὺν
2929 1256 3006 1327 τῷ
3045 1256 3232 1328 ἀγαθῷ
3267 1257 3360 1309 καὶ
3394 1257 3530 1320 ζωο-

1956 1342 2096 1413 ποιῷ
2125 1342 2405 1410 Πνεύματι
2431 1341 2528 1395 νῦν
2551 1341 2644 1394 καὶ
2671 1341 2781 1406 ἀεὶ,
2812 1340 2907 1393 καὶ
2933 1342 3013 1404 εἰς
3037 1341 3162 1404 τοὺς
3193 1339 3393 1403 αἰῶνας
3422 1339 3532 1392 τῶν

1955 1425 2188 1480 αἰώνων.
2228 1427 2286 1478 ’Δ
2295 1426 2423 1496 μήν.

284 1511 542 1581 φροντίζει
573 1513 670 1564 καὶ.
706 1513 950 1582 μεριμνᾷ
982 1511 1077 1563 καὶ
1104 1511 1398 1581 πάμπολλα
1433 1515 1594 1574 ποιεῖ,
1625 1512 1764 1566 ὥστε
1791 1513 1855 1567 τὸ

283 1593 528 1661 φυτευθὲν
559 1598 743 1665 μεῖναι
785 1594 1022 1665 βέϐαιον,
1051 1593 1192 1646 ὥστε
1217 1596 1318 1666 τὴν
1348 1595 1672 1665 Ἐκκλησίαν
1692 1596 1852 1649 ὰκλυο

283 1673 518 1733 ὃώνιστον
553 1680 764 1748 μεῖναι.
822 1677 1093 1748 Ἐπῄνεσα
1129 1673 1220 1732 οὖν
1265 1677 1360 1732 καὶ
1404 1679 1556 1750 ὑμῶν
1585 1679 1685 1751 τὴν
1729 1679 1854 1734 σύν-

2018 1571 2045 1599 ⁸
2081 1569 2385 1630 ’Λειώσωμεν
2405 1567 2604 1626 ἐκείνην,
2630 1565 2752 1616 forte
2773 1567 2964 1630 ἐκεῖνον.
3007 1564 3058 1630 S_i
3097 1571 3201 1616 stet
3221 1567 3374 1616 lectio
3402 1565 3530 1630 eieci.

1953 1649 2056 1690 νην,
2085 1639 2137 1680 et
2160 1628 2360 1691 quidem
2397 1636 2533 1691 stare
2554 1641 2707 1690 posse
2729 1629 2940 1686 videtur,
2967 1628 3227 1677 referenda
3255 1636 3335 1677 est
3354 1629 3413 1678 ad
3436 1629 3531 1680 tm.

1955 1689 2238 1756 peratorum
2259 1689 2618 1753 providentiam
2651 1692 2798 1752 paulo
2821 1696 2937 1740 ante
2956 1695 3294 1739 memoratam.

831 2582 1020 2646 POST
1062 2581 1408 2647 BEDITUM
1447 2581 1547 2643 AB
1586 2581 1887 2645 EXSILIO
1928 2583 1979 2644 A
2021 2579 2576 2646 CHRYSOSTOMO
2615 2582 2983 2646 HABITAM.

286 2880 339 2921 ea
365 2865 610 2923 omnibus
635 2865 994 2936 γνησιότητος
1014 2862 1186 2932 signis
1217 2863 1292 2916 ita
1331 2860 1543 2932 munita
1569 2867 1672 2924 est,
1707 2867 1768 2915 ut
1791 2857 1859 2914 de
1888 2858 1978 2914 illa
2011 2859 2288 2915 neminem
2331 2860 2469 2915 bene
2515 2861 2830 2917 consultum
2865 2869 3053 2930 putem
3085 2876 3208 2919 esse
3258 2860 3543 2919 dubitatu-

287 3016 428 3056 rum:
465 3015 592 3056 nam
616 3011 794 3069 pauca
819 2996 912 3051 illa
940 3010 1062 3067 quae
1089 2995 1157 3050 de
1181 2993 1376 3050 exsilio
1400 3006 1501 3048 suo
1523 2991 1725 3063 primo,
1763 2989 1942 3062 deque
1977 3005 2230 3062 regressu
2281 3007 2384 3048 suo
2425 2993 2618 3062 tangit,
2661 2993 2737 3049 ita
2781 3005 3038 3051 accurate
3087 2995 3265 3065 posita
3300 3004 3451 3063 sunt,
3482 3006 3544 3052 ut

286 3153 339 3194 ea
367 3139 611 3197 Graeculo
636 3137 901 3209 cuipiam,
923 3151 990 3192 ex
1015 3149 1206 3190 eorum
1238 3146 1472 3188 numero
1505 3129 1598 3200 qui
1625 3129 1903 3186 orationes
1924 3138 1978 3185 et
2002 3129 2259 3188 homilias
2307 3145 2340 3186 a
2390 3145 2449 3187 se
2491 3131 2577 3187 vel
2603 3129 2777 3188 factas
2813 3131 2898 3187 vel
2942 3132 3069 3186 hinc
3108 3131 3234 3188 inde
3265 3130 3546 3189 consarci-

285 3290 424 3338 natas
453 3281 858 3355 Chrysostomo
879 3277 1114 3348 aliisque
1144 3273 1403 3330 Patribus
1447 3270 1837 3329 udscribebant
1860 3311 1876 3338 ,
1903 3271 2072 3326 tribui
2114 3286 2224 3326 non
2260 3272 2454 3342 possit.
2483 3270 2604 3328 Non
2652 3272 2691 3327 ii
2741 3267 2940 3344 quippe
2981 3282 3158 3339 erant,
3192 3273 3286 3344 qui
3323 3280 3546 3343 possent

286 3421 522 3480 historica
564 3429 687 3478 acta
715 3417 1003 3490 diligenter
1034 3421 1089 3469 et
1117 3411 1416 3469 secundum
1447 3425 1635 3466 veram
1667 3408 1862 3465 seriem
1895 3408 2133 3476 referre;
2163 3424 2272 3465 non
2300 3418 2417 3466 erat
2447 3413 2672 3483 nugacis
2720 3413 2953 3468 Graeculi
2992 3415 3224 3485 carptim
3270 3414 3453 3470 dicere
3490 3378 3544 3469 iu

285 3565 446 3636 priore
466 3565 674 3622 exsilio
699 3564 902 3621 multos
923 3580 990 3620 ex
1015 3563 1106 3632 iis,
1133 3563 1228 3635 qui
1257 3563 1557 3622 adversarii
1585 3563 1967 3637 Chrysostomi
1995 3562 2237 3630 fuerant,
2264 3563 2642 3619 misericordia
2673 3572 2850 3618 motos
2883 3563 2951 3618 ad
2988 3561 3110 3631 ejus
3138 3571 3323 3632 partes
3367 3575 3550 3618 trans-

285 3707 419 3775 lisse,
460 3709 616 3780 quod
645 3709 830 3778 utique
853 3717 1066 3778 gestum
1090 3706 1212 3773 fuit,
1243 3715 1304 3762 ut
1329 3714 1384 3762 et
1419 3709 1472 3760 in
1510 3707 1614 3762 hac
1637 3705 1859 3760 homilia
1889 3703 2268 3776 significatur;
2301 3719 2411 3758 non
2459 3713 2576 3759 erat
2609 3702 2841 3758 Graeculi
2874 3718 3152 3767 enarrare,
3181 3702 3366 3757 statim
3413 3710 3539 3771 post

286 3862 585 3921 regressum
629 3849 1034 3922 Chrysostomi,
1078 3863 1272 3905 omnes
1313 3846 1661 3904 adversarios
1704 3845 1826 3916 ejus
1873 3844 2057 3917 fugam
2097 3843 2315 3912 fecisse,
2357 3843 2432 3899 ita
2469 3853 2528 3898 ut
2555 3859 2623 3899 ne
2650 3859 2795 3899 unus
2826 3843 3046 3914 quidem
3073 3851 3456 3913 compareret;
3493 3840 3548 3897 id

287 3989 419 4062 quod
450 4004 600 4047 verae
633 3988 876 4044 historia:
898 3989 1147 4058 apprime
1174 4001 1481 4044 consonum
1513 3992 1616 4042 est.
1639 3983 1848 4040 Cmtera
1879 3997 2002 4054 quae
2025 3988 2332 4052 sequuntur
2361 3981 2415 4036 in
2445 3981 2550 4037 hac
2594 3981 2818 4036 homilia
2865 3981 3123 4038 existimo
3165 3981 3329 4036 etiam
3372 3981 3548 4053 Chry-

288 4137 492 4192 sostomi
524 4151 675 4202 esse,
701 4136 834 4192 licet
861 4151 970 4191 non
1003 4134 1178 4191 ausim
1209 4133 1481 4190 atlirmare
1525 4147 1591 4188 ea
1638 4147 1864 4203 prorsus
1906 4145 2030 4188 esse
2082 4127 2277 4185 alienis
2313 4125 2639 4197 quibusdam
2694 4125 3028 4182 assumentis
3076 4140 3283 4193 vacua;
3324 4132 3550 4196 possent

289 4277 418 4332 enim
441 4286 706 4336 extranea
735 4293 902 4333 manu
933 4284 1226 4334 retractata
1247 4277 1420 4333 fuisse
1443 4275 1654 4347 aliquot
1683 4275 1738 4330 in
1767 4275 1926 4331 locis.
1963 4273 2065 4329 Hic
2088 4286 2198 4328 non
2226 4287 2403 4343 pauca
2437 4279 2586 4337 sunt,
2615 4286 2738 4342 qua:
2778 4267 3011 4324 Humilia
3048 4269 3118 4324 55
3154 4269 3208 4323 in
3234 4266 3548 4323 Matthaeum

292 4419 462 4478 iisdem
486 4439 630 4496 pene
653 4424 834 4480 verbis
863 4422 1145 4492 feruntur;
1186 4433 1294 4478 tam
1327 4421 1594 4477 familiare
1617 4429 1799 4475 autem
1836 4419 1938 4474 fuit
1968 4416 2382 4488 Chrysostomo,
2407 4429 2469 4470 ea
2498 4429 2621 4485 quae
2646 4413 2854 4484 pridem
2882 4412 3114 4478 dixerat,
3142 4410 3195 4464 in
3230 4410 3350 4464 aliis
3380 4408 3552 4464 homi-

288 4563 368 4620 liis
396 4564 624 4632 referre,
655 4573 718 4621 ut
743 4564 797 4622 id
826 4564 1011 4635 potius
1046 4565 1114 4619 ad
1149 4572 1421 4627 nostram,
1451 4575 1616 4632 quam
1663 4560 1731 4615 ad
1768 4557 2100 4615 contrariam
2152 4552 2481 4612 sententiam
2523 4551 2784 4607 tuendam
2831 4548 3013 4604 afferri
3054 4561 3216 4618 posse
3269 4555 3547 4617 putemus.

292 4703 383 4762 Ubi
406 4711 566 4764 etiam
598 4709 988 4764 advertendum
1037 4708 1167 4764 illud
1199 4709 1254 4763 in
1284 4710 1390 4764 line
1416 4706 1579 4778 hujus
1633 4705 1853 4761 homilia

1955 4704 2180 4773 ositum,
2229 4699 2378 4774 quod
2429 4696 2764 4772 μνημονικὸν
2814 4693 3190 4766 Chrysostomi
3242 4692 3552 4764 ἁμάρτημα

292 4841 509 4905 fortasse
538 4838 738 4917 fuerit;
780 4863 975 4920 nempe
1008 4848 1162 4903 Dixit
1197 4847 1360 4913 Deus,
1396 4844 1525 4900 Fiat
1553 4845 1763 4920 caelum,
1796 4851 1846 4896 et
1880 4841 2084 4910 factum
2113 4850 2192 4896 est
2226 4839 2438 4909 calum,
2467 4841 2526 4895 in
2560 4837 2795 4895 Homilia
2834 4852 3058 4909 qucque
3082 4837 3170 4892 illa
3218 4837 3286 4892 55
3327 4837 3381 4891 in
3413 4834 3553 4890 Mat-

301 4990 486 5050 thaaum
515 4995 762 5065 reperiri.
798 4993 892 5050 Illa
923 5009 1051 5050 vero
1076 4993 1320 5050 clausula
1344 4993 1401 5047 in
1437 4990 1720 5060 Scriptura
1748 5004 1905 5046 sacra
1934 5003 2042 5044 non
2084 4987 2374 5058 reperitur.
2413 4987 2609 5042 Verum
2657 5001 2764 5042 non
2798 4999 2924 5041 raro
2967 4985 3399 5058 Chrysostomus
3439 5001 3554 5041 me-

293 5136 506 5192 moriter
534 5137 833 5210 Scriptum
861 5138 1025 5193 verba
1053 5135 1259 5193 referre
1287 5135 1446 5201 solet,
1472 5143 1527 5189 et
1562 5134 1671 5189 alio
1709 5149 1875 5204 quam
1910 5131 2215 5187 habeantur
2261 5129 2428 5185 modo
2457 5143 2799 5198 expromere.

354 5269 426 5328 Ea
451 5288 616 5345 porro
647 5273 908 5339 iiomilia,
939 5287 1062 5342 quae
1090 5271 1231 5326 inter
1259 5269 1395 5325 alias
1429 5268 1592 5336 falso,
1647 5276 1708 5322 ut
1758 5267 2111 5324 consentiunt
2151 5280 2343 5321 omnes
2366 5304 2382 5331 ,
2427 5262 2646 5336 Origeni
2690 5264 2980 5336 ascriptas,
3024 5275 3365 5330 recensetur,
3399 5266 3557 5336 cujus

302 5413 536 5468 meminit
583 5427 752 5484 supra
800 5410 1006 5467 Fronto
1042 5409 1292 5475 Ducaeus,
1333 5406 1499 5477 hujus
1542 5415 1626 5462 est
1667 5420 1806 5476 pene
1843 5403 2248 5474 compendium.
2298 5400 2437 5457 Huic
2484 5400 2700 5468 similis,
2738 5401 2831 5457 sed
2865 5400 3037 5456 multo
3069 5400 3281 5471 longior
3309 5409 3390 5456 est
3425 5401 3555 5471 alia,

298 5566 407 5619 Quae
433 5553 570 5611 inter
591 5555 858 5612 Homilias
881 5570 948 5611 ex
975 5542 1142 5610 variis
1167 5553 1222 5608 in
1246 5551 1558 5607 Matthaeum
1588 5549 1723 5606 locis
1753 5549 1962 5606 decima
1991 5548 2224 5618 septima
2254 5554 2599 5614 numeratur,
2631 5559 2864 5618 quicque
2903 5544 2958 5600 in
2997 5542 3340 5601 Editionibus
3380 5543 3555 5614 Chry-

298 5697 507 5753 sostomi
534 5698 747 5755 Latinis
774 5706 900 5754 ante
928 5696 1261 5754 Frontonem
1302 5695 1555 5750 Duczculn
1581 5691 1877 5765 publicatis
1908 5706 2041 5748 cusa
2077 5690 2201 5746 fuit.

365 5839 527 5916 llujus
562 5845 806 5903 homiliae
840 5844 1346 5917 interpretationem
1379 5859 1578 5902 novam
1604 5842 1854 5900 Latinam
1885 5841 2298 5900 adornaviinus.
