4036 6428
472 618 992 630 ~-———————
1002 619 1529 630 ——-—-——.———

497 410 533 466 5
1010 426 1015 429 ·
1805 412 1893 468 DE
1947 411 2377 470 CHANANAE‘A.

1175 950 1304 1039 IN
1380 947 2184 1039 DIMISSIONEM
2258 949 3014 1043 CHANANAEIE.

1082 1200 1314 1247 nsum
1368 1199 1583 1246 AUTEM
1637 1198 1754 1244 κεί·
1811 1198 1968 1244 ros'r
2025 1199 2174 1247 mus
2227 1200 2509 1246 unum
2557 1201 2640 1245 as
2693 1200 2936 1247 nxsmo
2989 1184 3098 1266 (a).

501 1732 558 1785 1.
585 1729 909 1800 Tempestas
935 1727 1121 1799 ingens
1145 1727 1304 1784 saevit
1328 1768 1345 1795 ,
1376 1727 1472 1784 sed
1499 1742 1685 1784 eorum
1710 1729 1801 1799 qui
1831 1742 2030 1785 conve-

432 1833 626 1879 nerunt
656 1822 990 1878 alacritatem
1021 1836 1127 1876 non
1157 1820 1435 1885 cohibuit;
1466 1820 1651 1875 multa:
1682 1821 2027 1883 tentationes,

433 1915 533 1970 sed
562 1913 892 1970 desiderium
929 1920 1164 1967 vestrum
1204 1927 1312 1967 non
1354 1912 1648 1967 solverunt.
1695 1910 1814 1966 Non
1855 1922 2032 1967 cessat

435 2006 680 2062 Ecclesia
720 2004 1015 2076 oppugnari
1045 2045 1061 2073 ,
1088 2012 1144 2059 et
1179 2003 1435 2069 vincere;
1477 2002 1685 2057 insidiis
1728 2003 1910 2073 impeti
1931 2043 1947 2067 ,
1977 2011 2032 2058 et

435 2110 695 2167 superare
720 2095 961 2151 insidias.
983 2095 1195 2162 Quanto
1217 2095 1388 2164 magis
1407 2094 1496 2148 alii
1518 2094 1858 2159 insidiantur,
1881 2102 2031 2149 tanto

436 2189 611 2259 magis
640 2187 731 2242 illa
757 2196 980 2257 augetur
1007 2203 1023 2241 :
1052 2186 1248 2242 ﬂuctus
1272 2186 1619 2257 dissipantur,
1651 2197 1706 2241 et
1743 2195 1894 2258 petra
1924 2195 2032 2243 stat

436 2278 749 2335 immobilis.
777 2278 1015 2335 Interdiu
1039 2277 1303 2342 doctrina,
1332 2286 1494 2332 noctu
1523 2276 1714 2346 vigiliae
1732 2294 1747 2345 ;
1766 2277 1880 2333 dies
1906 2293 2030 2334 cum

436 2381 596 2428 nocte
620 2379 832 2427 certat:
864 2370 974 2426 illic
1002 2370 1264 2438 collectae,
1290 2378 1344 2425 et
1379 2369 1467 2425 hic
1493 2369 1733 2425 collectae
1764 2386 1779 2425 :
1809 2384 1916 2425 nox
1944 2368 2031 2425 fo-

436 2480 555 2519 rum
602 2464 869 2520 convertit
912 2463 969 2518 in
1009 2463 1289 2519 mlesiam
1316 2480 1331 2529 ;
1361 2463 1613 2519 alacritas
1656 2462 1822 2517 animi
1865 2463 2030 2520 vestri

435 2561 557 2630 igne
583 2558 951 2614 vehementior
974 2564 1080 2613 est.
1108 2556 1494 2612 Cohortatione
1520 2570 1629 2611 non
1657 2555 1905 2628 indigetis
1927 2597 1943 2623 ,
1974 2566 2031 2612 et

434 2651 672 2707 studium
707 2649 973 2705 exhibetis
1015 2657 1279 2704 vestrum.
1319 2650 1450 2717 Quis
1492 2663 1601 2703 non
1639 2648 1981 2718 Obstupescat
2003 2648 2030 2702 1

432 2743 553 2814 quis
590 2756 699 2797 non
741 2740 1016 2797 miretur?
1043 2740 1160 2796 Non
1203 2738 1366 2795 modo
1389 2740 1478 2809 qui
1508 2741 1680 2795 nostri
1723 2748 1882 2805 sunt,
1918 2754 2029 2796 non

432 2832 720 2889 abfuerunt
741 2873 758 2900 ,
798 2833 895 2890 sed
916 2832 1081 2889 etiam
1106 2832 1199 2903 qui
1238 2830 1413 2887 nostri
1441 2845 1548 2887 non
1585 2839 1711 2886 sunt
1732 2871 1749 2897 ,
1780 2845 2027 2887 accesse-

431 2935 559 2981 runt
624 2923 643 2955 ³
677 2962 695 2978 .
736 2923 1050 2993 Huiusmodi
1090 2931 1175 2979 est
1216 2922 1572 2978 tentationum
1616 2923 1825 2977 lucrum
1855 2939 1870 2976 :
1898 2936 2025 2977 nam

429 3022 569 3075 sicut
595 3017 775 3089 pluvia
799 3017 1054 3074 decidens
1088 3017 1296 3072 semina
1319 3017 1519 3071 excitat
1537 3057 1553 3081 ,
1598 3017 1679 3072 sic
1711 3025 1768 3072 et
1793 3017 2027 3072 animam

430 3111 692 3167 invadens
737 3111 959 3166 tentatio
1001 3110 1158 3181 erigit
1196 3111 1454 3165 animum.
1486 3109 1723 3165 Verbum
1771 3110 1866 3165 Dei
1893 3117 2023 3166 est:

429 3205 748 3261 inconcussa
788 3210 873 3257 est
910 3201 1150 3257 Ecclesia
1179 3217 1196 3256 :
1224 3199 1400 3255 Poma
1434 3201 1587 3271 inferi
1629 3216 1733 3255 non
1779 3201 2025 3270 prmio-

432 3298 553 3349 bunt
579 3294 824 3347 adversus
851 3308 963 3347 eam
996 3291 1017 3366 (
1040 3291 1224 3347 Matth.
1256 3292 1343 3347 16.
1372 3292 1442 3347 18
1460 3291 1500 3361 ).
1530 3291 1631 3358 Qui
1657 3291 1930 3363 impugnat
1957 3291 2024 3347 il-

431 3388 559 3450 lam,
578 3399 638 3440 se
658 3384 831 3455 ipsum
854 3382 1118 3454 proﬂigat,
1148 3382 1425 3453 ipsamque
1451 3380 1726 3438 fortiorem
1746 3382 2020 3439 ostendit:

430 3481 519 3549 qui
557 3479 830 3549 impugnat
872 3476 1015 3532 illam
1037 3517 1055 3544 ,
1080 3475 1225 3530 vires
1263 3488 1388 3529 suas
1413 3473 1596 3545 dejicit
1620 3513 1637 3540 ,
1674 3483 2027 3546 nostrumque

431 3570 892 3644 tropaeum~reddit
916 3569 1196 3625 illustrius.
1223 3567 1546 3638 Splendidus
1569 3576 1687 3622 erat
1712 3578 1871 3623 antea
1894 3567 2020 3636 Job,

430 3674 615 3735 perstea
656 3679 787 3720 vero
834 3660 1165 3733 splendidior
1205 3659 1472 3730 apparuit.
1518 3658 1744 3727 Quando
1790 3673 2022 3729 corpore

429 3770 592 3812 annos
614 3763 752 3822 erat,
784 3769 891 3809 non
917 3754 989 3808 ita
1016 3749 1331 3824 splendidus
1356 3747 1475 3818 fuit,
1506 3758 1566 3805 ut
1591 3762 1715 3804 cum
1739 3748 2021 3803 vulnerum

425 3848 581 3902 sanie
619 3846 999 3903 coronabatur.
1037 3843 1159 3899 Noli
1191 3842 1541 3898 tentationem
1568 3854 1820 3910 umquam
1848 3837 2016 3894 refor-

427 3942 634 3997 midare
656 3980 672 4007 ,
714 3941 762 3995 si
798 3947 1149 4010 praeparatam
1196 3935 1397 3991 habeas
1433 3933 1690 3989 animam.
1720 3932 2019 3987 Tribulatio

427 4032 560 4087 nihil
588 4031 755 4087 ofﬁcit
780 4072 798 4098 ,
841 4029 936 4086 sed
980 4028 1286 4100 patientiam
1316 4032 1572 4095 operatur
1600 4024 1620 4096 (
1648 4022 1806 4078 Rom.
1834 4024 1888 4081 5.
1915 4023 1951 4078 ὅ
1971 4021 2011 4096 ).

427 4126 560 4181 Nam
591 4123 1039 4196 quemadmodum
1064 4122 1196 4177 nihil
1222 4120 1388 4177 officit
1411 4134 1544 4174 auro
1572 4117 1784 4184 fornax,
1812 4119 1892 4173 sic
1918 4134 2017 4174 ne-

426 4234 533 4289 que
559 4217 832 4273 tribulatio
856 4229 1119 4287 generoso
1143 4222 1320 4270 nocet.
1350 4213 1491 4282 Quid
1524 4211 1651 4267 facit
1681 4212 1871 4267 fornax
1895 4226 2019 4283 quae

426 4326 617 4366 aurum
660 4308 902 4379 excipit?
944 4307 1144 4363 Purum
1186 4305 1316 4361 illud
1360 4303 1559 4359 reddit.
1598 4303 1737 4372 Quid
1765 4312 2019 4374 operatur

426 4402 700 4457 tribulatio
760 4398 1060 4455 toleranti?
1112 4396 1454 4454 Patientiam.
1510 4395 1891 4452 Sublimiorem
1951 4394 2018 4449 il-

428 4496 537 4548 lum
553 4494 736 4560 efficit,
753 4491 1013 4549 desidiam
1037 4498 1262 4557 resecat,
1280 4490 1515 4544 animum
1539 4488 1764 4558 colligit,
1779 4495 2014 4542 mentem

424 4586 603 4642 reddit
652 4584 1144 4656 temperantiorem.
1171 4581 1496 4637 Invexerunt
1531 4580 1879 4634 tentationem
1903 4617 1921 4644 ,
1958 4585 2018 4632 ut

426 4692 555 4734 oves
577 4678 876 4749 abigerent,
900 4684 956 4731 et
981 4675 1308 4731 contrarium
1336 4673 1514 4730 evenit
1543 4671 1601 4738 ¹;
1642 4670 1733 4726 illa
1756 4670 1899 4728 enim
1922 4684 2016 4741 pa-

425 4784 624 4827 storem
653 4770 971 4827 introduxit.

502 4862 680 4918 Hostes
701 4860 1047 4933 Chrysostomi
1065 4860 1155 4914 illo
1183 4873 1381 4914 reuerso
1400 4857 1663 4927 fugerunt.
1698 4855 2014 4911 Publicanue

423 4955 556 5022 quis.
574 4953 813 5008 Liberum
841 4951 1127 5007 arbitrium.
1158 4949 1466 5005 Pumitentia
1492 4948 1665 5002 omnia
1691 4948 1816 5003 uitia
1837 4946 2009 5001 solvit.

498 5071 549 5132 α)
576 5070 764 5122 Coilata
792 5082 904 5120 cum
925 5068 1106 5121 Codice
1138 5069 1423 5120 Colbertino
1446 5066 1557 5132 365.

524 5127 740 5183 Colbert.
766 5134 916 5196 verba
942 5152 953 5179 :
981 5133 1052 5181 Οὐ
1256 5131 1465 5196 οἱηόντες
1502 5131 1592 5196 at}:
1625 5127 1993 5196 ἀπελείφθῃσανη

414 5194 538 5247 ἀλλὰ
556 5196 637 5257 ita!
667 5196 731 5256 μὴ
758 5188 1267 5257 ὄντεςᾼπρᾳσεγένογτο.
1292 5193 1403 5257 Non
1428 5190 1571 5240 modo
1598 5188 1681 5253 qui
1710 5188 1865 5257 nostri
1890 5194 1997 5257 sunt

414 5272 512 5313 non
527 5251 798 5320 abituri-um,
819 5254 906 5307 sed
933 5251 1081 5306 etiam
1104 5252 1365 5320 quinostri
1405 5265 1502 5302 non
1522 5251 1652 5320 simi,
1681 5251 1997 5320 advenerunt,

414 5312 503 5370 sic
527 5312 751 5382 breviter
780 5312 1049 5382 enuntiata
1089 5312 1325 5382 explicari
1371 5322 1490 5382 puto
1516 5326 1608 5374 per
1630 5314 1759 5382 haec
1779 5312 1998 5382 socratis

417 5386 608 5434 verba:
645 5380 705 5430 Ὀ
746 5381 801 5429 δὲ
844 5379 957 5442 λαὸς
997 5373 1220 5442 ἀφορηξᾲί
1254 5373 1557 5442 ἑσταξτίαζ-εὐ·
1596 5375 1681 5442 Δοξα
1717 5373 1769 5421 δὲ
1791 5374 1861 5442 ,ἐν
1897 5373 2000 5442 fcie

414 5432 652 5506 τοιοῖἔτοις
683 5441 806 5506 φιλεῖ
845 5432 1283 5506 γίνεᾶθαί-,ςῖὲολλοὶ
1329 5439 1427 5506 τῷν
1466 5437 1690 5506 ἀπεχθῶς
1719 5432 2001 5506 ετρὺςιαῦτὸν

416 5504 622 5567 ἐχόντων
639 5496 721 5555 ini
744 5496 905 5567 obtrev
922 5496 1285 5567 μετεϐάλλογτο,
1302 5499 1384 5567 τεαὶ
1397 5496 1801 5567 Δσξιηιοῳὶιὶγτεςῖσ(διάει
1820 5496 2000 5567 inv-ev,

416 5556 474 5614 ἐξ
488 5556 643 5631 μικρῷ
665 5556 1281 5631 ἐμπρᾳσϐενξκαθῃρῃμένφὲ
1307 5556 1566 5631 exstitiva
1585 5558 1876 5631 Oeddqg’otzt;
1904 5556 2002 5631 13o-

416 5587 467 5614 εν
524 5587 643 5631 ικρῳ
665 5587 928 5631 εμπροσυεν
951 5587 1277 5626 ῑαυῃρημινυν
1307 5587 1566 5621 ειιωιυμυυν
1586 5587 1861 5624 υῠυουυιυνυη.
1904 5587 1925 5606 ι
1950 5587 2001 5603 υ-

416 5587 562 5688 purus
594 5627 912 5693 horrendum
930 5623 983 5676 in
1009 5623 1208 5693 modum
1237 5618 1615 5693 tumultuantur
1636 5630 1657 5693 ς
1677 5615 2005 5693 utque-mlta:

834 5688 959 5739 solet
988 5683 1206 5753 euenire,
1244 5681 1388 5733 multi
1424 5694 1595 5753 eorum
1622 5678 1708 5744 qui
1734 5677 2005 5753 infensoiin

417 5743 557 5803 illum
575 5750 738 5802 animo
759 5755 916 5810 erant,
957 5746 1270 5810 miseratione
1309 5743 1640 5810 movebantur,
1664 5751 2005 5810 cumquem—

418 5802 616 5875 tumniis
656 5802 943 5875 oppressum
966 5808 1208 5870 dicebant,
1244 5819 1386 5872 quem
1407 5805 1556 5869 paulo
1588 5808 1700 5855 ante
1730 5802 2005 5864 depositum

421 5874 910 5941 t'idereoptuuemyu.
1016 5886 1056 5941 ³,
1311 5937 1321 5941 _
1702 5940 1729 5941 η

483 5940 502 5969 ³
527 5928 663 5990 Colb'.
687 5933 888 5998 invexit,
925 5946 1016 5999 pro
1040 5930 1358 5992 invaserunt;
1381 5928 1628 5995 prwstitit,
1653 5940 1758 5992 pro,
1780 5928 1949 5978 evenit.

2063 1467 2135 1480 —

2134 1758 2206 1770 —
2221 1729 2341 1797 Quo
2361 1730 2413 1786 in
2429 1739 2569 1786 statu
2586 1740 2711 1786 sunt
2723 1746 2812 1787 res
2831 1741 3028 1788 nostra!
3042 1733 3066 1789 ἲ
3079 1734 3351 1792 Laudibus
3364 1738 3718 1795 celebrantur.

2129 1822 2252 1890 Quo
2274 1824 2327 1878 in
2354 1834 2492 1879 statu
2520 1838 2606 1880 res
2633 1825 2882 1881 illorum?
2903 1826 3193 1897 Ignominia
3223 1831 3577 1886 cumulantur.
3609 1833 3721 1901 Qua

2132 1914 2439 1970 conditione
2450 1925 2576 1969 sunt
2590 1915 2804 1972 illorum
2822 1918 3032 1987 negotia
3050 1916 3072 1973 ‘i
3103 1917 3183 1974 Ne
3200 1930 3462 1990 apparent
3479 1923 3693 1992 quidem
3706 1961 3721 1976 .

2132 2005 2333 2061 Forum
2360 2021 2636 2076 percurro,
2680 2018 2737 2063 et
2773 2011 3041 2065 neminem
3070 2011 3248 2067 video.
3278 2013 3521 2069 Frondes
3541 2025 3717 2080 erant,

2132 2105 2189 2153 et
2206 2098 2369 2152 flante
2387 2105 2556 2153 vento
2575 2099 2925 2168 ceciderunt;
2960 2102 3127 2171 paleas
3152 2111 3328 2169 erant,
3370 2112 3425 2159 et
3453 2104 3723 2175 dissipata:

2131 2195 2280 2256 sunt,
2330 2187 2773 2260 frumentumque
2817 2200 3086 2248 maturum
3132 2194 3406 2265 apparuit;
3445 2197 3720 2266 plumbum

2130 2290 2267 2347 erat,
2314 2289 2371 2337 et
2396 2280 2734 2350 liquefactum
2776 2293 2879 2347 est,
2910 2295 3071 2355 atque
3100 2302 3299 2357 purum
3342 2289 3601 2345 remansit
3628 2303 3725 2344 au-

2131 2385 2272 2426 rum.
2303 2371 2435 2439 Quis
2452 2372 2655 2442 fugavit
2684 2374 2842 2430 illos?
2875 2375 3076 2443 Nemo;
3122 2378 3217 2433 sed
3247 2378 3601 2434 domesticum
3632 2380 3717 2433 ha-

2132 2461 2261 2517 bent
2307 2462 2519 2519 hostem
2567 2466 2946 2521 conscientiam
2995 2475 3119 2536 post
3167 2477 3465 2538 peccatum.
3526 2470 3715 2527 Sciunt

2130 2553 2257 2624 quid
2287 2552 2529 2610 fecerint.
2559 2556 2691 2612 Nam
2720 2557 2920 2613 etCain
2955 2560 3170 2615 volebat
3201 2560 3420 2616 fratrem
3447 2576 3603 2618 suum
3624 2578 3722 2621 oc-

2126 2644 2311 2699 cidere
2331 2642 2488 2715 (Gen.
2518 2646 2578 2717 4)
2607 2665 2623 2702 :
2648 2647 2744 2703 sed
2767 2662 2889 2704 cum
2920 2650 3137 2706 volebat
3161 2651 3433 2717 occidere,
3451 2652 3720 2723 cupiditas

2128 2736 2352 2794 ardebat
2379 2755 2393 2792 :
2426 2749 2707 2809 postquam
2738 2751 2918 2798 autem
2946 2754 3226 2813 peccatum
3248 2747 3593 2815 perpetravit,
3618 2762 3717 2817 ge-

2130 2843 2282 2884 mens
2304 2843 2371 2884 ac
2396 2837 2634 2886 tremens
2663 2830 2857 2901 ubique
2885 2842 3144 2888 terrarum
3166 2834 3479 2904 vagabatur.
3507 2836 3571 2891 Ili
3595 2851 3721 2892 vero

2129 2919 2254 2975 licet
2275 2921 2452 2990 reipsa
2472 2936 2577 2975 non
2604 2922 2920 2987 occiderint,
2963 2932 3019 2978 at
3058 2923 3333 2980 voluntate
3366 2934 3544 2981 tamen
3576 2927 3722 2982 occi-

2125 3010 2346 3066 derunt.
2393 3011 2704 3083 Perpetrata
2755 3022 2840 3069 est
2864 3013 3045 3068 caedes
3089 3021 3348 3084 quantum
3397 3017 3453 3071 in
3504 3016 3721 3073 illorum
3806 3014 3811 3021 ’

2124 3102 2461 3173 malignitate
2484 3102 2647 3158 situm
2677 3102 2774 3158 fuit
2813 3103 2949 3169 ;sed
2977 3105 3085 3159 vita
3114 3119 3373 3160 concessa
3392 3116 3479 3161 est
3501 3107 3594 3162 Dei
3626 3108 3721 3167 be-

2127 3195 2406 3265 nignitate.
2434 3195 2562 3251 Haec
2583 3210 2616 3250 a
2647 3210 2735 3251 me
2758 3195 3025 3261 dicuntur,
3055 3205 3116 3251 ut
3133 3196 3466 3253 alacritatem
3482 3210 3719 3256 vestram

2127 3288 2380 3353 excitem,
2412 3295 2470 3342 ut
2514 3302 2807 3357 numquam
2830 3288 3175 3345 tentationem
3205 3289 3586 3345 reformidatis.
3621 3291 3719 3348 Pe-

2125 3381 2331 3436 traes?
2357 3379 2437 3437 Ne
2482 3379 2676 3436 ﬂuctus
2701 3383 2913 3447 timeas,
2955 3396 3081 3435 nam
3133 3381 3302 3452 Super
3343 3383 3476 3437 hanc
3521 3395 3717 3454 petram

2120 3474 2388 3545 wdiﬁcabo
2409 3473 2693 3529 Ecclesth
2710 3490 2899 3536 meam,
2926 3481 2973 3528 et
3001 3483 3161 3545 porta:
3178 3474 3330 3545 inferi
3349 3492 3449 3529 non
3473 3476 3718 3545 prvae-

2125 3566 2249 3622 bunt
2271 3565 2510 3621 adrasus
2530 3583 2643 3621 eam
2662 3564 2877 3634 (Matth.
2901 3566 2990 3621 16.
3017 3565 3086 3622 18
3102 3566 3122 3639 )
3140 3608 3158 3630 ,
3200 3568 3388 3637 inquit.
3413 3569 3714 3639 Aliquando

2122 3667 2398 3724 extranea,
2445 3657 2715 3715 interdum
2760 3658 3010 3715 intestina
3037 3668 3163 3715 sunt
3198 3660 3499 3728 bella;sed
3549 3678 3710 3719 nemo

2124 3758 2302 3820 potest
2328 3750 2505 3805 navim
2530 3750 2897 3821 submergere.

2187 3884 2245 3941 Ξ.
2273 3885 2471 3942 Verum
2496 3900 2566 3941 ne
2606 3893 2775 3941 totum
2812 3893 3026 3957 tempus
3066 3886 3121 3941 in
3153 3884 3448 3944 referendis
3498 3889 3708 3950 illorum

2117 3978 2431 4035 criminibus
2460 3977 2852 4048 impendamus,
2871 3979 3212 4034 conscientiae
3238 3981 3427 4035 terrori
3455 3985 3704 4037 commit-

2119 4080 2296 4127 tamus
2320 4082 2436 4133 eos,
2484 4077 2538 4123 et
2564 4068 2805 4123 sinamus
2849 4078 3083 4123 mentem
3127 4069 3337 4124 illorum
3377 4085 3441 4125 ac
3488 4071 3706 4127 nefarias

2115 4162 2381 4235 cupidinis
2426 4163 2682 4233 impetum
2726 4177 2759 4216 a
2787 4160 3079 4216 domestico
3104 4161 3355 4217 carnifice
3409 4162 3653 4219 divexari
3686 4181 3701 4217 :

2115 4258 2355 4313 sinamus
2379 4270 2472 4312 eos
2500 4255 2683 4327 fugere
2717 4254 2936 4309 nemine
2961 4263 3345 4323 persequente;
3379 4252 3619 4308 sinamus
3645 4253 3699 4309 in

2114 4348 2438 4422 ignominia,
2467 4349 2682 4404 nomine
2717 4354 3057 4420 oppugnante
3098 4359 3345 4415 :nosque
3391 4355 3700 4400 censuetam

2114 4456 2359 4498 mensam
2385 4441 2539 4497 vobis
2562 4455 2912 4511 apponamus.
2941 4439 3058 4495 Non
3080 4439 3223 4494 enim
3259 4453 3469 4508 aequum
3514 4447 3616 4503 est,
3648 4449 3706 4494 ut

2115 4542 2327 4605 tempus
2356 4541 2590 4588 teramus
2612 4530 3130 4587 referendisillorum
3151 4529 3465 4595 sceleribus,
3488 4538 3537 4582 et
3567 4528 3706 4584 filios

2112 4627 2352 4683 sinamus
2380 4621 2521 4678 fume
2564 4622 2813 4677 cruciari.
2865 4621 3129 4676 iiesterno
3176 4620 3336 4688 igitur
3381 4619 3468 4675 die
3511 4619 3705 4675 Paulus

2113 4705 2268 4773 no'his
2296 4729 2535 4770 mensam
2560 4712 2855 4783 apparavit,
2896 4709 3055 4765 hodie
3082 4708 3393 4772 blatthaeus;
3441 4709 3556 4764 heri
3584 4717 3702 4764 ten-

2115 4808 2307 4864 torium
2349 4804 2546 4876 opifex,
2596 4804 2754 4859 hodie
2801 4802 3147 4872 publicauus;
3177 4801 3289 4855 heri
3336 4801 3701 4871 blasphemus,

2112 4900 2274 4957 hodie
2314 4907 2530 4970 raptor;
2579 4896 2691 4951 heri
2729 4902 3097 4966 persequutor,
3136 4892 3297 4948 hodie
3341 4909 3556 4950 avarus.
3598 4894 3703 4950 Sed

2112 4995 2456 5066 blasphemus
2481 4993 2590 5060 ille,
2621 4990 2964 5059 hlaSphemus
2989 5003 3093 5041 non
3127 4988 3343 5051 mansit,
3366 4986 3461 5042 sed
3488 4997 3704 5057 aposto-

2115 5089 2200 5146 Ius
2246 5089 2418 5145 factus
2440 5095 2558 5153 est;
2587 5099 2686 5140 nec
2711 5091 2895 5152 raptor
2922 5082 2974 5136 in
3008 5081 3209 5152 rapinis
3239 5081 3554 5149 permansit,
3600 5080 3696 5135 sed

2114 5184 2286 5239 factus
2338 5186 2422 5235 est
2458 5175 2804 5246 evangelista.
2854 5170 3232 5227 Commemoro
3269 5170 3547 5240 pristinam
3602 5185 3705 5225 ne-

2113 5273 2360 5346 quitiam,
2391 5278 2445 5325 et
2469 5269 2885 5336 subsequentem
2909 5263 3183 5329 virtutem,
3212 5270 3270 5317 ut
3298 5261 3475 5317 discas
3500 5271 3701 5331 quanta

2112 5362 2529 5437 sitpoanitentiae
2573 5360 2793 5423 utilitas,
2842 5372 2945 5412 nec
2973 5371 3224 5427 umquam
3264 5355 3332 5409 de
3382 5361 3471 5408 tua
3529 5353 3703 5408 salute

2111 5459 2386 5527 desiieres.
2444 5453 2700 5508 Doctores
2756 5450 2921 5503 nostri
2992 5448 3140 5517 prius
3182 5446 3412 5515 nequitia
3468 5443 3702 5499 illustres

2114 5547 2298 5611 fuere,
2351 5543 2444 5599 sed
2492 5541 2686 5597 deinde
2736 5554 2768 5595 a
2809 5538 3013 5609 iustitia
3079 5535 3332 5594 celebrati
3393 5543 3547 5598 sunt,
3601 5549 3702 5603 pu-

2112 5642 2353 5697 biicanns
2396 5647 2449 5693 et
2497 5635 2859 5703 blasphemus,
2909 5631 3017 5686 duo
3045 5629 3272 5684 vertices
3316 5626 3694 5697 improbitatis.

2109 5733 2245 5804 Quid
2274 5733 2416 5788 enim
2443 5739 2526 5786 est
2570 5724 3088 5795 teiouium?Rapina
3143 5720 3399 5791 legitima,
3446 5719 3701 5776 violentia

2112 5827 2319 5881 fiducia:
2350 5824 2530 5893 plena.
2556 5820 2804 5890 iniquitas
2830 5816 2962 5887 legis
2987 5812 3285 5884 patrocinio
3305 5812 3434 5867 fulta
3462 5830 3476 5865 :
3499 5809 3704 5865 furibus

2111 5920 2240 5993 ipsis
2268 5916 2452 5973 durior
2479 5921 2562 5971 est
2592 5911 2928 5982 publicanus.
2959 5905 3094 5975 Quid
3123 5912 3205 5961 est
3254 5902 3508 5960 telonium
3527 5901 3553 5955 τ
3580 5899 3706 5955 Vio-
