  <div class='ocr_page' id='page_1' title='image "/cluster/home/n/w/nwhite01/storage/ocr_20150623/52:no.3:pt.2/coo.31924054869510/071.png"; bbox 0 0 4036 6404; ppageno 0'>
   <div class='ocr_carea' id='block_1_1' title="bbox 356 398 452 458">
    <p class='ocr_par' dir='ltr' id='par_1_1' title="bbox 356 398 452 458">
     <span class='ocr_line' id='line_1_1' title="bbox 356 398 452 458; baseline 0.042 -4"><span class='ocrx_word' id='word_1_1' title='bbox 356 398 452 458; x_wconf 66' lang='grc'><strong>151</strong></span> 
     </span>
    </p>
   </div>
   <div class='ocr_carea' id='block_1_2' title="bbox 351 499 1933 586">
    <p class='ocr_par' dir='ltr' id='par_1_2' title="bbox 351 499 1933 586">
     <span class='ocr_line' id='line_1_2' title="bbox 351 499 1933 586; baseline -0.004 -19"><span class='ocrx_word' id='word_1_2' title='bbox 351 515 514 570; x_wconf 87' lang='lat' dir='ltr'><strong>tentia</strong></span> <span class='ocrx_word' id='word_1_3' title='bbox 545 528 665 586; x_wconf 69' lang='lat' dir='ltr'><strong>qua:</strong></span> <span class='ocrx_word' id='word_1_4' title='bbox 708 513 1062 584; x_wconf 75' lang='lat' dir='ltr'><strong>patrocinium</strong></span> <span class='ocrx_word' id='word_1_5' title='bbox 1107 499 1240 582; x_wconf 85' lang='lat' dir='ltr'><strong>legis</strong></span> <span class='ocrx_word' id='word_1_6' title='bbox 1267 510 1528 575; x_wconf 91' lang='lat' dir='ltr'><strong>obtendit,</strong></span> <span class='ocrx_word' id='word_1_7' title='bbox 1565 525 1684 579; x_wconf 68' lang='lat' dir='ltr'><strong>quae</strong></span> <span class='ocrx_word' id='word_1_8' title='bbox 1717 506 1933 563; x_wconf 87' lang='lat' dir='ltr'><strong>carniﬁ-</strong></span> 
     </span>
    </p>
   </div>
   <div class='ocr_carea' id='block_1_3' title="bbox 350 598 1940 676">
    <p class='ocr_par' dir='ltr' id='par_1_3' title="bbox 350 598 1940 676">
     <span class='ocr_line' id='line_1_3' title="bbox 350 598 1940 676; baseline -0.004 -16"><span class='ocrx_word' id='word_1_9' title='bbox 350 622 471 661; x_wconf 86' lang='lat' dir='ltr'><strong>cem</strong></span> <span class='ocrx_word' id='word_1_10' title='bbox 517 621 617 676; x_wconf 90' lang='lat' dir='ltr'><strong>pro</strong></span> <span class='ocrx_word' id='word_1_11' title='bbox 666 606 875 662; x_wconf 90' lang='lat' dir='ltr'><strong>medico</strong></span> <span class='ocrx_word' id='word_1_12' title='bbox 920 599 1473 674; x_wconf 37' lang='lat' dir='ltr'><strong>habet.‘lntelligisne</strong></span> <span class='ocrx_word' id='word_1_13' title='bbox 1515 602 1640 672; x_wconf 89' lang='lat' dir='ltr'><strong>quid</strong></span> <span class='ocrx_word' id='word_1_14' title='bbox 1678 598 1940 655; x_wconf 81' lang='lat' dir='ltr'><strong>dixerim?</strong></span> 
     </span>
    </p>
   </div>
   <div class='ocr_carea' id='block_1_4' title="bbox 351 691 1939 768">
    <p class='ocr_par' dir='ltr' id='par_1_4' title="bbox 351 691 1939 768">
     <span class='ocr_line' id='line_1_4' title="bbox 351 691 1939 768; baseline -0.006 -15"><span class='ocrx_word' id='word_1_15' title='bbox 351 697 525 768; x_wconf 81' lang='lat' dir='ltr'><strong>Leges</strong></span> <span class='ocrx_word' id='word_1_16' title='bbox 547 708 670 753; x_wconf 89' lang='lat' dir='ltr'><strong>sunt</strong></span> <span class='ocrx_word' id='word_1_17' title='bbox 699 698 911 763; x_wconf 91' lang='lat' dir='ltr'><strong>medici,</strong></span> <span class='ocrx_word' id='word_1_18' title='bbox 942 696 1132 753; x_wconf 90' lang='lat' dir='ltr'><strong>deinde</strong></span> <span class='ocrx_word' id='word_1_19' title='bbox 1162 695 1294 750; x_wconf 92' lang='lat' dir='ltr'><strong>ﬁunt</strong></span> <span class='ocrx_word' id='word_1_20' title='bbox 1320 693 1598 750; x_wconf 88' lang='lat' dir='ltr'><strong>carniﬁces</strong></span> <span class='ocrx_word' id='word_1_21' title='bbox 1623 710 1639 747; x_wconf 90' lang='lat'><strong>:</strong></span> <span class='ocrx_word' id='word_1_22' title='bbox 1672 708 1778 758; x_wconf 79' lang='lat' dir='ltr'><strong>non</strong></span> <span class='ocrx_word' id='word_1_23' title='bbox 1797 691 1939 746; x_wconf 89' lang='lat' dir='ltr'><strong>enim</strong></span> 
     </span>
    </p>
   </div>
   <div class='ocr_carea' id='block_1_5' title="bbox 353 784 1936 859">
    <p class='ocr_par' dir='ltr' id='par_1_5' title="bbox 353 784 1936 859">
     <span class='ocr_line' id='line_1_5' title="bbox 353 784 1936 859; baseline -0.003 -18"><span class='ocrx_word' id='word_1_24' title='bbox 353 789 504 845; x_wconf 91' lang='lat' dir='ltr'><strong>ulcus</strong></span> <span class='ocrx_word' id='word_1_25' title='bbox 532 798 742 856; x_wconf 83' lang='lat' dir='ltr'><strong>sanant,</strong></span> <span class='ocrx_word' id='word_1_26' title='bbox 773 790 868 845; x_wconf 90' lang='lat' dir='ltr'><strong>sed</strong></span> <span class='ocrx_word' id='word_1_27' title='bbox 894 798 1108 859; x_wconf 80' lang='lat' dir='ltr'><strong>augent.</strong></span> <span class='ocrx_word' id='word_1_28' title='bbox 1138 788 1275 856; x_wconf 84' lang='lat' dir='ltr'><strong>Quid</strong></span> <span class='ocrx_word' id='word_1_29' title='bbox 1305 797 1389 843; x_wconf 86' lang='lat' dir='ltr'><strong>est</strong></span> <span class='ocrx_word' id='word_1_30' title='bbox 1409 786 1710 841; x_wconf 87' lang='lat' dir='ltr'><strong>telonium?</strong></span> <span class='ocrx_word' id='word_1_31' title='bbox 1737 784 1936 838; x_wconf 87' lang='lat' dir='ltr'><strong>Pecca-</strong></span> 
     </span>
    </p>
   </div>
   <div class='ocr_carea' id='block_1_6' title="bbox 354 875 1925 952">
    <p class='ocr_par' dir='ltr' id='par_1_6' title="bbox 354 875 1925 952">
     <span class='ocr_line' id='line_1_6' title="bbox 354 875 1925 952; baseline -0.006 -16"><span class='ocrx_word' id='word_1_32' title='bbox 354 892 465 937; x_wconf 86' lang='lat' dir='ltr'><strong>tum</strong></span> <span class='ocrx_word' id='word_1_33' title='bbox 495 881 791 952; x_wconf 88' lang='lat' dir='ltr'><strong>impudens,</strong></span> <span class='ocrx_word' id='word_1_34' title='bbox 812 882 996 950; x_wconf 79' lang='lat' dir='ltr'><strong>rapina</strong></span> <span class='ocrx_word' id='word_1_35' title='bbox 1026 881 1307 936; x_wconf 83' lang='lat' dir='ltr'><strong>occasione</strong></span> <span class='ocrx_word' id='word_1_36' title='bbox 1342 878 1615 942; x_wconf 90' lang='lat' dir='ltr'><strong>destituta,</strong></span> <span class='ocrx_word' id='word_1_37' title='bbox 1645 875 1925 930; x_wconf 86' lang='lat' dir='ltr'><strong>latrocinio</strong></span> 
     </span>
    </p>
   </div>
   <div class='ocr_carea' id='block_1_7' title="bbox 352 967 1940 1035">
    <p class='ocr_par' dir='ltr' id='par_1_7' title="bbox 352 967 1940 1035">
     <span class='ocr_line' id='line_1_7' title="bbox 352 967 1940 1035; baseline -0.005 -6"><span class='ocrx_word' id='word_1_38' title='bbox 352 974 605 1029; x_wconf 83' lang='lat' dir='ltr'><strong>deterior.</strong></span> <span class='ocrx_word' id='word_1_39' title='bbox 630 974 789 1028; x_wconf 86' lang='lat' dir='ltr'><strong>Latro</strong></span> <span class='ocrx_word' id='word_1_40' title='bbox 816 973 943 1029; x_wconf 91' lang='lat' dir='ltr'><strong>dum</strong></span> <span class='ocrx_word' id='word_1_41' title='bbox 993 971 1216 1035; x_wconf 82' lang='lat' dir='ltr'><strong>furatur,</strong></span> <span class='ocrx_word' id='word_1_42' title='bbox 1265 971 1454 1026; x_wconf 80' lang='lat' dir='ltr'><strong>saltem</strong></span> <span class='ocrx_word' id='word_1_43' title='bbox 1503 969 1816 1033; x_wconf 84' lang='lat' dir='ltr'><strong>erubescit;</strong></span> <span class='ocrx_word' id='word_1_44' title='bbox 1854 967 1940 1021; x_wconf 91' lang='lat' dir='ltr'><strong>hic</strong></span> 
     </span>
    </p>
   </div>
   <div class='ocr_carea' id='block_1_8' title="bbox 350 1060 1943 1135">
    <p class='ocr_par' dir='ltr' id='par_1_8' title="bbox 350 1060 1943 1135">
     <span class='ocr_line' id='line_1_8' title="bbox 350 1060 1943 1135; baseline -0.003 -18"><span class='ocrx_word' id='word_1_45' title='bbox 350 1079 482 1120; x_wconf 88' lang='lat' dir='ltr'><strong>vero</strong></span> <span class='ocrx_word' id='word_1_46' title='bbox 522 1080 643 1121; x_wconf 90' lang='lat' dir='ltr'><strong>cum</strong></span> <span class='ocrx_word' id='word_1_47' title='bbox 697 1064 888 1120; x_wconf 88' lang='lat' dir='ltr'><strong>ﬁducia</strong></span> <span class='ocrx_word' id='word_1_48' title='bbox 937 1064 1230 1135; x_wconf 77' lang='lat' dir='ltr'><strong>pra-datur.</strong></span> <span class='ocrx_word' id='word_1_49' title='bbox 1256 1062 1456 1117; x_wconf 78' lang='lat' dir='ltr'><strong>Verum</strong></span> <span class='ocrx_word' id='word_1_50' title='bbox 1485 1062 1573 1115; x_wconf 89' lang='lat' dir='ltr'><strong>hic</strong></span> <span class='ocrx_word' id='word_1_51' title='bbox 1625 1060 1943 1128; x_wconf 88' lang='lat' dir='ltr'><strong>publicanus</strong></span> 
     </span>
    </p>
   </div>
   <div class='ocr_carea' id='block_1_9' title="bbox 351 1148 1941 1225">
    <p class='ocr_par' dir='ltr' id='par_1_9' title="bbox 351 1148 1941 1225">
     <span class='ocr_line' id='line_1_9' title="bbox 351 1148 1941 1225; baseline -0.006 -16"><span class='ocrx_word' id='word_1_52' title='bbox 351 1163 573 1225; x_wconf 88' lang='lat' dir='ltr'><strong>repente</strong></span> <span class='ocrx_word' id='word_1_53' title='bbox 618 1153 941 1224; x_wconf 77' lang='lat' dir='ltr'><strong>evangelista</strong></span> <span class='ocrx_word' id='word_1_54' title='bbox 988 1154 1160 1209; x_wconf 82' lang='lat' dir='ltr'><strong>lactus</strong></span> <span class='ocrx_word' id='word_1_55' title='bbox 1196 1160 1300 1207; x_wconf 89' lang='lat' dir='ltr'><strong>est.</strong></span> <span class='ocrx_word' id='word_1_56' title='bbox 1333 1148 1613 1217; x_wconf 86' lang='lat' dir='ltr'><strong>Quomodo</strong></span> <span class='ocrx_word' id='word_1_57' title='bbox 1639 1157 1698 1206; x_wconf 88' lang='lat' dir='ltr'><strong>et</strong></span> <span class='ocrx_word' id='word_1_58' title='bbox 1725 1164 1826 1218; x_wconf 89' lang='lat' dir='ltr'><strong>qua</strong></span> <span class='ocrx_word' id='word_1_59' title='bbox 1850 1163 1941 1203; x_wconf 87' lang='lat' dir='ltr'><strong>ra-</strong></span> 
     </span>
    </p>
   </div>
   <div class='ocr_carea' id='block_1_10' title="bbox 351 1240 1943 1317">
    <p class='ocr_par' dir='ltr' id='par_1_10' title="bbox 351 1240 1943 1317">
     <span class='ocr_line' id='line_1_10' title="bbox 351 1240 1943 1317; baseline -0.003 -17"><span class='ocrx_word' id='word_1_60' title='bbox 351 1248 535 1302; x_wconf 81' lang='lat' dir='ltr'><strong>tione?</strong></span> <span class='ocrx_word' id='word_1_61' title='bbox 556 1245 852 1312; x_wconf 81' lang='lat' dir='ltr'><strong>Transiens,</strong></span> <span class='ocrx_word' id='word_1_62' title='bbox 883 1247 1075 1317; x_wconf 83' lang='lat' dir='ltr'><strong>inquit,</strong></span> <span class='ocrx_word' id='word_1_63' title='bbox 1102 1244 1255 1301; x_wconf 73' lang='lat' dir='ltr'><strong>Iesus</strong></span> <span class='ocrx_word' id='word_1_64' title='bbox 1281 1244 1402 1299; x_wconf 82' lang='lat' dir='ltr'><strong>vidit</strong></span> <span class='ocrx_word' id='word_1_65' title='bbox 1430 1242 1731 1298; x_wconf 74' lang='lat' dir='ltr'><strong>Matt/usum</strong></span> <span class='ocrx_word' id='word_1_66' title='bbox 1763 1240 1943 1296; x_wconf 83' lang='lat' dir='ltr'><strong>seden-</strong></span> 
     </span>
    </p>
   </div>
   <div class='ocr_carea' id='block_1_11' title="bbox 350 1329 1946 1408">
    <p class='ocr_par' dir='ltr' id='par_1_11' title="bbox 350 1329 1946 1408">
     <span class='ocr_line' id='line_1_11' title="bbox 350 1329 1946 1408; baseline 0.002 -19"><span class='ocrx_word' id='word_1_67' title='bbox 350 1347 449 1390; x_wconf 88' lang='lat' dir='ltr'><strong>tem</strong></span> <span class='ocrx_word' id='word_1_68' title='bbox 474 1337 529 1391; x_wconf 85' lang='lat' dir='ltr'><strong>iu</strong></span> <span class='ocrx_word' id='word_1_69' title='bbox 557 1337 744 1392; x_wconf 81' lang='lat' dir='ltr'><strong>telouio</strong></span> <span class='ocrx_word' id='word_1_70' title='bbox 767 1378 783 1402; x_wconf 94' lang='lat'><strong>,</strong></span> <span class='ocrx_word' id='word_1_71' title='bbox 822 1346 869 1390; x_wconf 91' lang='lat' dir='ltr'><strong>et</strong></span> <span class='ocrx_word' id='word_1_72' title='bbox 893 1336 1020 1392; x_wconf 73' lang='lat' dir='ltr'><strong>dixit</strong></span> <span class='ocrx_word' id='word_1_73' title='bbox 1052 1338 1126 1397; x_wconf 87' lang='lat' dir='ltr'><strong>ei,</strong></span> <span class='ocrx_word' id='word_1_74' title='bbox 1156 1336 1379 1407; x_wconf 81' lang='lat' dir='ltr'><strong>Sequere</strong></span> <span class='ocrx_word' id='word_1_75' title='bbox 1424 1350 1503 1388; x_wconf 87' lang='lat' dir='ltr'><strong>me</strong></span> <span class='ocrx_word' id='word_1_76' title='bbox 1527 1333 1737 1408; x_wconf 75' lang='lat' dir='ltr'><strong>(Matth.</strong></span> <span class='ocrx_word' id='word_1_77' title='bbox 1766 1332 1820 1389; x_wconf 88' lang='lat'><strong>9.</strong></span> <span class='ocrx_word' id='word_1_78' title='bbox 1847 1329 1946 1403; x_wconf 80' lang='lat'><strong>9).</strong></span> 
     </span>
    </p>
   </div>
   <div class='ocr_carea' id='block_1_12' title="bbox 349 1424 1946 1494">
    <p class='ocr_par' dir='ltr' id='par_1_12' title="bbox 349 1424 1946 1494">
     <span class='ocr_line' id='line_1_12' title="bbox 349 1424 1946 1494; baseline -0.004 -11"><span class='ocrx_word' id='word_1_79' title='bbox 349 1427 397 1483; x_wconf 84' lang='grc'>0</span> <span class='ocrx_word' id='word_1_80' title='bbox 434 1428 607 1483; x_wconf 89' lang='lat' dir='ltr'><strong>virtus</strong></span> <span class='ocrx_word' id='word_1_81' title='bbox 637 1429 938 1483; x_wconf 84' lang='lat' dir='ltr'><strong>sermonis!</strong></span> <span class='ocrx_word' id='word_1_82' title='bbox 971 1428 1185 1484; x_wconf 80' lang='lat' dir='ltr'><strong>intravit</strong></span> <span class='ocrx_word' id='word_1_83' title='bbox 1212 1426 1423 1491; x_wconf 89' lang='lat' dir='ltr'><strong>hamus,</strong></span> <span class='ocrx_word' id='word_1_84' title='bbox 1450 1435 1504 1481; x_wconf 92' lang='lat' dir='ltr'><strong>et</strong></span> <span class='ocrx_word' id='word_1_85' title='bbox 1539 1425 1806 1494; x_wconf 90' lang='lat' dir='ltr'><strong>captivum</strong></span> <span class='ocrx_word' id='word_1_86' title='bbox 1838 1424 1946 1478; x_wconf 91' lang='lat' dir='ltr'><strong>mi-</strong></span> 
     </span>
    </p>
   </div>
   <div class='ocr_carea' id='block_1_13' title="bbox 348 1515 1945 1587">
    <p class='ocr_par' dir='ltr' id='par_1_13' title="bbox 348 1515 1945 1587">
     <span class='ocr_line' id='line_1_13' title="bbox 348 1515 1945 1587; baseline -0.003 -12"><span class='ocrx_word' id='word_1_87' title='bbox 348 1520 497 1575; x_wconf 87' lang='lat' dir='ltr'><strong>litem</strong></span> <span class='ocrx_word' id='word_1_88' title='bbox 518 1519 712 1587; x_wconf 78' lang='lat' dir='ltr'><strong>efﬁcit,</strong></span> <span class='ocrx_word' id='word_1_89' title='bbox 749 1520 917 1575; x_wconf 92' lang='lat' dir='ltr'><strong>lutum</strong></span> <span class='ocrx_word' id='word_1_90' title='bbox 944 1520 997 1575; x_wconf 93' lang='lat' dir='ltr'><strong>in</strong></span> <span class='ocrx_word' id='word_1_91' title='bbox 1025 1535 1215 1575; x_wconf 91' lang='lat' dir='ltr'><strong>aurum</strong></span> <span class='ocrx_word' id='word_1_92' title='bbox 1257 1518 1555 1583; x_wconf 79' lang='lat' dir='ltr'><strong>convertit;</strong></span> <span class='ocrx_word' id='word_1_93' title='bbox 1586 1517 1803 1572; x_wconf 84' lang='lat' dir='ltr'><strong>intravit</strong></span> <span class='ocrx_word' id='word_1_94' title='bbox 1849 1515 1945 1571; x_wconf 87' lang='lat' dir='ltr'><strong>ha-</strong></span> 
     </span>
    </p>
   </div>
   <div class='ocr_carea' id='block_1_14' title="bbox 349 1608 1943 1684">
    <p class='ocr_par' dir='ltr' id='par_1_14' title="bbox 349 1608 1943 1684">
     <span class='ocr_line' id='line_1_14' title="bbox 349 1608 1943 1684; baseline -0.002 -18"><span class='ocrx_word' id='word_1_95' title='bbox 349 1627 494 1678; x_wconf 91' lang='lat' dir='ltr'><strong>mus,</strong></span> <span class='ocrx_word' id='word_1_96' title='bbox 532 1612 599 1683; x_wconf 81' lang='lat' dir='ltr'><strong>Et</strong></span> <span class='ocrx_word' id='word_1_97' title='bbox 629 1615 810 1668; x_wconf 88' lang='lat' dir='ltr'><strong>statim</strong></span> <span class='ocrx_word' id='word_1_98' title='bbox 856 1630 1068 1683; x_wconf 75' lang='lat' dir='ltr'><strong>surgens</strong></span> <span class='ocrx_word' id='word_1_99' title='bbox 1120 1623 1357 1684; x_wconf 75' lang='lat' dir='ltr'><strong>sequutus</strong></span> <span class='ocrx_word' id='word_1_100' title='bbox 1385 1622 1456 1666; x_wconf 83' lang='lat' dir='ltr'><strong>est</strong></span> <span class='ocrx_word' id='word_1_101' title='bbox 1509 1628 1644 1664; x_wconf 81' lang='lat' dir='ltr'><strong>eum.</strong></span> <span class='ocrx_word' id='word_1_102' title='bbox 1676 1609 1735 1665; x_wconf 89' lang='lat' dir='ltr'><strong>In</strong></span> <span class='ocrx_word' id='word_1_103' title='bbox 1778 1608 1943 1664; x_wconf 80' lang='lat' dir='ltr'><strong>fundo</strong></span> 
     </span>
    </p>
   </div>
   <div class='ocr_carea' id='block_1_15' title="bbox 352 1702 1943 1776">
    <p class='ocr_par' dir='ltr' id='par_1_15' title="bbox 352 1702 1943 1776">
     <span class='ocr_line' id='line_1_15' title="bbox 352 1702 1943 1776; baseline -0.003 -16"><span class='ocrx_word' id='word_1_104' title='bbox 352 1715 470 1760; x_wconf 88' lang='lat' dir='ltr'><strong>erat</strong></span> <span class='ocrx_word' id='word_1_105' title='bbox 497 1706 811 1776; x_wconf 87' lang='lat' dir='ltr'><strong>iniquitatis,</strong></span> <span class='ocrx_word' id='word_1_106' title='bbox 839 1717 893 1761; x_wconf 91' lang='lat' dir='ltr'><strong>et</strong></span> <span class='ocrx_word' id='word_1_107' title='bbox 913 1707 979 1761; x_wconf 89' lang='lat' dir='ltr'><strong>ad</strong></span> <span class='ocrx_word' id='word_1_108' title='bbox 1008 1706 1225 1761; x_wconf 88' lang='lat' dir='ltr'><strong>culmen</strong></span> <span class='ocrx_word' id='word_1_109' title='bbox 1249 1704 1461 1760; x_wconf 91' lang='lat' dir='ltr'><strong>virtutis</strong></span> <span class='ocrx_word' id='word_1_110' title='bbox 1494 1702 1752 1759; x_wconf 83' lang='lat' dir='ltr'><strong>ascendit.</strong></span> <span class='ocrx_word' id='word_1_111' title='bbox 1775 1702 1943 1757; x_wconf 89' lang='lat' dir='ltr'><strong>Nemo</strong></span> 
     </span>
    </p>
   </div>
   <div class='ocr_carea' id='block_1_16' title="bbox 351 1793 1942 1866">
    <p class='ocr_par' dir='ltr' id='par_1_16' title="bbox 351 1793 1942 1866">
     <span class='ocr_line' id='line_1_16' title="bbox 351 1793 1942 1866; baseline -0.003 -16"><span class='ocrx_word' id='word_1_112' title='bbox 351 1796 552 1866; x_wconf 88' lang='lat' dir='ltr'><strong>itaque,</strong></span> <span class='ocrx_word' id='word_1_113' title='bbox 575 1797 781 1863; x_wconf 89' lang='lat' dir='ltr'><strong>dilecti,</strong></span> <span class='ocrx_word' id='word_1_114' title='bbox 809 1796 875 1851; x_wconf 91' lang='lat' dir='ltr'><strong>de</strong></span> <span class='ocrx_word' id='word_1_115' title='bbox 897 1811 994 1851; x_wconf 89' lang='lat' dir='ltr'><strong>sua</strong></span> <span class='ocrx_word' id='word_1_116' title='bbox 1038 1798 1212 1852; x_wconf 84' lang='lat' dir='ltr'><strong>salute</strong></span> <span class='ocrx_word' id='word_1_117' title='bbox 1237 1796 1507 1866; x_wconf 84' lang='lat' dir='ltr'><strong>desperet.</strong></span> <span class='ocrx_word' id='word_1_118' title='bbox 1529 1794 1645 1851; x_wconf 91' lang='lat' dir='ltr'><strong>Non</strong></span> <span class='ocrx_word' id='word_1_119' title='bbox 1673 1794 1816 1849; x_wconf 91' lang='lat' dir='ltr'><strong>enim</strong></span> <span class='ocrx_word' id='word_1_120' title='bbox 1836 1793 1942 1847; x_wconf 92' lang='lat' dir='ltr'><strong>im-</strong></span> 
     </span>
    </p>
   </div>
   <div class='ocr_carea' id='block_1_17' title="bbox 351 1884 1942 1955">
    <p class='ocr_par' dir='ltr' id='par_1_17' title="bbox 351 1884 1942 1955">
     <span class='ocr_line' id='line_1_17' title="bbox 351 1884 1942 1955; baseline -0.001 -15"><span class='ocrx_word' id='word_1_121' title='bbox 351 1885 588 1955; x_wconf 86' lang='lat' dir='ltr'><strong>probitas</strong></span> <span class='ocrx_word' id='word_1_122' title='bbox 609 1886 807 1941; x_wconf 89' lang='lat' dir='ltr'><strong>malum</strong></span> <span class='ocrx_word' id='word_1_123' title='bbox 836 1897 919 1942; x_wconf 90' lang='lat' dir='ltr'><strong>est</strong></span> <span class='ocrx_word' id='word_1_124' title='bbox 945 1902 973 1941; x_wconf 93' lang='lat' dir='ltr'><strong>a</strong></span> <span class='ocrx_word' id='word_1_125' title='bbox 1002 1896 1190 1942; x_wconf 91' lang='lat' dir='ltr'><strong>natura</strong></span> <span class='ocrx_word' id='word_1_126' title='bbox 1231 1887 1452 1941; x_wconf 90' lang='lat' dir='ltr'><strong>insitum</strong></span> <span class='ocrx_word' id='word_1_127' title='bbox 1479 1903 1493 1940; x_wconf 92' lang='lat'><strong>:</strong></span> <span class='ocrx_word' id='word_1_128' title='bbox 1522 1885 1693 1940; x_wconf 90' lang='lat' dir='ltr'><strong>libero</strong></span> <span class='ocrx_word' id='word_1_129' title='bbox 1722 1884 1942 1940; x_wconf 89' lang='lat' dir='ltr'><strong>arbitrio</strong></span> 
     </span>
    </p>
   </div>
   <div class='ocr_carea' id='block_1_18' title="bbox 350 1974 1942 2034">
    <p class='ocr_par' dir='ltr' id='par_1_18' title="bbox 350 1974 1942 2034">
     <span class='ocr_line' id='line_1_18' title="bbox 350 1974 1942 2034; baseline -0.003 -2"><span class='ocrx_word' id='word_1_130' title='bbox 350 1987 407 2032; x_wconf 91' lang='lat' dir='ltr'><strong>et</strong></span> <span class='ocrx_word' id='word_1_131' title='bbox 431 1977 675 2033; x_wconf 88' lang='lat' dir='ltr'><strong>libertate</strong></span> <span class='ocrx_word' id='word_1_132' title='bbox 689 1977 926 2033; x_wconf 88' lang='lat' dir='ltr'><strong>decorati</strong></span> <span class='ocrx_word' id='word_1_133' title='bbox 952 1992 1157 2033; x_wconf 90' lang='lat' dir='ltr'><strong>sumus.</strong></span> <span class='ocrx_word' id='word_1_134' title='bbox 1179 1977 1502 2034; x_wconf 89' lang='lat' dir='ltr'><strong>Publicauus</strong></span> <span class='ocrx_word' id='word_1_135' title='bbox 1526 1976 1619 2031; x_wconf 83' lang='lat' dir='ltr'><strong>es?</strong></span> <span class='ocrx_word' id='word_1_136' title='bbox 1638 1975 1796 2030; x_wconf 81' lang='lat' dir='ltr'><strong>Potes</strong></span> <span class='ocrx_word' id='word_1_137' title='bbox 1824 1974 1942 2029; x_wconf 86' lang='lat' dir='ltr'><strong>ﬁeri</strong></span> 
     </span>
    </p>
   </div>
   <div class='ocr_carea' id='block_1_19' title="bbox 351 2066 1938 2140">
    <p class='ocr_par' dir='ltr' id='par_1_19' title="bbox 351 2066 1938 2140">
     <span class='ocr_line' id='line_1_19' title="bbox 351 2066 1938 2140; baseline -0.004 -15"><span class='ocrx_word' id='word_1_138' title='bbox 351 2069 703 2139; x_wconf 77' lang='lat' dir='ltr'><strong>evangelista.</strong></span> <span class='ocrx_word' id='word_1_139' title='bbox 751 2069 1105 2140; x_wconf 89' lang='lat' dir='ltr'><strong>Blasphemus</strong></span> <span class='ocrx_word' id='word_1_140' title='bbox 1145 2069 1249 2125; x_wconf 81' lang='lat' dir='ltr'><strong>es?</strong></span> <span class='ocrx_word' id='word_1_141' title='bbox 1286 2069 1446 2125; x_wconf 88' lang='lat' dir='ltr'><strong>Potes</strong></span> <span class='ocrx_word' id='word_1_142' title='bbox 1474 2066 1747 2137; x_wconf 78' lang='lat' dir='ltr'><strong>apostolus</strong></span> <span class='ocrx_word' id='word_1_143' title='bbox 1799 2080 1938 2120; x_wconf 87' lang='lat' dir='ltr'><strong>esse.</strong></span> 
     </span>
    </p>
   </div>
   <div class='ocr_carea' id='block_1_20' title="bbox 349 2156 1942 2232">
    <p class='ocr_par' dir='ltr' id='par_1_20' title="bbox 349 2156 1942 2232">
     <span class='ocr_line' id='line_1_20' title="bbox 349 2156 1942 2232; baseline -0.003 -18"><span class='ocrx_word' id='word_1_144' title='bbox 349 2160 510 2214; x_wconf 86' lang='lat' dir='ltr'><strong>Latro</strong></span> <span class='ocrx_word' id='word_1_145' title='bbox 558 2160 658 2216; x_wconf 85' lang='lat' dir='ltr'><strong>es?</strong></span> <span class='ocrx_word' id='word_1_146' title='bbox 706 2161 864 2216; x_wconf 89' lang='lat' dir='ltr'><strong>Potes</strong></span> <span class='ocrx_word' id='word_1_147' title='bbox 900 2160 1199 2232; x_wconf 71' lang='lat' dir='ltr'><strong>deprzedari</strong></span> <span class='ocrx_word' id='word_1_148' title='bbox 1250 2160 1575 2230; x_wconf 88' lang='lat' dir='ltr'><strong>paradisum.</strong></span> <span class='ocrx_word' id='word_1_149' title='bbox 1620 2158 1805 2228; x_wconf 80' lang='lat' dir='ltr'><strong>Magus</strong></span> <span class='ocrx_word' id='word_1_150' title='bbox 1846 2156 1942 2210; x_wconf 87' lang='lat' dir='ltr'><strong>es?</strong></span> 
     </span>
    </p>
   </div>
   <div class='ocr_carea' id='block_1_21' title="bbox 348 2248 1942 2319">
    <p class='ocr_par' dir='ltr' id='par_1_21' title="bbox 348 2248 1942 2319">
     <span class='ocr_line' id='line_1_21' title="bbox 348 2248 1942 2319; baseline -0.001 -15"><span class='ocrx_word' id='word_1_151' title='bbox 348 2251 509 2306; x_wconf 87' lang='lat' dir='ltr'><strong>Potes</strong></span> <span class='ocrx_word' id='word_1_152' title='bbox 537 2251 763 2307; x_wconf 88' lang='lat' dir='ltr'><strong>adorare</strong></span> <span class='ocrx_word' id='word_1_153' title='bbox 793 2253 1095 2307; x_wconf 89' lang='lat' dir='ltr'><strong>Dominum.</strong></span> <span class='ocrx_word' id='word_1_154' title='bbox 1123 2252 1240 2307; x_wconf 85' lang='lat' dir='ltr'><strong>Non</strong></span> <span class='ocrx_word' id='word_1_155' title='bbox 1262 2261 1346 2306; x_wconf 89' lang='lat' dir='ltr'><strong>est</strong></span> <span class='ocrx_word' id='word_1_156' title='bbox 1369 2252 1559 2306; x_wconf 89' lang='lat' dir='ltr'><strong>vitium</strong></span> <span class='ocrx_word' id='word_1_157' title='bbox 1579 2250 1764 2314; x_wconf 89' lang='lat' dir='ltr'><strong>ullum,</strong></span> <span class='ocrx_word' id='word_1_158' title='bbox 1796 2248 1942 2319; x_wconf 83' lang='lat' dir='ltr'><strong>quod</strong></span> 
     </span>
    </p>
   </div>
   <div class='ocr_carea' id='block_1_22' title="bbox 349 2340 1943 2413">
    <p class='ocr_par' dir='ltr' id='par_1_22' title="bbox 349 2340 1943 2413">
     <span class='ocr_line' id='line_1_22' title="bbox 349 2340 1943 2413; baseline 0 -17"><span class='ocrx_word' id='word_1_159' title='bbox 349 2359 457 2397; x_wconf 83' lang='lat' dir='ltr'><strong>non</strong></span> <span class='ocrx_word' id='word_1_160' title='bbox 502 2343 813 2413; x_wconf 60' lang='lat' dir='ltr'><strong>paenitentia</strong></span> <span class='ocrx_word' id='word_1_161' title='bbox 860 2344 1117 2399; x_wconf 85' lang='lat' dir='ltr'><strong>solvatur.</strong></span> <span class='ocrx_word' id='word_1_162' title='bbox 1170 2343 1375 2399; x_wconf 85' lang='lat' dir='ltr'><strong>Idcirco</strong></span> <span class='ocrx_word' id='word_1_163' title='bbox 1397 2340 1643 2398; x_wconf 87' lang='lat' dir='ltr'><strong>Christus</strong></span> <span class='ocrx_word' id='word_1_164' title='bbox 1690 2340 1943 2413; x_wconf 64' lang='lat' dir='ltr'><strong>nequitiae</strong></span> 
     </span>
    </p>
   </div>
   <div class='ocr_carea' id='block_1_23' title="bbox 349 2433 1942 2508">
    <p class='ocr_par' dir='ltr' id='par_1_23' title="bbox 349 2433 1942 2508">
     <span class='ocr_line' id='line_1_23' title="bbox 349 2433 1942 2508; baseline 0 -20"><span class='ocrx_word' id='word_1_165' title='bbox 349 2435 584 2492; x_wconf 90' lang='lat' dir='ltr'><strong>culmina</strong></span> <span class='ocrx_word' id='word_1_166' title='bbox 619 2435 837 2508; x_wconf 79' lang='lat' dir='ltr'><strong>delegit,</strong></span> <span class='ocrx_word' id='word_1_167' title='bbox 872 2446 931 2492; x_wconf 92' lang='lat' dir='ltr'><strong>ut</strong></span> <span class='ocrx_word' id='word_1_168' title='bbox 953 2437 1008 2492; x_wconf 93' lang='lat' dir='ltr'><strong>in</strong></span> <span class='ocrx_word' id='word_1_169' title='bbox 1024 2436 1127 2492; x_wconf 91' lang='lat' dir='ltr'><strong>ﬁne</strong></span> <span class='ocrx_word' id='word_1_170' title='bbox 1146 2436 1351 2492; x_wconf 87' lang='lat' dir='ltr'><strong>nullum</strong></span> <span class='ocrx_word' id='word_1_171' title='bbox 1364 2433 1754 2506; x_wconf 83' lang='lat' dir='ltr'><strong>subterfugium</strong></span> <span class='ocrx_word' id='word_1_172' title='bbox 1774 2433 1942 2490; x_wconf 79' lang='lat' dir='ltr'><strong>relin-</strong></span> 
     </span>
    </p>
   </div>
   <div class='ocr_carea' id='block_1_24' title="bbox 347 2536 497 2597">
    <p class='ocr_par' dir='ltr' id='par_1_24' title="bbox 347 2536 497 2597">
     <span class='ocr_line' id='line_1_24' title="bbox 347 2536 497 2597; baseline 0 -16"><span class='ocrx_word' id='word_1_173' title='bbox 347 2536 497 2597; x_wconf 88' lang='lat' dir='ltr'><strong>quat.</strong></span> 
     </span>
    </p>
   </div>
   <div class='ocr_carea' id='block_1_25' title="bbox 421 2620 1942 2693">
    <p class='ocr_par' dir='ltr' id='par_1_25' title="bbox 421 2620 1942 2693">
     <span class='ocr_line' id='line_1_25' title="bbox 421 2620 1942 2693; baseline -0.002 -15"><span class='ocrx_word' id='word_1_174' title='bbox 421 2624 474 2678; x_wconf 81' lang='lat'><strong>5.</strong></span> <span class='ocrx_word' id='word_1_175' title='bbox 501 2622 580 2679; x_wconf 90' lang='lat' dir='ltr'><strong>Ne</strong></span> <span class='ocrx_word' id='word_1_176' title='bbox 603 2622 734 2678; x_wconf 91' lang='lat' dir='ltr'><strong>mihi</strong></span> <span class='ocrx_word' id='word_1_177' title='bbox 762 2622 930 2688; x_wconf 80' lang='lat' dir='ltr'><strong>dicas,</strong></span> <span class='ocrx_word' id='word_1_178' title='bbox 963 2622 1125 2686; x_wconf 89' lang='lat' dir='ltr'><strong>Perii,</strong></span> <span class='ocrx_word' id='word_1_179' title='bbox 1168 2620 1297 2693; x_wconf 89' lang='lat' dir='ltr'><strong>quid</strong></span> <span class='ocrx_word' id='word_1_180' title='bbox 1322 2620 1452 2678; x_wconf 91' lang='lat' dir='ltr'><strong>mihi</strong></span> <span class='ocrx_word' id='word_1_181' title='bbox 1506 2620 1811 2677; x_wconf 81' lang='lat' dir='ltr'><strong>iaciendum</strong></span> <span class='ocrx_word' id='word_1_182' title='bbox 1848 2634 1942 2676; x_wconf 82' lang='lat' dir='ltr'><strong>re-</strong></span> 
     </span>
    </p>
   </div>
   <div class='ocr_carea' id='block_1_26' title="bbox 348 2712 1944 2784">
    <p class='ocr_par' dir='ltr' id='par_1_26' title="bbox 348 2712 1944 2784">
     <span class='ocr_line' id='line_1_26' title="bbox 348 2712 1944 2784; baseline 0.001 -16"><span class='ocrx_word' id='word_1_183' title='bbox 348 2715 492 2769; x_wconf 87' lang='lat' dir='ltr'><strong>stat?</strong></span> <span class='ocrx_word' id='word_1_184' title='bbox 516 2730 584 2769; x_wconf 90' lang='lat' dir='ltr'><strong>ne</strong></span> <span class='ocrx_word' id='word_1_185' title='bbox 609 2714 739 2769; x_wconf 91' lang='lat' dir='ltr'><strong>mihi</strong></span> <span class='ocrx_word' id='word_1_186' title='bbox 765 2714 911 2769; x_wconf 88' lang='lat' dir='ltr'><strong>dicas</strong></span> <span class='ocrx_word' id='word_1_187' title='bbox 930 2756 945 2780; x_wconf 95' lang='lat'><strong>,</strong></span> <span class='ocrx_word' id='word_1_188' title='bbox 979 2713 1224 2779; x_wconf 86' lang='lat' dir='ltr'><strong>Peccavi,</strong></span> <span class='ocrx_word' id='word_1_189' title='bbox 1257 2725 1310 2770; x_wconf 90' lang='lat' dir='ltr'><strong>et</strong></span> <span class='ocrx_word' id='word_1_190' title='bbox 1355 2713 1485 2784; x_wconf 93' lang='lat' dir='ltr'><strong>quid</strong></span> <span class='ocrx_word' id='word_1_191' title='bbox 1509 2714 1737 2768; x_wconf 82' lang='lat' dir='ltr'><strong>iaciam?</strong></span> <span class='ocrx_word' id='word_1_192' title='bbox 1767 2712 1944 2769; x_wconf 81' lang='lat' dir='ltr'><strong>Habes</strong></span> 
     </span>
    </p>
   </div>
   <div class='ocr_carea' id='block_1_27' title="bbox 347 2805 1942 2878">
    <p class='ocr_par' dir='ltr' id='par_1_27' title="bbox 347 2805 1942 2878">
     <span class='ocr_line' id='line_1_27' title="bbox 347 2805 1942 2878; baseline -0.002 -15"><span class='ocrx_word' id='word_1_193' title='bbox 347 2807 616 2863; x_wconf 90' lang='lat' dir='ltr'><strong>medicum</strong></span> <span class='ocrx_word' id='word_1_194' title='bbox 658 2808 848 2863; x_wconf 91' lang='lat' dir='ltr'><strong>morbo</strong></span> <span class='ocrx_word' id='word_1_195' title='bbox 895 2808 1288 2878; x_wconf 88' lang='lat' dir='ltr'><strong>potentiorem,</strong></span> <span class='ocrx_word' id='word_1_196' title='bbox 1342 2806 1610 2862; x_wconf 88' lang='lat' dir='ltr'><strong>medicum</strong></span> <span class='ocrx_word' id='word_1_197' title='bbox 1660 2805 1825 2861; x_wconf 87' lang='lat' dir='ltr'><strong>habes</strong></span> <span class='ocrx_word' id='word_1_198' title='bbox 1850 2805 1942 2876; x_wconf 89' lang='lat' dir='ltr'><strong>qui</strong></span> 
     </span>
    </p>
   </div>
   <div class='ocr_carea' id='block_1_28' title="bbox 347 2896 1941 2969">
    <p class='ocr_par' dir='ltr' id='par_1_28' title="bbox 347 2896 1941 2969">
     <span class='ocr_line' id='line_1_28' title="bbox 347 2896 1941 2969; baseline -0.003 -15"><span class='ocrx_word' id='word_1_199' title='bbox 347 2899 521 2954; x_wconf 86' lang='lat' dir='ltr'><strong>morbi</strong></span> <span class='ocrx_word' id='word_1_200' title='bbox 568 2908 811 2954; x_wconf 92' lang='lat' dir='ltr'><strong>naturam</strong></span> <span class='ocrx_word' id='word_1_201' title='bbox 858 2906 1096 2969; x_wconf 88' lang='lat' dir='ltr'><strong>superat,</strong></span> <span class='ocrx_word' id='word_1_202' title='bbox 1152 2897 1417 2953; x_wconf 90' lang='lat' dir='ltr'><strong>medicum</strong></span> <span class='ocrx_word' id='word_1_203' title='bbox 1462 2897 1628 2953; x_wconf 90' lang='lat' dir='ltr'><strong>habes</strong></span> <span class='ocrx_word' id='word_1_204' title='bbox 1664 2896 1755 2967; x_wconf 91' lang='lat' dir='ltr'><strong>qui</strong></span> <span class='ocrx_word' id='word_1_205' title='bbox 1810 2904 1941 2951; x_wconf 86' lang='lat' dir='ltr'><strong>nutu</strong></span> 
     </span>
    </p>
   </div>
   <div class='ocr_carea' id='block_1_29' title="bbox 345 2988 1938 3061">
    <p class='ocr_par' dir='ltr' id='par_1_29' title="bbox 345 2988 1938 3061">
     <span class='ocr_line' id='line_1_29' title="bbox 345 2988 1938 3061; baseline -0.003 -13"><span class='ocrx_word' id='word_1_206' title='bbox 345 2992 464 3048; x_wconf 79' lang='lat' dir='ltr'><strong>solo</strong></span> <span class='ocrx_word' id='word_1_207' title='bbox 491 3000 645 3048; x_wconf 90' lang='lat' dir='ltr'><strong>curat</strong></span> <span class='ocrx_word' id='word_1_208' title='bbox 677 3031 693 3057; x_wconf 95' lang='lat'><strong>,</strong></span> <span class='ocrx_word' id='word_1_209' title='bbox 722 2991 987 3047; x_wconf 88' lang='lat' dir='ltr'><strong>medicum</strong></span> <span class='ocrx_word' id='word_1_210' title='bbox 1031 2990 1197 3046; x_wconf 89' lang='lat' dir='ltr'><strong>habes</strong></span> <span class='ocrx_word' id='word_1_211' title='bbox 1220 2990 1312 3061; x_wconf 89' lang='lat' dir='ltr'><strong>qui</strong></span> <span class='ocrx_word' id='word_1_212' title='bbox 1361 2990 1641 3045; x_wconf 87' lang='lat' dir='ltr'><strong>voluntate</strong></span> <span class='ocrx_word' id='word_1_213' title='bbox 1680 2988 1938 3059; x_wconf 88' lang='lat' dir='ltr'><strong>corrigit,</strong></span> 
     </span>
    </p>
   </div>
   <div class='ocr_carea' id='block_1_30' title="bbox 346 3077 1938 3154">
    <p class='ocr_par' dir='ltr' id='par_1_30' title="bbox 346 3077 1938 3154">
     <span class='ocr_line' id='line_1_30' title="bbox 346 3077 1938 3154; baseline -0.006 -15"><span class='ocrx_word' id='word_1_214' title='bbox 346 3084 438 3154; x_wconf 85' lang='lat' dir='ltr'><strong>qui</strong></span> <span class='ocrx_word' id='word_1_215' title='bbox 462 3091 638 3154; x_wconf 83' lang='lat' dir='ltr'><strong>potest</strong></span> <span class='ocrx_word' id='word_1_216' title='bbox 659 3090 714 3138; x_wconf 93' lang='lat' dir='ltr'><strong>et</strong></span> <span class='ocrx_word' id='word_1_217' title='bbox 729 3082 842 3137; x_wconf 88' lang='lat' dir='ltr'><strong>vult</strong></span> <span class='ocrx_word' id='word_1_218' title='bbox 865 3095 1078 3137; x_wconf 88' lang='lat' dir='ltr'><strong>sanare.</strong></span> <span class='ocrx_word' id='word_1_219' title='bbox 1101 3079 1237 3135; x_wconf 92' lang='lat' dir='ltr'><strong>Cum</strong></span> <span class='ocrx_word' id='word_1_220' title='bbox 1259 3094 1366 3135; x_wconf 87' lang='lat' dir='ltr'><strong>non</strong></span> <span class='ocrx_word' id='word_1_221' title='bbox 1387 3094 1556 3145; x_wconf 87' lang='lat' dir='ltr'><strong>esses,</strong></span> <span class='ocrx_word' id='word_1_222' title='bbox 1577 3088 1631 3133; x_wconf 89' lang='lat' dir='ltr'><strong>te</strong></span> <span class='ocrx_word' id='word_1_223' title='bbox 1647 3077 1901 3148; x_wconf 76' lang='lat' dir='ltr'><strong>produxit</strong></span> <span class='ocrx_word' id='word_1_224' title='bbox 1922 3094 1938 3144; x_wconf 92' lang='lat'><strong>;</strong></span> 
     </span>
    </p>
   </div>
   <div class='ocr_carea' id='block_1_31' title="bbox 345 3162 1943 3244">
    <p class='ocr_par' dir='ltr' id='par_1_31' title="bbox 345 3162 1943 3244">
     <span class='ocr_line' id='line_1_31' title="bbox 345 3162 1943 3244; baseline -0.005 -13"><span class='ocrx_word' id='word_1_225' title='bbox 345 3190 470 3231; x_wconf 89' lang='lat' dir='ltr'><strong>cum</strong></span> <span class='ocrx_word' id='word_1_226' title='bbox 495 3174 607 3244; x_wconf 81' lang='lat' dir='ltr'><strong>jam</strong></span> <span class='ocrx_word' id='word_1_227' title='bbox 633 3175 707 3230; x_wconf 87' lang='lat' dir='ltr'><strong>sis</strong></span> <span class='ocrx_word' id='word_1_228' title='bbox 733 3182 789 3229; x_wconf 86' lang='lat' dir='ltr'><strong>et</strong></span> <span class='ocrx_word' id='word_1_229' title='bbox 827 3186 1111 3242; x_wconf 89' lang='lat' dir='ltr'><strong>perversus</strong></span> <span class='ocrx_word' id='word_1_230' title='bbox 1136 3170 1211 3226; x_wconf 90' lang='lat' dir='ltr'><strong>sis</strong></span> <span class='ocrx_word' id='word_1_231' title='bbox 1230 3212 1246 3236; x_wconf 93' lang='lat'><strong>,</strong></span> <span class='ocrx_word' id='word_1_232' title='bbox 1277 3169 1447 3225; x_wconf 87' lang='lat' dir='ltr'><strong>multo</strong></span> <span class='ocrx_word' id='word_1_233' title='bbox 1471 3171 1639 3239; x_wconf 88' lang='lat' dir='ltr'><strong>magis</strong></span> <span class='ocrx_word' id='word_1_234' title='bbox 1666 3169 1860 3239; x_wconf 85' lang='lat' dir='ltr'><strong>peterit</strong></span> <span class='ocrx_word' id='word_1_235' title='bbox 1878 3162 1943 3223; x_wconf 86' lang='lat' dir='ltr'><strong>te</strong></span> 
     </span>
    </p>
   </div>
   <div class='ocr_carea' id='block_1_32' title="bbox 347 3260 1943 3335">
    <p class='ocr_par' dir='ltr' id='par_1_32' title="bbox 347 3260 1943 3335">
     <span class='ocr_line' id='line_1_32' title="bbox 347 3260 1943 3335; baseline -0.003 -14"><span class='ocrx_word' id='word_1_236' title='bbox 347 3266 640 3335; x_wconf 78' lang='lat' dir='ltr'><strong>corrigere.</strong></span> <span class='ocrx_word' id='word_1_237' title='bbox 692 3263 812 3319; x_wconf 91' lang='lat' dir='ltr'><strong>Non</strong></span> <span class='ocrx_word' id='word_1_238' title='bbox 861 3262 1055 3318; x_wconf 86' lang='lat' dir='ltr'><strong>audisti</strong></span> <span class='ocrx_word' id='word_1_239' title='bbox 1083 3261 1356 3333; x_wconf 91' lang='lat' dir='ltr'><strong>quomodo</strong></span> <span class='ocrx_word' id='word_1_240' title='bbox 1398 3261 1525 3315; x_wconf 92' lang='lat' dir='ltr'><strong>olim</strong></span> <span class='ocrx_word' id='word_1_241' title='bbox 1559 3262 1831 3330; x_wconf 82' lang='lat' dir='ltr'><strong>pulverem</strong></span> <span class='ocrx_word' id='word_1_242' title='bbox 1873 3260 1943 3316; x_wconf 89' lang='lat' dir='ltr'><strong>de</strong></span> 
     </span>
    </p>
   </div>
   <div class='ocr_carea' id='block_1_33' title="bbox 348 3354 1941 3428">
    <p class='ocr_par' dir='ltr' id='par_1_33' title="bbox 348 3354 1941 3428">
     <span class='ocr_line' id='line_1_33' title="bbox 348 3354 1941 3428; baseline -0.004 -14"><span class='ocrx_word' id='word_1_243' title='bbox 348 3368 493 3414; x_wconf 90' lang='lat' dir='ltr'><strong>terra</strong></span> <span class='ocrx_word' id='word_1_244' title='bbox 518 3356 830 3428; x_wconf 87' lang='lat' dir='ltr'><strong>sumpserit,</strong></span> <span class='ocrx_word' id='word_1_245' title='bbox 851 3365 907 3412; x_wconf 90' lang='lat' dir='ltr'><strong>et</strong></span> <span class='ocrx_word' id='word_1_246' title='bbox 927 3356 1202 3411; x_wconf 91' lang='lat' dir='ltr'><strong>hominem</strong></span> <span class='ocrx_word' id='word_1_247' title='bbox 1247 3354 1497 3410; x_wconf 84' lang='lat' dir='ltr'><strong>ﬁnxerit?</strong></span> <span class='ocrx_word' id='word_1_248' title='bbox 1521 3354 1803 3422; x_wconf 84' lang='lat' dir='ltr'><strong>Quomodo</strong></span> <span class='ocrx_word' id='word_1_249' title='bbox 1829 3363 1941 3409; x_wconf 80' lang='lat' dir='ltr'><strong>ter-</strong></span> 
     </span>
    </p>
   </div>
   <div class='ocr_carea' id='block_1_34' title="bbox 350 3445 1942 3517">
    <p class='ocr_par' dir='ltr' id='par_1_34' title="bbox 350 3445 1942 3517">
     <span class='ocr_line' id='line_1_34' title="bbox 350 3445 1942 3517; baseline -0.004 -11"><span class='ocrx_word' id='word_1_250' title='bbox 350 3466 466 3506; x_wconf 90' lang='lat' dir='ltr'><strong>ram</strong></span> <span class='ocrx_word' id='word_1_251' title='bbox 493 3448 821 3506; x_wconf 86' lang='lat' dir='ltr'><strong>converterit</strong></span> <span class='ocrx_word' id='word_1_252' title='bbox 850 3448 902 3503; x_wconf 92' lang='lat' dir='ltr'><strong>in</strong></span> <span class='ocrx_word' id='word_1_253' title='bbox 951 3462 1169 3503; x_wconf 88' lang='lat' dir='ltr'><strong>carnem</strong></span> <span class='ocrx_word' id='word_1_254' title='bbox 1190 3447 1215 3499; x_wconf 89' lang='lat'><strong>?</strong></span> <span class='ocrx_word' id='word_1_255' title='bbox 1239 3446 1507 3517; x_wconf 88' lang='lat' dir='ltr'><strong>quomodo</strong></span> <span class='ocrx_word' id='word_1_256' title='bbox 1531 3460 1726 3502; x_wconf 89' lang='lat' dir='ltr'><strong>nervos</strong></span> <span class='ocrx_word' id='word_1_257' title='bbox 1752 3445 1942 3501; x_wconf 84' lang='lat' dir='ltr'><strong>condi-</strong></span> 
     </span>
    </p>
   </div>
   <div class='ocr_carea' id='block_1_35' title="bbox 349 3536 1943 3612">
    <p class='ocr_par' dir='ltr' id='par_1_35' title="bbox 349 3536 1943 3612">
     <span class='ocr_line' id='line_1_35' title="bbox 349 3536 1943 3612; baseline -0.004 -13"><span class='ocrx_word' id='word_1_258' title='bbox 349 3543 512 3608; x_wconf 90' lang='lat' dir='ltr'><strong>derit,</strong></span> <span class='ocrx_word' id='word_1_259' title='bbox 543 3541 813 3612; x_wconf 89' lang='lat' dir='ltr'><strong>quomodo</strong></span> <span class='ocrx_word' id='word_1_260' title='bbox 836 3554 977 3607; x_wconf 90' lang='lat' dir='ltr'><strong>ossa,</strong></span> <span class='ocrx_word' id='word_1_261' title='bbox 1006 3540 1276 3611; x_wconf 88' lang='lat' dir='ltr'><strong>quomodo</strong></span> <span class='ocrx_word' id='word_1_262' title='bbox 1311 3539 1524 3610; x_wconf 85' lang='lat' dir='ltr'><strong>pellem,</strong></span> <span class='ocrx_word' id='word_1_263' title='bbox 1555 3536 1823 3610; x_wconf 91' lang='lat' dir='ltr'><strong>quomodo</strong></span> <span class='ocrx_word' id='word_1_264' title='bbox 1847 3552 1943 3593; x_wconf 90' lang='lat' dir='ltr'><strong>ve-</strong></span> 
     </span>
    </p>
   </div>
   <div class='ocr_carea' id='block_1_36' title="bbox 350 3631 1942 3706">
    <p class='ocr_par' dir='ltr' id='par_1_36' title="bbox 350 3631 1942 3706">
     <span class='ocr_line' id='line_1_36' title="bbox 350 3631 1942 3706; baseline -0.003 -15"><span class='ocrx_word' id='word_1_265' title='bbox 350 3651 468 3701; x_wconf 89' lang='lat' dir='ltr'><strong>nas,</strong></span> <span class='ocrx_word' id='word_1_266' title='bbox 490 3634 760 3706; x_wconf 91' lang='lat' dir='ltr'><strong>quomodo</strong></span> <span class='ocrx_word' id='word_1_267' title='bbox 782 3649 991 3699; x_wconf 90' lang='lat' dir='ltr'><strong>nasum,</strong></span> <span class='ocrx_word' id='word_1_268' title='bbox 1016 3632 1284 3703; x_wconf 91' lang='lat' dir='ltr'><strong>quomodo</strong></span> <span class='ocrx_word' id='word_1_269' title='bbox 1309 3633 1514 3700; x_wconf 86' lang='lat' dir='ltr'><strong>oculos,</strong></span> <span class='ocrx_word' id='word_1_270' title='bbox 1533 3631 1801 3704; x_wconf 90' lang='lat' dir='ltr'><strong>quomodo</strong></span> <span class='ocrx_word' id='word_1_271' title='bbox 1820 3632 1942 3703; x_wconf 87' lang='lat' dir='ltr'><strong>pal-</strong></span> 
     </span>
    </p>
   </div>
   <div class='ocr_carea' id='block_1_37' title="bbox 352 3723 1937 3798">
    <p class='ocr_par' dir='ltr' id='par_1_37' title="bbox 352 3723 1937 3798">
     <span class='ocr_line' id='line_1_37' title="bbox 352 3723 1937 3798; baseline -0.003 -16"><span class='ocrx_word' id='word_1_272' title='bbox 352 3727 565 3798; x_wconf 84' lang='lat' dir='ltr'><strong>pebras,</strong></span> <span class='ocrx_word' id='word_1_273' title='bbox 615 3725 886 3797; x_wconf 90' lang='lat' dir='ltr'><strong>quomodo</strong></span> <span class='ocrx_word' id='word_1_274' title='bbox 926 3725 1293 3797; x_wconf 86' lang='lat' dir='ltr'><strong>supercilium,</strong></span> <span class='ocrx_word' id='word_1_275' title='bbox 1338 3723 1609 3795; x_wconf 90' lang='lat' dir='ltr'><strong>quomodo</strong></span> <span class='ocrx_word' id='word_1_276' title='bbox 1661 3724 1937 3795; x_wconf 86' lang='lat' dir='ltr'><strong>linguam,</strong></span> 
     </span>
    </p>
   </div>
   <div class='ocr_carea' id='block_1_38' title="bbox 349 3816 1939 3892">
    <p class='ocr_par' dir='ltr' id='par_1_38' title="bbox 349 3816 1939 3892">
     <span class='ocr_line' id='line_1_38' title="bbox 349 3816 1939 3892; baseline -0.002 -16"><span class='ocrx_word' id='word_1_277' title='bbox 349 3818 619 3892; x_wconf 88' lang='lat' dir='ltr'><strong>quomodo</strong></span> <span class='ocrx_word' id='word_1_278' title='bbox 646 3828 851 3891; x_wconf 90' lang='lat' dir='ltr'><strong>pectus,</strong></span> <span class='ocrx_word' id='word_1_279' title='bbox 895 3817 1163 3889; x_wconf 90' lang='lat' dir='ltr'><strong>quomodo</strong></span> <span class='ocrx_word' id='word_1_280' title='bbox 1201 3830 1410 3883; x_wconf 90' lang='lat' dir='ltr'><strong>manus,</strong></span> <span class='ocrx_word' id='word_1_281' title='bbox 1457 3817 1726 3888; x_wconf 91' lang='lat' dir='ltr'><strong>quomodo</strong></span> <span class='ocrx_word' id='word_1_282' title='bbox 1753 3816 1939 3887; x_wconf 89' lang='lat' dir='ltr'><strong>pedes,</strong></span> 
     </span>
    </p>
   </div>
   <div class='ocr_carea' id='block_1_39' title="bbox 349 3906 1942 3983">
    <p class='ocr_par' dir='ltr' id='par_1_39' title="bbox 349 3906 1942 3983">
     <span class='ocr_line' id='line_1_39' title="bbox 349 3906 1942 3983; baseline -0.003 -16"><span class='ocrx_word' id='word_1_283' title='bbox 349 3910 620 3983; x_wconf 89' lang='lat' dir='ltr'><strong>quomodo</strong></span> <span class='ocrx_word' id='word_1_284' title='bbox 660 3910 863 3980; x_wconf 88' lang='lat' dir='ltr'><strong>reliqua</strong></span> <span class='ocrx_word' id='word_1_285' title='bbox 905 3906 1128 3964; x_wconf 81' lang='lat' dir='ltr'><strong>omnia?</strong></span> <span class='ocrx_word' id='word_1_286' title='bbox 1153 3907 1318 3963; x_wconf 87' lang='lat' dir='ltr'><strong>Terra</strong></span> <span class='ocrx_word' id='word_1_287' title='bbox 1364 3917 1481 3963; x_wconf 90' lang='lat' dir='ltr'><strong>erat</strong></span> <span class='ocrx_word' id='word_1_288' title='bbox 1524 3908 1784 3978; x_wconf 87' lang='lat' dir='ltr'><strong>subjecta,</strong></span> <span class='ocrx_word' id='word_1_289' title='bbox 1837 3923 1942 3963; x_wconf 90' lang='lat' dir='ltr'><strong>una</strong></span> 
     </span>
    </p>
   </div>
   <div class='ocr_carea' id='block_1_40' title="bbox 350 4000 1941 4072">
    <p class='ocr_par' dir='ltr' id='par_1_40' title="bbox 350 4000 1941 4072">
     <span class='ocr_line' id='line_1_40' title="bbox 350 4000 1941 4072; baseline -0.003 -13"><span class='ocrx_word' id='word_1_290' title='bbox 350 4003 691 4061; x_wconf 90' lang='lat' dir='ltr'><strong>substantia:</strong></span> <span class='ocrx_word' id='word_1_291' title='bbox 734 4010 791 4058; x_wconf 91' lang='lat' dir='ltr'><strong>et</strong></span> <span class='ocrx_word' id='word_1_292' title='bbox 825 4002 1038 4057; x_wconf 89' lang='lat' dir='ltr'><strong>intravit</strong></span> <span class='ocrx_word' id='word_1_293' title='bbox 1084 4016 1195 4068; x_wconf 90' lang='lat' dir='ltr'><strong>ars,</strong></span> <span class='ocrx_word' id='word_1_294' title='bbox 1226 4011 1388 4072; x_wconf 90' lang='lat' dir='ltr'><strong>atque</strong></span> <span class='ocrx_word' id='word_1_295' title='bbox 1421 4001 1627 4056; x_wconf 89' lang='lat' dir='ltr'><strong>varium</strong></span> <span class='ocrx_word' id='word_1_296' title='bbox 1670 4000 1941 4072; x_wconf 91' lang='lat' dir='ltr'><strong>opiﬁcium</strong></span> 
     </span>
    </p>
   </div>
   <div class='ocr_carea' id='block_1_41' title="bbox 352 4092 1943 4165">
    <p class='ocr_par' dir='ltr' id='par_1_41' title="bbox 352 4092 1943 4165">
     <span class='ocr_line' id='line_1_41' title="bbox 352 4092 1943 4165; baseline 0 -18"><span class='ocrx_word' id='word_1_297' title='bbox 352 4096 621 4165; x_wconf 81' lang='lat' dir='ltr'><strong>produxit.</strong></span> <span class='ocrx_word' id='word_1_298' title='bbox 645 4093 910 4165; x_wconf 87' lang='lat' dir='ltr'><strong>Numquid</strong></span> <span class='ocrx_word' id='word_1_299' title='bbox 928 4092 1148 4149; x_wconf 89' lang='lat' dir='ltr'><strong>modum</strong></span> <span class='ocrx_word' id='word_1_300' title='bbox 1176 4101 1327 4163; x_wconf 89' lang='lat' dir='ltr'><strong>potes</strong></span> <span class='ocrx_word' id='word_1_301' title='bbox 1344 4107 1635 4162; x_wconf 78' lang='lat' dir='ltr'><strong>exponere,</strong></span> <span class='ocrx_word' id='word_1_302' title='bbox 1657 4106 1764 4163; x_wconf 92' lang='lat' dir='ltr'><strong>quo</strong></span> <span class='ocrx_word' id='word_1_303' title='bbox 1787 4107 1943 4147; x_wconf 90' lang='lat' dir='ltr'><strong>erea-</strong></span> 
     </span>
    </p>
   </div>
   <div class='ocr_carea' id='block_1_42' title="bbox 286 4183 1943 4256">
    <p class='ocr_par' dir='ltr' id='par_1_42' title="bbox 286 4183 1943 4256">
     <span class='ocr_line' id='line_1_42' title="bbox 286 4183 1943 4256; baseline -0.002 -13"><span class='ocrx_word' id='word_1_304' title='bbox 286 4222 289 4223; x_wconf 52' lang='grc' dir='ltr'><em>ν</em></span> <span class='ocrx_word' id='word_1_305' title='bbox 352 4198 436 4243; x_wconf 91' lang='lat' dir='ltr'><strong>tus</strong></span> <span class='ocrx_word' id='word_1_306' title='bbox 461 4187 562 4242; x_wconf 82' lang='lat' dir='ltr'><strong>es?</strong></span> <span class='ocrx_word' id='word_1_307' title='bbox 604 4185 695 4240; x_wconf 90' lang='lat' dir='ltr'><strong>Sic</strong></span> <span class='ocrx_word' id='word_1_308' title='bbox 719 4199 894 4256; x_wconf 87' lang='lat' dir='ltr'><strong>neque</strong></span> <span class='ocrx_word' id='word_1_309' title='bbox 920 4185 1140 4240; x_wconf 92' lang='lat' dir='ltr'><strong>modum</strong></span> <span class='ocrx_word' id='word_1_310' title='bbox 1187 4194 1342 4255; x_wconf 88' lang='lat' dir='ltr'><strong>potes</strong></span> <span class='ocrx_word' id='word_1_311' title='bbox 1392 4183 1563 4251; x_wconf 76' lang='lat' dir='ltr'><strong>eﬁ‘ari,</strong></span> <span class='ocrx_word' id='word_1_312' title='bbox 1593 4200 1699 4254; x_wconf 94' lang='lat' dir='ltr'><strong>quo</strong></span> <span class='ocrx_word' id='word_1_313' title='bbox 1725 4194 1943 4254; x_wconf 88' lang='lat' dir='ltr'><strong>peccata</strong></span> 
     </span>
    </p>
   </div>
   <div class='ocr_carea' id='block_1_43' title="bbox 352 4275 1941 4348">
    <p class='ocr_par' dir='ltr' id='par_1_43' title="bbox 352 4275 1941 4348">
     <span class='ocr_line' id='line_1_43' title="bbox 352 4275 1941 4348; baseline -0.004 -13"><span class='ocrx_word' id='word_1_314' title='bbox 352 4282 632 4335; x_wconf 89' lang='lat' dir='ltr'><strong>tolluntur.</strong></span> <span class='ocrx_word' id='word_1_315' title='bbox 644 4277 700 4334; x_wconf 86' lang='lat' dir='ltr'><strong>Si</strong></span> <span class='ocrx_word' id='word_1_316' title='bbox 712 4278 855 4333; x_wconf 91' lang='lat' dir='ltr'><strong>enim</strong></span> <span class='ocrx_word' id='word_1_317' title='bbox 869 4277 1005 4348; x_wconf 84' lang='lat' dir='ltr'><strong>ignis</strong></span> <span class='ocrx_word' id='word_1_318' title='bbox 1016 4275 1257 4332; x_wconf 90' lang='lat' dir='ltr'><strong>incidens</strong></span> <span class='ocrx_word' id='word_1_319' title='bbox 1272 4277 1324 4329; x_wconf 92' lang='lat' dir='ltr'><strong>in</strong></span> <span class='ocrx_word' id='word_1_320' title='bbox 1340 4275 1542 4346; x_wconf 89' lang='lat' dir='ltr'><strong>spinas,</strong></span> <span class='ocrx_word' id='word_1_321' title='bbox 1561 4275 1680 4330; x_wconf 89' lang='lat' dir='ltr'><strong>illas</strong></span> <span class='ocrx_word' id='word_1_322' title='bbox 1689 4275 1941 4343; x_wconf 89' lang='lat' dir='ltr'><strong>absumit,</strong></span> 
     </span>
    </p>
   </div>
   <div class='ocr_carea' id='block_1_44' title="bbox 351 4368 1941 4442">
    <p class='ocr_par' dir='ltr' id='par_1_44' title="bbox 351 4368 1941 4442">
     <span class='ocr_line' id='line_1_44' title="bbox 351 4368 1941 4442; baseline -0.004 -13"><span class='ocrx_word' id='word_1_323' title='bbox 351 4375 521 4429; x_wconf 88' lang='lat' dir='ltr'><strong>multo</strong></span> <span class='ocrx_word' id='word_1_324' title='bbox 551 4371 719 4442; x_wconf 82' lang='lat' dir='ltr'><strong>magis</strong></span> <span class='ocrx_word' id='word_1_325' title='bbox 738 4370 986 4425; x_wconf 90' lang='lat' dir='ltr'><strong>voluntas</strong></span> <span class='ocrx_word' id='word_1_326' title='bbox 1018 4369 1195 4423; x_wconf 89' lang='lat' dir='ltr'><strong>divina</strong></span> <span class='ocrx_word' id='word_1_327' title='bbox 1223 4368 1418 4424; x_wconf 89' lang='lat' dir='ltr'><strong>delicta</strong></span> <span class='ocrx_word' id='word_1_328' title='bbox 1444 4377 1624 4423; x_wconf 90' lang='lat' dir='ltr'><strong>nostra</strong></span> <span class='ocrx_word' id='word_1_329' title='bbox 1653 4370 1941 4437; x_wconf 89' lang='lat' dir='ltr'><strong>consumit,</strong></span> 
     </span>
    </p>
   </div>
   <div class='ocr_carea' id='block_1_45' title="bbox 350 4461 1944 4534">
    <p class='ocr_par' dir='ltr' id='par_1_45' title="bbox 350 4461 1944 4534">
     <span class='ocr_line' id='line_1_45' title="bbox 350 4461 1944 4534; baseline -0.003 -12"><span class='ocrx_word' id='word_1_330' title='bbox 350 4466 607 4522; x_wconf 89' lang='lat' dir='ltr'><strong>radicitus</strong></span> <span class='ocrx_word' id='word_1_331' title='bbox 631 4463 838 4529; x_wconf 87' lang='lat' dir='ltr'><strong>evellit,</strong></span> <span class='ocrx_word' id='word_1_332' title='bbox 886 4469 941 4518; x_wconf 93' lang='lat' dir='ltr'><strong>et</strong></span> <span class='ocrx_word' id='word_1_333' title='bbox 968 4471 1306 4534; x_wconf 86' lang='lat' dir='ltr'><strong>peecatorem</strong></span> <span class='ocrx_word' id='word_1_334' title='bbox 1357 4461 1404 4517; x_wconf 93' lang='lat' dir='ltr'><strong>ei</strong></span> <span class='ocrx_word' id='word_1_335' title='bbox 1432 4461 1521 4533; x_wconf 91' lang='lat' dir='ltr'><strong>qui</strong></span> <span class='ocrx_word' id='word_1_336' title='bbox 1549 4478 1655 4518; x_wconf 93' lang='lat' dir='ltr'><strong>non</strong></span> <span class='ocrx_word' id='word_1_337' title='bbox 1702 4465 1944 4533; x_wconf 88' lang='lat' dir='ltr'><strong>peccavit</strong></span> 
     </span>
    </p>
   </div>
   <div class='ocr_carea' id='block_1_46' title="bbox 349 4554 1943 4627">
    <p class='ocr_par' dir='ltr' id='par_1_46' title="bbox 349 4554 1943 4627">
     <span class='ocr_line' id='line_1_46' title="bbox 349 4554 1943 4627; baseline -0.002 -14"><span class='ocrx_word' id='word_1_338' title='bbox 349 4559 578 4614; x_wconf 90' lang='lat' dir='ltr'><strong>similem</strong></span> <span class='ocrx_word' id='word_1_339' title='bbox 601 4557 795 4613; x_wconf 91' lang='lat' dir='ltr'><strong>reddit.</strong></span> <span class='ocrx_word' id='word_1_340' title='bbox 819 4554 899 4611; x_wconf 91' lang='lat' dir='ltr'><strong>Ne</strong></span> <span class='ocrx_word' id='word_1_341' title='bbox 919 4570 1129 4627; x_wconf 85' lang='lat' dir='ltr'><strong>quaeras</strong></span> <span class='ocrx_word' id='word_1_342' title='bbox 1155 4554 1392 4622; x_wconf 91' lang='lat' dir='ltr'><strong>modum,</strong></span> <span class='ocrx_word' id='word_1_343' title='bbox 1422 4571 1491 4610; x_wconf 92' lang='lat' dir='ltr'><strong>ne</strong></span> <span class='ocrx_word' id='word_1_344' title='bbox 1507 4555 1794 4627; x_wconf 87' lang='lat' dir='ltr'><strong>investiges</strong></span> <span class='ocrx_word' id='word_1_345' title='bbox 1813 4555 1943 4627; x_wconf 92' lang='lat' dir='ltr'><strong>quid</strong></span> 
     </span>
    </p>
   </div>
   <div class='ocr_carea' id='block_1_47' title="bbox 352 4646 1947 4719">
    <p class='ocr_par' dir='ltr' id='par_1_47' title="bbox 352 4646 1947 4719">
     <span class='ocr_line' id='line_1_47' title="bbox 352 4646 1947 4719; baseline 0.001 -16"><span class='ocrx_word' id='word_1_346' title='bbox 352 4650 551 4706; x_wconf 80' lang='lat' dir='ltr'><strong>tactum</strong></span> <span class='ocrx_word' id='word_1_347' title='bbox 579 4649 683 4715; x_wconf 91' lang='lat' dir='ltr'><strong>sit;</strong></span> <span class='ocrx_word' id='word_1_348' title='bbox 715 4647 810 4705; x_wconf 89' lang='lat' dir='ltr'><strong>sed</strong></span> <span class='ocrx_word' id='word_1_349' title='bbox 828 4647 1087 4703; x_wconf 89' lang='lat' dir='ltr'><strong>miraculo</strong></span> <span class='ocrx_word' id='word_1_350' title='bbox 1108 4647 1290 4703; x_wconf 89' lang='lat' dir='ltr'><strong>crede.</strong></span> <span class='ocrx_word' id='word_1_351' title='bbox 1312 4646 1472 4702; x_wconf 83' lang='lat' dir='ltr'><strong>Multa</strong></span> <span class='ocrx_word' id='word_1_352' title='bbox 1497 4662 1794 4719; x_wconf 86' lang='lat' dir='ltr'><strong>magnaque</strong></span> <span class='ocrx_word' id='word_1_353' title='bbox 1822 4663 1947 4719; x_wconf 89' lang='lat' dir='ltr'><strong>pec-</strong></span> 
     </span>
    </p>
   </div>
   <div class='ocr_carea' id='block_1_48' title="bbox 352 4737 1944 4810">
    <p class='ocr_par' dir='ltr' id='par_1_48' title="bbox 352 4737 1944 4810">
     <span class='ocr_line' id='line_1_48' title="bbox 352 4737 1944 4810; baseline -0.001 -16"><span class='ocrx_word' id='word_1_354' title='bbox 352 4741 491 4806; x_wconf 88' lang='lat' dir='ltr'><strong>cavi,</strong></span> <span class='ocrx_word' id='word_1_355' title='bbox 516 4739 671 4794; x_wconf 90' lang='lat' dir='ltr'><strong>dicis.</strong></span> <span class='ocrx_word' id='word_1_356' title='bbox 704 4738 904 4809; x_wconf 87' lang='lat' dir='ltr'><strong>Ecquis</strong></span> <span class='ocrx_word' id='word_1_357' title='bbox 928 4754 957 4793; x_wconf 91' lang='lat' dir='ltr'><strong>a</strong></span> <span class='ocrx_word' id='word_1_358' title='bbox 987 4749 1209 4810; x_wconf 89' lang='lat' dir='ltr'><strong>peccato</strong></span> <span class='ocrx_word' id='word_1_359' title='bbox 1247 4737 1533 4792; x_wconf 87' lang='lat' dir='ltr'><strong>immunis?</strong></span> <span class='ocrx_word' id='word_1_360' title='bbox 1568 4740 1638 4793; x_wconf 82' lang='lat' dir='ltr'><strong>At</strong></span> <span class='ocrx_word' id='word_1_361' title='bbox 1670 4754 1788 4794; x_wconf 89' lang='lat' dir='ltr'><strong>mea</strong></span> <span class='ocrx_word' id='word_1_362' title='bbox 1817 4754 1944 4809; x_wconf 74' lang='lat' dir='ltr'><strong>gra-</strong></span> 
     </span>
    </p>
   </div>
   <div class='ocr_carea' id='block_1_49' title="bbox 352 4828 1941 4900">
    <p class='ocr_par' dir='ltr' id='par_1_49' title="bbox 352 4828 1941 4900">
     <span class='ocr_line' id='line_1_49' title="bbox 352 4828 1941 4900; baseline 0 -17"><span class='ocrx_word' id='word_1_363' title='bbox 352 4833 436 4885; x_wconf 91' lang='lat' dir='ltr'><strong>via</strong></span> <span class='ocrx_word' id='word_1_364' title='bbox 467 4837 614 4895; x_wconf 89' lang='lat' dir='ltr'><strong>sunt,</strong></span> <span class='ocrx_word' id='word_1_365' title='bbox 668 4838 722 4883; x_wconf 89' lang='lat' dir='ltr'><strong>et</strong></span> <span class='ocrx_word' id='word_1_366' title='bbox 748 4831 1061 4900; x_wconf 89' lang='lat' dir='ltr'><strong>quorumvis</strong></span> <span class='ocrx_word' id='word_1_367' title='bbox 1105 4828 1381 4884; x_wconf 92' lang='lat' dir='ltr'><strong>hominum</strong></span> <span class='ocrx_word' id='word_1_368' title='bbox 1414 4837 1630 4898; x_wconf 88' lang='lat' dir='ltr'><strong>peccata</strong></span> <span class='ocrx_word' id='word_1_369' title='bbox 1669 4837 1941 4899; x_wconf 88' lang='lat' dir='ltr'><strong>superant.</strong></span> 
     </span>
    </p>
   </div>
   <div class='ocr_carea' id='block_1_50' title="bbox 351 4921 1943 4993">
    <p class='ocr_par' dir='ltr' id='par_1_50' title="bbox 351 4921 1943 4993">
     <span class='ocr_line' id='line_1_50' title="bbox 351 4921 1943 4993; baseline -0.003 -12"><span class='ocrx_word' id='word_1_370' title='bbox 351 4926 466 4981; x_wconf 90' lang='lat' dir='ltr'><strong>lloc</strong></span> <span class='ocrx_word' id='word_1_371' title='bbox 493 4921 588 4978; x_wconf 88' lang='lat' dir='ltr'><strong>tibi</strong></span> <span class='ocrx_word' id='word_1_372' title='bbox 611 4921 809 4976; x_wconf 75' lang='lat' dir='ltr'><strong>sufﬁcit</strong></span> <span class='ocrx_word' id='word_1_373' title='bbox 835 4921 901 4975; x_wconf 90' lang='lat' dir='ltr'><strong>ad</strong></span> <span class='ocrx_word' id='word_1_374' title='bbox 933 4921 1252 4977; x_wconf 91' lang='lat' dir='ltr'><strong>sacrilieium</strong></span> <span class='ocrx_word' id='word_1_375' title='bbox 1284 4941 1296 4977; x_wconf 90' lang='lat'><strong>:</strong></span> <span class='ocrx_word' id='word_1_376' title='bbox 1332 4921 1423 4976; x_wconf 87' lang='lat' dir='ltr'><strong>Dic</strong></span> <span class='ocrx_word' id='word_1_377' title='bbox 1446 4932 1500 4975; x_wconf 87' lang='lat' dir='ltr'><strong>tu</strong></span> <span class='ocrx_word' id='word_1_378' title='bbox 1521 4922 1809 4993; x_wconf 83' lang='lat' dir='ltr'><strong>iniquitates</strong></span> <span class='ocrx_word' id='word_1_379' title='bbox 1831 4933 1943 4977; x_wconf 86' lang='lat' dir='ltr'><strong>tuas</strong></span> 
     </span>
    </p>
   </div>
   <div class='ocr_carea' id='block_1_51' title="bbox 355 5012 1945 5088">
    <p class='ocr_par' dir='ltr' id='par_1_51' title="bbox 355 5012 1945 5088">
     <span class='ocr_line' id='line_1_51' title="bbox 355 5012 1945 5088; baseline 0.001 -19"><span class='ocrx_word' id='word_1_380' title='bbox 355 5018 571 5088; x_wconf 78' lang='lat' dir='ltr'><strong>primus,</strong></span> <span class='ocrx_word' id='word_1_381' title='bbox 594 5023 652 5067; x_wconf 87' lang='lat' dir='ltr'><strong>ut</strong></span> <span class='ocrx_word' id='word_1_382' title='bbox 658 5013 957 5085; x_wconf 77' lang='lat' dir='ltr'><strong>justiﬁceris</strong></span> <span class='ocrx_word' id='word_1_383' title='bbox 983 5012 1151 5083; x_wconf 75' lang='lat' dir='ltr'><strong>(Issi.</strong></span> <span class='ocrx_word' id='word_1_384' title='bbox 1181 5016 1273 5070; x_wconf 76' lang='grc'><strong>45.</strong></span> <span class='ocrx_word' id='word_1_385' title='bbox 1303 5012 1434 5087; x_wconf 78' lang='grc'><strong>26).</strong></span> <span class='ocrx_word' id='word_1_386' title='bbox 1466 5015 1712 5086; x_wconf 88' lang='lat' dir='ltr'><strong>Agnosce</strong></span> <span class='ocrx_word' id='word_1_387' title='bbox 1741 5024 1793 5070; x_wconf 91' lang='lat' dir='ltr'><strong>te</strong></span> <span class='ocrx_word' id='word_1_388' title='bbox 1821 5030 1945 5084; x_wconf 89' lang='lat' dir='ltr'><strong>pec-</strong></span> 
     </span>
    </p>
   </div>
   <div class='ocr_carea' id='block_1_52' title="bbox 350 5105 1944 5174">
    <p class='ocr_par' dir='ltr' id='par_1_52' title="bbox 350 5105 1944 5174">
     <span class='ocr_line' id='line_1_52' title="bbox 350 5105 1944 5174; baseline -0.001 -9"><span class='ocrx_word' id='word_1_389' title='bbox 350 5124 526 5174; x_wconf 86' lang='lat' dir='ltr'><strong>casse,</strong></span> <span class='ocrx_word' id='word_1_390' title='bbox 555 5115 612 5163; x_wconf 89' lang='lat' dir='ltr'><strong>et</strong></span> <span class='ocrx_word' id='word_1_391' title='bbox 638 5105 846 5161; x_wconf 89' lang='lat' dir='ltr'><strong>initium</strong></span> <span class='ocrx_word' id='word_1_392' title='bbox 888 5105 982 5160; x_wconf 90' lang='lat' dir='ltr'><strong>tibi</strong></span> <span class='ocrx_word' id='word_1_393' title='bbox 1021 5108 1372 5163; x_wconf 89' lang='lat' dir='ltr'><strong>correctionis</strong></span> <span class='ocrx_word' id='word_1_394' title='bbox 1430 5108 1532 5162; x_wconf 90' lang='lat' dir='ltr'><strong>hoc</strong></span> <span class='ocrx_word' id='word_1_395' title='bbox 1573 5107 1685 5162; x_wconf 90' lang='lat' dir='ltr'><strong>ﬁet.</strong></span> <span class='ocrx_word' id='word_1_396' title='bbox 1725 5107 1944 5164; x_wconf 73' lang='lat' dir='ltr'><strong>Mmstus</strong></span> 
     </span>
    </p>
   </div>
   <div class='ocr_carea' id='block_1_53' title="bbox 349 5196 1942 5272">
    <p class='ocr_par' dir='ltr' id='par_1_53' title="bbox 349 5196 1942 5272">
     <span class='ocr_line' id='line_1_53' title="bbox 349 5196 1942 5272; baseline -0.002 -14"><span class='ocrx_word' id='word_1_397' title='bbox 349 5213 490 5268; x_wconf 88' lang='lat' dir='ltr'><strong>esto,</strong></span> <span class='ocrx_word' id='word_1_398' title='bbox 517 5200 782 5270; x_wconf 87' lang='lat' dir='ltr'><strong>lacrymas</strong></span> <span class='ocrx_word' id='word_1_399' title='bbox 816 5196 999 5253; x_wconf 80' lang='lat' dir='ltr'><strong>funde.</strong></span> <span class='ocrx_word' id='word_1_400' title='bbox 1044 5198 1309 5268; x_wconf 86' lang='lat' dir='ltr'><strong>Numquid</strong></span> <span class='ocrx_word' id='word_1_401' title='bbox 1351 5199 1493 5254; x_wconf 90' lang='lat' dir='ltr'><strong>aliud</strong></span> <span class='ocrx_word' id='word_1_402' title='bbox 1521 5200 1790 5272; x_wconf 89' lang='lat' dir='ltr'><strong>quidpiam</strong></span> <span class='ocrx_word' id='word_1_403' title='bbox 1824 5216 1942 5256; x_wconf 88' lang='lat' dir='ltr'><strong>me-</strong></span> 
     </span>
    </p>
   </div>
   <div class='ocr_carea' id='block_1_54' title="bbox 351 5287 1944 5362">
    <p class='ocr_par' dir='ltr' id='par_1_54' title="bbox 351 5287 1944 5362">
     <span class='ocr_line' id='line_1_54' title="bbox 351 5287 1944 5362; baseline -0.002 -14"><span class='ocrx_word' id='word_1_404' title='bbox 351 5293 519 5349; x_wconf 76' lang='lat' dir='ltr'><strong>retrix</strong></span> <span class='ocrx_word' id='word_1_405' title='bbox 554 5288 744 5347; x_wconf 79' lang='lat' dir='ltr'><strong>eﬁ&#39;udit</strong></span> <span class='ocrx_word' id='word_1_406' title='bbox 779 5288 805 5342; x_wconf 85' lang='lat'><strong>?</strong></span> <span class='ocrx_word' id='word_1_407' title='bbox 829 5287 970 5343; x_wconf 85' lang='lat' dir='ltr'><strong>Nihil</strong></span> <span class='ocrx_word' id='word_1_408' title='bbox 997 5288 1161 5356; x_wconf 89' lang='lat' dir='ltr'><strong>aliud,</strong></span> <span class='ocrx_word' id='word_1_409' title='bbox 1191 5305 1348 5359; x_wconf 89' lang='lat' dir='ltr'><strong>quam</strong></span> <span class='ocrx_word' id='word_1_410' title='bbox 1394 5290 1661 5361; x_wconf 80' lang='lat' dir='ltr'><strong>lacrymas</strong></span> <span class='ocrx_word' id='word_1_411' title='bbox 1685 5300 1742 5347; x_wconf 91' lang='lat' dir='ltr'><strong>et</strong></span> <span class='ocrx_word' id='word_1_412' title='bbox 1771 5293 1944 5362; x_wconf 70' lang='lat' dir='ltr'><strong>poeul-</strong></span> 
     </span>
    </p>
   </div>
   <div class='ocr_carea' id='block_1_55' title="bbox 352 5381 1941 5452">
    <p class='ocr_par' dir='ltr' id='par_1_55' title="bbox 352 5381 1941 5452">
     <span class='ocr_line' id='line_1_55' title="bbox 352 5381 1941 5452; baseline 0 -12"><span class='ocrx_word' id='word_1_413' title='bbox 352 5385 572 5441; x_wconf 90' lang='lat' dir='ltr'><strong>tentiam</strong></span> <span class='ocrx_word' id='word_1_414' title='bbox 597 5400 613 5451; x_wconf 95' lang='lat'><strong>;</strong></span> <span class='ocrx_word' id='word_1_415' title='bbox 639 5382 830 5438; x_wconf 90' lang='lat' dir='ltr'><strong>ducem</strong></span> <span class='ocrx_word' id='word_1_416' title='bbox 847 5381 1138 5452; x_wconf 88' lang='lat' dir='ltr'><strong>assumpsit</strong></span> <span class='ocrx_word' id='word_1_417' title='bbox 1162 5381 1546 5452; x_wconf 71' lang='lat' dir='ltr'><strong>pmuiteutiam,</strong></span> <span class='ocrx_word' id='word_1_418' title='bbox 1565 5393 1618 5440; x_wconf 90' lang='lat' dir='ltr'><strong>et</strong></span> <span class='ocrx_word' id='word_1_419' title='bbox 1642 5383 1709 5439; x_wconf 89' lang='lat' dir='ltr'><strong>ad</strong></span> <span class='ocrx_word' id='word_1_420' title='bbox 1740 5383 1941 5440; x_wconf 80' lang='lat' dir='ltr'><strong>fontem</strong></span> 
     </span>
    </p>
   </div>
   <div class='ocr_carea' id='block_1_56' title="bbox 347 5479 597 5536">
    <p class='ocr_par' dir='ltr' id='par_1_56' title="bbox 347 5479 597 5536">
     <span class='ocr_line' id='line_1_56' title="bbox 347 5479 597 5536; baseline 0.004 -3"><span class='ocrx_word' id='word_1_421' title='bbox 347 5479 597 5536; x_wconf 86' lang='lat' dir='ltr'><strong>accessit.</strong></span> 
     </span>
    </p>
   </div>
   <div class='ocr_carea' id='block_1_57' title="bbox 421 5569 1942 5644">
    <p class='ocr_par' dir='ltr' id='par_1_57' title="bbox 421 5569 1942 5644">
     <span class='ocr_line' id='line_1_57' title="bbox 421 5569 1942 5644; baseline -0.003 -16"><span class='ocrx_word' id='word_1_422' title='bbox 421 5575 475 5628; x_wconf 77' lang='grc'><strong>4.</strong></span> <span class='ocrx_word' id='word_1_423' title='bbox 503 5572 639 5641; x_wconf 90' lang='lat' dir='ltr'><strong>Quid</strong></span> <span class='ocrx_word' id='word_1_424' title='bbox 663 5585 797 5627; x_wconf 88' lang='lat' dir='ltr'><strong>vero</strong></span> <span class='ocrx_word' id='word_1_425' title='bbox 813 5571 1127 5644; x_wconf 90' lang='lat' dir='ltr'><strong>publicanus</strong></span> <span class='ocrx_word' id='word_1_426' title='bbox 1145 5576 1199 5624; x_wconf 91' lang='lat' dir='ltr'><strong>et</strong></span> <span class='ocrx_word' id='word_1_427' title='bbox 1215 5569 1538 5640; x_wconf 81' lang='lat' dir='ltr'><strong>evangelista</strong></span> <span class='ocrx_word' id='word_1_428' title='bbox 1560 5570 1715 5633; x_wconf 90' lang='lat' dir='ltr'><strong>dicat.</strong></span> <span class='ocrx_word' id='word_1_429' title='bbox 1757 5570 1942 5627; x_wconf 87' lang='lat' dir='ltr'><strong>audia-</strong></span> 
     </span>
    </p>
   </div>
   <div class='ocr_carea' id='block_1_58' title="bbox 348 5661 1942 5736">
    <p class='ocr_par' dir='ltr' id='par_1_58' title="bbox 348 5661 1942 5736">
     <span class='ocr_line' id='line_1_58' title="bbox 348 5661 1942 5736; baseline 0.001 -19"><span class='ocrx_word' id='word_1_430' title='bbox 348 5678 486 5717; x_wconf 89' lang='lat' dir='ltr'><strong>mus.</strong></span> <span class='ocrx_word' id='word_1_431' title='bbox 521 5663 585 5717; x_wconf 85' lang='lat' dir='ltr'><strong>Et</strong></span> <span class='ocrx_word' id='word_1_432' title='bbox 607 5679 839 5736; x_wconf 83' lang='lat' dir='ltr'><strong>egressus</strong></span> <span class='ocrx_word' id='word_1_433' title='bbox 857 5664 976 5718; x_wconf 84' lang='lat' dir='ltr'><strong>inde</strong></span> <span class='ocrx_word' id='word_1_434' title='bbox 997 5663 1151 5717; x_wconf 81' lang='lat' dir='ltr'><strong>Jesus</strong></span> <span class='ocrx_word' id='word_1_435' title='bbox 1170 5661 1303 5715; x_wconf 81' lang='lat' dir='ltr'><strong>venit</strong></span> <span class='ocrx_word' id='word_1_436' title='bbox 1328 5663 1381 5715; x_wconf 86' lang='lat' dir='ltr'><strong>in</strong></span> <span class='ocrx_word' id='word_1_437' title='bbox 1414 5671 1582 5731; x_wconf 86' lang='lat' dir='ltr'><strong>partes</strong></span> <span class='ocrx_word' id='word_1_438' title='bbox 1609 5661 1731 5733; x_wconf 81' lang='lat' dir='ltr'><strong>Tyri</strong></span> <span class='ocrx_word' id='word_1_439' title='bbox 1758 5672 1804 5718; x_wconf 89' lang='lat' dir='ltr'><strong>et</strong></span> <span class='ocrx_word' id='word_1_440' title='bbox 1852 5664 1942 5718; x_wconf 85' lang='lat' dir='ltr'><strong>Si-</strong></span> 
     </span>
    </p>
   </div>
   <div class='ocr_carea' id='block_1_59' title="bbox 344 5752 1942 5823">
    <p class='ocr_par' dir='ltr' id='par_1_59' title="bbox 344 5752 1942 5823">
     <span class='ocr_line' id='line_1_59' title="bbox 344 5752 1942 5823; baseline 0.004 -19"><span class='ocrx_word' id='word_1_441' title='bbox 344 5752 490 5806; x_wconf 82' lang='lat' dir='ltr'><strong>donis</strong></span> <span class='ocrx_word' id='word_1_442' title='bbox 534 5768 554 5807; x_wconf 89' lang='lat'><strong><em>:</em></strong></span> <span class='ocrx_word' id='word_1_443' title='bbox 590 5765 637 5809; x_wconf 87' lang='lat' dir='ltr'><strong>et</strong></span> <span class='ocrx_word' id='word_1_444' title='bbox 691 5769 803 5807; x_wconf 88' lang='lat' dir='ltr'><strong>ecce</strong></span> <span class='ocrx_word' id='word_1_445' title='bbox 845 5755 1048 5809; x_wconf 81' lang='lat' dir='ltr'><strong>mulier.</strong></span> <span class='ocrx_word' id='word_1_446' title='bbox 1098 5753 1315 5808; x_wconf 76' lang='lat' dir='ltr'><strong>Miratur</strong></span> <span class='ocrx_word' id='word_1_447' title='bbox 1363 5755 1686 5823; x_wconf 84' lang='lat' dir='ltr'><strong>evangelista</strong></span> <span class='ocrx_word' id='word_1_448' title='bbox 1743 5774 1759 5812; x_wconf 87' lang='lat'><strong>:</strong></span> <span class='ocrx_word' id='word_1_449' title='bbox 1812 5756 1942 5811; x_wconf 79' lang='lat' dir='ltr'><strong>Ecce</strong></span> 
     </span>
    </p>
   </div>
   <div class='ocr_carea' id='block_1_60' title="bbox 341 5842 1941 5921">
    <p class='ocr_par' dir='ltr' id='par_1_60' title="bbox 341 5842 1941 5921">
     <span class='ocr_line' id='line_1_60' title="bbox 341 5842 1941 5921; baseline 0.007 -26"><span class='ocrx_word' id='word_1_450' title='bbox 341 5842 534 5910; x_wconf 67' lang='lat' dir='ltr'><strong>multa,</strong></span> <span class='ocrx_word' id='word_1_451' title='bbox 568 5852 787 5900; x_wconf 83' lang='lat' dir='ltr'><strong>vetusta</strong></span> <span class='ocrx_word' id='word_1_452' title='bbox 807 5855 1076 5902; x_wconf 83' lang='lat' dir='ltr'><strong>armatura</strong></span> <span class='ocrx_word' id='word_1_453' title='bbox 1101 5844 1317 5917; x_wconf 88' lang='lat' dir='ltr'><strong>diaboli,</strong></span> <span class='ocrx_word' id='word_1_454' title='bbox 1340 5861 1459 5921; x_wconf 79' lang='lat' dir='ltr'><strong>qua:</strong></span> <span class='ocrx_word' id='word_1_455' title='bbox 1485 5861 1571 5901; x_wconf 88' lang='lat' dir='ltr'><strong>me</strong></span> <span class='ocrx_word' id='word_1_456' title='bbox 1595 5846 1663 5902; x_wconf 90' lang='lat' dir='ltr'><strong>de</strong></span> <span class='ocrx_word' id='word_1_457' title='bbox 1693 5850 1941 5918; x_wconf 74' lang='lat' dir='ltr'><strong>paradiso</strong></span> 
     </span>
    </p>
   </div>
   <div class='ocr_carea' id='block_1_61' title="bbox 1044 386 2897 454">
    <p class='ocr_par' dir='ltr' id='par_1_61' title="bbox 1044 386 2897 454">
     <span class='ocr_line' id='line_1_61' title="bbox 1044 386 2897 454; baseline -0.006 0"><span class='ocrx_word' id='word_1_458' title='bbox 1044 396 1120 454; x_wconf 83' lang='lat' dir='ltr'><strong>-S.</strong></span> <span class='ocrx_word' id='word_1_459' title='bbox 1141 395 1438 454; x_wconf 73' lang='lat' dir='ltr'><strong>‘JOANNIS</strong></span> <span class='ocrx_word' id='word_1_460' title='bbox 1473 389 1955 451; x_wconf 67' lang='lat' dir='ltr'><strong>CHRYSOSTOH!</strong></span> <span class='ocrx_word' id='word_1_461' title='bbox 1992 386 2315 448; x_wconf 70' lang='lat' dir='ltr'><strong>ARCHIEP.</strong></span> <span class='ocrx_word' id='word_1_462' title='bbox 2355 386 2897 447; x_wconf 80' lang='lat' dir='ltr'><strong>CONSTANTINOP.</strong></span> 
     </span>
    </p>
   </div>
   <div class='ocr_carea' id='block_1_62' title="bbox 3526 399 3632 457">
    <p class='ocr_par' dir='ltr' id='par_1_62' title="bbox 3526 399 3632 457">
     <span class='ocr_line' id='line_1_62' title="bbox 3526 399 3632 457; baseline 0.009 -1"><span class='ocrx_word' id='word_1_463' title='bbox 3526 399 3632 457; x_wconf 72' lang='grc'><strong>432</strong></span> 
     </span>
    </p>
   </div>
   <div class='ocr_carea' id='block_1_63' title="bbox 2044 503 3631 575">
    <p class='ocr_par' dir='ltr' id='par_1_63' title="bbox 2044 503 3631 575">
     <span class='ocr_line' id='line_1_63' title="bbox 2044 503 3631 575; baseline 0.003 -16"><span class='ocrx_word' id='word_1_464' title='bbox 2044 503 2285 574; x_wconf 80' lang='lat' dir='ltr'><strong>expulit,</strong></span> <span class='ocrx_word' id='word_1_465' title='bbox 2311 513 2483 561; x_wconf 85' lang='lat' dir='ltr'><strong>mater</strong></span> <span class='ocrx_word' id='word_1_466' title='bbox 2504 506 2730 575; x_wconf 86' lang='lat' dir='ltr'><strong>peccati,</strong></span> <span class='ocrx_word' id='word_1_467' title='bbox 2758 506 3007 575; x_wconf 85' lang='lat' dir='ltr'><strong>princeps</strong></span> <span class='ocrx_word' id='word_1_468' title='bbox 3032 506 3517 575; x_wconf 64' lang='lat' dir='ltr'><strong>praevaricationis;</strong></span> <span class='ocrx_word' id='word_1_469' title='bbox 3542 510 3631 568; x_wconf 83' lang='lat' dir='ltr'><strong>illa</strong></span> 
     </span>
    </p>
   </div>
   <div class='ocr_carea' id='block_1_64' title="bbox 2043 597 3636 669">
    <p class='ocr_par' dir='ltr' id='par_1_64' title="bbox 2043 597 3636 669">
     <span class='ocr_line' id='line_1_64' title="bbox 2043 597 3636 669; baseline 0.001 -18"><span class='ocrx_word' id='word_1_470' title='bbox 2043 598 2156 666; x_wconf 89' lang='lat' dir='ltr'><strong>ipsa</strong></span> <span class='ocrx_word' id='word_1_471' title='bbox 2185 597 2379 651; x_wconf 88' lang='lat' dir='ltr'><strong>mulier</strong></span> <span class='ocrx_word' id='word_1_472' title='bbox 2406 597 2594 664; x_wconf 87' lang='lat' dir='ltr'><strong>venit,</strong></span> <span class='ocrx_word' id='word_1_473' title='bbox 2644 597 2757 666; x_wconf 89' lang='lat' dir='ltr'><strong>ipsa</strong></span> <span class='ocrx_word' id='word_1_474' title='bbox 2808 607 3038 651; x_wconf 89' lang='lat' dir='ltr'><strong>natura:</strong></span> <span class='ocrx_word' id='word_1_475' title='bbox 3068 611 3263 653; x_wconf 88' lang='lat' dir='ltr'><strong>novum</strong></span> <span class='ocrx_word' id='word_1_476' title='bbox 3306 612 3371 653; x_wconf 85' lang='lat' dir='ltr'><strong>ac</strong></span> <span class='ocrx_word' id='word_1_477' title='bbox 3413 608 3636 669; x_wconf 84' lang='lat' dir='ltr'><strong>stupen-</strong></span> 
     </span>
    </p>
   </div>
   <div class='ocr_carea' id='block_1_65' title="bbox 2043 688 3640 761">
    <p class='ocr_par' dir='ltr' id='par_1_65' title="bbox 2043 688 3640 761">
     <span class='ocr_line' id='line_1_65' title="bbox 2043 688 3640 761; baseline -0.001 -16"><span class='ocrx_word' id='word_1_478' title='bbox 2043 691 2170 745; x_wconf 90' lang='lat' dir='ltr'><strong>dum</strong></span> <span class='ocrx_word' id='word_1_479' title='bbox 2191 691 2551 760; x_wconf 89' lang='lat' dir='ltr'><strong>spectaculum</strong></span> <span class='ocrx_word' id='word_1_480' title='bbox 2585 688 2792 745; x_wconf 59' lang='grc' dir='ltr'><strong>Λιιδωί</strong></span> <span class='ocrx_word' id='word_1_481' title='bbox 2836 689 3062 759; x_wconf 82' lang='lat' dir='ltr'><strong>lugiunt,</strong></span> <span class='ocrx_word' id='word_1_482' title='bbox 3091 700 3148 746; x_wconf 89' lang='lat' dir='ltr'><strong>et</strong></span> <span class='ocrx_word' id='word_1_483' title='bbox 3170 691 3362 746; x_wconf 89' lang='lat' dir='ltr'><strong>mulier</strong></span> <span class='ocrx_word' id='word_1_484' title='bbox 3376 693 3640 761; x_wconf 83' lang='lat' dir='ltr'><strong>sequitur.</strong></span> 
     </span>
    </p>
   </div>
   <div class='ocr_carea' id='block_1_66' title="bbox 2042 780 3647 851">
    <p class='ocr_par' dir='ltr' id='par_1_66' title="bbox 2042 780 3647 851">
     <span class='ocr_line' id='line_1_66' title="bbox 2042 780 3647 851; baseline -0.001 -15"><span class='ocrx_word' id='word_1_485' title='bbox 2042 781 2111 837; x_wconf 83' lang='lat' dir='ltr'><strong>Et</strong></span> <span class='ocrx_word' id='word_1_486' title='bbox 2129 798 2243 836; x_wconf 83' lang='lat' dir='ltr'><strong>ecce</strong></span> <span class='ocrx_word' id='word_1_487' title='bbox 2257 782 2437 835; x_wconf 79' lang='lat' dir='ltr'><strong>mulier</strong></span> <span class='ocrx_word' id='word_1_488' title='bbox 2448 782 2512 834; x_wconf 88' lang='lat' dir='ltr'><strong>de</strong></span> <span class='ocrx_word' id='word_1_489' title='bbox 2526 781 2709 850; x_wconf 76' lang='lat' dir='ltr'><strong>ﬁnibus</strong></span> <span class='ocrx_word' id='word_1_490' title='bbox 2727 780 2830 835; x_wconf 80' lang='lat' dir='ltr'><strong>illis</strong></span> <span class='ocrx_word' id='word_1_491' title='bbox 2850 797 3050 851; x_wconf 82' lang='lat' dir='ltr'><strong>egressa</strong></span> <span class='ocrx_word' id='word_1_492' title='bbox 3068 781 3279 850; x_wconf 72' lang='lat' dir='ltr'><strong>rogabat</strong></span> <span class='ocrx_word' id='word_1_493' title='bbox 3302 796 3420 835; x_wconf 80' lang='lat' dir='ltr'><strong>eum</strong></span> <span class='ocrx_word' id='word_1_494' title='bbox 3443 783 3588 835; x_wconf 76' lang='lat' dir='ltr'><strong>dicen</strong></span> <span class='ocrx_word' id='word_1_495' title='bbox 3600 797 3647 834; x_wconf 89' lang='lat' dir='ltr'><strong>s:</strong></span> 
     </span>
    </p>
   </div>
   <div class='ocr_carea' id='block_1_67' title="bbox 2043 868 3643 942">
    <p class='ocr_par' dir='ltr' id='par_1_67' title="bbox 2043 868 3643 942">
     <span class='ocr_line' id='line_1_67' title="bbox 2043 868 3643 942; baseline 0.001 -16"><span class='ocrx_word' id='word_1_496' title='bbox 2043 872 2280 935; x_wconf 85' lang='lat' dir='ltr'><strong>Domine,</strong></span> <span class='ocrx_word' id='word_1_497' title='bbox 2318 872 2396 942; x_wconf 76' lang='lat' dir='ltr'><strong>ﬁli</strong></span> <span class='ocrx_word' id='word_1_498' title='bbox 2422 871 2608 936; x_wconf 75' lang='lat' dir='ltr'><strong>David,</strong></span> <span class='ocrx_word' id='word_1_499' title='bbox 2647 874 2883 926; x_wconf 80' lang='lat' dir='ltr'><strong>miserere</strong></span> <span class='ocrx_word' id='word_1_500' title='bbox 2907 873 3003 926; x_wconf 83' lang='lat' dir='ltr'><strong>mei</strong></span> <span class='ocrx_word' id='word_1_501' title='bbox 3020 871 3239 942; x_wconf 77' lang='lat' dir='ltr'><strong>(Matth.</strong></span> <span class='ocrx_word' id='word_1_502' title='bbox 3271 874 3360 928; x_wconf 76' lang='grc'><strong>15.</strong></span> <span class='ocrx_word' id='word_1_503' title='bbox 3391 873 3483 929; x_wconf 73' lang='grc'><strong>21.</strong></span> <span class='ocrx_word' id='word_1_504' title='bbox 3507 868 3643 937; x_wconf 70' lang='lat'><strong>22)-</strong></span> 
     </span>
    </p>
   </div>
   <div class='ocr_carea' id='block_1_68' title="bbox 2043 964 3651 1037">
    <p class='ocr_par' dir='ltr' id='par_1_68' title="bbox 2043 964 3651 1037">
     <span class='ocr_line' id='line_1_68' title="bbox 2043 964 3651 1037; baseline 0 -16"><span class='ocrx_word' id='word_1_505' title='bbox 2043 966 2381 1037; x_wconf 81' lang='lat' dir='ltr'><strong>Evangelista</strong></span> <span class='ocrx_word' id='word_1_506' title='bbox 2409 965 2469 1020; x_wconf 87' lang='lat' dir='ltr'><strong>ﬁt</strong></span> <span class='ocrx_word' id='word_1_507' title='bbox 2497 964 2714 1029; x_wconf 89' lang='lat' dir='ltr'><strong>mulier,</strong></span> <span class='ocrx_word' id='word_1_508' title='bbox 2742 979 2805 1020; x_wconf 89' lang='lat' dir='ltr'><strong>ac</strong></span> <span class='ocrx_word' id='word_1_509' title='bbox 2830 966 3164 1022; x_wconf 90' lang='lat' dir='ltr'><strong>divinitatem</strong></span> <span class='ocrx_word' id='word_1_510' title='bbox 3191 966 3651 1022; x_wconf 81' lang='lat' dir='ltr'><strong>incarnationem-</strong></span> 
     </span>
    </p>
   </div>
   <div class='ocr_carea' id='block_1_69' title="bbox 2042 1055 3646 1127">
    <p class='ocr_par' dir='ltr' id='par_1_69' title="bbox 2042 1055 3646 1127">
     <span class='ocr_line' id='line_1_69' title="bbox 2042 1055 3646 1127; baseline 0.001 -18"><span class='ocrx_word' id='word_1_511' title='bbox 2042 1072 2148 1127; x_wconf 90' lang='lat' dir='ltr'><strong>que</strong></span> <span class='ocrx_word' id='word_1_512' title='bbox 2184 1055 2510 1123; x_wconf 89' lang='lat' dir='ltr'><strong>conﬁtetur;</strong></span> <span class='ocrx_word' id='word_1_513' title='bbox 2566 1055 2800 1121; x_wconf 80' lang='lat' dir='ltr'><strong>Domine,</strong></span> <span class='ocrx_word' id='word_1_514' title='bbox 2850 1055 3301 1123; x_wconf 88' lang='lat' dir='ltr'><strong>dominationem;</strong></span> <span class='ocrx_word' id='word_1_515' title='bbox 3333 1057 3410 1126; x_wconf 77' lang='lat' dir='ltr'><strong>ﬁli</strong></span> <span class='ocrx_word' id='word_1_516' title='bbox 3446 1055 3646 1122; x_wconf 69' lang='lat' dir='ltr'><strong>David,</strong></span> 
     </span>
    </p>
   </div>
   <div class='ocr_carea' id='block_1_70' title="bbox 2044 1147 3644 1220">
    <p class='ocr_par' dir='ltr' id='par_1_70' title="bbox 2044 1147 3644 1220">
     <span class='ocr_line' id='line_1_70' title="bbox 2044 1147 3644 1220; baseline 0.001 -18"><span class='ocrx_word' id='word_1_517' title='bbox 2044 1148 2466 1203; x_wconf 86' lang='lat' dir='ltr'><strong>incarnationem</strong></span> <span class='ocrx_word' id='word_1_518' title='bbox 2516 1147 2758 1205; x_wconf 88' lang='lat' dir='ltr'><strong>denotat.</strong></span> <span class='ocrx_word' id='word_1_519' title='bbox 2802 1147 3045 1204; x_wconf 77' lang='lat' dir='ltr'><strong>Miserere</strong></span> <span class='ocrx_word' id='word_1_520' title='bbox 3069 1150 3188 1204; x_wconf 84' lang='lat' dir='ltr'><strong>mei.</strong></span> <span class='ocrx_word' id='word_1_521' title='bbox 3241 1150 3372 1206; x_wconf 85' lang='lat' dir='ltr'><strong>Vide</strong></span> <span class='ocrx_word' id='word_1_522' title='bbox 3396 1150 3644 1220; x_wconf 83' lang='lat' dir='ltr'><strong>philoso-</strong></span> 
     </span>
    </p>
   </div>
   <div class='ocr_carea' id='block_1_71' title="bbox 2043 1240 3642 1311">
    <p class='ocr_par' dir='ltr' id='par_1_71' title="bbox 2043 1240 3642 1311">
     <span class='ocr_line' id='line_1_71' title="bbox 2043 1240 3642 1311; baseline -0.004 -15"><span class='ocrx_word' id='word_1_523' title='bbox 2043 1240 2256 1311; x_wconf 89' lang='lat' dir='ltr'><strong>phicam</strong></span> <span class='ocrx_word' id='word_1_524' title='bbox 2285 1241 2535 1296; x_wconf 91' lang='lat' dir='ltr'><strong>animam.</strong></span> <span class='ocrx_word' id='word_1_525' title='bbox 2577 1240 2822 1296; x_wconf 77' lang='lat' dir='ltr'><strong>Miserere</strong></span> <span class='ocrx_word' id='word_1_526' title='bbox 2851 1242 2950 1295; x_wconf 85' lang='lat' dir='ltr'><strong>mei</strong></span> <span class='ocrx_word' id='word_1_527' title='bbox 2976 1257 2996 1295; x_wconf 90' lang='lat'><strong><em>:</em></strong></span> <span class='ocrx_word' id='word_1_528' title='bbox 3024 1256 3131 1297; x_wconf 92' lang='lat' dir='ltr'><strong>non</strong></span> <span class='ocrx_word' id='word_1_529' title='bbox 3161 1241 3333 1298; x_wconf 89' lang='lat' dir='ltr'><strong>habeo</strong></span> <span class='ocrx_word' id='word_1_530' title='bbox 3356 1243 3642 1298; x_wconf 77' lang='lat' dir='ltr'><strong>conscien-</strong></span> 
     </span>
    </p>
   </div>
   <div class='ocr_carea' id='block_1_72' title="bbox 2044 1327 3641 1402">
    <p class='ocr_par' dir='ltr' id='par_1_72' title="bbox 2044 1327 3641 1402">
     <span class='ocr_line' id='line_1_72' title="bbox 2044 1327 3641 1402; baseline 0 -15"><span class='ocrx_word' id='word_1_531' title='bbox 2044 1333 2172 1387; x_wconf 90' lang='lat' dir='ltr'><strong>tiam</strong></span> <span class='ocrx_word' id='word_1_532' title='bbox 2200 1332 2461 1388; x_wconf 92' lang='lat' dir='ltr'><strong>bonorum</strong></span> <span class='ocrx_word' id='word_1_533' title='bbox 2488 1347 2732 1402; x_wconf 90' lang='lat' dir='ltr'><strong>operum,</strong></span> <span class='ocrx_word' id='word_1_534' title='bbox 2761 1348 2867 1388; x_wconf 91' lang='lat' dir='ltr'><strong>non</strong></span> <span class='ocrx_word' id='word_1_535' title='bbox 2912 1341 3074 1389; x_wconf 59' lang='lat' dir='ltr'><strong>recta;</strong></span> <span class='ocrx_word' id='word_1_536' title='bbox 3100 1327 3225 1387; x_wconf 66' lang='lat' dir='ltr'><strong>vitae</strong></span> <span class='ocrx_word' id='word_1_537' title='bbox 3254 1333 3500 1388; x_wconf 87' lang='lat' dir='ltr'><strong>ﬁduciam</strong></span> <span class='ocrx_word' id='word_1_538' title='bbox 3526 1351 3541 1398; x_wconf 86' lang='lat'><strong>;</strong></span> <span class='ocrx_word' id='word_1_539' title='bbox 3571 1335 3641 1387; x_wconf 90' lang='lat' dir='ltr'><strong>ad</strong></span> 
     </span>
    </p>
   </div>
   <div class='ocr_carea' id='block_1_73' title="bbox 2043 1423 3642 1495">
    <p class='ocr_par' dir='ltr' id='par_1_73' title="bbox 2043 1423 3642 1495">
     <span class='ocr_line' id='line_1_73' title="bbox 2043 1423 3642 1495; baseline -0.001 -17"><span class='ocrx_word' id='word_1_540' title='bbox 2043 1423 2466 1479; x_wconf 91' lang='lat' dir='ltr'><strong>misericordiam</strong></span> <span class='ocrx_word' id='word_1_541' title='bbox 2501 1423 2772 1494; x_wconf 84' lang='lat' dir='ltr'><strong>confugio,</strong></span> <span class='ocrx_word' id='word_1_542' title='bbox 2804 1423 2873 1478; x_wconf 92' lang='lat' dir='ltr'><strong>ad</strong></span> <span class='ocrx_word' id='word_1_543' title='bbox 2910 1438 3250 1479; x_wconf 88' lang='lat' dir='ltr'><strong>communem</strong></span> <span class='ocrx_word' id='word_1_544' title='bbox 3300 1432 3642 1495; x_wconf 89' lang='lat' dir='ltr'><strong>peccatorum</strong></span> 
     </span>
    </p>
   </div>
   <div class='ocr_carea' id='block_1_74' title="bbox 2045 1513 3641 1587">
    <p class='ocr_par' dir='ltr' id='par_1_74' title="bbox 2045 1513 3641 1587">
     <span class='ocr_line' id='line_1_74' title="bbox 2045 1513 3641 1587; baseline 0.001 -18"><span class='ocrx_word' id='word_1_545' title='bbox 2045 1524 2256 1585; x_wconf 89' lang='lat' dir='ltr'><strong>portum</strong></span> <span class='ocrx_word' id='word_1_546' title='bbox 2291 1513 2400 1570; x_wconf 89' lang='lat' dir='ltr'><strong>:ad</strong></span> <span class='ocrx_word' id='word_1_547' title='bbox 2420 1514 2841 1570; x_wconf 86' lang='lat' dir='ltr'><strong>misericordiam</strong></span> <span class='ocrx_word' id='word_1_548' title='bbox 2870 1514 3141 1587; x_wconf 82' lang='lat' dir='ltr'><strong>confugio,</strong></span> <span class='ocrx_word' id='word_1_549' title='bbox 3168 1516 3259 1571; x_wconf 90' lang='lat' dir='ltr'><strong>ubi</strong></span> <span class='ocrx_word' id='word_1_550' title='bbox 3293 1517 3498 1573; x_wconf 81' lang='lat' dir='ltr'><strong>nullum</strong></span> <span class='ocrx_word' id='word_1_551' title='bbox 3540 1518 3641 1572; x_wconf 85' lang='lat' dir='ltr'><strong>tri-</strong></span> 
     </span>
    </p>
   </div>
   <div class='ocr_carea' id='block_1_75' title="bbox 2044 1604 3645 1678">
    <p class='ocr_par' dir='ltr' id='par_1_75' title="bbox 2044 1604 3645 1678">
     <span class='ocr_line' id='line_1_75' title="bbox 2044 1604 3645 1678; baseline 0.001 -16"><span class='ocrx_word' id='word_1_552' title='bbox 2044 1604 2229 1674; x_wconf 88' lang='lat' dir='ltr'><strong>bunal,</strong></span> <span class='ocrx_word' id='word_1_553' title='bbox 2257 1605 2348 1661; x_wconf 92' lang='lat' dir='ltr'><strong>ubi</strong></span> <span class='ocrx_word' id='word_1_554' title='bbox 2406 1606 2523 1662; x_wconf 90' lang='lat' dir='ltr'><strong>sine</strong></span> <span class='ocrx_word' id='word_1_555' title='bbox 2548 1608 2796 1662; x_wconf 81' lang='lat' dir='ltr'><strong>examine</strong></span> <span class='ocrx_word' id='word_1_556' title='bbox 2824 1606 2971 1663; x_wconf 90' lang='lat' dir='ltr'><strong>salus</strong></span> <span class='ocrx_word' id='word_1_557' title='bbox 2999 1625 3014 1662; x_wconf 90' lang='lat'><strong>:</strong></span> <span class='ocrx_word' id='word_1_558' title='bbox 3046 1608 3125 1663; x_wconf 89' lang='lat' dir='ltr'><strong>sic</strong></span> <span class='ocrx_word' id='word_1_559' title='bbox 3152 1609 3422 1678; x_wconf 82' lang='lat' dir='ltr'><strong>peccatrix</strong></span> <span class='ocrx_word' id='word_1_560' title='bbox 3458 1618 3513 1665; x_wconf 90' lang='lat' dir='ltr'><strong>et</strong></span> <span class='ocrx_word' id='word_1_561' title='bbox 3549 1610 3645 1665; x_wconf 82' lang='lat' dir='ltr'><strong>ini-</strong></span> 
     </span>
    </p>
   </div>
   <div class='ocr_carea' id='block_1_76' title="bbox 2044 1699 3647 1772">
    <p class='ocr_par' dir='ltr' id='par_1_76' title="bbox 2044 1699 3647 1772">
     <span class='ocr_line' id='line_1_76' title="bbox 2044 1699 3647 1772; baseline 0.002 -20"><span class='ocrx_word' id='word_1_562' title='bbox 2044 1715 2147 1769; x_wconf 92' lang='lat' dir='ltr'><strong>qua</strong></span> <span class='ocrx_word' id='word_1_563' title='bbox 2178 1700 2434 1756; x_wconf 87' lang='lat' dir='ltr'><strong>accedere</strong></span> <span class='ocrx_word' id='word_1_564' title='bbox 2458 1714 2587 1754; x_wconf 89' lang='lat' dir='ltr'><strong>ausa</strong></span> <span class='ocrx_word' id='word_1_565' title='bbox 2608 1709 2713 1755; x_wconf 91' lang='lat' dir='ltr'><strong>est.</strong></span> <span class='ocrx_word' id='word_1_566' title='bbox 2744 1699 2876 1756; x_wconf 81' lang='lat' dir='ltr'><strong>Vide</strong></span> <span class='ocrx_word' id='word_1_567' title='bbox 2904 1700 3036 1756; x_wconf 85' lang='lat' dir='ltr'><strong>mihi</strong></span> <span class='ocrx_word' id='word_1_568' title='bbox 3081 1701 3473 1772; x_wconf 89' lang='lat' dir='ltr'><strong>philosophiam</strong></span> <span class='ocrx_word' id='word_1_569' title='bbox 3520 1718 3647 1757; x_wconf 85' lang='lat' dir='ltr'><strong>mu-</strong></span> 
     </span>
    </p>
   </div>
   <div class='ocr_carea' id='block_1_77' title="bbox 2046 1790 3642 1863">
    <p class='ocr_par' dir='ltr' id='par_1_77' title="bbox 2046 1790 3642 1863">
     <span class='ocr_line' id='line_1_77' title="bbox 2046 1790 3642 1863; baseline 0 -18"><span class='ocrx_word' id='word_1_570' title='bbox 2046 1790 2232 1854; x_wconf 83' lang='lat' dir='ltr'><strong>lieris;</strong></span> <span class='ocrx_word' id='word_1_571' title='bbox 2265 1806 2375 1846; x_wconf 87' lang='lat' dir='ltr'><strong>non</strong></span> <span class='ocrx_word' id='word_1_572' title='bbox 2418 1800 2574 1862; x_wconf 88' lang='lat' dir='ltr'><strong>rogat</strong></span> <span class='ocrx_word' id='word_1_573' title='bbox 2608 1791 2893 1860; x_wconf 77' lang='lat' dir='ltr'><strong>Jacobum,</strong></span> <span class='ocrx_word' id='word_1_574' title='bbox 2946 1807 3055 1849; x_wconf 88' lang='lat' dir='ltr'><strong>non</strong></span> <span class='ocrx_word' id='word_1_575' title='bbox 3110 1792 3375 1863; x_wconf 86' lang='lat' dir='ltr'><strong>supplicat</strong></span> <span class='ocrx_word' id='word_1_576' title='bbox 3421 1792 3642 1860; x_wconf 82' lang='lat' dir='ltr'><strong>Joanui,</strong></span> 
     </span>
    </p>
   </div>
   <div class='ocr_carea' id='block_1_78' title="bbox 2044 1881 3641 1954">
    <p class='ocr_par' dir='ltr' id='par_1_78' title="bbox 2044 1881 3641 1954">
     <span class='ocr_line' id='line_1_78' title="bbox 2044 1881 3641 1954; baseline 0.001 -17"><span class='ocrx_word' id='word_1_577' title='bbox 2044 1897 2150 1937; x_wconf 86' lang='lat' dir='ltr'><strong>non</strong></span> <span class='ocrx_word' id='word_1_578' title='bbox 2180 1881 2390 1938; x_wconf 87' lang='lat' dir='ltr'><strong>accedit</strong></span> <span class='ocrx_word' id='word_1_579' title='bbox 2416 1882 2485 1937; x_wconf 87' lang='lat' dir='ltr'><strong>ad</strong></span> <span class='ocrx_word' id='word_1_580' title='bbox 2514 1882 2882 1951; x_wconf 82' lang='lat' dir='ltr'><strong>Petrum,-nec</strong></span> <span class='ocrx_word' id='word_1_581' title='bbox 2910 1883 3090 1939; x_wconf 90' lang='lat' dir='ltr'><strong>divisit</strong></span> <span class='ocrx_word' id='word_1_582' title='bbox 3111 1885 3472 1954; x_wconf 85' lang='lat' dir='ltr'><strong>apostolorum</strong></span> <span class='ocrx_word' id='word_1_583' title='bbox 3502 1885 3641 1939; x_wconf 89' lang='lat' dir='ltr'><strong>cbo-</strong></span> 
     </span>
    </p>
   </div>
   <div class='ocr_carea' id='block_1_79' title="bbox 2043 1974 3646 2046">
    <p class='ocr_par' dir='ltr' id='par_1_79' title="bbox 2043 1974 3646 2046">
     <span class='ocr_line' id='line_1_79' title="bbox 2043 1974 3646 2046; baseline 0.002 -15"><span class='ocrx_word' id='word_1_584' title='bbox 2043 1990 2185 2031; x_wconf 88' lang='lat' dir='ltr'><strong>rum.</strong></span> <span class='ocrx_word' id='word_1_585' title='bbox 2206 1974 2324 2029; x_wconf 90' lang='lat' dir='ltr'><strong>Non</strong></span> <span class='ocrx_word' id='word_1_586' title='bbox 2340 1989 2477 2046; x_wconf 84' lang='lat' dir='ltr'><strong>egeo</strong></span> <span class='ocrx_word' id='word_1_587' title='bbox 2496 1976 2811 2043; x_wconf 90' lang='lat' dir='ltr'><strong>mediatore,</strong></span> <span class='ocrx_word' id='word_1_588' title='bbox 2834 1977 2931 2031; x_wconf 91' lang='lat' dir='ltr'><strong>sed</strong></span> <span class='ocrx_word' id='word_1_589' title='bbox 2958 1976 3331 2046; x_wconf 76' lang='lat' dir='ltr'><strong>pteniteutiam</strong></span> <span class='ocrx_word' id='word_1_590' title='bbox 3357 1991 3646 2034; x_wconf 76' lang='lat' dir='ltr'><strong>assumens</strong></span> 
     </span>
    </p>
   </div>
   <div class='ocr_carea' id='block_1_80' title="bbox 2043 2068 3642 2142">
    <p class='ocr_par' dir='ltr' id='par_1_80' title="bbox 2043 2068 3642 2142">
     <span class='ocr_line' id='line_1_80' title="bbox 2043 2068 3642 2142; baseline 0.002 -19"><span class='ocrx_word' id='word_1_591' title='bbox 2043 2068 2382 2136; x_wconf 89' lang='lat' dir='ltr'><strong>advocatum,</strong></span> <span class='ocrx_word' id='word_1_592' title='bbox 2413 2068 2481 2124; x_wconf 89' lang='lat' dir='ltr'><strong>ad</strong></span> <span class='ocrx_word' id='word_1_593' title='bbox 2510 2070 2686 2139; x_wconf 91' lang='lat' dir='ltr'><strong>ipsum</strong></span> <span class='ocrx_word' id='word_1_594' title='bbox 2735 2069 2938 2126; x_wconf 79' lang='lat' dir='ltr'><strong>fontem</strong></span> <span class='ocrx_word' id='word_1_595' title='bbox 2971 2086 3154 2142; x_wconf 86' lang='lat' dir='ltr'><strong>pergo.</strong></span> <span class='ocrx_word' id='word_1_596' title='bbox 3188 2070 3313 2126; x_wconf 83' lang='lat' dir='ltr'><strong>Ideo</strong></span> <span class='ocrx_word' id='word_1_597' title='bbox 3340 2071 3642 2139; x_wconf 83' lang='lat' dir='ltr'><strong>descendit,</strong></span> 
     </span>
    </p>
   </div>
   <div class='ocr_carea' id='block_1_81' title="bbox 2044 2160 3646 2234">
    <p class='ocr_par' dir='ltr' id='par_1_81' title="bbox 2044 2160 3646 2234">
     <span class='ocr_line' id='line_1_81' title="bbox 2044 2160 3646 2234; baseline 0.004 -19"><span class='ocrx_word' id='word_1_598' title='bbox 2044 2160 2168 2216; x_wconf 80' lang='lat' dir='ltr'><strong>ideo</strong></span> <span class='ocrx_word' id='word_1_599' title='bbox 2193 2176 2413 2216; x_wconf 90' lang='lat' dir='ltr'><strong>carnem</strong></span> <span class='ocrx_word' id='word_1_600' title='bbox 2443 2162 2735 2234; x_wconf 87' lang='lat' dir='ltr'><strong>assumpsit</strong></span> <span class='ocrx_word' id='word_1_601' title='bbox 2760 2204 2777 2230; x_wconf 98' lang='lat'><strong>,</strong></span> <span class='ocrx_word' id='word_1_602' title='bbox 2804 2171 2865 2217; x_wconf 92' lang='lat' dir='ltr'><strong>ut</strong></span> <span class='ocrx_word' id='word_1_603' title='bbox 2891 2178 2992 2234; x_wconf 85' lang='lat' dir='ltr'><strong>ego</strong></span> <span class='ocrx_word' id='word_1_604' title='bbox 3019 2164 3195 2232; x_wconf 88' lang='lat' dir='ltr'><strong>ipsum</strong></span> <span class='ocrx_word' id='word_1_605' title='bbox 3225 2165 3487 2234; x_wconf 88' lang='lat' dir='ltr'><strong>alloquar.</strong></span> <span class='ocrx_word' id='word_1_606' title='bbox 3509 2166 3646 2222; x_wconf 59' lang='lat' dir='ltr'><strong>Surr-</strong></span> 
     </span>
    </p>
   </div>
   <div class='ocr_carea' id='block_1_82' title="bbox 2043 2251 3647 2323">
    <p class='ocr_par' dir='ltr' id='par_1_82' title="bbox 2043 2251 3647 2323">
     <span class='ocr_line' id='line_1_82' title="bbox 2043 2251 3647 2323; baseline 0.005 -17"><span class='ocrx_word' id='word_1_607' title='bbox 2043 2266 2161 2306; x_wconf 90' lang='lat' dir='ltr'><strong>sum</strong></span> <span class='ocrx_word' id='word_1_608' title='bbox 2189 2251 2480 2308; x_wconf 81' lang='lat' dir='ltr'><strong>Cherubim</strong></span> <span class='ocrx_word' id='word_1_609' title='bbox 2511 2253 2682 2323; x_wconf 88' lang='lat' dir='ltr'><strong>ipsum</strong></span> <span class='ocrx_word' id='word_1_610' title='bbox 2722 2260 2980 2317; x_wconf 87' lang='lat' dir='ltr'><strong>tremunt,</strong></span> <span class='ocrx_word' id='word_1_611' title='bbox 3008 2263 3063 2310; x_wconf 93' lang='lat' dir='ltr'><strong>et</strong></span> <span class='ocrx_word' id='word_1_612' title='bbox 3093 2256 3345 2312; x_wconf 84' lang='lat' dir='ltr'><strong>deorsum</strong></span> <span class='ocrx_word' id='word_1_613' title='bbox 3385 2259 3647 2314; x_wconf 76' lang='lat' dir='ltr'><strong>meretrix</strong></span> 
     </span>
    </p>
   </div>
   <div class='ocr_carea' id='block_1_83' title="bbox 2042 2343 3647 2415">
    <p class='ocr_par' dir='ltr' id='par_1_83' title="bbox 2042 2343 3647 2415">
     <span class='ocr_line' id='line_1_83' title="bbox 2042 2343 3647 2415; baseline 0.003 -15"><span class='ocrx_word' id='word_1_614' title='bbox 2042 2344 2193 2400; x_wconf 87' lang='lat' dir='ltr'><strong>illum</strong></span> <span class='ocrx_word' id='word_1_615' title='bbox 2219 2343 2527 2414; x_wconf 88' lang='lat' dir='ltr'><strong>alloquitur.</strong></span> <span class='ocrx_word' id='word_1_616' title='bbox 2556 2344 2801 2400; x_wconf 78' lang='lat' dir='ltr'><strong>Miserere</strong></span> <span class='ocrx_word' id='word_1_617' title='bbox 2827 2347 2946 2401; x_wconf 80' lang='lat' dir='ltr'><strong>mei.</strong></span> <span class='ocrx_word' id='word_1_618' title='bbox 2968 2346 3154 2402; x_wconf 87' lang='lat' dir='ltr'><strong>Nudus</strong></span> <span class='ocrx_word' id='word_1_619' title='bbox 3180 2363 3359 2403; x_wconf 85' lang='lat' dir='ltr'><strong>sermo</strong></span> <span class='ocrx_word' id='word_1_620' title='bbox 3387 2389 3403 2415; x_wconf 93' lang='lat'><strong>,</strong></span> <span class='ocrx_word' id='word_1_621' title='bbox 3433 2349 3531 2405; x_wconf 88' lang='lat' dir='ltr'><strong>sed</strong></span> <span class='ocrx_word' id='word_1_622' title='bbox 3556 2365 3647 2404; x_wconf 81' lang='lat' dir='ltr'><strong>sa-</strong></span> 
     </span>
    </p>
   </div>
   <div class='ocr_carea' id='block_1_84' title="bbox 2043 2434 3649 2509">
    <p class='ocr_par' dir='ltr' id='par_1_84' title="bbox 2043 2434 3649 2509">
     <span class='ocr_line' id='line_1_84' title="bbox 2043 2434 3649 2509; baseline 0.002 -18"><span class='ocrx_word' id='word_1_623' title='bbox 2043 2434 2173 2491; x_wconf 80' lang='lat' dir='ltr'><strong>Iutis</strong></span> <span class='ocrx_word' id='word_1_624' title='bbox 2207 2436 2528 2493; x_wconf 89' lang='lat' dir='ltr'><strong>immensum</strong></span> <span class='ocrx_word' id='word_1_625' title='bbox 2568 2438 2790 2509; x_wconf 84' lang='lat' dir='ltr'><strong>pelagus</strong></span> <span class='ocrx_word' id='word_1_626' title='bbox 2815 2439 3037 2508; x_wconf 84' lang='lat' dir='ltr'><strong>reperit.</strong></span> <span class='ocrx_word' id='word_1_627' title='bbox 3066 2439 3310 2494; x_wconf 75' lang='lat' dir='ltr'><strong>Miserere</strong></span> <span class='ocrx_word' id='word_1_628' title='bbox 3358 2441 3497 2507; x_wconf 81' lang='lat' dir='ltr'><strong>mei;</strong></span> <span class='ocrx_word' id='word_1_629' title='bbox 3521 2442 3649 2496; x_wconf 83' lang='lat' dir='ltr'><strong>ideo</strong></span> 
     </span>
    </p>
   </div>
   <div class='ocr_carea' id='block_1_85' title="bbox 2043 2526 3646 2602">
    <p class='ocr_par' dir='ltr' id='par_1_85' title="bbox 2043 2526 3646 2602">
     <span class='ocr_line' id='line_1_85' title="bbox 2043 2526 3646 2602; baseline 0.004 -20"><span class='ocrx_word' id='word_1_630' title='bbox 2043 2526 2259 2593; x_wconf 85' lang='lat' dir='ltr'><strong>venisti,</strong></span> <span class='ocrx_word' id='word_1_631' title='bbox 2282 2526 2405 2583; x_wconf 89' lang='lat' dir='ltr'><strong>ideo</strong></span> <span class='ocrx_word' id='word_1_632' title='bbox 2427 2542 2647 2584; x_wconf 91' lang='lat' dir='ltr'><strong>carnem</strong></span> <span class='ocrx_word' id='word_1_633' title='bbox 2679 2529 3043 2601; x_wconf 85' lang='lat' dir='ltr'><strong>assumpsisti,</strong></span> <span class='ocrx_word' id='word_1_634' title='bbox 3068 2529 3189 2585; x_wconf 90' lang='lat' dir='ltr'><strong>ideo</strong></span> <span class='ocrx_word' id='word_1_635' title='bbox 3217 2531 3385 2586; x_wconf 84' lang='lat' dir='ltr'><strong>factus</strong></span> <span class='ocrx_word' id='word_1_636' title='bbox 3413 2546 3473 2587; x_wconf 87' lang='lat' dir='ltr'><strong>es</strong></span> <span class='ocrx_word' id='word_1_637' title='bbox 3500 2533 3646 2602; x_wconf 84' lang='lat' dir='ltr'><strong>quod</strong></span> 
     </span>
    </p>
   </div>
   <div class='ocr_carea' id='block_1_86' title="bbox 2043 2619 3648 2690">
    <p class='ocr_par' dir='ltr' id='par_1_86' title="bbox 2043 2619 3648 2690">
     <span class='ocr_line' id='line_1_86' title="bbox 2043 2619 3648 2690; baseline 0.002 -15"><span class='ocrx_word' id='word_1_638' title='bbox 2043 2634 2144 2690; x_wconf 86' lang='lat' dir='ltr'><strong>ego</strong></span> <span class='ocrx_word' id='word_1_639' title='bbox 2167 2634 2306 2675; x_wconf 83' lang='lat' dir='ltr'><strong>sum.</strong></span> <span class='ocrx_word' id='word_1_640' title='bbox 2336 2619 2580 2690; x_wconf 86' lang='lat' dir='ltr'><strong>Superne</strong></span> <span class='ocrx_word' id='word_1_641' title='bbox 2610 2629 2831 2685; x_wconf 85' lang='lat' dir='ltr'><strong>tremor,</strong></span> <span class='ocrx_word' id='word_1_642' title='bbox 2860 2630 2917 2676; x_wconf 91' lang='lat' dir='ltr'><strong>et</strong></span> <span class='ocrx_word' id='word_1_643' title='bbox 2934 2620 3188 2678; x_wconf 81' lang='lat' dir='ltr'><strong>deorsum</strong></span> <span class='ocrx_word' id='word_1_644' title='bbox 3238 2621 3451 2677; x_wconf 89' lang='lat' dir='ltr'><strong>ﬁducia.</strong></span> <span class='ocrx_word' id='word_1_645' title='bbox 3481 2622 3648 2678; x_wconf 71' lang='lat' dir='ltr'><strong>Misc-</strong></span> 
     </span>
    </p>
   </div>
   <div class='ocr_carea' id='block_1_87' title="bbox 2042 2713 3647 2795">
    <p class='ocr_par' dir='ltr' id='par_1_87' title="bbox 2042 2713 3647 2795">
     <span class='ocr_line' id='line_1_87' title="bbox 2042 2713 3647 2795; baseline 0.001 -28"><span class='ocrx_word' id='word_1_646' title='bbox 2042 2730 2155 2769; x_wconf 86' lang='lat' dir='ltr'><strong>rere</strong></span> <span class='ocrx_word' id='word_1_647' title='bbox 2174 2715 2277 2769; x_wconf 86' lang='lat' dir='ltr'><strong>mei</strong></span> <span class='ocrx_word' id='word_1_648' title='bbox 2298 2728 2321 2779; x_wconf 89' lang='lat'><strong>;</strong></span> <span class='ocrx_word' id='word_1_649' title='bbox 2344 2728 2449 2769; x_wconf 87' lang='lat' dir='ltr'><strong>non</strong></span> <span class='ocrx_word' id='word_1_650' title='bbox 2467 2728 2600 2784; x_wconf 88' lang='lat' dir='ltr'><strong>egeo</strong></span> <span class='ocrx_word' id='word_1_651' title='bbox 2620 2714 2946 2781; x_wconf 83' lang='lat' dir='ltr'><strong>mediatore,</strong></span> <span class='ocrx_word' id='word_1_652' title='bbox 2973 2713 3220 2770; x_wconf 72' lang='lat' dir='ltr'><strong>Miserere</strong></span> <span class='ocrx_word' id='word_1_653' title='bbox 3238 2717 3353 2770; x_wconf 82' lang='lat' dir='ltr'><strong>mei.</strong></span> <span class='ocrx_word' id='word_1_654' title='bbox 3376 2716 3493 2785; x_wconf 92' lang='lat' dir='ltr'><strong>Quo</strong></span> <span class='ocrx_word' id='word_1_655' title='bbox 3509 2733 3647 2795; x_wconf 66' lang='lat' dir='ltr'><strong>opus</strong></span> 
     </span>
    </p>
   </div>
   <div class='ocr_carea' id='block_1_88' title="bbox 2044 2806 3649 2878">
    <p class='ocr_par' dir='ltr' id='par_1_88' title="bbox 2044 2806 3649 2878">
     <span class='ocr_line' id='line_1_88' title="bbox 2044 2806 3649 2878; baseline 0.001 -14"><span class='ocrx_word' id='word_1_656' title='bbox 2044 2806 2249 2864; x_wconf 83' lang='lat' dir='ltr'><strong>habes?</strong></span> <span class='ocrx_word' id='word_1_657' title='bbox 2292 2807 2714 2865; x_wconf 74' lang='lat' dir='ltr'><strong>Misericordiam</strong></span> <span class='ocrx_word' id='word_1_658' title='bbox 2768 2822 2974 2877; x_wconf 75' lang='lat' dir='ltr'><strong>quaero.</strong></span> <span class='ocrx_word' id='word_1_659' title='bbox 3016 2808 3156 2875; x_wconf 91' lang='lat' dir='ltr'><strong>Quid</strong></span> <span class='ocrx_word' id='word_1_660' title='bbox 3219 2809 3460 2878; x_wconf 86' lang='lat' dir='ltr'><strong>pateris?</strong></span> <span class='ocrx_word' id='word_1_661' title='bbox 3504 2809 3649 2865; x_wconf 77' lang='lat' dir='ltr'><strong>Filia</strong></span> 
     </span>
    </p>
   </div>
   <div class='ocr_carea' id='block_1_89' title="bbox 2044 2895 3647 2971">
    <p class='ocr_par' dir='ltr' id='par_1_89' title="bbox 2044 2895 3647 2971">
     <span class='ocr_line' id='line_1_89' title="bbox 2044 2895 3647 2971; baseline 0.001 -18"><span class='ocrx_word' id='word_1_662' title='bbox 2044 2915 2157 2953; x_wconf 83' lang='lat' dir='ltr'><strong>mea</strong></span> <span class='ocrx_word' id='word_1_663' title='bbox 2205 2898 2389 2952; x_wconf 84' lang='lat' dir='ltr'><strong>malea</strong></span> <span class='ocrx_word' id='word_1_664' title='bbox 2414 2896 2666 2952; x_wconf 68' lang='lat' dir='ltr'><strong>damonio</strong></span> <span class='ocrx_word' id='word_1_665' title='bbox 2686 2895 3105 2971; x_wconf 70' lang='lat' dir='ltr'><strong>vexaturUbid.)</strong></span> <span class='ocrx_word' id='word_1_666' title='bbox 3137 2915 3151 2952; x_wconf 89' lang='lat'><strong>:</strong></span> <span class='ocrx_word' id='word_1_667' title='bbox 3184 2907 3375 2954; x_wconf 91' lang='lat' dir='ltr'><strong>natura</strong></span> <span class='ocrx_word' id='word_1_668' title='bbox 3420 2909 3647 2970; x_wconf 84' lang='lat' dir='ltr'><strong>torque-</strong></span> 
     </span>
    </p>
   </div>
   <div class='ocr_carea' id='block_1_90' title="bbox 2047 2989 3645 3060">
    <p class='ocr_par' dir='ltr' id='par_1_90' title="bbox 2047 2989 3645 3060">
     <span class='ocr_line' id='line_1_90' title="bbox 2047 2989 3645 3060; baseline 0.004 -17"><span class='ocrx_word' id='word_1_669' title='bbox 2047 2998 2154 3053; x_wconf 89' lang='lat' dir='ltr'><strong>tur,</strong></span> <span class='ocrx_word' id='word_1_670' title='bbox 2193 2989 2594 3045; x_wconf 82' lang='lat' dir='ltr'><strong>commiseratio</strong></span> <span class='ocrx_word' id='word_1_671' title='bbox 2627 3000 2931 3045; x_wconf 79' lang='lat' dir='ltr'><strong>esercetur.</strong></span> <span class='ocrx_word' id='word_1_672' title='bbox 2977 2990 3209 3060; x_wconf 81' lang='lat' dir='ltr'><strong>Egressa</strong></span> <span class='ocrx_word' id='word_1_673' title='bbox 3252 2999 3338 3046; x_wconf 87' lang='lat' dir='ltr'><strong>est</strong></span> <span class='ocrx_word' id='word_1_674' title='bbox 3386 2993 3645 3048; x_wconf 85' lang='lat' dir='ltr'><strong>advocata</strong></span> 
     </span>
    </p>
   </div>
   <div class='ocr_carea' id='block_1_91' title="bbox 2045 3078 3645 3152">
    <p class='ocr_par' dir='ltr' id='par_1_91' title="bbox 2045 3078 3645 3152">
     <span class='ocr_line' id='line_1_91' title="bbox 2045 3078 3645 3152; baseline 0.004 -18"><span class='ocrx_word' id='word_1_675' title='bbox 2045 3079 2170 3135; x_wconf 66' lang='lat' dir='ltr'><strong>ﬁlia:</strong></span> <span class='ocrx_word' id='word_1_676' title='bbox 2200 3097 2214 3135; x_wconf 90' lang='lat'><strong>:</strong></span> <span class='ocrx_word' id='word_1_677' title='bbox 2244 3094 2351 3134; x_wconf 91' lang='lat' dir='ltr'><strong>non</strong></span> <span class='ocrx_word' id='word_1_678' title='bbox 2380 3078 2536 3135; x_wconf 85' lang='lat' dir='ltr'><strong>aﬁ&#39;ert</strong></span> <span class='ocrx_word' id='word_1_679' title='bbox 2564 3095 2786 3151; x_wconf 62' lang='lat' dir='ltr'><strong>a&#39;gram,</strong></span> <span class='ocrx_word' id='word_1_680' title='bbox 2815 3080 2908 3138; x_wconf 87' lang='lat' dir='ltr'><strong>sed</strong></span> <span class='ocrx_word' id='word_1_681' title='bbox 2940 3080 3100 3136; x_wconf 88' lang='lat' dir='ltr'><strong>ﬁdem</strong></span> <span class='ocrx_word' id='word_1_682' title='bbox 3138 3081 3293 3137; x_wconf 80' lang='lat' dir='ltr'><strong>aﬂ&#39;ert</strong></span> <span class='ocrx_word' id='word_1_683' title='bbox 3319 3101 3332 3137; x_wconf 95' lang='lat'><strong>:</strong></span> <span class='ocrx_word' id='word_1_684' title='bbox 3367 3084 3509 3139; x_wconf 89' lang='lat' dir='ltr'><strong>Deus</strong></span> <span class='ocrx_word' id='word_1_685' title='bbox 3534 3095 3645 3152; x_wconf 89' lang='lat' dir='ltr'><strong>est,</strong></span> 
     </span>
    </p>
   </div>
   <div class='ocr_carea' id='block_1_92' title="bbox 2044 3170 3642 3232">
    <p class='ocr_par' dir='ltr' id='par_1_92' title="bbox 2044 3170 3642 3232">
     <span class='ocr_line' id='line_1_92' title="bbox 2044 3170 3642 3232; baseline 0.003 -6"><span class='ocrx_word' id='word_1_686' title='bbox 2044 3181 2101 3226; x_wconf 91' lang='lat' dir='ltr'><strong>et</strong></span> <span class='ocrx_word' id='word_1_687' title='bbox 2123 3173 2300 3227; x_wconf 82' lang='lat' dir='ltr'><strong>omnia</strong></span> <span class='ocrx_word' id='word_1_688' title='bbox 2343 3172 2511 3228; x_wconf 88' lang='lat' dir='ltr'><strong>videt.</strong></span> <span class='ocrx_word' id='word_1_689' title='bbox 2567 3170 2707 3227; x_wconf 81' lang='lat' dir='ltr'><strong>Filia</strong></span> <span class='ocrx_word' id='word_1_690' title='bbox 2745 3190 2858 3228; x_wconf 90' lang='lat' dir='ltr'><strong>mea</strong></span> <span class='ocrx_word' id='word_1_691' title='bbox 2884 3174 3015 3227; x_wconf 87' lang='lat' dir='ltr'><strong>male</strong></span> <span class='ocrx_word' id='word_1_692' title='bbox 3043 3191 3076 3227; x_wconf 82' lang='grc' dir='ltr'><em>α</em></span> <span class='ocrx_word' id='word_1_693' title='bbox 3112 3174 3366 3230; x_wconf 77' lang='grc' dir='ltr'><strong>άωηιοηὲο</strong></span> <span class='ocrx_word' id='word_1_694' title='bbox 3409 3187 3642 3232; x_wconf 72' lang='lat' dir='ltr'><strong>uexatur.</strong></span> 
     </span>
    </p>
   </div>
   <div class='ocr_carea' id='block_1_93' title="bbox 2044 3262 3649 3335">
    <p class='ocr_par' dir='ltr' id='par_1_93' title="bbox 2044 3262 3649 3335">
     <span class='ocr_line' id='line_1_93' title="bbox 2044 3262 3649 3335; baseline 0.004 -16"><span class='ocrx_word' id='word_1_695' title='bbox 2044 3262 2234 3319; x_wconf 87' lang='lat' dir='ltr'><strong>Gravis</strong></span> <span class='ocrx_word' id='word_1_696' title='bbox 2260 3264 2435 3319; x_wconf 90' lang='lat' dir='ltr'><strong>luctus</strong></span> <span class='ocrx_word' id='word_1_697' title='bbox 2467 3280 2482 3317; x_wconf 88' lang='lat'><strong>:</strong></span> <span class='ocrx_word' id='word_1_698' title='bbox 2528 3275 2734 3320; x_wconf 74' lang='lat' dir='ltr'><strong>natum</strong></span> <span class='ocrx_word' id='word_1_699' title='bbox 2780 3266 3027 3320; x_wconf 88' lang='lat' dir='ltr'><strong>stimulus</strong></span> <span class='ocrx_word' id='word_1_700' title='bbox 3057 3276 3271 3322; x_wconf 81' lang='lat' dir='ltr'><strong>uterum</strong></span> <span class='ocrx_word' id='word_1_701' title='bbox 3320 3267 3551 3335; x_wconf 90' lang='lat' dir='ltr'><strong>discidit,</strong></span> <span class='ocrx_word' id='word_1_702' title='bbox 3589 3271 3649 3325; x_wconf 77' lang='lat' dir='ltr'><strong>in</strong></span> 
     </span>
    </p>
   </div>
   <div class='ocr_carea' id='block_1_94' title="bbox 2047 3355 3643 3429">
    <p class='ocr_par' dir='ltr' id='par_1_94' title="bbox 2047 3355 3643 3429">
     <span class='ocr_line' id='line_1_94' title="bbox 2047 3355 3643 3429; baseline 0.003 -18"><span class='ocrx_word' id='word_1_703' title='bbox 2047 3355 2341 3413; x_wconf 87' lang='lat' dir='ltr'><strong>visceribus</strong></span> <span class='ocrx_word' id='word_1_704' title='bbox 2372 3367 2680 3425; x_wconf 85' lang='lat' dir='ltr'><strong>tempestas.</strong></span> <span class='ocrx_word' id='word_1_705' title='bbox 2733 3357 2873 3424; x_wconf 89' lang='lat' dir='ltr'><strong>Quid</strong></span> <span class='ocrx_word' id='word_1_706' title='bbox 2920 3357 3156 3412; x_wconf 79' lang='lat' dir='ltr'><strong>faciam?</strong></span> <span class='ocrx_word' id='word_1_707' title='bbox 3184 3359 3338 3429; x_wconf 90' lang='lat' dir='ltr'><strong>perii.</strong></span> <span class='ocrx_word' id='word_1_708' title='bbox 3380 3359 3489 3416; x_wconf 90' lang='lat' dir='ltr'><strong>Cur</strong></span> <span class='ocrx_word' id='word_1_709' title='bbox 3531 3374 3643 3415; x_wconf 86' lang='lat' dir='ltr'><strong>non</strong></span> 
     </span>
    </p>
   </div>
   <div class='ocr_carea' id='block_1_95' title="bbox 2045 3446 3644 3515">
    <p class='ocr_par' dir='ltr' id='par_1_95' title="bbox 2045 3446 3644 3515">
     <span class='ocr_line' id='line_1_95' title="bbox 2045 3446 3644 3515; baseline 0.003 -14"><span class='ocrx_word' id='word_1_710' title='bbox 2045 3446 2200 3513; x_wconf 89' lang='lat' dir='ltr'><strong>dicis,</strong></span> <span class='ocrx_word' id='word_1_711' title='bbox 2236 3447 2491 3505; x_wconf 77' lang='lat' dir='ltr'><strong>Miserere</strong></span> <span class='ocrx_word' id='word_1_712' title='bbox 2544 3446 2668 3502; x_wconf 60' lang='lat' dir='ltr'><strong>ﬁliae</strong></span> <span class='ocrx_word' id='word_1_713' title='bbox 2712 3463 2869 3515; x_wconf 67' lang='lat' dir='ltr'><strong>mem,</strong></span> <span class='ocrx_word' id='word_1_714' title='bbox 2923 3447 3041 3515; x_wconf 86' lang='lat' dir='ltr'><strong>sed,</strong></span> <span class='ocrx_word' id='word_1_715' title='bbox 3083 3448 3326 3504; x_wconf 71' lang='lat' dir='ltr'><strong>Miserere</strong></span> <span class='ocrx_word' id='word_1_716' title='bbox 3371 3450 3509 3505; x_wconf 80' lang='lat' dir='ltr'><strong>mei?</strong></span> <span class='ocrx_word' id='word_1_717' title='bbox 3549 3450 3644 3506; x_wconf 84' lang='lat' dir='ltr'><strong>illa</strong></span> 
     </span>
    </p>
   </div>
   <div class='ocr_carea' id='block_1_96' title="bbox 2044 3538 3645 3612">
    <p class='ocr_par' dir='ltr' id='par_1_96' title="bbox 2044 3538 3645 3612">
     <span class='ocr_line' id='line_1_96' title="bbox 2044 3538 3645 3612; baseline 0.004 -20"><span class='ocrx_word' id='word_1_718' title='bbox 2044 3538 2221 3593; x_wconf 91' lang='lat' dir='ltr'><strong>morbi</strong></span> <span class='ocrx_word' id='word_1_719' title='bbox 2248 3548 2467 3595; x_wconf 86' lang='lat' dir='ltr'><strong>sensum</strong></span> <span class='ocrx_word' id='word_1_720' title='bbox 2498 3554 2605 3595; x_wconf 89' lang='lat' dir='ltr'><strong>non</strong></span> <span class='ocrx_word' id='word_1_721' title='bbox 2634 3538 2819 3607; x_wconf 81' lang='lat' dir='ltr'><strong>habet,</strong></span> <span class='ocrx_word' id='word_1_722' title='bbox 2837 3539 3009 3595; x_wconf 87' lang='lat' dir='ltr'><strong>nescit</strong></span> <span class='ocrx_word' id='word_1_723' title='bbox 3035 3540 3163 3611; x_wconf 84' lang='lat' dir='ltr'><strong>quid</strong></span> <span class='ocrx_word' id='word_1_724' title='bbox 3206 3543 3454 3612; x_wconf 90' lang='lat' dir='ltr'><strong>patiatur,</strong></span> <span class='ocrx_word' id='word_1_725' title='bbox 3490 3541 3645 3598; x_wconf 88' lang='lat' dir='ltr'><strong>dolo-</strong></span> 
     </span>
    </p>
   </div>
   <div class='ocr_carea' id='block_1_97' title="bbox 2044 3632 3648 3701">
    <p class='ocr_par' dir='ltr' id='par_1_97' title="bbox 2044 3632 3648 3701">
     <span class='ocr_line' id='line_1_97' title="bbox 2044 3632 3648 3701; baseline 0.003 -14"><span class='ocrx_word' id='word_1_726' title='bbox 2044 3647 2156 3687; x_wconf 91' lang='lat' dir='ltr'><strong>rem</strong></span> <span class='ocrx_word' id='word_1_727' title='bbox 2188 3646 2294 3687; x_wconf 90' lang='lat' dir='ltr'><strong>non</strong></span> <span class='ocrx_word' id='word_1_728' title='bbox 2323 3633 2485 3687; x_wconf 87' lang='lat' dir='ltr'><strong>sentit</strong></span> <span class='ocrx_word' id='word_1_729' title='bbox 2508 3650 2526 3687; x_wconf 86' lang='lat'><strong><em>:</em></strong></span> <span class='ocrx_word' id='word_1_730' title='bbox 2554 3632 2774 3701; x_wconf 89' lang='lat' dir='ltr'><strong>doloris,</strong></span> <span class='ocrx_word' id='word_1_731' title='bbox 2821 3633 2931 3689; x_wconf 92' lang='lat' dir='ltr'><strong>imo</strong></span> <span class='ocrx_word' id='word_1_732' title='bbox 2959 3644 3016 3690; x_wconf 91' lang='lat' dir='ltr'><strong>et</strong></span> <span class='ocrx_word' id='word_1_733' title='bbox 3059 3649 3252 3691; x_wconf 89' lang='lat' dir='ltr'><strong>sensus</strong></span> <span class='ocrx_word' id='word_1_734' title='bbox 3279 3635 3521 3691; x_wconf 88' lang='lat' dir='ltr'><strong>vacuitas</strong></span> <span class='ocrx_word' id='word_1_735' title='bbox 3559 3644 3648 3692; x_wconf 85' lang='lat' dir='ltr'><strong>est</strong></span> 
     </span>
    </p>
   </div>
   <div class='ocr_carea' id='block_1_98' title="bbox 2046 3723 3642 3793">
    <p class='ocr_par' dir='ltr' id='par_1_98' title="bbox 2046 3723 3642 3793">
     <span class='ocr_line' id='line_1_98' title="bbox 2046 3723 3642 3793; baseline 0.004 -16"><span class='ocrx_word' id='word_1_736' title='bbox 2046 3723 2146 3793; x_wconf 88' lang='lat' dir='ltr'><strong>ipsi</strong></span> <span class='ocrx_word' id='word_1_737' title='bbox 2178 3723 2355 3779; x_wconf 90' lang='lat' dir='ltr'><strong>velum</strong></span> <span class='ocrx_word' id='word_1_738' title='bbox 2382 3723 2728 3780; x_wconf 84' lang='lat' dir='ltr'><strong>calamitatis.</strong></span> <span class='ocrx_word' id='word_1_739' title='bbox 2775 3723 3018 3779; x_wconf 84' lang='lat' dir='ltr'><strong>Miserere</strong></span> <span class='ocrx_word' id='word_1_740' title='bbox 3052 3727 3151 3779; x_wconf 80' lang='lat' dir='ltr'><strong>mei</strong></span> <span class='ocrx_word' id='word_1_741' title='bbox 3179 3726 3494 3782; x_wconf 89' lang='lat' dir='ltr'><strong>diurnorum</strong></span> <span class='ocrx_word' id='word_1_742' title='bbox 3522 3743 3642 3784; x_wconf 85' lang='lat' dir='ltr'><strong>ma-</strong></span> 
     </span>
    </p>
   </div>
   <div class='ocr_carea' id='block_1_99' title="bbox 2046 3816 3637 3887">
    <p class='ocr_par' dir='ltr' id='par_1_99' title="bbox 2046 3816 3637 3887">
     <span class='ocr_line' id='line_1_99' title="bbox 2046 3816 3637 3887; baseline 0.002 -15"><span class='ocrx_word' id='word_1_743' title='bbox 2046 3817 2220 3872; x_wconf 91' lang='lat' dir='ltr'><strong>lorum</strong></span> <span class='ocrx_word' id='word_1_744' title='bbox 2250 3817 2621 3887; x_wconf 88' lang='lat' dir='ltr'><strong>spectatricis;</strong></span> <span class='ocrx_word' id='word_1_745' title='bbox 2649 3816 2796 3872; x_wconf 91' lang='lat' dir='ltr'><strong>domi</strong></span> <span class='ocrx_word' id='word_1_746' title='bbox 2820 3817 3140 3873; x_wconf 88' lang='lat' dir='ltr'><strong>calamitatis</strong></span> <span class='ocrx_word' id='word_1_747' title='bbox 3164 3819 3435 3875; x_wconf 87' lang='lat' dir='ltr'><strong>theatrum</strong></span> <span class='ocrx_word' id='word_1_748' title='bbox 3461 3819 3637 3875; x_wconf 89' lang='lat' dir='ltr'><strong>adest.</strong></span> 
     </span>
    </p>
   </div>
   <div class='ocr_carea' id='block_1_100' title="bbox 2043 3908 3643 3981">
    <p class='ocr_par' dir='ltr' id='par_1_100' title="bbox 2043 3908 3643 3981">
     <span class='ocr_line' id='line_1_100' title="bbox 2043 3908 3643 3981; baseline 0.003 -17"><span class='ocrx_word' id='word_1_749' title='bbox 2043 3909 2161 3977; x_wconf 89' lang='lat' dir='ltr'><strong>Quo</strong></span> <span class='ocrx_word' id='word_1_750' title='bbox 2188 3909 2444 3981; x_wconf 83' lang='lat' dir='ltr'><strong>pergam?</strong></span> <span class='ocrx_word' id='word_1_751' title='bbox 2470 3908 2525 3964; x_wconf 92' lang='lat' dir='ltr'><strong>ln</strong></span> <span class='ocrx_word' id='word_1_752' title='bbox 2547 3909 2817 3965; x_wconf 89' lang='lat' dir='ltr'><strong>desertum</strong></span> <span class='ocrx_word' id='word_1_753' title='bbox 2838 3910 2862 3964; x_wconf 68' lang='grc' dir='ltr'>τ</span> <span class='ocrx_word' id='word_1_754' title='bbox 2889 3912 2956 3965; x_wconf 82' lang='lat' dir='ltr'><strong>At</strong></span> <span class='ocrx_word' id='word_1_755' title='bbox 2984 3926 3090 3965; x_wconf 91' lang='lat' dir='ltr'><strong>non</strong></span> <span class='ocrx_word' id='word_1_756' title='bbox 3111 3911 3283 3967; x_wconf 89' lang='lat' dir='ltr'><strong>audeo</strong></span> <span class='ocrx_word' id='word_1_757' title='bbox 3306 3912 3448 3967; x_wconf 91' lang='lat' dir='ltr'><strong>illam</strong></span> <span class='ocrx_word' id='word_1_758' title='bbox 3466 3914 3643 3969; x_wconf 88' lang='lat' dir='ltr'><strong>solam</strong></span> 
     </span>
    </p>
   </div>
   <div class='ocr_carea' id='block_1_101' title="bbox 2044 3999 3647 4070">
    <p class='ocr_par' dir='ltr' id='par_1_101' title="bbox 2044 3999 3647 4070">
     <span class='ocr_line' id='line_1_101' title="bbox 2044 3999 3647 4070; baseline 0.002 -15"><span class='ocrx_word' id='word_1_759' title='bbox 2044 4000 2365 4070; x_wconf 90' lang='lat' dir='ltr'><strong>relinquere.</strong></span> <span class='ocrx_word' id='word_1_760' title='bbox 2385 3999 2611 4056; x_wconf 89' lang='lat' dir='ltr'><strong>Domine</strong></span> <span class='ocrx_word' id='word_1_761' title='bbox 2633 3999 2886 4056; x_wconf 84' lang='lat' dir='ltr'><strong>sedeam?</strong></span> <span class='ocrx_word' id='word_1_762' title='bbox 2905 4000 3009 4057; x_wconf 87' lang='lat' dir='ltr'><strong>Sed</strong></span> <span class='ocrx_word' id='word_1_763' title='bbox 3032 4001 3351 4058; x_wconf 86' lang='lat' dir='ltr'><strong>intrinsecus</strong></span> <span class='ocrx_word' id='word_1_764' title='bbox 3372 4014 3455 4059; x_wconf 90' lang='lat' dir='ltr'><strong>est</strong></span> <span class='ocrx_word' id='word_1_765' title='bbox 3474 4004 3647 4059; x_wconf 85' lang='lat' dir='ltr'><strong>inimi-</strong></span> 
     </span>
    </p>
   </div>
   <div class='ocr_carea' id='block_1_102' title="bbox 2044 4094 3637 4165">
    <p class='ocr_par' dir='ltr' id='par_1_102' title="bbox 2044 4094 3637 4165">
     <span class='ocr_line' id='line_1_102' title="bbox 2044 4094 3637 4165; baseline 0 -16"><span class='ocrx_word' id='word_1_766' title='bbox 2044 4108 2163 4162; x_wconf 89' lang='lat' dir='ltr'><strong>cus,</strong></span> <span class='ocrx_word' id='word_1_767' title='bbox 2208 4102 2498 4165; x_wconf 88' lang='lat' dir='ltr'><strong>tempestas</strong></span> <span class='ocrx_word' id='word_1_768' title='bbox 2533 4094 2587 4148; x_wconf 90' lang='lat' dir='ltr'><strong>in</strong></span> <span class='ocrx_word' id='word_1_769' title='bbox 2640 4102 2819 4164; x_wconf 89' lang='lat' dir='ltr'><strong>portu,</strong></span> <span class='ocrx_word' id='word_1_770' title='bbox 2877 4094 3242 4163; x_wconf 90' lang='lat' dir='ltr'><strong>spectaculum</strong></span> <span class='ocrx_word' id='word_1_771' title='bbox 3290 4094 3637 4150; x_wconf 87' lang='lat' dir='ltr'><strong>calamitatis.</strong></span> 
     </span>
    </p>
   </div>
   <div class='ocr_carea' id='block_1_103' title="bbox 2046 4184 3645 4254">
    <p class='ocr_par' dir='ltr' id='par_1_103' title="bbox 2046 4184 3645 4254">
     <span class='ocr_line' id='line_1_103' title="bbox 2046 4184 3645 4254; baseline 0.001 -13"><span class='ocrx_word' id='word_1_772' title='bbox 2046 4186 2164 4254; x_wconf 88' lang='lat' dir='ltr'><strong>Quo</strong></span> <span class='ocrx_word' id='word_1_773' title='bbox 2220 4185 2440 4242; x_wconf 89' lang='lat' dir='ltr'><strong>nomine</strong></span> <span class='ocrx_word' id='word_1_774' title='bbox 2467 4184 2675 4241; x_wconf 90' lang='lat' dir='ltr'><strong>vocabo</strong></span> <span class='ocrx_word' id='word_1_775' title='bbox 2704 4185 2890 4240; x_wconf 86' lang='lat' dir='ltr'><strong>illam?</strong></span> <span class='ocrx_word' id='word_1_776' title='bbox 2924 4186 3289 4242; x_wconf 86' lang='lat' dir='ltr'><strong>Mortuamne?</strong></span> <span class='ocrx_word' id='word_1_777' title='bbox 3316 4186 3424 4242; x_wconf 86' lang='lat' dir='ltr'><strong>Sed</strong></span> <span class='ocrx_word' id='word_1_778' title='bbox 3460 4202 3645 4242; x_wconf 85' lang='lat' dir='ltr'><strong>move-</strong></span> 
     </span>
    </p>
   </div>
   <div class='ocr_carea' id='block_1_104' title="bbox 2048 4275 3644 4347">
    <p class='ocr_par' dir='ltr' id='par_1_104' title="bbox 2048 4275 3644 4347">
     <span class='ocr_line' id='line_1_104' title="bbox 2048 4275 3644 4347; baseline 0.002 -16"><span class='ocrx_word' id='word_1_779' title='bbox 2048 4285 2155 4331; x_wconf 90' lang='lat' dir='ltr'><strong>tur.</strong></span> <span class='ocrx_word' id='word_1_780' title='bbox 2188 4275 2505 4333; x_wconf 81' lang='lat' dir='ltr'><strong>Viventem?</strong></span> <span class='ocrx_word' id='word_1_781' title='bbox 2525 4279 2596 4332; x_wconf 81' lang='lat' dir='ltr'><strong>At</strong></span> <span class='ocrx_word' id='word_1_782' title='bbox 2623 4278 2794 4333; x_wconf 90' lang='lat' dir='ltr'><strong>nescit</strong></span> <span class='ocrx_word' id='word_1_783' title='bbox 2812 4275 2940 4347; x_wconf 92' lang='lat' dir='ltr'><strong>quid</strong></span> <span class='ocrx_word' id='word_1_784' title='bbox 2969 4275 3145 4332; x_wconf 79' lang='lat' dir='ltr'><strong>iaciat.</strong></span> <span class='ocrx_word' id='word_1_785' title='bbox 3176 4276 3417 4334; x_wconf 86' lang='lat' dir='ltr'><strong>Invenire</strong></span> <span class='ocrx_word' id='word_1_786' title='bbox 3442 4294 3644 4335; x_wconf 89' lang='lat' dir='ltr'><strong>nomen</strong></span> 
     </span>
    </p>
   </div>
   <div class='ocr_carea' id='block_1_105' title="bbox 2047 4368 3645 4439">
    <p class='ocr_par' dir='ltr' id='par_1_105' title="bbox 2047 4368 3645 4439">
     <span class='ocr_line' id='line_1_105' title="bbox 2047 4368 3645 4439; baseline 0.003 -16"><span class='ocrx_word' id='word_1_787' title='bbox 2047 4383 2257 4439; x_wconf 85' lang='lat' dir='ltr'><strong>nequeo</strong></span> <span class='ocrx_word' id='word_1_788' title='bbox 2308 4384 2415 4439; x_wconf 95' lang='lat' dir='ltr'><strong>quo</strong></span> <span class='ocrx_word' id='word_1_789' title='bbox 2462 4370 2707 4425; x_wconf 90' lang='lat' dir='ltr'><strong>morbum</strong></span> <span class='ocrx_word' id='word_1_790' title='bbox 2758 4368 3047 4439; x_wconf 90' lang='lat' dir='ltr'><strong>appellem.</strong></span> <span class='ocrx_word' id='word_1_791' title='bbox 3121 4368 3367 4425; x_wconf 78' lang='lat' dir='ltr'><strong>Miserere</strong></span> <span class='ocrx_word' id='word_1_792' title='bbox 3409 4372 3527 4425; x_wconf 74' lang='lat' dir='ltr'><strong>mei.</strong></span> <span class='ocrx_word' id='word_1_793' title='bbox 3583 4370 3645 4427; x_wconf 87' lang='lat' dir='ltr'><strong>Si</strong></span> 
     </span>
    </p>
   </div>
   <div class='ocr_carea' id='block_1_106' title="bbox 2049 4461 3643 4533">
    <p class='ocr_par' dir='ltr' id='par_1_106' title="bbox 2049 4461 3643 4533">
     <span class='ocr_line' id='line_1_106' title="bbox 2049 4461 3643 4533; baseline 0.004 -20"><span class='ocrx_word' id='word_1_794' title='bbox 2049 4469 2260 4515; x_wconf 88' lang='lat' dir='ltr'><strong>mortua</strong></span> <span class='ocrx_word' id='word_1_795' title='bbox 2285 4469 2430 4516; x_wconf 85' lang='lat' dir='ltr'><strong>esset</strong></span> <span class='ocrx_word' id='word_1_796' title='bbox 2458 4461 2571 4516; x_wconf 87' lang='lat' dir='ltr'><strong>tilia</strong></span> <span class='ocrx_word' id='word_1_797' title='bbox 2608 4477 2747 4525; x_wconf 88' lang='lat' dir='ltr'><strong>mea,</strong></span> <span class='ocrx_word' id='word_1_798' title='bbox 2778 4475 2885 4515; x_wconf 90' lang='lat' dir='ltr'><strong>non</strong></span> <span class='ocrx_word' id='word_1_799' title='bbox 2914 4461 3038 4516; x_wconf 90' lang='lat' dir='ltr'><strong>talia</strong></span> <span class='ocrx_word' id='word_1_800' title='bbox 3094 4472 3337 4531; x_wconf 88' lang='lat' dir='ltr'><strong>paterer;</strong></span> <span class='ocrx_word' id='word_1_801' title='bbox 3367 4478 3561 4533; x_wconf 89' lang='lat' dir='ltr'><strong>corpus</strong></span> <span class='ocrx_word' id='word_1_802' title='bbox 3587 4465 3643 4519; x_wconf 91' lang='lat' dir='ltr'><strong>in</strong></span> 
     </span>
    </p>
   </div>
   <div class='ocr_carea' id='block_1_107' title="bbox 2049 4551 3646 4625">
    <p class='ocr_par' dir='ltr' id='par_1_107' title="bbox 2049 4551 3646 4625">
     <span class='ocr_line' id='line_1_107' title="bbox 2049 4551 3646 4625; baseline 0.003 -19"><span class='ocrx_word' id='word_1_803' title='bbox 2049 4551 2346 4607; x_wconf 85' lang='lat' dir='ltr'><strong>visceribus</strong></span> <span class='ocrx_word' id='word_1_804' title='bbox 2392 4561 2551 4607; x_wconf 64' lang='lat' dir='ltr'><strong>terrae</strong></span> <span class='ocrx_word' id='word_1_805' title='bbox 2588 4552 2994 4623; x_wconf 86' lang='lat' dir='ltr'><strong>deposuissem,</strong></span> <span class='ocrx_word' id='word_1_806' title='bbox 3050 4563 3105 4608; x_wconf 90' lang='lat' dir='ltr'><strong>et</strong></span> <span class='ocrx_word' id='word_1_807' title='bbox 3147 4553 3333 4625; x_wconf 87' lang='lat' dir='ltr'><strong>elapso</strong></span> <span class='ocrx_word' id='word_1_808' title='bbox 3402 4565 3646 4625; x_wconf 86' lang='lat' dir='ltr'><strong>tempore</strong></span> 
     </span>
    </p>
   </div>
   <div class='ocr_carea' id='block_1_108' title="bbox 2048 4641 3646 4711">
    <p class='ocr_par' dir='ltr' id='par_1_108' title="bbox 2048 4641 3646 4711">
     <span class='ocr_line' id='line_1_108' title="bbox 2048 4641 3646 4711; baseline 0.004 -15"><span class='ocrx_word' id='word_1_809' title='bbox 2048 4642 2103 4696; x_wconf 91' lang='lat' dir='ltr'><strong>iu</strong></span> <span class='ocrx_word' id='word_1_810' title='bbox 2132 4641 2455 4698; x_wconf 89' lang='lat' dir='ltr'><strong>oblivionem</strong></span> <span class='ocrx_word' id='word_1_811' title='bbox 2499 4644 2762 4697; x_wconf 92' lang='lat' dir='ltr'><strong>malorum</strong></span> <span class='ocrx_word' id='word_1_812' title='bbox 2797 4643 3088 4711; x_wconf 84' lang='lat' dir='ltr'><strong>venissem,</strong></span> <span class='ocrx_word' id='word_1_813' title='bbox 3128 4654 3183 4699; x_wconf 92' lang='lat' dir='ltr'><strong>et</strong></span> <span class='ocrx_word' id='word_1_814' title='bbox 3214 4647 3362 4700; x_wconf 92' lang='lat' dir='ltr'><strong>ulcus</strong></span> <span class='ocrx_word' id='word_1_815' title='bbox 3387 4644 3646 4702; x_wconf 82' lang='lat' dir='ltr'><strong>obduxis-</strong></span> 
     </span>
    </p>
   </div>
   <div class='ocr_carea' id='block_1_109' title="bbox 2047 4737 3645 4808">
    <p class='ocr_par' dir='ltr' id='par_1_109' title="bbox 2047 4737 3645 4808">
     <span class='ocr_line' id='line_1_109' title="bbox 2047 4737 3645 4808; baseline 0.004 -19"><span class='ocrx_word' id='word_1_816' title='bbox 2047 4749 2163 4792; x_wconf 91' lang='lat' dir='ltr'><strong>sem</strong></span> <span class='ocrx_word' id='word_1_817' title='bbox 2193 4753 2207 4791; x_wconf 89' lang='lat'><strong>:</strong></span> <span class='ocrx_word' id='word_1_818' title='bbox 2230 4751 2371 4792; x_wconf 92' lang='lat' dir='ltr'><strong>nunc</strong></span> <span class='ocrx_word' id='word_1_819' title='bbox 2394 4745 2570 4791; x_wconf 89' lang='lat' dir='ltr'><strong>autem</strong></span> <span class='ocrx_word' id='word_1_820' title='bbox 2597 4737 2826 4792; x_wconf 84' lang='lat' dir='ltr'><strong>cadaver</strong></span> <span class='ocrx_word' id='word_1_821' title='bbox 2852 4737 3026 4792; x_wconf 87' lang='lat' dir='ltr'><strong>habeo</strong></span> <span class='ocrx_word' id='word_1_822' title='bbox 3053 4737 3328 4792; x_wconf 90' lang='lat' dir='ltr'><strong>assiduum</strong></span> <span class='ocrx_word' id='word_1_823' title='bbox 3359 4747 3645 4808; x_wconf 86' lang='lat' dir='ltr'><strong>spectacu-</strong></span> 
     </span>
    </p>
   </div>
   <div class='ocr_carea' id='block_1_110' title="bbox 2050 4827 3643 4901">
    <p class='ocr_par' dir='ltr' id='par_1_110' title="bbox 2050 4827 3643 4901">
     <span class='ocr_line' id='line_1_110' title="bbox 2050 4827 3643 4901; baseline 0.003 -21"><span class='ocrx_word' id='word_1_824' title='bbox 2050 4827 2182 4893; x_wconf 91' lang='lat' dir='ltr'><strong>lum,</strong></span> <span class='ocrx_word' id='word_1_825' title='bbox 2204 4827 2349 4898; x_wconf 92' lang='lat' dir='ltr'><strong>quod</strong></span> <span class='ocrx_word' id='word_1_826' title='bbox 2374 4828 2505 4883; x_wconf 89' lang='lat' dir='ltr'><strong>mihi</strong></span> <span class='ocrx_word' id='word_1_827' title='bbox 2541 4828 2732 4883; x_wconf 88' lang='lat' dir='ltr'><strong>vulnus</strong></span> <span class='ocrx_word' id='word_1_828' title='bbox 2761 4838 3042 4898; x_wconf 87' lang='lat' dir='ltr'><strong>perennet,</strong></span> <span class='ocrx_word' id='word_1_829' title='bbox 3074 4836 3128 4883; x_wconf 90' lang='lat' dir='ltr'><strong>et</strong></span> <span class='ocrx_word' id='word_1_830' title='bbox 3155 4828 3398 4884; x_wconf 87' lang='lat' dir='ltr'><strong>dolorem</strong></span> <span class='ocrx_word' id='word_1_831' title='bbox 3425 4840 3643 4901; x_wconf 85' lang='lat' dir='ltr'><strong>augeat.</strong></span> 
     </span>
    </p>
   </div>
   <div class='ocr_carea' id='block_1_111' title="bbox 2047 4920 3643 4988">
    <p class='ocr_par' dir='ltr' id='par_1_111' title="bbox 2047 4920 3643 4988">
     <span class='ocr_line' id='line_1_111' title="bbox 2047 4920 3643 4988; baseline 0.002 -12"><span class='ocrx_word' id='word_1_832' title='bbox 2047 4920 2329 4988; x_wconf 87' lang='lat' dir='ltr'><strong>Quomodo</strong></span> <span class='ocrx_word' id='word_1_833' title='bbox 2353 4935 2569 4976; x_wconf 90' lang='lat' dir='ltr'><strong>cernam</strong></span> <span class='ocrx_word' id='word_1_834' title='bbox 2591 4922 2781 4977; x_wconf 90' lang='lat' dir='ltr'><strong>oculos</strong></span> <span class='ocrx_word' id='word_1_835' title='bbox 2823 4930 3182 4987; x_wconf 89' lang='lat' dir='ltr'><strong>transversos,</strong></span> <span class='ocrx_word' id='word_1_836' title='bbox 3212 4939 3401 4977; x_wconf 87' lang='lat' dir='ltr'><strong>manus</strong></span> <span class='ocrx_word' id='word_1_837' title='bbox 3421 4933 3643 4979; x_wconf 85' lang='lat' dir='ltr'><strong>contor-</strong></span> 
     </span>
    </p>
   </div>
   <div class='ocr_carea' id='block_1_112' title="bbox 2047 5012 3640 5084">
    <p class='ocr_par' dir='ltr' id='par_1_112' title="bbox 2047 5012 3640 5084">
     <span class='ocr_line' id='line_1_112' title="bbox 2047 5012 3640 5084; baseline 0.001 -16"><span class='ocrx_word' id='word_1_838' title='bbox 2047 5022 2150 5080; x_wconf 88' lang='lat' dir='ltr'><strong>tas,</strong></span> <span class='ocrx_word' id='word_1_839' title='bbox 2184 5027 2374 5083; x_wconf 89' lang='lat' dir='ltr'><strong>passos</strong></span> <span class='ocrx_word' id='word_1_840' title='bbox 2400 5013 2600 5079; x_wconf 86' lang='lat' dir='ltr'><strong>crines,</strong></span> <span class='ocrx_word' id='word_1_841' title='bbox 2629 5012 2880 5068; x_wconf 89' lang='lat' dir='ltr'><strong>emissam</strong></span> <span class='ocrx_word' id='word_1_842' title='bbox 2920 5029 3188 5084; x_wconf 90' lang='lat' dir='ltr'><strong>spumam,</strong></span> <span class='ocrx_word' id='word_1_843' title='bbox 3218 5015 3526 5070; x_wconf 86' lang='lat' dir='ltr'><strong>carniﬁcem</strong></span> <span class='ocrx_word' id='word_1_844' title='bbox 3555 5015 3640 5070; x_wconf 78' lang='lat' dir='ltr'><strong>in-</strong></span> 
     </span>
    </p>
   </div>
   <div class='ocr_carea' id='block_1_113' title="bbox 2050 5106 3640 5180">
    <p class='ocr_par' dir='ltr' id='par_1_113' title="bbox 2050 5106 3640 5180">
     <span class='ocr_line' id='line_1_113' title="bbox 2050 5106 3640 5180; baseline 0.001 -17"><span class='ocrx_word' id='word_1_845' title='bbox 2050 5116 2135 5163; x_wconf 89' lang='lat' dir='ltr'><strong>tus</strong></span> <span class='ocrx_word' id='word_1_846' title='bbox 2161 5109 2393 5180; x_wconf 89' lang='lat' dir='ltr'><strong>positum</strong></span> <span class='ocrx_word' id='word_1_847' title='bbox 2422 5118 2477 5163; x_wconf 91' lang='lat' dir='ltr'><strong>et</strong></span> <span class='ocrx_word' id='word_1_848' title='bbox 2497 5121 2604 5161; x_wconf 85' lang='lat' dir='ltr'><strong>non</strong></span> <span class='ocrx_word' id='word_1_849' title='bbox 2631 5117 2998 5177; x_wconf 85' lang='lat' dir='ltr'><strong>apparentem,</strong></span> <span class='ocrx_word' id='word_1_850' title='bbox 3024 5106 3384 5179; x_wconf 83' lang='lat' dir='ltr'><strong>ﬁagellantem</strong></span> <span class='ocrx_word' id='word_1_851' title='bbox 3411 5109 3502 5179; x_wconf 83' lang='lat' dir='ltr'><strong>qui</strong></span> <span class='ocrx_word' id='word_1_852' title='bbox 3531 5125 3640 5164; x_wconf 90' lang='lat' dir='ltr'><strong>non</strong></span> 
     </span>
    </p>
   </div>
   <div class='ocr_carea' id='block_1_114' title="bbox 2046 5180 3642 5270">
    <p class='ocr_par' dir='ltr' id='par_1_114' title="bbox 2046 5180 3642 5270">
     <span class='ocr_line' id='line_1_114' title="bbox 2046 5180 3642 5270; baseline -0.001 -14"><span class='ocrx_word' id='word_1_853' title='bbox 2046 5198 2309 5265; x_wconf 86' lang='lat' dir='ltr'><strong>videatur,</strong></span> <span class='ocrx_word' id='word_1_854' title='bbox 2344 5197 2469 5253; x_wconf 89' lang='lat' dir='ltr'><strong>dum</strong></span> <span class='ocrx_word' id='word_1_855' title='bbox 2500 5198 2766 5269; x_wconf 84' lang='lat' dir='ltr'><strong>ﬂagellum</strong></span> <span class='ocrx_word' id='word_1_856' title='bbox 2806 5199 2979 5270; x_wconf 91' lang='lat' dir='ltr'><strong>ipsum</strong></span> <span class='ocrx_word' id='word_1_857' title='bbox 3005 5180 3263 5255; x_wconf 50' lang='lat' dir='ltr'><strong>videtur?</strong></span> <span class='ocrx_word' id='word_1_858' title='bbox 3294 5199 3390 5256; x_wconf 91' lang='lat' dir='ltr'><strong>Sto</strong></span> <span class='ocrx_word' id='word_1_859' title='bbox 3420 5212 3642 5270; x_wconf 87' lang='lat' dir='ltr'><strong>specta-</strong></span> 
     </span>
    </p>
   </div>
   <div class='ocr_carea' id='block_1_115' title="bbox 2048 5292 3644 5360">
    <p class='ocr_par' dir='ltr' id='par_1_115' title="bbox 2048 5292 3644 5360">
     <span class='ocr_line' id='line_1_115' title="bbox 2048 5292 3644 5360; baseline -0.001 -11"><span class='ocrx_word' id='word_1_860' title='bbox 2048 5295 2152 5349; x_wconf 82' lang='lat' dir='ltr'><strong>trix</strong></span> <span class='ocrx_word' id='word_1_861' title='bbox 2181 5294 2475 5349; x_wconf 87' lang='lat' dir='ltr'><strong>alienorum</strong></span> <span class='ocrx_word' id='word_1_862' title='bbox 2503 5292 2766 5347; x_wconf 89' lang='lat' dir='ltr'><strong>malorum</strong></span> <span class='ocrx_word' id='word_1_863' title='bbox 2794 5333 2809 5356; x_wconf 96' lang='lat'><strong>,</strong></span> <span class='ocrx_word' id='word_1_864' title='bbox 2840 5302 2926 5347; x_wconf 89' lang='lat' dir='ltr'><strong>sto</strong></span> <span class='ocrx_word' id='word_1_865' title='bbox 2948 5302 3138 5347; x_wconf 89' lang='lat' dir='ltr'><strong>natura</strong></span> <span class='ocrx_word' id='word_1_866' title='bbox 3158 5293 3502 5360; x_wconf 86' lang='lat' dir='ltr'><strong>stimulante;</strong></span> <span class='ocrx_word' id='word_1_867' title='bbox 3537 5294 3644 5348; x_wconf 76' lang='lat' dir='ltr'><strong>Ms-</strong></span> 
     </span>
    </p>
   </div>
   <div class='ocr_carea' id='block_1_116' title="bbox 2047 5382 3644 5454">
    <p class='ocr_par' dir='ltr' id='par_1_116' title="bbox 2047 5382 3644 5454">
     <span class='ocr_line' id='line_1_116' title="bbox 2047 5382 3644 5454; baseline -0.001 -12"><span class='ocrx_word' id='word_1_868' title='bbox 2047 5402 2211 5442; x_wconf 86' lang='lat' dir='ltr'><strong>serere</strong></span> <span class='ocrx_word' id='word_1_869' title='bbox 2233 5384 2348 5439; x_wconf 85' lang='lat' dir='ltr'><strong>mei.</strong></span> <span class='ocrx_word' id='word_1_870' title='bbox 2367 5382 2556 5439; x_wconf 86' lang='lat' dir='ltr'><strong>Gravis</strong></span> <span class='ocrx_word' id='word_1_871' title='bbox 2583 5392 2871 5454; x_wconf 79' lang='lat' dir='ltr'><strong>tempeStas</strong></span> <span class='ocrx_word' id='word_1_872' title='bbox 2898 5384 3158 5454; x_wconf 63' lang='lat' dir='ltr'><strong>(egritudo</strong></span> <span class='ocrx_word' id='word_1_873' title='bbox 3183 5393 3236 5440; x_wconf 90' lang='lat' dir='ltr'><strong>et</strong></span> <span class='ocrx_word' id='word_1_874' title='bbox 3263 5385 3455 5452; x_wconf 89' lang='lat' dir='ltr'><strong>timor;</strong></span> <span class='ocrx_word' id='word_1_875' title='bbox 3480 5386 3644 5454; x_wconf 60' lang='grc' dir='ltr'><strong>περῆν</strong></span> 
     </span>
    </p>
   </div>
   <div class='ocr_carea' id='block_1_117' title="bbox 2048 5478 3642 5549">
    <p class='ocr_par' dir='ltr' id='par_1_117' title="bbox 2048 5478 3642 5549">
     <span class='ocr_line' id='line_1_117' title="bbox 2048 5478 3642 5549; baseline -0.001 -13"><span class='ocrx_word' id='word_1_876' title='bbox 2048 5480 2180 5536; x_wconf 90' lang='lat' dir='ltr'><strong>tudo</strong></span> <span class='ocrx_word' id='word_1_877' title='bbox 2206 5489 2432 5544; x_wconf 76' lang='lat' dir='ltr'><strong>naturae,</strong></span> <span class='ocrx_word' id='word_1_878' title='bbox 2456 5487 2512 5533; x_wconf 88' lang='lat' dir='ltr'><strong>et</strong></span> <span class='ocrx_word' id='word_1_879' title='bbox 2558 5479 2719 5533; x_wconf 88' lang='lat' dir='ltr'><strong>timor</strong></span> <span class='ocrx_word' id='word_1_880' title='bbox 2742 5478 3020 5534; x_wconf 71' lang='lat' dir='ltr'><strong>dmmonis.</strong></span> <span class='ocrx_word' id='word_1_881' title='bbox 3059 5478 3332 5535; x_wconf 77' lang='lat' dir='ltr'><strong>Accedere</strong></span> <span class='ocrx_word' id='word_1_882' title='bbox 3375 5494 3482 5535; x_wconf 94' lang='lat' dir='ltr'><strong>non</strong></span> <span class='ocrx_word' id='word_1_883' title='bbox 3512 5495 3642 5549; x_wconf 84' lang='lat' dir='ltr'><strong>pos-</strong></span> 
     </span>
    </p>
   </div>
   <div class='ocr_carea' id='block_1_118' title="bbox 2047 5569 3644 5643">
    <p class='ocr_par' dir='ltr' id='par_1_118' title="bbox 2047 5569 3644 5643">
     <span class='ocr_line' id='line_1_118' title="bbox 2047 5569 3644 5643; baseline -0.001 -16"><span class='ocrx_word' id='word_1_884' title='bbox 2047 5587 2189 5638; x_wconf 90' lang='lat' dir='ltr'><strong>sum,</strong></span> <span class='ocrx_word' id='word_1_885' title='bbox 2217 5585 2392 5640; x_wconf 91' lang='lat' dir='ltr'><strong>neque</strong></span> <span class='ocrx_word' id='word_1_886' title='bbox 2431 5572 2764 5641; x_wconf 83' lang='lat' dir='ltr'><strong>contingere.</strong></span> <span class='ocrx_word' id='word_1_887' title='bbox 2794 5569 3023 5641; x_wconf 84' lang='lat' dir='ltr'><strong>Impellit</strong></span> <span class='ocrx_word' id='word_1_888' title='bbox 3050 5586 3138 5627; x_wconf 88' lang='lat' dir='ltr'><strong>me</strong></span> <span class='ocrx_word' id='word_1_889' title='bbox 3161 5569 3382 5627; x_wconf 71' lang='lat' dir='ltr'><strong>allectus</strong></span> <span class='ocrx_word' id='word_1_890' title='bbox 3413 5612 3431 5641; x_wconf 90' lang='lat'><strong>,</strong></span> <span class='ocrx_word' id='word_1_891' title='bbox 3477 5571 3644 5643; x_wconf 80' lang='lat' dir='ltr'><strong>abigit</strong></span> 
     </span>
    </p>
   </div>
   <div class='ocr_carea' id='block_1_119' title="bbox 2046 5663 3117 5730">
    <p class='ocr_par' dir='ltr' id='par_1_119' title="bbox 2046 5663 3117 5730">
     <span class='ocr_line' id='line_1_119' title="bbox 2046 5663 3117 5730; baseline -0.003 -11"><span class='ocrx_word' id='word_1_892' title='bbox 2046 5664 2237 5730; x_wconf 87' lang='lat' dir='ltr'><strong>timor;</strong></span> <span class='ocrx_word' id='word_1_893' title='bbox 2262 5663 2502 5717; x_wconf 81' lang='lat' dir='ltr'><strong>Miserere</strong></span> <span class='ocrx_word' id='word_1_894' title='bbox 2526 5663 2642 5717; x_wconf 84' lang='lat' dir='ltr'><strong>mei.</strong></span> <span class='ocrx_word' id='word_1_895' title='bbox 2988 5694 2995 5699; x_wconf 95' lang='lat'><strong><em>-</em></strong></span> <span class='ocrx_word' id='word_1_896' title='bbox 3106 5676 3117 5683; x_wconf 79' lang='lat'>‘</span> 
     </span>
    </p>
   </div>
   <div class='ocr_carea' id='block_1_120' title="bbox 2117 5753 3641 5826">
    <p class='ocr_par' dir='ltr' id='par_1_120' title="bbox 2117 5753 3641 5826">
     <span class='ocr_line' id='line_1_120' title="bbox 2117 5753 3641 5826; baseline 0 -16"><span class='ocrx_word' id='word_1_897' title='bbox 2117 5758 2173 5813; x_wconf 79' lang='lat'><strong>5.</strong></span> <span class='ocrx_word' id='word_1_898' title='bbox 2197 5754 2379 5826; x_wconf 78' lang='lat' dir='ltr'><strong>Cogita</strong></span> <span class='ocrx_word' id='word_1_899' title='bbox 2407 5754 2645 5809; x_wconf 90' lang='lat' dir='ltr'><strong>mulieris</strong></span> <span class='ocrx_word' id='word_1_900' title='bbox 2674 5753 3088 5825; x_wconf 88' lang='lat' dir='ltr'><strong>philosophiam.</strong></span> <span class='ocrx_word' id='word_1_901' title='bbox 3141 5754 3257 5811; x_wconf 92' lang='lat' dir='ltr'><strong>Non</strong></span> <span class='ocrx_word' id='word_1_902' title='bbox 3294 5754 3424 5809; x_wconf 86' lang='lat' dir='ltr'><strong>adiit</strong></span> <span class='ocrx_word' id='word_1_903' title='bbox 3454 5770 3641 5826; x_wconf 75' lang='lat' dir='ltr'><strong>magos</strong></span> 
     </span>
    </p>
   </div>
   <div class='ocr_carea' id='block_1_121' title="bbox 2048 5846 3637 5920">
    <p class='ocr_par' dir='ltr' id='par_1_121' title="bbox 2048 5846 3637 5920">
     <span class='ocr_line' id='line_1_121' title="bbox 2048 5846 3637 5920; baseline -0.006 -15"><span class='ocrx_word' id='word_1_904' title='bbox 2048 5866 2155 5905; x_wconf 90' lang='lat' dir='ltr'><strong>non</strong></span> <span class='ocrx_word' id='word_1_905' title='bbox 2189 5848 2399 5903; x_wconf 84' lang='lat' dir='ltr'><strong>vocavit</strong></span> <span class='ocrx_word' id='word_1_906' title='bbox 2441 5846 2667 5916; x_wconf 87' lang='lat' dir='ltr'><strong>divinos,</strong></span> <span class='ocrx_word' id='word_1_907' title='bbox 2703 5863 2810 5904; x_wconf 92' lang='lat' dir='ltr'><strong>nou</strong></span> <span class='ocrx_word' id='word_1_908' title='bbox 2839 5847 3095 5920; x_wconf 86' lang='lat' dir='ltr'><strong>ligaturas</strong></span> <span class='ocrx_word' id='word_1_909' title='bbox 3123 5846 3358 5913; x_wconf 85' lang='lat' dir='ltr'><strong>admisit,</strong></span> <span class='ocrx_word' id='word_1_910' title='bbox 3386 5858 3494 5898; x_wconf 87' lang='lat' dir='ltr'><strong>nou</strong></span> <span class='ocrx_word' id='word_1_911' title='bbox 3519 5859 3637 5897; x_wconf 83' lang='lat' dir='ltr'><strong>ma-</strong></span> 
     </span>
    </p>
   </div>
  </div>
