  <div class='ocr_page' id='page_1' title='image "/cluster/home/n/w/nwhite01/storage/ocr_20150623/52:no.3:pt.2/coo.31924054869510/072.png"; bbox 0 0 4036 6392; ppageno 0'>
   <div class='ocr_carea' id='block_1_1' title="bbox 378 383 469 438">
    <p class='ocr_par' dir='ltr' id='par_1_1' title="bbox 378 383 469 438">
     <span class='ocr_line' id='line_1_1' title="bbox 378 383 469 438; baseline 0 0"><span class='ocrx_word' id='word_1_1' title='bbox 378 383 469 438; x_wconf 69' lang='grc'><strong>131</strong></span> 
     </span>
    </p>
   </div>
   <div class='ocr_carea' id='block_1_2' title="bbox 378 486 1950 566">
    <p class='ocr_par' dir='ltr' id='par_1_2' title="bbox 378 486 1950 566">
     <span class='ocr_line' id='line_1_2' title="bbox 378 486 1950 566; baseline -0.008 -18"><span class='ocrx_word' id='word_1_2' title='bbox 378 490 704 566; x_wconf 69' lang='grc' dir='ltr'><strong>συνηγορίαν</strong></span> <span class='ocrx_word' id='word_1_3' title='bbox 726 490 1162 562; x_wconf 86' lang='grc' dir='ltr'><strong>προϐαλλομένη,</strong></span> <span class='ocrx_word' id='word_1_4' title='bbox 1184 490 1277 545; x_wconf 83' lang='grc' dir='ltr'><strong>τὸν</strong></span> <span class='ocrx_word' id='word_1_5' title='bbox 1311 486 1493 561; x_wconf 76' lang='grc' dir='ltr'><strong>ἰατρὸν</strong></span> <span class='ocrx_word' id='word_1_6' title='bbox 1520 486 1718 557; x_wconf 75' lang='grc' dir='ltr'><strong>ἔχουσα</strong></span> <span class='ocrx_word' id='word_1_7' title='bbox 1739 486 1950 555; x_wconf 88' lang='grc' dir='ltr'><strong>δήμιον.</strong></span> 
     </span>
    </p>
   </div>
   <div class='ocr_carea' id='block_1_3' title="bbox 374 569 1956 650">
    <p class='ocr_par' dir='ltr' id='par_1_3' title="bbox 374 569 1956 650">
     <span class='ocr_line' id='line_1_3' title="bbox 374 569 1956 650; baseline -0.008 -16"><span class='ocrx_word' id='word_1_8' title='bbox 374 579 646 650; x_wconf 78' lang='grc' dir='ltr'><strong>Συνήκατε</strong></span> <span class='ocrx_word' id='word_1_9' title='bbox 675 575 706 629; x_wconf 80' lang='grc' dir='ltr'>ὃ</span> <span class='ocrx_word' id='word_1_10' title='bbox 742 571 938 639; x_wconf 75' lang='grc' dir='ltr'><strong>είπονς</strong></span> <span class='ocrx_word' id='word_1_11' title='bbox 968 577 1030 630; x_wconf 84' lang='grc' dir='ltr'><strong>Οἱ</strong></span> <span class='ocrx_word' id='word_1_12' title='bbox 1060 574 1216 645; x_wconf 90' lang='grc' dir='ltr'><strong>νόμοι</strong></span> <span class='ocrx_word' id='word_1_13' title='bbox 1242 572 1417 644; x_wconf 89' lang='grc' dir='ltr'><strong>ἰατροί</strong></span> <span class='ocrx_word' id='word_1_14' title='bbox 1444 572 1609 635; x_wconf 84' lang='grc' dir='ltr'><strong>εἰσιν,</strong></span> <span class='ocrx_word' id='word_1_15' title='bbox 1648 569 1839 623; x_wconf 72' lang='grc' dir='ltr'><strong>ἔπειτα</strong></span> <span class='ocrx_word' id='word_1_16' title='bbox 1861 569 1956 621; x_wconf 77' lang='grc' dir='ltr'><strong>καὶ</strong></span> 
     </span>
    </p>
   </div>
   <div class='ocr_carea' id='block_1_4' title="bbox 373 651 1955 733">
    <p class='ocr_par' dir='ltr' id='par_1_4' title="bbox 373 651 1955 733">
     <span class='ocr_line' id='line_1_4' title="bbox 373 651 1955 733; baseline -0.009 -17"><span class='ocrx_word' id='word_1_17' title='bbox 373 664 555 733; x_wconf 89' lang='grc' dir='ltr'><strong>δήμιοι</strong></span> <span class='ocrx_word' id='word_1_18' title='bbox 581 659 848 727; x_wconf 88' lang='grc' dir='ltr'><strong>γίνονται·</strong></span> <span class='ocrx_word' id='word_1_19' title='bbox 867 658 929 713; x_wconf 82' lang='grc' dir='ltr'><strong>οὐ</strong></span> <span class='ocrx_word' id='word_1_20' title='bbox 950 656 1060 729; x_wconf 82' lang='grc' dir='ltr'><strong>γάρ</strong></span> <span class='ocrx_word' id='word_1_21' title='bbox 1073 656 1259 710; x_wconf 82' lang='grc' dir='ltr'>λύουσι</span> <span class='ocrx_word' id='word_1_22' title='bbox 1279 656 1339 710; x_wconf 92' lang='grc' dir='ltr'><strong>τὸ</strong></span> <span class='ocrx_word' id='word_1_23' title='bbox 1358 655 1537 720; x_wconf 72' lang='grc' dir='ltr'><strong>ἕλκος,</strong></span> <span class='ocrx_word' id='word_1_24' title='bbox 1558 652 1693 707; x_wconf 85' lang='grc' dir='ltr'><strong>ἀλλά</strong></span> <span class='ocrx_word' id='word_1_25' title='bbox 1709 651 1873 717; x_wconf 80' lang='grc' dir='ltr'><strong>αῦξου</strong></span> <span class='ocrx_word' id='word_1_26' title='bbox 1882 667 1955 733; x_wconf 81' lang='grc' dir='ltr'><strong>σι.</strong></span> 
     </span>
    </p>
   </div>
   <div class='ocr_carea' id='block_1_5' title="bbox 373 732 1957 811">
    <p class='ocr_par' dir='ltr' id='par_1_5' title="bbox 373 732 1957 811">
     <span class='ocr_line' id='line_1_5' title="bbox 373 732 1957 811; baseline -0.006 -14"><span class='ocrx_word' id='word_1_27' title='bbox 373 732 438 797; x_wconf 89' lang='grc' dir='ltr'><strong>Τί</strong></span> <span class='ocrx_word' id='word_1_28' title='bbox 476 746 594 798; x_wconf 88' lang='grc' dir='ltr'><strong>ἐστι</strong></span> <span class='ocrx_word' id='word_1_29' title='bbox 630 742 923 808; x_wconf 86' lang='grc' dir='ltr'><strong>τελώνιον;</strong></span> <span class='ocrx_word' id='word_1_30' title='bbox 968 741 1348 811; x_wconf 83' lang='grc' dir='ltr'><strong>Ἀναίσχυντος</strong></span> <span class='ocrx_word' id='word_1_31' title='bbox 1397 738 1673 809; x_wconf 82' lang='grc' dir='ltr'><strong>ἁμαρτία,</strong></span> <span class='ocrx_word' id='word_1_32' title='bbox 1730 732 1957 806; x_wconf 85' lang='grc' dir='ltr'><strong>ἁρπαγὴ</strong></span> 
     </span>
    </p>
   </div>
   <div class='ocr_carea' id='block_1_6' title="bbox 373 817 1958 899">
    <p class='ocr_par' dir='ltr' id='par_1_6' title="bbox 373 817 1958 899">
     <span class='ocr_line' id='line_1_6' title="bbox 373 817 1958 899; baseline -0.003 -20"><span class='ocrx_word' id='word_1_33' title='bbox 373 828 649 899; x_wconf 88' lang='grc' dir='ltr'><strong>πρόφασιν</strong></span> <span class='ocrx_word' id='word_1_34' title='bbox 669 826 772 879; x_wconf 76' lang='grc' dir='ltr'><strong>οὐκ</strong></span> <span class='ocrx_word' id='word_1_35' title='bbox 800 825 1019 896; x_wconf 78' lang='grc' dir='ltr'><strong>ἔχουσα,</strong></span> <span class='ocrx_word' id='word_1_36' title='bbox 1047 824 1301 897; x_wconf 77' lang='grc' dir='ltr'><strong>λῃστείας</strong></span> <span class='ocrx_word' id='word_1_37' title='bbox 1320 821 1718 894; x_wconf 84' lang='grc' dir='ltr'><strong>χαλεπώτερον.</strong></span> <span class='ocrx_word' id='word_1_38' title='bbox 1766 819 1825 870; x_wconf 84' lang='grc' dir='ltr'>Ὀ</span> <span class='ocrx_word' id='word_1_39' title='bbox 1859 817 1958 889; x_wconf 82' lang='grc' dir='ltr'><strong>λῃ-</strong></span> 
     </span>
    </p>
   </div>
   <div class='ocr_carea' id='block_1_7' title="bbox 375 899 1961 980">
    <p class='ocr_par' dir='ltr' id='par_1_7' title="bbox 375 899 1961 980">
     <span class='ocr_line' id='line_1_7' title="bbox 375 899 1961 980; baseline -0.006 -18"><span class='ocrx_word' id='word_1_40' title='bbox 375 910 504 980; x_wconf 83' lang='grc' dir='ltr'><strong>στὴς</strong></span> <span class='ocrx_word' id='word_1_41' title='bbox 532 909 638 963; x_wconf 66' lang='grc' dir='ltr'><strong>κᾶν</strong></span> <span class='ocrx_word' id='word_1_42' title='bbox 661 908 976 979; x_wconf 82' lang='grc' dir='ltr'><strong>αἰσχύνεται</strong></span> <span class='ocrx_word' id='word_1_43' title='bbox 1007 908 1258 962; x_wconf 89' lang='grc' dir='ltr'><strong>κλέπτων</strong></span> <span class='ocrx_word' id='word_1_44' title='bbox 1275 925 1288 938; x_wconf 91' lang='grc'><strong>·</strong></span> <span class='ocrx_word' id='word_1_45' title='bbox 1313 899 1471 970; x_wconf 73' lang='grc' dir='ltr'><strong>οὗτος</strong></span> <span class='ocrx_word' id='word_1_46' title='bbox 1499 905 1555 959; x_wconf 80' lang='grc' dir='ltr'><strong>δὲ</strong></span> <span class='ocrx_word' id='word_1_47' title='bbox 1588 901 1961 976; x_wconf 71' lang='grc' dir='ltr'><strong>παρρησιάζε-</strong></span> 
     </span>
    </p>
   </div>
   <div class='ocr_carea' id='block_1_8' title="bbox 373 984 1961 1064">
    <p class='ocr_par' dir='ltr' id='par_1_8' title="bbox 373 984 1961 1064">
     <span class='ocr_line' id='line_1_8' title="bbox 373 984 1961 1064; baseline -0.006 -18"><span class='ocrx_word' id='word_1_48' title='bbox 373 1010 464 1046; x_wconf 83' lang='grc' dir='ltr'><strong>ται</strong></span> <span class='ocrx_word' id='word_1_49' title='bbox 480 990 764 1064; x_wconf 76' lang='grc' dir='ltr'><strong>ἁρπάξων.</strong></span> <span class='ocrx_word' id='word_1_50' title='bbox 808 991 949 1045; x_wconf 81' lang='grc' dir='ltr'><strong>Ἀλλ’</strong></span> <span class='ocrx_word' id='word_1_51' title='bbox 969 984 1125 1055; x_wconf 78' lang='grc' dir='ltr'><strong>οὗτος</strong></span> <span class='ocrx_word' id='word_1_52' title='bbox 1152 993 1182 1045; x_wconf 84' lang='grc' dir='ltr'><strong>ὁ</strong></span> <span class='ocrx_word' id='word_1_53' title='bbox 1210 990 1449 1061; x_wconf 84' lang='grc' dir='ltr'><strong>τελώνης</strong></span> <span class='ocrx_word' id='word_1_54' title='bbox 1480 988 1677 1059; x_wconf 86' lang='grc' dir='ltr'><strong>ἀθρόον</strong></span> <span class='ocrx_word' id='word_1_55' title='bbox 1723 987 1961 1054; x_wconf 79' lang='grc' dir='ltr'><strong>εὐαγγε-</strong></span> 
     </span>
    </p>
   </div>
   <div class='ocr_carea' id='block_1_9' title="bbox 373 1069 1961 1146">
    <p class='ocr_par' dir='ltr' id='par_1_9' title="bbox 373 1069 1961 1146">
     <span class='ocr_line' id='line_1_9' title="bbox 373 1069 1961 1146; baseline -0.006 -17"><span class='ocrx_word' id='word_1_56' title='bbox 373 1076 565 1146; x_wconf 82' lang='grc' dir='ltr'><strong>λιστὴς</strong></span> <span class='ocrx_word' id='word_1_57' title='bbox 591 1074 828 1144; x_wconf 88' lang='grc' dir='ltr'><strong>ἐγένετο.</strong></span> <span class='ocrx_word' id='word_1_58' title='bbox 858 1074 983 1138; x_wconf 89' lang='grc' dir='ltr'><strong>Πῶς</strong></span> <span class='ocrx_word' id='word_1_59' title='bbox 1015 1077 1111 1129; x_wconf 74' lang='grc' dir='ltr'><strong>καὶ</strong></span> <span class='ocrx_word' id='word_1_60' title='bbox 1136 1075 1245 1127; x_wconf 90' lang='grc' dir='ltr'><strong>τίνι</strong></span> <span class='ocrx_word' id='word_1_61' title='bbox 1275 1074 1494 1146; x_wconf 87' lang='grc' dir='ltr'><strong>τρόπῳ;</strong></span> <span class='ocrx_word' id='word_1_62' title='bbox 1523 1069 1837 1140; x_wconf 81' lang='grc' dir='ltr'><strong>Παράτων,</strong></span> <span class='ocrx_word' id='word_1_63' title='bbox 1855 1086 1961 1139; x_wconf 87' lang='grc' dir='ltr'><strong>φη-</strong></span> 
     </span>
    </p>
   </div>
   <div class='ocr_carea' id='block_1_10' title="bbox 378 1152 1963 1225">
    <p class='ocr_par' dir='ltr' id='par_1_10' title="bbox 378 1152 1963 1225">
     <span class='ocr_line' id='line_1_10' title="bbox 378 1152 1963 1225; baseline -0.004 -14"><span class='ocrx_word' id='word_1_64' title='bbox 378 1157 488 1223; x_wconf 75' lang='grc' dir='ltr'><strong>σὶν,</strong></span> <span class='ocrx_word' id='word_1_65' title='bbox 503 1157 536 1211; x_wconf 91' lang='grc' dir='ltr'>ὁ</span> <span class='ocrx_word' id='word_1_66' title='bbox 560 1157 824 1225; x_wconf 81' lang='grc' dir='ltr'><strong>Ἰησοῦς,</strong></span> <span class='ocrx_word' id='word_1_67' title='bbox 853 1153 976 1211; x_wconf 80' lang='grc' dir='ltr'><strong>εῖδε</strong></span> <span class='ocrx_word' id='word_1_68' title='bbox 992 1157 1299 1212; x_wconf 82' lang='grc' dir='ltr'><strong>Ματθαῐον</strong></span> <span class='ocrx_word' id='word_1_69' title='bbox 1321 1156 1420 1210; x_wconf 79' lang='grc' dir='ltr'><strong>ἐπὶ</strong></span> <span class='ocrx_word' id='word_1_70' title='bbox 1436 1155 1503 1209; x_wconf 85' lang='grc' dir='ltr'><strong>τὸ</strong></span> <span class='ocrx_word' id='word_1_71' title='bbox 1517 1152 1804 1209; x_wconf 74' lang='grc' dir='ltr'><strong>τελώνιον</strong></span> <span class='ocrx_word' id='word_1_72' title='bbox 1828 1153 1963 1205; x_wconf 82' lang='grc' dir='ltr'><strong>καθ-</strong></span> 
     </span>
    </p>
   </div>
   <div class='ocr_carea' id='block_1_11' title="bbox 375 1234 1962 1310">
    <p class='ocr_par' dir='ltr' id='par_1_11' title="bbox 375 1234 1962 1310">
     <span class='ocr_line' id='line_1_11' title="bbox 375 1234 1962 1310; baseline -0.006 -15"><span class='ocrx_word' id='word_1_73' title='bbox 375 1240 629 1309; x_wconf 84' lang='grc' dir='ltr'><strong>ήμενον,</strong></span> <span class='ocrx_word' id='word_1_74' title='bbox 660 1240 761 1293; x_wconf 77' lang='grc' dir='ltr'><strong>καὶ</strong></span> <span class='ocrx_word' id='word_1_75' title='bbox 789 1239 952 1310; x_wconf 73' lang='grc' dir='ltr'><strong>λέγει</strong></span> <span class='ocrx_word' id='word_1_76' title='bbox 999 1238 1181 1305; x_wconf 85' lang='grc' dir='ltr'><strong>αὐτῷ·</strong></span> <span class='ocrx_word' id='word_1_77' title='bbox 1213 1240 1557 1294; x_wconf 79' lang='grc' dir='ltr'><strong>Ἀκολούθει</strong></span> <span class='ocrx_word' id='word_1_78' title='bbox 1573 1237 1776 1307; x_wconf 81' lang='grc' dir='ltr'><strong>μοι.“Ὡ</strong></span> <span class='ocrx_word' id='word_1_79' title='bbox 1801 1234 1962 1303; x_wconf 84' lang='grc' dir='ltr'><strong>λόγου</strong></span> 
     </span>
    </p>
   </div>
   <div class='ocr_carea' id='block_1_12' title="bbox 376 1319 1965 1394">
    <p class='ocr_par' dir='ltr' id='par_1_12' title="bbox 376 1319 1965 1394">
     <span class='ocr_line' id='line_1_12' title="bbox 376 1319 1965 1394; baseline -0.004 -19"><span class='ocrx_word' id='word_1_80' title='bbox 376 1322 641 1393; x_wconf 80' lang='grc' dir='ltr'><strong>δύναμις·</strong></span> <span class='ocrx_word' id='word_1_81' title='bbox 672 1322 889 1393; x_wconf 85' lang='grc' dir='ltr'><strong>εἰσῆλθε</strong></span> <span class='ocrx_word' id='word_1_82' title='bbox 916 1323 981 1375; x_wconf 94' lang='grc' dir='ltr'><strong>τὸ</strong></span> <span class='ocrx_word' id='word_1_83' title='bbox 1004 1323 1321 1394; x_wconf 80' lang='grc' dir='ltr'><strong>ἄγκιστρον,</strong></span> <span class='ocrx_word' id='word_1_84' title='bbox 1364 1322 1461 1375; x_wconf 75' lang='grc' dir='ltr'><strong>καὶ</strong></span> <span class='ocrx_word' id='word_1_85' title='bbox 1496 1321 1590 1376; x_wconf 90' lang='grc' dir='ltr'><strong>τὸν</strong></span> <span class='ocrx_word' id='word_1_86' title='bbox 1616 1319 1965 1391; x_wconf 89' lang='grc' dir='ltr'><strong>αἰχμάλωτον</strong></span> 
     </span>
    </p>
   </div>
   <div class='ocr_carea' id='block_1_13' title="bbox 383 1403 1966 1477">
    <p class='ocr_par' dir='ltr' id='par_1_13' title="bbox 383 1403 1966 1477">
     <span class='ocr_line' id='line_1_13' title="bbox 383 1403 1966 1477; baseline -0.004 -18"><span class='ocrx_word' id='word_1_87' title='bbox 383 1406 724 1477; x_wconf 76' lang='grc' dir='ltr'><strong>στρατιώτην</strong></span> <span class='ocrx_word' id='word_1_88' title='bbox 744 1405 989 1477; x_wconf 87' lang='grc' dir='ltr'><strong>ἐποίησε,</strong></span> <span class='ocrx_word' id='word_1_89' title='bbox 1006 1405 1099 1459; x_wconf 90' lang='grc' dir='ltr'><strong>τὸν</strong></span> <span class='ocrx_word' id='word_1_90' title='bbox 1118 1405 1289 1477; x_wconf 90' lang='grc' dir='ltr'><strong>πηλὸν</strong></span> <span class='ocrx_word' id='word_1_91' title='bbox 1309 1404 1508 1477; x_wconf 87' lang='grc' dir='ltr'><strong>χρυσὸν</strong></span> <span class='ocrx_word' id='word_1_92' title='bbox 1523 1404 1837 1477; x_wconf 78' lang='grc' dir='ltr'><strong>εἰργάσατο·</strong></span> <span class='ocrx_word' id='word_1_93' title='bbox 1854 1403 1966 1453; x_wconf 80' lang='grc' dir='ltr'><strong>εἰσο</strong></span> 
     </span>
    </p>
   </div>
   <div class='ocr_carea' id='block_1_14' title="bbox 380 1487 1968 1561">
    <p class='ocr_par' dir='ltr' id='par_1_14' title="bbox 380 1487 1968 1561">
     <span class='ocr_line' id='line_1_14' title="bbox 380 1487 1968 1561; baseline 0.001 -22"><span class='ocrx_word' id='word_1_94' title='bbox 380 1488 516 1557; x_wconf 77' lang='grc' dir='ltr'><strong>ἦλθε</strong></span> <span class='ocrx_word' id='word_1_95' title='bbox 534 1488 597 1541; x_wconf 84' lang='grc' dir='ltr'><strong>τὸ</strong></span> <span class='ocrx_word' id='word_1_96' title='bbox 616 1489 933 1561; x_wconf 80' lang='grc' dir='ltr'><strong>ἄγκιστρον,</strong></span> <span class='ocrx_word' id='word_1_97' title='bbox 954 1489 1064 1543; x_wconf 78' lang='grc' dir='ltr'><strong>Καὶ</strong></span> <span class='ocrx_word' id='word_1_98' title='bbox 1090 1491 1313 1556; x_wconf 82' lang='grc' dir='ltr'><strong>εὐθέως</strong></span> <span class='ocrx_word' id='word_1_99' title='bbox 1340 1488 1610 1554; x_wconf 81' lang='grc' dir='ltr'><strong>ἀναστὰς</strong></span> <span class='ocrx_word' id='word_1_100' title='bbox 1634 1487 1968 1556; x_wconf 74' lang='grc' dir='ltr'><strong>ἠκολούθη-</strong></span> 
     </span>
    </p>
   </div>
   <div class='ocr_carea' id='block_1_15' title="bbox 381 1566 1966 1647">
    <p class='ocr_par' dir='ltr' id='par_1_15' title="bbox 381 1566 1966 1647">
     <span class='ocr_line' id='line_1_15' title="bbox 381 1566 1966 1647; baseline -0.004 -22"><span class='ocrx_word' id='word_1_101' title='bbox 381 1587 500 1625; x_wconf 82' lang='grc' dir='ltr'><strong>σεν</strong></span> <span class='ocrx_word' id='word_1_102' title='bbox 514 1569 698 1647; x_wconf 59' lang='grc' dir='ltr'><strong>αὐτῷ.</strong></span> <span class='ocrx_word' id='word_1_103' title='bbox 724 1572 819 1634; x_wconf 91' lang='grc' dir='ltr'><strong>Εἰς</strong></span> <span class='ocrx_word' id='word_1_104' title='bbox 844 1571 907 1625; x_wconf 82' lang='grc' dir='ltr'><strong>τὸ</strong></span> <span class='ocrx_word' id='word_1_105' title='bbox 931 1571 1096 1642; x_wconf 85' lang='grc' dir='ltr'><strong>βάθος</strong></span> <span class='ocrx_word' id='word_1_106' title='bbox 1120 1568 1189 1644; x_wconf 77' lang='grc' dir='ltr'><strong>ἦν</strong></span> <span class='ocrx_word' id='word_1_107' title='bbox 1211 1573 1310 1643; x_wconf 85' lang='grc' dir='ltr'><strong>τῆς</strong></span> <span class='ocrx_word' id='word_1_108' title='bbox 1338 1572 1623 1644; x_wconf 78' lang='grc' dir='ltr'><strong>πονηρίας,</strong></span> <span class='ocrx_word' id='word_1_109' title='bbox 1653 1570 1748 1624; x_wconf 76' lang='grc' dir='ltr'><strong>καὶ</strong></span> <span class='ocrx_word' id='word_1_110' title='bbox 1770 1572 1848 1632; x_wconf 88' lang='grc' dir='ltr'><strong>εἰς</strong></span> <span class='ocrx_word' id='word_1_111' title='bbox 1867 1566 1966 1638; x_wconf 85' lang='grc' dir='ltr'><strong>τὴν</strong></span> 
     </span>
    </p>
   </div>
   <div class='ocr_carea' id='block_1_16' title="bbox 385 1653 1961 1726">
    <p class='ocr_par' dir='ltr' id='par_1_16' title="bbox 385 1653 1961 1726">
     <span class='ocr_line' id='line_1_16' title="bbox 385 1653 1961 1726; baseline 0 -20"><span class='ocrx_word' id='word_1_112' title='bbox 385 1654 552 1723; x_wconf 72' lang='grc' dir='ltr'><strong>ἁψῖδα</strong></span> <span class='ocrx_word' id='word_1_113' title='bbox 579 1653 747 1723; x_wconf 89' lang='grc' dir='ltr'><strong>ἀνέϐη</strong></span> <span class='ocrx_word' id='word_1_114' title='bbox 775 1654 877 1725; x_wconf 85' lang='grc' dir='ltr'><strong>τῆς</strong></span> <span class='ocrx_word' id='word_1_115' title='bbox 911 1655 1136 1726; x_wconf 82' lang='grc' dir='ltr'><strong>ἀρετῆς.</strong></span> <span class='ocrx_word' id='word_1_116' title='bbox 1184 1655 1387 1726; x_wconf 73' lang='grc' dir='ltr'><strong>Μηδεὶς</strong></span> <span class='ocrx_word' id='word_1_117' title='bbox 1418 1654 1961 1724; x_wconf 80' lang='grc' dir='ltr'><strong>τοίνυν,’ἀγαπητοὶ,</strong></span> 
     </span>
    </p>
   </div>
   <div class='ocr_carea' id='block_1_17' title="bbox 383 1737 1971 1812">
    <p class='ocr_par' dir='ltr' id='par_1_17' title="bbox 383 1737 1971 1812">
     <span class='ocr_line' id='line_1_17' title="bbox 383 1737 1971 1812; baseline -0.002 -19"><span class='ocrx_word' id='word_1_118' title='bbox 383 1739 812 1806; x_wconf 81' lang='grc' dir='ltr'><strong>ἀπογινωσκέτω</strong></span> <span class='ocrx_word' id='word_1_119' title='bbox 824 1740 923 1810; x_wconf 85' lang='grc' dir='ltr'><strong>τῆς</strong></span> <span class='ocrx_word' id='word_1_120' title='bbox 944 1739 1139 1793; x_wconf 87' lang='grc' dir='ltr'><strong>ἐαυτοῦ</strong></span> <span class='ocrx_word' id='word_1_121' title='bbox 1166 1740 1464 1812; x_wconf 89' lang='grc' dir='ltr'><strong>σωτηρίας.</strong></span> <span class='ocrx_word' id='word_1_122' title='bbox 1488 1740 1604 1793; x_wconf 83' lang='grc' dir='ltr'><strong>Οὐκ</strong></span> <span class='ocrx_word' id='word_1_123' title='bbox 1625 1739 1739 1792; x_wconf 77' lang='grc' dir='ltr'><strong>ἔστι</strong></span> <span class='ocrx_word' id='word_1_124' title='bbox 1754 1737 1971 1807; x_wconf 85' lang='grc' dir='ltr'><strong>φύσεως</strong></span> 
     </span>
    </p>
   </div>
   <div class='ocr_carea' id='block_1_18' title="bbox 384 1811 1973 1895">
    <p class='ocr_par' dir='ltr' id='par_1_18' title="bbox 384 1811 1973 1895">
     <span class='ocr_line' id='line_1_18' title="bbox 384 1811 1973 1895; baseline -0.001 -21"><span class='ocrx_word' id='word_1_125' title='bbox 384 1821 459 1874; x_wconf 83' lang='grc' dir='ltr'><strong>τὰ</strong></span> <span class='ocrx_word' id='word_1_126' title='bbox 484 1822 585 1891; x_wconf 83' lang='grc' dir='ltr'><strong>τῆς</strong></span> <span class='ocrx_word' id='word_1_127' title='bbox 616 1822 880 1892; x_wconf 77' lang='grc' dir='ltr'><strong>πονηρίας</strong></span> <span class='ocrx_word' id='word_1_128' title='bbox 899 1840 913 1853; x_wconf 90' lang='grc'><strong>·</strong></span> <span class='ocrx_word' id='word_1_129' title='bbox 938 1811 1466 1895; x_wconf 83' lang='grc' dir='ltr'><strong>προαίρέσειτετιμή</strong></span> <span class='ocrx_word' id='word_1_130' title='bbox 1477 1823 1616 1893; x_wconf 87' lang='grc' dir='ltr'><strong>μεθα</strong></span> <span class='ocrx_word' id='word_1_131' title='bbox 1638 1822 1733 1875; x_wconf 82' lang='grc' dir='ltr'><strong>καὶ</strong></span> <span class='ocrx_word' id='word_1_132' title='bbox 1758 1819 1973 1873; x_wconf 86' lang='grc' dir='ltr'><strong>ἐλευθε-</strong></span> 
     </span>
    </p>
   </div>
   <div class='ocr_carea' id='block_1_19' title="bbox 390 1903 1969 1977">
    <p class='ocr_par' dir='ltr' id='par_1_19' title="bbox 390 1903 1969 1977">
     <span class='ocr_line' id='line_1_19' title="bbox 390 1903 1969 1977; baseline -0.002 -17"><span class='ocrx_word' id='word_1_133' title='bbox 390 1905 509 1977; x_wconf 76' lang='grc' dir='ltr'><strong>ρίᾳ.</strong></span> <span class='ocrx_word' id='word_1_134' title='bbox 537 1904 788 1975; x_wconf 88' lang='grc' dir='ltr'><strong>Τελώνης</strong></span> <span class='ocrx_word' id='word_1_135' title='bbox 832 1903 918 1972; x_wconf 74' lang='lat' dir='ltr'><strong>el;</strong></span> <span class='ocrx_word' id='word_1_136' title='bbox 972 1908 1208 1963; x_wconf 88' lang='grc' dir='ltr'><strong>Δύνασαι</strong></span> <span class='ocrx_word' id='word_1_137' title='bbox 1254 1907 1509 1976; x_wconf 85' lang='grc' dir='ltr'><strong>γενέσθαι</strong></span> <span class='ocrx_word' id='word_1_138' title='bbox 1555 1904 1969 1974; x_wconf 81' lang='grc' dir='ltr'><strong>εὐαγγελιστὴς.</strong></span> 
     </span>
    </p>
   </div>
   <div class='ocr_carea' id='block_1_20' title="bbox 390 1987 1973 2061">
    <p class='ocr_par' dir='ltr' id='par_1_20' title="bbox 390 1987 1973 2061">
     <span class='ocr_line' id='line_1_20' title="bbox 390 1987 1973 2061; baseline -0.001 -19"><span class='ocrx_word' id='word_1_139' title='bbox 390 1990 720 2061; x_wconf 84' lang='grc' dir='ltr'><strong>Βλάσφημος</strong></span> <span class='ocrx_word' id='word_1_140' title='bbox 752 1987 836 2056; x_wconf 57' lang='lat' dir='ltr'><strong>ei;</strong></span> <span class='ocrx_word' id='word_1_141' title='bbox 864 1990 1098 2046; x_wconf 89' lang='grc' dir='ltr'><strong>Δύνασαι</strong></span> <span class='ocrx_word' id='word_1_142' title='bbox 1123 1992 1378 2061; x_wconf 88' lang='grc' dir='ltr'><strong>γενέσθαι</strong></span> <span class='ocrx_word' id='word_1_143' title='bbox 1410 1989 1726 2055; x_wconf 88' lang='grc' dir='ltr'><strong>ἀπόστολος.</strong></span> <span class='ocrx_word' id='word_1_144' title='bbox 1756 1987 1973 2059; x_wconf 81' lang='grc' dir='ltr'><strong>Λῃστὴς</strong></span> 
     </span>
    </p>
   </div>
   <div class='ocr_carea' id='block_1_21' title="bbox 388 2069 1974 2148">
    <p class='ocr_par' dir='ltr' id='par_1_21' title="bbox 388 2069 1974 2148">
     <span class='ocr_line' id='line_1_21' title="bbox 388 2069 1974 2148; baseline -0.001 -22"><span class='ocrx_word' id='word_1_145' title='bbox 388 2069 443 2127; x_wconf 82' lang='grc' dir='ltr'><strong>εἰ</strong></span> <span class='ocrx_word' id='word_1_146' title='bbox 463 2091 480 2138; x_wconf 87' lang='grc'>;</span> <span class='ocrx_word' id='word_1_147' title='bbox 502 2074 739 2129; x_wconf 83' lang='grc' dir='ltr'><strong>Δύνασαι</strong></span> <span class='ocrx_word' id='word_1_148' title='bbox 766 2076 1098 2148; x_wconf 78' lang='grc' dir='ltr'><strong>παράδεισον</strong></span> <span class='ocrx_word' id='word_1_149' title='bbox 1126 2076 1379 2147; x_wconf 85' lang='grc' dir='ltr'><strong>συλῆσαι.</strong></span> <span class='ocrx_word' id='word_1_150' title='bbox 1415 2076 1604 2143; x_wconf 88' lang='grc' dir='ltr'><strong>Μάγος</strong></span> <span class='ocrx_word' id='word_1_151' title='bbox 1625 2070 1708 2141; x_wconf 71' lang='lat' dir='ltr'><strong>sl;</strong></span> <span class='ocrx_word' id='word_1_152' title='bbox 1736 2074 1974 2126; x_wconf 84' lang='grc' dir='ltr'><strong>Δύνασαι</strong></span> 
     </span>
    </p>
   </div>
   <div class='ocr_carea' id='block_1_22' title="bbox 389 2155 1976 2231">
    <p class='ocr_par' dir='ltr' id='par_1_22' title="bbox 389 2155 1976 2231">
     <span class='ocr_line' id='line_1_22' title="bbox 389 2155 1976 2231; baseline -0.003 -20"><span class='ocrx_word' id='word_1_153' title='bbox 389 2158 767 2230; x_wconf 85' lang='grc' dir='ltr'><strong>προσκυνῆσαι</strong></span> <span class='ocrx_word' id='word_1_154' title='bbox 804 2159 895 2212; x_wconf 88' lang='grc' dir='ltr'><strong>τὸν</strong></span> <span class='ocrx_word' id='word_1_155' title='bbox 925 2158 1224 2231; x_wconf 88' lang='grc' dir='ltr'><strong>Δεσπότην.</strong></span> <span class='ocrx_word' id='word_1_156' title='bbox 1250 2159 1364 2213; x_wconf 84' lang='grc' dir='ltr'><strong>Οὐκ</strong></span> <span class='ocrx_word' id='word_1_157' title='bbox 1382 2156 1533 2211; x_wconf 73' lang='grc' dir='ltr'><strong>ἐστιν</strong></span> <span class='ocrx_word' id='word_1_158' title='bbox 1558 2157 1783 2227; x_wconf 79' lang='grc' dir='ltr'><strong>οὐδεμία</strong></span> <span class='ocrx_word' id='word_1_159' title='bbox 1808 2155 1976 2209; x_wconf 83' lang='grc' dir='ltr'><strong>κακία</strong></span> 
     </span>
    </p>
   </div>
   <div class='ocr_carea' id='block_1_23' title="bbox 395 2239 1977 2313">
    <p class='ocr_par' dir='ltr' id='par_1_23' title="bbox 395 2239 1977 2313">
     <span class='ocr_line' id='line_1_23' title="bbox 395 2239 1977 2313; baseline -0.001 -20"><span class='ocrx_word' id='word_1_160' title='bbox 395 2241 667 2312; x_wconf 72' lang='grc' dir='ltr'><strong>μετανοίᾳ</strong></span> <span class='ocrx_word' id='word_1_161' title='bbox 711 2242 785 2313; x_wconf 84' lang='grc' dir='ltr'><strong>μὴ</strong></span> <span class='ocrx_word' id='word_1_162' title='bbox 812 2241 1069 2313; x_wconf 86' lang='grc' dir='ltr'><strong>λυομένη.</strong></span> <span class='ocrx_word' id='word_1_163' title='bbox 1099 2243 1198 2295; x_wconf 80' lang='grc' dir='ltr'><strong>Διά</strong></span> <span class='ocrx_word' id='word_1_164' title='bbox 1248 2240 1409 2294; x_wconf 86' lang='grc' dir='ltr'><strong>τοῦτο</strong></span> <span class='ocrx_word' id='word_1_165' title='bbox 1452 2240 1523 2294; x_wconf 83' lang='grc' dir='ltr'><strong>τά</strong></span> <span class='ocrx_word' id='word_1_166' title='bbox 1554 2239 1843 2311; x_wconf 78' lang='grc' dir='ltr'><strong>ἀκροθίνια</strong></span> <span class='ocrx_word' id='word_1_167' title='bbox 1878 2239 1977 2309; x_wconf 81' lang='grc' dir='ltr'><strong>τῆς</strong></span> 
     </span>
    </p>
   </div>
   <div class='ocr_carea' id='block_1_24' title="bbox 394 2321 1980 2397">
    <p class='ocr_par' dir='ltr' id='par_1_24' title="bbox 394 2321 1980 2397">
     <span class='ocr_line' id='line_1_24' title="bbox 394 2321 1980 2397; baseline -0.001 -20"><span class='ocrx_word' id='word_1_168' title='bbox 394 2323 663 2397; x_wconf 81' lang='grc' dir='ltr'><strong>πονηρίας</strong></span> <span class='ocrx_word' id='word_1_169' title='bbox 702 2324 984 2390; x_wconf 78' lang='grc' dir='ltr'><strong>ἐξελέξατο</strong></span> <span class='ocrx_word' id='word_1_170' title='bbox 1026 2326 1056 2378; x_wconf 88' lang='grc' dir='ltr'><strong>ό</strong></span> <span class='ocrx_word' id='word_1_171' title='bbox 1106 2324 1362 2395; x_wconf 91' lang='grc' dir='ltr'><strong>Χριστὸς,</strong></span> <span class='ocrx_word' id='word_1_172' title='bbox 1397 2323 1487 2378; x_wconf 80' lang='grc' dir='ltr'><strong>ἶνα</strong></span> <span class='ocrx_word' id='word_1_173' title='bbox 1523 2323 1715 2396; x_wconf 77' lang='grc' dir='ltr'><strong>μηδεὶς</strong></span> <span class='ocrx_word' id='word_1_174' title='bbox 1751 2321 1890 2394; x_wconf 88' lang='grc' dir='ltr'><strong>πρὸς</strong></span> <span class='ocrx_word' id='word_1_175' title='bbox 1917 2322 1980 2377; x_wconf 91' lang='grc' dir='ltr'><strong>τὸ</strong></span> 
     </span>
    </p>
   </div>
   <div class='ocr_carea' id='block_1_25' title="bbox 394 2407 1042 2479">
    <p class='ocr_par' dir='ltr' id='par_1_25' title="bbox 394 2407 1042 2479">
     <span class='ocr_line' id='line_1_25' title="bbox 394 2407 1042 2479; baseline 0.005 -18"><span class='ocrx_word' id='word_1_176' title='bbox 394 2407 549 2471; x_wconf 80' lang='grc' dir='ltr'><strong>τέλος</strong></span> <span class='ocrx_word' id='word_1_177' title='bbox 579 2409 878 2478; x_wconf 81' lang='grc' dir='ltr'><strong>ἀποφυγεῖν</strong></span> <span class='ocrx_word' id='word_1_178' title='bbox 909 2408 1042 2479; x_wconf 80' lang='grc' dir='ltr'><strong>ἔχοι.</strong></span> 
     </span>
    </p>
   </div>
   <div class='ocr_carea' id='block_1_26' title="bbox 467 2508 1979 2581">
    <p class='ocr_par' dir='ltr' id='par_1_26' title="bbox 467 2508 1979 2581">
     <span class='ocr_line' id='line_1_26' title="bbox 467 2508 1979 2581; baseline -0.001 -17"><span class='ocrx_word' id='word_1_179' title='bbox 467 2514 539 2578; x_wconf 80' lang='grc' dir='ltr'><strong>γ’.</strong></span> <span class='ocrx_word' id='word_1_180' title='bbox 557 2510 649 2581; x_wconf 86' lang='grc' dir='ltr'><strong>Μή</strong></span> <span class='ocrx_word' id='word_1_181' title='bbox 678 2508 928 2581; x_wconf 89' lang='grc' dir='ltr'><strong>μοιλέγε,</strong></span> <span class='ocrx_word' id='word_1_182' title='bbox 971 2509 1320 2581; x_wconf 82' lang='grc' dir='ltr'><strong>Ἀπωλόμην,</strong></span> <span class='ocrx_word' id='word_1_183' title='bbox 1351 2509 1446 2563; x_wconf 74' lang='grc' dir='ltr'><strong>καὶ</strong></span> <span class='ocrx_word' id='word_1_184' title='bbox 1465 2509 1519 2561; x_wconf 89' lang='grc' dir='ltr'><strong>τί</strong></span> <span class='ocrx_word' id='word_1_185' title='bbox 1551 2509 1769 2575; x_wconf 87' lang='grc' dir='ltr'><strong>λοιπόν;</strong></span> <span class='ocrx_word' id='word_1_186' title='bbox 1793 2508 1866 2580; x_wconf 89' lang='grc' dir='ltr'><strong>μή</strong></span> <span class='ocrx_word' id='word_1_187' title='bbox 1888 2525 1979 2579; x_wconf 91' lang='grc' dir='ltr'><strong>μοι</strong></span> 
     </span>
    </p>
   </div>
   <div class='ocr_carea' id='block_1_27' title="bbox 396 2591 1982 2666">
    <p class='ocr_par' dir='ltr' id='par_1_27' title="bbox 396 2591 1982 2666">
     <span class='ocr_line' id='line_1_27' title="bbox 396 2591 1982 2666; baseline 0 -22"><span class='ocrx_word' id='word_1_188' title='bbox 396 2591 548 2661; x_wconf 83' lang='grc' dir='ltr'><strong>λέγε,</strong></span> <span class='ocrx_word' id='word_1_189' title='bbox 584 2592 930 2665; x_wconf 87' lang='grc' dir='ltr'><strong>Ἦμάρτηκα,</strong></span> <span class='ocrx_word' id='word_1_190' title='bbox 961 2595 1057 2647; x_wconf 76' lang='grc' dir='ltr'><strong>καὶ</strong></span> <span class='ocrx_word' id='word_1_191' title='bbox 1078 2592 1131 2646; x_wconf 90' lang='grc' dir='ltr'><strong>τί</strong></span> <span class='ocrx_word' id='word_1_192' title='bbox 1158 2595 1405 2666; x_wconf 89' lang='grc' dir='ltr'><strong>ποιήσω;</strong></span> <span class='ocrx_word' id='word_1_193' title='bbox 1443 2593 1648 2666; x_wconf 76' lang='grc' dir='ltr'><strong>’ἰατρὸν</strong></span> <span class='ocrx_word' id='word_1_194' title='bbox 1668 2592 1810 2662; x_wconf 79' lang='grc' dir='ltr'><strong>έχεις</strong></span> <span class='ocrx_word' id='word_1_195' title='bbox 1839 2591 1982 2645; x_wconf 82' lang='grc' dir='ltr'><strong>ἀνώ-</strong></span> 
     </span>
    </p>
   </div>
   <div class='ocr_carea' id='block_1_28' title="bbox 400 2676 1979 2751">
    <p class='ocr_par' dir='ltr' id='par_1_28' title="bbox 400 2676 1979 2751">
     <span class='ocr_line' id='line_1_28' title="bbox 400 2676 1979 2751; baseline -0.001 -21"><span class='ocrx_word' id='word_1_196' title='bbox 400 2693 559 2749; x_wconf 89' lang='grc' dir='ltr'><strong>τερον</strong></span> <span class='ocrx_word' id='word_1_197' title='bbox 584 2677 685 2748; x_wconf 77' lang='grc' dir='ltr'><strong>τῆς</strong></span> <span class='ocrx_word' id='word_1_198' title='bbox 718 2678 1049 2751; x_wconf 76' lang='grc' dir='ltr'><strong>ἀρρωστίας,</strong></span> <span class='ocrx_word' id='word_1_199' title='bbox 1102 2678 1285 2750; x_wconf 85' lang='grc' dir='ltr'><strong>ἰατρὸν</strong></span> <span class='ocrx_word' id='word_1_200' title='bbox 1310 2678 1455 2749; x_wconf 77' lang='grc' dir='ltr'><strong>ἔχεις</strong></span> <span class='ocrx_word' id='word_1_201' title='bbox 1497 2679 1733 2732; x_wconf 85' lang='grc' dir='ltr'><strong>νικῶντα</strong></span> <span class='ocrx_word' id='word_1_202' title='bbox 1764 2676 1856 2729; x_wconf 88' lang='grc' dir='ltr'><strong>τοῦ</strong></span> <span class='ocrx_word' id='word_1_203' title='bbox 1889 2693 1979 2729; x_wconf 80' lang='grc' dir='ltr'><strong>νο-</strong></span> 
     </span>
    </p>
   </div>
   <div class='ocr_carea' id='block_1_29' title="bbox 405 2760 1980 2834">
    <p class='ocr_par' dir='ltr' id='par_1_29' title="bbox 405 2760 1980 2834">
     <span class='ocr_line' id='line_1_29' title="bbox 405 2760 1980 2834; baseline 0.001 -22"><span class='ocrx_word' id='word_1_204' title='bbox 405 2761 474 2830; x_wconf 89' lang='grc' dir='ltr'><strong>σή</strong></span> <span class='ocrx_word' id='word_1_205' title='bbox 484 2776 650 2831; x_wconf 84' lang='grc' dir='ltr'><strong>ματος</strong></span> <span class='ocrx_word' id='word_1_206' title='bbox 665 2760 764 2832; x_wconf 78' lang='grc' dir='ltr'><strong>τὴν</strong></span> <span class='ocrx_word' id='word_1_207' title='bbox 782 2760 962 2830; x_wconf 85' lang='grc' dir='ltr'><strong>φύσιν,</strong></span> <span class='ocrx_word' id='word_1_208' title='bbox 980 2761 1163 2832; x_wconf 85' lang='grc' dir='ltr'><strong>ἰατρὸν</strong></span> <span class='ocrx_word' id='word_1_209' title='bbox 1178 2761 1323 2832; x_wconf 77' lang='grc' dir='ltr'><strong>ἔχεις</strong></span> <span class='ocrx_word' id='word_1_210' title='bbox 1340 2762 1570 2833; x_wconf 86' lang='grc' dir='ltr'><strong>νεύματι</strong></span> <span class='ocrx_word' id='word_1_211' title='bbox 1588 2760 1980 2834; x_wconf 86' lang='grc' dir='ltr'><strong>θεραπεύοντα,</strong></span> 
     </span>
    </p>
   </div>
   <div class='ocr_carea' id='block_1_30' title="bbox 402 2843 1984 2917">
    <p class='ocr_par' dir='ltr' id='par_1_30' title="bbox 402 2843 1984 2917">
     <span class='ocr_line' id='line_1_30' title="bbox 402 2843 1984 2917; baseline -0.001 -19"><span class='ocrx_word' id='word_1_212' title='bbox 402 2843 590 2915; x_wconf 68' lang='grc' dir='ltr'><strong>ἰατρὸν</strong></span> <span class='ocrx_word' id='word_1_213' title='bbox 612 2843 756 2913; x_wconf 74' lang='grc' dir='ltr'><strong>ἔχεις</strong></span> <span class='ocrx_word' id='word_1_214' title='bbox 796 2844 1467 2917; x_wconf 83' lang='grc' dir='ltr'><strong>θελήματι-διορθούμενον</strong></span> <span class='ocrx_word' id='word_1_215' title='bbox 1490 2858 1539 2911; x_wconf 74' lang='grc' dir='ltr'><strong>ει,</strong></span> <span class='ocrx_word' id='word_1_216' title='bbox 1567 2845 1662 2899; x_wconf 68' lang='grc' dir='ltr'><strong>καὶ</strong></span> <span class='ocrx_word' id='word_1_217' title='bbox 1689 2845 1984 2914; x_wconf 85' lang='grc' dir='ltr'><strong>δυνάμενον</strong></span> 
     </span>
    </p>
   </div>
   <div class='ocr_carea' id='block_1_31' title="bbox 404 2924 1986 3000">
    <p class='ocr_par' dir='ltr' id='par_1_31' title="bbox 404 2924 1986 3000">
     <span class='ocr_line' id='line_1_31' title="bbox 404 2924 1986 3000; baseline -0.001 -20"><span class='ocrx_word' id='word_1_218' title='bbox 404 2925 505 2980; x_wconf 73' lang='grc' dir='ltr'><strong>καὶ</strong></span> <span class='ocrx_word' id='word_1_219' title='bbox 524 2924 866 2996; x_wconf 88' lang='grc' dir='ltr'><strong>βουλόμενον.</strong></span> <span class='ocrx_word' id='word_1_220' title='bbox 894 2928 1010 2981; x_wconf 82' lang='grc' dir='ltr'><strong>Ούκ</strong></span> <span class='ocrx_word' id='word_1_221' title='bbox 1024 2927 1151 2982; x_wconf 80' lang='grc' dir='ltr'><strong>ὄντα</strong></span> <span class='ocrx_word' id='word_1_222' title='bbox 1172 2946 1231 2981; x_wconf 87' lang='grc' dir='ltr'><strong>σε</strong></span> <span class='ocrx_word' id='word_1_223' title='bbox 1255 2931 1581 3000; x_wconf 84' lang='grc' dir='ltr'><strong>παρήγαγεν</strong></span> <span class='ocrx_word' id='word_1_224' title='bbox 1604 2943 1619 2959; x_wconf 92' lang='grc'><strong>·</strong></span> <span class='ocrx_word' id='word_1_225' title='bbox 1650 2928 1779 2981; x_wconf 77' lang='grc' dir='ltr'><strong>ὄντα</strong></span> <span class='ocrx_word' id='word_1_226' title='bbox 1809 2944 1869 2979; x_wconf 90' lang='grc' dir='ltr'><strong>σε</strong></span> <span class='ocrx_word' id='word_1_227' title='bbox 1890 2927 1986 2981; x_wconf 81' lang='grc' dir='ltr'><strong>καὶ</strong></span> 
     </span>
    </p>
   </div>
   <div class='ocr_carea' id='block_1_32' title="bbox 400 3010 1980 3083">
    <p class='ocr_par' dir='ltr' id='par_1_32' title="bbox 400 3010 1980 3083">
     <span class='ocr_line' id='line_1_32' title="bbox 400 3010 1980 3083; baseline 0.002 -20"><span class='ocrx_word' id='word_1_228' title='bbox 400 3010 807 3081; x_wconf 83' lang='grc' dir='ltr'><strong>διαστραφέντα</strong></span> <span class='ocrx_word' id='word_1_229' title='bbox 862 3011 1041 3083; x_wconf 88' lang='grc' dir='ltr'><strong>πολλῷ</strong></span> <span class='ocrx_word' id='word_1_230' title='bbox 1091 3013 1291 3083; x_wconf 81' lang='grc' dir='ltr'><strong>μᾶλλον</strong></span> <span class='ocrx_word' id='word_1_231' title='bbox 1341 3014 1633 3083; x_wconf 83' lang='grc' dir='ltr'><strong>διορθῶσαι</strong></span> <span class='ocrx_word' id='word_1_232' title='bbox 1673 3014 1980 3083; x_wconf 82' lang='grc' dir='ltr'><strong>δονήσεται.</strong></span> 
     </span>
    </p>
   </div>
   <div class='ocr_carea' id='block_1_33' title="bbox 406 3091 1984 3169">
    <p class='ocr_par' dir='ltr' id='par_1_33' title="bbox 406 3091 1984 3169">
     <span class='ocr_line' id='line_1_33' title="bbox 406 3091 1984 3169; baseline 0.001 -22"><span class='ocrx_word' id='word_1_233' title='bbox 406 3091 562 3165; x_wconf 72' lang='grc'><strong>[455]</strong></span> <span class='ocrx_word' id='word_1_234' title='bbox 577 3095 691 3147; x_wconf 82' lang='grc' dir='ltr'><strong>Οὐκ</strong></span> <span class='ocrx_word' id='word_1_235' title='bbox 710 3094 949 3166; x_wconf 88' lang='grc' dir='ltr'><strong>ἡκουσας</strong></span> <span class='ocrx_word' id='word_1_236' title='bbox 963 3095 1039 3157; x_wconf 85' lang='grc' dir='ltr'><strong>ώς</strong></span> <span class='ocrx_word' id='word_1_237' title='bbox 1064 3096 1124 3148; x_wconf 86' lang='grc' dir='ltr'><strong>τὸ</strong></span> <span class='ocrx_word' id='word_1_238' title='bbox 1139 3097 1404 3169; x_wconf 87' lang='grc' dir='ltr'><strong>πρότερον</strong></span> <span class='ocrx_word' id='word_1_239' title='bbox 1433 3096 1590 3150; x_wconf 75' lang='grc' dir='ltr'><strong>ἔλαϐε</strong></span> <span class='ocrx_word' id='word_1_240' title='bbox 1608 3095 1733 3167; x_wconf 90' lang='grc' dir='ltr'><strong>χοῦν</strong></span> <span class='ocrx_word' id='word_1_241' title='bbox 1755 3095 1865 3149; x_wconf 88' lang='grc' dir='ltr'><strong>ἀπὸ</strong></span> <span class='ocrx_word' id='word_1_242' title='bbox 1887 3095 1984 3166; x_wconf 81' lang='grc' dir='ltr'><strong>τῆς</strong></span> 
     </span>
    </p>
   </div>
   <div class='ocr_carea' id='block_1_34' title="bbox 407 3177 1988 3252">
    <p class='ocr_par' dir='ltr' id='par_1_34' title="bbox 407 3177 1988 3252">
     <span class='ocr_line' id='line_1_34' title="bbox 407 3177 1988 3252; baseline -0.001 -20"><span class='ocrx_word' id='word_1_243' title='bbox 407 3177 532 3248; x_wconf 85' lang='grc' dir='ltr'><strong>γῆς,</strong></span> <span class='ocrx_word' id='word_1_244' title='bbox 559 3179 652 3231; x_wconf 79' lang='grc' dir='ltr'><strong>καὶ</strong></span> <span class='ocrx_word' id='word_1_245' title='bbox 675 3177 879 3233; x_wconf 76' lang='grc' dir='ltr'><strong>ἔπλασε</strong></span> <span class='ocrx_word' id='word_1_246' title='bbox 923 3179 1014 3233; x_wconf 87' lang='grc' dir='ltr'><strong>τὸν</strong></span> <span class='ocrx_word' id='word_1_247' title='bbox 1039 3179 1361 3252; x_wconf 78' lang='grc' dir='ltr'><strong>ἄνθρωπον;</strong></span> <span class='ocrx_word' id='word_1_248' title='bbox 1393 3181 1513 3245; x_wconf 87' lang='grc' dir='ltr'><strong>πῶς</strong></span> <span class='ocrx_word' id='word_1_249' title='bbox 1541 3181 1640 3251; x_wconf 88' lang='grc' dir='ltr'><strong>τὴν</strong></span> <span class='ocrx_word' id='word_1_250' title='bbox 1673 3180 1776 3250; x_wconf 82' lang='grc' dir='ltr'><strong>γῆν</strong></span> <span class='ocrx_word' id='word_1_251' title='bbox 1809 3180 1988 3251; x_wconf 80' lang='grc' dir='ltr'><strong>σάρκα</strong></span> 
     </span>
    </p>
   </div>
   <div class='ocr_carea' id='block_1_35' title="bbox 402 3260 1989 3337">
    <p class='ocr_par' dir='ltr' id='par_1_35' title="bbox 402 3260 1989 3337">
     <span class='ocr_line' id='line_1_35' title="bbox 402 3260 1989 3337; baseline 0.001 -25"><span class='ocrx_word' id='word_1_252' title='bbox 402 3260 664 3331; x_wconf 79' lang='grc' dir='ltr'><strong>ἐποίησες</strong></span> <span class='ocrx_word' id='word_1_253' title='bbox 700 3260 819 3326; x_wconf 91' lang='grc' dir='ltr'><strong>πῶς</strong></span> <span class='ocrx_word' id='word_1_254' title='bbox 842 3260 1049 3333; x_wconf 83' lang='grc' dir='ltr'><strong>νεῦρα;</strong></span> <span class='ocrx_word' id='word_1_255' title='bbox 1087 3262 1203 3327; x_wconf 90' lang='grc' dir='ltr'><strong>πῶς</strong></span> <span class='ocrx_word' id='word_1_256' title='bbox 1232 3263 1427 3331; x_wconf 87' lang='grc' dir='ltr'><strong>ὀστέα;</strong></span> <span class='ocrx_word' id='word_1_257' title='bbox 1468 3262 1586 3326; x_wconf 87' lang='grc' dir='ltr'><strong>πῶς</strong></span> <span class='ocrx_word' id='word_1_258' title='bbox 1630 3262 1839 3337; x_wconf 87' lang='grc' dir='ltr'><strong>δέρμα;</strong></span> <span class='ocrx_word' id='word_1_259' title='bbox 1870 3261 1989 3325; x_wconf 89' lang='grc' dir='ltr'><strong>πῶς</strong></span> 
     </span>
    </p>
   </div>
   <div class='ocr_carea' id='block_1_36' title="bbox 404 3342 1988 3419">
    <p class='ocr_par' dir='ltr' id='par_1_36' title="bbox 404 3342 1988 3419">
     <span class='ocr_line' id='line_1_36' title="bbox 404 3342 1988 3419; baseline 0.001 -23"><span class='ocrx_word' id='word_1_260' title='bbox 404 3342 651 3411; x_wconf 82' lang='grc' dir='ltr'><strong>φλέϐαςς</strong></span> <span class='ocrx_word' id='word_1_261' title='bbox 681 3343 799 3408; x_wconf 87' lang='grc' dir='ltr'><strong>πῶς</strong></span> <span class='ocrx_word' id='word_1_262' title='bbox 830 3347 982 3415; x_wconf 58' lang='lat' dir='ltr'><strong><em>(Slva;</em></strong></span> <span class='ocrx_word' id='word_1_263' title='bbox 1014 3345 1131 3410; x_wconf 90' lang='grc' dir='ltr'><strong>πῶς</strong></span> <span class='ocrx_word' id='word_1_264' title='bbox 1177 3346 1520 3419; x_wconf 85' lang='grc' dir='ltr'><strong>ὀφθαλμούς;</strong></span> <span class='ocrx_word' id='word_1_265' title='bbox 1553 3346 1670 3410; x_wconf 87' lang='grc' dir='ltr'><strong>πῶς</strong></span> <span class='ocrx_word' id='word_1_266' title='bbox 1702 3346 1988 3416; x_wconf 85' lang='grc' dir='ltr'><strong>βλέφαρα;</strong></span> 
     </span>
    </p>
   </div>
   <div class='ocr_carea' id='block_1_37' title="bbox 403 3426 1987 3500">
    <p class='ocr_par' dir='ltr' id='par_1_37' title="bbox 403 3426 1987 3500">
     <span class='ocr_line' id='line_1_37' title="bbox 403 3426 1987 3500; baseline 0.001 -21"><span class='ocrx_word' id='word_1_267' title='bbox 403 3426 534 3491; x_wconf 74' lang='grc' dir='ltr'><strong>πῶς</strong></span> <span class='ocrx_word' id='word_1_268' title='bbox 554 3426 758 3497; x_wconf 83' lang='grc' dir='ltr'><strong>όφρύν;</strong></span> <span class='ocrx_word' id='word_1_269' title='bbox 778 3429 896 3493; x_wconf 90' lang='grc' dir='ltr'><strong>πῶς</strong></span> <span class='ocrx_word' id='word_1_270' title='bbox 919 3430 1193 3499; x_wconf 88' lang='grc' dir='ltr'><strong>γλῶτταν;</strong></span> <span class='ocrx_word' id='word_1_271' title='bbox 1213 3431 1333 3494; x_wconf 88' lang='grc' dir='ltr'><strong>πῶς</strong></span> <span class='ocrx_word' id='word_1_272' title='bbox 1358 3431 1583 3500; x_wconf 90' lang='grc' dir='ltr'><strong>θώρακα</strong></span> <span class='ocrx_word' id='word_1_273' title='bbox 1603 3447 1619 3495; x_wconf 89' lang='grc'>;</span> <span class='ocrx_word' id='word_1_274' title='bbox 1638 3430 1756 3493; x_wconf 89' lang='grc' dir='ltr'><strong>πῶς</strong></span> <span class='ocrx_word' id='word_1_275' title='bbox 1779 3432 1987 3499; x_wconf 77' lang='grc' dir='ltr'><strong>χεῖραςς</strong></span> 
     </span>
    </p>
   </div>
   <div class='ocr_carea' id='block_1_38' title="bbox 407 3509 1993 3584">
    <p class='ocr_par' dir='ltr' id='par_1_38' title="bbox 407 3509 1993 3584">
     <span class='ocr_line' id='line_1_38' title="bbox 407 3509 1993 3584; baseline 0 -20"><span class='ocrx_word' id='word_1_276' title='bbox 407 3509 533 3573; x_wconf 78' lang='grc' dir='ltr'><strong>πῶς</strong></span> <span class='ocrx_word' id='word_1_277' title='bbox 564 3510 763 3577; x_wconf 74' lang='lat' dir='ltr'><strong>7:66a;;</strong></span> <span class='ocrx_word' id='word_1_278' title='bbox 791 3512 907 3576; x_wconf 88' lang='grc' dir='ltr'><strong>πῶς</strong></span> <span class='ocrx_word' id='word_1_279' title='bbox 938 3512 1007 3567; x_wconf 87' lang='grc' dir='ltr'><strong>τὰ</strong></span> <span class='ocrx_word' id='word_1_280' title='bbox 1034 3513 1171 3567; x_wconf 76' lang='grc' dir='ltr'><strong>ἄλλα</strong></span> <span class='ocrx_word' id='word_1_281' title='bbox 1206 3515 1422 3580; x_wconf 88' lang='grc' dir='ltr'><strong>πάντα;</strong></span> <span class='ocrx_word' id='word_1_282' title='bbox 1458 3514 1534 3584; x_wconf 85' lang='grc' dir='ltr'><strong>Γῆ</strong></span> <span class='ocrx_word' id='word_1_283' title='bbox 1566 3509 1635 3584; x_wconf 84' lang='grc' dir='ltr'><strong>ἦν</strong></span> <span class='ocrx_word' id='word_1_284' title='bbox 1659 3513 1722 3566; x_wconf 89' lang='grc' dir='ltr'><strong>τὸ</strong></span> <span class='ocrx_word' id='word_1_285' title='bbox 1771 3511 1993 3567; x_wconf 86' lang='grc' dir='ltr'><strong>ὑποκεί-</strong></span> 
     </span>
    </p>
   </div>
   <div class='ocr_carea' id='block_1_39' title="bbox 408 3594 1990 3668">
    <p class='ocr_par' dir='ltr' id='par_1_39' title="bbox 408 3594 1990 3668">
     <span class='ocr_line' id='line_1_39' title="bbox 408 3594 1990 3668; baseline 0.003 -23"><span class='ocrx_word' id='word_1_286' title='bbox 408 3610 600 3664; x_wconf 78' lang='grc' dir='ltr'><strong>μενον,</strong></span> <span class='ocrx_word' id='word_1_287' title='bbox 624 3594 722 3665; x_wconf 88' lang='grc' dir='ltr'><strong>μία</strong></span> <span class='ocrx_word' id='word_1_288' title='bbox 753 3595 938 3649; x_wconf 77' lang='grc' dir='ltr'><strong>οὐσία·</strong></span> <span class='ocrx_word' id='word_1_289' title='bbox 964 3598 1058 3650; x_wconf 82' lang='grc' dir='ltr'><strong>καὶ</strong></span> <span class='ocrx_word' id='word_1_290' title='bbox 1076 3596 1323 3668; x_wconf 79' lang='grc' dir='ltr'><strong>εἰσῆλθεν</strong></span> <span class='ocrx_word' id='word_1_291' title='bbox 1346 3599 1379 3667; x_wconf 92' lang='grc' dir='ltr'><strong>ἡ</strong></span> <span class='ocrx_word' id='word_1_292' title='bbox 1404 3597 1589 3668; x_wconf 86' lang='grc' dir='ltr'><strong>τέχνη,</strong></span> <span class='ocrx_word' id='word_1_293' title='bbox 1628 3597 1722 3650; x_wconf 79' lang='grc' dir='ltr'><strong>καὶ</strong></span> <span class='ocrx_word' id='word_1_294' title='bbox 1739 3596 1990 3667; x_wconf 83' lang='grc' dir='ltr'><strong>ποικίλην</strong></span> 
     </span>
    </p>
   </div>
   <div class='ocr_carea' id='block_1_40' title="bbox 411 3676 1993 3752">
    <p class='ocr_par' dir='ltr' id='par_1_40' title="bbox 411 3676 1993 3752">
     <span class='ocr_line' id='line_1_40' title="bbox 411 3676 1993 3752; baseline 0.003 -23"><span class='ocrx_word' id='word_1_295' title='bbox 411 3676 712 3747; x_wconf 75' lang='grc' dir='ltr'><strong>εἰργάσατο</strong></span> <span class='ocrx_word' id='word_1_296' title='bbox 733 3679 835 3750; x_wconf 78' lang='grc' dir='ltr'><strong>τὴν</strong></span> <span class='ocrx_word' id='word_1_297' title='bbox 860 3679 1240 3752; x_wconf 89' lang='grc' dir='ltr'><strong>δημιουργίαν.</strong></span> <span class='ocrx_word' id='word_1_298' title='bbox 1284 3681 1377 3752; x_wconf 83' lang='grc' dir='ltr'><strong>Μὴ</strong></span> <span class='ocrx_word' id='word_1_299' title='bbox 1405 3680 1632 3733; x_wconf 89' lang='grc' dir='ltr'><strong>δύνασαι</strong></span> <span class='ocrx_word' id='word_1_300' title='bbox 1664 3680 1757 3733; x_wconf 88' lang='grc' dir='ltr'><strong>τὸν</strong></span> <span class='ocrx_word' id='word_1_301' title='bbox 1794 3680 1993 3750; x_wconf 79' lang='grc' dir='ltr'><strong>τρόπον</strong></span> 
     </span>
    </p>
   </div>
   <div class='ocr_carea' id='block_1_41' title="bbox 413 3760 1994 3836">
    <p class='ocr_par' dir='ltr' id='par_1_41' title="bbox 413 3760 1994 3836">
     <span class='ocr_line' id='line_1_41' title="bbox 413 3760 1994 3836; baseline 0.002 -25"><span class='ocrx_word' id='word_1_302' title='bbox 413 3760 592 3815; x_wconf 80' lang='grc' dir='ltr'><strong>εἰπεῖν</strong></span> <span class='ocrx_word' id='word_1_303' title='bbox 633 3760 757 3815; x_wconf 82' lang='grc' dir='ltr'><strong>καθ’</strong></span> <span class='ocrx_word' id='word_1_304' title='bbox 795 3762 963 3834; x_wconf 86' lang='grc' dir='ltr'><strong>ὅνπερ</strong></span> <span class='ocrx_word' id='word_1_305' title='bbox 1009 3762 1483 3836; x_wconf 76' lang='grc' dir='ltr'><strong>ἐδημιουργήθηςς</strong></span> <span class='ocrx_word' id='word_1_306' title='bbox 1518 3761 1705 3825; x_wconf 79' lang='grc' dir='ltr'><strong>Οὕτως</strong></span> <span class='ocrx_word' id='word_1_307' title='bbox 1748 3762 1870 3816; x_wconf 84' lang='grc' dir='ltr'><strong>οὐδὲ</strong></span> <span class='ocrx_word' id='word_1_308' title='bbox 1901 3762 1994 3815; x_wconf 90' lang='grc' dir='ltr'><strong>τὸν</strong></span> 
     </span>
    </p>
   </div>
   <div class='ocr_carea' id='block_1_42' title="bbox 415 3843 1995 3919">
    <p class='ocr_par' dir='ltr' id='par_1_42' title="bbox 415 3843 1995 3919">
     <span class='ocr_line' id='line_1_42' title="bbox 415 3843 1995 3919; baseline 0.004 -24"><span class='ocrx_word' id='word_1_309' title='bbox 415 3844 615 3913; x_wconf 84' lang='grc' dir='ltr'><strong>τρόπον</strong></span> <span class='ocrx_word' id='word_1_310' title='bbox 632 3843 855 3899; x_wconf 88' lang='grc' dir='ltr'><strong>δύνασαι</strong></span> <span class='ocrx_word' id='word_1_311' title='bbox 891 3847 1066 3900; x_wconf 84' lang='grc' dir='ltr'><strong>εἰπεῖν</strong></span> <span class='ocrx_word' id='word_1_312' title='bbox 1100 3846 1222 3901; x_wconf 83' lang='grc' dir='ltr'><strong>καθ’</strong></span> <span class='ocrx_word' id='word_1_313' title='bbox 1268 3846 1327 3899; x_wconf 83' lang='grc' dir='ltr'><strong>ὃν</strong></span> <span class='ocrx_word' id='word_1_314' title='bbox 1352 3847 1696 3919; x_wconf 86' lang='grc' dir='ltr'><strong>καθαιρεῐται</strong></span> <span class='ocrx_word' id='word_1_315' title='bbox 1723 3845 1793 3900; x_wconf 84' lang='grc' dir='ltr'><strong>τὰ</strong></span> <span class='ocrx_word' id='word_1_316' title='bbox 1812 3848 1995 3919; x_wconf 87' lang='grc' dir='ltr'><strong>ἀμαρ-</strong></span> 
     </span>
    </p>
   </div>
   <div class='ocr_carea' id='block_1_43' title="bbox 416 3927 1993 4002">
    <p class='ocr_par' dir='ltr' id='par_1_43' title="bbox 416 3927 1993 4002">
     <span class='ocr_line' id='line_1_43' title="bbox 416 3927 1993 4002; baseline 0.003 -23"><span class='ocrx_word' id='word_1_317' title='bbox 416 3927 658 3999; x_wconf 88' lang='grc' dir='ltr'><strong>τήματα.</strong></span> <span class='ocrx_word' id='word_1_318' title='bbox 689 3930 751 3983; x_wconf 87' lang='grc' dir='ltr'><strong>Εἰ</strong></span> <span class='ocrx_word' id='word_1_319' title='bbox 788 3931 900 4002; x_wconf 83' lang='grc' dir='ltr'><strong>γάρ</strong></span> <span class='ocrx_word' id='word_1_320' title='bbox 927 3930 989 3984; x_wconf 89' lang='grc' dir='ltr'><strong>τὸ</strong></span> <span class='ocrx_word' id='word_1_321' title='bbox 1021 3929 1132 4002; x_wconf 89' lang='grc' dir='ltr'><strong>πῦρ</strong></span> <span class='ocrx_word' id='word_1_322' title='bbox 1160 3932 1432 4002; x_wconf 83' lang='grc' dir='ltr'><strong>ἐμπῖπτον</strong></span> <span class='ocrx_word' id='word_1_323' title='bbox 1465 3932 1545 3994; x_wconf 90' lang='grc' dir='ltr'><strong>εἰς</strong></span> <span class='ocrx_word' id='word_1_324' title='bbox 1596 3929 1694 3992; x_wconf 78' lang='grc' dir='ltr'><strong>τὰς</strong></span> <span class='ocrx_word' id='word_1_325' title='bbox 1733 3929 1993 3997; x_wconf 84' lang='grc' dir='ltr'><strong>ἀκάνθας,</strong></span> 
     </span>
    </p>
   </div>
   <div class='ocr_carea' id='block_1_44' title="bbox 420 4017 1995 4092">
    <p class='ocr_par' dir='ltr' id='par_1_44' title="bbox 420 4017 1995 4092">
     <span class='ocr_line' id='line_1_44' title="bbox 420 4017 1995 4092; baseline 0.002 -22"><span class='ocrx_word' id='word_1_326' title='bbox 420 4017 700 4073; x_wconf 83' lang='grc' dir='ltr'><strong>ἀναλίσκει</strong></span> <span class='ocrx_word' id='word_1_327' title='bbox 755 4019 948 4085; x_wconf 80' lang='grc' dir='ltr'><strong>αὐτάς,</strong></span> <span class='ocrx_word' id='word_1_328' title='bbox 1005 4019 1184 4091; x_wconf 89' lang='grc' dir='ltr'><strong>πολλῷ</strong></span> <span class='ocrx_word' id='word_1_329' title='bbox 1229 4021 1429 4092; x_wconf 84' lang='grc' dir='ltr'><strong>μᾶλλον</strong></span> <span class='ocrx_word' id='word_1_330' title='bbox 1484 4020 1547 4074; x_wconf 89' lang='grc' dir='ltr'><strong>τὸ</strong></span> <span class='ocrx_word' id='word_1_331' title='bbox 1602 4020 1851 4092; x_wconf 89' lang='grc' dir='ltr'><strong>βούλημα</strong></span> <span class='ocrx_word' id='word_1_332' title='bbox 1900 4020 1995 4074; x_wconf 88' lang='grc' dir='ltr'><strong>τοῦ</strong></span> 
     </span>
    </p>
   </div>
   <div class='ocr_carea' id='block_1_45' title="bbox 422 4104 1999 4181">
    <p class='ocr_par' dir='ltr' id='par_1_45' title="bbox 422 4104 1999 4181">
     <span class='ocr_line' id='line_1_45' title="bbox 422 4104 1999 4181; baseline 0.003 -23"><span class='ocrx_word' id='word_1_333' title='bbox 422 4104 559 4158; x_wconf 84' lang='grc' dir='ltr'><strong>Θεοῦ</strong></span> <span class='ocrx_word' id='word_1_334' title='bbox 587 4106 654 4160; x_wconf 83' lang='grc' dir='ltr'><strong>τὰ</strong></span> <span class='ocrx_word' id='word_1_335' title='bbox 674 4106 1121 4179; x_wconf 85' lang='grc' dir='ltr'><strong>πλημμελήματα</strong></span> <span class='ocrx_word' id='word_1_336' title='bbox 1160 4107 1317 4178; x_wconf 89' lang='grc' dir='ltr'><strong>ἡμῶν</strong></span> <span class='ocrx_word' id='word_1_337' title='bbox 1344 4108 1559 4179; x_wconf 85' lang='grc' dir='ltr'><strong>δαπανᾷ</strong></span> <span class='ocrx_word' id='word_1_338' title='bbox 1584 4107 1679 4162; x_wconf 76' lang='grc' dir='ltr'><strong>καὶ</strong></span> <span class='ocrx_word' id='word_1_339' title='bbox 1725 4106 1999 4181; x_wconf 74' lang='grc' dir='ltr'><strong>πρόρριζα</strong></span> 
     </span>
    </p>
   </div>
   <div class='ocr_carea' id='block_1_46' title="bbox 423 4191 1999 4268">
    <p class='ocr_par' dir='ltr' id='par_1_46' title="bbox 423 4191 1999 4268">
     <span class='ocr_line' id='line_1_46' title="bbox 423 4191 1999 4268; baseline 0.003 -24"><span class='ocrx_word' id='word_1_340' title='bbox 423 4191 663 4264; x_wconf 81' lang='grc' dir='ltr'><strong>ἀνασπᾷ,</strong></span> <span class='ocrx_word' id='word_1_341' title='bbox 703 4195 797 4248; x_wconf 80' lang='grc' dir='ltr'><strong>καὶ</strong></span> <span class='ocrx_word' id='word_1_342' title='bbox 822 4193 918 4248; x_wconf 91' lang='grc' dir='ltr'><strong>τοῦ</strong></span> <span class='ocrx_word' id='word_1_343' title='bbox 953 4196 1028 4265; x_wconf 81' lang='grc' dir='ltr'><strong>μὴ</strong></span> <span class='ocrx_word' id='word_1_344' title='bbox 1054 4196 1443 4268; x_wconf 80' lang='grc' dir='ltr'><strong>ἡμαρτηκότος</strong></span> <span class='ocrx_word' id='word_1_345' title='bbox 1494 4195 1586 4249; x_wconf 90' lang='grc' dir='ltr'><strong>τὸν</strong></span> <span class='ocrx_word' id='word_1_346' title='bbox 1637 4197 1999 4267; x_wconf 81' lang='grc' dir='ltr'><strong>ἡμαρτηκότα</strong></span> 
     </span>
    </p>
   </div>
   <div class='ocr_carea' id='block_1_47' title="bbox 426 4282 2002 4357">
    <p class='ocr_par' dir='ltr' id='par_1_47' title="bbox 426 4282 2002 4357">
     <span class='ocr_line' id='line_1_47' title="bbox 426 4282 2002 4357; baseline 0.003 -24"><span class='ocrx_word' id='word_1_347' title='bbox 426 4282 611 4351; x_wconf 82' lang='grc' dir='ltr'><strong>ὅμοιον</strong></span> <span class='ocrx_word' id='word_1_348' title='bbox 638 4284 1055 4348; x_wconf 75' lang='grc' dir='ltr'><strong>κατασκευάζει.</strong></span> <span class='ocrx_word' id='word_1_349' title='bbox 1084 4284 1176 4355; x_wconf 82' lang='grc' dir='ltr'><strong>Μὴ</strong></span> <span class='ocrx_word' id='word_1_350' title='bbox 1207 4283 1358 4355; x_wconf 80' lang='grc' dir='ltr'><strong>ζήτει</strong></span> <span class='ocrx_word' id='word_1_351' title='bbox 1386 4283 1480 4337; x_wconf 89' lang='grc' dir='ltr'><strong>τὸν</strong></span> <span class='ocrx_word' id='word_1_352' title='bbox 1533 4285 1750 4354; x_wconf 84' lang='grc' dir='ltr'><strong>τρόπον,</strong></span> <span class='ocrx_word' id='word_1_353' title='bbox 1799 4284 1875 4357; x_wconf 86' lang='grc' dir='ltr'><strong>μὴ</strong></span> <span class='ocrx_word' id='word_1_354' title='bbox 1906 4301 2002 4337; x_wconf 88' lang='grc' dir='ltr'><strong>πε-</strong></span> 
     </span>
    </p>
   </div>
   <div class='ocr_carea' id='block_1_48' title="bbox 428 4371 2000 4444">
    <p class='ocr_par' dir='ltr' id='par_1_48' title="bbox 428 4371 2000 4444">
     <span class='ocr_line' id='line_1_48' title="bbox 428 4371 2000 4444; baseline 0.002 -21"><span class='ocrx_word' id='word_1_355' title='bbox 428 4371 719 4442; x_wconf 79' lang='grc' dir='ltr'><strong>ριεργάζου</strong></span> <span class='ocrx_word' id='word_1_356' title='bbox 747 4371 810 4424; x_wconf 84' lang='grc' dir='ltr'><strong>τὸ</strong></span> <span class='ocrx_word' id='word_1_357' title='bbox 854 4371 1157 4443; x_wconf 88' lang='grc' dir='ltr'><strong>γινόμενον,</strong></span> <span class='ocrx_word' id='word_1_358' title='bbox 1198 4372 1334 4425; x_wconf 84' lang='grc' dir='ltr'><strong>ἀλλὰ</strong></span> <span class='ocrx_word' id='word_1_359' title='bbox 1362 4371 1587 4425; x_wconf 90' lang='grc' dir='ltr'><strong>πίστευε</strong></span> <span class='ocrx_word' id='word_1_360' title='bbox 1625 4371 1705 4443; x_wconf 85' lang='grc' dir='ltr'><strong>τῷ</strong></span> <span class='ocrx_word' id='word_1_361' title='bbox 1739 4373 2000 4444; x_wconf 83' lang='grc' dir='ltr'><strong>θαύματι.</strong></span> 
     </span>
    </p>
   </div>
   <div class='ocr_carea' id='block_1_49' title="bbox 438 4457 2004 4531">
    <p class='ocr_par' dir='ltr' id='par_1_49' title="bbox 438 4457 2004 4531">
     <span class='ocr_line' id='line_1_49' title="bbox 438 4457 2004 4531; baseline 0.003 -20"><span class='ocrx_word' id='word_1_362' title='bbox 438 4457 787 4531; x_wconf 85' lang='grc' dir='ltr'><strong>Ἠμάρτηκα,</strong></span> <span class='ocrx_word' id='word_1_363' title='bbox 841 4459 1039 4527; x_wconf 86' lang='grc' dir='ltr'><strong>λέγεις,</strong></span> <span class='ocrx_word' id='word_1_364' title='bbox 1090 4459 1264 4512; x_wconf 81' lang='grc' dir='ltr'><strong>πολλὰ</strong></span> <span class='ocrx_word' id='word_1_365' title='bbox 1310 4461 1407 4514; x_wconf 78' lang='grc' dir='ltr'><strong>καὶ</strong></span> <span class='ocrx_word' id='word_1_366' title='bbox 1465 4459 1696 4531; x_wconf 88' lang='grc' dir='ltr'><strong>μεγάλα.</strong></span> <span class='ocrx_word' id='word_1_367' title='bbox 1751 4462 1862 4515; x_wconf 79' lang='grc' dir='ltr'><strong>Καὶ</strong></span> <span class='ocrx_word' id='word_1_368' title='bbox 1918 4460 2004 4526; x_wconf 90' lang='grc' dir='ltr'><strong>τίς</strong></span> 
     </span>
    </p>
   </div>
   <div class='ocr_carea' id='block_1_50' title="bbox 428 4547 2005 4621">
    <p class='ocr_par' dir='ltr' id='par_1_50' title="bbox 428 4547 2005 4621">
     <span class='ocr_line' id='line_1_50' title="bbox 428 4547 2005 4621; baseline 0.001 -19"><span class='ocrx_word' id='word_1_369' title='bbox 428 4550 576 4602; x_wconf 83' lang='grc' dir='ltr'><strong>ἐστιν</strong></span> <span class='ocrx_word' id='word_1_370' title='bbox 630 4547 1045 4619; x_wconf 88' lang='grc' dir='ltr'><strong>ἀναμάρτητος;</strong></span> <span class='ocrx_word' id='word_1_371' title='bbox 1089 4547 1251 4602; x_wconf 84' lang='grc' dir='ltr'><strong>Ἀλλά</strong></span> <span class='ocrx_word' id='word_1_372' title='bbox 1292 4548 1404 4617; x_wconf 84' lang='grc' dir='ltr'><strong>ἐγὼ</strong></span> <span class='ocrx_word' id='word_1_373' title='bbox 1427 4547 1662 4618; x_wconf 82' lang='grc' dir='ltr'><strong>χαλεπὰ,</strong></span> <span class='ocrx_word' id='word_1_374' title='bbox 1706 4551 1863 4621; x_wconf 79' lang='grc' dir='ltr'><strong>φησὶ,</strong></span> <span class='ocrx_word' id='word_1_375' title='bbox 1906 4551 2005 4604; x_wconf 79' lang='grc' dir='ltr'><strong>καὶ</strong></span> 
     </span>
    </p>
   </div>
   <div class='ocr_carea' id='block_1_51' title="bbox 432 4634 2006 4707">
    <p class='ocr_par' dir='ltr' id='par_1_51' title="bbox 432 4634 2006 4707">
     <span class='ocr_line' id='line_1_51' title="bbox 432 4634 2006 4707; baseline 0.003 -19"><span class='ocrx_word' id='word_1_376' title='bbox 432 4634 645 4704; x_wconf 85' lang='grc' dir='ltr'><strong>μεγάλα</strong></span> <span class='ocrx_word' id='word_1_377' title='bbox 683 4636 779 4689; x_wconf 81' lang='grc' dir='ltr'><strong>καὶ</strong></span> <span class='ocrx_word' id='word_1_378' title='bbox 816 4634 956 4707; x_wconf 82' lang='grc' dir='ltr'><strong>ὑπὲρ</strong></span> <span class='ocrx_word' id='word_1_379' title='bbox 993 4635 1172 4689; x_wconf 88' lang='grc' dir='ltr'><strong>πάντα</strong></span> <span class='ocrx_word' id='word_1_380' title='bbox 1220 4635 1528 4707; x_wconf 78' lang='grc' dir='ltr'><strong>ἄνθρωπον.</strong></span> <span class='ocrx_word' id='word_1_381' title='bbox 1590 4637 1776 4707; x_wconf 84' lang='grc' dir='ltr'><strong>Ἀρκεῖ</strong></span> <span class='ocrx_word' id='word_1_382' title='bbox 1807 4655 1890 4691; x_wconf 89' lang='grc' dir='ltr'><strong>σοι</strong></span> <span class='ocrx_word' id='word_1_383' title='bbox 1923 4640 2006 4702; x_wconf 87' lang='grc' dir='ltr'><strong>εἰς</strong></span> 
     </span>
    </p>
   </div>
   <div class='ocr_carea' id='block_1_52' title="bbox 429 4723 2003 4795">
    <p class='ocr_par' dir='ltr' id='par_1_52' title="bbox 429 4723 2003 4795">
     <span class='ocr_line' id='line_1_52' title="bbox 429 4723 2003 4795; baseline 0.002 -17"><span class='ocrx_word' id='word_1_384' title='bbox 429 4725 619 4779; x_wconf 80' lang='grc' dir='ltr'><strong>θυσίαν</strong></span> <span class='ocrx_word' id='word_1_385' title='bbox 643 4724 833 4778; x_wconf 90' lang='grc' dir='ltr'><strong>τοῦτο·</strong></span> <span class='ocrx_word' id='word_1_386' title='bbox 879 4723 1027 4795; x_wconf 80' lang='grc' dir='ltr'><strong>Λέγε</strong></span> <span class='ocrx_word' id='word_1_387' title='bbox 1058 4724 1140 4778; x_wconf 84' lang='grc' dir='ltr'><strong>σὺ</strong></span> <span class='ocrx_word' id='word_1_388' title='bbox 1164 4725 1272 4790; x_wconf 82' lang='grc' dir='ltr'><strong>τὰς</strong></span> <span class='ocrx_word' id='word_1_389' title='bbox 1303 4725 1556 4793; x_wconf 80' lang='grc' dir='ltr'><strong>ἀνομίας</strong></span> <span class='ocrx_word' id='word_1_390' title='bbox 1581 4740 1699 4779; x_wconf 89' lang='grc' dir='ltr'><strong>σου</strong></span> <span class='ocrx_word' id='word_1_391' title='bbox 1726 4725 1959 4793; x_wconf 84' lang='grc' dir='ltr'><strong>πρῶτος</strong></span> <span class='ocrx_word' id='word_1_392' title='bbox 1987 4766 2003 4791; x_wconf 92' lang='grc'><strong>,</strong></span> 
     </span>
    </p>
   </div>
   <div class='ocr_carea' id='block_1_53' title="bbox 430 4811 2001 4887">
    <p class='ocr_par' dir='ltr' id='par_1_53' title="bbox 430 4811 2001 4887">
     <span class='ocr_line' id='line_1_53' title="bbox 430 4811 2001 4887; baseline 0.023 -37"><span class='ocrx_word' id='word_1_393' title='bbox 430 4814 533 4868; x_wconf 78' lang='grc' dir='ltr'><strong>ινα</strong></span> <span class='ocrx_word' id='word_1_394' title='bbox 582 4811 920 4882; x_wconf 77' lang='grc' dir='ltr'><strong>δικαιωθῇς.</strong></span> <span class='ocrx_word' id='word_1_395' title='bbox 963 4812 1253 4883; x_wconf 87' lang='grc' dir='ltr'><strong>Ἐπίγνωθι</strong></span> <span class='ocrx_word' id='word_1_396' title='bbox 1303 4814 1384 4866; x_wconf 85' lang='grc' dir='ltr'><strong>ὅτι</strong></span> <span class='ocrx_word' id='word_1_397' title='bbox 1420 4814 1690 4883; x_wconf 77' lang='grc' dir='ltr'><strong>ἥμαρτες,</strong></span> <span class='ocrx_word' id='word_1_398' title='bbox 1724 4813 1819 4868; x_wconf 54' lang='lat'><strong><em>1°0-</em></strong></span> <span class='ocrx_word' id='word_1_399' title='bbox 1858 4815 2001 4887; x_wconf 83' lang='grc' dir='ltr'><strong>ἀρχή</strong></span> 
     </span>
    </p>
   </div>
   <div class='ocr_carea' id='block_1_54' title="bbox 433 4899 2002 4972">
    <p class='ocr_par' dir='ltr' id='par_1_54' title="bbox 433 4899 2002 4972">
     <span class='ocr_line' id='line_1_54' title="bbox 433 4899 2002 4972; baseline 0.001 -20"><span class='ocrx_word' id='word_1_400' title='bbox 433 4917 516 4953; x_wconf 87' lang='grc' dir='ltr'><strong>σοι</strong></span> <span class='ocrx_word' id='word_1_401' title='bbox 545 4899 880 4972; x_wconf 85' lang='grc' dir='ltr'><strong>διορθώσεως</strong></span> <span class='ocrx_word' id='word_1_402' title='bbox 919 4899 1079 4953; x_wconf 91' lang='grc' dir='ltr'><strong>τοῦτο</strong></span> <span class='ocrx_word' id='word_1_403' title='bbox 1119 4901 1430 4968; x_wconf 89' lang='grc' dir='ltr'><strong>γενήσεται.</strong></span> <span class='ocrx_word' id='word_1_404' title='bbox 1464 4899 1798 4968; x_wconf 89' lang='grc' dir='ltr'><strong>Στύγνασον,</strong></span> <span class='ocrx_word' id='word_1_405' title='bbox 1842 4900 2002 4969; x_wconf 87' lang='grc' dir='ltr'><strong>γενοῦ</strong></span> 
     </span>
    </p>
   </div>
   <div class='ocr_carea' id='block_1_55' title="bbox 431 4986 2007 5059">
    <p class='ocr_par' dir='ltr' id='par_1_55' title="bbox 431 4986 2007 5059">
     <span class='ocr_line' id='line_1_55' title="bbox 431 4986 2007 5059; baseline 0.001 -18"><span class='ocrx_word' id='word_1_406' title='bbox 431 4987 712 5059; x_wconf 80' lang='grc' dir='ltr'><strong>κατηφὴς,</strong></span> <span class='ocrx_word' id='word_1_407' title='bbox 762 4987 920 5056; x_wconf 73' lang='grc' dir='ltr'><strong>ἔκχεε</strong></span> <span class='ocrx_word' id='word_1_408' title='bbox 961 4987 1193 5059; x_wconf 87' lang='grc' dir='ltr'><strong>δάκρυα.</strong></span> <span class='ocrx_word' id='word_1_409' title='bbox 1242 4988 1333 5059; x_wconf 82' lang='grc' dir='ltr'><strong>Μὴ</strong></span> <span class='ocrx_word' id='word_1_410' title='bbox 1375 4986 1485 5059; x_wconf 87' lang='grc' dir='ltr'><strong>γὰρ</strong></span> <span class='ocrx_word' id='word_1_411' title='bbox 1522 4986 1651 5041; x_wconf 79' lang='grc' dir='ltr'><strong>ἄλλο</strong></span> <span class='ocrx_word' id='word_1_412' title='bbox 1691 5005 1746 5040; x_wconf 91' lang='grc' dir='ltr'><strong>τι</strong></span> <span class='ocrx_word' id='word_1_413' title='bbox 1790 4986 2007 5057; x_wconf 76' lang='grc' dir='ltr'><strong>ἐξέχεεν</strong></span> 
     </span>
    </p>
   </div>
   <div class='ocr_carea' id='block_1_56' title="bbox 432 5076 2004 5149">
    <p class='ocr_par' dir='ltr' id='par_1_56' title="bbox 432 5076 2004 5149">
     <span class='ocr_line' id='line_1_56' title="bbox 432 5076 2004 5149; baseline 0 -19"><span class='ocrx_word' id='word_1_414' title='bbox 432 5080 468 5146; x_wconf 87' lang='grc' dir='ltr'><strong>ἡ</strong></span> <span class='ocrx_word' id='word_1_415' title='bbox 494 5076 707 5149; x_wconf 78' lang='grc' dir='ltr'><strong>πόρνης</strong></span> <span class='ocrx_word' id='word_1_416' title='bbox 749 5076 913 5130; x_wconf 75' lang='grc' dir='ltr'><strong>Οὐδὲν</strong></span> <span class='ocrx_word' id='word_1_417' title='bbox 950 5076 1169 5147; x_wconf 73' lang='grc' dir='ltr'><strong>ἕτερον,</strong></span> <span class='ocrx_word' id='word_1_418' title='bbox 1212 5076 1246 5148; x_wconf 81' lang='grc' dir='ltr'>ἢ</span> <span class='ocrx_word' id='word_1_419' title='bbox 1288 5076 1498 5147; x_wconf 87' lang='grc' dir='ltr'><strong>δάκρυα</strong></span> <span class='ocrx_word' id='word_1_420' title='bbox 1530 5078 1625 5130; x_wconf 85' lang='grc' dir='ltr'><strong>καὶ</strong></span> <span class='ocrx_word' id='word_1_421' title='bbox 1673 5076 1962 5147; x_wconf 89' lang='grc' dir='ltr'><strong>μετάνοιαν</strong></span> <span class='ocrx_word' id='word_1_422' title='bbox 1988 5094 2004 5110; x_wconf 91' lang='grc'><strong>·</strong></span> 
     </span>
    </p>
   </div>
   <div class='ocr_carea' id='block_1_57' title="bbox 433 5162 2006 5237">
    <p class='ocr_par' dir='ltr' id='par_1_57' title="bbox 433 5162 2006 5237">
     <span class='ocr_line' id='line_1_57' title="bbox 433 5162 2006 5237; baseline 0 -19"><span class='ocrx_word' id='word_1_423' title='bbox 433 5164 595 5218; x_wconf 76' lang='grc' dir='ltr'><strong>ἔλαϐε</strong></span> <span class='ocrx_word' id='word_1_424' title='bbox 623 5162 962 5236; x_wconf 77' lang='grc' dir='ltr'><strong>χειραγωγὸν</strong></span> <span class='ocrx_word' id='word_1_425' title='bbox 1002 5165 1105 5235; x_wconf 83' lang='grc' dir='ltr'><strong>τὴν</strong></span> <span class='ocrx_word' id='word_1_426' title='bbox 1143 5165 1452 5235; x_wconf 88' lang='grc' dir='ltr'><strong>μετάνοιαν,</strong></span> <span class='ocrx_word' id='word_1_427' title='bbox 1490 5164 1585 5217; x_wconf 84' lang='grc' dir='ltr'><strong>καὶ</strong></span> <span class='ocrx_word' id='word_1_428' title='bbox 1617 5163 1889 5236; x_wconf 81' lang='grc' dir='ltr'><strong>προσῆλθε</strong></span> <span class='ocrx_word' id='word_1_429' title='bbox 1938 5168 2006 5237; x_wconf 81' lang='grc' dir='ltr'><strong>τῇ</strong></span> 
     </span>
    </p>
   </div>
   <div class='ocr_carea' id='block_1_58' title="bbox 434 5254 605 5322">
    <p class='ocr_par' dir='ltr' id='par_1_58' title="bbox 434 5254 605 5322">
     <span class='ocr_line' id='line_1_58' title="bbox 434 5254 605 5322; baseline 0.006 -1"><span class='ocrx_word' id='word_1_430' title='bbox 434 5254 605 5322; x_wconf 79' lang='grc' dir='ltr'><strong>πηγῇο</strong></span> 
     </span>
    </p>
   </div>
   <div class='ocr_carea' id='block_1_59' title="bbox 504 5337 2010 5461">
    <p class='ocr_par' dir='ltr' id='par_1_59' title="bbox 504 5337 2010 5461">
     <span class='ocr_line' id='line_1_59' title="bbox 504 5337 2010 5461; baseline 0.002 -70"><span class='ocrx_word' id='word_1_431' title='bbox 504 5340 568 5393; x_wconf 90' lang='grc' dir='ltr'><strong>δ’.</strong></span> <span class='ocrx_word' id='word_1_432' title='bbox 588 5340 655 5393; x_wconf 92' lang='grc' dir='ltr'><strong>Τί</strong></span> <span class='ocrx_word' id='word_1_433' title='bbox 679 5339 737 5393; x_wconf 85' lang='grc' dir='ltr'><strong>δέ</strong></span> <span class='ocrx_word' id='word_1_434' title='bbox 754 5355 919 5461; x_wconf 64' lang='grc' dir='ltr'><strong>φησιν</strong></span> <span class='ocrx_word' id='word_1_435' title='bbox 937 5341 967 5394; x_wconf 86' lang='grc' dir='ltr'>ὁ</span> <span class='ocrx_word' id='word_1_436' title='bbox 987 5337 1226 5408; x_wconf 81' lang='grc' dir='ltr'><strong>τελώνης</strong></span> <span class='ocrx_word' id='word_1_437' title='bbox 1249 5340 1345 5393; x_wconf 74' lang='grc' dir='ltr'><strong>καὶ</strong></span> <span class='ocrx_word' id='word_1_438' title='bbox 1364 5340 1394 5392; x_wconf 90' lang='grc' dir='ltr'><strong>ό</strong></span> <span class='ocrx_word' id='word_1_439' title='bbox 1412 5340 1822 5411; x_wconf 82' lang='grc' dir='ltr'><strong>εὐαγγελιστὴς,</strong></span> <span class='ocrx_word' id='word_1_440' title='bbox 1842 5340 2010 5394; x_wconf 83' lang='grc' dir='ltr'><strong>ἀκού-</strong></span> 
     </span>
     <span class='ocr_line' id='line_1_60' title="bbox 504 5408 2010 5461; baseline 0 0"><span class='ocrx_word' id='word_1_441' title='bbox 504 5426 639 5461; x_wconf 76' lang='grc' dir='ltr'><strong>)μεν.</strong></span> <span class='ocrx_word' id='word_1_442' title='bbox 672 5413 763 5461; x_wconf 84' lang='grc' dir='ltr'><strong>Κα</strong></span> <span class='ocrx_word' id='word_1_443' title='bbox 822 5408 1087 5461; x_wconf 74' lang='grc' dir='ltr'><strong>ἐξελθὼν</strong></span> <span class='ocrx_word' id='word_1_444' title='bbox 1104 5411 1138 5461; x_wconf 82' lang='grc' dir='ltr'><em>ὁ</em></span> <span class='ocrx_word' id='word_1_445' title='bbox 1165 5408 1405 5461; x_wconf 75' lang='grc' dir='ltr'><strong>Ἰησοῦο</strong></span> <span class='ocrx_word' id='word_1_446' title='bbox 1422 5411 1671 5461; x_wconf 74' lang='grc' dir='ltr'><strong>ἐκεῖθεν.</strong></span> <span class='ocrx_word' id='word_1_447' title='bbox 1702 5411 1892 5461; x_wconf 68' lang='grc' dir='ltr'><strong>’ἦλθεν</strong></span> <span class='ocrx_word' id='word_1_448' title='bbox 1922 5413 2010 5461; x_wconf 77' lang='grc' dir='ltr'><strong>εἰ(-</strong></span> 
     </span>
    </p>
   </div>
   <div class='ocr_carea' id='block_1_60' title="bbox 436 5408 2010 5481">
    <p class='ocr_par' dir='ltr' id='par_1_60' title="bbox 436 5408 2010 5481">
     <span class='ocr_line' id='line_1_61' title="bbox 436 5408 2010 5481; baseline 0.001 -20"><span class='ocrx_word' id='word_1_449' title='bbox 436 5425 639 5481; x_wconf 85' lang='grc' dir='ltr'><strong>σωμεν.</strong></span> <span class='ocrx_word' id='word_1_450' title='bbox 672 5408 787 5464; x_wconf 75' lang='grc' dir='ltr'><strong>Καὶ</strong></span> <span class='ocrx_word' id='word_1_451' title='bbox 820 5408 1138 5473; x_wconf 72' lang='grc' dir='ltr'><strong>ἐξελθὼνό</strong></span> <span class='ocrx_word' id='word_1_452' title='bbox 1165 5408 1405 5476; x_wconf 81' lang='grc' dir='ltr'><strong>Ἰησοῦς</strong></span> <span class='ocrx_word' id='word_1_453' title='bbox 1422 5408 1671 5478; x_wconf 76' lang='grc' dir='ltr'><strong>ἐκεῖθεν,</strong></span> <span class='ocrx_word' id='word_1_454' title='bbox 1702 5408 1892 5480; x_wconf 67' lang='grc' dir='ltr'><strong>ἦλθεν</strong></span> <span class='ocrx_word' id='word_1_455' title='bbox 1922 5413 2010 5477; x_wconf 85' lang='grc' dir='ltr'><strong>εἰς</strong></span> 
     </span>
    </p>
   </div>
   <div class='ocr_carea' id='block_1_61' title="bbox 398 5495 2010 5570">
    <p class='ocr_par' dir='ltr' id='par_1_61' title="bbox 398 5495 2010 5570">
     <span class='ocr_line' id='line_1_62' title="bbox 398 5495 2010 5570; baseline 0.001 -20"><span class='ocrx_word' id='word_1_456' title='bbox 398 5509 406 5513; x_wconf 85' lang='grc'>·</span> <span class='ocrx_word' id='word_1_457' title='bbox 436 5496 510 5550; x_wconf 85' lang='grc' dir='ltr'><strong>τὰ</strong></span> <span class='ocrx_word' id='word_1_458' title='bbox 530 5495 679 5565; x_wconf 76' lang='grc' dir='ltr'><strong>μέρη</strong></span> <span class='ocrx_word' id='word_1_459' title='bbox 715 5499 901 5565; x_wconf 82' lang='grc' dir='ltr'><strong>Τύρου</strong></span> <span class='ocrx_word' id='word_1_460' title='bbox 934 5497 1033 5551; x_wconf 77' lang='grc' dir='ltr'><strong>καὶ</strong></span> <span class='ocrx_word' id='word_1_461' title='bbox 1060 5495 1352 5563; x_wconf 75' lang='grc' dir='ltr'><strong>Σιδῶνος·</strong></span> <span class='ocrx_word' id='word_1_462' title='bbox 1380 5498 1479 5553; x_wconf 77' lang='grc' dir='ltr'><strong>καὶ</strong></span> <span class='ocrx_word' id='word_1_463' title='bbox 1512 5497 1639 5553; x_wconf 81' lang='grc' dir='ltr'><strong>ὶδσὺ</strong></span> <span class='ocrx_word' id='word_1_464' title='bbox 1668 5498 1844 5570; x_wconf 76' lang='grc' dir='ltr'><strong>γυνή.</strong></span> <span class='ocrx_word' id='word_1_465' title='bbox 1863 5500 2010 5552; x_wconf 88' lang='grc' dir='ltr'><strong>Θαυ-</strong></span> 
     </span>
    </p>
   </div>
   <div class='ocr_carea' id='block_1_62' title="bbox 439 5584 2010 5655">
    <p class='ocr_par' dir='ltr' id='par_1_62' title="bbox 439 5584 2010 5655">
     <span class='ocr_line' id='line_1_63' title="bbox 439 5584 2010 5655; baseline 0.002 -17"><span class='ocrx_word' id='word_1_466' title='bbox 439 5584 603 5652; x_wconf 75' lang='grc' dir='ltr'><strong>μάξει</strong></span> <span class='ocrx_word' id='word_1_467' title='bbox 650 5586 680 5638; x_wconf 88' lang='grc' dir='ltr'><strong>ό</strong></span> <span class='ocrx_word' id='word_1_468' title='bbox 736 5584 1159 5655; x_wconf 80' lang='grc' dir='ltr'><strong>εύαγγελιστής·</strong></span> <span class='ocrx_word' id='word_1_469' title='bbox 1220 5585 1375 5641; x_wconf 81' lang='grc' dir='ltr'><strong>Ἰδοὺ</strong></span> <span class='ocrx_word' id='word_1_470' title='bbox 1433 5586 1626 5655; x_wconf 77' lang='grc' dir='ltr'><strong>γυνὴ,</strong></span> <span class='ocrx_word' id='word_1_471' title='bbox 1680 5587 1741 5640; x_wconf 88' lang='grc' dir='ltr'><strong>τὸ</strong></span> <span class='ocrx_word' id='word_1_472' title='bbox 1781 5586 2010 5641; x_wconf 89' lang='grc' dir='ltr'><strong>παλαιὸν</strong></span> 
     </span>
    </p>
   </div>
   <div class='ocr_carea' id='block_1_63' title="bbox 434 5669 2008 5744">
    <p class='ocr_par' dir='ltr' id='par_1_63' title="bbox 434 5669 2008 5744">
     <span class='ocr_line' id='line_1_64' title="bbox 434 5669 2008 5744; baseline 0.004 -21"><span class='ocrx_word' id='word_1_473' title='bbox 434 5669 599 5724; x_wconf 79' lang='grc' dir='ltr'><strong>ὅπλον</strong></span> <span class='ocrx_word' id='word_1_474' title='bbox 625 5669 720 5724; x_wconf 88' lang='grc' dir='ltr'><strong>τοῦ</strong></span> <span class='ocrx_word' id='word_1_475' title='bbox 750 5669 1019 5738; x_wconf 87' lang='grc' dir='ltr'><strong>διαϐόλου,</strong></span> <span class='ocrx_word' id='word_1_476' title='bbox 1042 5673 1076 5743; x_wconf 92' lang='grc' dir='ltr'><strong>ἡ</strong></span> <span class='ocrx_word' id='word_1_477' title='bbox 1101 5670 1195 5726; x_wconf 86' lang='grc' dir='ltr'><strong>τοῦ</strong></span> <span class='ocrx_word' id='word_1_478' title='bbox 1223 5673 1553 5744; x_wconf 87' lang='grc' dir='ltr'><strong>παραδείσου</strong></span> <span class='ocrx_word' id='word_1_479' title='bbox 1586 5691 1653 5744; x_wconf 86' lang='grc' dir='ltr'><strong>με</strong></span> <span class='ocrx_word' id='word_1_480' title='bbox 1682 5673 2008 5740; x_wconf 88' lang='grc' dir='ltr'><strong>ἐκϐαλοῦσα,</strong></span> 
     </span>
    </p>
   </div>
   <div class='ocr_carea' id='block_1_64' title="bbox 499 5824 1272 5890">
    <p class='ocr_par' dir='ltr' id='par_1_64' title="bbox 499 5824 1272 5890">
     <span class='ocr_line' id='line_1_65' title="bbox 499 5824 1272 5890; baseline -0.008 -11"><span class='ocrx_word' id='word_1_481' title='bbox 499 5831 529 5857; x_wconf 81' lang='grc'><strong>⁸⁸</strong></span> <span class='ocrx_word' id='word_1_482' title='bbox 549 5825 685 5880; x_wconf 75' lang='lat' dir='ltr'><strong>Coll).</strong></span> <span class='ocrx_word' id='word_1_483' title='bbox 712 5825 906 5890; x_wconf 72' lang='grc' dir='ltr'><strong>νεύματι</strong></span> <span class='ocrx_word' id='word_1_484' title='bbox 929 5824 1272 5889; x_wconf 80' lang='grc' dir='ltr'><strong>διορθούμενον.</strong></span> 
     </span>
    </p>
   </div>
   <div class='ocr_carea' id='block_1_65' title="bbox 1707 370 2251 429">
    <p class='ocr_par' dir='ltr' id='par_1_65' title="bbox 1707 370 2251 429">
     <span class='ocr_line' id='line_1_66' title="bbox 1707 370 2251 429; baseline 0.004 -2"><span class='ocrx_word' id='word_1_485' title='bbox 1707 370 1796 428; x_wconf 84' lang='lat' dir='ltr'><strong>DE</strong></span> <span class='ocrx_word' id='word_1_486' title='bbox 1833 370 2251 429; x_wconf 69' lang='lat' dir='ltr'><strong>CIIANANJEA.</strong></span> 
     </span>
    </p>
   </div>
   <div class='ocr_carea' id='block_1_66' title="bbox 3521 365 3629 420">
    <p class='ocr_par' dir='ltr' id='par_1_66' title="bbox 3521 365 3629 420">
     <span class='ocr_line' id='line_1_67' title="bbox 3521 365 3629 420; baseline -0.037 0"><span class='ocrx_word' id='word_1_487' title='bbox 3521 365 3629 420; x_wconf 66' lang='lat'><strong>432’.</strong></span> 
     </span>
    </p>
   </div>
   <div class='ocr_carea' id='block_1_67' title="bbox 2058 485 3638 561">
    <p class='ocr_par' dir='ltr' id='par_1_67' title="bbox 2058 485 3638 561">
     <span class='ocr_line' id='line_1_68' title="bbox 2058 485 3638 561; baseline 0.004 -6"><span class='ocrx_word' id='word_1_488' title='bbox 2058 486 2091 555; x_wconf 85' lang='grc' dir='ltr'><strong>ή</strong></span> <span class='ocrx_word' id='word_1_489' title='bbox 2121 486 2303 556; x_wconf 86' lang='grc' dir='ltr'><strong>μήτηρ</strong></span> <span class='ocrx_word' id='word_1_490' title='bbox 2327 485 2429 557; x_wconf 82' lang='grc' dir='ltr'><strong>τῆς</strong></span> <span class='ocrx_word' id='word_1_491' title='bbox 2457 485 2755 556; x_wconf 70' lang='grc' dir='ltr'><strong>ἁμαρτίας.</strong></span> <span class='ocrx_word' id='word_1_492' title='bbox 2786 487 2821 559; x_wconf 73' lang='grc' dir='ltr'><strong>ἡ</strong></span> <span class='ocrx_word' id='word_1_493' title='bbox 2843 488 3084 559; x_wconf 74' lang='grc' dir='ltr'><strong>ἀρχηγὸς</strong></span> <span class='ocrx_word' id='word_1_494' title='bbox 3103 488 3204 559; x_wconf 82' lang='grc' dir='ltr'><strong>τῆς</strong></span> <span class='ocrx_word' id='word_1_495' title='bbox 3234 490 3638 561; x_wconf 69' lang='grc' dir='ltr'><strong>παραϐάσεως.</strong></span> 
     </span>
    </p>
   </div>
   <div class='ocr_carea' id='block_1_68' title="bbox 2057 566 3641 645">
    <p class='ocr_par' dir='ltr' id='par_1_68' title="bbox 2057 566 3641 645">
     <span class='ocr_line' id='line_1_69' title="bbox 2057 566 3641 645; baseline 0.006 -25"><span class='ocrx_word' id='word_1_496' title='bbox 2057 566 2198 638; x_wconf 78' lang='grc' dir='ltr'><strong>αὕτη</strong></span> <span class='ocrx_word' id='word_1_497' title='bbox 2235 570 2417 641; x_wconf 85' lang='grc' dir='ltr'><strong>ἐκείνη</strong></span> <span class='ocrx_word' id='word_1_498' title='bbox 2453 570 2649 641; x_wconf 84' lang='grc' dir='ltr'><strong>ἡγυνὴ</strong></span> <span class='ocrx_word' id='word_1_499' title='bbox 2682 570 2932 642; x_wconf 78' lang='grc' dir='ltr'><strong>ἔρχεται,</strong></span> <span class='ocrx_word' id='word_1_500' title='bbox 2965 573 3103 645; x_wconf 80' lang='grc' dir='ltr'><strong>αὕτη</strong></span> <span class='ocrx_word' id='word_1_501' title='bbox 3145 576 3177 645; x_wconf 84' lang='grc' dir='ltr'><strong>ἡ</strong></span> <span class='ocrx_word' id='word_1_502' title='bbox 3213 575 3408 644; x_wconf 89' lang='grc' dir='ltr'><strong>φύσις·</strong></span> <span class='ocrx_word' id='word_1_503' title='bbox 3452 578 3641 630; x_wconf 86' lang='grc' dir='ltr'><strong>καινὸν</strong></span> 
     </span>
    </p>
   </div>
   <div class='ocr_carea' id='block_1_69' title="bbox 2059 649 3642 729">
    <p class='ocr_par' dir='ltr' id='par_1_69' title="bbox 2059 649 3642 729">
     <span class='ocr_line' id='line_1_70' title="bbox 2059 649 3642 729; baseline 0.006 -25"><span class='ocrx_word' id='word_1_504' title='bbox 2059 649 2244 722; x_wconf 86' lang='grc' dir='ltr'><strong>θαῦμα</strong></span> <span class='ocrx_word' id='word_1_505' title='bbox 2289 653 2382 705; x_wconf 76' lang='grc' dir='ltr'><strong>καὶ</strong></span> <span class='ocrx_word' id='word_1_506' title='bbox 2433 654 2765 725; x_wconf 75' lang='grc' dir='ltr'><strong>παράδοξον⁹</strong></span> <span class='ocrx_word' id='word_1_507' title='bbox 2827 656 3072 711; x_wconf 85' lang='grc' dir='ltr'><strong>Ἰουδαῖοι</strong></span> <span class='ocrx_word' id='word_1_508' title='bbox 3125 657 3425 728; x_wconf 57' lang='grc' dir='ltr'><strong>φεύγουσιν</strong></span> <span class='ocrx_word' id='word_1_509' title='bbox 3460 661 3555 714; x_wconf 75' lang='grc' dir='ltr'><strong>καὶ</strong></span> <span class='ocrx_word' id='word_1_510' title='bbox 3608 663 3642 729; x_wconf 92' lang='grc' dir='ltr'><strong>ἡ</strong></span> 
     </span>
    </p>
   </div>
   <div class='ocr_carea' id='block_1_70' title="bbox 2059 735 3645 810">
    <p class='ocr_par' dir='ltr' id='par_1_70' title="bbox 2059 735 3645 810">
     <span class='ocr_line' id='line_1_71' title="bbox 2059 735 3645 810; baseline 0.008 -25"><span class='ocrx_word' id='word_1_511' title='bbox 2059 735 2194 805; x_wconf 85' lang='grc' dir='ltr'><strong>γυνὴ</strong></span> <span class='ocrx_word' id='word_1_512' title='bbox 2226 735 2573 790; x_wconf 83' lang='grc' dir='ltr'><strong>καταδιώκει.</strong></span> <span class='ocrx_word' id='word_1_513' title='bbox 2609 736 2720 791; x_wconf 77' lang='grc' dir='ltr'><strong>Καὶ</strong></span> <span class='ocrx_word' id='word_1_514' title='bbox 2756 737 2885 792; x_wconf 74' lang='grc' dir='ltr'><strong>ἰδοὺ</strong></span> <span class='ocrx_word' id='word_1_515' title='bbox 2922 740 3077 808; x_wconf 75' lang='grc' dir='ltr'><strong>γυνὴ</strong></span> <span class='ocrx_word' id='word_1_516' title='bbox 3126 741 3245 795; x_wconf 80' lang='grc' dir='ltr'><strong>ἀπὸ</strong></span> <span class='ocrx_word' id='word_1_517' title='bbox 3292 742 3413 796; x_wconf 86' lang='grc' dir='ltr'><strong>τῶν</strong></span> <span class='ocrx_word' id='word_1_518' title='bbox 3463 744 3645 810; x_wconf 85' lang='grc' dir='ltr'><strong>ὀρίων</strong></span> 
     </span>
    </p>
   </div>
   <div class='ocr_carea' id='block_1_71' title="bbox 2056 816 3641 896">
    <p class='ocr_par' dir='ltr' id='par_1_71' title="bbox 2056 816 3641 896">
     <span class='ocr_line' id='line_1_72' title="bbox 2056 816 3641 896; baseline 0.006 -27"><span class='ocrx_word' id='word_1_519' title='bbox 2056 816 2306 871; x_wconf 79' lang='grc' dir='ltr'><strong>ἐκείνων</strong></span> <span class='ocrx_word' id='word_1_520' title='bbox 2337 818 2693 884; x_wconf 77' lang='grc' dir='ltr'><strong>ἐξελθοῦσα,</strong></span> <span class='ocrx_word' id='word_1_521' title='bbox 2742 822 3064 890; x_wconf 71' lang='grc' dir='ltr'><strong>παρεκάλει</strong></span> <span class='ocrx_word' id='word_1_522' title='bbox 3106 825 3295 878; x_wconf 86' lang='grc' dir='ltr'><strong>αὐτὸν</strong></span> <span class='ocrx_word' id='word_1_523' title='bbox 3330 825 3602 896; x_wconf 76' lang='grc' dir='ltr'><strong>λέγουσα</strong></span> <span class='ocrx_word' id='word_1_524' title='bbox 3627 843 3641 858; x_wconf 87' lang='grc'><strong>·</strong></span> 
     </span>
    </p>
   </div>
   <div class='ocr_carea' id='block_1_72' title="bbox 2059 902 3647 979">
    <p class='ocr_par' dir='ltr' id='par_1_72' title="bbox 2059 902 3647 979">
     <span class='ocr_line' id='line_1_73' title="bbox 2059 902 3647 979; baseline 0.004 -25"><span class='ocrx_word' id='word_1_525' title='bbox 2059 902 2259 969; x_wconf 76' lang='grc' dir='ltr'><strong>Κύριε,</strong></span> <span class='ocrx_word' id='word_1_526' title='bbox 2294 904 2387 956; x_wconf 79' lang='grc' dir='ltr'><strong>υἱὲ</strong></span> <span class='ocrx_word' id='word_1_527' title='bbox 2413 903 2615 968; x_wconf 84' lang='grc' dir='ltr'><strong>Δαυῒδ,</strong></span> <span class='ocrx_word' id='word_1_528' title='bbox 2645 904 2906 971; x_wconf 72' lang='grc' dir='ltr'><strong>ἐλέησόν</strong></span> <span class='ocrx_word' id='word_1_529' title='bbox 2920 924 3017 975; x_wconf 82' lang='grc' dir='ltr'><strong>με.</strong></span> <span class='ocrx_word' id='word_1_530' title='bbox 3043 906 3475 979; x_wconf 76' lang='grc' dir='ltr'><strong>Εὐάγγελίστρια</strong></span> <span class='ocrx_word' id='word_1_531' title='bbox 3500 910 3647 977; x_wconf 85' lang='grc' dir='ltr'><strong>γίνε-</strong></span> 
     </span>
    </p>
   </div>
   <div class='ocr_carea' id='block_1_73' title="bbox 2059 986 3645 1069">
    <p class='ocr_par' dir='ltr' id='par_1_73' title="bbox 2059 986 3645 1069">
     <span class='ocr_line' id='line_1_74' title="bbox 2059 986 3645 1069; baseline 0.006 -32"><span class='ocrx_word' id='word_1_532' title='bbox 2059 987 2228 1069; x_wconf 52' lang='grc' dir='ltr'><strong>ταιᾲὴ</strong></span> <span class='ocrx_word' id='word_1_533' title='bbox 2277 986 2437 1069; x_wconf 65' lang='grc' dir='ltr'><strong>γυνὴ,</strong></span> <span class='ocrx_word' id='word_1_534' title='bbox 2488 989 2584 1040; x_wconf 68' lang='grc' dir='ltr'><strong>καὶ</strong></span> <span class='ocrx_word' id='word_1_535' title='bbox 2630 988 2731 1060; x_wconf 83' lang='grc' dir='ltr'><strong>τὴν</strong></span> <span class='ocrx_word' id='word_1_536' title='bbox 2769 989 2999 1061; x_wconf 91' lang='grc' dir='ltr'><strong>θεότητα</strong></span> <span class='ocrx_word' id='word_1_537' title='bbox 3042 992 3139 1045; x_wconf 81' lang='grc' dir='ltr'><strong>καὶ</strong></span> <span class='ocrx_word' id='word_1_538' title='bbox 3184 992 3283 1063; x_wconf 84' lang='grc' dir='ltr'><strong>τὴν</strong></span> <span class='ocrx_word' id='word_1_539' title='bbox 3326 994 3645 1063; x_wconf 87' lang='grc' dir='ltr'><strong>οἰκονομίαν</strong></span> 
     </span>
    </p>
   </div>
   <div class='ocr_carea' id='block_1_74' title="bbox 2061 1067 3646 1145">
    <p class='ocr_par' dir='ltr' id='par_1_74' title="bbox 2061 1067 3646 1145">
     <span class='ocr_line' id='line_1_75' title="bbox 2061 1067 3646 1145; baseline 0.005 -25"><span class='ocrx_word' id='word_1_540' title='bbox 2061 1067 2337 1137; x_wconf 67' lang='grc' dir='ltr'><strong>ὁμολογεῖ·</strong></span> <span class='ocrx_word' id='word_1_541' title='bbox 2375 1070 2574 1138; x_wconf 85' lang='grc' dir='ltr'><strong>Κύριε,</strong></span> <span class='ocrx_word' id='word_1_542' title='bbox 2623 1072 2723 1142; x_wconf 80' lang='grc' dir='ltr'><strong>τὴν</strong></span> <span class='ocrx_word' id='word_1_543' title='bbox 2765 1072 3115 1128; x_wconf 89' lang='grc' dir='ltr'><strong>δεσποτείαν·</strong></span> <span class='ocrx_word' id='word_1_544' title='bbox 3177 1074 3274 1129; x_wconf 84' lang='grc' dir='ltr'><strong>Υίὲ</strong></span> <span class='ocrx_word' id='word_1_545' title='bbox 3305 1074 3506 1139; x_wconf 86' lang='grc' dir='ltr'><strong>Δαυῒδ,</strong></span> <span class='ocrx_word' id='word_1_546' title='bbox 3544 1076 3646 1145; x_wconf 80' lang='grc' dir='ltr'><strong>τῆς</strong></span> 
     </span>
    </p>
   </div>
   <div class='ocr_carea' id='block_1_75' title="bbox 2066 1151 3648 1229">
    <p class='ocr_par' dir='ltr' id='par_1_75' title="bbox 2066 1151 3648 1229">
     <span class='ocr_line' id='line_1_76' title="bbox 2066 1151 3648 1229; baseline 0.005 -26"><span class='ocrx_word' id='word_1_547' title='bbox 2066 1151 2267 1221; x_wconf 88' lang='grc' dir='ltr'><strong>σαρκὸς</strong></span> <span class='ocrx_word' id='word_1_548' title='bbox 2308 1152 2407 1223; x_wconf 84' lang='grc' dir='ltr'><strong>τὴν</strong></span> <span class='ocrx_word' id='word_1_549' title='bbox 2443 1153 2730 1226; x_wconf 68' lang='grc' dir='ltr'><strong>ἀνάληψιν.</strong></span> <span class='ocrx_word' id='word_1_550' title='bbox 2784 1154 3085 1223; x_wconf 78' lang='grc' dir='ltr'><strong>Ἐλέησόν</strong></span> <span class='ocrx_word' id='word_1_551' title='bbox 3116 1175 3213 1227; x_wconf 84' lang='grc' dir='ltr'><strong>με.</strong></span> <span class='ocrx_word' id='word_1_552' title='bbox 3245 1159 3391 1229; x_wconf 81' lang='grc' dir='ltr'><strong>Ὅρα</strong></span> <span class='ocrx_word' id='word_1_553' title='bbox 3426 1158 3648 1227; x_wconf 81' lang='grc' dir='ltr'><strong>φιλόσο-</strong></span> 
     </span>
    </p>
   </div>
   <div class='ocr_carea' id='block_1_76' title="bbox 2065 1236 3647 1311">
    <p class='ocr_par' dir='ltr' id='par_1_76' title="bbox 2065 1236 3647 1311">
     <span class='ocr_line' id='line_1_77' title="bbox 2065 1236 3647 1311; baseline 0.006 -26"><span class='ocrx_word' id='word_1_554' title='bbox 2065 1251 2164 1302; x_wconf 82' lang='grc' dir='ltr'><strong>φον</strong></span> <span class='ocrx_word' id='word_1_555' title='bbox 2208 1236 2407 1305; x_wconf 76' lang='grc' dir='ltr'><strong>ψυχήν.</strong></span> <span class='ocrx_word' id='word_1_556' title='bbox 2456 1236 2749 1305; x_wconf 77' lang='grc' dir='ltr'><strong>Ἐλέησόν</strong></span> <span class='ocrx_word' id='word_1_557' title='bbox 2791 1255 2908 1307; x_wconf 83' lang='grc' dir='ltr'><strong>με·</strong></span> <span class='ocrx_word' id='word_1_558' title='bbox 2958 1240 3058 1293; x_wconf 84' lang='grc' dir='ltr'><strong>οὐκ</strong></span> <span class='ocrx_word' id='word_1_559' title='bbox 3104 1240 3213 1311; x_wconf 80' lang='grc' dir='ltr'><strong>ἔχω</strong></span> <span class='ocrx_word' id='word_1_560' title='bbox 3241 1240 3647 1311; x_wconf 78' lang='grc' dir='ltr'><strong>κατορθώματα</strong></span> 
     </span>
    </p>
   </div>
   <div class='ocr_carea' id='block_1_77' title="bbox 2068 1316 3648 1392">
    <p class='ocr_par' dir='ltr' id='par_1_77' title="bbox 2068 1316 3648 1392">
     <span class='ocr_line' id='line_1_78' title="bbox 2068 1316 3648 1392; baseline -0.008 -5"><span class='ocrx_word' id='word_1_561' title='bbox 2068 1316 2216 1387; x_wconf 63' lang='grc' dir='ltr'><strong>βίον,</strong></span> <span class='ocrx_word' id='word_1_562' title='bbox 2248 1321 2348 1372; x_wconf 65' lang='grc' dir='ltr'><strong>οὐκ</strong></span> <span class='ocrx_word' id='word_1_563' title='bbox 2385 1319 2495 1391; x_wconf 77' lang='grc' dir='ltr'><strong>ἔχω</strong></span> <span class='ocrx_word' id='word_1_564' title='bbox 2538 1322 2847 1392; x_wconf 70' lang='grc' dir='ltr'><strong>παρρησίαν</strong></span> <span class='ocrx_word' id='word_1_565' title='bbox 2898 1322 3173 1387; x_wconf 88' lang='grc' dir='ltr'><strong>πολιτείας</strong></span> <span class='ocrx_word' id='word_1_566' title='bbox 3194 1339 3208 1352; x_wconf 90' lang='grc'><strong>·</strong></span> <span class='ocrx_word' id='word_1_567' title='bbox 3241 1325 3334 1377; x_wconf 80' lang='grc' dir='ltr'><strong>ἐπὶ</strong></span> <span class='ocrx_word' id='word_1_568' title='bbox 3368 1324 3517 1378; x_wconf 77' lang='grc' dir='ltr'><strong>ἔλεον</strong></span> <span class='ocrx_word' id='word_1_569' title='bbox 3548 1341 3648 1376; x_wconf 87' lang='grc' dir='ltr'><strong>κα-</strong></span> 
     </span>
    </p>
   </div>
   <div class='ocr_carea' id='block_1_78' title="bbox 2063 1402 3639 1479">
    <p class='ocr_par' dir='ltr' id='par_1_78' title="bbox 2063 1402 3639 1479">
     <span class='ocr_line' id='line_1_79' title="bbox 2063 1402 3639 1479; baseline 0.004 -26"><span class='ocrx_word' id='word_1_570' title='bbox 2063 1402 2342 1471; x_wconf 71' lang='grc' dir='ltr'><strong>ταφεύγοι),</strong></span> <span class='ocrx_word' id='word_1_571' title='bbox 2372 1405 2465 1456; x_wconf 76' lang='grc' dir='ltr'><strong>ἐπὶ</strong></span> <span class='ocrx_word' id='word_1_572' title='bbox 2490 1406 2582 1458; x_wconf 88' lang='grc' dir='ltr'><strong>τὸν</strong></span> <span class='ocrx_word' id='word_1_573' title='bbox 2614 1407 2791 1460; x_wconf 89' lang='grc' dir='ltr'><strong>κοινὸν</strong></span> <span class='ocrx_word' id='word_1_574' title='bbox 2822 1406 2931 1460; x_wconf 89' lang='grc' dir='ltr'><strong>τῶν</strong></span> <span class='ocrx_word' id='word_1_575' title='bbox 2966 1407 3370 1479; x_wconf 75' lang='grc' dir='ltr'><strong>ἡμαρτηκότων</strong></span> <span class='ocrx_word' id='word_1_576' title='bbox 3406 1406 3604 1478; x_wconf 83' lang='grc' dir='ltr'><strong>λιμένα</strong></span> <span class='ocrx_word' id='word_1_577' title='bbox 3623 1422 3639 1438; x_wconf 80' lang='grc'><strong><em>⁸</em></strong></span> 
     </span>
    </p>
   </div>
   <div class='ocr_carea' id='block_1_79' title="bbox 2067 1488 3648 1565">
    <p class='ocr_par' dir='ltr' id='par_1_79' title="bbox 2067 1488 3648 1565">
     <span class='ocr_line' id='line_1_80' title="bbox 2067 1488 3648 1565; baseline 0.003 -26"><span class='ocrx_word' id='word_1_578' title='bbox 2067 1488 2161 1541; x_wconf 78' lang='grc' dir='ltr'><strong>ἐπὶ</strong></span> <span class='ocrx_word' id='word_1_579' title='bbox 2190 1488 2335 1542; x_wconf 84' lang='grc' dir='ltr'><strong>έλεον</strong></span> <span class='ocrx_word' id='word_1_580' title='bbox 2363 1488 2717 1559; x_wconf 81' lang='grc' dir='ltr'><strong>καταφεύγω,</strong></span> <span class='ocrx_word' id='word_1_581' title='bbox 2751 1491 2886 1544; x_wconf 82' lang='grc' dir='ltr'><strong>ὅπου</strong></span> <span class='ocrx_word' id='word_1_582' title='bbox 2918 1492 3266 1565; x_wconf 86' lang='grc' dir='ltr'><strong>δικαστήριον</strong></span> <span class='ocrx_word' id='word_1_583' title='bbox 3315 1492 3417 1546; x_wconf 85' lang='grc' dir='ltr'><strong>οὐκ</strong></span> <span class='ocrx_word' id='word_1_584' title='bbox 3464 1490 3611 1544; x_wconf 83' lang='grc' dir='ltr'><strong>ἐστιν</strong></span> <span class='ocrx_word' id='word_1_585' title='bbox 3632 1529 3648 1555; x_wconf 88' lang='grc'><strong>,</strong></span> 
     </span>
    </p>
   </div>
   <div class='ocr_carea' id='block_1_80' title="bbox 2067 1569 3653 1646">
    <p class='ocr_par' dir='ltr' id='par_1_80' title="bbox 2067 1569 3653 1646">
     <span class='ocr_line' id='line_1_81' title="bbox 2067 1569 3653 1646; baseline 0.001 -21"><span class='ocrx_word' id='word_1_586' title='bbox 2067 1572 2202 1625; x_wconf 83' lang='grc' dir='ltr'><strong>ὅπου</strong></span> <span class='ocrx_word' id='word_1_587' title='bbox 2234 1569 2591 1638; x_wconf 82' lang='grc' dir='ltr'><strong>ἀνεξέταστος</strong></span> <span class='ocrx_word' id='word_1_588' title='bbox 2635 1576 2669 1646; x_wconf 85' lang='grc' dir='ltr'><strong>ἡ</strong></span> <span class='ocrx_word' id='word_1_589' title='bbox 2713 1575 2960 1646; x_wconf 87' lang='grc' dir='ltr'><strong>σωτηρία</strong></span> <span class='ocrx_word' id='word_1_590' title='bbox 2983 1591 2998 1605; x_wconf 93' lang='grc'><strong>·</strong></span> <span class='ocrx_word' id='word_1_591' title='bbox 3031 1576 3209 1629; x_wconf 86' lang='grc' dir='ltr'><strong>καίτοι</strong></span> <span class='ocrx_word' id='word_1_592' title='bbox 3249 1575 3393 1629; x_wconf 78' lang='grc' dir='ltr'><strong>οὕτω</strong></span> <span class='ocrx_word' id='word_1_593' title='bbox 3436 1573 3653 1646; x_wconf 80' lang='grc' dir='ltr'><strong>πονηρά</strong></span> 
     </span>
    </p>
   </div>
   <div class='ocr_carea' id='block_1_81' title="bbox 2069 1650 3653 1731">
    <p class='ocr_par' dir='ltr' id='par_1_81' title="bbox 2069 1650 3653 1731">
     <span class='ocr_line' id='line_1_82' title="bbox 2069 1650 3653 1731; baseline 0.003 -23"><span class='ocrx_word' id='word_1_594' title='bbox 2069 1650 2205 1710; x_wconf 78' lang='grc' dir='ltr'><strong>οὖσα</strong></span> <span class='ocrx_word' id='word_1_595' title='bbox 2241 1658 2338 1710; x_wconf 71' lang='grc' dir='ltr'><strong>καὶ</strong></span> <span class='ocrx_word' id='word_1_596' title='bbox 2374 1658 2712 1728; x_wconf 87' lang='grc' dir='ltr'><strong>παράνομος,</strong></span> <span class='ocrx_word' id='word_1_597' title='bbox 2743 1659 3012 1731; x_wconf 89' lang='grc' dir='ltr'><strong>ἐτόλμησε</strong></span> <span class='ocrx_word' id='word_1_598' title='bbox 3045 1660 3385 1731; x_wconf 81' lang='grc' dir='ltr'><strong>προσελθεῖν.</strong></span> <span class='ocrx_word' id='word_1_599' title='bbox 3415 1658 3525 1714; x_wconf 71' lang='grc' dir='ltr'><strong>Καὶ</strong></span> <span class='ocrx_word' id='word_1_600' title='bbox 3550 1659 3653 1731; x_wconf 82' lang='grc' dir='ltr'><strong>ὅρα</strong></span> 
     </span>
    </p>
   </div>
   <div class='ocr_carea' id='block_1_82' title="bbox 2069 1739 3651 1814">
    <p class='ocr_par' dir='ltr' id='par_1_82' title="bbox 2069 1739 3651 1814">
     <span class='ocr_line' id='line_1_83' title="bbox 2069 1739 3651 1814; baseline 0.003 -25"><span class='ocrx_word' id='word_1_601' title='bbox 2069 1739 2330 1806; x_wconf 88' lang='grc' dir='ltr'><strong>γυναικὸς</strong></span> <span class='ocrx_word' id='word_1_602' title='bbox 2377 1739 2694 1809; x_wconf 82' lang='grc' dir='ltr'><strong>φιλοσοφίαν</strong></span> <span class='ocrx_word' id='word_1_603' title='bbox 2716 1757 2729 1771; x_wconf 92' lang='grc'><strong>·</strong></span> <span class='ocrx_word' id='word_1_604' title='bbox 2765 1742 2827 1796; x_wconf 83' lang='grc' dir='ltr'><strong>οὐ</strong></span> <span class='ocrx_word' id='word_1_605' title='bbox 2879 1743 3187 1814; x_wconf 88' lang='grc' dir='ltr'><strong>παρακαλεί</strong></span> <span class='ocrx_word' id='word_1_606' title='bbox 3243 1742 3501 1797; x_wconf 87' lang='grc' dir='ltr'><strong>Ἰάκωϐον</strong></span> <span class='ocrx_word' id='word_1_607' title='bbox 3522 1781 3537 1806; x_wconf 90' lang='grc'><strong>,</strong></span> <span class='ocrx_word' id='word_1_608' title='bbox 3591 1740 3651 1794; x_wconf 83' lang='grc' dir='ltr'><strong>ού</strong></span> 
     </span>
    </p>
   </div>
   <div class='ocr_carea' id='block_1_83' title="bbox 2071 1822 3653 1899">
    <p class='ocr_par' dir='ltr' id='par_1_83' title="bbox 2071 1822 3653 1899">
     <span class='ocr_line' id='line_1_84' title="bbox 2071 1822 3653 1899; baseline 0.001 -24"><span class='ocrx_word' id='word_1_609' title='bbox 2071 1822 2249 1876; x_wconf 83' lang='grc' dir='ltr'><strong>δέεται</strong></span> <span class='ocrx_word' id='word_1_610' title='bbox 2265 1824 2533 1887; x_wconf 87' lang='grc' dir='ltr'><strong>Ἰωάννου,</strong></span> <span class='ocrx_word' id='word_1_611' title='bbox 2558 1825 2680 1878; x_wconf 81' lang='grc' dir='ltr'><strong>οὐδὲ</strong></span> <span class='ocrx_word' id='word_1_612' title='bbox 2709 1826 3071 1897; x_wconf 88' lang='grc' dir='ltr'><strong>προσέρχεται</strong></span> <span class='ocrx_word' id='word_1_613' title='bbox 3101 1827 3314 1899; x_wconf 80' lang='grc' dir='ltr'><strong>Πέτρῳ,</strong></span> <span class='ocrx_word' id='word_1_614' title='bbox 3333 1826 3455 1880; x_wconf 82' lang='grc' dir='ltr'><strong>οὐδὲ</strong></span> <span class='ocrx_word' id='word_1_615' title='bbox 3479 1825 3653 1878; x_wconf 79' lang='grc' dir='ltr'><strong>διέτε-</strong></span> 
     </span>
    </p>
   </div>
   <div class='ocr_carea' id='block_1_84' title="bbox 2078 1908 3655 1982">
    <p class='ocr_par' dir='ltr' id='par_1_84' title="bbox 2078 1908 3655 1982">
     <span class='ocr_line' id='line_1_85' title="bbox 2078 1908 3655 1982; baseline 0 -22"><span class='ocrx_word' id='word_1_616' title='bbox 2078 1926 2146 1980; x_wconf 90' lang='grc' dir='ltr'><strong>με</strong></span> <span class='ocrx_word' id='word_1_617' title='bbox 2169 1908 2260 1961; x_wconf 91' lang='grc' dir='ltr'><strong>τὸν</strong></span> <span class='ocrx_word' id='word_1_618' title='bbox 2290 1909 2472 1980; x_wconf 88' lang='grc' dir='ltr'><strong>χορόν.</strong></span> <span class='ocrx_word' id='word_1_619' title='bbox 2488 1909 2601 1962; x_wconf 84' lang='grc' dir='ltr'><strong>Οὐκ</strong></span> <span class='ocrx_word' id='word_1_620' title='bbox 2623 1909 2731 1980; x_wconf 76' lang='grc' dir='ltr'><strong>ἔχω</strong></span> <span class='ocrx_word' id='word_1_621' title='bbox 2764 1910 2982 1981; x_wconf 88' lang='grc' dir='ltr'><strong>μεσίτου</strong></span> <span class='ocrx_word' id='word_1_622' title='bbox 3008 1911 3215 1982; x_wconf 87' lang='grc' dir='ltr'><strong>χρείαν,</strong></span> <span class='ocrx_word' id='word_1_623' title='bbox 3247 1910 3384 1965; x_wconf 83' lang='grc' dir='ltr'>ἀλλὰ</span> <span class='ocrx_word' id='word_1_624' title='bbox 3411 1908 3655 1964; x_wconf 88' lang='grc' dir='ltr'><strong>λαϐοῦσα</strong></span> 
     </span>
    </p>
   </div>
   <div class='ocr_carea' id='block_1_85' title="bbox 2073 1991 3659 2066">
    <p class='ocr_par' dir='ltr' id='par_1_85' title="bbox 2073 1991 3659 2066">
     <span class='ocr_line' id='line_1_86' title="bbox 2073 1991 3659 2066; baseline 0.008 -24"><span class='ocrx_word' id='word_1_625' title='bbox 2073 1991 2173 2060; x_wconf 83' lang='grc' dir='ltr'><strong>τὴν</strong></span> <span class='ocrx_word' id='word_1_626' title='bbox 2209 1991 2497 2061; x_wconf 90' lang='grc' dir='ltr'><strong>μετάνοιαν</strong></span> <span class='ocrx_word' id='word_1_627' title='bbox 2537 1995 2862 2065; x_wconf 88' lang='grc' dir='ltr'><strong>συνήγορον,</strong></span> <span class='ocrx_word' id='word_1_628' title='bbox 2904 1995 3040 2066; x_wconf 81' lang='grc' dir='ltr'><strong>αὐτῇ</strong></span> <span class='ocrx_word' id='word_1_629' title='bbox 3069 1997 3136 2065; x_wconf 84' lang='grc' dir='ltr'><strong>τῇ</strong></span> <span class='ocrx_word' id='word_1_630' title='bbox 3181 1996 3330 2066; x_wconf 87' lang='grc' dir='ltr'><strong>πηγῇ</strong></span> <span class='ocrx_word' id='word_1_631' title='bbox 3364 1992 3659 2064; x_wconf 82' lang='grc' dir='ltr'><strong>προσέρχο-</strong></span> 
     </span>
    </p>
   </div>
   <div class='ocr_carea' id='block_1_86' title="bbox 2080 2072 3657 2149">
    <p class='ocr_par' dir='ltr' id='par_1_86' title="bbox 2080 2072 3657 2149">
     <span class='ocr_line' id='line_1_87' title="bbox 2080 2072 3657 2149; baseline 0.001 -23"><span class='ocrx_word' id='word_1_632' title='bbox 2080 2091 2195 2144; x_wconf 90' lang='grc' dir='ltr'><strong>μαι.</strong></span> <span class='ocrx_word' id='word_1_633' title='bbox 2210 2072 2310 2128; x_wconf 82' lang='grc' dir='ltr'><strong>Διά</strong></span> <span class='ocrx_word' id='word_1_634' title='bbox 2336 2073 2495 2128; x_wconf 85' lang='grc' dir='ltr'><strong>τοῦτο</strong></span> <span class='ocrx_word' id='word_1_635' title='bbox 2524 2075 2747 2146; x_wconf 83' lang='grc' dir='ltr'><strong>κατέϐη,</strong></span> <span class='ocrx_word' id='word_1_636' title='bbox 2766 2077 2854 2130; x_wconf 83' lang='grc' dir='ltr'><strong>διὰ</strong></span> <span class='ocrx_word' id='word_1_637' title='bbox 2878 2075 3038 2129; x_wconf 88' lang='grc' dir='ltr'><strong>τοῦτο</strong></span> <span class='ocrx_word' id='word_1_638' title='bbox 3062 2078 3241 2149; x_wconf 88' lang='grc' dir='ltr'><strong>σάρκα</strong></span> <span class='ocrx_word' id='word_1_639' title='bbox 3267 2075 3548 2139; x_wconf 89' lang='grc' dir='ltr'><strong>ἀνέλαϐεν,</strong></span> <span class='ocrx_word' id='word_1_640' title='bbox 3567 2075 3657 2128; x_wconf 80' lang='grc' dir='ltr'><strong>ἴνα</strong></span> 
     </span>
    </p>
   </div>
   <div class='ocr_carea' id='block_1_87' title="bbox 2077 2156 3662 2232">
    <p class='ocr_par' dir='ltr' id='par_1_87' title="bbox 2077 2156 3662 2232">
     <span class='ocr_line' id='line_1_88' title="bbox 2077 2156 3662 2232; baseline 0 -21"><span class='ocrx_word' id='word_1_641' title='bbox 2077 2156 2234 2225; x_wconf 85' lang='grc' dir='ltr'><strong>κάγὼ</strong></span> <span class='ocrx_word' id='word_1_642' title='bbox 2259 2157 2409 2228; x_wconf 80' lang='grc' dir='ltr'><strong>αὐτῷ</strong></span> <span class='ocrx_word' id='word_1_643' title='bbox 2444 2158 2730 2230; x_wconf 87' lang='grc' dir='ltr'><strong>διαλεχθῶ.</strong></span> <span class='ocrx_word' id='word_1_644' title='bbox 2756 2162 2905 2214; x_wconf 77' lang='grc' dir='ltr'><strong>Ἀνω</strong></span> <span class='ocrx_word' id='word_1_645' title='bbox 2944 2162 3013 2213; x_wconf 83' lang='grc' dir='ltr'><strong>τὰ</strong></span> <span class='ocrx_word' id='word_1_646' title='bbox 3042 2161 3323 2232; x_wconf 75' lang='grc' dir='ltr'><strong>Χερουϐὶμ</strong></span> <span class='ocrx_word' id='word_1_647' title='bbox 3351 2158 3514 2212; x_wconf 84' lang='grc' dir='ltr'><strong>αὐτὸν</strong></span> <span class='ocrx_word' id='word_1_648' title='bbox 3541 2158 3662 2229; x_wconf 87' lang='grc' dir='ltr'><strong>τρέ-</strong></span> 
     </span>
    </p>
   </div>
   <div class='ocr_carea' id='block_1_88' title="bbox 2082 2240 3657 2313">
    <p class='ocr_par' dir='ltr' id='par_1_88' title="bbox 2082 2240 3657 2313">
     <span class='ocr_line' id='line_1_89' title="bbox 2082 2240 3657 2313; baseline 0 -20"><span class='ocrx_word' id='word_1_649' title='bbox 2082 2258 2194 2309; x_wconf 91' lang='grc' dir='ltr'><strong>μει,</strong></span> <span class='ocrx_word' id='word_1_650' title='bbox 2226 2241 2317 2293; x_wconf 78' lang='grc' dir='ltr'><strong>καὶ</strong></span> <span class='ocrx_word' id='word_1_651' title='bbox 2335 2242 2486 2294; x_wconf 89' lang='grc' dir='ltr'><strong>κάτω</strong></span> <span class='ocrx_word' id='word_1_652' title='bbox 2504 2242 2678 2313; x_wconf 89' lang='grc' dir='ltr'><strong>πόρνη</strong></span> <span class='ocrx_word' id='word_1_653' title='bbox 2701 2242 2849 2312; x_wconf 84' lang='grc' dir='ltr'><strong>αὐτῷ</strong></span> <span class='ocrx_word' id='word_1_654' title='bbox 2877 2242 3204 2311; x_wconf 88' lang='grc' dir='ltr'><strong>διαλέγεται.</strong></span> <span class='ocrx_word' id='word_1_655' title='bbox 3248 2240 3545 2308; x_wconf 71' lang='grc' dir='ltr'><strong>Ἐλέησόν</strong></span> <span class='ocrx_word' id='word_1_656' title='bbox 3559 2256 3657 2309; x_wconf 83' lang='grc' dir='ltr'><strong>με.</strong></span> 
     </span>
    </p>
   </div>
   <div class='ocr_carea' id='block_1_89' title="bbox 2078 2324 3662 2398">
    <p class='ocr_par' dir='ltr' id='par_1_89' title="bbox 2078 2324 3662 2398">
     <span class='ocr_line' id='line_1_90' title="bbox 2078 2324 3662 2398; baseline -0.002 -19"><span class='ocrx_word' id='word_1_657' title='bbox 2078 2325 2248 2379; x_wconf 77' lang='grc' dir='ltr'><strong>Ψιλὸν</strong></span> <span class='ocrx_word' id='word_1_658' title='bbox 2275 2325 2336 2378; x_wconf 89' lang='grc' dir='ltr'><strong>τὸ</strong></span> <span class='ocrx_word' id='word_1_659' title='bbox 2366 2326 2539 2396; x_wconf 77' lang='grc' dir='ltr'><strong>ῥῆμα,</strong></span> <span class='ocrx_word' id='word_1_660' title='bbox 2584 2328 2679 2380; x_wconf 76' lang='grc' dir='ltr'><strong>καὶ</strong></span> <span class='ocrx_word' id='word_1_661' title='bbox 2707 2324 2943 2396; x_wconf 60' lang='grc' dir='ltr'><strong>πέλαγος</strong></span> <span class='ocrx_word' id='word_1_662' title='bbox 2985 2328 3184 2398; x_wconf 82' lang='grc' dir='ltr'><strong>ἀχανὲς</strong></span> <span class='ocrx_word' id='word_1_663' title='bbox 3212 2325 3488 2397; x_wconf 80' lang='grc' dir='ltr'><strong>σωτηρίας</strong></span> <span class='ocrx_word' id='word_1_664' title='bbox 3521 2324 3662 2395; x_wconf 81' lang='grc' dir='ltr'><strong>εὑρί-</strong></span> 
     </span>
    </p>
   </div>
   <div class='ocr_carea' id='block_1_90' title="bbox 2082 2406 3662 2481">
    <p class='ocr_par' dir='ltr' id='par_1_90' title="bbox 2082 2406 3662 2481">
     <span class='ocr_line' id='line_1_91' title="bbox 2082 2406 3662 2481; baseline -0.003 -19"><span class='ocrx_word' id='word_1_665' title='bbox 2082 2425 2223 2463; x_wconf 87' lang='grc' dir='ltr'><strong>σκει.</strong></span> <span class='ocrx_word' id='word_1_666' title='bbox 2266 2408 2554 2476; x_wconf 77' lang='grc' dir='ltr'><strong>Ἐλέησόν</strong></span> <span class='ocrx_word' id='word_1_667' title='bbox 2571 2426 2649 2479; x_wconf 87' lang='grc' dir='ltr'><strong>με</strong></span> <span class='ocrx_word' id='word_1_668' title='bbox 2671 2423 2686 2438; x_wconf 88' lang='grc'><strong>·</strong></span> <span class='ocrx_word' id='word_1_669' title='bbox 2721 2409 2810 2463; x_wconf 85' lang='grc' dir='ltr'><strong>διὰ</strong></span> <span class='ocrx_word' id='word_1_670' title='bbox 2834 2410 2995 2463; x_wconf 90' lang='grc' dir='ltr'><strong>τοῦτο</strong></span> <span class='ocrx_word' id='word_1_671' title='bbox 3019 2410 3351 2481; x_wconf 84' lang='grc' dir='ltr'><strong>παρεγένου,</strong></span> <span class='ocrx_word' id='word_1_672' title='bbox 3382 2408 3472 2462; x_wconf 88' lang='grc' dir='ltr'><strong>διά</strong></span> <span class='ocrx_word' id='word_1_673' title='bbox 3501 2406 3662 2460; x_wconf 86' lang='grc' dir='ltr'><strong>τοῦτο</strong></span> 
     </span>
    </p>
   </div>
   <div class='ocr_carea' id='block_1_91' title="bbox 2083 2491 3658 2563">
    <p class='ocr_par' dir='ltr' id='par_1_91' title="bbox 2083 2491 3658 2563">
     <span class='ocr_line' id='line_1_92' title="bbox 2083 2491 3658 2563; baseline 0.001 -19"><span class='ocrx_word' id='word_1_674' title='bbox 2083 2491 2263 2563; x_wconf 90' lang='grc' dir='ltr'><strong>σάρκα</strong></span> <span class='ocrx_word' id='word_1_675' title='bbox 2304 2491 2585 2555; x_wconf 87' lang='grc' dir='ltr'><strong>ἀνέλαϐες,</strong></span> <span class='ocrx_word' id='word_1_676' title='bbox 2640 2491 2728 2545; x_wconf 79' lang='grc' dir='ltr'><strong>διὰ</strong></span> <span class='ocrx_word' id='word_1_677' title='bbox 2770 2492 2928 2545; x_wconf 89' lang='grc' dir='ltr'><strong>τοῦτο</strong></span> <span class='ocrx_word' id='word_1_678' title='bbox 2977 2494 3165 2560; x_wconf 80' lang='grc' dir='ltr'><strong>ἐγένου</strong></span> <span class='ocrx_word' id='word_1_679' title='bbox 3206 2493 3345 2563; x_wconf 82' lang='grc' dir='ltr'><strong>ὅπερ</strong></span> <span class='ocrx_word' id='word_1_680' title='bbox 3384 2491 3494 2561; x_wconf 88' lang='grc' dir='ltr'><strong>ἐγώ</strong></span> <span class='ocrx_word' id='word_1_681' title='bbox 3522 2493 3658 2561; x_wconf 89' lang='grc' dir='ltr'><strong>εἰμι.</strong></span> 
     </span>
    </p>
   </div>
   <div class='ocr_carea' id='block_1_92' title="bbox 2086 2572 3663 2646">
    <p class='ocr_par' dir='ltr' id='par_1_92' title="bbox 2086 2572 3663 2646">
     <span class='ocr_line' id='line_1_93' title="bbox 2086 2572 3663 2646; baseline -0.001 -20"><span class='ocrx_word' id='word_1_682' title='bbox 2086 2574 2233 2627; x_wconf 83' lang='grc' dir='ltr'><strong>Ἀνω</strong></span> <span class='ocrx_word' id='word_1_683' title='bbox 2259 2574 2483 2645; x_wconf 85' lang='grc' dir='ltr'><strong>τρόμος,</strong></span> <span class='ocrx_word' id='word_1_684' title='bbox 2516 2575 2610 2629; x_wconf 69' lang='grc' dir='ltr'><strong>καὶ</strong></span> <span class='ocrx_word' id='word_1_685' title='bbox 2634 2576 2785 2629; x_wconf 87' lang='grc' dir='ltr'><strong>κάτω</strong></span> <span class='ocrx_word' id='word_1_686' title='bbox 2806 2574 3106 2646; x_wconf 78' lang='grc' dir='ltr'><strong>παρρησία.</strong></span> <span class='ocrx_word' id='word_1_687' title='bbox 3154 2574 3444 2642; x_wconf 82' lang='grc' dir='ltr'><strong>Ἐλέησόν</strong></span> <span class='ocrx_word' id='word_1_688' title='bbox 3470 2590 3547 2643; x_wconf 85' lang='grc' dir='ltr'><strong>με</strong></span> <span class='ocrx_word' id='word_1_689' title='bbox 3564 2589 3576 2601; x_wconf 89' lang='grc'><strong>·</strong></span> <span class='ocrx_word' id='word_1_690' title='bbox 3599 2572 3663 2624; x_wconf 85' lang='grc' dir='ltr'><strong>οὐ</strong></span> 
     </span>
    </p>
   </div>
   <div class='ocr_carea' id='block_1_93' title="bbox 2083 2657 3663 2729">
    <p class='ocr_par' dir='ltr' id='par_1_93' title="bbox 2083 2657 3663 2729">
     <span class='ocr_line' id='line_1_94' title="bbox 2083 2657 3663 2729; baseline -0.002 -19"><span class='ocrx_word' id='word_1_691' title='bbox 2083 2657 2273 2728; x_wconf 90' lang='grc' dir='ltr'><strong>χρείαν</strong></span> <span class='ocrx_word' id='word_1_692' title='bbox 2304 2657 2411 2728; x_wconf 85' lang='grc' dir='ltr'><strong>έχω</strong></span> <span class='ocrx_word' id='word_1_693' title='bbox 2441 2657 2683 2729; x_wconf 84' lang='grc' dir='ltr'><strong>μεσίτου,</strong></span> <span class='ocrx_word' id='word_1_694' title='bbox 2716 2658 3012 2725; x_wconf 72' lang='grc' dir='ltr'><strong>Ἐλέησόν</strong></span> <span class='ocrx_word' id='word_1_695' title='bbox 3042 2675 3139 2727; x_wconf 84' lang='grc' dir='ltr'><strong>με,</strong></span> <span class='ocrx_word' id='word_1_696' title='bbox 3163 2658 3227 2710; x_wconf 86' lang='grc' dir='ltr'><strong>Τί</strong></span> <span class='ocrx_word' id='word_1_697' title='bbox 3264 2657 3409 2728; x_wconf 72' lang='grc' dir='ltr'><strong>ἔχεις</strong></span> <span class='ocrx_word' id='word_1_698' title='bbox 3431 2674 3445 2723; x_wconf 91' lang='grc'>;</span> <span class='ocrx_word' id='word_1_699' title='bbox 3470 2657 3663 2710; x_wconf 81' lang='grc' dir='ltr'><strong>Ἐλεον</strong></span> 
     </span>
    </p>
   </div>
   <div class='ocr_carea' id='block_1_94' title="bbox 2086 2737 3665 2813">
    <p class='ocr_par' dir='ltr' id='par_1_94' title="bbox 2086 2737 3665 2813">
     <span class='ocr_line' id='line_1_95' title="bbox 2086 2737 3665 2813; baseline -0.001 -21"><span class='ocrx_word' id='word_1_700' title='bbox 2086 2739 2236 2813; x_wconf 71' lang='grc'><strong>[456]</strong></span> <span class='ocrx_word' id='word_1_701' title='bbox 2289 2741 2456 2811; x_wconf 82' lang='grc' dir='ltr'><strong>ζητῶ.</strong></span> <span class='ocrx_word' id='word_1_702' title='bbox 2488 2741 2552 2794; x_wconf 89' lang='grc' dir='ltr'><strong>Τί</strong></span> <span class='ocrx_word' id='word_1_703' title='bbox 2588 2742 2846 2812; x_wconf 87' lang='grc' dir='ltr'><strong>πάσχεις;</strong></span> <span class='ocrx_word' id='word_1_704' title='bbox 2884 2741 2958 2795; x_wconf 86' lang='grc' dir='ltr'>Ἡ</span> <span class='ocrx_word' id='word_1_705' title='bbox 2996 2742 3260 2810; x_wconf 77' lang='grc' dir='ltr'><strong>θυγάτηρ</strong></span> <span class='ocrx_word' id='word_1_706' title='bbox 3293 2758 3412 2810; x_wconf 85' lang='grc' dir='ltr'><strong>μου</strong></span> <span class='ocrx_word' id='word_1_707' title='bbox 3465 2737 3665 2804; x_wconf 73' lang='grc' dir='ltr'><strong>κακῶς</strong></span> 
     </span>
    </p>
   </div>
   <div class='ocr_carea' id='block_1_95' title="bbox 2084 2822 3666 2895">
    <p class='ocr_par' dir='ltr' id='par_1_95' title="bbox 2084 2822 3666 2895">
     <span class='ocr_line' id='line_1_96' title="bbox 2084 2822 3666 2895; baseline -0.001 -20"><span class='ocrx_word' id='word_1_708' title='bbox 2084 2822 2508 2893; x_wconf 80' lang='grc' dir='ltr'><strong>δαιμονίζεται·</strong></span> <span class='ocrx_word' id='word_1_709' title='bbox 2552 2826 2586 2893; x_wconf 83' lang='grc' dir='ltr'><strong>ἡ</strong></span> <span class='ocrx_word' id='word_1_710' title='bbox 2629 2825 2790 2892; x_wconf 84' lang='grc' dir='ltr'><strong>φύσις</strong></span> <span class='ocrx_word' id='word_1_711' title='bbox 2844 2823 3213 2893; x_wconf 80' lang='grc' dir='ltr'><strong>βασανίζεται,</strong></span> <span class='ocrx_word' id='word_1_712' title='bbox 3265 2826 3299 2895; x_wconf 93' lang='grc' dir='ltr'><strong>ἡ</strong></span> <span class='ocrx_word' id='word_1_713' title='bbox 3349 2823 3666 2895; x_wconf 88' lang='grc' dir='ltr'><strong>συμπάθεια</strong></span> 
     </span>
    </p>
   </div>
   <div class='ocr_carea' id='block_1_96' title="bbox 2085 2906 3664 2978">
    <p class='ocr_par' dir='ltr' id='par_1_96' title="bbox 2085 2906 3664 2978">
     <span class='ocr_line' id='line_1_97' title="bbox 2085 2906 3664 2978; baseline -0.001 -18"><span class='ocrx_word' id='word_1_714' title='bbox 2085 2906 2443 2977; x_wconf 74' lang='grc' dir='ltr'><strong>γυμνάζεται.</strong></span> <span class='ocrx_word' id='word_1_715' title='bbox 2480 2906 2702 2977; x_wconf 79' lang='grc' dir='ltr'><strong>Ἐξῆλθε</strong></span> <span class='ocrx_word' id='word_1_716' title='bbox 2745 2908 3045 2978; x_wconf 80' lang='grc' dir='ltr'><strong>συνήγορος</strong></span> <span class='ocrx_word' id='word_1_717' title='bbox 3088 2906 3183 2960; x_wconf 87' lang='grc' dir='ltr'><strong>τοῦ</strong></span> <span class='ocrx_word' id='word_1_718' title='bbox 3230 2907 3560 2978; x_wconf 86' lang='grc' dir='ltr'><strong>θυγατρίου·</strong></span> <span class='ocrx_word' id='word_1_719' title='bbox 3602 2906 3664 2959; x_wconf 86' lang='grc' dir='ltr'><strong>οὐ</strong></span> 
     </span>
    </p>
   </div>
   <div class='ocr_carea' id='block_1_97' title="bbox 2088 2991 3666 3064">
    <p class='ocr_par' dir='ltr' id='par_1_97' title="bbox 2088 2991 3666 3064">
     <span class='ocr_line' id='line_1_98' title="bbox 2088 2991 3666 3064; baseline 0 -21"><span class='ocrx_word' id='word_1_720' title='bbox 2088 2992 2243 3063; x_wconf 86' lang='grc' dir='ltr'><strong>φέρει</strong></span> <span class='ocrx_word' id='word_1_721' title='bbox 2281 2992 2381 3063; x_wconf 83' lang='grc' dir='ltr'><strong>τὴν</strong></span> <span class='ocrx_word' id='word_1_722' title='bbox 2411 2991 2693 3055; x_wconf 79' lang='grc' dir='ltr'><strong>νοσοῦσαν,</strong></span> <span class='ocrx_word' id='word_1_723' title='bbox 2740 2991 2876 3045; x_wconf 85' lang='grc' dir='ltr'><strong>ἀλλά</strong></span> <span class='ocrx_word' id='word_1_724' title='bbox 2926 2992 3083 3064; x_wconf 83' lang='grc' dir='ltr'><strong>φέρει</strong></span> <span class='ocrx_word' id='word_1_725' title='bbox 3126 2992 3225 3064; x_wconf 80' lang='grc' dir='ltr'><strong>τὴν</strong></span> <span class='ocrx_word' id='word_1_726' title='bbox 3273 2991 3488 3045; x_wconf 87' lang='grc' dir='ltr'><strong>πίστιν·</strong></span> <span class='ocrx_word' id='word_1_727' title='bbox 3532 2991 3666 3055; x_wconf 89' lang='grc' dir='ltr'><strong>Θεός</strong></span> 
     </span>
    </p>
   </div>
   <div class='ocr_carea' id='block_1_98' title="bbox 2087 3073 3670 3144">
    <p class='ocr_par' dir='ltr' id='par_1_98' title="bbox 2087 3073 3670 3144">
     <span class='ocr_line' id='line_1_99' title="bbox 2087 3073 3670 3144; baseline -0.002 -17"><span class='ocrx_word' id='word_1_728' title='bbox 2087 3075 2224 3138; x_wconf 91' lang='grc' dir='ltr'><strong>ἐστι,</strong></span> <span class='ocrx_word' id='word_1_729' title='bbox 2260 3076 2353 3128; x_wconf 79' lang='grc' dir='ltr'><strong>καὶ</strong></span> <span class='ocrx_word' id='word_1_730' title='bbox 2380 3074 2448 3129; x_wconf 81' lang='grc' dir='ltr'><strong>τά</strong></span> <span class='ocrx_word' id='word_1_731' title='bbox 2481 3074 2658 3127; x_wconf 88' lang='grc' dir='ltr'><strong>πάντα</strong></span> <span class='ocrx_word' id='word_1_732' title='bbox 2689 3074 2893 3144; x_wconf 82' lang='grc' dir='ltr'><strong>βλέπει.</strong></span> <span class='ocrx_word' id='word_1_733' title='bbox 2934 3074 3002 3129; x_wconf 77' lang='grc'><strong>’11</strong></span> <span class='ocrx_word' id='word_1_734' title='bbox 3037 3074 3299 3144; x_wconf 81' lang='grc' dir='ltr'><strong>θυγάτηρ</strong></span> <span class='ocrx_word' id='word_1_735' title='bbox 3325 3091 3444 3143; x_wconf 84' lang='grc' dir='ltr'><strong>μου</strong></span> <span class='ocrx_word' id='word_1_736' title='bbox 3470 3073 3670 3139; x_wconf 82' lang='grc' dir='ltr'><strong>κακῶς</strong></span> 
     </span>
    </p>
   </div>
   <div class='ocr_carea' id='block_1_99' title="bbox 2088 3155 3668 3229">
    <p class='ocr_par' dir='ltr' id='par_1_99' title="bbox 2088 3155 3668 3229">
     <span class='ocr_line' id='line_1_100' title="bbox 2088 3155 3668 3229; baseline -0.001 -19"><span class='ocrx_word' id='word_1_737' title='bbox 2088 3155 2502 3227; x_wconf 65' lang='grc' dir='ltr'><strong>δαιμονίζεται.</strong></span> <span class='ocrx_word' id='word_1_738' title='bbox 2529 3157 2729 3220; x_wconf 86' lang='grc' dir='ltr'><strong>Πένθος</strong></span> <span class='ocrx_word' id='word_1_739' title='bbox 2745 3156 3001 3229; x_wconf 89' lang='grc' dir='ltr'><strong>χαλεπόν·</strong></span> <span class='ocrx_word' id='word_1_740' title='bbox 3015 3157 3075 3211; x_wconf 89' lang='grc' dir='ltr'><strong>τὸ</strong></span> <span class='ocrx_word' id='word_1_741' title='bbox 3091 3156 3314 3228; x_wconf 88' lang='grc' dir='ltr'><strong>κέντρον</strong></span> <span class='ocrx_word' id='word_1_742' title='bbox 3331 3156 3431 3225; x_wconf 80' lang='grc' dir='ltr'><strong>τῆς</strong></span> <span class='ocrx_word' id='word_1_743' title='bbox 3453 3156 3668 3225; x_wconf 86' lang='grc' dir='ltr'><strong>φύσεως</strong></span> 
     </span>
    </p>
   </div>
   <div class='ocr_carea' id='block_1_100' title="bbox 2092 3240 3666 3313">
    <p class='ocr_par' dir='ltr' id='par_1_100' title="bbox 2092 3240 3666 3313">
     <span class='ocr_line' id='line_1_101' title="bbox 2092 3240 3666 3313; baseline 0.001 -20"><span class='ocrx_word' id='word_1_744' title='bbox 2092 3241 2187 3311; x_wconf 84' lang='grc' dir='ltr'><strong>τὴν</strong></span> <span class='ocrx_word' id='word_1_745' title='bbox 2207 3242 2421 3313; x_wconf 80' lang='grc' dir='ltr'><strong>μήτραν</strong></span> <span class='ocrx_word' id='word_1_746' title='bbox 2436 3240 2694 3313; x_wconf 87' lang='grc' dir='ltr'><strong>διέσχισε,</strong></span> <span class='ocrx_word' id='word_1_747' title='bbox 2713 3242 2774 3295; x_wconf 80' lang='grc' dir='ltr'><strong>τὸ</strong></span> <span class='ocrx_word' id='word_1_748' title='bbox 2798 3240 3090 3295; x_wconf 84' lang='grc' dir='ltr'><strong>κλυδώνιον</strong></span> <span class='ocrx_word' id='word_1_749' title='bbox 3114 3244 3169 3294; x_wconf 84' lang='grc' dir='ltr'><strong>ἐν</strong></span> <span class='ocrx_word' id='word_1_750' title='bbox 3184 3245 3297 3306; x_wconf 85' lang='grc' dir='ltr'><strong>τοῖς</strong></span> <span class='ocrx_word' id='word_1_751' title='bbox 3315 3241 3666 3312; x_wconf 87' lang='grc' dir='ltr'><strong>σπλάγχνοις.</strong></span> 
     </span>
    </p>
   </div>
   <div class='ocr_carea' id='block_1_101' title="bbox 2091 3324 3672 3396">
    <p class='ocr_par' dir='ltr' id='par_1_101' title="bbox 2091 3324 3672 3396">
     <span class='ocr_line' id='line_1_102' title="bbox 2091 3324 3672 3396; baseline -0.001 -19"><span class='ocrx_word' id='word_1_752' title='bbox 2091 3324 2157 3377; x_wconf 90' lang='grc' dir='ltr'><strong>Τί</strong></span> <span class='ocrx_word' id='word_1_753' title='bbox 2180 3327 2392 3395; x_wconf 88' lang='grc' dir='ltr'><strong>ποιήσω</strong></span> <span class='ocrx_word' id='word_1_754' title='bbox 2410 3340 2424 3389; x_wconf 90' lang='grc'>;</span> <span class='ocrx_word' id='word_1_755' title='bbox 2448 3325 2777 3396; x_wconf 84' lang='grc' dir='ltr'><strong>ἀπόλλυμαι.</strong></span> <span class='ocrx_word' id='word_1_756' title='bbox 2793 3326 2903 3379; x_wconf 84' lang='lat' dir='ltr'><strong><em>Kal</em></strong></span> <span class='ocrx_word' id='word_1_757' title='bbox 2929 3325 3017 3378; x_wconf 86' lang='grc' dir='ltr'><strong>διὰ</strong></span> <span class='ocrx_word' id='word_1_758' title='bbox 3032 3324 3083 3378; x_wconf 90' lang='grc' dir='ltr'><strong>τί</strong></span> <span class='ocrx_word' id='word_1_759' title='bbox 3111 3324 3185 3396; x_wconf 81' lang='grc' dir='ltr'><strong>μὴ</strong></span> <span class='ocrx_word' id='word_1_760' title='bbox 3200 3326 3399 3394; x_wconf 85' lang='grc' dir='ltr'><strong>λέγεις,</strong></span> <span class='ocrx_word' id='word_1_761' title='bbox 3417 3325 3672 3395; x_wconf 86' lang='grc' dir='ltr'><strong>Ἐλέησον</strong></span> 
     </span>
    </p>
   </div>
   <div class='ocr_carea' id='block_1_102' title="bbox 2092 3405 3672 3479">
    <p class='ocr_par' dir='ltr' id='par_1_102' title="bbox 2092 3405 3672 3479">
     <span class='ocr_line' id='line_1_103' title="bbox 2092 3405 3672 3479; baseline -0.001 -20"><span class='ocrx_word' id='word_1_762' title='bbox 2092 3408 2192 3479; x_wconf 75' lang='grc' dir='ltr'><strong>τὴν</strong></span> <span class='ocrx_word' id='word_1_763' title='bbox 2220 3405 2498 3479; x_wconf 88' lang='grc' dir='ltr'><strong>θυγατέρα</strong></span> <span class='ocrx_word' id='word_1_764' title='bbox 2526 3425 2657 3478; x_wconf 88' lang='grc' dir='ltr'><strong>μου,</strong></span> <span class='ocrx_word' id='word_1_765' title='bbox 2694 3407 2851 3470; x_wconf 76' lang='grc' dir='ltr'><strong>ἀλλὰ,</strong></span> <span class='ocrx_word' id='word_1_766' title='bbox 2896 3408 3190 3476; x_wconf 74' lang='grc' dir='ltr'><strong>Ἐλέησόν</strong></span> <span class='ocrx_word' id='word_1_767' title='bbox 3222 3425 3332 3478; x_wconf 85' lang='grc' dir='ltr'><strong>με;</strong></span> <span class='ocrx_word' id='word_1_768' title='bbox 3369 3408 3584 3477; x_wconf 87' lang='grc' dir='ltr'><strong>Ἐκείνη</strong></span> <span class='ocrx_word' id='word_1_769' title='bbox 3612 3408 3672 3458; x_wconf 85' lang='grc' dir='ltr'><strong>ἐν</strong></span> 
     </span>
    </p>
   </div>
   <div class='ocr_carea' id='block_1_103' title="bbox 2093 3488 3777 3564">
    <p class='ocr_par' dir='ltr' id='par_1_103' title="bbox 2093 3488 3777 3564">
     <span class='ocr_line' id='line_1_104' title="bbox 2093 3488 3777 3564; baseline -0.001 -20"><span class='ocrx_word' id='word_1_770' title='bbox 2093 3491 2423 3564; x_wconf 81' lang='grc' dir='ltr'><strong>ἀναισθησίᾳ</strong></span> <span class='ocrx_word' id='word_1_771' title='bbox 2456 3491 2570 3562; x_wconf 82' lang='grc' dir='ltr'><strong>ἔχει</strong></span> <span class='ocrx_word' id='word_1_772' title='bbox 2601 3493 2663 3545; x_wconf 91' lang='grc' dir='ltr'><strong>τὸ</strong></span> <span class='ocrx_word' id='word_1_773' title='bbox 2691 3492 2885 3558; x_wconf 89' lang='grc' dir='ltr'><strong>πάθος,</strong></span> <span class='ocrx_word' id='word_1_774' title='bbox 2918 3492 3017 3545; x_wconf 85' lang='grc' dir='ltr'><strong>οὐκ</strong></span> <span class='ocrx_word' id='word_1_775' title='bbox 3059 3488 3168 3544; x_wconf 72' lang='grc' dir='ltr'><strong>οἶδε</strong></span> <span class='ocrx_word' id='word_1_776' title='bbox 3212 3493 3266 3546; x_wconf 91' lang='grc' dir='ltr'><strong>τί</strong></span> <span class='ocrx_word' id='word_1_777' title='bbox 3314 3492 3537 3562; x_wconf 87' lang='grc' dir='ltr'><strong>πάσχει,</strong></span> <span class='ocrx_word' id='word_1_778' title='bbox 3571 3489 3674 3543; x_wconf 85' lang='grc' dir='ltr'><strong>οὐκ</strong></span> <span class='ocrx_word' id='word_1_779' title='bbox 3768 3524 3777 3527; x_wconf 61' lang='grc' dir='ltr'><strong>τ</strong></span> 
     </span>
    </p>
   </div>
   <div class='ocr_carea' id='block_1_104' title="bbox 2094 3573 3674 3646">
    <p class='ocr_par' dir='ltr' id='par_1_104' title="bbox 2094 3573 3674 3646">
     <span class='ocr_line' id='line_1_105' title="bbox 2094 3573 3674 3646; baseline -0.001 -19"><span class='ocrx_word' id='word_1_780' title='bbox 2094 3574 2409 3628; x_wconf 87' lang='grc' dir='ltr'><strong>αἰσθάνεται</strong></span> <span class='ocrx_word' id='word_1_781' title='bbox 2430 3575 2531 3644; x_wconf 81' lang='grc' dir='ltr'><strong>τῆς</strong></span> <span class='ocrx_word' id='word_1_782' title='bbox 2561 3573 2774 3644; x_wconf 83' lang='grc' dir='ltr'><strong>ὀδύνης,</strong></span> <span class='ocrx_word' id='word_1_783' title='bbox 2803 3574 3220 3646; x_wconf 86' lang='grc' dir='ltr'><strong>παραπέτασμα</strong></span> <span class='ocrx_word' id='word_1_784' title='bbox 3256 3575 3356 3646; x_wconf 80' lang='grc' dir='ltr'><strong>τῆς</strong></span> <span class='ocrx_word' id='word_1_785' title='bbox 3385 3575 3674 3645; x_wconf 84' lang='grc' dir='ltr'><strong>συμφορᾶς</strong></span> 
     </span>
    </p>
   </div>
   <div class='ocr_carea' id='block_1_105' title="bbox 2095 3655 3674 3728">
    <p class='ocr_par' dir='ltr' id='par_1_105' title="bbox 2095 3655 3674 3728">
     <span class='ocr_line' id='line_1_106' title="bbox 2095 3655 3674 3728; baseline -0.001 -19"><span class='ocrx_word' id='word_1_786' title='bbox 2095 3656 2294 3727; x_wconf 71' lang='grc' dir='ltr'><strong>ἔχουσα</strong></span> <span class='ocrx_word' id='word_1_787' title='bbox 2332 3657 2396 3710; x_wconf 88' lang='grc' dir='ltr'><strong>τὸ</strong></span> <span class='ocrx_word' id='word_1_788' title='bbox 2423 3656 2715 3721; x_wconf 81' lang='grc' dir='ltr'><strong>ἀνώδυνον,</strong></span> <span class='ocrx_word' id='word_1_789' title='bbox 2749 3657 2947 3727; x_wconf 80' lang='grc' dir='ltr'><strong>μᾶλλον</strong></span> <span class='ocrx_word' id='word_1_790' title='bbox 2980 3657 3037 3709; x_wconf 84' lang='grc' dir='ltr'><strong>δέ</strong></span> <span class='ocrx_word' id='word_1_791' title='bbox 3059 3658 3121 3711; x_wconf 87' lang='grc' dir='ltr'><strong>τὸ</strong></span> <span class='ocrx_word' id='word_1_792' title='bbox 3149 3657 3498 3728; x_wconf 83' lang='grc' dir='ltr'><strong>ἀναίσθητον.</strong></span> <span class='ocrx_word' id='word_1_793' title='bbox 3541 3655 3674 3727; x_wconf 85' lang='grc' dir='ltr'><strong>Ἐμέ</strong></span> 
     </span>
    </p>
   </div>
   <div class='ocr_carea' id='block_1_106' title="bbox 2093 3740 3673 3812">
    <p class='ocr_par' dir='ltr' id='par_1_106' title="bbox 2093 3740 3673 3812">
     <span class='ocr_line' id='line_1_107' title="bbox 2093 3740 3673 3812; baseline -0.001 -18"><span class='ocrx_word' id='word_1_794' title='bbox 2093 3741 2152 3794; x_wconf 86' lang='grc' dir='ltr'><strong>δέ</strong></span> <span class='ocrx_word' id='word_1_795' title='bbox 2199 3740 2422 3812; x_wconf 82' lang='grc' dir='ltr'><strong>ἐλέησον</strong></span> <span class='ocrx_word' id='word_1_796' title='bbox 2449 3740 2549 3812; x_wconf 83' lang='grc' dir='ltr'><strong>τὴν</strong></span> <span class='ocrx_word' id='word_1_797' title='bbox 2593 3740 2798 3811; x_wconf 84' lang='grc' dir='ltr'><strong>θεωρὸν</strong></span> <span class='ocrx_word' id='word_1_798' title='bbox 2847 3740 2955 3794; x_wconf 90' lang='grc' dir='ltr'><strong>τῶν</strong></span> <span class='ocrx_word' id='word_1_799' title='bbox 3008 3741 3394 3812; x_wconf 85' lang='grc' dir='ltr'><strong>καθημερινῶν</strong></span> <span class='ocrx_word' id='word_1_800' title='bbox 3446 3740 3632 3793; x_wconf 86' lang='grc' dir='ltr'><strong>κακῶν</strong></span> <span class='ocrx_word' id='word_1_801' title='bbox 3657 3756 3673 3771; x_wconf 95' lang='grc'><strong>·</strong></span> 
     </span>
    </p>
   </div>
   <div class='ocr_carea' id='block_1_107' title="bbox 2098 3823 3678 3896">
    <p class='ocr_par' dir='ltr' id='par_1_107' title="bbox 2098 3823 3678 3896">
     <span class='ocr_line' id='line_1_108' title="bbox 2098 3823 3678 3896; baseline -0.003 -18"><span class='ocrx_word' id='word_1_802' title='bbox 2098 3824 2323 3895; x_wconf 91' lang='grc' dir='ltr'><strong>θέατρον</strong></span> <span class='ocrx_word' id='word_1_803' title='bbox 2349 3823 2457 3895; x_wconf 75' lang='grc' dir='ltr'><strong>ἔχω</strong></span> <span class='ocrx_word' id='word_1_804' title='bbox 2487 3825 2770 3896; x_wconf 83' lang='grc' dir='ltr'><strong>συμφορᾶς</strong></span> <span class='ocrx_word' id='word_1_805' title='bbox 2794 3826 2853 3876; x_wconf 85' lang='grc' dir='ltr'><strong>ἐν</strong></span> <span class='ocrx_word' id='word_1_806' title='bbox 2881 3827 2945 3895; x_wconf 87' lang='grc' dir='ltr'><strong>τῇ</strong></span> <span class='ocrx_word' id='word_1_807' title='bbox 2973 3826 3140 3896; x_wconf 85' lang='grc' dir='ltr'><strong>οἰκίᾳ.</strong></span> <span class='ocrx_word' id='word_1_808' title='bbox 3164 3825 3276 3879; x_wconf 87' lang='grc' dir='ltr'><strong>Ποῦ</strong></span> <span class='ocrx_word' id='word_1_809' title='bbox 3311 3823 3560 3891; x_wconf 81' lang='grc' dir='ltr'><strong>ἀπέλθω;</strong></span> <span class='ocrx_word' id='word_1_810' title='bbox 3580 3823 3678 3887; x_wconf 89' lang='grc' dir='ltr'><strong>Εἰς</strong></span> 
     </span>
    </p>
   </div>
   <div class='ocr_carea' id='block_1_108' title="bbox 2096 3907 3674 3981">
    <p class='ocr_par' dir='ltr' id='par_1_108' title="bbox 2096 3907 3674 3981">
     <span class='ocr_line' id='line_1_109' title="bbox 2096 3907 3674 3981; baseline 0 -19"><span class='ocrx_word' id='word_1_811' title='bbox 2096 3910 2196 3979; x_wconf 81' lang='grc' dir='ltr'><strong>τὴν</strong></span> <span class='ocrx_word' id='word_1_812' title='bbox 2227 3908 2467 3981; x_wconf 74' lang='grc' dir='ltr'><strong>ἔρημον;</strong></span> <span class='ocrx_word' id='word_1_813' title='bbox 2493 3908 2630 3961; x_wconf 86' lang='grc' dir='ltr'><strong>Ἀλλ’</strong></span> <span class='ocrx_word' id='word_1_814' title='bbox 2659 3909 2719 3961; x_wconf 83' lang='grc' dir='ltr'><strong>οὐ</strong></span> <span class='ocrx_word' id='word_1_815' title='bbox 2748 3907 2932 3977; x_wconf 91' lang='grc' dir='ltr'><strong>τολμῶ</strong></span> <span class='ocrx_word' id='word_1_816' title='bbox 2952 3908 3122 3980; x_wconf 79' lang='grc' dir='ltr'><strong>αὐτὴν</strong></span> <span class='ocrx_word' id='word_1_817' title='bbox 3142 3908 3459 3962; x_wconf 90' lang='grc' dir='ltr'><strong>καταλιπεῖν</strong></span> <span class='ocrx_word' id='word_1_818' title='bbox 3480 3908 3674 3977; x_wconf 85' lang='grc' dir='ltr'><strong>μόνην.</strong></span> 
     </span>
    </p>
   </div>
   <div class='ocr_carea' id='block_1_109' title="bbox 2112 3989 3678 4062">
    <p class='ocr_par' dir='ltr' id='par_1_109' title="bbox 2112 3989 3678 4062">
     <span class='ocr_line' id='line_1_110' title="bbox 2112 3989 3678 4062; baseline -0.001 -18"><span class='ocrx_word' id='word_1_819' title='bbox 2112 3990 2274 4045; x_wconf 84' lang='grc' dir='ltr'><strong>Ἀλλά</strong></span> <span class='ocrx_word' id='word_1_820' title='bbox 2320 3992 2402 4055; x_wconf 91' lang='grc' dir='ltr'><strong>εἰς</strong></span> <span class='ocrx_word' id='word_1_821' title='bbox 2441 3991 2542 4062; x_wconf 83' lang='grc' dir='ltr'><strong>τὴν</strong></span> <span class='ocrx_word' id='word_1_822' title='bbox 2587 3991 2795 4057; x_wconf 87' lang='grc' dir='ltr'><strong>οἰκίαν;</strong></span> <span class='ocrx_word' id='word_1_823' title='bbox 2839 3992 2981 4045; x_wconf 79' lang='grc' dir='ltr'><strong>Ἀλλ’</strong></span> <span class='ocrx_word' id='word_1_824' title='bbox 3013 3991 3254 4062; x_wconf 82' lang='grc' dir='ltr'><strong>εὑρίσκω</strong></span> <span class='ocrx_word' id='word_1_825' title='bbox 3279 3990 3372 4044; x_wconf 88' lang='grc' dir='ltr'><strong>τὸν</strong></span> <span class='ocrx_word' id='word_1_826' title='bbox 3416 3989 3678 4059; x_wconf 86' lang='grc' dir='ltr'><strong>πολέμιον</strong></span> 
     </span>
    </p>
   </div>
   <div class='ocr_carea' id='block_1_110' title="bbox 2100 4074 3676 4147">
    <p class='ocr_par' dir='ltr' id='par_1_110' title="bbox 2100 4074 3676 4147">
     <span class='ocr_line' id='line_1_111' title="bbox 2100 4074 3676 4147; baseline -0.002 -18"><span class='ocrx_word' id='word_1_827' title='bbox 2100 4075 2267 4139; x_wconf 78' lang='grc' dir='ltr'><strong>ἔνδον,</strong></span> <span class='ocrx_word' id='word_1_828' title='bbox 2300 4075 2369 4129; x_wconf 83' lang='grc' dir='ltr'><strong>τὰ</strong></span> <span class='ocrx_word' id='word_1_829' title='bbox 2394 4074 2613 4145; x_wconf 83' lang='grc' dir='ltr'><strong>κύματα</strong></span> <span class='ocrx_word' id='word_1_830' title='bbox 2658 4076 2717 4129; x_wconf 92' lang='grc' dir='ltr'><strong>ἐν</strong></span> <span class='ocrx_word' id='word_1_831' title='bbox 2744 4076 2825 4147; x_wconf 85' lang='grc' dir='ltr'><strong>τῷ</strong></span> <span class='ocrx_word' id='word_1_832' title='bbox 2848 4076 3049 4147; x_wconf 88' lang='grc' dir='ltr'><strong>λιμένι,</strong></span> <span class='ocrx_word' id='word_1_833' title='bbox 3095 4076 3322 4147; x_wconf 89' lang='grc' dir='ltr'><strong>θέατρον</strong></span> <span class='ocrx_word' id='word_1_834' title='bbox 3367 4075 3676 4145; x_wconf 79' lang='grc' dir='ltr'><strong>συμφορᾶς.</strong></span> 
     </span>
    </p>
   </div>
   <div class='ocr_carea' id='block_1_111' title="bbox 2103 4157 3681 4233">
    <p class='ocr_par' dir='ltr' id='par_1_111' title="bbox 2103 4157 3681 4233">
     <span class='ocr_line' id='line_1_112' title="bbox 2103 4157 3681 4233; baseline -0.003 -20"><span class='ocrx_word' id='word_1_835' title='bbox 2103 4160 2169 4213; x_wconf 90' lang='grc' dir='ltr'><strong>Τί</strong></span> <span class='ocrx_word' id='word_1_836' title='bbox 2218 4159 2389 4230; x_wconf 81' lang='grc' dir='ltr'><strong>αὐτὴν</strong></span> <span class='ocrx_word' id='word_1_837' title='bbox 2440 4159 2687 4225; x_wconf 86' lang='grc' dir='ltr'><strong>καλέσω;</strong></span> <span class='ocrx_word' id='word_1_838' title='bbox 2721 4161 2982 4233; x_wconf 87' lang='grc' dir='ltr'><strong>Νεκράν;</strong></span> <span class='ocrx_word' id='word_1_839' title='bbox 3034 4159 3171 4215; x_wconf 89' lang='grc' dir='ltr'><strong>ἀλλὰ</strong></span> <span class='ocrx_word' id='word_1_840' title='bbox 3205 4161 3457 4212; x_wconf 83' lang='grc' dir='ltr'><strong>κινεῖται.</strong></span> <span class='ocrx_word' id='word_1_841' title='bbox 3517 4157 3681 4209; x_wconf 82' lang='grc' dir='ltr'><strong>Ἀλλά</strong></span> 
     </span>
    </p>
   </div>
   <div class='ocr_carea' id='block_1_112' title="bbox 2104 4238 3680 4313">
    <p class='ocr_par' dir='ltr' id='par_1_112' title="bbox 2104 4238 3680 4313">
     <span class='ocr_line' id='line_1_113' title="bbox 2104 4238 3680 4313; baseline -0.001 -18"><span class='ocrx_word' id='word_1_842' title='bbox 2104 4241 2315 4309; x_wconf 76' lang='grc' dir='ltr'><strong>ζῶσανς</strong></span> <span class='ocrx_word' id='word_1_843' title='bbox 2351 4242 2487 4295; x_wconf 81' lang='grc' dir='ltr'><strong>Ἀλλ’</strong></span> <span class='ocrx_word' id='word_1_844' title='bbox 2514 4243 2613 4296; x_wconf 83' lang='grc' dir='ltr'><strong>οὐκ</strong></span> <span class='ocrx_word' id='word_1_845' title='bbox 2633 4239 2740 4296; x_wconf 80' lang='grc' dir='ltr'><strong>οἶδε</strong></span> <span class='ocrx_word' id='word_1_846' title='bbox 2761 4244 2815 4296; x_wconf 90' lang='grc' dir='ltr'><strong>τί</strong></span> <span class='ocrx_word' id='word_1_847' title='bbox 2847 4246 3008 4297; x_wconf 84' lang='grc' dir='ltr'><strong>ποιεῖ.</strong></span> <span class='ocrx_word' id='word_1_848' title='bbox 3031 4244 3145 4297; x_wconf 84' lang='grc' dir='ltr'><strong>Ούκ</strong></span> <span class='ocrx_word' id='word_1_849' title='bbox 3164 4238 3279 4295; x_wconf 79' lang='grc' dir='ltr'><strong>οἶδα</strong></span> <span class='ocrx_word' id='word_1_850' title='bbox 3307 4242 3484 4313; x_wconf 84' lang='grc' dir='ltr'><strong>εὑρεῖν</strong></span> <span class='ocrx_word' id='word_1_851' title='bbox 3508 4241 3680 4312; x_wconf 81' lang='grc' dir='ltr'><strong>ὄνομα</strong></span> 
     </span>
    </p>
   </div>
   <div class='ocr_carea' id='block_1_113' title="bbox 2105 4325 3683 4400">
    <p class='ocr_par' dir='ltr' id='par_1_113' title="bbox 2105 4325 3683 4400">
     <span class='ocr_line' id='line_1_114' title="bbox 2105 4325 3683 4400; baseline -0.001 -21"><span class='ocrx_word' id='word_1_852' title='bbox 2105 4326 2409 4400; x_wconf 87' lang='grc' dir='ltr'><strong>ἐρμηνεῦον</strong></span> <span class='ocrx_word' id='word_1_853' title='bbox 2442 4328 2502 4381; x_wconf 90' lang='grc' dir='ltr'><strong>τὸ</strong></span> <span class='ocrx_word' id='word_1_854' title='bbox 2533 4327 2723 4391; x_wconf 88' lang='grc' dir='ltr'><strong>πάθος.</strong></span> <span class='ocrx_word' id='word_1_855' title='bbox 2772 4328 3067 4395; x_wconf 79' lang='grc' dir='ltr'><strong>Ἐλέησόν</strong></span> <span class='ocrx_word' id='word_1_856' title='bbox 3080 4345 3173 4397; x_wconf 80' lang='grc' dir='ltr'><strong>με.</strong></span> <span class='ocrx_word' id='word_1_857' title='bbox 3217 4328 3279 4379; x_wconf 89' lang='grc' dir='ltr'><strong>Εἰ</strong></span> <span class='ocrx_word' id='word_1_858' title='bbox 3308 4325 3587 4397; x_wconf 79' lang='grc' dir='ltr'><strong>ἐτεθνήκει</strong></span> <span class='ocrx_word' id='word_1_859' title='bbox 3619 4325 3683 4377; x_wconf 79' lang='grc' dir='ltr'><strong>τὸ</strong></span> 
     </span>
    </p>
   </div>
   <div class='ocr_carea' id='block_1_114' title="bbox 2106 4406 3682 4481">
    <p class='ocr_par' dir='ltr' id='par_1_114' title="bbox 2106 4406 3682 4481">
     <span class='ocr_line' id='line_1_115' title="bbox 2106 4406 3682 4481; baseline -0.004 -16"><span class='ocrx_word' id='word_1_860' title='bbox 2106 4410 2417 4481; x_wconf 88' lang='grc' dir='ltr'><strong>θυγάτριον,</strong></span> <span class='ocrx_word' id='word_1_861' title='bbox 2462 4410 2564 4463; x_wconf 78' lang='grc' dir='ltr'><strong>οὐκ</strong></span> <span class='ocrx_word' id='word_1_862' title='bbox 2604 4410 2669 4464; x_wconf 83' lang='grc' dir='ltr'><strong>ἂν</strong></span> <span class='ocrx_word' id='word_1_863' title='bbox 2700 4411 2924 4465; x_wconf 87' lang='grc' dir='ltr'><strong>τοιαῦτα</strong></span> <span class='ocrx_word' id='word_1_864' title='bbox 2970 4409 3238 4480; x_wconf 76' lang='grc' dir='ltr'><strong>ἔπασχον·</strong></span> <span class='ocrx_word' id='word_1_865' title='bbox 3278 4407 3576 4480; x_wconf 86' lang='grc' dir='ltr'><strong>παρέδωκα</strong></span> <span class='ocrx_word' id='word_1_866' title='bbox 3615 4406 3682 4459; x_wconf 88' lang='grc' dir='ltr'><strong>ἂν</strong></span> 
     </span>
    </p>
   </div>
   <div class='ocr_carea' id='block_1_115' title="bbox 2104 4488 3683 4564">
    <p class='ocr_par' dir='ltr' id='par_1_115' title="bbox 2104 4488 3683 4564">
     <span class='ocr_line' id='line_1_116' title="bbox 2104 4488 3683 4564; baseline -0.003 -18"><span class='ocrx_word' id='word_1_867' title='bbox 2104 4495 2216 4556; x_wconf 82' lang='grc' dir='ltr'><strong>τοῖς</strong></span> <span class='ocrx_word' id='word_1_868' title='bbox 2260 4492 2481 4555; x_wconf 87' lang='grc' dir='ltr'><strong>κόλποις</strong></span> <span class='ocrx_word' id='word_1_869' title='bbox 2511 4493 2613 4564; x_wconf 76' lang='grc' dir='ltr'><strong>τῆς</strong></span> <span class='ocrx_word' id='word_1_870' title='bbox 2649 4494 2753 4563; x_wconf 84' lang='grc' dir='ltr'><strong>γῆς</strong></span> <span class='ocrx_word' id='word_1_871' title='bbox 2800 4495 2862 4547; x_wconf 90' lang='grc' dir='ltr'><strong>τὸ</strong></span> <span class='ocrx_word' id='word_1_872' title='bbox 2904 4494 3082 4564; x_wconf 87' lang='grc' dir='ltr'><strong>σῶμα,</strong></span> <span class='ocrx_word' id='word_1_873' title='bbox 3121 4494 3217 4546; x_wconf 78' lang='grc' dir='ltr'><strong>καὶ</strong></span> <span class='ocrx_word' id='word_1_874' title='bbox 3259 4492 3337 4563; x_wconf 85' lang='grc' dir='ltr'><strong>τῷ</strong></span> <span class='ocrx_word' id='word_1_875' title='bbox 3365 4491 3541 4562; x_wconf 87' lang='grc' dir='ltr'><strong>χρόνῳ</strong></span> <span class='ocrx_word' id='word_1_876' title='bbox 3582 4488 3683 4559; x_wconf 84' lang='grc' dir='ltr'><strong>τὴν</strong></span> 
     </span>
    </p>
   </div>
   <div class='ocr_carea' id='block_1_116' title="bbox 2105 4570 3685 4646">
    <p class='ocr_par' dir='ltr' id='par_1_116' title="bbox 2105 4570 3685 4646">
     <span class='ocr_line' id='line_1_117' title="bbox 2105 4570 3685 4646; baseline -0.001 -19"><span class='ocrx_word' id='word_1_877' title='bbox 2105 4574 2276 4646; x_wconf 87' lang='grc' dir='ltr'><strong>λήθην</strong></span> <span class='ocrx_word' id='word_1_878' title='bbox 2300 4573 2365 4627; x_wconf 79' lang='grc' dir='ltr'><strong>ἂν</strong></span> <span class='ocrx_word' id='word_1_879' title='bbox 2397 4576 2711 4646; x_wconf 81' lang='grc' dir='ltr'><strong>εἰσήγαγον,</strong></span> <span class='ocrx_word' id='word_1_880' title='bbox 2742 4578 2836 4628; x_wconf 78' lang='grc' dir='ltr'><strong>καὶ</strong></span> <span class='ocrx_word' id='word_1_881' title='bbox 2870 4576 3166 4646; x_wconf 89' lang='grc' dir='ltr'><strong>διεφόρησα</strong></span> <span class='ocrx_word' id='word_1_882' title='bbox 3196 4576 3263 4629; x_wconf 78' lang='grc' dir='ltr'><strong>ἂν</strong></span> <span class='ocrx_word' id='word_1_883' title='bbox 3292 4576 3356 4627; x_wconf 91' lang='grc' dir='ltr'><strong>τὸ</strong></span> <span class='ocrx_word' id='word_1_884' title='bbox 3385 4573 3560 4635; x_wconf 78' lang='grc' dir='ltr'><strong>ἐλκος·</strong></span> <span class='ocrx_word' id='word_1_885' title='bbox 3585 4570 3685 4625; x_wconf 89' lang='grc' dir='ltr'><strong>νῦν</strong></span> 
     </span>
    </p>
   </div>
   <div class='ocr_carea' id='block_1_117' title="bbox 2105 4656 3688 4730">
    <p class='ocr_par' dir='ltr' id='par_1_117' title="bbox 2105 4656 3688 4730">
     <span class='ocr_line' id='line_1_118' title="bbox 2105 4656 3688 4730; baseline -0.003 -18"><span class='ocrx_word' id='word_1_886' title='bbox 2105 4659 2165 4712; x_wconf 79' lang='grc' dir='ltr'><strong>δὲ</strong></span> <span class='ocrx_word' id='word_1_887' title='bbox 2213 4658 2405 4730; x_wconf 87' lang='grc' dir='ltr'><strong>νεκρὸν</strong></span> <span class='ocrx_word' id='word_1_888' title='bbox 2448 4657 2558 4728; x_wconf 77' lang='grc' dir='ltr'><strong>έχω</strong></span> <span class='ocrx_word' id='word_1_889' title='bbox 2611 4658 2835 4729; x_wconf 83' lang='grc' dir='ltr'><strong>διηνεκῆ</strong></span> <span class='ocrx_word' id='word_1_890' title='bbox 2870 4658 3100 4728; x_wconf 86' lang='grc' dir='ltr'><strong>θεωρίαν</strong></span> <span class='ocrx_word' id='word_1_891' title='bbox 3148 4675 3237 4729; x_wconf 90' lang='grc' dir='ltr'><strong>μοι</strong></span> <span class='ocrx_word' id='word_1_892' title='bbox 3290 4656 3688 4729; x_wconf 65' lang='grc' dir='ltr'><strong>ἐργαζόμενον,</strong></span> 
     </span>
    </p>
   </div>
   <div class='ocr_carea' id='block_1_118' title="bbox 2108 4739 3737 4813">
    <p class='ocr_par' dir='ltr' id='par_1_118' title="bbox 2108 4739 3737 4813">
     <span class='ocr_line' id='line_1_119' title="bbox 2108 4739 3737 4813; baseline -0.004 -16"><span class='ocrx_word' id='word_1_893' title='bbox 2108 4743 2402 4812; x_wconf 82' lang='grc' dir='ltr'><strong>ὑφαίνοντά</strong></span> <span class='ocrx_word' id='word_1_894' title='bbox 2422 4757 2521 4808; x_wconf 74' lang='grc' dir='ltr'><strong>ιμοι</strong></span> <span class='ocrx_word' id='word_1_895' title='bbox 2541 4742 2603 4795; x_wconf 89' lang='grc' dir='ltr'><strong>τὸ</strong></span> <span class='ocrx_word' id='word_1_896' title='bbox 2625 4741 2866 4813; x_wconf 86' lang='grc' dir='ltr'><strong>τραῦμα,</strong></span> <span class='ocrx_word' id='word_1_897' title='bbox 2895 4741 3261 4805; x_wconf 73' lang='grc' dir='ltr'><strong>πλεονάζοντά</strong></span> <span class='ocrx_word' id='word_1_898' title='bbox 3292 4759 3382 4813; x_wconf 90' lang='grc' dir='ltr'><strong>μοι</strong></span> <span class='ocrx_word' id='word_1_899' title='bbox 3405 4741 3467 4793; x_wconf 90' lang='grc' dir='ltr'><strong>τὸ</strong></span> <span class='ocrx_word' id='word_1_900' title='bbox 3491 4739 3684 4802; x_wconf 85' lang='grc' dir='ltr'><strong>πάθος.</strong></span> <span class='ocrx_word' id='word_1_901' title='bbox 3728 4770 3737 4775; x_wconf 90' lang='grc'><strong>-</strong></span> 
     </span>
    </p>
   </div>
   <div class='ocr_carea' id='block_1_119' title="bbox 2109 4823 3687 4895">
    <p class='ocr_par' dir='ltr' id='par_1_119' title="bbox 2109 4823 3687 4895">
     <span class='ocr_line' id='line_1_120' title="bbox 2109 4823 3687 4895; baseline -0.004 -16"><span class='ocrx_word' id='word_1_902' title='bbox 2109 4826 2233 4889; x_wconf 89' lang='grc' dir='ltr'><strong>Πῶς</strong></span> <span class='ocrx_word' id='word_1_903' title='bbox 2259 4824 2353 4879; x_wconf 86' lang='grc' dir='ltr'><strong>ίδω</strong></span> <span class='ocrx_word' id='word_1_904' title='bbox 2387 4823 2700 4894; x_wconf 79' lang='grc' dir='ltr'><strong>ὀφθαλμοὺς</strong></span> <span class='ocrx_word' id='word_1_905' title='bbox 2722 4824 3214 4895; x_wconf 82' lang='grc' dir='ltr'><strong>διαστρεφομένους</strong></span> <span class='ocrx_word' id='word_1_906' title='bbox 3234 4840 3248 4889; x_wconf 91' lang='grc'><strong>;</strong></span> <span class='ocrx_word' id='word_1_907' title='bbox 3273 4828 3461 4895; x_wconf 81' lang='grc' dir='ltr'><strong>χεῖρας</strong></span> <span class='ocrx_word' id='word_1_908' title='bbox 3484 4836 3687 4893; x_wconf 88' lang='grc' dir='ltr'><strong>στραγ-</strong></span> 
     </span>
    </p>
   </div>
   <div class='ocr_carea' id='block_1_120' title="bbox 2108 4907 3688 4981">
    <p class='ocr_par' dir='ltr' id='par_1_120' title="bbox 2108 4907 3688 4981">
     <span class='ocr_line' id='line_1_121' title="bbox 2108 4907 3688 4981; baseline -0.005 -17"><span class='ocrx_word' id='word_1_909' title='bbox 2108 4910 2484 4981; x_wconf 85' lang='grc' dir='ltr'><strong>γαλουμένας;</strong></span> <span class='ocrx_word' id='word_1_910' title='bbox 2511 4909 2824 4979; x_wconf 89' lang='grc' dir='ltr'><strong>πλοκάμους</strong></span> <span class='ocrx_word' id='word_1_911' title='bbox 2857 4908 3190 4978; x_wconf 87' lang='grc' dir='ltr'><strong>λυομένους;</strong></span> <span class='ocrx_word' id='word_1_912' title='bbox 3224 4909 3397 4981; x_wconf 83' lang='grc' dir='ltr'><strong>ἀφρὸν</strong></span> <span class='ocrx_word' id='word_1_913' title='bbox 3427 4907 3688 4978; x_wconf 78' lang='grc' dir='ltr'><strong>προϊέμε-</strong></span> 
     </span>
    </p>
   </div>
   <div class='ocr_carea' id='block_1_121' title="bbox 2116 4989 3685 5063">
    <p class='ocr_par' dir='ltr' id='par_1_121' title="bbox 2116 4989 3685 5063">
     <span class='ocr_line' id='line_1_122' title="bbox 2116 4989 3685 5063; baseline -0.005 -18"><span class='ocrx_word' id='word_1_914' title='bbox 2116 5010 2239 5062; x_wconf 76' lang='grc' dir='ltr'><strong>νονς</strong></span> <span class='ocrx_word' id='word_1_915' title='bbox 2305 4996 2396 5050; x_wconf 92' lang='grc' dir='ltr'><strong>τὸν</strong></span> <span class='ocrx_word' id='word_1_916' title='bbox 2450 4994 2641 5062; x_wconf 86' lang='grc' dir='ltr'><strong>δήμιον</strong></span> <span class='ocrx_word' id='word_1_917' title='bbox 2707 4990 2855 5045; x_wconf 81' lang='grc' dir='ltr'><strong>ἔνδον</strong></span> <span class='ocrx_word' id='word_1_918' title='bbox 2898 4991 3027 5045; x_wconf 73' lang='grc' dir='ltr'><strong>ὂντα</strong></span> <span class='ocrx_word' id='word_1_919' title='bbox 3074 4993 3168 5047; x_wconf 78' lang='grc' dir='ltr'><strong>καὶ</strong></span> <span class='ocrx_word' id='word_1_920' title='bbox 3206 4992 3282 5063; x_wconf 85' lang='grc' dir='ltr'><strong>μὴ</strong></span> <span class='ocrx_word' id='word_1_921' title='bbox 3321 4989 3685 5061; x_wconf 83' lang='grc' dir='ltr'><strong>φαινόμενονς</strong></span> 
     </span>
    </p>
   </div>
   <div class='ocr_carea' id='block_1_122' title="bbox 2108 5072 3688 5146">
    <p class='ocr_par' dir='ltr' id='par_1_122' title="bbox 2108 5072 3688 5146">
     <span class='ocr_line' id='line_1_123' title="bbox 2108 5072 3688 5146; baseline -0.004 -17"><span class='ocrx_word' id='word_1_922' title='bbox 2108 5075 2201 5129; x_wconf 91' lang='grc' dir='ltr'><strong>τὸν</strong></span> <span class='ocrx_word' id='word_1_923' title='bbox 2238 5074 2567 5146; x_wconf 76' lang='grc' dir='ltr'><strong>μαστίζοντα</strong></span> <span class='ocrx_word' id='word_1_924' title='bbox 2593 5073 2668 5145; x_wconf 82' lang='grc' dir='ltr'><strong>μὴ</strong></span> <span class='ocrx_word' id='word_1_925' title='bbox 2713 5072 3007 5144; x_wconf 79' lang='grc' dir='ltr'><strong>ὁρώμενον,</strong></span> <span class='ocrx_word' id='word_1_926' title='bbox 3044 5073 3142 5138; x_wconf 86' lang='grc' dir='ltr'><strong>τὰς</strong></span> <span class='ocrx_word' id='word_1_927' title='bbox 3171 5075 3228 5126; x_wconf 82' lang='grc' dir='ltr'><strong>δὲ</strong></span> <span class='ocrx_word' id='word_1_928' title='bbox 3260 5075 3531 5145; x_wconf 87' lang='grc' dir='ltr'><strong>μάστιγας</strong></span> <span class='ocrx_word' id='word_1_929' title='bbox 3561 5086 3688 5139; x_wconf 86' lang='grc' dir='ltr'><strong>φαι-</strong></span> 
     </span>
    </p>
   </div>
   <div class='ocr_carea' id='block_1_123' title="bbox 2110 5153 3685 5229">
    <p class='ocr_par' dir='ltr' id='par_1_123' title="bbox 2110 5153 3685 5229">
     <span class='ocr_line' id='line_1_124' title="bbox 2110 5153 3685 5229; baseline -0.004 -17"><span class='ocrx_word' id='word_1_930' title='bbox 2110 5159 2373 5229; x_wconf 80' lang='grc' dir='ltr'><strong>νομένας;</strong></span> <span class='ocrx_word' id='word_1_931' title='bbox 2407 5157 2654 5226; x_wconf 86' lang='grc' dir='ltr'><strong>Ἔστηκα</strong></span> <span class='ocrx_word' id='word_1_932' title='bbox 2704 5155 2908 5227; x_wconf 88' lang='grc' dir='ltr'><strong>θεωρὸς</strong></span> <span class='ocrx_word' id='word_1_933' title='bbox 2952 5157 3062 5210; x_wconf 90' lang='grc' dir='ltr'><strong>τῶν</strong></span> <span class='ocrx_word' id='word_1_934' title='bbox 3109 5156 3407 5228; x_wconf 87' lang='grc' dir='ltr'><strong>ἀλλοτρίων</strong></span> <span class='ocrx_word' id='word_1_935' title='bbox 3465 5153 3685 5216; x_wconf 90' lang='grc' dir='ltr'><strong>κακῶν,</strong></span> 
     </span>
    </p>
   </div>
   <div class='ocr_carea' id='block_1_124' title="bbox 2109 5238 3684 5312">
    <p class='ocr_par' dir='ltr' id='par_1_124' title="bbox 2109 5238 3684 5312">
     <span class='ocr_line' id='line_1_125' title="bbox 2109 5238 3684 5312; baseline -0.004 -17"><span class='ocrx_word' id='word_1_936' title='bbox 2109 5243 2320 5312; x_wconf 70' lang='grc' dir='ltr'><strong>ἕστηκα</strong></span> <span class='ocrx_word' id='word_1_937' title='bbox 2351 5241 2450 5311; x_wconf 83' lang='grc' dir='ltr'><strong>τῆς</strong></span> <span class='ocrx_word' id='word_1_938' title='bbox 2481 5238 2694 5309; x_wconf 87' lang='grc' dir='ltr'><strong>φύσεώς</strong></span> <span class='ocrx_word' id='word_1_939' title='bbox 2721 5257 2788 5310; x_wconf 87' lang='grc' dir='ltr'><strong>με</strong></span> <span class='ocrx_word' id='word_1_940' title='bbox 2819 5240 3209 5312; x_wconf 79' lang='grc' dir='ltr'><strong>κεντριζούσης</strong></span> <span class='ocrx_word' id='word_1_941' title='bbox 3229 5258 3242 5272; x_wconf 90' lang='grc'><strong>·</strong></span> <span class='ocrx_word' id='word_1_942' title='bbox 3270 5238 3565 5307; x_wconf 76' lang='grc' dir='ltr'><strong>Ἐλέησόν</strong></span> <span class='ocrx_word' id='word_1_943' title='bbox 3585 5252 3684 5305; x_wconf 81' lang='grc' dir='ltr'><strong>με.</strong></span> 
     </span>
    </p>
   </div>
   <div class='ocr_carea' id='block_1_125' title="bbox 2114 5320 3691 5394">
    <p class='ocr_par' dir='ltr' id='par_1_125' title="bbox 2114 5320 3691 5394">
     <span class='ocr_line' id='line_1_126' title="bbox 2114 5320 3691 5394; baseline -0.005 -14"><span class='ocrx_word' id='word_1_944' title='bbox 2114 5327 2367 5381; x_wconf 85' lang='grc' dir='ltr'><strong>Χαλεπὸν</strong></span> <span class='ocrx_word' id='word_1_945' title='bbox 2406 5325 2470 5379; x_wconf 87' lang='grc' dir='ltr'><strong>τὸ</strong></span> <span class='ocrx_word' id='word_1_946' title='bbox 2518 5324 2832 5390; x_wconf 89' lang='grc' dir='ltr'><strong>κλυδώνιον,</strong></span> <span class='ocrx_word' id='word_1_947' title='bbox 2876 5324 3049 5389; x_wconf 82' lang='grc' dir='ltr'><strong>πάθος</strong></span> <span class='ocrx_word' id='word_1_948' title='bbox 3104 5326 3198 5378; x_wconf 77' lang='grc' dir='ltr'><strong>καὶ</strong></span> <span class='ocrx_word' id='word_1_949' title='bbox 3248 5324 3412 5394; x_wconf 85' lang='grc' dir='ltr'><strong>φόϐος</strong></span> <span class='ocrx_word' id='word_1_950' title='bbox 3439 5338 3453 5352; x_wconf 93' lang='grc'><strong>·</strong></span> <span class='ocrx_word' id='word_1_951' title='bbox 3516 5320 3691 5382; x_wconf 86' lang='grc' dir='ltr'><strong>πάθος</strong></span> 
     </span>
    </p>
   </div>
   <div class='ocr_carea' id='block_1_126' title="bbox 2113 5404 3688 5480">
    <p class='ocr_par' dir='ltr' id='par_1_126' title="bbox 2113 5404 3688 5480">
     <span class='ocr_line' id='line_1_127' title="bbox 2113 5404 3688 5480; baseline -0.005 -16"><span class='ocrx_word' id='word_1_952' title='bbox 2113 5411 2347 5479; x_wconf 89' lang='grc' dir='ltr'><strong>φύσεως,</strong></span> <span class='ocrx_word' id='word_1_953' title='bbox 2376 5410 2470 5464; x_wconf 72' lang='grc' dir='ltr'><strong>καὶ</strong></span> <span class='ocrx_word' id='word_1_954' title='bbox 2491 5410 2654 5479; x_wconf 84' lang='grc' dir='ltr'><strong>φόϐος</strong></span> <span class='ocrx_word' id='word_1_955' title='bbox 2684 5408 2956 5479; x_wconf 86' lang='grc' dir='ltr'><strong>δαίμονος.</strong></span> <span class='ocrx_word' id='word_1_956' title='bbox 2983 5408 3311 5480; x_wconf 84' lang='grc' dir='ltr'><strong>Προσελθεῖν</strong></span> <span class='ocrx_word' id='word_1_957' title='bbox 3335 5407 3397 5459; x_wconf 83' lang='grc' dir='ltr'><strong>οὐ</strong></span> <span class='ocrx_word' id='word_1_958' title='bbox 3430 5404 3688 5474; x_wconf 83' lang='grc' dir='ltr'><strong>δύναμαι,</strong></span> 
     </span>
    </p>
   </div>
   <div class='ocr_carea' id='block_1_127' title="bbox 2111 5487 3690 5564">
    <p class='ocr_par' dir='ltr' id='par_1_127' title="bbox 2111 5487 3690 5564">
     <span class='ocr_line' id='line_1_128' title="bbox 2111 5487 3690 5564; baseline -0.004 -16"><span class='ocrx_word' id='word_1_959' title='bbox 2111 5494 2232 5549; x_wconf 81' lang='grc' dir='ltr'><strong>οὐδὲ</strong></span> <span class='ocrx_word' id='word_1_960' title='bbox 2262 5495 2578 5564; x_wconf 78' lang='grc' dir='ltr'><strong>κατασχεῖν.</strong></span> <span class='ocrx_word' id='word_1_961' title='bbox 2620 5493 2763 5546; x_wconf 82' lang='grc' dir='ltr'><strong>Ὠθεί</strong></span> <span class='ocrx_word' id='word_1_962' title='bbox 2791 5510 2858 5563; x_wconf 88' lang='grc' dir='ltr'><strong>με</strong></span> <span class='ocrx_word' id='word_1_963' title='bbox 2890 5493 2951 5547; x_wconf 84' lang='grc' dir='ltr'><strong>τὸ</strong></span> <span class='ocrx_word' id='word_1_964' title='bbox 2982 5493 3173 5559; x_wconf 88' lang='grc' dir='ltr'><strong>πάθος,</strong></span> <span class='ocrx_word' id='word_1_965' title='bbox 3220 5492 3314 5546; x_wconf 71' lang='grc' dir='ltr'><strong>καί⁵</strong></span> <span class='ocrx_word' id='word_1_966' title='bbox 3342 5487 3690 5560; x_wconf 88' lang='grc' dir='ltr'><strong>διακρούεταί</strong></span> 
     </span>
    </p>
   </div>
   <div class='ocr_carea' id='block_1_128' title="bbox 2117 5577 2896 5649">
    <p class='ocr_par' dir='ltr' id='par_1_128' title="bbox 2117 5577 2896 5649">
     <span class='ocr_line' id='line_1_129' title="bbox 2117 5577 2896 5649; baseline 0.003 -17"><span class='ocrx_word' id='word_1_967' title='bbox 2117 5595 2184 5649; x_wconf 86' lang='grc' dir='ltr'><strong>με</strong></span> <span class='ocrx_word' id='word_1_968' title='bbox 2209 5580 2237 5632; x_wconf 87' lang='grc' dir='ltr'><strong>ό</strong></span> <span class='ocrx_word' id='word_1_969' title='bbox 2264 5577 2447 5647; x_wconf 88' lang='grc' dir='ltr'><strong>φόϐος.</strong></span> <span class='ocrx_word' id='word_1_970' title='bbox 2490 5577 2786 5646; x_wconf 78' lang='grc' dir='ltr'><strong>Ἐλέησόν</strong></span> <span class='ocrx_word' id='word_1_971' title='bbox 2800 5595 2896 5649; x_wconf 79' lang='grc' dir='ltr'><strong>με.</strong></span> 
     </span>
    </p>
   </div>
   <div class='ocr_carea' id='block_1_129' title="bbox 2186 5724 3690 5802">
    <p class='ocr_par' dir='ltr' id='par_1_129' title="bbox 2186 5724 3690 5802">
     <span class='ocr_line' id='line_1_130' title="bbox 2186 5724 3690 5802; baseline -0.005 -18"><span class='ocrx_word' id='word_1_972' title='bbox 2186 5732 2247 5787; x_wconf 85' lang='grc' dir='ltr'><strong>ε’.</strong></span> <span class='ocrx_word' id='word_1_973' title='bbox 2266 5730 2549 5802; x_wconf 86' lang='grc' dir='ltr'><strong>Ἐννόησον</strong></span> <span class='ocrx_word' id='word_1_974' title='bbox 2561 5731 2821 5801; x_wconf 87' lang='grc' dir='ltr'><strong>γυναικὸς</strong></span> <span class='ocrx_word' id='word_1_975' title='bbox 2838 5729 3183 5801; x_wconf 84' lang='grc' dir='ltr'><strong>φιλοσοφίαν.</strong></span> <span class='ocrx_word' id='word_1_976' title='bbox 3199 5727 3311 5781; x_wconf 82' lang='grc' dir='ltr'><strong>Ούκ</strong></span> <span class='ocrx_word' id='word_1_977' title='bbox 3329 5724 3537 5798; x_wconf 79' lang='grc' dir='ltr'><strong>ἀπῆλθε</strong></span> <span class='ocrx_word' id='word_1_978' title='bbox 3550 5726 3690 5797; x_wconf 83' lang='grc' dir='ltr'><strong>πρὸς</strong></span> 
     </span>
    </p>
   </div>
   <div class='ocr_carea' id='block_1_130' title="bbox 2122 5808 3691 5887">
    <p class='ocr_par' dir='ltr' id='par_1_130' title="bbox 2122 5808 3691 5887">
     <span class='ocr_line' id='line_1_131' title="bbox 2122 5808 3691 5887; baseline -0.006 -18"><span class='ocrx_word' id='word_1_979' title='bbox 2122 5815 2349 5885; x_wconf 81' lang='grc' dir='ltr'><strong>μάγους,</strong></span> <span class='ocrx_word' id='word_1_980' title='bbox 2370 5815 2469 5869; x_wconf 83' lang='grc' dir='ltr'><strong>οὐκ</strong></span> <span class='ocrx_word' id='word_1_981' title='bbox 2495 5814 2719 5868; x_wconf 79' lang='grc' dir='ltr'><strong>ἐκάλεσε</strong></span> <span class='ocrx_word' id='word_1_982' title='bbox 2758 5815 2999 5887; x_wconf 88' lang='grc' dir='ltr'><strong>μάντεις,</strong></span> <span class='ocrx_word' id='word_1_983' title='bbox 3020 5813 3083 5867; x_wconf 80' lang='grc' dir='ltr'><strong>οὐ</strong></span> <span class='ocrx_word' id='word_1_984' title='bbox 3105 5811 3383 5883; x_wconf 86' lang='grc' dir='ltr'><strong>περίαπτα</strong></span> <span class='ocrx_word' id='word_1_985' title='bbox 3414 5808 3691 5884; x_wconf 83' lang='grc' dir='ltr'><strong>ἐποίησεν,</strong></span> 
     </span>
    </p>
   </div>
  </div>
