4036 6382
398 353 503 409 453

396 476 458 533 οὐ
490 473 934 546 μαγγανευτρίας
964 472 1229 539 γυναῖκας
1253 468 1615 540 ἐμισθώσατο,
1637 470 1841 531 ταύτας
1871 468 1973 530 τὰς

314 581 324 591 ε
396 562 766 632 γοητευούσας
801 561 1061 631 δαίμονας
1088 560 1184 612 καὶ
1214 556 1486 623 αύξούσας
1529 557 1591 610 τὸ
1631 556 1817 620 ἕλκοςο
1855 555 1970 609 ἀλλ’

394 649 578 719 ἀφῆκε
604 650 698 703 τοῦ
725 648 971 703 διαϐόλου
999 647 1060 700 τὺ
1086 645 1467 717 ἐργαστήριον,
1497 644 1592 698 καὶ
1623 642 1842 713 ἔρχεται
1876 644 1971 696 ἐπὶ

394 739 486 791 τὸν
504 738 731 808 Σωτῆρα
752 734 859 788 τῶν
878 733 1065 805 ψυχῶν
1088 733 1196 789 τῶν
1219 732 1524 804 ἡμετέρων.
1564 720 1966 800 Ἐλέησόνᾷιε

394 828 433 893 ἡ
451 824 710 894 θυγάτηρ
716 841 836 893 μου
861 820 1057 889 κακῶς
1075 818 1489 891 δαιμονίζεται.
1511 821 1656 873 Ἴστε
1682 819 1746 872 τὸ
1770 819 1966 883 πάθος,

393 912 508 967 ὅσοι
533 913 766 981 πατέρες
788 908 1037 979 ἐγένεσθε
1054 924 1070 940 ο
1100 907 1409 980 βοηθήσατέ
1437 924 1538 978 μου
1565 906 1646 979 τῷ
1664 907 1828 977 λόγῳ,
1846 908 1971 960 ὅσαι

397 998 631 1071 μητέρες
674 997 952 1066 ἐγένεσθε.
983 996 1060 1051 Ού
1088 995 1325 1066 δύναμαι
1368 995 1708 1067 ἑρμηνεῦσαι
1732 996 1824 1049 τὸν
1853 1011 1968 1067 χει-

396 1086 641 1158 μῶνα,ὃν
664 1084 923 1157 ὑπέμεινε
946 1084 1008 1138 τὸ
1027 1084 1267 1154 γύναιον.
1303 1082 1596 1152 Ἐλέησόν
1611 1099 1705 1153 με·
1731 1086 1767 1151 ἠ
1793 1083 1972 1154 θυγά-

392 1191 502 1243 τηρ
528 1190 648 1243 μου
688 1172 886 1240 κακῶς
905 1169 1319 1241 δαιμονίζεται.
1343 1166 1498 1235 Εῐδες
1524 1170 1623 1242 τὴν
1647 1171 1971 1240 φιλοσοφίαν

392 1261 494 1331 τῆς
517 1259 807 1328 γυναικός;
856 1253 995 1322 εἶδες
1023 1258 1123 1330 τὴν
1162 1257 1494 1329 καρτερίαν;
1537 1259 1636 1329 τὴν
1665 1257 1922 1329 ἀνδρείαν
1952 1275 1969 1325 ;

393 1347 493 1414 τὴν
526 1347 838 1419 ύπομονήν;
871 1346 926 1399 '0
951 1345 1022 1399 δὲ
1046 1346 1158 1400 οὐκ
1182 1345 1547 1415 ἀπεκρίνατο
1575 1344 1733 1415 αὐτῇ
1756 1347 1968 1415 λόγον.

393 1434 575 1489 Καινά
611 1433 933 1505 πράγματα.
968 1432 1320 1503 Παῳκαλεῖ,
1374 1432 1577 1497 δέεται,
1630 1432 1808 1487 κλαίει
1871 1433 1971 1504 τὴν

395 1521 704 1593 συμφοράν,
729 1518 883 1585 αὔξει
912 1519 1013 1591 τὴν
1027 1518 1361 1590 τραγῳδίαν,
1392 1519 1662 1590 διηγεῖται
1685 1519 1746 1573 τὸ
1762 1519 1935 1583 πάθος
1953 1536 1966 1549 ·

394 1609 492 1662 καὶ
509 1610 539 1662 6
558 1608 937 1680 φιλάνθρωπος
956 1607 1057 1660 ούκ
1078 1606 1431 1679 ἀποκρίνεται
1452 1622 1467 1636 ·
1498 1608 1529 1660 6
1565 1607 1739 1675 Λόγος
1768 1607 1969 1678 σιωπᾷ,

393 1696 427 1765 ἦ
452 1696 602 1767 πηγὴ
625 1695 884 1758 κλείεται,
912 1697 940 1748 ὁ
971 1694 1151 1767 ἰατρὸς
1170 1694 1241 1749 τὰ
1274 1693 1544 1766 φάρμακα
1583 1694 1972 1751 συστέλλει.Τί

392 1784 455 1837 τὺ
479 1785 696 1850 καινόν;
733 1784 788 1838 τί
808 1785 870 1839 τὸ
891 1782 1222 1857 παράδοξονς
1263 1784 1478 1848 Ἀλλοις
1505 1785 1837 1857 ὲπιτρέχιις.
1876 1785 1991 1865 καὶ.

391 1870 598 1942 ταύτην
648 1871 1048 1955 ἐπιτρέχουσαν
1097 1871 1373 1937 ὲλαύνειςς
1415 1872 1558 1925 Ἀλλ’
1584 1873 1838 1944 ἐννόησον
1874 1874 1972 1928 τοῦ

397 1958 585 2031 ἰατροῦ
612 1959 713 2031 τὴν
735 1959 1078 2029 φιλοσοφίαν.
1114 1959 1178 2013 '0
1207 1958 1277 2013 δὲ
1297 1961 1410 2014 οὐκ
1432 1959 1798 2030 ἀπεκρίνατο
1817 1958 1973 2031 αὐτῇ

331 2089 338 2101 .
391 2047 600 2115 λόγον.
644 2046 801 2111 Τίνος
832 2046 1028 2113 ἓνεκα;
1057 2048 1180 2101 Ὅτι
1209 2048 1270 2102 ού
1304 2046 1376 2102 τὰ
1405 2048 1630 2120 ῥήματα
1678 2049 1971 2120 ἐξήταζεν,

392 2133 536 2187 ἀλλά
554 2133 623 2188 τά
652 2135 941 2207 ἀπόρρητα
970 2135 1069 2206 τῆς
1094 2134 1333 2200 διανοίας
1360 2136 1797 2207 κατεμάνθανεν.
1831 2137 1885 2190 Ὀ
1906 2137 1975 2191 δὲ

390 2225 504 2277 οὐκ
542 2224 903 2292 ἀπεκρίνατο
957 2222 1113 2293 αὐτῇ
1150 2225 1356 2294 λόγον.
1391 2225 1457 2278 Τί
1488 2225 1546 2278 δὲ
1590 2227 1644 2279 οἰ
1684 2225 1971 2297 μαθηταες

393 2310 545 2383 [457]
579 2311 796 2383 Ἐπειδὴ
824 2312 925 2365 οὐκ
949 2312 1137 2382 ἔτυχεν
1164 2315 1198 2384 ἡ
1232 2313 1371 2384 γυνὴ
1403 2314 1775 2385 ἀποκρίσεως,
1800 2332 1973 2386 προσ-

390 2399 641 2463 ελθόντες
684 2400 833 2471 αὐτῷ
874 2400 1126 2469 λέγουσιν
1149 2417 1164 2431 ο
1219 2401 1564 2456 Ἀπόλυσον
1606 2401 1830 2469 αὐτὴν,
1885 2403 1973 2456 ὅτι

392 2489 586 2558 κράζει
618 2491 868 2546 ὄπισθεν
894 2490 1086 2561 ἡμῶν.
1132 2491 1292 2544 ’Λλλά
1317 2494 1381 2546 σὺ
1403 2494 1501 2563 τῆς
1530 2491 1731 2557 ἔξωθεν
1754 2492 1975 2557 ἀκούεις

392 2578 666 2650 κραυγῆς,
716 2576 827 2646 ἐγὼ
858 2578 915 2632 δὲ
944 2579 1048 2649 τῆς
1074 2578 1289 2632 ἔνδοθεν
1310 2597 1323 2611 ο
1365 2580 1578 2651 μεγάλη
1622 2581 1655 2651 ἡ
1688 2580 1843 2652 φωνὴ
1879 2580 1972 2634 τοῦ

395 2668 687 2736 στόματος,
721 2666 859 2720 ἀλλά
889 2667 1093 2737 μείζων
1126 2668 1160 2739 ἠ
1189 2671 1289 2739 τῆς
1331 2669 1597 2733 διανοίας.
1638 2669 1976 2724 Ἀπόλυσον

390 2752 608 2823 αὐτὴν,
642 2753 731 2808 ὅτι
751 2753 943 2822 κράζει
965 2754 1219 2809 ὄπισθεν
1247 2755 1417 2825 ἡμῶν
1436 2773 1448 2786 ·
1480 2756 1640 2820 ἄλλος
1668 2755 1726 2809 δὲ
1763 2755 1912 2826 λέγει
1946 2769 1972 2798 ι

391 2842 821 2913 εύαγγελιστὴς,
887 2843 1274 2911 Ἐμπροσθεν
1327 2841 1520 2913 ἡμῶν.
1579 2844 1828 2898 ’Έναντία
1902 2843 1974 2898 τὰ

392 2930 677 3001 εἰρημένα,
736 2929 852 2983 ἀλλ’
888 2932 949 2984 ού
989 2930 1159 3001 ψευδῆ
1193 2947 1207 2961 ο
1265 2930 1550 3001 ἀμφότερα
1600 2931 1712 3002 γὰρ
1772 2931 1969 3003 ἐποίει.

391 3015 663 3085 Πρότερον
683 3017 793 3087 γὰρ
817 3015 1045 3069 ὄπισθεν
1075 3016 1333 3088 ἔκραζεν·
1353 3018 1443 3070 ὅτε
1472 3017 1529 3070 δὲ
1548 3018 1651 3071 οὐκ
1674 3014 1970 3091 ἀπεκρίθη,

389 3099 556 3175 ἦλθεν
582 3103 914 3174 ἔμπροσθεν,
945 3103 1198 3174 καθάπερ
1233 3103 1380 3157 κύων
1417 3104 1613 3175 λείχων
1641 3107 1769 3169 τοὺς
1806 3106 1975 3171 πόδας

391 3189 487 3245 τοῦ
521 3192 713 3263 κυρίου
747 3189 936 3244 αὑτοῦ.
976 3191 1323 3245 Ἀπόλυσον
1353 3191 1549 3260 αὐτήν
1571 3208 1587 3222 ⁸
1620 3191 1849 3263 θέατρον
1876 3210 1976 3247 πε-

397 3277 674 3349 ριέστησε,
718 3277 893 3348 δῆμον
950 3278 1261 3349 συνήγαγε·
1299 3278 1400 3350 τὴν
1453 3279 1647 3351 ὀδύνην
1704 3280 1974 3354 ἐθεώρουν

392 3364 493 3435 τὴν
508 3362 856 3435 ἀνθρωπίνην
890 3366 1106 3427 ἐκεῖνοι,
1125 3365 1155 3417 6
1177 3363 1234 3417 δὲ
1255 3366 1533 3436 Δεσπότης
1553 3367 1655 3440 τὴν
1677 3367 1976 3440 φιλανθρω-

395 3455 552 3515 πίαν,
582 3452 676 3505 καὶ
719 3453 817 3523 τὴν
851 3452 1127 3523 σωτηρίαν
1170 3453 1271 3525 τῆς
1305 3455 1587 3522 γυναικός.
1640 3458 1975 3515 Ἀπόλυσον

393 3540 611 3610 αὐτὴν,
629 3541 721 3595 ὅτι
747 3538 939 3609 κράζει
956 3540 1414 3611 ὄπισθεν-ἡμῶν.
1441 3544 1508 3597 Τί
1538 3540 1632 3598 οῦν
1650 3547 1682 3599 6
1703 3546 1935 3617 Χριστός
1957 3566 1971 3614 ;

396 3631 521 3685 Οὐκ
549 3628 904 3696 ἀπεστάλην
929 3631 981 3682 εἰ
1004 3628 1092 3697 μὴ
1149 3631 1236 3696 εὶς
1279 3630 1354 3685 τὰ
1391 3632 1665 3700 πρόϐατα
1709 3635 1786 3690 τὰ
1820 3636 1973 3691 ἀπο-

394 3717 636 3772 λωλότα
684 3716 855 3770 οίκου
894 3714 1161 3782 Ἰσραήλ.
1195 3717 1325 3771 Ὅτε
1378 3720 1736 3791 ἀπεκρίνατο,
1789 3725 1973 3793 χεῖρον

392 3806 566 3875 αὐτῆς
602 3804 826 3872 ἐποίησε
851 3803 914 3856 τὸ
945 3803 1135 3867 έλκοςο
1176 3804 1356 3878 ἰατρὸς
1386 3804 1497 3877 γὰρ
1518 3802 1585 3878 ἦν
1608 3807 1847 3879 τέμνων,
1872 3811 1974 3881 οὐχ

393 3892 479 3945 ἴνα
515 3890 688 3961 διέλῃ.
719 3889 833 3943 ἀλλ’
861 3889 949 3942 ἵνα
975 3889 1209 3963 συνάψῃ.

465 3987 540 4037 ς’.
573 3978 840 4033 Ἐνταῦθα
855 3980 1258 4050 προσέχετέμοι
1273 3964 1832 4054 μεταιὶκριϐείαςμαὶ
1849 4001 1976 4039 συν-

382 4072 604 4128 τείνατέ
643 4090 732 4141 μοι
755 4071 856 4143 τὴν
885 4072 1147 4125 διάνοιαν.
1180 4073 1409 4143 Ζήτημα
1439 4073 1551 4146 γάρ
1578 4075 1715 4146 βαθὺ
1744 4078 1973 4150 ἀνερευ-

397 4167 554 4236 νῆσαι
590 4162 872 4233 βούλομαι.
903 4165 1028 4217 Οὐκ
1054 4163 1417 4232 ἀπεστάλην
1436 4167 1490 4219 εἰ
1517 4165 1598 4233 μὴ
1620 4168 1709 4233 εἰς
1730 4167 1804 4221 τὰ
1827 4171 1973 4237 πρό-

396 4256 544 4310 ϐατα
562 4253 635 4307 τὰ
650 4252 1014 4306 ἀπολωλότα
1030 4252 1202 4306 οἴκου
1237 4253 1495 4322 Ἰσραήλ.
1517 4255 1689 4309 Τοῦτο
1704 4257 1822 4311 ὅλον
1841 4276 1856 4327 ;
1876 4260 1975 4315 Διά

377 4346 557 4425 τοῦτο
585 4343 871 4414 ἄνθρωπος
892 4342 1103 4410 ἐγένου,
1143 4342 1324 4414 σάρκα
1347 4345 1628 4411 ἀνέλαϐες,
1665 4351 1977 4424 οἰκονομίας

393 4432 667 4498 τοσαύτας
691 4434 959 4504 εἰργάσω,
991 4431 1077 4485 ἴνα
1110 4431 1238 4501 μίαν
1265 4433 1467 4500 γωνίαν
1497 4435 1697 4509 σώσῃς,
1729 4441 1825 4494 καὶ
1851 4441 1977 4497 ταύ-

392 4544 494 4599 την
542 4524 962 4595 ἀπολλυμένηνς
1005 4524 1038 4594 ἡ
1091 4522 1150 4576 δὲ
1202 4524 1499 4597 οἰκουμένη
1542 4530 1696 4583 πᾶσα
1732 4529 1971 4602 ἕρημος,

394 4618 618 4684 Σκύθαι,
660 4618 899 4690 Θρᾷκες,
947 4616 1117 4683 Ἰνδοὶ,
1161 4616 1401 4689 Μαῦροι,
1448 4619 1691 4686 Κίλικες,
1730 4624 1975 4681 Καππά.

392 4712 572 4774 δοκες,
606 4708 790 4779 Σύροι,
842 4708 1107 4773 Φοίνικες,
1160 4709 1294 4781 ὅσην
1323 4709 1354 4762 ὁ
1396 4708 1552 4781 ἥλιος
1598 4713 1773 4785 ἐφορᾷ
1822 4718 1966 4790 γῆνς

395 4801 497 4855 Διά
533 4800 821 4865 Ἰουδαίους
855 4802 1048 4872 μόνους
1075 4798 1265 4873 ἦλθες,
1295 4803 1369 4859 τὰ
1398 4803 1459 4857 δὲ
1487 4803 1621 4876 ἔθνη
1661 4808 1722 4861 ὲν
1762 4810 1972 4884 ἐρημίᾳ

397 4894 708 4965 ύπερορᾷςς
742 4894 836 4946 καὶ
855 4896 1121 4965 περιορᾷς
1148 4894 1404 4959 κνίσσανς
1435 4900 1699 4968 περιορᾷς
1728 4903 1973 4968 καπνόνς

394 4987 660 5056 περιορᾷς
681 4986 771 5038 τὸν
805 4985 1025 5057 Πατέρα
1046 5003 1144 5041 σου
1170 4987 1528 5060 ὑϐριζόμενον
1543 5006 1573 5056 ;~
1588 4991 1785 5047 εἴδωλα
1805 5011 1974 5067 προσ-

397 5075 561 5130 κυνού
569 5093 706 5146 μένα
726 5094 742 5143 ;
759 5076 1017 5146 δαίμονας
1031 5077 1500 5148 θεραπευομένους
1516 5098 1532 5147 ;
1548 5081 1743 5137 Καίτοι
1766 5086 1814 5138 οί
1839 5102 1943 5156 προ
1957 5118 1973 5127 -

396 5168 566 5238 φῆται
593 5168 654 5219 οὑ
680 5165 853 5220 ταῦτα
875 5165 1142 5234 λέγουσιν,
1174 5170 1290 5224 ἀλλ’
1311 5172 1340 5224 6
1365 5171 1633 5242 πρόγονός
1660 5190 1755 5227 σου
1777 5177 1806 5229 6
1830 5179 1974 5233 κατά

395 5260 576 5332 σάρκα
606 5259 660 5311 τί
697 5273 889 5328 φησιν;
915 5257 1168 5327 Αἴτησαι
1195 5263 1331 5329 παρ’
1358 5261 1525 5331 ἐμοῦ,
1553 5265 1653 5319 καί
1674 5265 1846 5321 δώσω
1874 5286 1973 5323 σοι

399 5351 549 5417 ἔθνη
577 5349 692 5415 τὴν
724 5348 1132 5417 κληρονομίαν
1153 5366 1290 5413 σου,
1320 5336 1429 5406 καί
1453 5353 1571 5423 τὴν
1600 5356 1975 5428 κατάσχεσίν

393 5457 512 5496 σου
535 5439 607 5494 τὰ
629 5440 853 5509 πέρατα
882 5438 993 5509 τῆς
1020 5440 1154 5509 τῆς.
1197 5442 1420 5506 Ἡσαΐας
1447 5445 1504 5498 δὲ
1531 5446 1561 5499 6
1587 5447 1696 5501 τῶν
1721 5450 1973 5522 Σεραφὶμ

394 5526 625 5599 θεωρόςο
657 5527 770 5581 Καὶ
794 5528 966 5582 ἔσται
1008 5530 1047 5596 ἡ
1079 5526 1211 5596 ῥίζα
1238 5530 1345 5585 τοῦ
1389 5532 1643 5596 Ἰεσσαί,
1673 5538 1775 5590 καὶ
1803 5541 1835 5592 ὁ
1866 5540 1973 5593 ἀν-

396 5616 715 5687 ιστάμενυς
730 5619 938 5687 ἄρχειν
954 5619 1164 5674 ἐθνῶνο
1180 5621 1272 5673 ἐπ’
1292 5623 1482 5677 αὐτὸν
1494 5625 1636 5692 ἔθνη
1660 5628 1966 5685 ἐλπιοῦσι.

457 5799 480 5825 ⁸³
507 5797 697 5846 Hamus
715 5798 764 5858 7,
787 5797 848 5848 25
871 5817 885 5849 :
907 5801 1175 5864 προσέπεσε
1189 5803 1302 5865 πρὸς
1320 5804 1428 5862 τοὺς
1446 5805 1595 5862 πόδας
1615 5807 1782 5858 αὐτοῦ.

1082 353 1142 411 S.
1183 353 1468 410 JOANNIS
1503 348 1986 410 CIIBYSOSTOMI
2024 348 2345 405 ARCI‘IIEP.
2383 350 2933 406 CONSTANTINOP.

3544 352 3655 408 136

2077 469 2185 522 Καὶ
2236 466 2452 522 ἰακώϐο
2487 469 2609 521 Οὐκ
2639 467 2907 535 ἐκλείψει
2927 465 3129 533 ἅρχων
3163 464 3232 527 ἐξ
3267 464 3475 528 Ἰούδα,
3508 468 3658 525 οὐδὲ

2073 552 2409 620 ἡγούμενος
2432 551 2500 604 ἐκ
2528 549 2653 604 τῶν
2673 549 2886 618 μηρῶν
2931 547 3139 611 αὐτοῦ,
3175 548 3288 615 ἕως
3325 545 3399 604 οὗ
3427 549 3583 616 ἔλθῃ
3606 545 3659 619 ᾧ

2073 635 2403 699 ἀπόκειται,
2434 633 2534 688 καί
2559 633 2743 699 αὐτὸς
2780 632 3119 701 προσδοκία
3150 632 3362 687 ἐθνῶν.
3393 634 3505 686 Καὶ
3534 635 3662 687 Ma-

2071 718 2299 787 λαχίας·
2347 718 2503 771 Διότι
2545 716 2616 770 ἐν
2652 716 2801 785 ὑμῖν
2826 714 3423 785 συγκλεισθήσονται
3468 718 3656 771 πύλαι

2072 799 2314 868 χαλκαῖ,
2336 799 2437 854 καί
2457 802 2571 854 οὐκ
2605 797 2982 861 ἀλλὰεονται
3010 798 3080 853 τὸ
3110 799 3528 867 προκείμενον,
3565 800 3660 853 ὅτι

2070 882 2192 937 ἀπὸ
2221 881 2538 938 ἀνατολῶν
2567 882 2668 936 καὶ
2694 880 2871 951 μέχρι
2888 879 3139 951 δυσμῶν
3166 882 3346 949 ἠλίσυ
3367 882 3435 935 τὸ
3464 883 3663 951 ὄνομά

2070 977 2190 1019 σου
2217 965 2521 1029 δοξάζεται
2547 965 2617 1018 ἐν
2644 963 2770 1029 τοῖς
2801 963 3029 1023 ἔθνεσι,
3060 963 3162 1018 καί
3196 965 3269 1018 ἐν
3291 965 3468 1019 παντὶ
3492 967 3663 1030 τόπῳ

2072 1048 2334 1117 θυμίαμα
2352 1045 2752 1115 προσφέρεται
2767 1044 2849 1111 τῷ
2862 1047 3078 1114 Κυρίῳ.
3089 1048 3190 1101 καί
3205 1048 3387 1102 θυσία
3401 1048 3656 1115 καθαρά.

2075 1131 2186 1185 Καὶ
2208 1132 2237 1184 6
2264 1130 2429 1184 Δαυτδ
2460 1130 2620 1185 πάλιν
2638 1148 2654 1163 ο
2678 1125 2880 1182 Πάντα
2893 1128 3146 1197 tam,
3169 1131 3506 1198 κροτήσατε
3533 1131 3657 1201 χεῖ-

2065 1232 2201 1283 ρας.
2234 1211 2581 1279 ἀλαλάεατε
2611 1210 2693 1279 τῷ
2722 1211 2843 1279 Θεῷ
2876 1211 2950 1268 ἐν
2975 1212 3149 1283 φωνῇ
3179 1214 3602 1283 ἀγαλλιάσεως
3637 1232 3654 1247 ο

2073 1297 2163 1350 ὅτι
2214 1297 2433 1364 Κύριος
2460 1296 2742 1365 ὕψιστος,
2792 1295 3066 1365 φοϐερὸς,
3113 1295 3416 1362 ,ϐασιλεὺς
3463 1295 3658 1365 μέγας

2072 1378 2173 1433 ἐπὶ
2194 1377 2404 1434 πᾶσαν
2421 1378 2538 1446 τὴν
2560 1375 2697 1448 τῆν.
2745 1378 2953 1447 Ἀνέϐη
2973 1381 3007 1433 ό
3044 1378 3189 1444 Θεὸς
3211 1378 3282 1432 ἐν
3304 1378 3656 1448 ἀλαλαγμῷ,

2074 1464 2288 1530 Κύριος
2310 1461 2382 1515 ἐν
2408 1459 2579 1532 φωνῇ’
2599 1459 2960 1530 σάλπιγγος.
3004 1461 3115 1517 Καὶ
3153 1460 3313 1525 ἄλλος
3331 1476 3346 1491 ο
3377 1460 3657 1531 Εὐφράν-

2072 1548 2234 1612 θητε,
2265 1543 2431 1616 ἔθνη,
2468 1541 2616 1607 μετὰ
2663 1542 2772 1597 τοῦ
2803 1544 2961 1599 λαοῦ
2988 1543 3196 1598 αὐτοῦ.
3228 1544 3339 1598 Καὶ
3375 1545 3442 1598 σὺ
3493 1544 3659 1607 αὐτὸς

2074 1626 2245 1683 ἐλθὼν
2273 1627 2337 1681 οὐ
2369 1629 2577 1698 μάγους
2609 1625 2818 1690 εὐθέως
2866 1625 3169 1689 ἐκάλεσας,
3218 1627 3321 1697 τὴν
3358 1627 3659 1697 ἀκρόπολιν

2075 1709 2183 1765 τῶν
2214 1710 2382 1765 ὲθνῶν
2400 1726 2416 1775 ;
2436 1710 2533 1780 τὴν
2548 1710 2839 1782 τυραννίδα
2864 1710 2960 1765 τοῦ
2987 1709 3271 1777 διαϐόλους
3297 1710 3399 1781 τὴν
3424 1710 3659 1782 δύναμιν

2075 1795 2184 1848 τῶν
2241 1794 2564 1865 δαιμόνωνς
2647 1793 2710 1849 οὐ
2767 1794 3018 1857 καταϐάς
3096 1796 3387 1865 προφήτας
3457 1794 3659 1858 αὐτοὺς

2075 1877 2338 1951 ἐποίησας
2358 1893 2372 1943 ;
2399 1877 2470 1928 Σὺ
2495 1875 2704 1947 μάγους
2722 1876 2909 1939 καλεῖς
2928 1893 2941 1908 ο
2960 1878 3007 1930 οί
3030 1877 3310 1948 προφῆται
3327 1878 3457 1947 περὶ
3481 1877 3658 1931 ἐθνῶν

2075 1960 2344 2027 λέγουσιν.
2391 1959 2657 2023 ’Δναστάς
2685 1960 2796 2014 ἀπὸ
2826 1957 2922 2013 τοῦ
2952 1958 3080 2030 ᾅδου
3109 1959 3289 2027 λέγεις
3334 1963 3449 2023 τοῖς
3477 1960 3659 2032 μαθηο

2075 2047 2194 2109 ταῖς
2217 2059 2232 2074 ο
2274 2043 2674 2112 Πορευθέντες
2695 2044 3115 2114 μαθητεύσατε
3135 2042 3334 2097 πάντα
3359 2043 3431 2098 τὰ
3476 2044 3625 2108 ἔθνη
3640 2085 3656 2106 ,

2069 2126 2464 2193 βαπτίζοντες
2492 2126 2716 2193 αὐτοὺς
2754 2128 2844 2194 είς
2879 2126 2945 2180 τὸ
2978 2126 3169 2195 ὄνομα
3197 2126 3303 2182 τοῦ
3353 2124 3504 2198 [458]
3539 2129 3661 2180 Πα-

2076 2211 2235 2279 τρὸς,
2257 2211 2357 2265 καί
2390 2208 2497 2265 τοῦ
2518 2209 2677 2275 Υίοῦ,
2695 2210 2792 2264 καὶ
2815 2209 2923 2264 τοῦ
2951 2209 3124 2281 ἁγίου
3152 2210 3501 2278 Πνεύματος
3522 2227 3537 2241 ·
3560 2211 3660 2265 καὶ

2075 2295 2165 2349 ὅτε
2196 2290 2360 2364 ἦλθεν
2391 2297 2427 2366 ἠ
2461 2294 2643 2359 ἀθλία,
2684 2296 2719 2366 ἡ
2759 2293 3107 2365 ταλαίπωρος
3130 2332 3146 2355 ,
3195 2294 3341 2366 ὑπὲρ
3385 2294 3660 2366 θυγατρὸς

2077 2377 2494 2450 παρακαλοῦσα,
2524 2376 2809 2449 συμφορὰν
2840 2377 3071 2446 δεομένη
3092 2375 3274 2442 λῦσαι,
3297 2378 3419 2431 τότε
3443 2377 3622 2446 λέγεις
3640 2392 3656 2408 ⁸

2080 2465 2204 2517 Οὐκ
2234 2460 2591 2529 ἀπεστάλην
2607 2464 2660 2516 εί
2679 2461 2766 2531 μὴ
2800 2463 2888 2526 εἰς
2914 2462 2988 2516 τὰ
3011 2461 3278 2529 πρόϐατα
3322 2462 3396 2516 τὰ
3422 2463 3660 2517 ἀπολω-

2076 2545 2229 2600 λότα
2272 2544 2449 2599 οἴκου
2493 2544 2777 2614 Ἰσραήλ;
2819 2546 2931 2599 Καὶ
2978 2544 3067 2596 ὅτε
3113 2546 3213 2615 μὲν
3260 2545 3662 2617 ἑκατόνταρχος

2077 2628 2373 2701 προσῆλθε,
2425 2625 2605 2697 λέγεις
2626 2643 2641 2659 ο
2693 2627 2842 2699 Ἐγὼ
2885 2627 3081 2681 ἐλθὼν
3135 2627 3379 2697 ίὰσομαι
3432 2629 3657 2682 αὐτόν·

2075 2715 2166 2768 ὅτε
2192 2716 2222 2769 6
2256 2714 2478 2785 λῃστὴς,
2511 2711 2784 2782 Σήμερον
2801 2711 2928 2780 μετ’
2951 2711 3098 2781 ἐμοῦ
3126 2713 3241 2781 ἔσῃ
3267 2713 3338 2766 ἐν
3365 2712 3446 2779 τῷ
3463 2729 3658 2780 παρα-

2077 2797 2291 2864 δείσῳ·
2322 2799 2412 2851 ὅτε
2434 2798 2463 2850 6
2493 2794 2879 2866 παραλυτικὸς,
2909 2795 3205 2865 Ἐγερθεὶς
3221 2795 3371 2864 ἆρόν
3400 2810 3516 2850 σου
3543 2795 3663 2865 τὴν

2074 2883 2323 2949 κλίνην.
2350 2880 2447 2936 καί
2471 2880 2664 2948 ὕπατε
2683 2894 2697 2909 ο
2721 2879 2811 2932 ὅτε
2851 2879 2879 2931 6
2906 2878 3177 2949 Λάζαρος,
3200 2877 3445 2947 Λάζαρε.
3477 2876 3660 2947 δεῦρο

2076 2963 2215 3029 ἔξω,
2259 2964 2355 3016 καὶ
2382 2960 2573 3033 ἐξῆλθε
2600 2963 3002 3033 τετραήμερος.
3034 2960 3287 3032 Λεπροὺς
3332 2959 3616 3032 καθαίρεις
3641 3002 3657 3024 ,

2077 3046 2302 3117 νεκροὺς
2354 3046 2626 3118 ὲγείρεις,
2669 3044 3040 3117 παραλυτικὸν
3084 3044 3374 3113 σφίγγεις,
3421 3042 3661 3113 τυφλοὺς

2077 3128 2418 3201 θεραπεύεις,
2448 3127 2650 3200 λῃστὰς
2672 3126 2886 3192 σώζεις,
2918 3128 3123 3198 πόρνην
3150 3125 3419 3196 παρθένου
3444 3142 3658 3196 σωςορο-

2076 3212 2338 3285 νεστέραν
2391 3215 2585 3279 ποιεῖς,
2622 3211 2916 3283 καὶταύτῃ
2955 3210 3105 3264 οὐδὲν
3152 3210 3462 3282 ἀποκρίνῃ;
3493 3208 3558 3263 Τί
3594 3210 3660 3263 τὸ

2078 3297 2299 3363 καινόν;
2326 3296 2379 3349 τί
2398 3295 2459 3349 τὸ
2487 3296 2667 3361 ξένον;
2689 3294 2741 3347 τί
2767 3294 2829 3347 τὸ
2857 3293 3190 3365 παράδοξον;

2147 3408 2192 3473 ζ’
2199 3407 2524 3480 ,Προσέχετε
2540 3405 2898 3479 ἀκριϐῶς,ίνα
2916 3404 3123 3475 μάθητε
3136 3405 3394 3473 γυναικὸς
3404 3403 3660 3474 ἀνδρείαν

2078 3504 2173 3558 καὶ
2229 3503 2501 3557 Δεσπότου
2545 3503 2739 3571 σοφίαν
2781 3501 2877 3556 καὶ
2914 3501 3267 3572 κηδεμονίαν,
3312 3501 3400 3556 ἵνα
3447 3500 3659 3572 μάθητε

2082 3593 2340 3665 μέλλησιν
2382 3593 2575 3664 κέρδος
2625 3592 2885 3663 ἔχουσαν,
2930 3592 3018 3645 ίνα
3058 3591 3271 3664 μάθητε
3322 3591 3661 3662 παραίτησιν

2079 3685 2311 3740 πλοῦτον
2340 3684 2723 3755 παρεχομένην
2741 3701 2759 3715 ο
2785 3686 2873 3738 ἴνα
2910 3684 3016 3739 κᾶν
3040 3685 3174 3756 εὔξῃ
3219 3685 3313 3739 καὶ
3344 3686 3429 3749 σὺ,
3461 3678 3556 3738 καὶ
3583 3685 3660 3757 μὴ

2078 3776 2272 3849 λάϐῃς,
2320 3777 2593 3848 μηδέποτε
2633 3776 2896 3847 ἀποστῇς.
2946 3777 3186 3848 Πρόσεχε
3242 3773 3338 3829 καὶ
3383 3774 3660 3830 σύντεινον

2080 3868 2328 3923 σεαυτόν.
2360 3867 2495 3920 ’Ὅτε
2521 3866 2622 3938 τῆς
2650 3866 3032 3937 Αἰγυπτιακῆς
3092 3865 3489 3939 ἀπηλλάγησαν
3525 3866 3657 3922 ’ἰουο

2077 3957 2215 4012 δαῖοι
2241 3958 2577 4030 τυραννίδος,
2612 3958 2709 4012 καὶ
2734 3957 2829 4012 τοῦ
2860 3956 3063 4030 Φαραὼ
3106 3958 3205 4022 τὰς
3237 3962 3423 4030 χεῖρας
3448 3959 3662 4029 ἀποφυ-

2080 4049 2270 4118 γόντες
2299 4049 2392 4103 ἐπὶ
2416 4048 2516 4119 τὴν
2553 4048 2760 4121 ἔρημον
2789 4049 2959 4122 ᾔεσαν
2984 4089 3001 4114 ,
3045 4051 3143 4103 καὶ
3170 4048 3394 4121 ἔμελλον
3430 4052 3660 4108 εἰσιέναι

2075 4136 2176 4208 τὴν
2207 4134 2523 4190 Χαναναίων
2555 4137 2680 4207 γῆν,
2737 4139 2845 4192 τῶν
2894 4136 3273 4211 εἰδωλομανῶν
3319 4140 3415 4194 καὶ
3443 4140 3659 4196 ἀσεϐῶν

2080 4228 2418 4300 ἀνθρώπων,
2475 4229 2925 4299 προσκυνούντων
2969 4230 3187 4298 λίθους,
3245 4232 3659 4306 θεραπευόντων

2080 4321 2239 4390 ξύλα,
2273 4322 2474 4394 πολλὴν
2503 4322 2756 4377 ἀσέϐειαν
2780 4322 3260 4396 ἐπιδεικνυμένων,
3292 4325 3524 4381 δέδωκεν
3553 4326 3657 4379 αὐ-

2075 4416 2191 4479 τοῖς
2221 4415 2250 4468 6
2285 4413 2418 4478 Θεὸς
2457 4413 2551 4468 τὸν
2598 4414 2762 4485 νόμον
2815 4413 3028 4480 τοῦτον,
3079 4414 3255 4484 λέγων
3289 4432 3302 4450 ·
3362 4415 3455 4488 Μὴ
3483 4414 3659 4487 λάϐῃς

2078 4504 2233 4576 παρά
2268 4504 2377 4560 τῶν
2402 4503 2536 4557 υίῶν
2580 4504 2663 4568 είς
2694 4504 3002 4575 γαμϐροὺς,
3048 4505 3184 4577 μηδὲ
3214 4503 3323 4576 δῷς
3351 4506 3453 4577 τὴν
3489 4506 3660 4574 θυγα-

2074 4598 2212 4670 τέρα
2232 4614 2329 4650 σου
2358 4595 2577 4667 νύμφην
2594 4596 2901 4668 αὑτοῖς.Μὴ
2929 4596 3173 4668 μεταδῷς
3202 4598 3387 4660 αὐτοῖς
3408 4598 3654 4669 χρυσίον,

2080 4690 2225 4760 μήτε
2276 4687 2559 4760 τραπέζης
2612 4688 2922 4754 κοινωνίαν,
2982 4689 3120 4760 μηδὲ
3172 4687 3481 4751 συνουσίαν,
3514 4689 3655 4759 μηδὲ

2075 4780 2239 4834 ἄλλου
2279 4778 2507 4851 μηδενὸς
2532 4777 2642 4833 τῶν
2671 4778 2951 4843 τοιούτων,
2974 4781 3058 4834 ὅτι
3086 4780 3380 4853 παράνομα
3406 4778 3476 4835 τά
3502 4779 3652 4850 ἔθνη,

2075 4872 2159 4935 εἰς
2185 4870 2223 4926 ἀ
2250 4871 2457 4938 είσάγω
2485 4885 2545 4925 σε
2574 4867 2987 4941 κληρονομῆσαι
3011 4869 3213 4925 αὐτῶν.
3244 4869 3418 4925 Τοῦτο
3441 4865 3536 4923 οῦν
3557 4872 3657 4924 αξι-

2071 4966 2189 5027 τοῐς
2238 4963 2268 5016 6
2326 4961 2491 5031 νόμος
2538 4961 2823 5032 μονονουχὶ
2864 4960 3204 5015 ἐνετέλλετοο
3235 4962 3327 5032 Μὴ
3348 4962 3654 5035 ἀγοράσῃς,

2082 5054 2158 5126 μὴ
2193 5051 2476 5123 ταυλήσῃς,
2531 5049 2609 5122 μὴ
2653 5050 2835 5120 γάμον
2883 5049 3223 5121 ὲπιτελέσης,
3263 5050 3398 5121 μηδὲ
3442 5051 3651 5121 συμϐό⁹

2075 5144 2224 5207 λαια,
2269 5140 2383 5195 ἀλλ’
2424 5140 2540 5205 Eae,
2581 5140 2631 5192 εἰ
2680 5139 2779 5193 καὶ
2823 5140 2902 5209 τῷ
2937 5140 3091 5211 τύπῳ
3136 5141 3329 5209 ἔγγὺς,
3387 5140 3525 5194 άλλά
3574 5141 3657 5211 τῷ

2075 5233 2261 5307 τρόπῳ
2313 5229 2738 5302 κεχωρισμένος.
2771 5229 2956 5301 Μηδέν
2986 5243 3094 5282 ’σοι
3144 5230 3324 5283 κοινὸν
3372 5230 3509 5301 πρὸς
3552 5231 3654 5283 αύ-

2075 5324 2224 5389 τοὶις,
2285 5321 2360 5393 μὴ
2409 5320 2853 5389 συναλλάγματα,
2906 5320 2980 5391 μὴ
3031 5320 3286 5391 πράσεις,
3338 5321 3414 5391 μὴ
3444 5322 3653 5392 ἀγορα-

2076 5414 2205 5477 aiat.
2263 5414 2343 5485 μὴ
2389 5412 2704 5482 ἐπιγαμίαιν
2749 5412 2823 5483 μὴ
2861 5411 3263 5482 ὲτκειγειιμδρίσιις
3319 5413 3406 5465 ἵνα
3444 5411 3519 5484 μὴ
3550 5414 3653 5482 τῆς

2076 5503 2395 5574 συγγενείας
2422 5503 2455 5574 ὴ
2480 5503 2693 5574 ἀνάγκη
2712 5503 2792 5565 εἰς
2821 5500 3075 5554 ἀσέϐειάν
3096 5517 3155 5554 σε
3174 5500 3521 5571 ὲξολισθῆσαι
3551 5519 3654 5554 πα-

2079 5594 2412 5668 ρασκευάσῃ,
2448 5594 2535 5647 ἴνα
2581 5592 2654 5665 μὴ
2681 5592 2742 5646 τὸ
2781 5591 2964 5645 δοῦναι
3006 5590 3102 5644 καὶ
3123 5592 3185 5643 τὸ
3207 5590 3395 5645 λαϐεῖν
3429 5593 3555 5661 ποιῇ
3590 5609 3652 5643 σε

2056 5686 2227 5755 ’φίλον
2258 5685 2470 5739 αὐτῶν·
2500 5683 2617 5737 ἀλλ’
2642 5682 2836 5754 ἐχθρὸς
2864 5682 2950 5735 άεῑ
2998 5680 3091 5733 ἔσο
3120 5681 3324 5745 αὐτοῖς.
3357 5679 3541 5751 Μηδὲν
3566 5683 3645 5733 σοὶ

2074 5778 2169 5830 καὶ
2197 5775 2551 5837 Χαναναίοις·
2589 5774 2663 5846 μὴ
2700 5773 2902 5845 χρυσὸν
2930 5770 3115 5826 αὐτῶν
3147 5770 3338 5843 λάϐῃς,
3380 5771 3512 5842 μηδὲ
3543 5772 3649 5842 ἀρ-
