4036 6384
307 371 404 428 855

310 486 480 539 lettcas
493 478 753 534 mulieres
772 476 1023 532 mercede
1039 471 1316 540 conduxit,
1339 486 1431 528 eas
1455 486 1574 542 quae
1594 471 1768 526 solent
1780 469 1898 524 dae-

312 588 493 631 monas
517 586 751 628 evocare
783 580 843 626 et
867 569 1019 624 ulcus
1063 581 1299 636 augere;
1323 565 1420 619 sed
1462 564 1665 619 dimisit
1693 562 1894 618 diaboli

310 665 595 727 ofﬁcinam,
613 670 671 717 et
687 660 918 716 accessit
937 658 1003 713 ad
1021 657 1358 714 Scrvatorem
1379 654 1676 709 animarum
1693 663 1898 708 nostra-

309 771 451 811 rum.
480 754 728 808 Miserere
753 751 874 816 mei,
900 749 1012 819 ﬁlia
1049 764 1162 802 mea
1189 746 1324 801 male
1341 763 1373 799 a
1398 745 1646 801 daemonio
1667 755 1894 798 uexatur.

309 849 489 903 Nostis
514 845 766 900 allectum
789 842 1171 908 miserationis,
1198 849 1459 910 quotquot
1479 847 1656 908 patres
1681 836 1893 902 fuistis;

307 941 490 1010 iuvate
531 951 616 992 me
651 936 846 1000 verbis,
875 940 1135 1004 quotquot
1163 939 1362 986 matres
1399 929 1592 985 fuistis.
1624 929 1738 984 Non
1775 942 1898 998 pos-

309 1044 430 1084 sum
480 1026 791 1083 describere
839 1032 1209 1093 tempestatem
1277 1035 1434 1091 quam
1480 1020 1733 1075 sustinuit
1781 1034 1900 1072 mu-

309 1118 530 1174 liercula
578 1118 687 1172 illa.
737 1113 978 1169 Hiserere
1023 1115 1118 1166 mei
1158 1127 1180 1166 :
1224 1112 1336 1180 ﬁlia
1373 1127 1485 1165 mea
1535 1110 1669 1164 male
1714 1126 1747 1163 a
1793 1109 1900 1162 dw-

310 1212 484 1264 manio
523 1218 750 1264 necatur.
807 1205 998 1261 Vidisti
1051 1204 1442 1274 philosophiam
1485 1201 1723 1256 mulieris
1744 1240 1764 1268 ,
1819 1200 1898 1254 vi-

308 1305 433 1358 disti
471 1299 916 1373 perseverantiam
939 1339 954 1364 ,
986 1297 1163 1352 vidisti
1200 1295 1525 1361 virilitatem,
1552 1292 1898 1364 patientiam?

313 1394 417 1448 Ille
436 1410 555 1449 vero
583 1409 684 1446 non
708 1389 966 1461 respondit
1004 1389 1050 1442 ei
1095 1386 1298 1442 verbum
1361 1384 1576 1456 (Matth.
1621 1385 1714 1440 15.
1764 1382 1836 1437 95
1855 1383 1896 1453 ).

312 1487 448 1540 Rem
477 1483 701 1538 novam!
757 1481 949 1550 Rogat,
990 1480 1256 1544 obsecrat,
1306 1476 1661 1539 calamitatem
1709 1475 1899 1546 deplo-

315 1588 419 1639 rat,
459 1584 617 1644 auget
662 1571 995 1643 tragoediam,
1048 1570 1395 1624 alﬁictionem
1447 1578 1668 1634 narrat;
1711 1575 1768 1623 et
1810 1567 1900 1623 ille

314 1666 590 1719 hominum
640 1672 846 1716 amator
885 1676 992 1715 non
1055 1660 1363 1729 respondet.
1423 1659 1656 1713 Verbum
1715 1665 1856 1714 tacet
1879 1699 1896 1723 ,

315 1755 434 1810 fons
461 1755 676 1808 clausus
702 1759 806 1813 est,
829 1750 1069 1805 medicus
1086 1748 1369 1818 pharmaca
1395 1750 1607 1803 retinet.
1637 1748 1773 1817 Quid
1798 1763 1900 1803 no-

312 1843 478 1899 vum?
505 1843 632 1914 quid
661 1840 1010 1896 admirabile?
1045 1840 1126 1894 Ad
1153 1839 1290 1894 alios
1328 1841 1522 1905 curris,
1553 1849 1608 1894 et
1631 1838 1769 1894 hanc
1793 1840 1899 1893 mi-

313 1951 492 1988 seram
521 1941 886 1988 accurrentem
904 1931 1072 2000 abigis
1095 1930 1119 1984 ‘l
1149 1931 1241 1984 sed
1264 1930 1544 1985 considera
1565 1929 1754 1985 medici
1778 1929 1898 2000 pbi-

315 2026 637 2096 losophiam.
668 2024 769 2080 Ille
781 2033 947 2077 autem
970 2039 1074 2077 non
1091 2023 1354 2092 respondit
1372 2023 1420 2076 ei
1436 2023 1658 2076 verbum.
1692 2022 1900 2090 Quare?

314 2119 448 2186 Quia
472 2118 636 2172 verba
664 2133 769 2171 non
797 2115 1166 2181 examinahat;
1219 2114 1317 2171 sed
1344 2129 1540 2170 arcana
1567 2117 1762 2170 mentis
1781 2116 1899 2169 ani-

316 2210 700 2266 madvertebat.
733 2207 834 2263 Ille
858 2218 1024 2262 autem
1047 2223 1148 2262 non
1172 2207 1486 2274 responditei
1504 2207 1724 2261 verbum.
1752 2207 1891 2272 Quid

313 2313 494 2356 autem
525 2300 818 2370 discipuli?
846 2299 969 2368 quia
1000 2313 1318 2368 responsum
1354 2297 1546 2351 mulier
1565 2313 1670 2350 non
1699 2298 1898 2352 obtine-

319 2393 429 2460 bat,
480 2393 797 2449 accedentes
823 2391 889 2444 ad
928 2405 1048 2445 eum
1097 2389 1326 2444 dicunt:
1367 2387 1576 2442 Dimitte
1598 2389 1762 2455 illam,
1783 2389 1902 2458 quia

316 2485 501 2538 clamat
527 2494 637 2554 post
666 2500 757 2537 nos
778 2481 992 2550 (Matth.
1028 2481 1116 2536 l5.
1147 2478 1264 2552 25).
1287 2479 1394 2536 Sed
1415 2491 1470 2534 tu
1496 2489 1777 2535 externum
1801 2494 1898 2534 au-

314 2577 399 2632 dis
453 2576 766 2641 clamorem,
810 2587 910 2644 ego
937 2575 1204 2628 internum
1233 2589 1248 2627 :
1280 2586 1470 2642 magna
1518 2580 1602 2627 est
1626 2587 1728 2627 vox
1768 2574 1898 2639 oris,

316 2667 410 2722 sed
435 2666 828 2736 majormentis.
864 2663 1066 2718 Dimitte
1083 2664 1248 2730 illam,
1277 2663 1397 2734 quia
1421 2663 1606 2716 clamat
1626 2670 1736 2732 post
1761 2679 1850 2716 nos
1878 2679 1897 2717 :

314 2760 453 2814 alius
473 2769 651 2813 autem
682 2757 1001 2826 evangelista
1025 2755 1098 2824 (α)
1124 2754 1283 2820 dicit,
1317 2753 1447 2807 Ante
1482 2769 1595 2807 nos.
1625 2753 1900 2808 Contraria

317 2852 434 2908 haec
458 2853 599 2907 dicta
637 2849 918 2913 videntur;
948 2848 1040 2904 sed
1068 2863 1174 2901 non
1199 2846 1474 2902 mendacia
1500 2853 1622 2900 sunt
1655 2861 1669 2897 :
1700 2854 1900 2899 utrum-

314 2957 422 3012 que
447 2941 589 2996 enim
621 2941 830 3010 agebat.
865 2938 1045 2993 Primo
1082 2937 1228 2992 enim
1275 2945 1420 2993 retro
1447 2934 1750 3000 clamabat;
1776 2949 1898 2989 cum

315 3040 493 3085 autem
518 3045 624 3084 non
645 3027 994 3098 responderet
1018 3026 1130 3092 ille,
1171 3024 1549 3094 anteperrexit,
1577 3024 1729 3094 quasi
1752 3024 1901 3079 canis

318 3122 556 3177 lambens
586 3119 807 3189 vestigia
831 3117 1031 3173 domini
1053 3117 1155 3172 sui.
1179 3116 1388 3170 Dimitte
1408 3115 1590 3181 illam;
1613 3123 1890 3185 spectacu-

314 3214 424 3268 lum
448 3213 646 3267 circum
673 3211 884 3277 edebat,
915 3209 1166 3279 populum
1208 3207 1500 3264 advocabat
1529 3224 1544 3262 :
1575 3207 1649 3263 illi
1693 3207 1762 3262 ad
1807 3207 1903 3261 hu-

313 3317 529 3357 manum
581 3301 822 3355 dolorem
868 3299 1243 3368 respiciebant,
1306 3298 1563 3352 Dominus
1603 3307 1781 3352 autem
1835 3298 1900 3352 ad

312 3394 543 3446 salutem
570 3391 810 3446 mulieris
827 3390 1119 3459 spectabat.
1144 3389 1354 3444 Dimitte
1381 3390 1544 3455 illam,
1573 3393 1693 3459 quia
1717 3391 1902 3445 clamat

319 3496 428 3542 post
454 3497 565 3534 nos.
595 3481 731 3546 Quid
765 3481 920 3550 igitur
944 3477 1230 3534 Christus?
1275 3477 1398 3534 Non
1440 3496 1555 3533 sum
1588 3480 1768 3533 missus
1803 3481 1900 3533 nisi

318 3573 387 3624 ad
409 3587 526 3626 oues
551 3587 664 3640 qua:
691 3573 943 3642 perierunt
987 3571 1166 3625 domus
1198 3570 1366 3626 Israel
1408 3570 1515 3642 (Ib.
1547 3587 1594 3624 υ.
1621 3570 1746 3642 24).
1767 3571 1898 3626 Cum

317 3665 614 3734 respondit,
643 3665 787 3718 illius
814 3665 962 3720 ulcus
991 3666 1143 3719 auxit
1171 3682 1185 3718 :
1209 3664 1449 3720 medicus
1485 3664 1628 3719 enim
1675 3673 1790 3719 erat
1814 3679 1900 3718 εθ-

318 3771 468 3819 caus,
501 3772 607 3810 non
649 3765 709 3810 ut
733 3757 1014 3821 divideret,
1045 3755 1141 3811 sed
1173 3765 1228 3810 ut
1246 3755 1616 3825 conjungeret.

388 3850 442 3902 ὃ.
466 3847 693 3902 Christus
719 3865 812 3918 pro
840 3849 1068 3902 omnibus
1083 3849 1309 3919 gentibus
1335 3847 1469 3901 uenit
1487 3847 1542 3899 in
1561 3845 1902 3899 mundum.—

317 3941 415 3995 llic
433 3941 561 3994 mihi
593 3957 687 3994 vos
717 3951 948 3994 attentos
974 3943 1228 4008 praebete,
1259 3948 1315 3994 et
1339 3939 1576 3992 animum
1601 3937 1859 3996 advertite
1884 3954 1898 3990 :

315 4031 628 4100 profundam
654 4031 796 4084 enim
825 4033 1178 4099 quaestionem
1229 4028 1550 4098 investigare
1585 4028 1728 4082 volo.
1776 4025 1898 4080 Non

317 4140 432 4177 sum
469 4123 649 4176 missus
687 4123 790 4176 nisi
813 4122 881 4174 ad
921 4138 1036 4175 oves
1079 4137 1192 4192 qute
1218 4122 1475 4190 perierunt
1501 4120 1683 4174 domus
1715 4118 1898 4174 Israel.

321 4216 554 4270 lloccine
581 4224 744 4270 totum
767 4215 894 4269 est?
923 4214 1114 4268 Ideone
1144 4214 1305 4268 homo
1330 4213 1499 4267 lactus
1523 4229 1584 4267 es
1607 4223 1660 4266 et
1684 4225 1900 4266 carnem

318 4305 687 4373 assumpsisti,
728 4313 1033 4374 tantamque
1059 4303 1414 4359 teconomiam
1460 4302 1747 4357 adhibuisti
1780 4343 1795 4367 ,
1846 4311 1904 4356 ut

320 4413 484 4451 unum
514 4411 760 4452 servares
784 4396 1034 4465 angulum
1054 4435 1070 4460 ,
1098 4404 1154 4450 et
1179 4396 1320 4449 hunc
1341 4393 1707 4464 pereuntem?
1731 4393 1904 4447 orbis-

319 4504 388 4541 ne
418 4498 560 4542 totus
584 4488 828 4543 desertus
853 4497 965 4549 est,
996 4485 1230 4558 Scythae,
1257 4485 1514 4552 Thraces,
1545 4485 1682 4551 lndi,
1713 4484 1898 4549 Mauri,

317 4581 532 4645 Cilices,
561 4577 928 4649 Cappadoces,
958 4579 1099 4651 Syri,
1129 4579 1408 4634 Phoenices
1426 4619 1442 4644 ,
1475 4585 1711 4648 totaque,
1741 4591 1902 4647 quam

319 4672 402 4723 sol
428 4671 662 4738 respicit,
696 4671 880 4725 terra?
907 4671 987 4725 An
1013 4679 1229 4741 propter
1247 4669 1460 4724 Judaeos
1490 4669 1662 4722 solum
1689 4668 1900 4732 venisti,

319 4768 377 4813 et
395 4770 581 4829 gentes
600 4759 807 4816 deseris
827 4760 1200 4829 deSpicisque?
1227 4775 1297 4814 an
1318 4760 1616 4814 contemnis
1636 4758 1900 4820 nidorem,

319 4864 391 4902 an
437 4849 684 4904 fumum?
726 4865 793 4904 an
832 4851 1129 4909 contemnis
1167 4850 1377 4906 Patrem
1410 4859 1556 4903 tuum
1583 4849 1903 4904 contumelia

320 4939 615 4996 allectum?
665 4955 734 4995 an
784 4940 1044 4995 idolorum
1092 4942 1500 5010 daemonumque
1549 4939 1746 4993 cultum
1792 4955 1902 4994 non

320 5031 516 5085 curas?
542 5032 705 5100 Atqui
732 5046 838 5085 non
883 5031 983 5086 hoc
1008 5031 1191 5086 dicunt
1219 5031 1526 5102 prophetae,
1555 5031 1650 5086 sed
1679 5045 1904 5100 proavus

325 5129 450 5174 tuus
474 5122 766 5176 secundum
793 5137 1009 5178 carnem
1037 5124 1162 5193 quid
1203 5124 1478 5194 loquitur?
1506 5123 1721 5177 Postulo
1748 5141 1781 5177 a
1803 5141 1900 5189 nte,

319 5223 372 5267 et
402 5213 532 5266 dabo
575 5214 663 5266 tibi
707 5224 877 5285 gentes
906 5214 1228 5269 hereditatem
1251 5224 1390 5269 tuam
1411 5257 1426 5279 ,
1473 5225 1520 5269 et
1543 5217 1905 5283 possessionem

320 5309 466 5354 trram
495 5303 733 5356 terminos
762 5313 910 5357 terrm
939 5303 1118 5374 (Psal.
1149 5303 1204 5358 2.
1234 5305 1329 5373 8).
1374 5303 1594 5359 Hesaias
1623 5319 1785 5370 vero,
1815 5306 1904 5375 qui

320 5393 604 5463 Seraphin:
635 5397 1028 5465 contemplatus
1057 5404 1140 5451 est
1169 5416 1184 5452 :
1226 5397 1295 5450 Et
1321 5398 1412 5451 erit
1454 5397 1605 5451 radix
1644 5397 1788 5452 Jesse
1811 5438 1826 5459 ,
1857 5408 1905 5451 et

321 5487 410 5554 qui
437 5495 670 5556 exsurget
696 5488 944 5554 imperare
972 5489 1200 5558 gentibus
1229 5504 1247 5541 :
1271 5489 1324 5542 in
1343 5488 1510 5559 ipsum
1537 5498 1706 5558 gentes
1725 5504 1904 5557 spera-

389 5642 483 5709 (a)_
498 5649 680 5709 marcus
698 5645 748 5702 7,
771 5645 836 5694 25
860 5658 874 5694 :
903 5645 1114 5709 Procidit
1135 5652 1246 5696 ante
1266 5646 1413 5709 pedes
1430 5648 1552 5709 ejus.
1577 5655 1686 5698 nec
1699 5649 1816 5699 dicit
1839 5649 1904 5699 de

313 5699 700 5776 Syrophueuissa,
724 5699 834 5776 qua;
859 5707 1031 5776 eadem
1055 5715 1132 5757 est
1152 5699 1300 5770 atque
1324 5699 1599 5776 Chananaaa.
1636 5712 1750 5762 Hinc
1765 5711 1908 5776 Chry-

324 5774 583 5826 sostomus,
607 5767 893 5818 memoriter
917 5767 1141 5831 loquens,
1163 5767 1274 5820 ante
1295 5782 1398 5830 nos,
1422 5770 1620 5820 dixerit.

1693 358 1783 414 DE
1819 356 2236 413 (ΖΙΙΑΝΔΝΔΕᾹ.

3475 368 3580 424 liii

2008 469 2130 523 bunt
2171 469 2340 541 (lsai.
2370 471 2454 525 Η.
2485 470 2551 524 10
2645 469 2702 524 ΕΙ
2736 470 2902 527 Jarob
2928 491 2940 525 :
2968 472 3085 528 Non
3113 475 3308 543 deficiet
3350 479 3582 548 princeps

2007 579 2070 616 ex
2093 563 2267 627 Iuda,
2301 581 2460 631 neque
2499 567 2605 619 dux
2643 566 2706 620 de
2743 566 3018 636 femoribus
3047 569 3155 640 ejus
3178 611 3192 632 ,
3221 570 3380 626 donec
3421 576 3582 627 ueniat

2007 658 2088 709 cui
2113 659 2387 725 repositum
2416 669 2491 712 est
2519 676 2541 714 :
2579 670 2627 713 et
2657 661 2764 730 ipse
2806 664 3111 732 exspectatio
3149 668 3369 736 gentium
3411 667 3582 738 (Gen.

2003 748 2256 818 49.10).
2297 749 2365 804 Et
2392 751 2682 808 Malachias
2716 771 2732 807 :
2777 754 2908 822 Quia
2952 757 3006 809 in
3048 759 3186 812 vobis
3223 760 3578 815 concludentm

2003 849 2166 908 parte
2201 856 2346 895 aerem
2368 883 2385 908 ,
2431 851 2478 896 et
2519 860 2622 897 non
2661 845 2923 898 mutabunt
2950 849 3085 916 quod
3133 851 3447 920 propositum
3491 864 3583 914 est,

2002 931 2124 997 quia
2150 934 2216 984 ab
2243 943 2359 985 ortu
2381 933 2505 986 solis
2525 949 2680 1003 usque
2702 935 2769 987 ad
2793 951 3024 989 occasum
3052 954 3232 992 nomen
3259 950 3400 994 tuum
3429 944 3595 1012 glori-

2006 1021 2190 1088 ﬁcatur
2211 1022 2265 1075 in
2289 1023 2518 1093 gentibus
2539 1065 2555 1089 ,
2592 1033 2642 1078 et
2679 1027 2732 1079 in
2758 1029 2894 1079 omni
2933 1027 3042 1082 loco
3079 1029 3338 1086 incensum
3373 1035 3591 1101 olfertnr

2005 1112 2256 1180 Domino,
2283 1125 2332 1169 et
2354 1117 2659 1186 sacriﬁcium
2686 1119 2930 1172 mundum
2961 1120 2980 1187 (
3006 1120 3226 1176 Malaeh.
3259 1125 3311 1178 l.
3338 1125 3422 1180 l0.
3449 1127 3508 1181 ll
3540 1129 3579 1195 ).

2007 1202 2077 1256 Et
2123 1203 2288 1258 David
2317 1220 2528 1260 rursum
2563 1224 2576 1261 :
2613 1206 2799 1262 Omnes
2827 1221 3024 1280 gentes,
3058 1213 3284 1282 plaudite
3327 1223 3579 1282 «iambus,

2001 1293 2216 1361 jubilate
2254 1292 2366 1348 Deo
2405 1296 2459 1350 in
2496 1311 2615 1350 voce
2650 1299 3036 1366 emsultationis;
3073 1305 3310 1371 quoniam
3334 1305 3584 1361 Dominus

2006 1385 2250 1450 etc-celsus,
2283 1387 2518 1442 terribilis
2532 1428 2548 1454 ,
2583 1387 2691 1444 Rea:
2715 1405 2931 1461 magnus
2965 1408 3118 1462 super
3141 1407 3338 1450 omnem
3375 1407 3580 1451 terram.

2005 1477 2245 1531 Ascendit
2281 1477 2422 1534 Deus
2458 1479 2511 1533 in
2549 1479 2886 1550 jubilatione,
2923 1481 3172 1539 Dominus
3207 1487 3260 1540 in
3300 1504 3417 1541 uoce
3455 1489 3582 1542 tuba!

2006 1569 2027 1638 (
2050 1567 2198 1623 Psal.
2221 1569 2312 1625 46.
2341 1570 2394 1624 2.
2423 1573 2477 1626 5.
2505 1569 2600 1644 5
2631 1573 2698 1626 Et
2724 1574 2861 1628 alius
2887 1590 2904 1628 :
2933 1573 3221 1643 Ltetamini,
3249 1590 3445 1649 gentes,
3471 1597 3581 1633 cum

2004 1660 2192 1728 populo
2216 1661 2328 1730 ejus
2357 1661 2531 1732 (Deut.
2557 1663 2646 1718 52.
2669 1664 2784 1732 45).
2815 1665 2881 1719 Et
2909 1675 2964 1719 tu
2995 1667 3108 1736 ipse
3139 1671 3375 1735 veniens,
3407 1687 3582 1726 nonne

2004 1764 2188 1819 magos
2226 1753 2404 1804 statim
2431 1752 2740 1820 advocasti,
2771 1769 2948 1810 arcem
2979 1760 3245 1825 gentium,
3273 1761 3469 1816 diaboli
3499 1773 3580 1834 ty-

2006 1841 2286 1896 rannidem
2307 1883 2322 1906 ,
2355 1843 2605 1898 virtutem
2635 1845 2980 1901 daemonum?
3021 1863 3198 1904 nonne
3230 1850 3579 1919 descendens,

2005 1930 2293 2000 pr0pbetas
2319 1947 2414 1986 eos
2438 1934 2753 1990 reddidisti?
2779 1935 2858 1990 Tu
2885 1954 3066 2008 magus
3089 1955 3248 1997 vocas
3273 1960 3288 1996 :
3312 1944 3580 2014 propheta:

2004 2022 2073 2077 de
2101 2025 2345 2094 gentibus
2374 2025 2474 2080 hoc
2504 2027 2705 2082 dicunt.
2752 2028 3035 2100 Postquam
3077 2032 3146 2086 ab
3189 2034 3372 2090 inferis
3407 2053 3568 2092 resur-

2003 2129 2241 2180 rcxeras,
2269 2115 2545 2188 discipulis
2570 2119 2704 2173 dicis
2733 2135 2749 2173 :
2782 2119 2974 2175 Euntes
2996 2123 3168 2176 docete
3195 2142 3365 2181 omnes
3389 2140 3576 2198 gentes,

2003 2204 2312 2277 baptizantes
2337 2224 2419 2263 eos
2447 2208 2501 2262 in
2533 2211 2737 2264 nomine
2775 2211 2947 2266 Patris
2967 2254 2982 2275 ,
3011 2224 3059 2267 et
3095 2215 3253 2279 Filii,
3284 2227 3330 2270 et
3360 2219 3581 2289 Spiritus

2003 2299 2168 2350 sancti
2210 2297 2445 2368 (Matth.
2467 2300 2558 2356 28.
2589 2301 2740 2371 t9);
2783 2311 2837 2356 ct
2877 2304 3091 2372 quando
3128 2307 3272 2360 venit
3308 2309 3487 2364 infelix
3529 2323 3580 2365 et

2003 2389 2198 2441 misera
2230 2388 2316 2442 illa
2341 2429 2355 2453 ,
2402 2405 2502 2460 pro
2541 2391 2646 2444 ﬁlia
2678 2407 2900 2461 rogans,
2931 2410 3330 2467 {erumnamque
3371 2400 3608 2474 diSpellil

2004 2479 2342 2548 supplicans,
2377 2491 2501 2535 tunc
2527 2482 2658 2537 dicis
2687 2499 2700 2537 :
2731 2482 2853 2538 Non
2890 2502 3002 2538 sum
3033 2488 3211 2542 missus
3250 2491 3348 2543 nisi
3375 2493 3443 2544 ad
3471 2510 3584 2547 oves

2003 2586 2116 2640 quae
2140 2573 2398 2640 perierunt
2422 2576 2601 2628 domus
2627 2575 2828 2642 Israel;
2857 2587 3048 2631 etcum
3075 2583 3412 2637 centenarias
3432 2600 3583 2639 accu-

2003 2662 2120 2729 dit,
2161 2663 2294 2718 dicis
2320 2680 2337 2719 :
2366 2664 2478 2735 Ego
2517 2667 2716 2721 veniens
2759 2670 2948 2722 curabo
2975 2687 3088 2724 cum
3127 2672 3146 2740 (
3171 2673 3357 2728 Matth.
3385 2677 3438 2731 8.
3470 2678 3500 2730 7
3525 2680 3541 2747 )
3568 2699 3580 2741 ;

2002 2765 2126 2806 cum
2159 2752 2296 2808 latro
2334 2756 2598 2825 supplicat
2638 2774 2652 2811 :
2694 2757 2865 2812 Hodie
2893 2776 3085 2813 mecum
3125 2764 3224 2816 eris
3259 2766 3313 2816 in
3345 2769 3581 2833 paradiso

2003 2842 2156 2914 (Luc.
2181 2844 2272 2899 25.
2296 2845 2424 2914 45);
2461 2861 2582 2901 cum
2612 2849 2933 2918 paralyticus
2963 2867 2977 2903 :
3008 2851 3208 2922 Surge,
3242 2855 3364 2908 tolle
3403 2858 3582 2911 lectum

2004 2943 2148 2991 tuum
2171 2975 2186 3001 ,
2232 2943 2278 2990 et
2315 2937 2442 2990 vade
2468 2937 2486 3007 (
2510 2936 2697 2990 Matth.
2722 2939 2774 2991 9.
2805 2937 2878 3009 6)
2907 2955 2921 2990 :
2951 2955 3073 2994 cum
3100 2943 3300 2997 Lazaro
3326 2945 3581 3014 loqueris,

2002 3027 2233 3094 Lazare,
2272 3028 2384 3082 ueni
2423 3032 2563 3099 foras
2597 3027 2797 3100 (Joan.
2824 3031 2910 3084 ll.
2939 3031 3042 3100 45)
3068 3073 3083 3095 ,
3111 3041 3165 3086 et
3201 3035 3585 3103 quatriduanus

2002 3119 2190 3176 exivit.
2216 3119 2484 3190 Leprosos
2509 3121 2755 3187 mundas,
2787 3133 3024 3178 mortuos
3052 3127 3297 3190 suscitas,
3329 3130 3582 3201 paralyti-

2003 3227 2124 3266 cum
2155 3212 2364 3277 ﬁrmas,
2393 3227 2567 3268 caecos
2594 3214 2880 3278 illuminas,
2914 3216 3147 3271 latrones
3173 3231 3373 3282 servas,
3406 3236 3582 3276 merc-

2003 3304 2191 3358 tricem
2239 3304 2417 3358 reddis
2457 3305 2660 3375 virgine
2704 3305 3026 3370 castiorem,
3057 3317 3111 3362 et
3152 3309 3274 3363 huic
3318 3310 3449 3365 nihil
3495 3328 3579 3367 re-

2003 3396 2279 3464 spondes?
2315 3396 2484 3463 Quam
2512 3412 2707 3452 novum
2734 3398 2786 3452 id
2811 3399 2824 3452 ε
2853 3413 3009 3468 quam
3035 3401 3354 3470 stupendum
3379 3404 3392 3456 !
3425 3419 3584 3474 quam

2005 3487 2274 3542 insolitum
2299 3489 2312 3542 Ξ

2077 3577 2131 3631 7.
2174 3579 2422 3632 Animum
2453 3577 2711 3634 advertite
2740 3580 3041 3650 diligenter,
3074 3591 3131 3635 ut
3154 3582 3372 3638 discatis
3399 3586 3584 3640 mulie-

2005 3669 2080 3723 ris
2101 3669 2402 3723 virilitatem
2424 3685 2487 3723 ac
2509 3671 2716 3724 Domini
2738 3673 3051 3741 sapientiam
3071 3676 3582 3746 providentiamque;

2002 3767 2062 3812 ut
2102 3757 2320 3812 discatis
2365 3773 2544 3814 moras
2587 3759 2791 3814 lucrum
2835 3763 3112 3828 attulisse,
3158 3775 3211 3818 et
3252 3769 3583 3836 negationem

2002 3849 2216 3904 divitias
2246 3850 2553 3918 peperisse;
2585 3861 2642 3904 ut
2668 3852 2713 3905 si
2739 3853 2974 3907 oraveris
3004 3862 3059 3908 et
3099 3862 3152 3907 tu
3177 3897 3190 3919 ,
3226 3865 3278 3909 ct
3308 3874 3410 3910 non
3442 3861 3585 3912 acci-

2007 3941 2121 4009 pias
2141 3980 2154 4000 ,
2185 3956 2472 4009 numquam
2505 3941 2752 3995 desistas.
2786 3944 3033 3997 Aninmm
3063 3944 3344 4015 diligenter
3369 3947 3584 4002 adhibe.

2002 4030 2226 4097 Quando
2251 4029 2418 4085 Judmi
2449 4031 2517 4086 ab
2542 4030 2856 4102 Egyptiaca
2887 4035 3166 4105 tyrannide
3207 4036 3413 4091 liberati
3441 4051 3586 4102 sunt,

2003 4131 2059 4176 et
2081 4120 2371 4176 Pharaonis
2404 4138 2593 4176 manus
2619 4124 2916 4193 cll‘ugerunt
2937 4168 2951 4188 ,
2979 4126 3044 4180 ad
3074 4126 3450 4198 desertumque
3477 4146 3590 4200 per-

2005 4221 2278 4279 rexerunt,
2313 4214 2556 4268 intraturi
2601 4215 2655 4269 in
2687 4225 2884 4271 terram
2912 4217 3332 4292 Chanana‘orum
3368 4223 3588 4279 idolola-

2004 4311 2205 4356 trarum
2254 4304 2646 4374 impiorumque
2693 4305 2987 4373 hominum,
3034 4309 3124 4378 qui
3169 4312 3370 4380 lapides
3399 4315 3590 4370 adora-

2005 4392 2152 4455 bant,
2179 4395 2428 4463 lignaque
2458 4396 2725 4457 colebant.
2753 4412 3104 4469 magnamque
3131 4402 3452 4470 impietatem
3481 4421 3589 4474 prae

2005 4497 2066 4540 se
2092 4485 2356 4549 ferebant,
2382 4486 2530 4540 dedit
2559 4488 2686 4557 ipsis
2709 4489 2849 4544 Deus
2877 4491 3010 4547 hanc
3038 4489 3206 4560 legem
3233 4511 3246 4545 :
3272 4511 3339 4548 ne
3359 4497 3590 4566 accipias

2007 4589 2070 4629 ex
2101 4574 2224 4629 ﬁliis
2248 4591 2431 4630 eorum
2455 4591 2703 4645 generos,
2727 4593 2901 4648 neque
2924 4581 3018 4633 des
3041 4581 3200 4634 ﬁliam
3225 4591 3368 4635 tuam
3397 4601 3587 4639 nurum

2007 4667 2141 4736 ipsis
2168 4668 2186 4739 (
2210 4668 2377 4722 Exod.
2401 4668 2492 4723 25.
2515 4669 2587 4724 24
2608 4669 2649 4740 ).
2681 4669 2758 4724 Ne
2791 4671 2967 4725 tradas
3011 4673 3112 4725 illis
3141 4688 3326 4727 aurum
3355 4717 3370 4741 ,
3417 4692 3590 4744 neque

2008 4773 2212 4813 mensa:
2243 4759 2554 4814 societatem
2577 4802 2592 4825 ,
2639 4776 2812 4830 neque
2837 4763 3161 4816 consortium
3184 4806 3199 4828 ,
3245 4781 3418 4836 neque
3448 4769 3593 4823 aliud

2009 4850 2277 4920 quidpiam
2309 4851 2484 4906 simile
2510 4868 2525 4915 ;
2572 4853 2693 4923 quia
2737 4853 2930 4922 iniqum
2961 4866 3084 4909 sunt
3110 4867 3296 4926 gentes
3321 4900 3334 4923 ,
3363 4861 3429 4915 ad
3459 4878 3598 4930 quas

2009 4939 2293 4994 introduco
2338 4950 2424 5005 te,
2463 4953 2522 4996 ut
2562 4941 2836 5012 possideas
2881 4944 2997 4998 illas
3037 4948 3055 5012 (
3084 4946 3229 5000 Deut.
3259 4949 3310 5003 7.
3339 4951 3435 5021 5;.
3481 4952 3596 5005 Iloc

2009 5030 2172 5100 igitur
2213 5032 2317 5086 illis
2361 5035 2745 5104 propemodum
2778 5035 2861 5088 lex
2907 5037 3243 5107 prmcipiebat
3277 5058 3292 5094 :
3324 5057 3390 5095 ne
3419 5058 3592 5104 emas.

2011 5134 2080 5175 ne
2103 5121 2303 5176 vendas
2327 5162 2344 5186 ,
2383 5137 2449 5178 ne
2490 5123 2751 5178 connubia
2786 5124 3008 5214 jungas'
3052 5143 3225 5197 neque
3261 5141 3592 5197 contractus,

2010 5211 2104 5267 sed
2140 5215 2240 5267 etsi
2269 5214 2390 5269 loco
2430 5215 2664 5281 vicinus,
2697 5217 2935 5272 moribus
2963 5211 3237 5288 separatus
3280 5235 3415 5278 esto.
3453 5227 3593 5281 Nihil

2012 5304 2105 5358 tibi
2132 5305 2201 5360 sit
2229 5320 2511 5360 commune
2537 5321 2655 5360 cum
2687 5307 2810 5373 illis,
2841 5317 2947 5362 non
2981 5322 3152 5380 pacta,
3186 5327 3290 5368 non
3320 5318 3586 5372 venditio-

2011 5411 2127 5463 nes,
2153 5411 2258 5451 non
2278 5398 2593 5466 emptiones,
2617 5413 2721 5452 non
2741 5400 3108 5466 matrimonia;
3145 5419 3211 5458 nc
3240 5405 3372 5462 forte
3399 5422 3592 5478 cegna-

2015 5488 2174 5544 tionis
2203 5489 2493 5543 necessitas
2521 5488 2572 5542 id
2599 5487 2792 5544 efﬁciat
2817 5500 2876 5544 ut
2908 5493 2957 5545 in
2990 5492 3310 5562 impietatem
3344 5497 3592 5563 prolaba-

2012 5580 2088 5634 ris
2117 5596 2130 5631 :
2161 5595 2228 5634 ne
2248 5578 2372 5634 dum
2400 5579 2502 5633 illis
2525 5579 2620 5634 das
2643 5588 2698 5636 et
2719 5581 2786 5634 ab
2813 5581 2915 5635 illis
2936 5583 3153 5651 accipis,
3179 5584 3383 5638 amicus
3404 5599 3588 5640 eorum

2013 5671 2108 5724 tias
2139 5689 2152 5726 :
2184 5672 2278 5727 sed
2321 5671 2396 5725 illi
2445 5677 2656 5740 semper
2701 5671 2948 5727 inimicus
2976 5682 3109 5726 esto.
3144 5673 3282 5728 Nihil
3314 5675 3404 5728 tibi
3435 5690 3587 5728 com—

2016 5766 2180 5819 mune
2219 5765 2287 5819 sit
2328 5779 2451 5819 cum
2495 5763 2846 5830 Chananazis;
2891 5780 2960 5820 ne
3001 5780 3188 5821 aurum
3234 5768 3444 5821 illorum
3474 5809 3487 5833 ,
3522 5785 3590 5824 ne
