4036 6388
487 380 588 434 455

487 498 790 560 argentum,
820 497 891 540 ne
912 488 1137 541 vestem,
1168 489 1237 531 ne
1266 474 1452 538 ﬁliam,
1483 487 1550 526 ne
1576 470 1762 533 ﬁlium,
1792 482 1908 560 nec
1921 465 2063 521 aliud

489 557 762 651 quidpiam
807 571 983 628 simile
1010 567 1277 636 accipias;
1326 564 1421 618 sed
1455 563 1569 631 ipse
1611 559 1836 651 seorsim
1861 557 2060 651 idegas.

491 649 753 740 Linguam
782 663 950 718 babes
978 670 1030 714 te
1055 663 1421 727 separantem,
1469 653 1745 722 legemque
1780 649 1872 704 tibi
1900 649 2023 704 dedi
2047 665 2062 702 ε

491 765 819 834 quapropter
857 754 942 808 lex
970 764 1128 820 sepes
1150 756 1391 802 vocatur.
1429 743 1885 834 Quemadmodum
1923 741 2066 796 enim

496 833 650 906 vinea
675 860 802 916 sepe
827 840 1208 906 circumdatur,
1244 837 1322 891 sic
1345 845 1400 891 et
1423 833 1592 890 Judai
1619 835 1735 903 lege
1756 833 2071 887 circummu-

495 943 731 1002 niuntur,
776 942 833 996 ut
866 947 935 986 ne
977 930 1114 984 banc
1139 925 1587 996 transgredientes
1611 938 1732 977 cum
1756 921 2071 976 Chananaais

495 1031 841 1086 misceantur.
871 1022 1034 1076 Erant
1061 1019 1203 1073 enim
1230 1015 1368 1085 apud
1399 1015 1519 1070 illos
1550 1013 1728 1082 iniqua
1753 1011 2072 1067 commercia

491 1112 792 1181 depravata:
845 1116 1047 1160 natura:
1096 1102 1276 1170 leges:
1317 1096 1674 1150 adorabantur
1721 1090 1882 1153 idola,
1930 1088 2072 1157 ligna

492 1203 825 1262 colebantur,
860 1197 998 1252 Deus
1022 1189 1347 1248 contumelia
1381 1185 1731 1248 afﬁciebatur,
1763 1181 1854 1234 ﬁlii
1880 1187 2076 1233 macta-

497 1294 712 1355 bantur,
742 1299 918 1359 patres
943 1282 1393 1354 despiciebantur,
1430 1284 1629 1332 matres
1670 1269 2086 1328 contemneban-

497 1396 607 1454 tur,
632 1384 808 1440 omnia
839 1382 1111 1436 immutata
1139 1385 1310 1440 erant,
1339 1374 1517 1429 omnia
1561 1368 1836 1431 subversa,
1887 1363 2086 1454 daemo-

501 1453 630 1533 num
657 1490 806 1530 more
827 1472 1094 1527 vivebant.
1119 1467 1348 1536 Ideoque
1369 1463 1511 1518 nulla
1537 1457 1856 1515 commercia
1885 1453 2089 1508 inibant

501 1584 627 1623 cum
659 1566 764 1620 illis
784 1605 800 1630 ,
843 1562 971 1617 nihil
1001 1561 1129 1629 ipsis
1169 1555 1490 1617 vendebant,
1533 1551 1626 1606 sed
1658 1550 1743 1604 lex
1773 1545 1978 1615 magnis
2003 1544 2089 1597 in-

503 1659 661 1713 dictis
707 1655 879 1727 poenis
905 1652 1118 1707 vetabat
1158 1647 1424 1704 connubia
1449 1659 1569 1698 cum
1591 1642 1714 1704 illis,
1742 1647 1916 1710 pecta,
1945 1651 2090 1727 ven-

506 1726 735 1803 ditiones
783 1763 797 1800 :
852 1743 1089 1810 nihilque
1142 1751 1424 1804 commune
1469 1749 1591 1788 cum
1631 1730 1760 1800 ipsis
1804 1726 2088 1782 habebant.

509 1843 733 1894 Cautum
780 1838 938 1907 igitur
967 1836 1082 1904 lege
1112 1842 1226 1887 erat
1249 1871 1268 1898 ,
1321 1845 1387 1884 ne
1435 1836 1585 1898 pacta
1616 1839 1738 1879 cum
1777 1819 2094 1876 Chanantcis

510 1935 791 1997 inirentur,
821 1946 886 1985 ne
912 1943 1100 1982 aurum
1123 1925 1254 1996 ipsis
1283 1922 1604 1984 traderetur,
1636 1932 1736 1972 nec
1763 1914 1908 1970 aliud
1933 1911 2090 1983 quid-

508 2027 674 2098 piam,
706 2040 775 2080 ne
810 2022 1042 2078 amicitia
1063 2018 1350 2089 impietatis
1393 2014 1604 2070 occasio
1628 2018 1806 2075 esset;
1839 2009 1922 2062 lex
1951 2005 2096 2075 ipsos

509 2118 660 2190 quasi
681 2131 838 2188 sepes
865 2110 1366 2170 circummuniebat.
1403 2107 1630 2171 Vineam,
1661 2103 1849 2173 inquit,
1875 2099 2096 2171 plantavi

511 2220 559 2264 et
589 2225 754 2278 sepem
782 2207 884 2276 ipsi
906 2202 1212 2259 circumdedi
1243 2200 1262 2270 (
1286 2197 1415 2252 Isai.
1443 2197 1497 2251 5.
1531 2197 1580 2250 l.
1609 2194 1716 2264 2),
1746 2193 1798 2247 id
1819 2200 1903 2246 est
1927 2190 2097 2259 legem

514 2316 620 2355 non
664 2297 867 2368 spinis,
911 2295 1005 2350 sed
1067 2291 1331 2347 mandatis
1375 2294 1744 2349 constantem,
1785 2297 1905 2353 quae
1955 2280 2100 2348 ipsos

514 2392 870 2446 communiret
919 2397 972 2442 et
1019 2390 1313 2454 separaret.
1368 2377 1763 2435 Abominabiles
1791 2387 1921 2443 ergo
1948 2379 2102 2426 erant

515 2481 807 2536 Chananaii
826 2521 842 2546 ,
870 2475 1182 2533 exsecrandi
1209 2515 1224 2540 ,
1259 2471 1405 2542 impii
1431 2511 1446 2536 ,
1473 2466 1682 2523 scelesti
1705 2505 1720 2528 ,
1745 2463 1932 2534 impuri
1955 2505 1969 2527 ,
1999 2463 2100 2515 im-

521 2573 747 2638 mundi;
800 2572 1025 2640 ideoque
1061 2582 1128 2622 ne
1167 2563 1352 2619 audire
1401 2559 1615 2631 quidem
1680 2556 1798 2610 illos
1854 2553 2143 2608 volebant‘

521 2667 690 2722 Judaei
714 2665 886 2734 legem
917 2674 1068 2715 suam
1123 2655 1420 2726 implentes.
1464 2651 1596 2705 Cum
1623 2663 1751 2718 ergo
1773 2647 1886 2700 lucc
1915 2643 2105 2698 mulier

522 2775 590 2814 ex
616 2755 933 2813 Chananzcis
961 2760 1103 2806 esset
1159 2751 1320 2818 (nam
1363 2746 1494 2801 Ecce
1538 2743 1745 2807 mulier,
1797 2737 1998 2809 inquit,
2042 2753 2106 2790 ea:

524 2849 712 2918 ﬁnibus
735 2847 838 2900 illis
859 2859 1056 2914 egressa
1077 2835 1185 2907 esti
1212 2838 1396 2892 Matth.
1437 2831 1677 2903 l5.2‘2]),
1695 2834 1839 2903 quia,
1867 2832 2102 2901 inquam,

528 2940 644 2994 haec
691 2937 884 2992 mulier
927 2950 990 2989 ex
1035 2931 1348 2988 Chanamris
1368 2936 1501 2992 erat,
1533 2923 1914 2980 etaccessitad
1945 2921 2105 2976 Chri-

525 3043 688 3099 stum,
719 3031 839 3084 ideo
867 3028 1097 3092 dicebat,
1123 3024 1250 3091 Quis
1277 3038 1339 3075 es:
1360 3020 1496 3073 vobis
1522 3027 1698 3089 arguet
1717 3033 1795 3071 me
1817 3015 1880 3069 de
1904 3024 2106 3085 peccato

526 3123 726 3195 (Joan.
749 3122 802 3175 8.
835 3118 903 3172 46
929 3120 944 3185 )
966 3119 989 3169 ‘l
1014 3132 1144 3195 nunt
1174 3114 1342 3180 legem
1373 3119 1739 3195 transgressus
1771 3104 1927 3195 sum?
1973 3101 2107 3159 Cum

521 3185 664 3248 cnim
695 3196 853 3246 homo
882 3197 1045 3255 esset,
1084 3191 1312 3242 humana
1341 3185 1629 3242 exhibebat
1653 3186 1848 3242 ofﬁcia.

596 3284 650 3336 8'.
691 3280 919 3334 Christus
950 3279 1106 3348 legem
1133 3277 1354 3351 implevit
1377 3316 1393 3342 ,
1423 3293 1576 3344 quare
1598 3277 1623 3330 Ρ
1642 3306 1714 3316 -
1738 3277 1835 3332 llic
1882 3277 2096 3334 demum

523 3372 783 3430 attendite
807 3372 1110 3441 diligenter.
1160 3371 1291 3434 Quia
1327 3369 1520 3424 mulier
1551 3369 1849 3425 Chananaaa
1891 3382 2007 3426 erat
2041 3382 2098 3428 et

525 3481 590 3520 ex
626 3464 814 3518 ﬁnibus
845 3463 966 3524 illis,
1013 3461 1102 3516 ubi
1145 3460 1346 3524 rabies,
1397 3459 1579 3526 furor,
1621 3470 1676 3516 et
1716 3463 1979 3532 impietas,
2011 3465 2098 3520 ubi

526 3555 723 3612 diaboli
756 3553 995 3625 tyrannis
1019 3595 1033 3618 ,
1065 3552 1367 3606 daemonum
1394 3551 1839 3608 debacchationes
1863 3594 1880 3619 ,
1911 3563 2098 3610 natura

525 3645 874 3708 conculcata;
907 3643 995 3698 ubi
1024 3642 1091 3696 ad
1118 3642 1394 3696 brutorum
1417 3642 1601 3697 brutos
1623 3642 1843 3698 allectus
1868 3643 2100 3700 devoluti

524 3748 698 3802 erant,
727 3746 781 3790 et
807 3734 872 3788 ad
897 3732 1196 3788 dmmonum
1225 3731 1454 3798 furores,
1482 3740 1538 3786 et
1578 3733 1700 3802 quia
1728 3733 1809 3788 lex
1839 3735 2103 3804 praecipie-

525 3830 620 3885 bat
659 3827 792 3882 nihil
833 3826 926 3880 tibi
971 3825 1040 3880 sit
1081 3840 1201 3880 cum
1231 3824 1565 3892 Chananmis,
1613 3841 1682 3880 ne
1727 3825 1824 3882 des
1864 3827 1986 3892 illis,
2034 3844 2102 3883 ne

527 3920 756 3988 accipias
781 3917 848 3972 ab
876 3917 997 3981 illis,
1021 3932 1087 3971 ne
1116 3931 1334 3971 uxorem
1364 3916 1548 3981 ducas,
1573 3933 1642 3972 ne
1663 3919 1825 3972 ﬁliutn
1851 3919 2097 3987 accipias,

531 4023 600 4064 ne
628 4016 780 4078 pacta
812 4007 977 4070 ineas,
1025 4006 1111 4062 vel
1136 4016 1435 4072 conventa;
1477 4022 1599 4061 nam
1627 4008 1746 4062 ideo
1773 4024 1952 4079 sepem
1994 4010 2102 4064 cir-

529 4097 843 4167 cumposui;
889 4095 1236 4164 Christusque
1259 4096 1480 4150 veniens
1518 4095 1789 4151 hominum
1817 4099 2105 4167 assumpsit

531 4202 702 4252 arma,
728 4201 826 4240 suo
853 4193 1091 4254 tempore
1112 4185 1455 4238 circumcisus
1477 4193 1579 4251 est,
1604 4187 1861 4241 sacriﬁcia
1890 4188 2112 4255 obtulit,

530 4277 828 4329 oblationes
873 4283 928 4328 et
971 4273 1072 4327 alia
1119 4274 1333 4339 omnia,
1383 4288 1505 4328 cum
1545 4274 1717 4343 legem
1757 4275 2102 4345 abrogaturus

531 4373 715 4430 esset;
758 4380 823 4418 ne
853 4364 1185 4432 objicerent,
1218 4362 1296 4416 Eo
1325 4363 1466 4432 quod
1511 4380 1616 4417 non
1663 4375 1841 4434 posset
1883 4367 2104 4436 implere

533 4455 706 4526 legem
733 4495 749 4521 ,
797 4453 916 4508 ideo
962 4468 1081 4507 eam
1132 4453 1451 4523 abrogavit:
1497 4453 1640 4523 prius
1685 4455 1852 4524 ipsam
1900 4457 2100 4526 implet,

535 4558 718 4620 postea
747 4547 1005 4617 abrogat;
1051 4559 1117 4600 ne
1144 4555 1297 4616 putes
1328 4547 1497 4614 ipsum
1543 4547 1764 4616 implere
1791 4563 1894 4602 non
1927 4564 2100 4617 posse,

535 4640 711 4696 omnia
740 4638 1032 4694 secundum
1067 4653 1269 4692 morem
1308 4638 1630 4707 exsequitur.
1671 4638 1955 4708 Propterea
1997 4640 2104 4694 cla-

536 4743 645 4788 mat
673 4732 755 4786 his
784 4733 958 4786 verbis
991 4747 1004 4782 :
1041 4730 1164 4797 Quis
1207 4745 1270 4782 ea:
1298 4729 1433 4783 vobis
1472 4739 1644 4799 arguet
1683 4746 1762 4782 me
1802 4732 1863 4782 de
1903 4740 2104 4798 peccato

537 4823 717 4890 (Joan.
747 4823 800 4876 8.
830 4821 968 4887 46)?
995 4821 1127 4874 Cum
1155 4821 1331 4889 itaque
1361 4819 1486 4872 illud
1514 4819 1671 4872 etiam
1699 4819 1764 4872 ad
1796 4821 1962 4889 legem
1995 4836 2103 4889 per-

538 4915 750 4975 tineret,
776 4927 842 4966 ne
865 4910 988 4979 quid
1010 4925 1290 4965 commune
1318 4925 1438 4965 cum
1458 4909 1772 4964 Chananaais
1800 4910 2102 4977 haberetur;

539 4993 610 5059 ne
639 5005 810 5073 ipsum
855 5002 1024 5056 Judaei
1070 5003 1372 5056 incusarent
1417 5001 1757 5070 dicerentque
1790 5020 1802 5055 :
1838 5002 1956 5056 Ideo
1998 5020 2104 5058 non

534 5093 798 5149 credimus
828 5091 946 5158 tibi,
977 5091 1115 5160 quod
1147 5091 1220 5145 sis
1251 5092 1458 5161 iniquus
1478 5133 1492 5157 ,
1525 5091 1664 5160 quod
1693 5093 1860 5162 legem
1887 5095 2062 5148 solvas
2089 5112 2102 5146 :

538 5188 592 5239 in
625 5194 817 5238 terram
843 5181 1258 5237 Chananacorum
1285 5183 1494 5246 abiisti,
1541 5193 1593 5237 et
1619 5198 1735 5236 cum
1777 5183 1840 5240 iis
1879 5167 2136 5238 habuisti.

539 5275 861 5330 consortium
887 5314 904 5340 ,
935 5272 1059 5326 licet
1089 5273 1140 5326 id
1182 5273 1296 5341 lege
1337 5274 1720 5344 prohibeatur:
1767 5276 1884 5328 ideo
1928 5277 2106 5329 statim

542 5364 671 5418 nihil
701 5363 1030 5432 loquebatur.
1080 5363 1308 5418 Attende
1345 5365 1609 5433 quomodo
1653 5364 1822 5434 legem
1869 5366 2104 5434 impleat,

541 5468 641 5508 nec
682 5453 906 5506 salutem
948 5453 1122 5505 statim
1170 5453 1451 5522 impertiat,
1495 5454 1812 5524 Judacosque
1845 5455 2103 5530 refrenet,

538 5551 594 5595 et
619 5541 759 5594 hanc
786 5549 1008 5594 recreet.
1039 5540 1139 5593 Ille
1166 5553 1330 5597 autem
1347 5583 1362 5608 ,
1409 5545 1612 5612 inquit,
1657 5562 1756 5598 non
1783 5546 2038 5614 respondit
2063 5545 2109 5598 ei

540 5632 760 5683 verbum.
788 5628 864 5684 Ne
895 5631 1167 5685 incusandi
1197 5635 1528 5688 occasionem
1559 5635 1781 5702 arripias
1805 5653 1819 5698 ;
1847 5650 1971 5690 ecce
2000 5652 2104 5691 non

537 5716 729 5781 ιοιμιοΐ
749 5760 766 5786 ,
797 5737 900 5776 non
929 5737 1228 5780 sermonem
1262 5727 1462 5782 misceo
1493 5744 1504 5781 :
1539 5725 1689 5782 adest
1717 5727 2021 5796 calamitas,
2055 5737 2109 5785 et

1180 364 1238 418 S.
1277 358 1554 418 JOANNIS
1581 354 2049 414 CHRYSOSTOMI
2088 352 2405 411 ARCHIEP.
2443 352 2978 410 CONSTANTINOP.

3651 358 3762 414 456

2169 464 2310 534 quod
2338 465 2487 520 soleo
2531 466 2741 528 facere,
2782 481 2887 519 non
2929 463 3198 520 exhibeo:
3227 479 3354 522 ecce
3396 465 3760 538 naufragium,

2169 565 2225 610 et
2251 571 2352 625 ego
2377 555 2702 626 gubernator
2729 572 2835 610 non
2873 556 3025 610 solvo
3054 566 3423 624 tempestatem
3452 559 3524 614 ob
3549 560 3763 628 impro—

2171 645 2297 701 bum
2324 647 2562 700 animum
2587 657 2843 709 vestrum,
2893 661 2961 699 ne
2991 645 3098 701 ulla
3138 646 3208 701 sit
3233 647 3384 702 vobis
3423 647 3763 703 detractandi

2170 738 2404 792 occasio.
2438 737 2574 792 Ecce
2599 737 2793 792 mulier
2818 746 3146 806 spectatores
3191 738 3318 792 mihi
3362 740 3561 793 circum
3586 737 3766 793 advo-

2122 825 2129 831 ’
2172 827 2334 892 cavit,
2361 834 2418 882 et
2445 825 2678 880 nondum
2705 827 2754 880 ei
2780 826 3066 894 respondi;
3110 841 3178 882 ne
3205 827 3415 893 dicatis,
3451 829 3528 883 Te
3548 829 3769 884 Chana-

2175 917 2308 970 naais
2353 915 2647 980 tradidisti,
2693 925 2746 970 et
2790 915 2960 986 legem
3007 926 3370 988 transgressus
3412 934 3492 984 es,
3537 927 3592 973 et
3638 918 3769 973 hinc

2175 1007 2329 1062 nobis
2356 1007 2567 1061 occasio
2598 1007 2688 1060 tibi
2734 1022 2838 1060 non
2883 1007 3158 1062 credendi.
3201 1009 3580 1063 Animadverte
3623 1023 3769 1075 quo-

2175 1099 2338 1153 modo
2360 1098 2567 1152 mulieri
2590 1113 2695 1152 non
2717 1098 3074 1166 responderit,
3094 1107 3150 1153 ut
3168 1099 3516 1169 responderet
3530 1099 3766 1154 Judais:

2179 1188 2446 1243 silentium
2477 1202 2601 1258 erga
2630 1187 2908 1242 mulierem
2934 1228 2951 1251 ,
2996 1203 3100 1242 vox
3141 1198 3258 1243 erat
3297 1205 3416 1260 qua:
3452 1188 3768 1244 Judaeorutn

2175 1279 2477 1348 improbum
2506 1279 2741 1332 animum
2775 1280 3051 1348 arguebat.

2253 1371 2308 1425 9.
2348 1370 2476 1425 Haec
2499 1379 2674 1423 autem
2705 1368 2932 1424 faciebat
2956 1384 3062 1424 non
3089 1369 3380 1425 secundum
3410 1385 3559 1426 suam
3586 1370 3770 1440 digni-

2179 1473 2340 1518 tatem
2365 1505 2382 1528 ,
2413 1463 2507 1518 sed
2534 1463 2750 1517 illorum
2779 1476 2839 1516 se
2870 1462 3162 1516 inﬁrmitati
3200 1471 3584 1532 attemperans.
3633 1462 3770 1517 Nam

2177 1569 2300 1609 cum
2344 1553 2615 1622 leprosum
2658 1551 2978 1618 mundaret,
3010 1552 3180 1614 dixit,
3216 1551 3391 1619 Vade,
3427 1553 3556 1620 οπερ·
3581 1571 3772 1606 ntunus

2180 1655 2344 1714 tuum,
2367 1647 2500 1716 quod
2532 1646 2773 1714 praxepit
2807 1644 3012 1714 Moyses
3041 1644 3262 1714 (Matth.
3290 1645 3344 1700 8.
3371 1645 3462 1714 4).
3488 1645 3570 1699 Tu
3609 1661 3774 1699 mun-

2181 1737 2350 1802 dasti,
2381 1745 2436 1792 et
2479 1736 2645 1790 mittis
2683 1736 2832 1788 illum
2869 1733 2939 1788 ad
2977 1734 3147 1803 legem
3175 1734 3387 1805 Moysis.
3421 1735 3615 1788 Etiam.
3665 1734 3776 1788 Cur

2183 1827 2329 1882 hoc?
2370 1827 2599 1896 Pr0pter
2622 1825 2862 1888 Judaaos,
2894 1839 2962 1879 ne
2988 1839 3074 1878 me
3103 1824 3308 1878 violata:
3338 1824 3469 1893 legis
3494 1833 3771 1878 accusent.

2185 1917 2311 1972 ideo
2341 1932 2463 1970 cum
2490 1917 2761 1986 leprosum
2793 1913 3087 1980 mundavit,
3116 1913 3168 1968 id
3192 1913 3404 1968 insolito
3423 1913 3584 1967 modo
3615 1913 3771 1967 fecit:

2185 2007 2307 2062 audi
2353 2006 2640 2076 quomodo.
2704 2003 2771 2058 Et
2813 2020 2926 2058 ecce
2973 2005 3204 2072 leprosus
3271 2003 3512 2057 accedens
3563 2005 3775 2074 rogabat

2185 2115 2299 2154 eum
2337 2099 2548 2153 dicens:
2577 2097 2824 2163 Domine,
2869 2097 2914 2150 si
2951 2097 3060 2161 vis,
3095 2105 3234 2164 potes
3276 2113 3355 2150 me
3390 2098 3679 2159 mundare;
3722 2106 3768 2149 ct

2186 2191 2458 2244 extendens
2487 2205 2693 2241 manum
2717 2204 2861 2242 suam
2888 2187 3046 2256 tetigit
3067 2203 3180 2240 eum
3207 2187 3382 2240 dicens
3407 2201 3427 2240 :
3454 2185 3607 2251 Volo,
3632 2203 3774 2238 mun-

2187 2282 2312 2334 dare
2348 2279 2564 2350 (Matth.
2587 2279 2641 2334 8.
2663 2279 2717 2332 2.
2748 2278 2827 2347 5).
2871 2277 3173 2333 Secundum
3213 2278 3381 2347 legem
3427 2293 3532 2332 non
3581 2277 3776 2333 licebat

2189 2371 2462 2441 leprosum
2493 2379 2726 2438 tangere.
2751 2367 2882 2422 Cum
2913 2383 3042 2438 ergo
3062 2369 3208 2422 venit
3228 2368 3474 2422 Neteman
3501 2369 3610 2422 dux
3633 2383 3777 2422 exer-

2194 2463 2332 2515 citus
2357 2462 2599 2528 leprosus
2626 2462 2691 2512 ad
2722 2459 2968 2512 Elisarum
2998 2459 3333 2528 prophetam,
3359 2460 3488 2513 dicit
3517 2459 3594 2512 illi
3621 2459 3776 2513 disci-

2192 2555 2368 2624 pulus,
2413 2553 2552 2607 Ecce
2579 2551 2821 2621 leprosus
2864 2551 3110 2620 princeps
3150 2551 3352 2605 militia:
3393 2549 3526 2604 foris
3569 2561 3657 2604 est
3682 2550 3771 2620 (4.

2195 2645 2323 2714 Reg.
2350 2644 2426 2713 5).
2459 2643 2550 2697 llle
2577 2657 2705 2696 vero
2733 2641 2895 2694 mittit
2920 2640 3234 2709 discipulum
3276 2641 3366 2710 qui
3402 2640 3503 2709 ipsi
3528 2639 3773 2694 diceret:

2207 2734 2346 2787 Vade
2372 2734 2595 2787 lavatum
2633 2731 2700 2784 ad
2720 2731 3000 2785 Iordanem
3026 2732 3238 2800 ﬂuvium
3283 2730 3398 2798 (Ib.
3428 2747 3477 2785 υ.
3503 2730 3608 2799 l0)
3635 2747 3652 2795 ;
3683 2746 3775 2785 nec

2191 2839 2358 2879 ausus
2379 2834 2461 2879 est
2487 2824 2599 2892 ipse
2627 2822 2829 2892 egredi,
2861 2839 2961 2878 nec
2987 2823 3168 2877 videre
3196 2823 3462 2893 leprosum
3485 2863 3502 2889 ,
3531 2824 3776 2892 ipsnmve

2198 2927 2435 2986 tangere.
2465 2917 2600 2983 Quia
2643 2917 2802 2985 igitur
2827 2915 3101 2970 mundavit
3127 2916 3351 2970 Elisaeus
3381 2915 3685 2985 leprosum,
3713 2931 3777 2969 ne

2197 3007 2437 3063 dicerent
2457 3007 2628 3062 Judaei
2651 3008 2824 3077 ipsum
2850 3007 3040 3062 eodem
3066 3024 3170 3077 quo
3194 3008 3417 3062 Elisaeus
3443 3009 3602 3063 modo
3624 3023 3776 3062 mun-

2195 3099 2352 3156 dasse
2375 3140 2391 3166 ,
2423 3101 2544 3156 ideo
2581 3099 2802 3154 Elisaeus
2829 3100 3040 3170 quidem
3070 3116 3177 3155 non
3223 3115 3386 3155 ausus
3412 3109 3498 3155 est
3523 3110 3775 3168 tangere;

2200 3191 2286 3246 hic
2312 3206 2442 3246 vero
2468 3191 2631 3260 tangit
2656 3200 2714 3245 et
2741 3191 2891 3257 dicit,
2931 3190 3052 3244 Volo
3069 3232 3083 3255 ,
3110 3190 3394 3255 mundare;
3422 3200 3468 3244 et
3505 3189 3775 3244 attendens

2199 3299 2405 3336 manum
2443 3281 2601 3352 tetigit
2645 3283 2920 3349 leprosum.
2964 3281 3072 3336 Cur
3115 3281 3327 3350 tetigit?
3375 3281 3443 3336 Ut
3486 3289 3538 3335 te
3561 3280 3778 3334 doceret

2200 3387 2262 3428 se
2308 3387 2414 3426 non
2456 3387 2578 3427 esse
2620 3387 2833 3427 servum
2878 3372 2982 3441 legi
3023 3371 3312 3437 subditum,
3357 3371 3454 3426 sed
3495 3371 3769 3424 dominum

2200 3461 2304 3532 legi
2351 3464 2722 3531 imperantem.
2767 3461 3048 3529 Quomodo
3100 3462 3260 3532 igitur
3304 3462 3474 3531 legem
3503 3461 3776 3516 servavit?

2203 3553 2355 3620 Quod
2395 3553 2610 3617 dixerit,
2661 3551 2812 3620 Volo,
2852 3553 3119 3620 mundare,
3158 3563 3343 3608 etnon
3384 3553 3562 3607 statim
3610 3552 3776 3620 ipsum

2203 3646 2452 3714 tetigerit.
2498 3645 2781 3699 Przecessit
2808 3660 3020 3710 sermo,
3050 3643 3259 3713 fugatus
3289 3652 3372 3699 est
3393 3643 3615 3698 morbus
3639 3659 3656 3710 ;
3685 3643 3776 3697 de—

2204 3735 2328 3789 inde
2353 3735 2524 3803 tetigit
2555 3735 2908 3802 immundum,
2936 3744 2991 3790 et
3015 3735 3168 3801 dixit,
3200 3733 3348 3800 Volo,
3371 3734 3644 3788 mundare.
3670 3734 3775 3801 Qua

2203 3824 2455 3880 ratione?
2495 3824 2562 3878 Et
2599 3826 2770 3878 statim
2809 3825 3078 3879 mundatus
3106 3835 3199 3880 est.
3247 3824 3363 3879 Non
3409 3825 3577 3894 potuit
3623 3839 3777 3880 evan-

2204 3916 2390 3986 gelista
2421 3930 2603 3970 vocem
2634 3916 2871 3984 reperire
2897 3917 3230 3970 velocitatem
3273 3914 3562 3971 curationis
3599 3915 3776 3983 exprio

2205 4017 2438 4061 mentem
2463 4021 2479 4071 ;
2509 4021 2628 4059 nam
2652 4006 2804 4074 illud,
2829 4006 3019 4069 statim,
3042 4007 3204 4061 etiam
3232 4005 3432 4060 tardius
3457 4021 3569 4060 rem
3593 4006 3776 4061 factam

2206 4098 2486 4168 significat.
2529 4097 2753 4162 Statim;
2781 4099 3091 4168 quomodo?
3137 4097 3305 4153 Simul
3334 4111 3582 4167 egressus
3604 4110 3778 4151 sermo

2207 4199 2307 4253 est,
2337 4200 2392 4244 et
2419 4187 2627 4258 fugatus
2653 4197 2736 4244 est
2762 4190 3001 4252 morbus,
3032 4187 3206 4258 fugata
3232 4198 3314 4243 est
3339 4187 3509 4255 lepra,
3533 4185 3777 4254 deinceps

2207 4280 2440 4336 mundus
2459 4289 2574 4336 erat
2598 4281 2860 4349 leprosus.
2892 4280 3172 4348 Pr0ptcrea
3198 4278 3360 4332 dicit:
3395 4275 3547 4338 Vade,
3571 4276 3777 4339 teipsum

2207 4373 2412 4426 ostende
2448 4372 2726 4433 sacerdoti,
2759 4382 2806 4425 et
2831 4370 2958 4437 oﬂ'er
2985 4371 3173 4424 donum
3192 4411 3207 4435 ,
3238 4369 3374 4438 quod
3402 4369 3555 4439 jussit
3582 4367 3778 4437 Moyses

2208 4463 2263 4516 in
2291 4463 2626 4516 testimonium
2673 4462 2798 4515 illis.
2844 4462 3092 4528 Quibus?
3118 4461 3335 4526 Judmis,
3382 4476 3450 4515 ne
3487 4461 3667 4515 dicant
3698 4474 3778 4512 me

2209 4552 2382 4622 legem
2412 4553 2726 4622 transgredi.
2761 4553 2873 4622 Ego
2895 4552 3075 4606 sanavi
3095 4593 3110 4616 ,
3138 4561 3192 4605 et
3217 4551 3336 4605 dico
3362 4568 3373 4602 :
3405 4549 3547 4617 0/7'er
3575 4551 3774 4608 donum,

2209 4642 2501 4698 secundum
2529 4643 2721 4711 legem,
2746 4653 2802 4696 ut
2831 4643 2880 4695 in
2909 4642 2996 4696 die
3025 4643 3110 4696 illa
3137 4643 3379 4709 leprosus
3405 4642 3548 4710 ipsos
3573 4648 3774 4697 accuset

2211 4732 2295 4786 his
2319 4733 2520 4796 verbis,
2570 4733 2831 4800 Prtecepit
2874 4732 3003 4785 mihi
3048 4732 3246 4785 donum
3279 4732 3569 4785 secundum
3616 4729 3776 4798 legem

2211 4823 2422 4876 offerre.
2454 4823 2530 4877 Ac
2575 4821 3021 4890 quemadmodum
3067 4821 3227 4874 multa
3277 4820 3503 4873 faciebat
3540 4818 3775 4874 Christus

2211 4923 2431 4982 prepter
2471 4911 2705 4976 Judmos,
2750 4922 2808 4965 ut
2847 4914 2897 4967 in
2937 4912 3184 4966 omnibus
3229 4911 3374 4980 ipsos
3405 4907 3781 4964 inexcusabiles

2212 5003 2462 5058 redderet
2487 5021 2499 5056 :
2531 5004 2600 5056 ila
2630 5013 2685 5055 et
2708 5005 2793 5056 hic
2815 5002 2956 5056 fecit.
2989 5003 3230 5057 Miserere
3255 5003 3370 5063 mei.
3397 5003 3516 5072 quia
3543 5001 3654 5069 ﬁlia
3679 5014 3779 5052 mea

2212 5096 2343 5147 male
2370 5112 2401 5147 a
2430 5095 2678 5148 dwmonio
2724 5105 2946 5147 vexatur.
2981 5093 3082 5147 Ille
3119 5111 3232 5147 vero
3258 5110 3356 5146 non
3385 5092 3713 5162 respondebat
3739 5088 3780 5140 ei

2213 5188 2431 5240 verbum.
2481 5187 2781 5240 Accedentes
2828 5197 2996 5240 autent
3039 5186 3274 5255 discipuli
3324 5186 3390 5237 ad
3437 5201 3547 5236 eunt
3594 5184 3775 5243 dicunt,

2214 5276 2420 5331 Dimitte
2442 5278 2602 5340 illam,
2625 5279 2742 5346 quia
2764 5278 2948 5330 clamat
2975 5286 3084 5345 post
3103 5293 3194 5330 nos
3216 5275 3430 5344 (Matth.
3453 5275 3538 5330 15.
3560 5273 3647 5327 22.
3671 5271 3777 5341 23).

2213 5367 2350 5434 Quid
2380 5369 2538 5437 igitur
2564 5368 2694 5422 ille?
2737 5367 2858 5420 Non
2902 5383 3014 5420 sum
3053 5369 3236 5421 missus
3283 5367 3381 5419 nisi
3424 5367 3493 5418 ad
3536 5381 3648 5419 oves
3675 5376 3779 5432 qua:

2215 5459 2468 5527 perierunt
2492 5460 2671 5512 domus
2700 5457 2862 5512 Israel
2893 5456 3064 5526 (Ibid.
3087 5474 3132 5510 v.
3156 5459 3227 5511 24
3247 5457 3286 5526 ).
3314 5456 3393 5510 Ne
3427 5457 3667 5510 dicerent
3689 5453 3777 5506 Ju-

2213 5548 2312 5602 dzL-i
2343 5567 2355 5602 :
2381 5549 2488 5602 Nos
2515 5548 2784 5613 dimisisti,
2814 5557 2869 5602 et
2897 5549 2961 5602 ad
2992 5558 3275 5602 extraneos
3301 5548 3608 5616 perrexis'ti,
3641 5545 3778 5598 idco-

2218 5653 2322 5707 que
2361 5640 2455 5693 tibi
2495 5654 2600 5693 non
2643 5640 3002 5693 credidimus:
3032 5639 3189 5704 Ecce,
3219 5639 3416 5708 inquit.
3457 5654 3521 5690 ex
3541 5632 3779 5698 gentibus

2216 5731 2512 5798 accedunt,
2558 5730 2781 5800 illosque
2824 5747 2928 5785 non
2978 5731 3174 5800 recipio
3217 5749 3230 5784 :
3272 5745 3366 5784 vos
3413 5742 3594 5787 autem
3621 5723 3772 5781 etiam
