4036 6390
337 445 441 503 ιεε

339 559 545 631 γύριον,
587 557 662 629 μὴ
710 556 1026 627 ἱματισμὸν,
1081 559 1155 630 μὴ
1205 558 1501 632 θυγατέρα,
1539 560 1613 633 μὴ
1664 561 1800 624 υἱὸν,
1845 559 1920 632 μὴ

338 641 462 694 ἄλλο
483 656 537 693 τι
570 640 681 693 τῶν
710 638 973 693 τοιούτων
1001 640 1195 710 μηδέν·
1233 642 1348 696 ἀλλ’
1371 643 1534 708 αὐτὸς
1578 643 1700 697 καθ’
1728 644 1919 697 ἐαυτὸν

335 722 445 777 ἔσο.
499 722 751 776 ΙἸῶτταν
797 721 942 793 ἔχεις
973 724 1312 794 χωρίζουσάν
1348 743 1427 790 σε,
1482 720 1589 780 καῖ’
1625 727 1786 798 νόμον
1839 742 1921 779 σοι

337 811 512 863 ἔδωκα
531 827 546 840 ⁸
576 809 667 863 διά
693 808 850 864 τοῦτο
881 810 977 865 καὶ
1001 813 1029 864 0
1061 811 1224 881 νόμος
1250 813 1501 883 φραγμὸς
1520 812 1758 880 λέγεται.
1792 814 1920 865 ’Ὡσ-

340 916 443 969 περ
470 897 583 968 γάρ
630 897 913 968 ἀμπελῶνι
964 898 1221 969 φραγμὸς
1271 900 1599 970 περίκειται,
1639 900 1783 954 οὕτω
1821 900 1919 953 καὶ

337 985 448 1045 τοῖς
493 980 768 1044 Ἰουδαίοις
802 980 1041 1051 όνόμος,
1075 981 1162 1034 ἵνα
1212 982 1287 1052 μὴ
1333 982 1672 1055 ὑπερϐάντες
1718 985 1919 1055 ἀναμι-

336 1065 476 1133 γῶσι
507 1067 620 1127 τοῖς
638 1064 986 1127 Χαναναίοις.
1026 1060 1207 1119 τΗσαν
1223 1066 1332 1137 γὰρ
1363 1069 1495 1139 παρ’
1522 1068 1707 1132 αὑτοῖς
1734 1069 1919 1139 παρά-

336 1165 494 1218 νομοι
528 1147 823 1217 ἐπιμιξίαι,
853 1147 1237 1219 διεφθαρμένοι
1275 1151 1374 1220 τῆς
1417 1153 1633 1220 φύσεως
1668 1154 1718 1205 οἱ
1741 1152 1917 1222 νόμοι,

336 1230 536 1284 είόωλα
583 1230 1052 1302 προσκυνούμενα,
1118 1232 1250 1299 ξύλα
1302 1234 1741 1307 θεραπευόμενα,
1786 1236 1919 1300 Θεὸς

339 1314 717 1384 ὑϐριζόμενος,
748 1313 913 1367 τέκνα
955 1316 1315 1386 σφαττόμενα,
1347 1318 1581 1389 πατέρες
1606 1320 1921 1389 ἐμπτυόμε-

338 1416 437 1465 νοι,
484 1397 720 1470 μητέρες
767 1398 1184 1468 ἀτιμαζόμεναι,
1212 1400 1389 1454 πάντα
1434 1400 1713 1472 ἠλλοίωτο,
1742 1403 1921 1458 πάντα

339 1480 753 1552 ἀνατέτραπτλ
785 1480 1052 1551 δαιμόνων
1082 1481 1230 1554 ζωὴν
1269 1483 1427 1547 ἔζων.
1459 1484 1557 1536 Διά
1586 1484 1744 1537 τοῦτο
1774 1484 1911 1537 οὑδέ-

340 1581 473 1616 ποτε
506 1563 927 1633 συναλλάγματα
969 1564 1208 1629 ἐποίουν,
1249 1567 1311 1618 οὑ
1342 1566 1662 1636 συμϐόλαια,
1694 1568 1753 1620 οὑ
1780 1570 1921 1639 πρά-
1968 1574 1974 1583 ’

341 1664 453 1708 σεις
491 1645 608 1716 μετ’
637 1646 893 1699 ἐκείνωνο
927 1645 1042 1699 ἀλλ’
1071 1648 1099 1699 0
1138 1647 1298 1718 νόμος
1339 1648 1432 1700 ἐπὶ
1484 1652 1596 1712 τοῖς
1644 1649 1919 1719 μεγίστοις

341 1730 611 1800 κείμενος,
639 1724 791 1800 εἶργε
822 1731 942 1800 μετ’
981 1729 1227 1802 ἀλλήλων
1253 1734 1380 1795 τοὺς
1408 1732 1639 1802 γάμους,
1676 1732 1744 1786 τά
1784 1750 1921 1804 συμ-

339 1812 550 1876 ϐόλαια,
573 1813 673 1875 τάς
705 1812 1106 1883 ἐπιγαμϐρίαςο
1139 1814 1290 1867 οὐδὲν
1314 1815 1490 1867 κοινὸν
1518 1815 1652 1887 πρὸς
1680 1817 1922 1880 ἐκείνους

337 1892 505 1966 εἶχον.
544 1897 937 1967 Ἀπειρημένον
979 1892 1071 1951 οὖν
1112 1892 1181 1968 ἦν
1208 1896 1286 1967 τῷ
1312 1898 1463 1969 νόμῳ
1500 1898 1560 1951 τὸ
1598 1898 1922 1963 συναλλάξαι

337 1978 685 2043 Χαναναίοις,
721 1979 782 2032 τὸ
819 1979 1043 2050 χρυσίον
1085 1980 1486 2052 μεταδοῦναι,ἢ
1523 1981 1707 2051 ἔτερόν
1730 2000 1802 2045 τι,
1836 1984 1923 2036 ῖνα

343 2064 419 2134 μὴ
440 2064 539 2134 τῆς
572 2061 803 2132 φιλίαςή
825 2062 1080 2128 ὑπόθεσις
1104 2063 1359 2128 ἀσεϐείας
1374 2066 1594 2137 ἀφορμὴ
1624 2067 1869 2137 γένηται·
1894 2070 1923 2121 0

338 2147 502 2216 νόμος
534 2146 843 2217 περιέκειτο
875 2146 995 2199 ἀντὶ
1022 2147 1278 2218 φραγμοῦ
1301 2165 1316 2179 ·
1362 2149 1732 2218 Ἀμπελῶνα,
1768 2148 1922 2222 [459]

338 2228 528 2300 φησὶν,
565 2228 891 2297 ἐφύτευσα,
947 2229 1042 2282 καὶ
1099 2230 1371 2300 φραγμὸν
1423 2234 1763 2300 περιέθηκα,
1796 2250 1921 2285 του-

338 2314 491 2365 τέστι
539 2312 723 2381 νόμον,
773 2311 890 2382 οὐχ).
921 2313 1028 2365 ἀπὸ
1081 2312 1354 2379 ἀκανθῶν,
1382 2314 1496 2368 ἀλλ’
1531 2315 1641 2369 ἀπὸ
1672 2315 1921 2378 ἐντολῶν,

338 2393 645 2464 τειχίζοντα
673 2393 769 2447 καὶ
796 2395 1127 2465 ἀπείργοντα
1156 2395 1370 2460 αὐτούς.
1412 2398 1798 2469 Ἀπειρημένοι
1830 2395 1923 2452 οὖν

336 2478 391 2531 οξ
445 2478 757 2543 Χαναναῖοι,
820 2477 1083 2549 βδελυροὶ,
1125 2480 1362 2546 ἀσεϐεῖς,
1419 2483 1651 2550 ἐναγεῖς.
1714 2485 1922 2554 μιαροὶ,

340 2560 647 2627 ἀκάθαρτοι
666 2577 681 2591 ο
713 2561 794 2615 διὸ
832 2563 1069 2616 καἱοὺδέ
1099 2563 1328 2621 ἀκοῦσαι
1361 2566 1540 2620 αὐτῶν
1568 2565 1847 2635 ἠνείχοντο
1874 2567 1922 2619 οἱ

351 2644 595 2698 Ἰουδαῖοι
617 2644 707 2698 τὸν
726 2645 889 2716 νόμον
908 2646 1239 2717 πληροῦντες
1254 2647 1414 2703 αὑτὸν
1435 2648 1640 2702 λοιπόν.
1659 2650 1811 2702 Ἐπεὶ
1832 2645 1924 2702 οὖν

340 2726 482 2799 αῦτη
505 2729 539 2799 ἡ
554 2728 691 2799 γυνὴ
715 2729 824 2782 ἀπὸ
850 2728 958 2782 τῶν
986 2731 1307 2784 Χαναναίων
1330 2726 1418 2803 ἦν’
1458 2730 1603 2789 Ἰδοὺ
1620 2732 1727 2803 γάρ
1744 2732 1922 2801 γυνὴ,

339 2813 529 2882 φησιν,
576 2812 696 2866 ἀπὸ
744 2810 863 2866 τῶν
902 2812 1082 2880 ὁρίων
1121 2814 1369 2867 ἐκείνων
1400 2814 1766 2878 ἐξελθοῦσα·
1803 2817 1927 2868 ἐπεὶ

268 2928 273 2935 ο
336 2878 435 2947 οὖν
463 2878 601 2966 αὑτη
631 2897 664 2964 ἡ
693 2896 830 2967 γυνὴ
877 2878 985 2950 ἀπὸ
1041 2897 1148 2950 τῶν
1183 2897 1502 2957 Χαναναίων
1530 2894 1619 2970 ἦν,
1649 2899 1925 2970 προσῆλθε

335 2979 400 3031 δέ
431 2978 509 3049 τῷ
538 2978 781 3051 Χριστῷ,
810 2978 896 3032 διὰ
910 2981 1067 3033 τοῦτο
1096 2980 1247 3049 ἔλεγε
1264 2993 1311 3045 ει,
1344 2981 1439 3047 Τίς
1468 2982 1536 3046 ἐξ
1561 2981 1727 3051 ὑμῶν
1754 2983 1923 3052 ἐλέγ.

339 3079 435 3130 χει
483 3080 561 3132 με
589 3064 720 3133 περὶ
761 3066 1069 3133 ἁμαρτίας,
1103 3065 1151 3117 εί
1199 3065 1447 3137 παρέϐην
1476 3066 1567 3121 τὸν
1597 3067 1796 3137 νόμον;
1841 3069 1928 3121 Ἐο

340 3144 503 3217 πειδὴ
534 3147 643 3219 γάρ
692 3146 978 3218 ἄνθρωπος
1012 3144 1099 3220 ἦν,
1144 3149 1239 3202 καὶ
1282 3148 1352 3201 τὰ
1381 3149 1694 3220 ἀνθρώπινα
1720 3150 1929 3204 ἐπεδεί-

338 3246 524 3284 κνυτο.

413 3311 690 3381 η⁹.Λοιπὺν
702 3312 1000 3384 προσέχετε
1023 3314 1160 3383 μετά
1176 3315 1459 3386 ἀκριϐείας
1473 3315 1553 3387 τῷ
1568 3316 1732 3387 λόγῳ.
1748 3317 1931 3370 Ἐπει-

338 3394 408 3465 δὴ
438 3396 471 3466 ἡ
496 3396 633 3467 γυνὴ
665 3397 948 3451 Χαναναία
968 3393 1058 3469 ἦν,
1089 3399 1182 3453 καὶ
1208 3399 1316 3453 τῶν
1348 3400 1510 3471 ὁρίων
1533 3401 1778 3465 ἐκείνων,
1802 3400 1928 3453 ἔνθα

340 3479 439 3531 καὶ
468 3479 682 3547 λύσσαι,
732 3481 826 3533 καὶ
878 3481 1064 3554 μανία,
1094 3483 1188 3536 καὶ
1228 3483 1471 3549 ἀσέϐεια,
1516 3483 1644 3537 ἔνθα
1682 3486 1927 3538 διαϐόλου

337 3564 620 3634 τυραννὶς,
658 3565 755 3617 καὶ⁵
795 3565 1062 3637 δαιμόνων
1093 3567 1366 3638 βακχεῖαι,
1399 3569 1493 3622 καὶ
1525 3568 1687 3636 φύσις
1726 3585 1929 3623 πατου-

342 3647 508 3719 μένη,
542 3648 638 3700 καὶ
659 3649 740 3712 είς
757 3649 968 3718 ἀλόγων
994 3651 1216 3720 ἀλογίας
1244 3652 1674 3724 κατηνέχθησαν,
1704 3653 1781 3716 είς
1811 3652 1930 3706 δαι-

340 3732 523 3801 μόνων
556 3734 775 3803 μανίας,
801 3735 1063 3791 ἐπέταττε
1096 3736 1152 3789 δὲ
1197 3737 1293 3790 καὶ
1344 3739 1374 3789 0
1417 3738 1600 3806 νόμος,
1632 3735 1814 3805 Μηδὲν
1847 3736 1929 3788 σοὶ

341 3817 438 3869 καὶ
472 3818 816 3885 Χαναναίοις,
848 3819 921 3890 μὴ
952 3819 1077 3889 δῷς,
1109 3819 1184 3891 μὴ
1211 3819 1384 3894 λάϐῃς
1414 3822 1542 3891 παρ’
1576 3818 1822 3883 ἐκείνων,
1854 3818 1929 3890 μὴ

344 3903 579 3969 γυναῖκα
621 3902 814 3974 λάϐῃς,
850 3903 925 3974 μὴ
947 3904 1061 3957 υἱὸν
1112 3903 1301 3974 λάϐῃς.
1342 3903 1416 3974 μὴ
1445 3903 1747 3974 συμϐόλαια
1773 3904 1931 3974 ποιή-

343 3999 465 4054 σῃς,
506 3985 580 4056 μὴ
615 3985 1032 4055 συναλλάγματα
1052 4002 1067 4017 ’
1100 3986 1188 4040 διά
1217 3985 1372 4039 τοῦτο
1408 3985 1465 4039 δὲ
1491 3986 1744 4057 φραγμὸν
1770 4003 1929 4058 περι-

342 4066 519 4137 έθηκα
542 4085 556 4098 ·
592 4068 761 4123 ἐλθὼν
812 4070 868 4123 δέ
905 4073 933 4123 0
960 4070 1209 4143 Χριστὸς,
1241 4071 1335 4124 καὶ
1377 4069 1448 4124 τὰ
1494 4070 1604 4122 τῶν
1626 4069 1930 4141 ἀνθρώπων

342 4150 628 4204 ἀναλαϐὼν
664 4152 827 4215 ὅπλα,
861 4152 1107 4225 αῦθωρον
1148 4152 1511 4226 περιετμήθη,
1545 4152 1731 4217 θυσίας
1763 4169 1932 4223 προσ-

343 4232 569 4304 ήνεγκε,
612 4236 944 4307 προσφορὰς,
979 4237 1046 4290 τὰ
1091 4236 1225 4293 ἄλλα
1254 4239 1451 4301 πάντα,
1489 4236 1675 4306 ἔμελλε
1704 4237 1759 4288 δέ
1783 4236 1931 4289 λύειν

342 4319 438 4372 τὸν
469 4320 658 4388 νόμον·
697 4320 783 4372 ἵνα
819 4320 892 4390 μὴ
936 4318 1185 4388 λέγωσιν,
1216 4321 1297 4373 ὅτι
1334 4322 1596 4390 ἀτονήσας
1647 4320 1931 4392 πληρῶσαι

344 4400 529 4465 αὑτὸν,
551 4401 638 4455 διά
662 4400 822 4454 τοῦτο
850 4401 1030 4464 ἔλυσε,
1069 4402 1332 4473 πρότερον
1376 4403 1538 4458 αὑτὸν
1583 4403 1798 4473 πληροῖ,
1833 4403 1931 4457 καὶ

344 4482 469 4535 τότε
520 4483 655 4549 λύει,
713 4484 798 4537 ἵνα
852 4484 928 4555 μὴ
959 4486 1188 4556 νομίσῃς
1215 4487 1297 4539 ὅτι
1343 4487 1544 4546 ἀτονεῖ,
1570 4485 1705 4539 ἀλλὰ
1734 4485 1931 4557 πληροῖ

345 4568 527 4621 πάντα
550 4568 692 4621 κατὰ
724 4567 786 4621 τὸ
811 4568 953 4632 ἐθος.
978 4572 1074 4624 Διά
1102 4569 1261 4623 10610
1293 4570 1389 4641 βοᾷ
1417 4571 1508 4624 καὶ
1535 4571 1703 4639 λέγει,
1737 4572 1834 4637 Τίς
1860 4570 1929 4635 ἐξ

345 4649 516 4719 ὑμῶν
563 4652 798 4721 ἐλέγχει
850 4669 926 4723 με
982 4654 1114 4721 περὶ
1158 4654 1484 4722 ,ἁμαρτίας
1525 4654 1678 4708 Ἐπεὶ
1708 4651 1801 4708 οὖν
1834 4654 1930 4708 καὶ

288 4806 297 4813 ι
344 4735 505 4787 τοῦτο
534 4735 761 4807 νόμιμον
784 4732 874 4809 ἦν,
903 4737 964 4791 τὸ
991 4736 1156 4808 μηδὲν
1185 4737 1360 4790 κοινὸν
1392 4739 1539 4808 ἔχειν
1573 4738 1710 4809 μετά
1743 4739 1927 4792 Χανα-

345 4818 534 4884 ναίων,
559 4820 646 4873 ἵνα
681 4821 756 4891 μὴ
807 4821 1077 4891 ἄρξωνται
1107 4821 1359 4889 ἐγκαλεῖν
1400 4821 1552 4893 αὑτῷ
1590 4822 1639 4874 οί
1683 4821 1928 4874 Ἰουδαῖοι

345 4901 445 4953 καὶ
469 4900 668 4970 λέγειν,
699 4903 798 4956 Διά
822 4904 977 4957 τοῦτο
996 4904 1095 4956 οὺκ
1123 4903 1524 4975 ἐπιστεύσαμέν
1549 4922 1631 4957 σοι
1654 4922 1666 4934 ·
1690 4906 1935 4976 παράνοκ

349 5004 452 5058 po;
479 4987 584 5060 γὰρ
613 4984 703 5060 ἦς,
739 4988 935 5052 ἔλυσας
963 4990 1053 5042 τὸν
1080 4990 1244 5059 νόμον
1265 5006 1279 5021 ’
1310 4988 1551 5060 ἀπῆλθες
1582 4992 1660 5053 είς
1693 4991 1793 5061 τὴν
1818 4992 1929 5044 Χα-

344 5072 579 5126 ναναίων
609 5074 814 5144 χώραν,
841 5074 1166 5138 Χαναναίοις
1211 5074 1499 5145 ἀνεμίγης,
1526 5073 1619 5129 τοῦ
1646 5073 1813 5144 νόμου
1839 5074 1927 5125 λέ-

346 5171 567 5224 γοντος·
605 5155 697 5226 Μὴ
744 5156 1048 5227 ἀναμιγῇς¹
1079 5156 1168 5210 διά
1214 5156 1371 5211 τοῦτο
1397 5158 1532 5228 αὑτῇ
1578 5156 1727 5209 οὐδὲν
1778 5156 1932 5210 λαλεῖ

345 5238 506 5301 τέως.
539 5239 780 5311 Πρόσεχε
803 5240 919 5302 πῶς
947 5240 1143 5312 πληροῖ
1163 5241 1253 5294 τὸν
1281 5242 1464 5311 νόμον,
1492 5242 1586 5294 καὶ⁵
1631 5241 1691 5292 οὑ
1741 5241 1930 5311 προδί-

346 5324 479 5375 δωσι
507 5323 604 5392 τὴν
643 5322 918 5394 σωτηρίαν
939 5339 952 5352 ·
994 5325 1087 5377 καὶ
1128 5324 1410 5387 Ἰουδαίους
1443 5322 1806 5394 ἐπιστομίζει,
1834 5324 1930 5378 καὶ

343 5407 551 5478 ταύτην
592 5409 910 5462 ἀνακτᾶται.
954 5410 1017 5463 '0
1055 5410 1123 5463 δὲ
1157 5411 1267 5463 οὐκ
1307 5410 1689 5478 ἀπεκρίνατο,
1745 5411 1930 5478 φησὶν,

344 5492 504 5559 αὐτῇ
530 5494 735 5562 λόγον.
765 5495 858 5565 Μή
893 5510 984 5565 μοι
1015 5494 1311 5565 προφάσεις
1338 5494 1515 5565 εἴπῃς.
1542 5494 1746 5560 Ἴδε,οὑ
1762 5494 1929 5549 λαλῶ·

345 5577 445 5641 (δε,
470 5576 531 5629 οὐ
560 5576 910 5647 διαλέγομαι·
940 5576 1015 5630 ῖδε
1043 5578 1316 5648 συμφορὰ,
1352 5579 1445 5630 καὶ
1476 5577 1536 5631 τὸ
1565 5578 1802 5648 ἐμαυτοῦ
1830 5579 1932 5632 οὑκ

343 5661 725 5732 ἐπιδείκνυμιο
781 5661 856 5715 ἴδε
904 5661 1183 5729 ναυάγιον,
1227 5662 1321 5715 καὶ
1365 5662 1393 5714 0
1447 5662 1788 5733 κυϐερνήτης
1833 5663 1932 5715 οὐκ

343 5745 566 5799 ἀναλύω
594 5746 685 5799 τὸν
717 5746 964 5817 χειμῶνα
987 5745 1076 5799 διὰ
1098 5746 1196 5818 τὴν
1220 5747 1492 5818 ὑμετέραν
1518 5746 1931 5818 ἀγνωμοσύνην,

409 5916 434 5945 ⁸
459 5915 573 5964 "me
594 5914 809 5963 deﬁcere
836 5911 1081 5971 vidpnlur.

643 6014 915 6076 PATROL.
961 6012 1078 6073 Gn.
1128 6011 1256 6075 LII.

1674 447 1767 505 DE
1805 448 2224 508 CIIANANA‘IA.

3498 451 3602 506 056

2019 562 2105 614 ῖνα
2133 564 2207 634 μὴ
2242 563 2400 636 έχητε
2446 563 2737 636 πρόφασιν.
2780 555 2906 634 Ἴδε,
2938 565 3076 637 γυνὴ
3106 564 3330 638 θέατρόν
3384 583 3472 637 μοι
3514 584 3604 619 πε-

2019 644 2297 716 ριέστηκε,
2338 647 2432 701 καὶ
2458 645 2612 700 οὑπω
2643 646 2911 718 λαμϐάνει
2938 649 3250 721 ἀπόκρισιν,
3289 649 3375 703 ἵνα
3419 649 3494 720 μὴ
3514 648 3605 701 λέ-

2017 744 2171 799 γητε,
2201 729 2283 782 ὅτι
2334 730 2647 794 Ἐπέδωκας
2699 732 2921 787 σεαυτὸν
2953 732 3298 797 Χαναναίοις,
3332 733 3426 786 καὶ
3462 749 3606 803 παρ-

2018 810 2149 881 έϐης
2178 812 2268 865 τὸν
2302 812 2485 883 νόμον,
2519 813 2613 867 καὶ
2641 814 2843 886 ταύτην
2877 815 3151 885 πρόφασιν
3186 814 3382 886 ἔχομεν
3401 814 3495 869 τοῦ
3527 817 3602 887 μὴ

2017 895 2305 949 πιστεῦσαί
2331 912 2432 950 σοι.
2464 896 2668 950 Σκόπει
2704 898 2821 961 πῶς
2847 897 2937 952 διὰ
2965 898 3123 952 τοῦτο
3144 899 3244 951 οὑκ
3270 897 3605 970 ἀπεκρίνατο

2016 981 2081 1049 τῇ
2115 979 2358 1047 γυναικὶ,
2383 981 2469 1035 ἵνα
2502 980 2775 1055 ἀποκριθῇ
2808 981 3112 1046 Ἰουδαίοις*
3146 982 3179 1051 ἡ
3212 980 3348 1052 πρὸς
3377 980 3476 1050 τὴν
3504 998 3603 1050 γυο

2016 1066 2177 1117 ναῖκα
2226 1065 2373 1137 σιγὴ,
2410 1066 2562 1135 φωνὴ
2600 1063 2992 1137 ἀγνωμοσύνης
3035 1065 3147 1129 τοῖς
3185 1063 3459 1128 Ἰουδαίοις
3492 1063 3605 1133 ἐγί-

2015 1162 2155 1200 νετο.

2088 1230 2154 1285 θ’.
2182 1229 2370 1285 Ταῦτα
2394 1231 2451 1284 δέ
2468 1231 2648 1285 ἐποίει
2669 1231 2731 1285 οὑ
2754 1231 2891 1302 πρὸς
2910 1229 3009 1303 τὴν
3034 1228 3242 1284 οἰκείαν
3269 1228 3446 1295 ἀξίαν,
3467 1228 3604 1284 ἀλλά

2016 1315 2154 1385 πρὸς
2184 1313 2282 1386 τὴν
2305 1315 2529 1367 ἐκείνων
2557 1313 3006 1385 συγκαταϐαίνων
3033 1314 3342 1368 ἀσθένειαν.
3360 1314 3468 1366 Καὶ
3492 1312 3602 1387 γὰρ

2015 1399 2105 1452 ὅτε
2143 1398 2233 1451 τὸν
2281 1398 2481 1470 λεπρδν
2515 1399 2832 1470 ἐκαθάρισε,
2874 1396 3055 1466 λέγει’
3097 1398 3379 1461 Ἀπελθε,
3414 1409 3604 1464 προσ-

2014 1481 2225 1549 ένεγκε
2257 1479 2407 1553 [MO]
2437 1480 2504 1535 τὸ
2541 1480 2755 1549 δῶρον,
2790 1479 2821 1534 ὃ
2849 1479 3187 1549 προσέταξε
3213 1477 3496 1547 Μωῠσῆς.
3528 1478 3603 1531 Σὺ

2016 1565 2293 1637 ἐκάθαρας
2310 1565 2358 1631 b,
2394 1566 2490 1618 καὶ
2528 1565 2768 1635 πέμπεις
2798 1564 2961 1618 αὑτὸν
2988 1565 3069 1626 είς
3100 1562 3190 1616 τὸν
3244 1561 3409 1633 νόμον
3443 1562 3604 1615 Μωῦ-

2018 1648 2187 1716 σέως;
2223 1649 2349 1701 Ναί.
2392 1648 2491 1702 Διά
2518 1648 2601 1714 τί;
2632 1645 2732 1701 Διά
2760 1648 2886 1710 τοὺς
2927 1645 3235 1709 Ἰουδαίους,
3275 1644 3362 1698 ῖνα
3398 1643 3473 1715 μὴ
3506 1641 3607 1713 ἀρ-

2018 1729 2214 1794 ξωνται
2250 1730 2523 1799 ἐγκαλεῖν,
2549 1730 2631 1783 ὃτι
2662 1729 2909 1801 παρέϐην
2949 1728 3041 1781 τὸν
3076 1727 3261 1798 νόμον.
3308 1725 3408 1779 Διά
3444 1723 3605 1778 τοῦτο

2018 1816 2111 1867 καὶ
2142 1816 2231 1868 ὅτε
2268 1815 2601 1885 ἐθεράπευσε
2638 1814 2731 1867 τὸν
2780 1812 3002 1884 λεπρὸν,
3035 1810 3199 1875 ξένως
3237 1809 3604 1882 ἐθεράπευσεν

2017 1898 2178 1951 αὑτόν
2195 1916 2208 1930 ·
2232 1899 2325 1951 καὶ
2355 1898 2520 1952 ἄκουε
2553 1897 2690 1963 πῶς’
2717 1897 2823 1953 Καὶ
2847 1895 2975 1949 ίδοὺ
2994 1896 3218 1963 λεπρὸς
3245 1891 3605 1961 προσελθὼν
3674 1896 3679 1899 ’

2019 1980 2342 2050 παρεκάλει
2375 1980 2564 2034 αὑτὸν
2599 1982 2813 2051 λέγων,
2849 1980 3047 2048 Κύριε,
3096 1977 3204 2033 ἐὰν
3257 1976 3463 2046 θέλῃς,
3494 1975 3603 2030 δύο

2016 2064 2203 2117 νασαί
2225 2080 2302 2131 με
2333 2064 2677 2132 καθαρίσαι·
2705 2062 2803 2117 καὶ
2831 2062 3107 2128 ἐκτείνας
3145 2059 3261 2129 τὴν
3297 2058 3466 2129 χεῖρα
3496 2059 3605 2112 αὺο

2018 2146 2145 2211 τοῦ,
2180 2145 2383 2214 ἥψατο
2415 2145 2603 2200 αὐτοῦ
2655 2145 2887 2216 λέγων⁸
2939 2143 3126 2209 Θέλω,
3186 2143 3599 2211 καθαρίσθητι.

2031 2231 2121 2283 Ἐν
2151 2229 2229 2299 τῷ
2251 2230 2403 2300 νόμῳ
2432 2231 2533 2284 οὐκ
2563 2230 2729 2302 ἐχρῆν
2756 2228 3020 2283 ἅπτεσθαι
3061 2226 3283 2298 λεπροῦ.
3331 2226 3462 2280 Ὅτε
3508 2220 3605 2280 οὖν

2018 2307 2149 2383 ἦλθε
2211 2312 2462 2384 Νεαιμάν
2499 2314 2529 2366 0
2564 2312 2941 2384 στρατηλάτης
2987 2310 3124 2381 πρὸς
3169 2310 3468 2363 Ἐλισσαῖον
3511 2308 3605 2362 τὸν

2020 2397 2306 2469 προφήτην
2359 2397 2540 2469 λέπρᾳ
2596 2396 2981 2467 κατεχόμενος,
3010 2394 3158 2464 λέγει
3187 2393 3337 2464 αὑτῷ
3361 2395 3389 2447 0
3435 2393 3607 2464 μαθη-

2019 2483 2139 2555 τὴς,
2179 2482 2311 2536 Ἰδοὺ
2364 2482 2566 2553 λεπρὸς
2615 2480 2993 2553 στρατηλάτης
3044 2478 3169 2545 ἐξω.
3212 2477 3271 2531 'U
3300 2477 3358 2531 δέ
3396 2478 3606 2549 πέμπει

2019 2566 2109 2619 τδν
2134 2563 2381 2637 μαθητὴν
2404 2564 2641 2629 ἐξελθεῖν
2663 2563 2756 2618 καὶ
2777 2565 2951 2616 εἰπεῖν
2981 2561 3152 2633 αὑτῷ,
3173 2563 3447 2624 Ἀπελθε,
3464 2559 3607 2614 λοῦ-

2021 2662 2123 2700 σαι
2142 2642 2244 2713 “εἰς
2271 2649 2380 2701 τὸν
2417 2645 2739 2717 Ἰορδάνην.
2777 2645 2889 2699 Καὶ
2909 2644 3009 2698 οὑκ
3040 2643 3341 2716 ἐτόλμησεν
3371 2641 3606 2707 ἐξελθεῖν

2020 2733 2184 2796 αὑτὸς
2205 2732 2298 2786 καὶ⁵
2329 2733 2454 2785 ίδεῖν
2483 2732 2575 2784 τὸν
2604 2729 2824 2801 λεπρὸν,
2850 2730 2945 2783 καὶ
2961 2728 3203 2798 ἅψασθαι
3229 2726 3417 2782 αὑτοῦ.
3453 2724 3606 2779 Ἐπεὶ

2020 2813 2113 2871 οὖν
2144 2814 2469 2887 ἐκαθάρισεν
2506 2817 2534 2869 0
2571 2814 2868 2876 Ἐλισσαῖος
2894 2812 3113 2884 λεπρὸν,
3145 2811 3231 2866 ἴνα
3270 2811 3346 2882 μὴ
3372 2808 3605 2878 λέγωσιν

2019 2902 2069 2954 οἱ
2123 2900 2385 2965 Ἰουδαῖοι,
2410 2899 2491 2953 ὅτι
2516 2897 2716 2969 ὁμοίως
2757 2897 3041 2966 Ἐλισσαίῳ
3068 2894 3326 2967 ἐκάθαρε,
3350 2891 3607 2947 διὰτοῦτο

2020 2987 2227 3048 ἐκεῖνος
2250 2984 2347 3054 μὲν
2376 2983 2436 3037 οὑ
2462 2983 2637 3052 τολμᾷ
2661 2982 2921 3052 ἅψασθαι,
2941 2975 3094 3044 οὗτος
3130 2979 3188 3032 δὲ
3218 2978 3470 3045 ἅπτεται,
3512 2978 3608 3032 καὶ

2021 3070 2190 3139 λέγει,
2216 3072 2399 3134 Θέλω,
2429 3068 2846 3138 καθαρίσθητι·
2876 3065 2973 3120 καὶ
3000 3064 3271 3131 ἐκτείνας
3297 3063 3412 3131 τὴν
3439 3062 3609 3132 χεῖρα

2022 3155 2231 3221 αὑτοῦ,
2255 3154 2455 3222 ἥψατο
2483 3153 2591 3207 τοῦ
2631 3150 2881 3222 λεπροῦ.
2912 3149 3011 3203 Διά
3054 3149 3108 3202 τί
3142 3149 3356 3220 macto;
3389 3149 3509 3201 Ἵνα
3547 3163 3609 3199 σε

2023 3239 2208 3313 διδάξῃ
2238 3240 2319 3293 ὅτι
2351 3239 2451 3292 οὑκ
2491 3237 2606 3291 ἐστι
2650 3236 2832 3300 δοῦλος
2868 3234 3227 3304 ὑποκείμενος
3276 3233 3445 3304 νόμῳ,
3472 3229 3610 3285 ἀλλά

2023 3326 2302 3392 Δεσπάτης
2334 3322 2679 3392 ἐπικείμενος
2731 3320 2810 3390 τῷ
2845 3320 3013 3390 νόμῳ.
3059 3318 3184 3381 Πῶς
3226 3313 3320 3373 οὖν
3372 3316 3611 3389 ἐτήρησε

2023 3409 2115 3462 τὸν
2144 3408 2336 3479 νόμον;
2378 3406 2468 3476 Τῷ
2513 3407 2708 3471 εἰπεῖν,
2756 3404 2938 3468 Θέλω,
2967 3403 3379 3472 καθαρίσθητι,
3410 3401 3503 3453 καὶ
3535 3397 3611 3470 μὴ

2024 3492 2225 3556 εὑθέως
2254 3490 2419 3545 αὑτοῦ
2450 3489 2708 3559 ἅψασθαι.
2746 3487 3053 3559 Προέλαϐεν
3102 3490 3129 3541 0
3170 3486 3349 3554 λόγος,
3380 3482 3612 3556 ἐδραπέ-

2022 3592 2180 3630 τευσε
2207 3575 2271 3627 τὸ
2308 3575 2544 3645 νόσημα,
2592 3567 2712 3624 εἶτα
2768 3571 2946 3642 ἥψατο
2999 3568 3095 3624 τοῦ
3146 3568 3483 3639 ἀκαθάρτου,
3516 3565 3613 3620 καὶ

2024 3655 2166 3724 εἷπε,
2218 3657 2402 3720 Θέλω,
2454 3655 2866 3723 καθαρίσθητι.
2917 3655 3078 3721 Πῶς;
3114 3652 3352 3719 Εὐθέως
3393 3653 3611 3705 ἐκαθα-

2017 3744 2224 3812 ρίσθη.
2255 3742 2366 3811 Οὐχ
2397 3741 2639 3812 εὑρίσκει
2661 3741 2689 3793 0
2722 3738 3116 3811 εὑαγγελιστὴς
3154 3738 3327 3791 ειπεῖν
3361 3736 3478 3806 (καὶ
3503 3732 3611 3805 γὰρ

2025 3829 2085 3882 τὸ
2109 3827 2329 3895 εὐθέως
2351 3828 2518 3900 βραδὺ
2547 3830 2709 3890 ἐστι),
2741 3828 2838 3897 οὑχ
2869 3827 3116 3898 εὑρίσκει
3141 3825 3299 3894 λόγον
3324 3823 3613 3894 ἰσόρροπον

2024 3917 2105 3989 τῷ
2135 3917 2287 3988 τάχει
2313 3917 2414 3986 τῆς
2440 3915 2740 3989 ἐνεργείας.
2771 3914 3035 3979 Εὐθέωςο
3080 3913 3230 3979 πῶς;
3262 3912 3414 3982 Ἅμα
3449 3909 3612 3981 ἐξέϐη

2025 4007 2054 4059 0
2084 4006 2261 4075 λόγος,
2295 4006 2390 4057 καὶ
2418 4004 2778 4075 ἐδραπέτευσε
2816 4002 2877 4055 τὸ
2912 4001 3145 4073 νόσημα,
3185 3998 3528 4069 ἐφυγαδεύθη
3576 4000 3611 4070 ὴ

2024 4093 2220 4165 λέπρα,
2262 4093 2448 4148 λοιπὸν
2481 4088 2720 4163 καθαρὸς
2752 4093 2781 4144 0
2832 4090 3051 4162 λεπρός.
3089 4088 3188 4143 Διά
3232 4088 3389 4143 τοῦτο
3433 4087 3611 4155 λέγει’

2029 4182 2269 4248 Ὕπαγε,
2295 4180 2557 4235 σεαυτὸν
2590 4178 2793 4242 δεῖξον
2820 4176 2903 4244 τῷ
2928 4177 3089 4247 ἱερεῖ,
3123 4177 3221 4232 καὶ
3246 4174 3615 4245 προσένεγκε

2025 4276 2092 4327 τὸ
2126 4271 2339 4340 δῶρον,
2374 4270 2405 4324 ὃ
2439 4267 2777 4339 προσέταξε
2838 4266 3119 4336 Μωῦσῆς,
3154 4270 3244 4335 είς
3285 4266 3613 4336 μαρτύριον

2026 4359 2251 4426 αὐτοῖς.
2287 4360 2445 4427 Τίσι;
2497 4361 2623 4422 Τοῖς
2670 4359 2966 4423 Ἰουδαίοις,
2996 4358 3084 4413 ἴνα
3137 4358 3212 4430 μὴ
3242 4356 3474 4426 λέγωσιν
3527 4354 3613 4407 ὅτι

2025 4448 2353 4521 παραϐαίνω
2380 4450 2471 4501 τὸν
2495 4448 2680 4519 νόμον.
2724 4449 2870 4517 Ἐγὼ
2899 4446 3262 4518 ἐθεράπευσα,
3297 4443 3391 4498 καὶ
3446 4442 3610 4509 λέγω,

2024 4535 2398 4605 Προσένεγκε
2442 4534 2511 4589 τὸ
2568 4534 2765 4604 δῶρον
2815 4534 2908 4587 τοῦ
2947 4533 3137 4603 νόμου,
3183 4531 3271 4584 ἵνα
3313 4529 3497 4600 ἐκείνῃ
3543 4531 3611 4603 τῇ

2025 4625 2207 4697 ἡμέρᾳ
2222 4625 2250 4677 0
2263 4623 2460 4695 λεπρὸς
2474 4622 2652 4677 αὐτῶν
2680 4622 3032 4693 κατηγορήσῃ
3047 4619 3238 4687 λέγων,
3269 4621 3324 4670 Ἐ
3332 4618 3420 4689 μοὶ
3447 4634 3589 4687 προσ
3599 4650 3613 4658 -

2025 4712 2184 4778 έταξε
2216 4710 2387 4783 δῶρον
2436 4710 2577 4766 κατὰ
2619 4710 2782 4778 νόμον
2816 4707 3220 4777 προσενεγκεῖν.
3268 4705 3379 4757 Καὶ
3423 4702 3613 4774 ῶσπερ

2026 4799 2200 4853 πολλὰ
2233 4799 2419 4852 ἐνεκεν
2460 4795 2729 4851 Ἰουδαίων
2771 4794 2943 4847 ἐποίει
2993 4795 3021 4847 0
3052 4790 3307 4863 Χριστὸς,
3356 4788 3614 4845 ἀναπολο-

2026 4888 2227 4957 γήτους
2282 4887 2480 4949 αὑτοὺς
2512 4887 2591 4948 είς
2623 4884 2800 4938 πάντα
2826 4874 3017 4945 ποιῶν,
3051 4879 3194 4933 οὕτω
3226 4878 3321 4934 καὶ
3353 4878 3610 4933 ἐνταῦθα.

2039 4974 2339 5043 Ἐλέησόν
2359 4991 2457 5044 με,
2491 4972 2581 5027 ὅτι
2606 4972 2644 5039 ἠ
2669 4970 2930 5040 θυγάτηρ
2952 4987 3073 5038 μου
3112 4966 3311 5034 κακῶς
3345 4966 3613 5037 δαιμονί-

2028 5060 2198 5123 ζεται.
2243 5062 2296 5114 '0
2316 5061 2385 5114 δὲ
2413 5062 2523 5115 οὐκ
2549 5059 2905 5126 ἀπεκρίνετο
2927 5054 3081 5125 αὐτῇ
3111 5056 3317 5124 λόγον.
3348 5059 3607 5124 Προσελ-

2026 5149 2234 5211 θόντες
2253 5144 2321 5197 δὲ
2348 5147 2401 5198 οι
2414 5142 2671 5213 μαθηταί
2699 5140 2905 5204 αὐτοῦ,
2926 5140 3233 5210 λέγουσιν,
3278 5139 3615 5193 Ἀπόλυσον

2027 5232 2244 5300 αὐτὴν,
2282 5231 2370 5285 ὅτι
2416 5228 2608 5299 κράζει
2659 5230 2912 5283 ὄπισθεν
2955 5226 3143 5298 ἡμῶν.
3180 5228 3245 5280 Τί
3278 5223 3371 5280 οὖν
3414 5226 3609 5295 αὑτός;

2033 5323 2154 5375 Οὐκ
2186 5318 2544 5384 ἀπεστάλην
2565 5320 2618 5371 εὶ
2641 5315 2728 5385 μὴ
2770 5314 2857 5381 εἰξ-
2885 5317 2959 5368 τὰ
2983 5316 3247 5383 πρόϐατα
3276 5314 3346 5367 τὰ
3377 5315 3612 5368 ἀπολωο

2028 5411 2179 5463 λότα
2208 5409 2376 5461 οἴκου
2420 5405 2691 5475 Ἰσραήλ’
2729 5404 2813 5457 ἵνα
2852 5403 2925 5475 μὴ
2954 5404 3187 5472 λέγωσιν
3227 5402 3488 5465 Ἰουδαῖοι,
3529 5402 3612 5454 ὅτι

2043 5498 2287 5566 ῘΔφῆκας
2317 5496 2482 5565 ἡμᾶς,
2514 5494 2610 5547 καὶ
2637 5492 2880 5564 ἀπῆλθες
2916 5491 3041 5557 ἐξω,
3078 5490 3171 5544 καὶ
3220 5489 3310 5542 διά
3349 5488 3505 5543 τοῦτὸ
3529 5507 3611 5543 σοι

2032 5584 2133 5638 οὐκ
2165 5582 2585 5652 ἐπιστεύσαμεν.
2623 5580 2777 5644 Ἰδοὺ,
2811 5579 2964 5651 φησὶ,
2991 5579 3084 5632 καὶ
3108 5578 3216 5631 ἀπὸ
3235 5577 3405 5631 ἐθνῶν
3429 5576 3615 5650 ἔρχον-

2031 5688 2143 5736 ται,
2173 5672 2266 5725 καὶ
2297 5669 2357 5722 οὑ
2400 5668 2625 5739 δέχομαι
2656 5666 2880 5731 αὑτούς·
2911 5667 3053 5737 ὑμᾶς
3085 5665 3141 5718 δὲ
3172 5666 3265 5718 καὶ
3312 5663 3614 5734 φεύγοντας
3652 5705 3677 5718 κ

2102 5842 2277 5892 Min“).
2301 5840 2382 5903 σὺ,
2403 5840 2641 5903 ἐκάθηρες.
2665 5839 2773 5887 Aha
2815 5838 3013 5903 praefert
3037 5838 3172 5892 Colb.
3205 5837 3474 5890 lectionum
3499 5834 3603 5889 dis-

2030 5904 2263 5963 crimina,
2296 5899 2386 5951 sed
2415 5899 2598 5953 nullius
2614 5903 2781 5964 pretii.
