4036 6388
431 383 530 442 457

431 503 689 570 itlgientes
712 501 959 557 advoco:
1014 500 1174 555 l'euite
1214 500 1285 553 ad
1331 514 1409 553 me
1435 514 1607 553 ontncs
1646 498 1740 569 qui
1776 497 2018 552 laboratis

429 591 643 658 (Hatria.
670 593 758 646 ll.
781 589 897 662 28),
928 602 980 645 ct
1012 606 1116 645 non
1142 591 1332 644 venitis
1356 606 1377 653 ;
1405 592 1541 643 hanc
1571 602 1696 641 vero
1718 587 1902 650 regich
1920 627 1936 652 ,
1963 596 2019 642 et

429 696 606 737 tamen
638 692 866 752 perstat.
919 682 1154 752 Papulas
1174 722 1188 745 ,
1217 698 1361 751 quem
1404 696 1505 733 non
1538 695 1747 746 cognovi
1811 678 2015 731 servivit

429 774 553 829 mihi
573 816 589 841 ,
629 776 798 845 inquit
822 791 838 840 ;
877 775 929 828 in
965 775 1143 827 auditu
1168 774 1306 827 auris
1330 771 1542 826 obedioit
1568 771 1689 823 mihi
1715 769 1902 841 (Psal.
1929 770 2010 824 17.

429 870 522 937 45)
549 886 565 935 ;
596 877 652 922 et
690 868 817 922 alibi
846 886 859 922 :
896 868 1119 936 Apparui
1160 867 1223 919 iis
1246 864 1335 936 qui
1373 882 1450 918 me
1488 881 1588 918 non
1614 862 1902 934 quaerebant
1923 903 1938 926 ,
1966 871 2014 914 et

428 960 664 1013 inventus
689 976 799 1012 sum
825 961 890 1011 ab
921 959 1006 1024 iis,
1035 958 1122 1027 qui
1150 973 1227 1011 me
1254 973 1355 1010 non
1379 955 1776 1025 interrogabant.
1803 952 2016 1006 Dimitte

425 1051 594 1118 illam,
637 1067 757 1121 quia
784 1050 968 1103 clamat
1015 1057 1126 1119 post
1156 1065 1246 1102 nos
1297 1046 1464 1118 (lsai.
1488 1047 1576 1102 65.
1604 1047 1628 1101 1
1654 1044 1696 1116 ).
1725 1046 2013 1101 Videamus

427 1144 609 1212 itaque.
647 1142 773 1213 quid
818 1141 1062 1198 Christus
1092 1141 1254 1196 dicat.
1302 1139 1425 1205 Non
1469 1156 1581 1193 sum
1612 1140 1792 1193 missus
1820 1139 1919 1192 nisi
1946 1137 2014 1190 ad

426 1253 544 1290 oves
586 1252 699 1306 qua:
738 1236 991 1306 perierunt
1031 1236 1211 1289 domus
1255 1232 1439 1287 Israel.
1483 1234 1673 1286 Annon
1706 1232 1821 1285 haec
1850 1230 2013 1285 verba

420 1336 585 1383 eratut
616 1327 969 1396 repellentis?
1009 1327 1080 1380 Ita
1122 1328 1265 1380 enim
1305 1323 1685 1396 propemodum
1714 1322 1877 1378 dicit:
1905 1321 2017 1375 Ab-

428 1417 614 1483 scede,
652 1418 776 1488 quia
803 1417 939 1471 nibil
962 1418 1057 1471 tibi
1091 1416 1167 1471 rei
1196 1430 1407 1471 mecum
1447 1422 1532 1470 est
1558 1431 1573 1468 :
1601 1430 1707 1468 non
1734 1413 1855 1468 veni
1883 1428 2012 1482 pro-

430 1517 548 1577 pter
579 1519 654 1570 te,
684 1508 779 1564 sed
805 1519 1019 1578 propter
1038 1507 1272 1562 Iudmos.
1307 1506 1428 1559 Non
1461 1521 1572 1559 sum
1611 1505 1794 1558 missus
1823 1504 1921 1557 nisi
1943 1502 2012 1556 ad

420 1616 542 1654 oues
579 1615 693 1670 qua
733 1601 1067 1669 disperierunt
1104 1598 1284 1652 domus
1313 1597 1501 1651 Israel.
1562 1596 1656 1650 llis
1693 1595 1886 1649 auditis
1923 1594 2013 1648 illa

422 1692 584 1754 dixit,
615 1690 803 1755 Etiam,
834 1690 1090 1755 Domine;
1132 1689 1320 1760 adjuva
1342 1705 1440 1753 me,
1475 1697 1521 1741 et
1558 1688 1804 1741 adorabat
1838 1686 2013 1741 dicens

426 1780 1140 1853 lilatth.15.25);illevero
1167 1796 1275 1835 non
1317 1780 1594 1850 respondit
1635 1781 1705 1835 ei.
1748 1778 1853 1834 Sed
1892 1779 2013 1834 vide

423 1872 837 1942 reaponsiouem
865 1891 878 1926 :
909 1872 1029 1927 Non
1052 1882 1122 1927 est
1146 1873 1332 1927 bonum
1351 1889 1544 1927 sumere
1564 1888 1744 1943 panem
1765 1871 2009 1941 filiorum,

417 1973 471 2017 et
499 1964 746 2034 projicere
770 1964 976 2017 canibus
1003 1961 1176 2037 (Ibid.
1209 1979 1255 2018 υ.
1288 1961 1420 2035 26).
1461 1961 1508 2017 0
1542 1977 1671 2018 cura
1698 1962 1928 2021 medici!
1959 1962 2012 2017 in

418 2056 855 2125 desperationem
902 2056 1116 2111 deducit
1141 2071 1281 2109 eam.
1331 2054 1454 2109 Non
1493 2064 1567 2110 est
1607 2056 1792 2109 bonum
1819 2072 2015 2110 sumere

418 2163 610 2217 panem
640 2148 861 2217 filiorum
880 2163 899 2201 :
922 2162 1149 2219 quorum
1168 2148 1191 2202 ?
1210 2140 1518 2203 Judaeorum
1536 2164 1551 2213 ;
1569 2155 1620 2201 et
1640 2147 1762 2201 dare
1782 2147 2008 2216 canibus,

420 2239 531 2293 hoc
548 2247 651 2303 est,
682 2240 852 2294 vobis.

497 2330 585 2385 t0.
625 2331 783 2385 Certe
808 2331 873 2385 ad
899 2331 1241 2402 ignominiam
1266 2331 1577 2387 Iudaeorum
1604 2330 1719 2386 bare
1745 2330 1877 2386 dixit
1903 2331 2008 2385 Do-

420 2422 606 2475 minus
637 2439 650 2474 :
681 2436 805 2475 nam
832 2420 924 2476 ﬁlii
965 2422 1158 2488 vocati,
1203 2437 1365 2477 canes
1392 2422 1564 2477 ell'ccti
1608 2429 1750 2477 sunt.
1785 2421 2013 2492 ideoque

419 2513 623 2569 Paulus
658 2513 788 2569 dicit
820 2531 834 2567 :
882 2513 1053 2568 Videte
1096 2531 1264 2580 canes,
1299 2515 1459 2568 videte
1497 2514 1657 2568 malos
1713 2513 1970 2585 operarios
1991 2552 2009 2578 ,

418 2605 585 2659 videte
630 2606 1061 2659 circumcisionem
1102 2621 1123 2660 :
1170 2621 1262 2659 nos
1317 2605 1451 2659 enim
1496 2620 1670 2659 sumus
1698 2602 2011 2657 circumcisio

427 2697 448 2768 (
480 2696 712 2767 Philipp.
743 2699 797 2753 3.
828 2697 883 2750 2.
911 2697 1006 2768 3).
1039 2695 1281 2769 Gentiles
1327 2710 1490 2751 canes
1542 2696 1715 2750 vocali
1767 2703 1889 2748 sunt
1914 2734 1928 2758 ,
1958 2702 2012 2748 et

420 2791 521 2846 lilii
546 2800 665 2845 sunt
694 2790 891 2845 elfccti.
924 2789 1102 2844 Filioli
1132 2790 1249 2855 mei,
1282 2806 1404 2860 quos
1431 2790 1614 2842 iterum
1644 2789 1888 2857 partiario,
1910 2787 2011 2840 do-

424 2898 517 2937 nec
544 2886 787 2953 formetur
815 2881 1044 2936 Christus
1093 2881 1146 2935 iu
1194 2881 1333 2934 vobis
1366 2881 1385 2950 (
1425 2878 1596 2933 Galat.
1622 2879 1675 2933 ι.
1709 2878 1775 2932 l9
1796 2878 1836 2947 ).
1870 2877 2010 2931 Laus

420 2973 563 3038 hazc,
586 2971 891 3027 Ιυιίωοιδιιιιι
923 2972 1191 3027 accusatio
1220 2981 1323 3026 est.
1350 2969 1470 3025 Non
1500 2980 1575 3023 est
1604 2970 1784 3023 bonum
1814 2983 2012 3023 sumere

420 3083 605 3136 panem
655 3065 874 3134 ﬁliorum
895 3107 911 3131 ,
944 3074 988 3118 et
1017 3064 1139 3117 dare
1166 3063 1393 3117 canibus.
1430 3062 1565 3130 Quid
1591 3063 1753 3132 igitur
1777 3059 2011 3116 mulioi'?

424 3156 624 3222 Etiam,
679 3154 915 3211 Domine.
960 3154 1008 3212 Ο
1052 3155 1302 3210 violentia
1356 3155 1624 3209 mulieris!
1666 3168 1699 3208 ο
1740 3151 2011 3208 contentio

424 3254 622 3308 anima:
650 3252 664 3306 Ξ
696 3252 931 3307 Medicus
960 3251 1125 3317 dicit,
1158 3249 1317 3315 Non;
1360 3260 1416 3304 et
1458 3249 1541 3302 illa
1585 3248 1751 3314 dicit,
1796 3245 1967 3301 Etiam
1991 3260 2011 3299 :

422 3346 685 3400 Dominus
716 3345 867 3409 dicit,
912 3342 1076 3408 Non;
1106 3352 1158 3398 et
1190 3343 1277 3397 illa
1307 3341 1456 3406 dicit,
1489 3342 1698 3395 Etiam:
1728 3354 1830 3393 non
1857 3339 2010 3393 incu-

420 3451 559 3491 sans
608 3445 697 3489 aut
729 3433 1065 3505 impudenter
1093 3447 1257 3502 agens
1296 3432 1395 3486 hoc
1421 3431 1589 3495 dicit;
1639 3430 1731 3484 sed
1782 3429 2009 3484 salutem

423 3537 758 3596 exapectans.
792 3524 916 3578 Non
940 3533 1014 3579 est
1061 3523 1248 3577 bonum
1287 3538 1486 3577 sumere
1513 3538 1694 3591 panem
1743 3520 2003 3590 ﬁliorum,

422 3630 471 3672 et
497 3618 620 3671 dare
645 3618 873 3672 canibus.
909 3615 1102 3681 Etiam,
1138 3614 1368 3669 Domine.
1422 3613 1621 3668 Canem
1674 3628 1759 3666 me
1803 3626 1963 3665 vocas
1991 3649 2007 3676 ,

421 3726 523 3781 ego
550 3719 601 3764 te
626 3710 901 3763 Dominum
917 3722 1051 3762 voco
1084 3725 1097 3761 :
1123 3716 1178 3761 tu
1203 3722 1289 3760 me
1333 3705 1653 3759 contumelia
1682 3702 1869 3768 alﬁcis,
1911 3716 2004 3771 ego

418 3813 480 3856 te
518 3801 749 3855 celebro.
798 3799 985 3864 Etiam,
1030 3797 1247 3851 Domine
1270 3813 1291 3850 :
1319 3812 1436 3849 nam
1480 3804 1525 3848 et
1555 3794 1721 3847 catelli
1765 3794 1919 3846 edunt
1950 3791 2006 3845 de

420 3896 588 3959 asticis,
607 3909 718 3967 qua:
741 3893 926 3945 cadunt
951 3891 1013 3945 de
1031 3906 1203 3943 mensa
1228 3890 1544 3942 dominorum
1559 3902 1766 3945 suorum
1794 3883 2002 3955 (Matth.

428 3987 518 4041 15.
547 3986 663 4056 27).
694 3983 739 4039 Ο
767 3982 1027 4053 sapientia
1055 3979 1329 4035 mulieris!
1357 3978 1425 4032 ab
1443 3978 1602 4031 allato
1618 3976 1866 4043 exemplo
1895 3989 1999 4029 ser-

422 4092 637 4133 monem
662 4077 801 4131 eruit
828 4081 1272 4131 consentaneum.
1298 4069 1501 4124 Canem
1528 4083 1614 4122 me
1642 4082 1820 4129 vocas,
1853 4075 2014 4120 utca-

426 4170 511 4225 nis
538 4168 672 4223 alor.
698 4167 813 4235 Non
836 4180 1036 4234 reSpuo
1065 4163 1443 4233 opprobrium;
1472 4177 1577 4215 non
1606 4175 1796 4214 recuso
1826 4159 2009 4229 apch

424 4260 679 4314 lationem
714 4276 727 4310 :
757 4256 1011 4327 accipiam
1053 4268 1180 4324 ergo
1223 4253 1372 4308 canis
1420 4252 1765 4316 alimentum;
1793 4264 2015 4319 remque

427 4352 557 4406 dicit
582 4360 912 4405 consuetam.
948 4348 1029 4402 Tu
1069 4346 1227 4401 verba
1257 4353 1346 4399 tua
1384 4345 1640 4399 conlirma
1667 4359 1685 4398 :
1715 4358 1900 4398 canem
1924 4358 2015 4397 me

428 4446 665 4510 vocasti;
706 4444 772 4500 da
803 4443 932 4498 mihi
981 4442 1171 4496 micam
1200 4439 1527 4495 :advocatus
1569 4438 1836 4507 petitionis
1880 4450 2014 4491 mea:

428 4536 602 4592 iactus
631 4551 690 4590 es
722 4552 737 4601 ;
768 4535 822 4589 in
851 4534 1188 4591 recusatione
1218 4545 1541 4586 consensum
1583 4541 1728 4583 tuum
1771 4528 2010 4583 ostende.

427 4631 623 4696 Etiam,
655 4628 914 4692 Domine;
957 4643 1074 4681 nam
1104 4635 1152 4680 ct
1189 4623 1359 4679 catelli
1387 4625 1538 4678 edunt
1564 4624 1625 4676 de
1670 4623 1811 4676 micis
1832 4664 1848 4687 ,
1901 4637 2016 4692 qua

428 4723 704 4776 cadunt-de
726 4736 897 4773 mensa
927 4718 1248 4771 dominorum
1283 4730 1512 4768 suorum.
1554 4714 1688 4782 Quid
1735 4715 1897 4783 igitur
1924 4714 2013 4768 ille

428 4814 519 4883 qui
542 4812 846 4875 recusabat,
873 4810 961 4880 qui
985 4807 1279 4878 rejiciebat,
1309 4807 1397 4877 qui
1446 4807 1711 4875 pellebat,
1742 4806 1831 4875 qui
1861 4805 2008 4859 dicc-

430 4910 540 4970 bat,
572 4905 691 4960 Non
720 4914 795 4959 est
818 4905 1005 4958 bonum
1038 4903 1267 4972 accipere
1296 4918 1476 4971 panem
1498 4902 1719 4967 ﬁliorth
1744 4942 1758 4965 ,
1788 4910 1833 4953 et
1856 4900 2016 4969 proji-

434 5015 549 5052 cere
571 4998 829 5051 canibus?
858 4996 945 5065 qui
972 4995 1184 5049 diccbat
1215 5011 1229 5047 :
1266 4992 1386 5046 Non
1435 5009 1546 5045 sum
1587 4992 1768 5046 missus
1810 4992 1909 5044 nisi
1946 4991 2015 5044 ad

428 5106 543 5145 oves
565 5106 675 5161 qua:
710 5088 966 5158 perierunt
1000 5086 1179 5139 domus
1225 5083 1437 5138 Israel!
1471 5082 1516 5137 0
1551 5082 1731 5135 mulier
1760 5083 1779 5136 !
1827 5100 2013 5151 magna

428 5195 503 5239 est
527 5178 653 5254 ﬁdes
684 5180 817 5252 tua(
852 5180 987 5234 Ibid.
1031 5197 1080 5233 υ.
1110 5178 1181 5233 28
1222 5179 1261 5250 ).
1310 5178 1391 5231 An
1440 5176 1679 5230 laudatur
1726 5174 2016 5244 derepente

429 5278 601 5330 lactus
629 5274 731 5329 es?
758 5271 1034 5326 mulierem
1067 5267 1394 5338 depmdicas
1414 5266 1437 5320 ?
1458 5281 1632 5320 annon
1673 5265 2014 5335 rcpellcbas?

428 5383 607 5423 annon
672 5363 989 5435 rejieiebas?
1038 5361 1294 5426 Conlidc;
1350 5360 1470 5414 ideo
1532 5358 1729 5412 distuli.
1779 5358 1912 5412 Nam
1968 5358 2011 5411 si

426 5462 499 5517 ab
527 5460 676 5515 initio
700 5458 845 5512 illam
866 5456 1197 5525 repulissem,
1223 5455 1339 5522 ejus
1367 5451 1523 5506 ﬁdem
1554 5467 1656 5505 non
1678 5450 2010 5505 edidicisses.

424 5555 483 5611 Si
512 5570 543 5608 τι
572 5552 835 5623 principio
888 5550 1184 5619 accepisset
1214 5589 1228 5614 ,
1273 5549 1380 5602 cito
1406 5546 1760 5612 recessisset,
1791 5544 2014 5613 ejusque

425 5648 738 5703 thesaurum
794 5658 953 5699 nemo
1000 5642 1257 5696 novisset.
1299 5640 1425 5694 ldco
1481 5654 1672 5693 munus
1723 5637 1923 5704 distuli,
1957 5646 2016 5691 ut

421 5737 539 5808 ejus
564 5737 723 5793 ﬁdem
750 5734 999 5789 omnibus
1013 5732 1375 5789 ostenderem.

495 5826 929 5885 Perseverandum
953 5825 1005 5878 in
1022 5824 1326 5895 precatione.
1353 5851 1425 5862 -—-
1451 5820 1496 5879 0
1523 5819 1722 5877 mulier.
1751 5820 1898 5876 Deus
1924 5817 2005 5875 di-

1824 376 1912 433 or:
1949 375 2365 446 CllANANA-ZA.

3587 401 3689 457 438

2124 496 2231 563 cit,
2259 496 2307 551 0
2331 498 2511 552 nantia
2533 500 2555 553 ί
2579 499 2809 557 Audiant
2834 503 2892 568 ii,
2916 504 3144 575 quicum
3184 506 3409 578 quadam
3441 508 3699 577 imperitia

2120 596 2428 656 precantur.
2454 589 2590 644 Cum
2619 590 2778 647 alicui
2823 593 2942 648 dico
2965 632 2981 660 ,
3028 595 3172 666 Roga
3224 598 3388 652 Deum
3415 638 3430 662 ,
3477 597 3698 653 obscena

2121 693 2266 745 eum,
2292 680 2533 749 supplica
2569 682 2618 736 ei
2651 699 2666 747 ;
2693 684 2982 753 respondet
3010 686 3098 741 ille
3122 727 3136 751 ,
3164 685 3365 758 Rogavi
3388 688 3577 753 semel,
3612 703 3701 744 se-

2121 769 2317 834 cundo,
2349 771 2525 837 tertio,
2552 771 2735 827 decies
2764 782 2819 829 et
2861 775 3121 845 vigesies,
3163 786 3220 832 et
3250 792 3579 848 nequaquam
3610 794 3700 834 ac-

2118 860 2257 929 cepi.
2285 860 2363 915 Ne
2384 875 2572 916 cesses
2594 901 2610 928 ,
2661 863 2826 918 frater
2848 905 2863 931 ,
2895 866 3064 921 donec
3110 868 3338 938 accipias
3366 888 3384 925 :
3414 870 3534 925 linis
3566 871 3699 939 peti-

2120 950 2281 1005 tionis
2316 961 2400 1006 est
2441 952 2640 1007 donum
2677 964 2976 1023 acceptum.
3005 955 3154 1011 Tunc
3176 972 3351 1020 cessa,
3394 973 3520 1014 cum
3551 974 3700 1013 accc-

2119 1044 2301 1113 peris;
2330 1044 2438 1098 imo
2463 1044 2641 1114 potius
2687 1059 2755 1100 ue
2795 1055 2921 1100 tunc
2946 1047 3109 1101 etiam
3140 1063 3319 1103 cesses
3347 1092 3363 1115 ,
3403 1049 3494 1103 sed
3527 1049 3701 1106 adhuc

2121 1150 2425 1205 persevera.
2459 1135 2516 1193 Si
2564 1148 2670 1191 non
2708 1138 3000 1207 acceperis,
3034 1149 3154 1208 pete
3188 1149 3245 1192 ut
3284 1141 3699 1208 accipias;cmn

2116 1235 2297 1281 autem
2328 1228 2621 1297 acceperis,
2651 1228 2720 1283 de
2767 1237 2992 1298 accepto
3029 1232 3229 1301 gratias
3268 1246 3384 1301 age.
3429 1232 3575 1287 Multi
3620 1232 3702 1287 in—

2116 1327 2261 1373 trant
2290 1320 2341 1374 in
2373 1321 2677 1388 ecclesiam,
2705 1329 2761 1376 et
2810 1322 2954 1376 mille
2983 1336 3170 1377 versus
3212 1322 3424 1377 orando
3472 1323 3700 1393 profun—

2117 1412 2321 1468 ductet
2350 1413 2735 1484 egrediuntur;
2765 1429 2867 1469 nec
2896 1416 3069 1469 sciunt
3097 1416 3224 1486 quid
3256 1416 3527 1483 dixerint;
3563 1419 3700 1473 labia

2117 1511 2418 1568 moventur,
2447 1520 2546 1561 nec
2573 1505 2674 1574 ipsi
2712 1505 2957 1560 audiunt.
2990 1505 3067 1561 Tu
3099 1507 3211 1576 ipse
3243 1522 3346 1562 non
3388 1508 3541 1562 audis
3569 1524 3694 1563 ora-

2118 1597 2315 1650 tionem
2347 1604 2511 1663 tuam,
2541 1606 2594 1652 et
2620 1598 2784 1653 Deum
2810 1599 2892 1653 vis
2925 1599 3219 1654 exaudire?
3270 1600 3438 1667 Flexi,
3472 1601 3568 1664 ais,
3608 1616 3701 1671 ge-

2119 1704 2220 1742 una
2248 1708 2261 1744 :
2287 1705 2471 1744 verum
2495 1705 2646 1745 utens
2672 1698 2762 1744 tua
2796 1690 2938 1746 foras
2968 1692 3447 1763 avolavitzcorpus
3470 1705 3613 1750 tuum
3643 1697 3694 1749 in

2117 1780 2346 1835 ecclesia
2397 1791 2555 1847 erat,
2610 1790 2662 1836 et
2711 1781 2961 1851 cogitatio
3001 1790 3088 1836 tua
3134 1782 3265 1838 l‘oris
3292 1785 3608 1854 vagabatur;
3638 1798 3700 1841 os

2120 1880 2264 1925 tuum
2294 1872 2652 1941 precationem
2682 1873 2957 1938 recitabat,
2984 1872 3079 1928 sed
3106 1888 3256 1929 mens
3286 1890 3473 1929 usuras
3512 1891 3700 1946 suppu-

2116 1961 2282 2027 tabat,
2313 1972 2485 2032 pacta,
2507 1973 2834 2029 contractus,
2866 1979 3047 2032 agros,
3080 1966 3466 2034 possessiones,
3497 1981 3698 2023 amico-

2116 2068 2235 2109 rum
2274 2056 2568 2110 consortia.
2604 2055 2856 2111 Diabolus
2900 2058 3064 2124 enim,
3118 2058 3382 2129 malignus
3425 2075 3547 2115 cum
3586 2063 3697 2128 sit,

2059 2204 2073 2218 ,
2120 2161 2350 2217 cumque
2368 2147 2503 2201 sciat
2531 2160 2631 2201 nos
2656 2156 2897 2216 tempore
2926 2150 3245 2218 precationis
3264 2149 3548 2205 admodum
3577 2166 3702 2222 pro-

2117 2237 2277 2292 licere
2305 2278 2319 2303 ,
2369 2246 2496 2292 tunc
2542 2239 2774 2293 maxime
2823 2238 3003 2292 instat.
3049 2238 3202 2308 Saepe
3250 2239 3302 2293 in
3338 2239 3484 2294 lecto
3524 2242 3699 2311 supini

2113 2331 2376 2402 jacemus,
2409 2339 2462 2386 et
2488 2330 2623 2385 nihil
2656 2332 2985 2399 cogitamus;
3014 2331 3109 2388 sed
3141 2333 3182 2387 si
3215 2343 3486 2402 precatum
3529 2336 3702 2391 venia-

2116 2439 2257 2488 mus,
2294 2432 2574 2478 sexcentas
2622 2424 2972 2495 cogitationes
3014 2424 3271 2494 immittit,
3307 2434 3363 2481 ut
3402 2427 3574 2483 fructu
3602 2444 3698 2483 va-

2115 2514 2202 2570 cui
2232 2514 2567 2569 recedamus.

2188 2607 2277 2661 il.
2319 2606 2445 2662 Haec
2488 2622 2607 2661 cum
2653 2608 2814 2675 scias,
2842 2607 3058 2673 dilecte,
3091 2608 3145 2662 in
3187 2608 3580 2679 precationibus
3606 2626 3699 2668 ae-

2115 2698 2315 2762 cidere,
2347 2698 2702 2754 Chananmam
2731 2700 2975 2765 imitare;
3009 2702 3090 2755 vir
3114 2703 3412 2770 mulierem,
3442 2704 3699 2775 alienige-

2114 2804 2261 2853 nam,
2295 2789 2579 2853 inﬁrmam,
2602 2789 2887 2858 abjectam,
2917 2791 3096 2845 vilem.
3120 2792 3187 2845 At
3206 2805 3317 2845 non
3353 2791 3516 2848 habes
3538 2793 3700 2848 ﬁliam

2110 2895 2144 2934 θ
2176 2879 2419 2934 daemone
2445 2881 2729 2934 vexatam?
2756 2881 2848 2935 sed
2876 2881 3042 2935 babes
3060 2883 3288 2936 animam
3329 2886 3698 2953 peccatricem.

2115 2971 2251 3037 Quid
2278 2972 2351 3025 ait
2386 2971 2729 3027 Chananaaa‘l
2757 2971 2998 3026 Miserere
3017 2974 3150 3036 mei;
3202 2974 3311 3041 ﬁlia
3345 2991 3456 3028 mea
3500 2978 3633 3032 male
3668 2994 3701 3032 ο

2090 3064 2365 3118 'dwmonio
2406 3070 2614 3116 vexatur
2645 3078 2664 3117 :
2691 3063 2779 3117 dic
2826 3072 2879 3118 et
2913 3072 2968 3118 tu
3002 3081 3015 3117 :
3060 3062 3302 3119 Miserere
3343 3066 3477 3134 mei;
3522 3068 3699 3123 anima

2114 3170 2233 3210 mea
2263 3154 2399 3209 male
2425 3169 2455 3208 a
2486 3153 2750 3209 daemonio
2779 3164 3014 3209 vexatur.
3060 3153 3289 3210 Grandis
3318 3156 3461 3211 enim
3490 3158 3701 3215 daemon

2115 3257 2393 3319 peccatum
2424 3256 2525 3303 est.
2551 3248 2919 3303 Dmmoniacus
2938 3248 3009 3304 ad
3053 3249 3472 3305 misericordiam
3500 3261 3699 3315 movet.

2115 3353 2367 3413 peccator
2402 3344 2525 3398 odio
2574 3344 2798 3399 habetur
2829 3363 2842 3399 :
2871 3345 2947 3399 illi
2969 3345 3120 3399 venia
3152 3345 3477 3411 conceditur,
3505 3347 3590 3402 hic
3610 3363 3701 3401 ex~

2116 3440 2393 3492 cusatione
2439 3438 2695 3507 privatur.
2730 3436 2975 3491 Miserere
3004 3438 3099 3491 mei
3131 3454 3149 3491 :
3187 3438 3363 3495 brevis
3401 3440 3697 3503 sententia,

2114 3527 2211 3582 sed
2243 3529 2583 3599 benignitatis
2632 3528 2849 3599 pelagus
2877 3529 3120 3585 invenit:
3170 3529 3260 3584 ubi
3314 3531 3455 3585 enim
3497 3532 3702 3588 miscri-

2116 3619 2319 3684 cordia,
2352 3620 2423 3673 ibi
2472 3620 2609 3674 bona
2648 3621 2846 3674 omnia.

2189 3709 2367 3765 Omnis
2411 3710 2550 3765 locus
2598 3711 2666 3764 ad
2695 3712 3000 3779 precandum
3034 3720 3453 3781 opportunus.—
3478 3712 3697 3771 Etiamsi

2117 3811 2266 3857 extra
2320 3802 2601 3857 ecclesiam
2632 3802 2726 3867 sis,
2756 3802 2929 3857 clama
2960 3812 3013 3857 et
3037 3802 3142 3868 dic,
3173 3802 3416 3856 Miserere
3444 3804 3560 3869 niei,
3594 3820 3699 3859 non

2116 3895 2255 3950 labia
2294 3911 2539 3960 movens,
2567 3896 2659 3951 sed
2687 3906 2867 3950 mente
2892 3897 3132 3951 clamans
3163 3914 3177 3950 :
3212 3912 3331 3950 nam
3361 3899 3440 3951 vel
3466 3908 3700 3955 tacentes

2117 3986 2261 4041 audit
2295 3987 2453 4041 Βειιε.
2484 3987 2598 4041 Non
2621 3988 3092 4055 requiritur-locus,
3122 3988 3214 4042 sed
3244 4003 3447 4043 morum
3473 3989 3699 4045 initium.

2116 4076 2378 4131 Jeremias
2426 4077 2476 4131 in
2503 4093 2659 4132 caeno
2689 4088 2824 4141 erat,
2874 4088 2927 4133 et
2964 4077 3127 4132 Deum
3150 4080 3404 4145 attraxit;
3438 4081 3619 4135 Daniel
3650 4083 3699 4136 in

2119 4171 2235 4225 lacu
2276 4169 2510 4235 leonum,
2539 4177 2595 4224 et
2639 4170 2803 4224 Deum
2831 4170 2929 4224 sibi
2970 4171 3253 4240 propitium
3294 4172 3561 4227 reddidit:
3595 4182 3699 4227 tres

2118 4263 2268 4332 pueri
2297 4262 2350 4316 in
2367 4262 2576 4316 camino
2588 4270 2763 4327 erant,
2788 4269 2850 4316 et
2877 4262 3040 4317 Deum
3062 4262 3394 4318 celebrantes
3419 4262 3699 4328 ﬂexerunt;

2119 4354 2255 4408 latro
2282 4354 2567 4409 cruciﬁxus
2610 4362 2691 4408 est
2715 4361 2771 4407 et
2801 4352 2931 4408 nihil
2957 4351 3055 4423 ipsi
3083 4351 3250 4407 obfuit
3280 4368 3431 4419 crux,
3481 4354 3572 4408 sed
3623 4370 3686 4422 pa

2118 4446 2352 4501 radisum
2375 4446 2615 4515 aperuit:
2641 4444 2743 4501 Job
2767 4445 2817 4499 in
2847 4445 2972 4499 ﬁmo
2987 4451 3122 4512 erat,
3155 4454 3208 4499 et
3236 4446 3397 4499 Deum
3419 4446 3700 4515 propitium

2119 4539 2381 4604 reddidit;
2441 4537 2603 4594 Jonas
2635 4537 2688 4591 in
2713 4546 2899 4592 ventre
2923 4536 3050 4599 ceti,
3080 4545 3135 4591 et
3184 4536 3347 4589 Deum
3396 4536 3495 4590 sibi
3540 4535 3700 4589 obse-

2119 4639 2367 4701 quentem
2394 4628 2598 4685 habuit.
2624 4628 2683 4683 Si
2712 4630 2767 4682 in
2807 4627 2997 4682 balneo
3019 4627 3113 4693 sis,
3142 4640 3389 4695 precare;
3420 4627 3463 4679 si
3514 4628 3566 4680 in
3595 4628 3698 4693 via,

2114 4722 2164 4777 si
2222 4722 2276 4775 in
2329 4721 2502 4785 lecto,
2548 4719 2830 4775 similiter:
2864 4719 3182 4788 ubicumque
3220 4716 3407 4784 fueris,
3458 4734 3691 4788 precare.

2120 4813 2396 4883 Templum
2424 4828 2482 4868 es
2509 4812 2626 4875 Dei,
2656 4826 2724 4867 ne
2748 4823 2957 4880 qumras
2996 4810 3171 4863 locum
3198 4825 3213 4874 ;
3247 4810 3531 4865 voluntatis
3573 4810 3701 4866 alie-

2119 4915 2236 4959 ctus
2275 4905 2449 4959 solum
2498 4903 2801 4973 requiritur.
2842 4900 2897 4955 Si
2923 4914 3102 4953 coram
3123 4897 3301 4969 judice
3329 4900 3551 4965 sistaris,
3582 4916 3697 4969 prc-

2114 5012 2270 5058 care;
2297 5012 2418 5049 cum
2441 4992 2885 5061 irasciturjudex,
2919 5005 3154 5061 precare.
3184 4989 3326 5044 Marc
3353 5004 3532 5044 coram
3563 4999 3699 5058 erat,

2119 5106 2147 5141 a
2181 5099 2329 5157 lt'rgo
2352 5087 2610 5158 zEgyptii,
2655 5087 2705 5139 in
2739 5085 2915 5139 medio
2959 5083 3201 5155 Moyses;
3230 5084 3393 5137 multa
3438 5084 3488 5138 in
3520 5099 3700 5153 prcca-

2103 5175 2255 5229 tione
2283 5172 2533 5242 angustia
2562 5186 2576 5233 ;
2610 5170 2705 5225 sed
2739 5171 2979 5240 amplum
3007 5179 3125 5225 erat
3145 5175 3341 5229 orandi
3364 5177 3624 5246 Spatium.
3646 5179 3691 5230 Α

2105 5273 2262 5334 tergo
2295 5262 2536 5333 Egyptii
2566 5262 3035 5332 insequebantur;
3070 5280 3221 5319 mare
3246 5281 3433 5321 coram
3466 5278 3606 5334 erat,
3638 5270 3689 5322 in

2103 5357 2283 5410 medio
2305 5364 2484 5409 autem
2512 5355 2688 5408 oratio
2712 5372 2726 5419 ;
2754 5355 3001 5424 nihilque
3021 5356 3341 5426 loquebatur
3362 5358 3594 5430 Moyses.
3637 5371 3693 5415 tt

2105 5449 2181 5501 ait
2219 5447 2298 5501 illi
2324 5447 2466 5502 Deus
2498 5465 2510 5501 :
2538 5445 2681 5511 Quid
2705 5448 2909 5500 clamas
2940 5446 3009 5500 ad
3029 5448 3322 5519 me(Ea:od.
3357 5450 3444 5504 14,
3479 5452 3596 5521 i5)?
3616 5451 3690 5507 Os

2105 5555 2216 5593 non
2252 5539 2603 5608 loquebatur,
2640 5538 2734 5591 sed
2774 5554 2930 5594 mens
2964 5538 3263 5594 clamabat.
3290 5540 3355 5593 Et
3388 5553 3443 5594 lu
3482 5541 3688 5613 itaque,

2104 5631 2324 5693 dilecte,
2345 5644 2468 5685 cum
2492 5631 2713 5685 steteris
2731 5647 2914 5686 coram
2934 5631 3118 5702 judice
3144 5631 3386 5698 furente,
3406 5638 3693 5705 tyrannice

2106 5725 2385 5795 loquente,
2424 5725 2629 5778 acriter
2659 5724 2970 5789 minitante,
3001 5735 3055 5780 et
3089 5726 3210 5780 aliis
3235 5726 3591 5784 carniﬁcibus
3613 5730 3695 5782 si-

2110 5819 2315 5875 militer
2337 5818 2650 5887 agentibus,
2684 5817 2850 5874 Deum
2878 5833 3125 5885 precare,
3154 5832 3207 5875 et
3231 5827 3283 5876 te
3315 5830 3569 5889 precante
3589 5818 3691 5877 nu.
