4036 6410
413 392 515 445 43)

413 517 528 561 ctus
555 504 956 574 mitigabuntur.
1007 504 1178 560 Judex
1220 504 1417 559 instat?
1446 504 1526 558 Tu
1564 502 1630 556 ad
1664 502 1827 556 Deum
1852 515 1985 555 con-

411 599 597 668 fugito.
628 598 878 667 Princeps
906 597 1096 653 adest?
1123 597 1202 651 Tu
1234 597 1511 651 Dominum
1542 610 1693 650 voca.
1722 591 1988 662 Numquid

415 689 576 743 homo
604 696 706 757 est,
734 697 789 742 ut
816 688 883 742 ad
929 688 1154 757 aliquem
1194 702 1382 757 pergas
1411 686 1623 741 locum?
1657 685 1800 740 Deus
1826 698 1990 754 prope

412 795 623 848 semper
648 788 748 835 est.
792 778 849 832 Si
885 778 1149 832 hominem
1189 793 1378 847 rogare
1406 776 1659 842 volueris,
1697 776 1990 844 interrogas

411 868 535 938 quid
579 876 718 938 agat,
745 867 1064 933 dormiatne,
1095 882 1161 921 an
1191 883 1219 921 a
1266 867 1490 938 negotiis
1513 875 1692 932 vacet;
1723 866 1992 919 minister-

411 973 513 1025 que
554 972 658 1011 non
689 957 780 1010 tibi
811 956 1117 1025 respondet.
1148 957 1228 1011 Ad
1275 959 1440 1012 Deum
1479 954 1804 1025 precandum
1848 954 1992 1008 nullo

413 1048 600 1102 horum
643 1063 776 1118 opus
805 1049 970 1103 habes
999 1066 1013 1102 :
1047 1065 1381 1119 quocumque
1417 1049 1539 1103 ieris
1564 1057 1616 1103 et
1643 1045 1988 1111 invocaveris,

411 1137 500 1193 ille
525 1137 674 1192 audit
701 1156 714 1191 :
748 1139 889 1192 nulla
917 1141 1196 1209 occupatio
1216 1181 1230 1203 ,
1265 1139 1441 1193 nullus
1479 1137 1858 1197 intermedius,
1889 1135 1991 1189 mi-

412 1228 576 1284 nistet
620 1229 795 1285 nullos
824 1230 1060 1285 auditum
1113 1230 1435 1286 intercludit.
1471 1229 1582 1293 Dic,
1613 1228 1853 1282 Miserere
1874 1227 1989 1292 mei,

412 1325 463 1374 et
493 1320 670 1374 statim
705 1320 844 1375 Deus
871 1321 1079 1376 aderit:
1111 1321 1289 1374 Adhuc
1336 1331 1383 1376 te
1411 1320 1660 1389 loquente,
1695 1319 1878 1389 inquit,
1909 1317 1991 1370 di-

410 1427 521 1464 cam
544 1452 561 1477 ,
604 1427 716 1466 ecce
758 1413 936 1466 adsum
977 1411 1128 1483 (lsai.
1155 1413 1242 1468 58.
1277 1413 1355 1484 9).
1385 1412 1429 1466 O
1464 1426 1642 1466 sermo
1669 1411 1991 1480 benignitate

409 1501 598 1568 plenus
621 1503 634 1555 !
667 1501 782 1556 Non
809 1511 1080 1572 exspeth
1105 1503 1419 1572 precationis
1447 1503 1603 1556 ﬁnem
1631 1518 1644 1553 :
1677 1503 1909 1557 nondum
1929 1501 1992 1555 ﬁ-

412 1590 521 1644 nita
548 1592 788 1645 oratione
811 1591 1005 1646 donum
1031 1593 1242 1661 accipis.
1277 1592 1514 1646 Miserere
1552 1593 1668 1645 mei.
1699 1591 1845 1646 Hanc
1871 1591 1992 1645 imi~

411 1688 585 1734 temur
603 1679 971 1743 Chananaram,
993 1697 1200 1751 qumso:
1222 1681 1461 1736 Miserere
1475 1683 1570 1734 mei
1592 1698 1609 1735 :
1624 1682 1733 1750 ﬁlia
1747 1698 1857 1735 mea
1882 1699 1994 1735 nta-

414 1769 461 1822 le
483 1787 514 1822 a
541 1770 792 1824 daemonio
818 1780 1024 1824 vexatur
1054 1787 1073 1825 :
1103 1772 1358 1826 Dominus
1385 1781 1560 1826 autem
1590 1772 1718 1826 dicit
1737 1773 1802 1826 ad
1834 1787 1949 1826 eam
1978 1790 1992 1826 :

411 1857 455 1910 0
483 1859 698 1914 mulier!
725 1877 905 1930 magna
927 1870 1000 1915 est
1025 1862 1151 1930 ﬁdes
1174 1871 1259 1916 tua
1291 1877 1310 1916 :
1332 1864 1420 1930 ﬁat
1450 1863 1539 1916 tibi
1559 1863 1687 1916 sicut
1708 1863 1780 1916 vis
1813 1863 1992 1934 (Matt.

410 1951 499 2006 15.
523 1951 638 2021 28).
665 1950 892 2006 Ubinam
924 1953 1246 2007 hmreticus?
1275 1953 1410 2007 Num
1449 1954 1613 2021 dixit,
1659 1953 1875 2023 Rogabo
1901 1969 1996 2023 pa-

409 2051 542 2096 trem
571 2043 772 2096 meum?
813 2059 937 2096 num
965 2043 1120 2108 dixit,
1155 2043 1420 2099 Precabor
1449 2044 1752 2100 Genitorem
1781 2045 1997 2100 meum?

408 2131 664 2202 numquid
685 2134 926 2190 oratione
951 2135 1136 2205 eguit?
1157 2135 1391 2190 Minime.
1423 2137 1632 2204 Quare?
1658 2137 1788 2203 Quia
1807 2153 1996 2208 magna

407 2232 524 2278 erat
572 2223 739 2290 ﬁdes,
789 2242 1040 2297 magnum
1089 2241 1200 2295 vas,
1228 2228 1440 2298 copiosa
1480 2228 1647 2284 ell'usa
1677 2238 1760 2284 est
1798 2230 1992 2299 gratia.

413 2313 510 2368 Ubi
537 2314 708 2368 oratio
729 2317 1029 2371 necessaria
1057 2326 1158 2384 est,
1187 2319 1258 2372 ibi
1285 2333 1376 2372 vas
1398 2319 1665 2374 inﬁrmum
1686 2327 1786 2374 est.
1815 2317 1860 2374 0
1886 2336 1997 2373 mu-

412 2404 539 2456 lier!
568 2421 753 2475 magna
782 2415 852 2458 est
879 2406 1004 2475 ﬁdes
1031 2417 1134 2461 tua.
1165 2407 1280 2462 Non
1323 2408 1501 2463 vidisti
1531 2418 1797 2464 mortuum
1823 2411 1995 2466 susci-

312 2542 316 2545 .
412 2503 602 2560 tatum,
633 2512 738 2550 non
765 2497 1033 2567 leprosum
1062 2499 1391 2568 mundatum,
1417 2517 1526 2556 non
1555 2501 1746 2556 audisﬁ
1764 2502 1995 2572 prephe-

412 2594 512 2652 tas,
541 2601 648 2641 non
671 2585 840 2657 legem
870 2588 1126 2644 meditata
1151 2605 1228 2657 es,
1253 2607 1360 2646 nou
1383 2607 1530 2646 mare
1546 2591 1770 2648 divisum
1796 2593 1993 2660 vidisti,

411 2692 518 2731 non
557 2677 694 2733 aliud
726 2694 755 2732 a
784 2695 869 2734 me
913 2689 1172 2749 patratum
1202 2682 1408 2752 signum
1435 2684 1643 2750 vidisti;
1695 2685 1804 2740 imo
1845 2701 1876 2740 a
1907 2701 1997 2742 me

413 2770 662 2838 deSpecta
693 2779 747 2825 et
775 2772 1084 2827 conturbata
1130 2789 1225 2838 es;
1257 2790 1608 2831 arrumnosam
1641 2785 1693 2832 te
1721 2778 1910 2848 repuli,
1940 2789 1994 2833 et

411 2874 517 2913 non
547 2862 833 2928 recessisti,
876 2862 968 2918 sed
997 2864 1271 2933 perstitisti
1307 2882 1321 2919 :
1353 2865 1566 2922 demum
1605 2881 1634 2920 a
1675 2883 1760 2923 me
1781 2868 1994 2937 dignam

410 2959 462 3002 et
483 2958 892 3006 consentaneam
922 2954 1102 3024 accipe
1130 2955 1335 3010 laudem
1357 2974 1371 3010 :
1396 2955 1440 3008 0
1469 2955 1696 3011 Mulier!
1720 2975 1902 3029 magna
1926 2967 1997 3012 est

411 3039 536 3107 ﬁdes
562 3049 665 3094 tua.
695 3039 899 3096 Mortua
927 3053 1007 3098 est
1029 3045 1237 3109 mulier,
1275 3056 1329 3100 et
1368 3048 1691 3116 praeconium
1736 3050 1854 3116 ejus
1879 3063 1996 3102 ma-

413 3139 522 3194 net,
552 3131 852 3189 diademate
878 3135 1227 3204 splendidius.
1260 3138 1609 3208 Quocumque
1647 3140 1770 3195 ieris
1813 3141 1998 3196 audies

414 3221 685 3278 Christum
719 3224 1006 3294 dicentem,
1053 3227 1098 3281 Ο
1138 3229 1362 3284 mulier!
1391 3246 1573 3300 magna
1617 3241 1687 3285 est
1729 3231 1856 3300 ﬁdes
1883 3240 1992 3286 tua.

1170 390 1225 446 S.
1266 389 1543 448 JOANNIS
1579 383 2049 442 CllRYSOSTOill
2090 382 2403 438 ARCHIEP.
2443 381 2972 439 CONSTANTINOP.

3593 389 3700 448 460

2105 496 2383 568 Ingredere
2405 498 2455 552 in
2486 498 2764 553 ecclesiam
2790 499 3094 566 Persarum,
3121 510 3175 556 et
3201 501 3385 557 audies
3407 503 3697 562 Christum

2095 589 2379 652 dicentem,
2415 587 2460 643 0
2488 589 2696 642 mulier!
2729 606 2914 659 magna
2954 600 3026 644 est
3073 593 3200 659 ﬁdes
3224 601 3346 654 tua;
3395 595 3446 649 in
3482 594 3701 652 Gotho-

2099 695 2215 733 rum
2244 681 2391 745 item,
2424 680 2475 732 in
2508 679 2873 744 barbarorum,
2899 681 2950 734 in
2980 681 3249 750 lndorttm,
3280 685 3330 738 in
3354 685 3696 753 Maurorum,

2095 780 2147 823 et
2166 770 2214 822 in
2233 779 2708 839 quantamcumque
2724 770 2803 823 sol
2818 771 3031 841 respicit
3049 781 3271 827 terram:
3290 776 3511 829 verbum
3528 793 3700 831 unum

2098 861 2317 930 protulit
2339 861 2597 924 Christus,
2623 870 2675 916 et
2719 863 2934 916 verbum
2981 862 3105 916 illud
3134 879 3240 918 non
3275 877 3446 919 cessat
3484 866 3699 931 eﬂ'erri,

2097 953 2191 1007 sed
2221 967 2409 1022 magna
2446 967 2574 1006 voce
2605 953 2719 1020 ejus
2752 952 2910 1006 ﬁdem
2929 953 3217 1022 prtedicat:
3257 954 3302 1007 0
3323 957 3508 1009 mulier
3531 957 3555 1010 ,ν
3584 974 3697 1009 ma-

2097 1061 2196 1114 gna
2221 1055 2290 1098 est
2311 1045 2436 1113 ﬁdes
2466 1055 2553 1098 tua
2581 1061 2600 1099 :
2629 1046 2717 1111 ﬁat
2755 1046 2842 1098 tibi
2869 1046 3000 1099 sicut
3041 1049 3132 1100 vis.
3165 1046 3280 1102 Non
3312 1047 3442 1102 dixit
3479 1068 3494 1102 :
3527 1064 3696 1104 sane-

2099 1147 2184 1191 tur
2211 1138 2311 1192 ﬁlia
2344 1148 2467 1201 tua;
2529 1138 2645 1203 sed,
2693 1137 2839 1193 Sicut
2865 1141 2957 1192 vis.
2989 1139 3068 1194 Tu
3093 1141 3258 1210 ipsam
3303 1157 3452 1209 sana,
3489 1153 3546 1197 tu
3575 1153 3697 1197 esto

2101 1227 2357 1293 medicus,
2406 1229 2495 1282 tibi
2551 1227 2994 1284 medicamentum
3027 1231 3198 1297 trado,
3247 1231 3415 1299 vade,
3445 1247 3692 1302 appone,

2102 1318 2221 1372 Fiat
2247 1320 2334 1372 tibi
2371 1321 2500 1373 sicut
2542 1320 2634 1373 vis.
2667 1319 2925 1374 Voluntas
2951 1331 3037 1374 tua
3065 1331 3217 1376 sanet
3246 1322 3434 1392 ipsam.
3463 1323 3694 1378 Chana’

2099 1425 2213 1466 mea
2238 1410 2508 1464 voluntate
2528 1425 2619 1464 sua
2648 1411 2870 1475 sanavit,
2901 1419 2954 1464 et
2982 1410 3145 1465 Filius
3174 1411 3265 1466 Dei
3296 1427 3324 1464 a
3352 1413 3538 1482 seipso
3582 1430 3692 1468 non

2099 1500 2341 1555 sanabit?
2364 1499 2481 1553 Fiat
2507 1501 2597 1554 tibi
2624 1503 2752 1554 sicut
2792 1502 2884 1554 vis.
2916 1500 3028 1555 Non
3053 1501 3213 1571 jussit
3243 1503 3463 1569 mulier,
3511 1520 3694 1575 neque

2098 1591 2312 1645 diabolo
2350 1592 2633 1660 praecepit;
2660 1591 2754 1646 sed
2786 1592 2948 1646 voluit
2975 1602 3199 1658 tantum,
3229 1601 3283 1647 et
3308 1594 3558 1648 voluntas
3583 1611 3696 1649 mu-

2101 1683 2248 1738 lieris
2278 1681 2505 1744 sanavit,
2539 1682 2914 1751 diemonasque
2948 1683 3122 1751 ejecit.
3148 1683 3248 1738 Ubi
3278 1693 3402 1737 sunt
3423 1684 3457 1736 ii
3487 1683 3581 1754 qui
3607 1684 3695 1737 di-

2100 1787 2223 1827 cere
2253 1772 2452 1827 audent
2503 1772 2694 1826 Filium
2741 1788 2836 1842 per
2866 1775 3160 1828 orationem
3206 1782 3484 1843 operatum
3531 1776 3694 1830 esse?

2104 1862 2224 1916 Fiat
2245 1863 2332 1916 tibi
2353 1863 2480 1917 sicut
2501 1864 2592 1918 vis.
2610 1863 2740 1917 Vide
2760 1863 3008 1918 dictionis
3031 1865 3398 1934 cognationem
3428 1883 3441 1919 :
3474 1865 3692 1920 Patrem

2102 1968 2254 2007 suum
2297 1953 2551 2006 imitatur.
2596 1952 2728 2008 Cum
2755 1953 2896 2007 enim
2937 1952 3078 2007 Deus
3105 1953 3293 2007 caelum
3321 1953 3587 2018 faciebat,
3617 1954 3694 2008 di-

2101 2044 2198 2103 xit.
2246 2043 2363 2097 Fiat
2389 2043 2598 2107 ett-lum,
2630 2051 2684 2098 et
2727 2041 2920 2097 factum
2947 2051 3028 2096 est
3075 2043 3263 2096 emtum
3289 2059 3304 2107 ;
3331 2042 3446 2096 Fiat
3479 2043 3586 2111 sol,
3640 2053 3694 2097 et

2102 2133 2272 2188 factus
2291 2143 2370 2189 est
2392 2135 2501 2199 sol;
2548 2133 2666 2187 Fiat
2706 2143 2866 2197 terra,
2891 2142 2946 2188 et
2972 2133 3107 2188 facta
3136 2142 3218 2188 est
3239 2142 3400 2188 terra.
3433 2133 3691 2189 Jussione

2101 2225 2446 2279 substantiam
2480 2223 2746 2292 produxit.
2780 2222 2870 2278 Sic
2895 2233 2948 2278 et
2969 2223 3055 2278 ille
3079 2264 3095 2290 ,
3127 2223 3246 2277 Fiat
3275 2224 3364 2277 tibi
3406 2224 3541 2278 sicut
3573 2224 3644 2278 vis
3673 2239 3694 2278 :

2102 2313 2347 2384 cognatio
2368 2313 2629 2369 sermonis
2650 2315 3078 2368 communionem
3106 2313 3340 2369 ostendit
3365 2323 3596 2369 naturae.
3623 2313 3690 2368 Et

2100 2413 2280 2458 sanata
2309 2412 2380 2458 est
2405 2403 2517 2472 ﬁlia
2545 2403 2675 2473 ejus.
2704 2402 3085 2469 Quandouam?
3109 2401 3177 2456 In
3203 2403 3292 2457 illa
3313 2403 3439 2458 liora
3470 2404 3687 2475 (Matth.

2104 2497 2192 2551 15.
2215 2496 2341 2567 ‘28);
2385 2511 2490 2550 non
2511 2494 2721 2565 quando
2742 2503 2912 2549 mater
2944 2494 3090 2549 venit
3127 2493 3372 2558 domum,
3401 2495 3501 2549 sed
3540 2504 3690 2549 ante-

2104 2605 2260 2660 quam
2284 2588 2505 2642 veniret.
2538 2587 2692 2643 Venit
2724 2588 2998 2641 inventura
3029 2585 3433 2652 daemoniacam,
3459 2594 3520 2640 et
3544 2587 3691 2640 iuve-

2103 2680 2179 2734 uit
2207 2695 2414 2746 sanam,
2457 2678 2725 2734 voluntate
2753 2693 2849 2732 sua
2879 2677 3090 2732 sanitati
3117 2677 3438 2731 restitutam.
3469 2676 3579 2731 Pro
3604 2675 3712 2748 his.

2101 2771 2348 2826 omnibus
2372 2770 2569 2840 gratias
2591 2784 2812 2839 agamus
2840 2769 2970 2835 Deo,
2999 2770 3120 2844 quia
3145 2769 3316 2838 ipsum
3338 2767 3492 2823 decet
3521 2768 3686 2838 gloria

2102 2864 2156 2919 in
2185 2863 2378 2920 saecula
2405 2863 2740 2918 szeeulorum.
2774 2862 2942 2916 Amen
2971 2861 3012 2915 ⁸.

2165 2997 2181 3028 ι
2215 2997 2287 3045 sic
2317 3002 2475 3044 Graeca
2519 2994 2721 3043 habent.
2765 3000 2815 3040 In
2860 2993 3018 3041 veteri
3071 2991 3477 3052 interpretatione
3528 2992 3686 3040 [atina

2101 3059 2176 3108 sic
2203 3055 2472 3118 clauditur:
2498 3064 2593 3105 Pro
2613 3054 2688 3118 Itis
2711 3061 2870 3104 autem
2905 3053 3121 3104 omnibus
3142 3052 3323 3116 gratias
3359 3067 3564 3114 agamus
3591 3060 3686 3118 neq

2101 3132 2188 3182 per
2219 3117 2458 3168 Christum
2502 3115 2757 3182 Dominum
2797 3122 3049 3182 nostrum,_
3073 3115 3184 3164 cum
3206 3128 3298 3176 quo
3319 3121 3387 3164 est
3413 3123 3518 3182 Deo
3553 3115 3685 3164 Patri

2103 3175 2198 3229 'una
2221 3192 2331 3228 cum
2355 3185 2518 3240 sancto
2536 3176 2715 3240 Spiritu
2737 3177 2904 3233 honor,
2926 3175 3080 3240 gloria
3098 3184 3142 3227 et
3159 3175 3360 3238 potestas
3377 3189 3465 3239 per
3486 3176 3684 3226 immor-

2100 3241 2218 3294 talia
2240 3239 2419 3292 sa’cula
2442 3239 2745 3292 stecu’lortan.
2781 3239 2945 3289 Amen}

943 3816 1105 3896 [444]
1146 3821 1226 3882 ΙΝ
1267 3819 1585 3894 LIBRUM,
1633 3819 1836 3894 QUOD
1883 3821 2092 3883 NEMO
2132 3823 2522 3885 LEDATUR
2565 3823 2718 3885 NlSI
2759 3827 2806 3886 A
2847 3825 3126 3900 SEIPSO,

485 4030 585 4088 Hic
621 4033 1209 4104 pulcherrimusliber,
1251 4035 1410 4107 cujus
1438 4036 1524 4092 vel
1560 4036 1750 4092 titulus
1778 4035 2099 4094 Christiana;
2139 4037 2500 4110 philosophia:
2539 4053 2814 4096 summam
2858 4039 3262 4112 complectitur,
3298 4039 3377 4097 sic
3421 4055 3452 4096 a
3495 4041 3669 4113 Chry-

415 4161 659 4206 sostomo
687 4161 1151 4210 commemoratur
1200 4154 1344 4210 inira
1371 4195 1387 4224 ,
1432 4155 1677 4226 Epistola
1707 4166 1902 4228 quarta
1943 4158 2014 4212 ad
2053 4157 2426 4230 Olympiadem
2454 4160 2540 4216 bis
2567 4159 2789 4217 verbis:
2836 4159 2995 4215 Mitto
3034 4160 3104 4214 ad
3136 4170 3182 4230 te
3211 4161 3267 4214 id
3315 4160 3456 4231 quod
3504 4173 3668 4228 nuper

429 4268 627 4324 litteris
659 4271 936 4339 mndavi,
987 4290 1170 4344 nempe
1195 4291 1315 4330 eum
1346 4277 1439 4346 qui
1469 4276 1699 4347 seipsum
1733 4293 1834 4333 non
1883 4278 2115 4346 laeserit,
2161 4297 2196 4335 a
2231 4281 2435 4335 nemine
2481 4279 2592 4334 alio
2637 4279 2762 4335 ltedi
2803 4295 2973 4349 posse.
3013 4277 3129 4332 Hoc
3169 4278 3357 4348 quippe
3399 4275 3666 4330 contendit

415 4387 514 4442 illa
543 4389 736 4457 oratio,
767 4406 925 4461 quam
952 4407 1089 4446 nunc
1120 4394 1189 4447 ad
1219 4401 1266 4449 te
1296 4395 1467 4450 mitto.
1509 4393 1672 4450 Illam
1706 4397 1871 4468 igitur
1901 4397 2116 4453 assidue
2151 4399 2348 4466 volvas,
2379 4399 2486 4453 imo
2511 4398 2694 4464 etiam,
2728 4399 2778 4454 si
2815 4415 2910 4470 per
2951 4397 3304 4453 valetudinem
3338 4397 3494 4463 licet,
3538 4393 3668 4450 reci-

417 4518 512 4562 tes.
543 4505 610 4560 ld
639 4508 778 4562 enim
800 4509 1168 4579 pharmacum,
1204 4512 1251 4567 si
1279 4511 1489 4582 quidem
1533 4513 1784 4582 volueris,
1823 4515 1919 4569 tibi
1962 4515 2173 4586 suﬂicit.
2215 4515 2312 4572 Sin
2349 4516 2497 4571 nobis
2541 4516 2863 4586 pertinacius
2901 4515 3184 4569 oblucteris
3207 4554 3224 4580 ,
3279 4529 3340 4568 ac
3392 4527 3555 4581 neque
3593 4517 3668 4561 te-

418 4629 587 4694 ipsam
631 4643 800 4694 cures,
836 4645 929 4683 nec
951 4631 1194 4699 quamvis
1222 4631 1524 4688 innumeras
1557 4632 1940 4686 admonitiones
1979 4641 2026 4686 et
2058 4631 2444 4686 cohortationes
2489 4640 2681 4703 praesto
2721 4630 2910 4687 habeas
2964 4646 2994 4683 e
3037 4626 3274 4683 maeroris
3315 4636 3491 4679 tamen
3529 4635 3667 4678 aeno

1613 4899 3646 4924 __________________________________.

1129 4919 1290 4926 ._—-~.__..
1311 4916 1601 4925 __._.-____._..

1864 5163 2218 5302 LIBER

1113 5406 1284 5460 QUOD
1326 5407 1434 5462 QUI
1478 5405 1738 5451 SEIPSUM
1789 5409 1914 5452 NON
1959 5406 2183 5464 LEDIT,
2230 5408 2404 5450 NEHO
2447 5406 2712 5450 LEDERE
2757 5406 2984 5452 POSSIT.

479 5591 533 5645 l.
556 5588 597 5641 Α
609 5593 910 5648 ttentionem
925 5602 974 5648 et
996 5592 1402 5649 benevolentiam
1419 5597 1522 5650 sibi
1537 5588 1806 5663 conciliat;
1819 5594 1996 5652 Judea:

418 5693 694 5747 utramque
707 5691 908 5750 partem
930 5685 1117 5741 audire
1155 5687 1322 5743 debet.
1343 5719 1414 5730 —
1434 5689 1562 5744 Scio
1591 5689 1727 5755 fore,
1758 5700 1816 5744 ut
1845 5707 1994 5748 eras-

421 5772 676 5846 sioribus,
699 5776 902 5845 quique
921 5781 1290 5853 praesentibus
1307 5785 1470 5843 rebus
1500 5785 1731 5855 inhiant,
1750 5802 1812 5842 ac
1838 5797 1992 5844 terrae

2108 5607 2237 5653 sunt
2266 5600 2440 5669 afﬁxi,
2459 5610 2514 5658 et
2543 5618 2804 5661 sensuum
2825 5603 3196 5673 voluptatibus
3218 5601 3484 5665 serviunt,
3513 5595 3668 5669 spiri-

2107 5691 2348 5750 tualibus
2366 5710 2474 5749 non
2494 5695 2788 5750 admodum
2803 5695 3146 5761 dediti,nova
3169 5694 3306 5756 haec,
3325 5692 3666 5758 iusolensque

2107 5786 2357 5841 videatur
2393 5785 2602 5855 oratio;
2636 5801 2701 5842 ac
2729 5802 2830 5844 nos
2866 5786 3097 5842 ubertim
3145 5786 3378 5850 rideant,
3409 5792 3464 5839 et
3489 5785 3664 5837 conte-
