4036 6382
329 374 423 428 4M

325 486 435 561 μὴν
467 491 555 545 διά
584 491 743 547 τοῦτο
769 493 1189 568 ἀποστησόμεθα
1219 498 1318 568 τῆς
1349 499 1700 567 ἐπαγγελίας,
1731 497 1865 551 ἀλλά
1900 497 1995 552 καὶ

324 580 392 631 δι’
422 579 557 635 αὐτὸ
585 585 683 652 μὶν
728 578 821 637 οῦν
866 583 1025 639 τοῦτο
1070 584 1302 654 μάλιστα
1335 585 1427 639 ἐπὶ
1453 585 1899 656 τάςὲποδείξεις,
1920 577 1995 639 ὧν

326 667 705 741 ὑπεσχόμεθα,
730 670 867 740 μετὰ
901 672 1098 742 πολλῆς
1133 672 1465 744 βαδιούμεθα
1496 673 1594 744 τῆς
1619 672 1876 743 σπουδῆς.
1900 674 1994 727 Ἂν

325 755 437 826 γὰρ
472 755 809 826 βουληθῶσιν
841 761 890 811 οἰ
918 759 1059 812 οὕτω
1083 759 1414 831 διακείμενοι
1451 760 1530 832 μὴ
1555 761 1825 833 θορυϐεῖν,
1861 762 1995 831 μηδέ

324 844 634 914 ταράττειν,
666 845 801 898 ἀλλά
848 845 1139 916 ἀναμένειν¹
1181 847 1272 901 τοῦ
1311 847 1471 918 λόγου
1508 848 1567 901 τὸ
1616 848 1789 913 τέλος,
1822 845 1880 901 εὖ
1900 846 1997 902 οἷδ’

325 932 405 984 ὅτι
434 933 554 1003 μεθ’
606 933 763 1003 ἡμῶν
793 934 1104 1004 στήσονται,
1152 937 1246 990 καὶ
1294 936 1503 990 ἑαυτῶν
1533 936 1993 1005 καταγνώσονται,

322 1016 399 1082 ὡς
426 1019 515 1073 τὸν
544 1019 851 1090 ἔμπροσθεν
895 1022 1239 1093 ἠπατημένοι
1274 1017 1618 1097 χρόνονίκαί¹
1671 1024 1997 1095 παλινῳδίαν

321 1104 566 1175 ᾄσονται,
588 1108 682 1160 καὶ
702 1108 1157 1181 ἀπολογήσονται,
1187 1113 1280 1165 καί
1297 1111 1626 1183 συγγνώμην
1658 1114 1994 1182 αἰτήσονται,

324 1194 465 1265 ὑπὲρ
479 1190 552 1247 ὧν
585 1195 684 1248 οὐκ
711 1195 878 1268 ὀρθὴν
908 1198 1037 1268 περί
1066 1198 1175 1253 τῶν
1208 1199 1550 1271 πραγμάτων
1581 1199 1738 1272 ἔσχον
1765 1200 1863 1273 τὴν
1887 1201 1994 1271 ψῆ-

323 1292 445 1343 φον,
476 1276 568 1328 καί
593 1276 755 1349 χάριν
782 1280 914 1349 ἡμῖν
934 1279 1173 1334 εἴσονται
1206 1281 1432 1353 πολλὴν,
1469 1283 1657 1355 ῶσπερ
1694 1287 1743 1338 οἱ
1771 1285 1998 1355 κάμνον-

319 1380 412 1427 τες
436 1367 549 1428 τοῖς
587 1367 812 1438 ἰατροῖς,
861 1367 1083 1423 ἐπειδὰν
1115 1368 1228 1423 τῶν
1258 1371 1583 1443 νοσημάτων
1617 1371 1993 1440 ἀπαλλαγῶσι,

321 1449 431 1503 τῶν
462 1451 524 1505 τὸ
546 1451 704 1522 σῶμα
738 1454 1171 1526 πολιορκούντων
1197 1457 1404 1521 αὐτοῖς.
1422 1457 1514 1529 Μὴ
1541 1459 1648 1530 γάρ
1669 1476 1756 1529 μοι
1772 1461 1871 1531 τὴν
1901 1459 1995 1512 νῦν

322 1538 663 1608 κατέχουσαν
691 1540 846 1613 παρὰ
878 1542 964 1595 σοὶ
993 1543 1175 1614 κρίσιν
1203 1542 1352 1612 λέγε,
1388 1543 1526 1598 ἀλλά
1559 1546 1849 1616 ἀνάμεινον
1903 1547 1999 1600 καὶ

320 1624 430 1680 τῶν
458 1626 634 1694 λόγων
656 1627 767 1681 τῶν
799 1628 1082 1699 ἡμετέρων
1103 1631 1228 1695 τοὺς
1263 1631 1502 1700 ἀγῶνας,
1531 1633 1624 1686 καὶ
1646 1633 1763 1686 τότε
1792 1633 1994 1706 δυνήσῃ

322 1713 422 1782 τὴν
454 1712 634 1785 ψῆφον
655 1716 949 1770 ἀδέκαστον
973 1718 1238 1787 ἐνεγκεῖν,
1279 1716 1433 1773 οὐδὲν
1461 1718 1522 1784 ἐξ
1554 1720 1776 1788 ἀγνοίας
1830 1724 1909 1785 εἰς
1934 1723 1996 1775 τὸ

322 1800 531 1871 τάληθῆ
561 1802 769 1873 κρίνειν
794 1804 1340 1877 παραϐλαπτόμενος.
1380 1807 1535 1859 Ἐπεὶ
1570 1809 1665 1862 καὶ
1698 1810 1748 1861 οἰ
1776 1809 1997 1863 ἐπὶτῶν

324 1885 598 1955 βιωτικῶν
634 1889 838 1944 τούτων
882 1893 1229 1963 πραγμάτων
1264 1894 1566 1965 καθήμενοι
1589 1897 1861 1959 δικασταὶ,
1896 1897 1997 1950 οὐκ

323 1975 627 2046 ἀνέχονται,
664 1977 766 2032 κᾶν
796 1978 1046 2050 σφοδρῶς
1078 1980 1271 2049 ῥέοντα
1307 1981 1458 2035 ἴδωσι
1486 1982 1575 2036 τὸν
1605 1983 1867 2054 πρότερον
1896 1985 1997 2056 ῥή-

321 2078 479 2131 τορα,
532 2065 626 2117 καί
658 2066 836 2120 πάντα
886 2066 1249 2133 ἐπικλύζοντα
1277 2070 1343 2140 τῇ
1398 2067 1637 2141 γλώττῃ,
1678 2071 1752 2141 μὴ
1783 2072 1878 2125 καὶ
1929 2071 1997 2126 τά

323 2145 551 2217 θατέρου
594 2150 731 2219 μετά
758 2152 1144 2223 μακροθυμίας
1174 2153 1506 2219 ἀκούσαντες
1536 2156 1632 2209 τοῦ
1668 2156 1802 2227 πρὸς
1834 2156 1995 2210 αὑτὸν

324 2236 634 2306 ἱσταμένου,
672 2238 770 2309 τὴν
825 2239 1002 2309 ψῆφον
1060 2242 1322 2311 ἐνεγκεῖν·
1357 2242 1493 2296 ἀλλά
1532 2244 1633 2298 κάν
1664 2245 1923 2317 μυριάκις
1966 2244 1996 2299 ὁ

323 2326 475 2400 [HS]
506 2329 769 2399 πρότερος
790 2330 921 2401 δοκῇ
959 2330 1142 2386 δίκαια
1166 2333 1373 2402 λέγειν,
1397 2335 1671 2405 ἀνέπαφον
1702 2334 1801 2407 τὴν
1827 2335 2001 2407 ἀκοὴν

323 2416 419 2470 καὶ
449 2414 527 2486 τῷ
558 2414 801 2487 δευτέρῳ
844 2418 1122 2488 τηροῦσιν.
1167 2421 1495 2493 Ἐπειδήπερ
1550 2423 1647 2476 καὶ
1668 2421 1807 2494 αῶη
1841 2422 1999 2476 δικα-

322 2502 467 2557 στῶν
500 2505 647 2557 ἐστιν
692 2504 891 2577 ἀρετὴ,
935 2504 1006 2559 τά
1057 2508 1187 2579 παρ’
1219 2510 1494 2581 ἑκατέρων
1546 2510 1815 2581 μαθόντας
1858 2511 1996 2581 μετά

322 2589 610 2661 ἀκριϐείας
634 2591 876 2663 ἀπάσης,
902 2593 1025 2647 τότε
1053 2594 1122 2648 τὰ
1154 2597 1284 2667 παρ’
1311 2596 1522 2650 ἑαυτῶν
1552 2597 1796 2665 ἐπάγειν.
1846 2598 1998 2652 Ἐπεὶ

321 2673 416 2730 οὖν
442 2678 537 2732 καὶ
567 2677 661 2732 νῦν
695 2679 816 2733 ἀντὶ
842 2681 1073 2752 ρήτορός
1086 2699 1231 2746 τινος
1257 2685 1291 2753 ἡ
1325 2685 1476 2755 κοινὴ
1498 2685 1607 2737 τῶν
1636 2684 1844 2738 πολλῶν
1864 2685 1998 2755 πρό-

321 2763 505 2833 ληψις,
560 2766 652 2818 καὶ
684 2767 743 2818 ἐν
780 2766 859 2837 τῷ
912 2767 1111 2840 μακρῷ
1152 2770 1326 2842 χρόνῳ
1376 2771 1667 2841 ῥιζωθεῖσα
1701 2772 1849 2843 παρά
1878 2775 1997 2837 ταῖς

323 2849 430 2903 τῶν
469 2851 685 2905 πολλῶν
700 2853 981 2921 διανοίαις,
1017 2856 1190 2909 ταῦτα
1224 2856 1374 2910 κατά-
1390 2858 1489 2928 τὴν
1509 2859 1834 2930 οἰκουμένην
1851 2859 1995 2914 ἃπα-

324 2954 424 2993 σαν
476 2940 764 3011 ρητορεύει
796 2941 1046 3013 λέγουσα,
1083 2944 1292 3010 Πάντα,
1339 2946 1524 3017 φησὶν,
1559 2946 1671 3000 ἄνω
1698 2947 1794 3001 καὶ
1846 2947 1997 3001 κάτω

323 3024 536 3094 γέγονε,
574 3028 775 3100 πολλῆς
808 3031 1125 3102 συγχύσεως
1147 3033 1207 3086 τὸ
1238 3022 1346 3087 τῶν
1375 3034 1677 3106 ἀνθρώπων
1708 3036 1996 3108 ἐμπέπλη-

326 3130 449 3169 σται
469 3116 646 3184 γένος,
669 3119 763 3171 καὶ
792 3119 978 3172 πολλοί¹
1010 3121 1130 3175 καθ’
1164 3123 1403 3193 ἐκάστην
1435 3122 1648 3193 ἡμέραν
1682 3124 1731 3176 οἰ
1776 3124 1998 3177 ἀδικού-

328 3214 503 3267 μενοι,
525 3205 573 3255 οἱ
597 3205 1052 3277 ἐπηρεαζόμενοι,
1083 3209 1130 3260 οἰ
1166 3207 1496 3278 βιαζόμενοι,
1522 3211 1571 3262 οἰ
1612 3209 1996 3281 βλαπτόμενοι,

323 3290 374 3340 οἰ
409 3288 656 3353 ἀσθενεῖς
711 3292 862 3363 παρά
911 3294 1020 3346 τῶν
1067 3294 1467 3366 δυνατωτέρων,
1505 3299 1554 3349 οἰ
1584 3296 1816 3368 πένητες
1846 3298 1999 3369 παρά

322 3376 434 3429 τῶν
465 3374 759 3431 πλουσίωνο
798 3380 893 3433 καὶ
922 3379 1110 3451 ῶσπερ
1140 3380 1208 3434 τά
1228 3381 1451 3452 κύματα
1478 3383 1578 3452 τῆς
1600 3383 1875 3456 θαλάσσης
1900 3386 1999 3439 οὑκ

328 3469 481 3522 ἐστιν.
507 3466 780 3537 ἀριθμεῖν,
812 3468 983 3533 οὕτως
999 3470 1196 3523 οὐδὲτὸ
1228 3470 1429 3542 πλῆθος
1456 3471 1563 3525 τῶν
1582 3472 2001 3544 ἐπιϐουλευομέ-

326 3567 453 3612 νων,
488 3551 596 3606 τῶν
637 3553 1116 3626 ἐπηρεαζομένων,
1150 3557 1256 3610 τῶν
1305 3558 1491 3622 κακῶς
1522 3560 1856 3629 πασχόντωνι
1904 3561 2000 3614 καὶ

324 3636 451 3690 οὔτε
481 3639 660 3710 νόμων
719 3642 1023 3712 διόρθωσις,
1060 3642 1183 3697 οὗτε
1225 3645 1591 3717 δικαστηρίων
1640 3647 1827 3716 φόϐος,
1875 3646 1998 3701 οὗτε

325 3724 455 3778 ἄλλο
476 3727 629 3780 οὐδὲν
655 3728 745 3782 τὸν
772 3729 957 3801 λοιμὸν
984 3731 1172 3785 τοῦτον
1204 3732 1398 3804 ἔστησε
1422 3733 1515 3786 καὶ
1546 3733 1643 3805 τὴν
1673 3734 2000 3799 νόσον,ἀλλά

325 3814 449 3867 καθ’
484 3816 721 3887 ἑκάστην
748 3818 963 3890 ἡμέραν
1008 3821 1298 3887 αὐξάνεται
1322 3821 1382 3874 τὸ
1409 3822 1597 3891 κακὸν,
1630 3824 1723 3877 καὶ
1760 3825 2000 3894 οἰμωγαὶ

327 3902 623 3974 πανταχοῦ,
671 3906 765 3958 καί
811 3906 1019 3980 θρῆνοι,
1068 3910 1162 3963 καὶ
1198 3910 1409 3982 δάκρυα
1458 3910 1565 3965 τῶν
1610 3912 1996 3983 ἀδικουμένων·

327 3989 425 4042 καὶ
453 3991 501 4044 οἱ
550 3991 843 4062 ταχθέντες
879 3994 947 4049 τά
976 3995 1201 4050 τοιαῦτα
1239 3996 1483 4069 διορθοῦν
1526 3997 1795 4063 δικασταὶ,
1845 3998 1999 4052 αὐτοί

325 4075 421 4131 τὸν
467 4081 712 4150 χειμῶνα
751 4082 1102 4151 ἐπιτείνουσι,
1138 4086 1235 4139 καὶ
1289 4085 1389 4156 τὴν
1433 4085 1587 4139 νόσον
1635 4085 1996 4156 ἐπιτρίϐουσυ

326 4162 512 4217 πολλοὶ
542 4164 599 4218 δὲ
632 4167 881 4222 ἐντεῦθεν
924 4169 1035 4222 τῶν
1085 4170 1458 4243 ἀνοητοτέρων
1503 4172 1597 4225 καὶ
1632 4172 1998 4242 ἀθλιωτέρων,

326 4252 521 4322 καινήν
550 4269 673 4307 τινα
690 4256 950 4324 μανέντες
969 4256 1189 4326 μανίαν,
1221 4258 1319 4329 τῆς
1350 4258 1443 4312 τοῦ
1478 4258 1611 4312 Θεοῦ
1636 4258 1998 4329 κατηγοροῦσι

326 4339 862 4412 προνοίας,ὁρῶντες
890 4343 983 4397 τὸν
1021 4346 1121 4416 μὲν
1156 4347 1371 4418 ἐπιεικῆ
1406 4347 1666 4411 πολλάκις
1688 4347 1998 4419 ἑλκόμενον,

326 4429 796 4500 σπαραττόμενον,
815 4431 1134 4502 ἀρχόμενον,
1160 4432 1249 4486 τὸν
1273 4433 1330 4487 δὲ
1359 4434 1584 4506 θρασὺν,
1622 4436 1714 4489 καὶ
1743 4435 1932 4507 ἰταμὸν
1949 4449 1998 4502 ο,

324 4512 420 4565 καὶ
449 4513 663 4585 ἄτιμον,
686 4518 780 4571 καὶ
810 4518 868 4584 ἐξ
905 4519 1135 4589 ἀτίμων,
1168 4519 1520 4585 πλουτοῦντα,
1559 4522 1651 4575 καὶ
1683 4522 2000 4577 δυναστείαν

325 4601 807 4674 περιϐεϐλημένον,
844 4606 1072 4676 φοϐερόν
1104 4624 1165 4659 τε
1199 4607 1411 4670 πολλοῖς
1442 4609 1743 4679 γινόμενον.
1775 4612 1870 4664 καὶ
1900 4628 2001 4681 μυ-

327 4686 417 4756 ρία
454 4692 913 4763 προστριϐόμενον
941 4698 1055 4757 τοῖς
1084 4696 1509 4768 ἐπιεικεστέροις
1530 4697 1699 4763 δεινά,
1718 4700 2001 4753 καὶταῦτα

323 4774 383 4825 ἐν
418 4774 603 4828 πόλεσι
634 4779 726 4831 καὶ
780 4782 837 4831 ἐν
883 4781 1112 4851 χώραις,
1154 4784 1252 4836 καί⁹
1305 4785 1364 4838 ἐν
1396 4785 1673 4856 ἐρημίαις,
1720 4786 1814 4840 καὶ
1836 4788 1893 4837 ἐν
1927 4789 2000 4857 γῇ

324 4862 421 4913 καὶ
450 4863 508 4914 ἐν
533 4863 768 4935 θαλάττῃ
792 4867 1133 4938 τολμώμενα’
1165 4873 1463 4941 ἀναγκαῖος
1493 4876 1624 4945 ἡμῖν
1663 4876 1691 4928 ό
1723 4873 1878 4943 λόγος
1906 4869 1996 4929 οῦ-

324 4967 415 5013 τος
458 4952 791 5023 εἰσέρχεται,
822 4955 1150 5023 ἀπεναντίας
1187 4963 1302 5025 τοῖς
1340 4961 1651 5033 εἰρημένοις
1686 4962 1996 5033 ἱστάμενος,

326 5046 420 5097 καὶ
454 5045 639 5113 ἀγῶνα
673 5047 1068 5119 ἀγωνιζόμενος
1097 5052 1126 5092 ι’
1160 5056 1347 5109 καινὸν
1381 5057 1499 5126 μὲν,
1527 5058 1664 5128 ὅπερ
1696 5057 1998 5129 ἀρχόμενος

327 5134 500 5204 εἷπον,
533 5142 625 5194 καὶ
654 5142 973 5215 παράδοξον,
1003 5148 1273 5220 χρήσιμον
1305 5150 1362 5204 δὲ
1403 5151 1499 5204 καὶ
1545 5151 1742 5223 ἀληθῆ,
1766 5155 1859 5206 καί
1883 5157 1996 5219 τοῖς

329 5226 673 5297 βουλομένοις
703 5232 989 5303 προσέχειν
1017 5237 1112 5288 καί
1147 5237 1432 5291 πείθεσθαι
1462 5238 1732 5311 λυσιτελῆ·
1764 5242 1861 5293 καλ⁵
1889 5242 1996 5311 γὰρ

326 5315 725 5383 ἐπαγγέλλεται
757 5318 953 5387 δείξειν
988 5322 1149 5393 (ἀλλά
1195 5325 1271 5396 μὴ
1306 5326 1639 5400 θορυϐεῖσθε)
1666 5328 1854 5382 οὐδένα
1887 5329 1996 5382 τῶν

326 5402 698 5497 ἀδικουμένων
732 5408 861 5497 παρ’
892 5410 1080 5480 ἐτέρου
1103 5410 1246 5474 τινὸς
1278 5412 1650 5485 ἀδικούμενον,
1703 5415 1838 5470 ἀλλὰ
1864 5418 1995 5490 παρ’

325 5487 525 5540 ἑαυτοῦ
548 5492 705 5545 τοῦτο
735 5496 1035 5565 πάσχοντα.

390 5627 417 5701 εξ
440 5626 723 5701 Καὶκίταμόν
742 5607 889 5701 ςβθει
910 5635 958 5683 in
988 5636 1137 5686 Savil.
1163 5642 1215 5686 et
1237 5640 1288 5688 in
1325 5639 1516 5691 duobus
1539 5656 1653 5693 mss.
1681 5648 1736 5693 el.
1765 5643 1889 5693 infra
1915 5644 1997 5694 καί

337 5691 453 5736 ante
481 5685 623 5745 μυρία
640 5685 891 5742 ήείιιιίἰὶιθικ
1109 5685 1132 5686 ﬂ
1176 5685 1206 5725 ἶ

337 5744 1092 5843 ῗέῗίτῗξίεζιὶἱιξνεςκηυβυξ
1135 5764 1324 5843 ’ξριοπι
1368 5762 1528 5812 cod“
1570 5765 1676 5816 ιιεεο
1721 5768 1999 5828 interserit,

344 5819 435 5854 επει
467 5821 546 5851 ουν
570 5820 716 5863 ταῦτα
742 5819 838 5866 τοῖς
860 5819 1051 5874 «nonan
1070 5821 1371 5881 ὑπείληπται.

1108 380 1164 436 S.
1204 380 1489 435 JUANNIS
1524 380 2015 437 CIIRYSOSTUMI
2057 381 2369 438 ABCIIIEP.
2411 324 2956 439 CONSTAN'FINOP.

3662 385 3771 442 36?.

2167 498 2358 568 β’.”ἰνα
2374 500 2430 554 δὲ
2451 500 2781 572 σαφέστερος
2807 501 2836 551 ὀ
2855 498 3011 566 λόγος
3029 495 3274 567 γένηται,
3290 498 3353 567 φέ
3363 516 3421 570 ρε
3456 498 3674 568 πρῶτον
3690 505 3765 568 ἐξ·

2093 589 2375 657 ετάσωμεν
2410 588 2464 641 τί
2501 590 2648 640 ἐστιν
2681 587 2881 649 ἀδικία,
2914 584 3007 639 καί
3039 585 3169 655 περὶ
3215 584 3381 638 ποίων
3421 589 3762 658 πραγμάτων

2096 674 2228 745 ὕλην
2257 674 2602 728 συνίστασθαι
2636 673 2872 742 πέφυκεσ
2896 672 2989 725 καὶ
3012 671 3066 724 τί
3106 671 3241 724 ποτέ
3269 672 3419 726 ἐστιν
3446 672 3762 744 ἀνθρωπίνη

2093 761 2281 832 ἀρετὴ,
2313 761 2407 815 καὶ
2434 758 2490 812 τί
2506 760 2566 813 τὸ
2586 759 2980 831 λυμαινόμενον
3005 759 3232 828 ταύτην·
3265 759 3357 812 καὶ
3383 758 3440 811 τί
3473 775 3607 811 ποτε
3625 759 3766 812 δοκεῖ

2097 850 2195 919 μὲν
2240 848 2618 918 λυμαίνεσθαι,
2652 848 2714 902 ού
2768 847 3091 918 λυμαίνεται
3149 846 3226 900 δέ.
3260 841 3387 901 Οῖον
3419 843 3680 918 (δεῖγάρ
3705 850 3766 900 ἐκ

2094 937 2553 1006 παραδειγμάτων
2583 935 2772 1005 ἐντελῆ
2794 935 3017 1005 ποιῆσαι
3037 932 3129 987 τδν
3152 933 3354 1003 λόγον),
3389 935 3629 988 ἕκαστον
3663 935 3773 989 τῶν

2094 1025 2434 1093 πραγμάτων
2463 1024 2522 1075 ἐν
2559 1035 2581 1062 ο
2626 1023 2738 1094 ἔχει
2787 1023 2848 1076 τδ
2890 1023 3309 1094 λυμαινόμενον·
3356 1025 3385 1075 ὁ
3425 1023 3655 1094 σίδηρος
3677 1024 3772 1077 τὸν

2096 1110 2193 1173 ἰὸν,
2225 1114 2319 1165 τὸν
2352 1113 2489 1181 σῆτα
2518 1111 2579 1164 τὸ
2604 1110 2768 1183 ἔριον,
2813 1110 3107 1182 προϐάτων
3145 1110 3338 1180 ἀγέλαι
3375 1112 3507 1173 τοὺς
3549 1109 3760 1175 λύκους.

2093 1194 2202 1247 Καὶ
2232 1194 2377 1247 οῖνου
2416 1193 2515 1263 μέν
2548 1193 2749 1264 ἀρετῆς
2781 1192 2949 1263 βλάϐη
2995 1193 3057 1246 τὺ
3089 1194 3524 1265 παρατραπῆναι
3566 1194 3661 1247 καί⁵
3686 1195 3767 1258 εἰς

2091 1276 2274 1347 ὀξίνην
2295 1279 2643 1329 καταπεσεῖν⁸
2680 1275 2894 1347 μέλιτος
2926 1275 3004 1340 δέ,
3035 1274 3098 1328 τὺ
3126 1276 3226 1346 τὴν
3257 1276 3543 1346 σύμφυτον
3571 1276 3765 1330 ἀπολέ-

2095 1375 2185 1412 σαι
2208 1357 2549 1430 γλυκύτητα,
2572 1358 2666 1412 καί
2686 1360 2767 1420 εἰς
2790 1358 2986 1429 πικρὸν
3008 1357 3398 1429 κατενεχθῆναι
3432 1359 3632 1428 χυμόν.
3662 1360 3768 1411 Au-

2097 1440 2346 1511 μαίνεται
2378 1440 2435 1492 δὲ
2460 1440 2553 1494 καὶ
2585 1439 2755 1509 ληῒων
2784 1440 2986 1510 κόμαις
3018 1440 3250 1512 ὲρυσίϐη
3275 1441 3367 1493 καί
3388 1441 3624 1511 αὐχμὸς,
3674 1442 3767 1493 καὶ

2093 1522 2352 1593 ἀμπέλων
2375 1522 2595 1594 καρπῷ,
2625 1524 2721 1576 καὶ
2770 1523 3009 1591 φύλλοις,
3050 1523 3142 1576 καί
3172 1523 3416 1593 κλήμασι
3443 1523 3509 1576 τὸ
3530 1523 3771 1594 πονηρόν

2092 1606 2203 1660 τῶν
2228 1606 2463 1677 ἀκρίδων
2497 1606 2878 1677 στρατόπεδον,
2902 1608 2996 1660 καὶ
3025 1606 3232 1677 ἑτέροις
3257 1607 3536 1678 δένδρεσιν
3562 1608 3596 1678 ἡ
3626 1608 3765 1678 κάμ-

2096 1707 2195 1759 πη,
2226 1690 2321 1742 καὶ
2363 1688 2579 1758 σώμασι
2611 1689 2669 1742 δὲ
2699 1689 2919 1756 ἀλόγοις
2947 1689 3169 1743 ποικίλα
3207 1693 3518 1760 νοσήματα⁹
3544 1688 3641 1742 καὶ
3681 1688 3767 1742 ἵνα

2097 1773 2172 1843 μὴ
2198 1774 2375 1827 πάντα
2396 1771 2706 1839 ἐπεξιόντες
2743 1773 2953 1843 μακρὸν
2983 1774 3303 1843 ποιήσωμεν
3334 1772 3426 1825 τὸν
3461 1769 3642 1841 λόγον.
3676 1771 3761 1824 καὶ

2094 1857 2158 1924 τῇ
2181 1854 2349 1924 σαρκὶ
2366 1854 2423 1906 δὲ
2458 1856 2525 1924 τῇ
2561 1852 2808 1925 ἡμετέρα
2830 1855 2925 1907 καί
2955 1856 3200 1925 πυρετοὶ,
3230 1855 3327 1907 καὶ
3350 1853 3642 1925 παρέσεις,
3677 1855 3763 1906 καί

2094 1937 2297 2007 ἑτέρων
2327 1936 2649 2006 νοσημάτων
2697 1937 2885 2007 ἐσμός.
2915 1937 3126 2006 ’Ὠσπερ
3157 1932 3249 1990 οὖν
3276 1937 3489 1992 τούτων
3537 1936 3762 1988 ἕκαστον

2095 2019 2206 2091 ἔχει
2241 2019 2304 2072 τὸ
2328 2017 2477 2090 [M6]
2518 2018 2910 2089 λυμαινόμενον
2944 2019 3107 2071 αὑτοῦ
3136 2022 3201 2087 τῇ
3249 2020 3441 2091 ἀρετῇ,
3478 2018 3615 2089 φέρε
3647 2033 3744 2071 σκο

2095 2104 2361 2172 πήσωμεν
2383 2100 2438 2152 τί
2467 2100 2562 2153 καὶ
2590 2101 2652 2153 τὸ
2681 2100 2788 2153 τῶν
2815 2099 3119 2171 ἀνθρώπων
3163 2101 3551 2172 παραϐλάπτει
3590 2097 3759 2167 γένος,

2095 2185 2190 2238 καὶ
2219 2184 2271 2237 τί
2300 2183 2434 2236 ποτέ
2465 2183 2583 2236 ἐστι
2617 2183 2676 2236 τὸ
2703 2182 3097 2253 λυμαινόμενον
3128 2182 3417 2253 ἀνθρώπου
3444 2183 3676 2253 ἀρετήν.
3704 2182 3767 2234 Οί

2098 2268 2198 2338 μὲν
2228 2263 2321 2320 οὖν
2345 2265 2533 2319 πολλοὶ
2566 2266 2731 2337 ἕτερά
2764 2282 2885 2319 τινα
2920 2266 3053 2319 ἄλλα
3079 2267 3383 2336 νομίζουσι.
3421 2269 3520 2320 Δεῖ
3536 2266 3647 2334 γὰρ
3674 2263 3762 2317 καὶ

2093 2350 2193 2414 τὰς
2225 2348 2650 2420 πεπλανημένας
2682 2345 2840 2412 δόξας
2871 2350 3069 2411 εἰπεῖν,
3116 2348 3211 2401 καὶ
3255 2347 3555 2410 ἀνελόντας
3578 2344 3765 2408 αὑτάς,

2094 2434 2239 2488 οὕτω
2273 2433 2371 2503 τὴν
2405 2433 2573 2495 δντως
2617 2430 3025 2501 λυμαινομένην
3061 2428 3218 2501 ήμῶν
3260 2432 3378 2492 ταῖς
3410 2430 3641 2500 ἀρεταῖς
3688 2427 3763 2489 είς

2099 2517 2261 2588 μέσον
2281 2517 2530 2584 ἀγαγεῖν,
2546 2515 2642 2568 καὶ
2668 2513 2835 2581 δεῖξαι
2853 2512 3060 2580 σαφῶς,
3090 2514 3170 2566 ὃτι
3195 2512 3399 2582 ταύτην
3426 2514 3581 2582 ἡμᾶς
3599 2511 3765 2574 οὐδεὶς

2092 2597 2294 2653 δύναιτ’
2321 2598 2387 2650 ἂν
2421 2597 2679 2667 ἀδικῆσαι
2712 2596 2810 2667 τὴν
2840 2596 3077 2662 ἀδικίαν,
3127 2595 3247 2648 οὐδὲ
3286 2594 3637 2666 λυμήνασθαι
3670 2591 3765 2663 τὴν

2094 2683 2296 2754 λύμην,
2321 2682 2371 2736 εἰ
2397 2682 2471 2752 μὴ
2501 2680 2655 2733 αὐτοὶ
2670 2681 2894 2743 ἑαυτοὺς
2916 2679 3266 2749 προδοίημεν.
3301 2679 3368 2730 Οἱ
3401 2678 3508 2748 μὲν
3534 2672 3626 2731 οὖν
3643 2674 3762 2754 πυλ-

2095 2753 2179 2820 λοί
2215 2763 2646 2833 πεπλανημένας
2684 2761 2902 2832 ἔχοντες
2939 2762 3117 2825 δόξας,
3149 2762 3313 2830 ’ἐτερα
3343 2760 3661 2830 νομίζουσιν
3687 2753 3761 2811 εῖ-

2094 2866 2182 2903 ναι
2214 2850 2285 2904 τά
2310 2848 2679 2918 λυμαινόμενα
2712 2846 2870 2917 ήμῶν
2899 2848 2966 2916 τῇ
2994 2847 3167 2916 ἀρετῇ
3192 2843 3242 2907 ἀ,
3273 2845 3323 2897 οἰ
3352 2843 3449 2913 μὲν
3484 2844 3692 2906 πενίαν,
3716 2841 3763 2894 οἰ

2093 2932 2152 2986 δὲ
2181 2932 2339 2985 νόσον
2361 2930 2634 3001 σώματος,
2666 2931 2714 2982 οί
2746 2928 2804 2981 δὲ
2839 2928 2939 2997 τὴν
2968 2930 3024 2980 ἐν
3057 2931 3302 2997 χρήμασι
3336 2924 3568 2995 ζημίαν,
3592 2926 3769 2993 ἕτεροι

2098 3015 2484 3083 συκοφαντίαν,
2541 3012 2696 3069 ἄλλοι
2739 3011 2991 3073 θάνατον,
3034 3011 3128 3063 καί
3161 3009 3332 3063 ταῦτα
3371 3009 3763 3079 ἀποδυρόμενοι
3803 3058 3806 3065 λ

2096 3097 2191 3150 καί
2219 3096 2548 3169 θρηνοῦντες
2581 3094 2907 3148 διατελοῦσι⁹
2938 3094 3031 3146 καὶ
3067 3093 3197 3156 τοὺς
3227 3092 3541 3162 πάσχοντας
3562 3089 3765 3144 ἐλεοῦν-

2095 3198 2206 3245 τες.
2237 3182 2332 3235 καὶ
2352 3179 2711 3252 δακρύοντες,
2741 3180 2838 3233 καὶ
2883 3177 3307 3247 ἐκπληττόμενοι
3335 3176 3470 3246 πρὸς
3514 3175 3764 3245 ἀλλήλους

2095 3264 2371 3333 λέγουσιν·
2410 3260 2522 3317 ,Οἷα
2565 3263 2833 3316 πέπονθεν
2879 3265 2906 3314 ό
2932 3262 3112 3326 δεῖνα;
3160 3260 3355 3331 ἀθρόον
3381 3258 3636 3332 ἀφῃρέθη
3670 3257 3765 3327 τήν

2096 3347 2283 3400 οὐσίαν
2313 3347 2553 3400 ἃπασαν.
2581 3346 2810 3416 ’Έτερος
2856 3344 2984 3414 περὶ
3018 3342 3210 3414 ἐτέρου
3248 3343 3432 3395 πάλιν·
3474 3346 3511 3396 ὁ
3533 3342 3677 3395 δεῖνα
3708 3338 3763 3391 δὲ

2098 3429 2381 3503 ἀρρωστίᾳ
2429 3428 2647 3499 χαλεπῇ
2705 3426 3018 3498 περιπεσὼν
3064 3426 3417 3493 ἀπέγνωσται
3459 3424 3617 3495 παρά
3659 3421 3761 3475 τῶν

2099 3513 2236 3585 πρὸς
2272 3511 2435 3566 αὑτὸν
2481 3512 2741 3564 ἐσιόντων
2772 3508 2997 3579 ἰατρῶν.
3020 3509 3131 3561 Καὶ
3150 3509 3179 3560 ό
3208 3507 3307 3577 μὲν
3325 3508 3452 3570 τοὺς
3478 3507 3545 3560 τὸ
3563 3507 3762 3575 δεσμω-

2096 3597 2283 3667 τήριον
2320 3593 2625 3657 οἰκοῦντας,
2672 3593 2699 3645 ὁ
2738 3592 2796 3645 δὲ
2829 3593 2956 3654 τοὺς
3000 3592 3098 3661 τῆς
3125 3591 3385 3663 πατρίδος
3414 3589 3760 3650 ἐκπεσόντας,

2097 3677 2356 3750 καὶπρὸς
2401 3676 2501 3748 τὴν
2530 3675 2825 3746 ὑπερορίαν
2876 3674 3316 3745 μεταναστάντας
3367 3684 3414 3735 ⁸,
3459 3673 3618 3736 ἀλλος
3642 3671 3760 3731 τοὺς

2097 3761 2410 3832 ἐλευθερίας
2465 3758 2911 3821 ἐκπεπτωκότας,
2961 3757 3147 3827 ἕτερος
3184 3758 3310 3820 τοὺς
3347 3756 3454 3809 ὑπὸ
3489 3752 3761 3823 πολεμίων

2098 3844 2463 3916 ἀρπαγέντας,
2512 3840 2607 3895 καὶ
2655 3839 2979 3910 γενομένους
3029 3839 3427 3909 αἰχμαλώτους,
3461 3839 3647 3909 ἕτερος
3674 3835 3757 3889 τὸν

2097 3926 2619 3989 καταποντισθέντα,
2653 3926 2687 3995 ἢ
2711 3925 2936 3987 καέντα,
2953 3922 3111 3985 ἄλλος
3142 3923 3234 3975 τὸν
3261 3922 3364 3976 ὑπὸ
3391 3922 3570 3985 οἰκίας
3598 3935 3758 3974 κατα·

2098 4009 2376 4081 χωσθέντα
2415 4007 2694 4079 θρηνοῦσι,
2727 4008 2822 4059 καὶ
2849 4005 3225 4075 ὀλοφύρονται,
3258 4006 3384 4068 τοὺς
3415 4005 3471 4057 δέ
3512 4007 3569 4058 ἐν
3600 4018 3755 4074 πονη-

2099 4093 2192 4165 ρίᾳ
2218 4091 2430 4156 ζῶντας
2477 4089 2677 4155 οὐδείς’
2716 4089 2854 4154 ἀλλ’,
2892 4088 2922 4142 ὃ
2955 4089 3171 4142 πάντων
3221 4089 3338 4141 ἐστὶ
3364 4086 3757 4157 χαλεπώτερον,

2099 4176 2360 4239 πολλάκις
2406 4175 2603 4239 αὐτοὺς
2647 4174 2742 4227 καὶ
2787 4172 3207 4245 μακαρίζουσιν,
3242 4172 3270 4225 ὃ
3317 4173 3412 4226 καὶ
3439 4172 3658 4225 πάντων
3683 4167 3761 4221 ala

2096 4260 2210 4313 τιόν
2261 4262 2377 4312 ἐστι
2419 4258 2530 4311 τῶν
2580 4257 2788 4311 κακῶν.
2821 4258 2959 4328 Φέρε
2991 4253 3084 4310 οὖν
3120 4257 3255 4327 (ἀλλ’
3302 4258 3438 4328 ὅπερ
3488 4257 3550 4323 ἐξ
3597 4251 3761 4324 ἀρχῆς

2099 4341 2471 4412 παρεκάλεσα,
2495 4341 2570 4412 μὴ
2594 4340 2922 4411 θορυϐεῖτε),
2950 4340 3236 4411 δείξωμεν,
3262 4340 3339 4404 ὡς
3367 4339 3524 4392 οὐδὲν
3559 4337 3663 4390 τῶν
3691 4336 3759 4389 εἰ·

2101 4425 2355 4495 ρημένων
2406 4422 2581 4476 ἀδικεῖ
2630 4423 2720 4476 τὸν
2753 4423 2994 4492 νήφοντα
3022 4422 3331 4493 ἄνθρωπον,
3354 4422 3476 4476 οὐδὲ
3513 4421 3614 4493 τὴν
3643 4420 3762 4490 ἀρε·

2097 4508 2194 4580 τὴν
2224 4505 2389 4561 αὐτοῦ
2414 4505 2761 4576 λυμήνασθαι
2791 4505 2993 4558 δύναιτ’
3012 4506 3099 4560 ἄν.
3137 4507 3203 4559 Τί
3229 4507 3358 4576 γὰρ,
3388 4506 3509 4559 εἰπέ
3541 4521 3651 4577 μοι,
3678 4501 3764 4555 τὸν

2098 4592 2165 4644 τὰ
2191 4589 2357 4643 αὐτοῦ
2400 4588 2576 4641 πάντα
2612 4588 3014 4651 ἀπολωλεκότα,
3045 4588 3080 4659 ἢ
3116 4589 3268 4660 παρὰ
3315 4588 3683 4657 συκοφαντῶν,
3726 4580 3758 4652 ἢ

2100 4674 2255 4746 ποιρά
2280 4673 2515 4745 λῃστῶν,
2546 4672 2579 4743 ἦ
2634 4672 2732 4726 καὶ
2780 4672 3009 4725 οἰκετῶν
3041 4673 3364 4741 κακούργων
3406 4668 3762 4742 ἀφαιρεθέντα

2098 4762 2167 4814 τὰ
2187 4761 2336 4824 ὄντα,
2355 4758 2587 4827 ἔϐλαψεν
2608 4758 2795 4827 αῦτηή
2817 4758 2989 4829 ζημία
3018 4760 3098 4821 εἰς
3113 4760 3313 4828 ἀρετὴν
3335 4758 3428 4811 τοῦ
3451 4755 3756 4828 ἀνθρώπου;

2169 4844 2386 4897 Μᾶλλον
2414 4841 2493 4907 δὲ,
2522 4843 2570 4894 εἰ
2592 4841 2760 4905 δοκεῖ,
2786 4840 3000 4911 πρῶτον
3044 4841 3452 4912 ὑπογράςρωμεν
3489 4840 3535 4904 ἲ,
3558 4839 3610 4891 τί
3639 4831 3758 4889 ποτέ
3839 4876 3851 4881 -

2098 4929 2246 4980 ἐστιν
2272 4925 2560 4996 ἀνθρώπου
2589 4923 2782 4994 ἀρετὴ,
2817 4925 2875 4976 ἐν
2902 4924 3117 4995 ἑτέραις
3140 4924 3350 4986 οὐσίαις
3384 4923 3640 4995 πρότερον
3674 4916 3757 4970 τὸν

2098 5015 2256 5083 λόγον
2282 5013 2686 5084 γυμνάσαντες,
2726 5010 2867 5064 ῶστε
2912 5011 3316 5083 εὐμαθέστερον
3353 5012 3518 5064 αὐτὸν
3549 5007 3756 5076 ποιῆσαι

2097 5098 2194 5152 καὶ
2229 5097 2564 5166 σαφέστερον
2590 5096 2704 5157 τοῖς
2725 5093 2959 5157 πολλοῖς.

2169 5179 2317 5250 γ’.Ἰ“ί
2334 5179 2453 5234 ποτ’
2472 5174 2563 5231 οὖν
2581 5178 2729 5229 ἐστιν
2746 5176 2911 5229 ἵππου
2933 5176 3125 5246 ἀρετή;
3141 5172 3209 5227 Ἀ
3221 5192 3289 5244 ρα
3304 5174 3364 5227 τὸ
3378 5172 3607 5245 χρυσοῦν
3624 5170 3755 5240 ἔχειν

2099 5265 2337 5335 χαλινὸν,
2366 5262 2462 5315 καί
2495 5259 2817 5331 τελαμῶνας
2845 5258 3140 5321 τοιούτους,
3182 5259 3278 5310 καὶ
3315 5257 3649 5329 στρωμάτων
3677 5250 3760 5302 δεμ

2100 5347 2236 5418 σμδν
2263 5348 2327 5398 ἐκ
2372 5343 2614 5421 σηριδκῶν
2655 5341 2915 5412 νημάτων
2953 5341 3342 5410 συγκείμενον,
3378 5340 3474 5395 καὶ
3521 5338 3757 5421 τάπητας

2099 5430 2377 5493 ποικίλους
2404 5429 2499 5483 καὶ
2548 5426 2986 5498 χρυσοπάστους,
3013 5424 3109 5478 καὶ
3154 5422 3374 5494 φάλαρα
3396 5420 3756 5487 λιθοκόλλητα,

2157 5519 2182 5549 °
2203 5518 2293 5566 "liv
2317 5517 2465 5565 deest
2482 5514 2529 5564 in
2550 5514 2742 5563 duobus
2766 5526 2881 5562 mss.

2160 5577 2187 5618 δ
2212 5582 2316 5629 Duo
2339 5591 2453 5626 mss.
2479 5578 2564 5633 τήν
2583 5577 2770 5639 ἀρετῦν.

2164 5644 2187 5701 εἴ
2215 5641 2309 5689 Alii
2337 5639 2725 5701 μεταστάνταςτμ
3150 5662 3155 5669 ·
3320 5697 3333 5701 _
3374 5696 3386 5701 _
3571 5692 3582 5701 _
3647 5691 3659 5701 ,
3723 5686 3732 5695 .

2168 5699 2189 5740 ί
2214 5692 2348 5750 Tres'
2374 5713 2492 5748 mss.
2517 5697 2888 5760 ῦπογράψωμεν,
2910 5707 3117 5760 quorum
3146 5709 3272 5746 unus
3292 5696 3466 5760 abbot
3484 5692 3630 5760 verbo
3644 5692 3757 5739 im“-

2101 5765 2210 5834 pudi
2237 5776 2367 5834 nam
2390 5767 2590 5817 caetera,
2612 5758 2727 5819 qfuaé
2746 5758 3049 5834 prze'cfdunl,
3074 5758 3329 5809 deﬁciunt.
3361 5758 3487 5809 Infra
3530 5759 3623 5809 duo
3646 5762 3751 5801 mss.

2106 5819 2159 5875 ξι
2183 5824 2331 5875 Savil.
2355 5824 2404 5871 in
2429 5833 2581 5882 marg.
2605 5819 3057 5883 στρωματόδεσμον.
