4036 6400
398 357 485 426 tat
1432 362 1618 433 QUOD
1655 358 1844 418 nunc
1873 346 2202 409 LA'ZDITUR
2242 347 2370 404 NlSi
2412 349 2451 402 A
2496 345 2757 402 SEIPSO.

406 490 600 547 tttttattl,
634 488 690 534 ut
712 480 804 548 qui
828 479 897 535 ab
919 477 1069 532 initio
1098 475 1460 547 promissionis
1485 472 1703 528 minime
1735 467 1993 551 verisimi-

410 576 471 628 lia
499 574 761 626 dicamus.
793 570 996 624 Verum
1024 583 1128 621 non
1153 565 1273 620 ideo
1301 580 1398 619 nos
1438 579 1469 618 a
1501 562 1881 634 pollicitatione
1904 558 2000 613 de-

409 665 651 719 SiSlt‘lNllS
680 679 693 714 :
727 662 856 730 quin
888 660 1047 715 etiam
1078 658 1214 711 hanc
1234 655 1403 725 ipsam
1440 653 1669 708 maxime
1696 653 1765 705 ob
1785 661 1999 706 cauSam

410 754 470 808 ad
497 751 897 821 comprobanda
927 764 986 804 ea
1025 764 1143 819 qua:
1187 746 1547 818 promisimus,
1605 758 1794 812 magno
1823 740 2000 796 studio

413 843 798 912 aggrediemur.
821 842 878 896 Si
895 841 1034 896 enim
1054 839 1316 894 voluerint
1338 836 1424 908 qui
1450 838 1517 891 ita
1535 845 1657 890 sunt
1681 833 1873 897 all'ccti,
1894 848 1999 886 non

415 933 746 999 tumultuari,
793 948 963 1001 neque
990 931 1296 995 obturbare,
1331 928 1427 983 sed
1456 927 1614 981 finem
1637 924 1889 980 orationis
1910 938 2002 978 ex-

410 1037 672 1096 spectare,
706 1042 736 1079 a
768 1026 940 1089 nobis,
989 1033 1071 1078 sat
1117 1023 1249 1088 scio,
1281 1021 1517 1085 stabunt,
1549 1032 1772 1089 seseque
1811 1015 2002 1086 prioris

412 1118 611 1173 erroris
650 1098 1115 1181 condemnabunt,
1155 1113 1475 1185 palinodiam
1521 1120 1752 1173 canent,
1796 1107 2001 1163 veniam

412 1225 531 1265 cum
563 1208 904 1264 excusatione
950 1215 1148 1277 petent,
1182 1221 1248 1261 eo
1287 1204 1427 1275 quod
1460 1221 1563 1257 non
1590 1218 1767 1257 veram
1816 1200 1884 1255 de
1920 1216 2005 1252 re-

410 1300 509 1354 bus
561 1299 825 1355 tenuerint
870 1298 1220 1362 sententiam,
1280 1310 1631 1365 magnamque
1683 1292 1837 1346 nobis
1883 1305 2004 1361 gra-

415 1388 540 1443 tiam
567 1388 856 1453 habebunt,
892 1396 949 1442 ut
971 1386 1189 1441 medicis
1210 1387 1357 1455 azgri,
1383 1401 1414 1439 e
1439 1384 1637 1438 morbis
1655 1424 1670 1449 ,
1702 1381 1894 1451 quibus
1915 1395 2007 1434 eo.-

413 1494 531 1533 rum
560 1493 757 1549 corpus
785 1478 933 1537 velut
954 1477 1231 1533 obsessum
1270 1477 1460 1539 fuerat,
1485 1473 1729 1529 recreati.
1760 1472 1837 1527 Ne
1862 1473 2002 1527 enim

415 1570 547 1626 mihi
572 1586 694 1641 quae
717 1578 769 1626 te
793 1585 934 1625 nunc
968 1578 1132 1634 tenet,
1178 1567 1360 1640 profer
1396 1567 1713 1623 sententiam
1739 1607 1754 1632 ,
1783 1564 1875 1619 sed
1907 1579 2003 1618 ex-

413 1674 595 1731 specta
627 1664 786 1719 etiam
812 1671 1008 1718 nostra:
1056 1662 1315 1717 orationis
1341 1660 1735 1716 contentionem
1761 1667 1815 1712 et
1842 1671 2006 1712 cona-

415 1767 519 1823 tus,
552 1772 614 1812 ac
639 1767 749 1811 tum
796 1757 1015 1827 poteris,
1057 1756 1351 1826 ignorantia
1386 1770 1571 1809 verum
1599 1752 1856 1823 judicium
1899 1767 2003 1806 non

416 1847 759 1916 impediente,
787 1848 997 1903 sincere
1023 1846 1162 1902 ferre
1183 1847 1522 1901 sententiam.
1545 1844 1678 1899 Nam
1702 1851 1757 1899 et
1785 1843 2008 1898 saecula-

413 1939 552 1992 rium
583 1955 765 1996 rerum
796 1940 1016 1994 istarum
1037 1938 1266 2009 judices,
1297 1938 1504 1994 etiamsi
1529 1938 1744 1993 videant
1768 1952 1888 1991 eum
1913 1935 2005 2006 qui

412 2032 561 2100 prius
593 2031 740 2097 dicit,
786 2040 1054 2086 oratorem
1100 2032 1375 2085 concitato
1424 2029 1743 2099 eloquentia:
1786 2026 2007 2083 ﬂumine

412 2124 594 2176 omnia
621 2123 987 2189 inundantem,
1012 2138 1120 2178 non
1149 2122 1365 2187 audent,
1409 2122 1509 2177 nisi
1531 2123 1688 2177 etiam
1715 2120 2006 2197 adversarii

413 2214 851 2283 responsionibus
875 2230 992 2270 cum
1014 2214 1413 2285 longanimitate
1452 2214 1664 2279 auditis,
1697 2213 2008 2284 pronuntia-

415 2320 476 2359 re
502 2306 819 2360 sententiam
844 2322 856 2360 :
882 2307 975 2361 sed
1005 2306 1213 2362 etiamsi
1240 2307 1385 2376 prior
1405 2305 1755 2376 iustissimam
1790 2319 2005 2360 causam

416 2394 617 2449 habere
642 2394 903 2463 videatur,
928 2395 1159 2465 integras
1180 2410 1337 2451 aures
1358 2397 1514 2450 etiam
1537 2396 1687 2450 alteri
1709 2404 2004 2451 reservant.

415 2486 690 2556 Siquidem
722 2487 835 2542 inec
872 2502 1084 2558 quoque
1106 2488 1340 2558 judicum
1372 2486 1540 2544 virtus
1567 2496 1676 2553 est,
1726 2498 1780 2545 ut
1806 2489 2007 2544 utrius-

414 2592 521 2648 que
548 2579 712 2648 partis
730 2593 891 2633 causa
918 2594 1076 2649 quam
1102 2580 1498 2635 accuratissime
1518 2581 1747 2650 cognita,
1774 2590 1882 2635 tum
1914 2580 2007 2635 de-

420 2684 568 2723 mum
612 2668 715 2739 ipsi
743 2683 898 2723 suum
935 2671 1277 2741 interponant
1296 2671 1573 2740 judicium.
1607 2672 1868 2740 Quoniam
1913 2672 2012 2742 igi-

419 2768 507 2814 tur
537 2758 695 2815 etiam
725 2777 869 2817 nunc
908 2763 1054 2818 velut
1097 2762 1328 2819 rhetoris
1356 2764 1630 2833 cujusdam
1660 2764 1776 2818 loco
1804 2771 1886 2818 est
1916 2764 2007 2820 illa

416 2856 703 2911 multorum
733 2858 1033 2912 communis
1071 2866 1123 2912 et
1152 2858 1435 2928 anticipata
1467 2857 1667 2927 opinio,
1701 2870 1819 2927 qum
1849 2857 2008 2928 longo

418 2957 659 3018 tempore
689 2949 741 3004 in
772 2949 964 3005 animis
991 2951 1344 3006 multitudinis
1370 2950 1622 3014 radicata,
1656 2951 1769 3005 inec
1791 2964 1883 3019 per
1919 2957 2004 3004 to-

418 3049 531 3093 tum
558 3051 818 3096 terrarum
846 3041 1029 3097 orbem
1058 3041 1344 3109 declamat,
1385 3042 1562 3096 omnia
1591 3054 1800 3096 sursum
1843 3039 2013 3095 deor...

414 3145 535 3187 sum
576 3146 727 3186 versa
763 3144 903 3199 esse,
932 3133 984 3188 in
1023 3148 1273 3205 magnam
1300 3133 1663 3188 confusionem
1690 3147 1859 3202 genus
1902 3132 2004 3186 hu-

415 3237 634 3277 manum
686 3223 968 3291 incidisse,
1001 3225 1053 3278 in
1100 3225 1214 3279 dies
1241 3223 1480 3295 injurias,
1512 3224 1805 3279 calumnias
1827 3266 1840 3288 ,
1873 3224 2003 3290 vim,

414 3313 610 3368 damna
633 3315 831 3382 afferri,
864 3316 1143 3370 imbecillis
1183 3331 1212 3370 a
1241 3316 1562 3385 potentibus,
1592 3314 1911 3384 pauperibus
1939 3315 2007 3369 ab

414 3405 712 3473 epulentis;
757 3418 812 3462 et
843 3414 900 3462 ut
934 3405 1124 3462 fluctus
1143 3407 1305 3462 maris
1328 3406 1594 3462 numerari
1623 3422 1729 3460 non
1763 3415 2003 3476 possunt,

418 3495 491 3550 ita
545 3513 646 3552 nec
689 3498 971 3553 multitudo
999 3515 1210 3565 eorum,
1241 3499 1328 3568 qui
1359 3498 1564 3553 insidiis
1608 3508 1879 3568 petuntur,
1919 3499 2009 3552 da-

416 3586 559 3640 mnis
581 3587 905 3655 afticiuntur,
934 3590 1077 3645 male
1113 3591 1477 3644 mulctantur:
1524 3604 1588 3644 ac
1621 3605 1791 3659 neque
1830 3589 2008 3659 legum

412 3680 770 3749 correctione,
801 3696 972 3750 neque
1009 3681 1330 3751 judiciorum
1376 3689 1541 3747 metu,
1572 3696 1744 3750 neque
1788 3680 1894 3734 ulla
1946 3695 2006 3736 re

413 3770 519 3822 alia
547 3774 682 3845 hanc
711 3772 973 3843 exstingui
1003 3783 1202 3840 pestem
1255 3786 1317 3827 ac
1342 3773 1585 3827 morbum
1607 3813 1622 3839 ,
1668 3772 1761 3827 sed
1809 3772 2004 3827 malum

413 3861 653 3930 quotidie
695 3863 894 3932 augeri,
947 3864 1140 3934 ubique
1177 3878 1297 3918 esse
1334 3864 1596 3932 gemitus,
1625 3863 1877 3928 lamenta,
1928 3863 2007 3917 la-

414 3964 628 4019 erymas
661 3967 848 4006 eorum
878 3953 965 4022 qui
1013 3952 1230 4022 injurias
1259 3952 1567 4022 accipiunt:
1610 3953 1816 4022 judices
1860 3953 2005 4022 ipsos

414 4044 608 4112 quibus
633 4043 996 4111 hujuscemodi
1048 4063 1224 4102 rerum
1263 4046 1566 4100 emendatio
1608 4046 1855 4100 mandata
1899 4057 2000 4113 est,

415 4143 787 4202 tempe~tatem
818 4137 1113 4205 intendere,
1145 4139 1390 4193 morbum
1419 4137 1600 4193 fovere
1627 4156 1641 4190 :
1682 4139 1804 4194 hinc
1826 4148 2003 4194 autem

415 4224 571 4277 multi
592 4240 655 4278 ex
688 4224 1142 4295 insipientioribus
1170 4243 1232 4282 ac
1258 4228 1656 4294 infelicioribns,
1708 4245 1845 4283 novo
1866 4244 2004 4300 quo-

412 4316 538 4370 dam
557 4316 734 4371 furore
759 4320 1012 4387 correpti,
1045 4320 1133 4373 Dei
1169 4320 1557 4390 providentiam
1589 4320 1853 4387 incusant,
1880 4337 2001 4374 cttm

416 4406 602 4461 vident
630 4408 961 4462 moderatmn
1005 4425 1067 4464 ac
1092 4412 1316 4481 probum
1356 4428 1499 4481 saepe
1552 4411 1722 4478 trahi,
1767 4412 1997 4478 laniari,

412 4497 723 4566 praefoeari;
756 4498 1030 4568 audacem,
1074 4502 1398 4571 improbum,
1432 4502 1699 4568 infamem,
1732 4512 1785 4558 et
1822 4519 1887 4558 ex
1922 4508 2005 4557 in-

412 4589 642 4646 famibus
670 4601 847 4647 ortum
867 4634 879 4656 ,
903 4592 1185 4660 ditescere,
1217 4595 1502 4663 potentiam
1532 4595 1787 4661 nancisci,
1820 4596 2002 4652 multis

411 4681 804 4738 formidabilem
832 4699 984 4750 esse,
1030 4700 1093 4739 ac
1142 4686 1452 4742 melioribus
1496 4702 1555 4740 se
1597 4687 1799 4741 infinita
1859 4689 1999 4742 mala

410 4774 634 4840 inferre,
682 4784 840 4846 atque
866 4775 980 4830 haec
1007 4777 1057 4830 in
1085 4778 1409 4844 civitatibus,
1440 4777 1489 4831 in
1518 4783 1658 4847 agris
1678 4819 1692 4843 ,
1722 4779 1772 4832 in
1813 4780 1998 4834 solitu-

409 4867 647 4933 dinibus,
688 4876 827 4922 terra
878 4862 1119 4939 marique
1151 4871 1446 4940 perpetrari
1478 4871 1819 4926 :necessario
1846 4887 1876 4926 a
1906 4889 2002 4927 no-

334 4948 339 4951 ⁴
411 4959 494 5011 bis
522 4959 635 5015 inec
665 4961 958 5016 instituitur
999 4963 1209 5027 oratio,
1229 4979 1349 5033 quae
1395 4978 1554 5034 supra
1602 4963 1740 5018 dicta
1782 4965 1998 5034 refutet,

409 5062 467 5104 et
517 5062 788 5109 certamen
832 5056 1006 5123 ineat,
1040 5070 1235 5110 novum
1282 5056 1519 5127 quidem,
1544 5065 1601 5111 ut
1632 5058 1783 5111 initio
1817 5058 1923 5113 dixi
1954 5060 1994 5123 ¹,

408 5154 463 5197 et
491 5144 841 5212 inopinatum,
866 5146 958 5200 sed
989 5147 1136 5212 utile,
1161 5146 1383 5215 justum,
1429 5156 1483 5201 et
1526 5147 1857 5204 auditoribus
1904 5166 1998 5204 au-

408 5237 671 5292 SCttilalldl
701 5238 1209 5309 obtemperandique
1236 5240 1444 5308 cupidis
1470 5241 1804 5295 conducibile
1829 5259 1842 5306 ;
1872 5258 1997 5311 pro-

412 5328 591 5383 litetur
604 5330 746 5383 enim
765 5344 823 5384 se
849 5341 1179 5384 ostensuram
1206 5331 1332 5394 (sed
1363 5347 1430 5385 ne
1454 5333 1880 5404 tumultuemini)
1905 5350 1999 5389 ne-

405 5425 609 5478 minem
654 5440 842 5480 eorum
874 5426 958 5494 qui
991 5424 1188 5479 damno
1219 5425 1541 5491 afﬁciuntur,
1569 5426 1636 5481 ab
1665 5426 1803 5486 alio.
1838 5429 1934 5483 sed
1965 5444 1996 5483 a

402 5517 582 5585 seipse
609 5516 752 5572 laedi.

467 5672 484 5703 ι
513 5676 623 5721 Post
657 5676 900 5719 certmncn
932 5667 1078 5729 ineat,
1120 5684 1248 5721 unus
1285 5680 1471 5723 tantum
1512 5675 1671 5724 Codex
1709 5677 1782 5727 sic
1811 5676 1994 5728 habet:

397 5731 602 5845 ‘(mrmdo
625 5730 823 5844 qlgidem
844 5730 950 5784 haec
973 5745 1004 5782 a
1026 5732 1187 5784 multis
1206 5735 1496 5797 objiciuntur
1520 5749 1729 5798 ,‘ttorum
1753 5752 1868 5790 sane
1891 5754 1996 5791 cer-

416 5808 579 5845 amen.
609 5807 640 5843 e
694 5831 707 5845 .

416 5808 579 5853 amen,
609 5807 707 5845 etc.

3590 350 3695 407 482

2178 466 2231 520 2.
2276 467 2344 523 Ut
2366 477 2541 523 autem
2572 468 2853 524 dilucidior
2899 468 2969 523 sit
3014 468 3202 535 oratio,
3230 482 3328 539 age
3356 469 3582 538 primum
3615 470 3697 522 in-

2103 558 2374 628 quiramus
2400 560 2526 630 quid
2556 561 2627 615 sit
2651 560 2924 623 damnum,
2950 570 3005 615 et
3047 561 3098 615 in
3129 575 3349 630 quarum
3377 575 3557 615 rerum
3584 575 3696 613 ma-

2105 649 2237 702 teria
2259 651 2461 705 versari
2486 650 2656 707 soleat
2693 668 2706 705 :
2740 660 2794 706 et
2820 651 2947 723 quid
2982 652 3193 706 tandem
3224 651 3293 706 sit
3332 650 3562 704 humana
3593 651 3696 704 vir-

2108 746 2215 804 tus,
2244 742 2477 812 quidque
2511 760 2627 799 eam
2660 743 2838 810 ltcdat,
2887 744 3012 812 quid
3045 745 3169 798 item
3210 744 3455 800 videatur
3479 744 3695 809 laedere,

2105 848 2205 887 nec
2234 843 2408 890 tamen
2438 835 2615 890 laedat.
2642 836 2888 906 Exempli
2914 852 3071 891 causa
3103 836 3386 907 (exemplis
3405 838 3548 890 enim
3576 851 3696 889 ora-

2109 925 2180 979 tio
2212 925 2534 994 pcrlicicnda
2563 926 2691 997 est),
2738 928 2958 997 singulm
2983 943 3071 983 res
3096 943 3124 981 a
3153 927 3374 998 singulis
3411 927 3697 993 laeduntur,

2106 1013 2303 1069 ferrum
2335 1031 2363 1070 a
2396 1016 2657 1087 rubigine,
2697 1017 2815 1071 lana
2851 1031 2878 1070 a
2920 1018 3080 1085 tinea,
3123 1017 3306 1071 ovium
3335 1030 3530 1087 greges
3559 1031 3589 1070 a
3618 1017 3696 1069 lt:-

2106 1105 2209 1173 pis.
2243 1109 2317 1159 Ae
2344 1107 2452 1160 vini
2478 1107 2692 1176 quidem
2721 1108 2804 1162 vis
2833 1107 3197 1172 labefactatur,
3247 1122 3372 1161 cum
3414 1106 3467 1161 id
3499 1107 3692 1176 depra-

2107 1204 2278 1260 vatur,
2325 1205 2382 1252 et
2420 1198 2471 1251 in
2506 1213 2732 1268 vappam
2766 1208 3159 1264 commutatur;
3201 1198 3375 1252 mellis
3395 1213 3543 1263 vero,
3577 1214 3695 1252 cum

2111 1288 2400 1358 ingenitam
2428 1289 2624 1343 amittit
2650 1288 3008 1356 dulcedinem,
3027 1290 3151 1345 etin
3173 1303 3409 1342 amarmn
3437 1289 3698 1356 liquorem

2109 1383 2458 1437 convertitur.
2491 1382 2736 1438 Tritieeis
2779 1380 3021 1451 frugibus
3067 1381 3222 1437 obest
3261 1396 3440 1451 mrugo
3465 1390 3519 1436 et
3544 1381 3699 1435 sicci-

2108 1480 2210 1539 tas,
2274 1474 2459 1528 vitium
2512 1472 2739 1540 fructui,
2806 1474 3069 1545 pampinis
3113 1482 3167 1528 et
3225 1474 3532 1544 palmitibus
3582 1488 3699 1525 ma-

2108 1565 2191 1621 lus
2247 1566 2567 1624 locustarum
2623 1568 2925 1635 exercitus;
2972 1569 3089 1623 aliis
3145 1567 3425 1623 arboribus
3482 1581 3639 1622 eruca
3677 1609 3692 1633 ,

2108 1658 2422 1726 corporibus
2460 1658 2587 1714 item
2619 1660 2839 1714 rationis
2867 1659 3175 1730 expertibus
3226 1658 3356 1713 varii
3401 1657 3572 1713 morbi
3599 1676 3610 1710 :
3635 1673 3699 1713 ac

2109 1766 2177 1805 ne
2214 1751 2437 1822 singulis
2479 1751 2862 1823 percensendis
2907 1753 3123 1823 longum
3174 1763 3450 1808 nectamus
3492 1764 3700 1805 sermo-

2110 1857 2256 1908 nem,
2287 1843 2502 1913 corpori
2545 1858 2757 1913 quoque
2787 1852 2972 1898 nostro
3006 1851 3059 1897 et
3104 1841 3303 1909 febres,
3330 1851 3386 1898 et
3422 1841 3698 1912 paralysis,

2109 1933 2305 2002 aliique
2337 1934 2507 1989 morbi
2543 1934 2776 2005 plurimi.
2804 1933 3268 2001 Quemadmodum
3291 1948 3419 2003 ergo
3447 1930 3562 1987 haec
3590 1932 3702 1987 sin-

2113 2027 2237 2098 gula
2274 2026 2471 2081 habent
2496 2042 2525 2080 a
2547 2042 2652 2097 quo
2681 2027 2849 2081 virtus
2877 2041 3061 2082 eorum
3109 2025 3473 2091 labefactetur,
3504 2040 3599 2094 age
3622 2024 3701 2077 vi-

2115 2119 2339 2177 deanms
2365 2120 2491 2191 quid
2517 2120 2676 2176 etiam
2705 2119 2980 2175 hominum
3026 2118 3208 2190 generi
3247 2124 3457 2178 noceat,
3495 2126 3547 2171 et
3574 2116 3701 2186 quid

2115 2214 2328 2269 tandem
2355 2215 2423 2269 sit
2449 2213 2592 2283 quod
2620 2212 2853 2268 hominis
2893 2213 3143 2267 virtutem
3167 2210 3466 2266 labefactet.
3498 2207 3701 2277 Vulgus

2110 2305 2325 2377 quidem
2352 2306 2454 2360 alia
2475 2302 2718 2375 qumdam
2744 2319 2861 2359 eam
2882 2303 3077 2359 ltedere
3092 2302 3362 2370 opinatur.
3388 2299 3516 2354 Nam
3539 2300 3700 2353 etiam

2110 2399 2257 2454 falsae
2276 2398 2559 2469 Opiniones
2580 2395 2871 2452 recitandae
2896 2402 3041 2461 sunt,
3062 2394 3232 2463 iisque
3249 2390 3555 2455 confutatis,
3574 2402 3698 2445 vera

2112 2500 2416 2547 nostrarum
2446 2491 2701 2545 virtutum
2749 2487 3050 2558 corruptela
3082 2487 3133 2542 in
3163 2486 3394 2540 medium
3424 2484 3701 2555 proferen-

2111 2583 2201 2652 da,
2233 2592 2287 2638 et
2312 2581 2592 2652 perspicue
2618 2580 3030 2647 ostendendum,
3070 2578 3122 2633 id
3168 2577 3570 2641 detrimentum,
3610 2583 3700 2628 aut

2112 2674 2164 2730 id
2185 2676 2434 2730 damnum
2453 2692 2481 2730 a
2502 2674 2715 2729 nemine
2734 2673 2883 2728 nobis
2899 2672 3013 2727 dari
3032 2686 3207 2742 posse,
3228 2671 3327 2724 nisi
3346 2668 3700 2736 nosmetipsos

2111 2768 2420 2836 prodamus.
2458 2766 2659 2836 Vulgus
2697 2780 2825 2836 ergo
2851 2765 3029 2835 pravis
3073 2764 3330 2819 imbutum
3360 2761 3700 2830 opinionibus

2110 2858 2318 2913 diversa
2350 2859 2628 2933 existimat
2661 2866 2860 2913 nostra!
2900 2857 3080 2911 virtuti
3111 2870 3324 2917 nocere,
3353 2855 3438 2909 alii
3469 2868 3697 2923 pauper-

2112 2959 2294 3013 tatem,
2328 2949 2414 3003 alii
2443 2950 2682 3019 corporis
2713 2948 2982 3015 morbum,
3012 2948 3103 3002 alii
3146 2946 3391 3018 pecuniae
3412 2946 3697 3016 jacturam,

2111 3043 2198 3097 alii
2224 3043 2572 3109 calumniam,
2610 3042 2699 3096 alii
2726 3052 2973 3105 mortem,
3004 3048 3163 3110 atque
3189 3039 3304 3094 htec
3334 3046 3589 3109 perpetuo
3618 3038 3697 3092 la-

2112 3143 2422 3189 mentantur
2449 3149 2513 3189 ac
2541 3133 2856 3204 deplorant;
2891 3142 2944 3187 et
2992 3147 3107 3199 eos,
3136 3132 3328 3202 quibus
3354 3131 3442 3186 illa
3470 3129 3699 3199 contige-

2113 3234 2259 3291 runt,
2296 3226 2634 3291 miserantes,
2673 3234 2729 3281 et
2768 3225 2978 3289 ﬂentes,
3021 3233 3075 3278 et
3113 3221 3464 3293 obstupefacti
3513 3220 3699 3277 dicunt

2111 3318 2251 3374 inter
2278 3333 2337 3373 se
2361 3335 2374 3371 :
2399 3317 2587 3386 Qualia
2620 3332 2904 3389 perpessus
2933 3326 3015 3371 est
3041 3315 3163 3371 ille?
3210 3321 3431 3384 repente
3451 3313 3698 3368 omnibus

2111 3411 2339 3467 fortunis
2368 3394 2714 3467 eversus'est.
2763 3410 2914 3465 Alius
2954 3409 3021 3465 de
3066 3409 3172 3463 alio
3211 3406 3446 3462 vicissim
3474 3423 3489 3462 :
3515 3405 3585 3460 At
3610 3404 3698 3460 ille

2111 3502 2162 3559 in
2195 3520 2412 3575 gravem
2443 3503 2688 3558 morbum
2720 3503 2922 3568 incidit,
2952 3510 3006 3557 et
3027 3516 3057 3555 a
3092 3499 3332 3566 medicis,
3361 3498 3451 3569 qui
3479 3496 3543 3553 ad
3573 3512 3696 3551 eum

2116 3596 2463 3661 accedebant,
2499 3594 2816 3663 desperatus
2842 3602 2943 3649 est.
2978 3594 3095 3649 Jam
3141 3591 3276 3645 alius
3304 3591 3533 3646 carceris
3559 3589 3699 3644 inco-

2110 3686 2209 3751 las,
2234 3685 2372 3739 alius
2396 3687 2567 3757 patria
2597 3686 2798 3754 pulsos,
2845 3694 2899 3740 et
2926 3685 2977 3738 in
3008 3682 3253 3740 exsilium
3278 3683 3542 3752 relegatos
3571 3698 3585 3735 :
3610 3679 3698 3736 hie

2110 3776 2358 3831 libertate
2379 3784 2589 3844 exutos,
2616 3777 2707 3831 ille
2727 3777 2795 3831 ab
2819 3774 3062 3831 hostibus
3084 3774 3137 3829 in
3159 3773 3516 3843 captivitatem
3544 3772 3699 3827 abre-

2111 3874 2249 3937 ptos,
2284 3869 2383 3922 iste
2427 3869 2785 3933 submersum,
2818 3876 2911 3922 aut
2945 3866 3308 3931 combustum,
3352 3863 3489 3918 alius
3537 3862 3693 3918 ruina

2109 3959 2301 4013 domus
2329 3972 2666 4028 oppressum,
2700 3958 2844 4028 luget
2871 3971 2934 4012 ac
2958 3955 3142 4022 deflet,
3167 3965 3219 4010 at
3240 3952 3483 4025 improbe
3509 3954 3697 4009 viven-

2111 4058 2190 4104 tes
2234 4065 2393 4104 nemo
2433 4068 2445 4104 :
2484 4051 2577 4104 sed
2602 4049 2741 4119 quod
2772 4048 3021 4104 onmibus
3045 4056 3128 4103 est
3153 4048 3385 4119 gravius,
3434 4060 3528 4102 eos
3555 4060 3699 4116 saepe

2106 4157 2320 4213 quoque
2352 4142 2537 4196 beatos
2564 4141 2878 4212 praedicant,
2910 4153 3029 4210 qure
3057 4139 3217 4194 etiam
3257 4137 3495 4193 omnium
3525 4137 3697 4190 malo-

2108 4249 2226 4289 rum
2260 4248 2420 4293 causa
2446 4242 2547 4287 est.
2575 4234 2689 4301 Age
2714 4233 2872 4301 igitur
2902 4230 3018 4304 (sed
3039 4241 3097 4285 ut
3117 4229 3379 4301 principio
3405 4230 3607 4299 rogavi,
3631 4244 3699 4283 ne

2110 4323 2548 4396 tumultuemini),
2568 4324 2911 4380 ostendamus
2941 4323 3073 4378 nihil
3098 4337 3281 4378 eorum
3309 4335 3426 4391 qua:
3442 4319 3696 4383 diximus,

2109 4433 2304 4472 nocere
2332 4418 2513 4471 sobrio
2539 4418 2761 4484 homini,
2792 4430 2968 4486 neque
2996 4416 3248 4470 virtutem
3276 4412 3390 4482 ejus
3416 4412 3696 4466 labefactzt-
3728 4476 3740 4495 ἴ

2108 4526 2166 4564 rc
2196 4524 2372 4579 posse.
2403 4508 2539 4577 Quid
2566 4510 2730 4573 enim,
2760 4509 2845 4564 dic
2876 4509 3026 4573 mihi,
3070 4507 3320 4563 omnibus
3347 4506 3537 4575 opibus
3567 4520 3694 4574 spo-
3728 4500 3737 4512 '

2109 4602 2257 4666 lizttn,
2289 4611 2382 4653 aut
2409 4615 2437 4654 a
2482 4600 2980 4663 calumniatoribus,
3010 4599 3123 4652 sive
3152 4613 3182 4651 a
3213 4595 3571 4665 prtedonibus,
3605 4604 3698 4648 aut

2106 4694 2264 4748 etiam
2293 4692 2548 4761 improbis
2578 4693 2746 4746 servis
2762 4696 2921 4744 exuto
2938 4690 3184 4743 omnibus
3207 4687 3544 4742 facultatibus
3560 4687 3690 4750 suis,

2110 4783 2211 4837 hoc
2236 4782 2489 4836 damnum
2534 4779 2723 4844 obfuit,
2756 4788 3009 4849 quantum
3045 4776 3112 4833 ad
3138 4778 3386 4832 virtutem
3421 4776 3694 4833 hominis?

2180 4872 2317 4938 Quid
2339 4873 2403 4927 sit
2429 4873 2583 4925 virtus
2614 4869 2851 4934 hominis,
2890 4879 2936 4923 et
2957 4868 3080 4939 quid
3104 4886 3214 4923 eam
3244 4869 3425 4924 (cedere
3444 4871 3698 4940 possit.—

2108 4968 2213 5023 Sed
2248 4969 2445 5038 potius,
2475 4967 2518 5022 si
2553 4967 2619 5019 ita
2649 4964 2874 5030 videtur,
2909 4963 3137 5033 primum
3164 4961 3527 5018 describamus
3583 4962 3692 5015 vir-

2109 5069 2275 5115 tutem
2305 5059 2556 5124 hominis,
2589 5057 2841 5128 quidnam
2868 5072 2931 5111 ea
2964 5056 3174 5112 laudent
3217 5056 3304 5115 sit.
3334 5056 3422 5111 ubi
3453 5056 3599 5126 prius
3628 5056 3692 5109 ad

2105 5153 2235 5206 alias
2261 5164 2349 5206 res
2377 5152 2671 5205 orationem
2699 5149 3148 5213 converterimus,
3197 5157 3252 5201 ut
3290 5164 3409 5203 eam
3451 5148 3690 5201 multitu-

2105 5243 2214 5296 dini
2246 5242 2310 5296 ad
2340 5239 2740 5311 intelligendum
2772 5238 3066 5294 faciliorem
3095 5247 3150 5293 et
3180 5238 3550 5293 dilucidiorem
3576 5234 3693 5291 effi-

2103 5336 2327 5415 ciamus.

2175 5428 2229 5482 5.
2270 5426 2408 5495 Quid
2430 5441 2557 5496 ergo
2579 5436 2659 5479 est
2679 5425 2849 5478 virtus
2875 5425 3035 5495 equi?
3060 5422 3325 5493 Numquid
3355 5437 3573 5477 aureum
3598 5420 3696 5475 ha-

2106 5521 2231 5575 bere
2267 5519 2497 5583 frenum,
2545 5525 2599 5571 et
2644 5514 3015 5584 hujuscemodi
3049 5513 3290 5583 cingula,
3333 5512 3689 5582 stragulorum

2103 5608 2312 5663 vincula
2351 5623 2417 5663 ex
2461 5606 2647 5662 sericis
2689 5605 2791 5659 filis
2836 5608 3107 5668 contexta,
3151 5612 3356 5674 tapetas
3392 5604 3692 5673 variegatos

2103 5715 2341 5770 auroque
2384 5699 2721 5766 intertextos,
2754 5697 3001 5767 phaleras
3029 5697 3253 5766 gemmis
3280 5694 3580 5761 distinctas,
3604 5694 3691 5765 jtt-

2109 5794 2203 5850 has
2232 5792 2409 5849 aureis
2437 5792 2680 5849 funiculis
2708 5789 3048 5860 complicatas
3081 5806 3095 5843 :
3124 5804 3191 5844 an
3225 5804 3356 5846 vero
3383 5804 3543 5845 cursu
3572 5802 3692 5844 esse
