4036 6426
377 361 481 416 665

384 469 643 534 velocem,
668 464 914 522 cruribus
935 465 1070 521 bene
1092 464 1278 528 firmis,
1303 474 1583 517 numerose
1602 455 1873 520 incedere,
1906 464 1963 510 et

384 558 612 628 ungulas
656 556 856 613 habere
901 567 1163 626 generoso
1199 566 1339 622 equo
1382 550 1601 620 dignas;
1652 545 1967 603 fortitudine

389 647 670 717 prteditum
702 662 851 712 esse,
892 645 1063 716 longis
1113 643 1390 699 itineribus
1431 658 1496 697 ac
1538 640 1692 697 bellis
1734 638 1963 703 idonea;

388 755 546 809 posse
572 749 628 795 et
662 740 718 794 in
755 739 869 794 acie
905 751 1097 808 magno
1138 736 1318 790 animo
1355 743 1532 800 stare,
1577 740 1632 788 et
1670 730 1805 786 facta
1846 729 1965 798 fuga

386 830 617 899 equitem
648 829 968 883 incolumem
989 826 1351 882 conservare?
1390 826 1581 879 Annon
1624 821 1964 893 perspicuum

386 931 488 987 est,
522 922 621 990 his,
646 935 752 975 non
779 921 884 975 illis
909 920 1032 990 equi
1059 920 1307 974 virtutem
1337 916 1638 973 contineri?
1680 916 1962 969 Asinorum

388 1029 512 1068 vero
538 1021 591 1067 et
615 1011 881 1065 mulorum
899 1024 1060 1080 quam
1082 1010 1335 1064 virtutem
1362 1005 1747 1063 esse’diceres?
1770 1008 1962 1058 Annon

387 1120 543 1175 posse
568 1117 737 1159 onera
762 1100 1047 1157 commode
1071 1109 1306 1171 gestare,
1340 1100 1526 1154 itinera
1555 1096 1705 1151 facile
1732 1093 1964 1150 conﬁce-

386 1211 463 1263 re,
499 1194 695 1250 liabere
723 1192 907 1264 pedes,
941 1191 1031 1262 qui
1054 1190 1302 1245 firmitate
1327 1204 1453 1244 saxa
1484 1185 1794 1243 imitentur?
1826 1185 1961 1240 Num

383 1303 468 1351 ea,
507 1284 702 1356 quibus
741 1282 1077 1338 extrinsecus
1118 1279 1429 1335 circumdati
1467 1287 1611 1344 sunt,
1655 1276 1851 1346 aliquid
1896 1274 1963 1329 ad

381 1382 631 1433 virtutem
672 1375 908 1445 ipsorum
945 1373 1218 1444 proprium
1258 1370 1505 1427 conferre
1538 1367 1819 1425 dicemus?
1861 1367 1965 1422 Ne-

379 1483 667 1540 quaquam.
694 1467 915 1522 Vineam
943 1464 1135 1520 deinde
1154 1478 1313 1535 quam
1342 1460 1769 1517 admirabimur?
1800 1458 1962 1513 Foliis

384 1568 649 1616 comatam
688 1566 744 1614 et
788 1556 1108 1627 palmitibus,
1156 1571 1223 1609 an
1269 1554 1439 1609 fructu
1482 1552 1764 1608 onustam?
1791 1550 1961 1619 Quam

383 1653 547 1707 etiam
574 1650 726 1706 olivae
750 1648 997 1703 virtutem
1020 1661 1138 1701 esse
1167 1645 1428 1700 dicimus?
1453 1644 1588 1700 Cum
1614 1658 1835 1713 magnos
1863 1640 1962 1694 ha-

348 1780 357 1787 .
385 1740 479 1797 bet
502 1754 703 1806 ramos,
727 1747 781 1794 et
810 1737 1029 1793 multam
1055 1736 1298 1791 foliorum
1329 1750 1558 1801 comam,
1576 1749 1643 1788 an
1668 1749 1787 1789 cum
1808 1746 1962 1788 suum

382 1832 615 1887 fructum
646 1830 865 1886 uberem
894 1838 948 1885 et
969 1828 1022 1883 in
1043 1842 1229 1883 omnes
1246 1834 1428 1899 partes
1452 1827 1753 1898 dispersum
1782 1834 1964 1881 osten—

385 1925 499 1980 tat?
528 1923 619 1980 Sic
648 1923 807 1993 igitur
836 1922 995 1977 etlam
1024 1921 1076 1975 in
1112 1920 1418 1976 hominibus
1443 1920 1714 1975 faciamus.
1749 1919 1961 1974 Discer-

383 2030 572 2072 namus
593 2015 842 2071 virtutem
871 2013 1128 2076 hominis,
1179 2012 1335 2082 idque
1361 2013 1530 2067 Solum
1571 2010 1821 2065 damnum
1851 2009 1962 2063 exi-

380 2108 682 2171 stimemus,
709 2105 850 2177 quod
893 2105 1034 2159 illam
1077 2104 1259 2158 violet.
1304 2102 1442 2171 Quid
1483 2102 1643 2173 igitur
1679 2109 1761 2156 est
1794 2101 1961 2154 virtus

384 2198 651 2254 hominis?
673 2197 1070 2267 Non_pecnni:e,
1100 2204 1157 2252 ut
1184 2204 1548 2266 paupertatem
1588 2202 1827 2258 metuas;
1862 2207 1961 2247 nec

381 2289 581 2345 sanitas
601 2265 864 2359 corporis,
890 2297 948 2343 ut
969 2288 1158 2343 timeas
1179 2265 1421 2341 morbum
1442 2302 1457 2353 ;
1482 2300 1587 2340 non
1611 2283 1962 2339 multitudinis

382 2380 584 2451 Opinio,
621 2387 680 2434 ut
708 2382 1007 2448 suspectam
1031 2376 1229 2432 habeas
1256 2376 1699 2432 existimationem
1732 2374 1959 2441 malam;

383 2486 483 2527 nec
506 2471 613 2526 vita
640 2485 733 2540 per
762 2485 822 2525 se
846 2469 961 2523 sola
982 2468 1099 2525 sine
1128 2467 1452 2538 abjectione,
1483 2476 1737 2541 certoque
1763 2480 1961 2537 propo-

384 2563 486 2618 sito
518 2560 641 2627 fine,
673 2568 731 2615 ut
759 2575 904 2615 mors
948 2559 1040 2613 tibi
1080 2557 1429 2614 formidabilis
1471 2558 1723 2622 exsistat;
1767 2572 1866 2613 nec
1899 2556 1962 2611 li-

386 2654 587 2718 bertas,
621 2660 680 2706 ut
707 2650 1015 2706 servitutem
1044 2648 1213 2720 fugias
1244 2667 1257 2702 :
1289 2649 1381 2705 sed
1407 2663 1543 2703 verm
1562 2648 1819 2704 doctrina:
1844 2648 1963 2703 dili-

381 2758 516 2812 gens
555 2741 812 2805 studium,
855 2749 909 2796 et
948 2740 1069 2794 vitzn
1114 2741 1382 2796 honestas.
1416 2740 1541 2794 llaec
1570 2754 1698 2795 vero
1724 2755 1822 2794 nec
1850 2740 1963 2809 ipse

380 2834 627 2889 diabolus
653 2833 848 2903 poterit
876 2832 1109 2902 eripere,
1140 2831 1185 2887 si
1213 2847 1489 2901 possessor
1512 2847 1596 2899 ea,
1614 2847 1716 2902 qua
1742 2846 1836 2902 par
1857 2839 1958 2897 est,

380 2941 507 2983 cura
536 2924 801 2981 custodiat
825 2941 838 2977 :
872 2923 1029 2994 idque
1054 2924 1411 2994 nequissimus
1440 2933 1494 2980 et
1524 2923 1854 2979 truculentus
1873 2923 1961 2980 ille

381 3015 591 3071 dazmon
618 3015 783 3071 novit.
813 3015 958 3070 lianc
984 3014 1125 3071 enim
1149 3014 1218 3070 ob
1239 3031 1454 3071 causam
1489 3015 1650 3071 etiam
1679 3015 1780 3071 Job
1806 3016 1963 3071 bonis

304 3092 311 3093 ⁷
379 3106 645 3174 spoliavit.
674 3121 780 3161 non
806 3114 868 3161 ut
890 3121 1015 3161 eum
1042 3121 1326 3177 pauperem
1344 3104 1612 3172 redderet,
1629 3105 1725 3162 sed
1748 3116 1803 3161 ut
1823 3107 1963 3163 blas-

381 3200 632 3267 phemum
674 3199 891 3269 aliquod
928 3198 1154 3254 verbum
1182 3196 1370 3253 efferre
1396 3208 1611 3269 cogeret
1641 3217 1654 3253 :
1689 3208 1742 3254 et
1770 3214 1963 3270 corpus

383 3289 639 3354 concidit,
671 3304 773 3343 non
802 3298 862 3343 ut
891 3288 942 3342 in
970 3289 1214 3344 morbum
1245 3289 1553 3359 conjiceret,
1575 3288 1666 3344 sed
1696 3298 1754 3344 ut
1772 3292 1963 3345 animm

385 3379 634 3433 virtutem
670 3378 1031 3434 labefactaret.
1080 3378 1186 3436 Sed
1227 3387 1401 3435 tamen
1442 3394 1563 3435 cum
1610 3396 1797 3436 omnes
1837 3396 1963 3437 suas

384 3469 660 3523 machinas
689 3468 1032 3549 admovisset,
1063 3478 1120 3524 et
1158 3485 1224 3526 ex
1251 3470 1415 3525 divite
1443 3486 1728 3541 pauperem
1759 3471 1965 3526 effecis-

384 3571 463 3615 set
496 3560 572 3630 (id
613 3561 757 3632 quod
789 3561 943 3616 nobis
978 3561 1214 3617 omnium
1261 3564 1491 3619 maxime
1531 3564 1784 3620 horribile
1813 3564 1962 3619 vide-

382 3655 515 3723 tur),
543 3668 611 3708 ex
643 3653 930 3708 multorum
975 3654 1264 3710 liberorum
1294 3663 1442 3725 patre
1467 3655 1690 3722 orbum;
1733 3672 1852 3712 cum
1884 3664 1964 3712 to-

384 3755 495 3799 tum
522 3745 637 3815 ejus
665 3760 864 3815 corpus
906 3747 1123 3816 gravius
1150 3747 1459 3811 lacerasset,
1490 3763 1647 3819 quam
1685 3748 1962 3803 carnifices

382 3833 435 3886 in
465 3831 730 3903 praetoriis
763 3840 960 3908 (neque
988 3836 1130 3891 enim
1163 3836 1374 3892 illorum
1421 3838 1630 3908 ungula:
1672 3839 1741 3892 ita
1785 3839 1963 3908 perfo-

381 3927 537 3982 diunt
561 3944 770 3995 eorum,
801 3931 890 4000 qui
921 3931 972 3985 in
1004 3945 1192 3986 manus
1221 3932 1454 4001 ipsorqu
1486 3932 1744 3999 incidunt,
1775 3933 1959 3999 latera,

385 4027 440 4072 ιιι
480 4018 596 4083 ejus
631 4034 848 4075 carnem
881 4036 1089 4076 vermes
1125 4022 1484 4094 lacerarunt),
1526 4038 1645 4079 cum
1690 4023 1881 4078 malam
1911 4023 1963 4078 ei

381 4110 828 4166 existimationem
855 4113 1191 4168 conciliasset
1218 4112 1395 4185 (amici
1418 4115 1580 4181 enim,
1602 4115 1690 4184 qui
1717 4115 1960 4181 aderant,

388 4197 505 4253 Non
522 4200 732 4270 dignas,
751 4201 981 4268 aiebant,
1009 4204 1242 4272 peccatis
1270 4204 1372 4259 tuis
1391 4219 1571 4273 pmnas
1589 4205 1801 4269 dedisti,
1825 4206 1964 4259 mul-

387 4289 561 4358 tisquc
599 4290 778 4344 verbis
803 4306 923 4344 eum
965 4292 1330 4364 accusabant),
1373 4309 1493 4348 cum
1524 4310 1629 4348 non
1664 4296 1796 4350 urbe
1838 4311 1964 4350 esa-

386 4386 530 4433 ctum
561 4387 652 4432 aut
677 4379 841 4434 domo
869 4380 919 4434 in
949 4381 1104 4436 aliam
1133 4382 1401 4438 civitatem
1429 4391 1631 4438 tantum
1665 4386 1965 4440 transtulis-

381 4478 485 4535 set,
535 4470 632 4526 sed
675 4472 1069 4542 Sterquilinium
1117 4475 1165 4530 ei
1208 4485 1263 4529 et
1315 4473 1506 4530 domus
1554 4484 1608 4531 et
1653 4478 1797 4533 urbis
1842 4478 1961 4534 loco

383 4562 748 4617 constituisset
793 4578 807 4615 :
844 4578 949 4618 non
976 4563 1139 4618 modo
1191 4564 1240 4619 ei
1272 4580 1376 4619 non
1418 4566 1619 4633 nocuit,
1659 4566 1754 4623 scd
1798 4568 1961 4624 etiam

382 4652 723 4709 illustriorem
747 4668 842 4723 per
866 4653 1089 4710 insidias
1111 4654 1357 4710 reddidit.
1376 4655 1557 4726 Neque
1584 4666 1784 4712 tantum
1808 4659 1964 4730 quid-

381 4756 539 4811 quam
569 4743 636 4798 de
662 4745 816 4800 bonis
844 4762 947 4801 non
979 4747 1218 4814 abstulit,
1252 4763 1574 4819 quamquam
1611 4758 1686 4804 tot
1712 4758 1963 4822 tantaque

385 4834 711 4898 abstulisset,
731 4835 825 4889 sed
854 4838 1015 4892 etiam
1042 4838 1272 4908 majores
1287 4839 1336 4894 ei
1357 4838 1568 4894 divitias
1592 4839 1801 4895 virtutis
1824 4856 1963 4896 com-

385 4923 608 4988 paravit.
640 4925 848 4979 Etenim
892 4927 1093 4998 majore
1127 4928 1394 4999 'deinceps
1433 4929 1706 4986 fruebatur
1744 4931 1958 4998 ﬁducia,

387 5014 578 5083 quippe
599 5012 883 5070 dil‘ﬁriliori
906 5033 1113 5086 quoque
1135 5022 1426 5076 certamine
1452 5021 1780 5090 perfunctus.
1808 5022 1960 5092 Quod

382 5104 426 5158 si
458 5106 523 5165 is,
551 5107 639 5176 qui
670 5115 811 5161 tanta
842 5122 1124 5177 perpessus
1158 5120 1260 5179 est,
1305 5111 1613 5167 detrimenti
1656 5113 1785 5168 nihil
1809 5129 1963 5169 acce-

384 5196 481 5265 pit,
502 5212 567 5252 ac
596 5213 878 5269 perpessus
905 5215 1011 5254 non
1034 5200 1100 5256 ab
1118 5201 1352 5271 homine,
1376 5204 1469 5260 sed
1486 5220 1514 5259 a
1533 5206 1776 5262 da'mone
1799 5207 1963 5263 omni-

382 5287 482 5342 bus
511 5287 814 5345 hominibus
848 5291 1106 5361 nequiore
1134 5310 1146 5346 :
1171 5293 1297 5364 quid
1323 5298 1682 5353 excusationis
1708 5298 1961 5371 deinceps

383 5377 600 5434 habebit
641 5382 923 5452 quisquam
975 5397 1184 5449 eorum,
1226 5384 1315 5454 qui
1359 5386 1599 5442 dictitant
1640 5407 1655 5444 :
1692 5388 1788 5445 Ille
1828 5390 1960 5445 mihi

380 5466 633 5524 damnum
659 5480 750 5526 aut
792 5473 1168 5530 detrimentum
1210 5475 1429 5531 attulit?
1468 5477 1523 5534 Si
1550 5480 1692 5535 enim
1718 5480 1961 5537 diabolus

378 5565 525 5611 tanta
550 5559 737 5629 plenus
760 5561 1122 5632 itnprolutate,
1150 5565 1397 5621 omnibus
1427 5567 1791 5626 instrumentis
1812 5571 1962 5627 adhi-

378 5643 523 5709 bitis,
572 5650 819 5706 omnibus
857 5653 1036 5709 missis
1075 5653 1221 5718 telis,
1269 5655 1516 5710 omnibus
1554 5661 1729 5723 malis,
1759 5677 1877 5733 qua:
1906 5661 1959 5717 in

380 5730 685 5792 hominibus
715 5749 891 5809 erant,
916 5759 1114 5814 magno
1145 5759 1263 5798 cum
1300 5760 1522 5825 excessu
1548 5757 1602 5805 el
1626 5750 1676 5805 in
1705 5730 1955 5807 familiam

1079 351 1135 408 S.
1176 349 1454 407 JOANNIS
1491 341 1954 404 CllRYSOSTOMl
1992 339 2305 395 ARCHIM'.
2344 340 2873 400 CONSTANTINOP.

3444 238 3475 253 α

2065 451 2192 522 justi
2223 454 2359 508 illius
2389 463 2443 509 et
2476 455 2529 508 in
2568 470 2763 525 corpus
2798 457 3085 527 congestis,
3130 458 3257 515 nihil
3294 460 3415 515 viro
3459 460 3676 526 obfuit,

2072 546 2186 612 sed,
2212 557 2268 600 ut
2304 546 2434 613 dixi,
2464 550 2645 617 potius
2669 549 2829 605 etiam
2860 549 3061 620 profuit
3087 570 3099 607 :
3141 555 3230 624 qui
3262 564 3534 623 poterunt
3563 555 3691 625 qui-

2066 633 2189 690 dam
2225 636 2366 692 hunc
2404 646 2498 692 aut
2540 638 2687 693 illum
2714 654 2966 696 accusare
2984 682 3000 707 ,
3029 646 3180 714 quasi
3210 645 3347 702 alter
3373 645 3455 700 ab
3475 644 3693 713 altero,

2067 740 2130 781 ac
2152 741 2264 781 non
2296 727 2471 798 potius
2496 743 2526 783 a
2553 730 2857 800 semetipsis
2882 737 3078 787 damno
3107 733 3279 790 atl‘ecti
3298 735 3326 788 ξ’

2136 818 2189 872 4.
2232 818 2417 872 Adami
2440 820 2671 889 exemplo
2688 821 2910 891 idipsum
2930 823 3140 892 probat;
3158 825 3437 894 objectiom'
3462 843 3690 896 respon-

2066 907 2149 960 det
2178 906 2241 962 de
2277 908 2437 979 poenis
2461 919 2508 964 et
2526 910 2811 980 suppliciis.
2836 940 2905 951 —
2931 912 3069 981 Quid
3097 929 3246 985 ergo,
3274 914 3425 971 dicet
3450 915 3693 984 aliquis.

2069 997 2335 1052 Adamum
2372 1014 2478 1054 non
2505 999 2642 1055 laesit
2679 1015 2742 1055 ac
2778 1003 3160 1072 supplantavit,
3194 1014 3250 1060 et
3274 1006 3545 1075 paradiso
3573 1009 3647 1076 ej.
3670 1034 3700 1046 -

2070 1087 2182 1142 cit?
2210 1088 2330 1143 Non
2364 1089 2472 1156 ille,
2503 1091 2599 1146 sed
2627 1090 2743 1147 laesi
2775 1092 3005 1164 ignavia,
3037 1095 3124 1165 qui
3157 1111 3257 1151 nec
3288 1097 3545 1161 sobrius,
3587 1111 3696 1154 nec

2066 1180 2289 1251 vigilans
2312 1181 2521 1238 fuisset.
2548 1182 2681 1238 Nam
2708 1184 2799 1255 qui
2837 1185 3032 1241 talibus
3068 1201 3131 1243 ac
3167 1189 3324 1243 tantis
3350 1188 3546 1243 allatis
3571 1204 3695 1241 nia-

2069 1269 2246 1325 chinis
2286 1270 2388 1328 Job
2432 1271 2716 1330 deturbare
2758 1277 3014 1346 nequivit,
3061 1278 3327 1348 quomodo
3364 1280 3693 1334 minoribus

2064 1373 2369 1432 superasset
2388 1365 2671 1433 Adamum,
2696 1367 2796 1422 nisi
2814 1368 2859 1423 is
2888 1384 2985 1439 per
3004 1386 3157 1425 suam
3179 1371 3445 1442 ignaviam
3470 1382 3686 1428 semet-

2070 1452 2242 1522 ipsum
2277 1453 2605 1511 dedidisset?
2630 1457 2766 1524 Quid
2797 1458 2991 1529 igitur?
3015 1461 3104 1530 qui
3131 1477 3161 1515 a
3185 1462 3690 1518 calumniatoribus

2066 1544 2461 1602 circumventus
2485 1558 2541 1603 et
2582 1549 2861 1618 publicatis
2907 1551 3063 1608 bonis
3100 1554 3433 1625 proscriptus
3465 1564 3583 1620 est,
3612 1571 3686 1609 an

2074 1634 2121 1691 is
2144 1652 2248 1691 non
2270 1637 2521 1693 damnum
2542 1642 2750 1711 accepit
2762 1642 3008 1698 omnibus
3025 1643 3360 1701 facultatibus
3375 1646 3686 1716 Spoliatus,

2069 1726 2268 1782 amisso
2297 1729 2637 1797 patrimonio,
2661 1732 2955 1789 colluctans
2988 1750 3112 1789 cum
3141 1744 3378 1790 extrema
3427 1752 3683 1807 pauper-
3740 1738 3749 1751 '

2071 1817 2213 1873 tate?
2242 1817 2357 1874 Non
2396 1820 2649 1876 damnum
2698 1826 2923 1894 accepit,
2964 1825 3059 1880 sed
3105 1826 3331 1894 lucrum,
3362 1828 3408 1883 si
3451 1829 3686 1884 sobrius

2066 1918 2168 1965 est.
2210 1910 2348 1978 Quid
2387 1913 2552 1981 enim,
2596 1929 2798 1984 quaeso,
2838 1917 2888 1971 id
2926 1917 3097 1972 obfuit
3132 1919 3429 1988 apostolis?
3475 1919 3684 1976 Nonne

2071 2014 2192 2054 cum
2223 2002 2382 2068 fame,
2413 2004 2520 2067 siti,
2553 2005 2793 2062 nuditate
2835 2008 3171 2064 continenter
3204 2009 3597 2065 laetabantur?
3624 2020 3681 2067 et

2066 2090 2135 2145 ob
2167 2093 2265 2147 hoc
2291 2093 2462 2163 ipsum
2491 2094 2717 2163 proinde
2742 2097 2907 2152 etiam
2934 2097 3219 2153 admodum
3242 2100 3487 2156 illustres
3515 2110 3685 2159 erant

2066 2191 2121 2235 et
2156 2181 2314 2248 'clari,
2358 2199 2713 2255 magnumque
2747 2201 2779 2241 a
2821 2186 2932 2243 Deo
2975 2189 3230 2244 auxilium
3275 2190 3674 2261 impetrarunt.

2066 2272 2201 2338 Quid
2234 2273 2434 2330 Lazaro
2460 2276 2702 2342 morbus,
2733 2278 2933 2344 ulcera,
2958 2288 3263 2350 paupertas,
3304 2283 3557 2338 solitudo
3576 2298 3675 2338 eo-

2067 2383 2186 2422 rum
2215 2368 2303 2438 qui
2330 2369 2663 2437 assisterent,
2702 2370 2910 2427 obfuit?
2940 2374 3131 2427 Annon
3160 2373 3242 2428 his
3272 2376 3434 2431 rebus
3463 2377 3519 2432 ei
3553 2392 3676 2430 ma-

2066 2459 2145 2530 gis
2176 2469 2301 2515 sunt
2337 2471 2601 2518 contextae
2629 2464 2884 2519 coronae?
2914 2463 3051 2531 Quid
3079 2465 3313 2536 Josepho
3349 2469 3497 2522 mala
3528 2469 3676 2524 fama

2067 2552 2212 2607 domi
2260 2553 2496 2625 forisque
2532 2555 2791 2612 collecta?
2818 2572 2940 2611 nam
2975 2566 3031 2613 et
3061 2557 3270 2614 adulter
3294 2570 3350 2615 et
3389 2571 3676 2616 scortator

2072 2645 2367 2702 habebatur
2398 2663 2413 2700 :
2440 2647 2565 2718 quid
2594 2649 2866 2704 servitus?
2892 2649 3017 2719 quid
3045 2650 3328 2706 exsilium?
3353 2651 3562 2706 Annon
3603 2654 3675 2705 ob

2066 2736 2182 2791 haec
2197 2753 2320 2792 eum
2348 2739 2576 2793 maxime
2600 2738 2924 2794 admiramur
2958 2747 3013 2795 et
3032 2740 3465 2809 obstupescimus
3483 2744 3508 2795 ?
3529 2743 3671 2810 Quid

2068 2827 2191 2883 dico
2219 2829 2487 2895 exsilium,
2518 2838 2905 2900 paupertatem,
2949 2835 3142 2884 malam
3172 2830 3386 2896 famam,
3408 2841 3471 2887 et
3496 2833 3675 2887 servi-

2073 2920 2278 2975 tutem?
2306 2919 2448 2975 Mors
2476 2922 2618 2976 enim
2644 2920 2757 2991 ipsa
2791 2921 2917 2992 quid
2960 2921 3094 2977 Abel
3122 2922 3310 2989 obfuit,
3341 2933 3396 2979 et
3422 2924 3672 2979 violenta

2066 3020 2121 3066 et
2149 3010 2452 3075 immatura,
2481 3020 2535 3067 et
2577 3027 2679 3082 per
2705 3010 2884 3067 fratris
2911 3029 3126 3068 manum
3166 3015 3424 3070 scelerate
3464 3016 3672 3069 allata?

2068 3103 2262 3156 Annon
2291 3100 2429 3156 hanc
2458 3101 2528 3157 ob
2552 3118 2667 3157 rem
2688 3103 2886 3173 ubique
2916 3111 3177 3158 terrarum
3207 3104 3555 3160 celebratur?
3578 3105 3670 3159 Vi-

2066 3191 2233 3249 desne
2254 3202 2312 3248 ut
2341 3193 2493 3263 plura
2518 3208 2676 3264 quam
2703 3194 3026 3265 promiserit,
3050 3196 3222 3251 oratio
3238 3196 3669 3252 demonstrarit?

2067 3284 2186 3340 Non
2226 3284 2369 3340 enim
2424 3292 2626 3339 tantum
2672 3286 2962 3342 declaravit
3000 3289 3268 3343 neminem
3312 3303 3341 3340 a
3384 3303 3664 3360 quoquam

2067 3374 2264 3431 damno
2293 3375 2456 3441 affici,
2486 3390 2674 3431 verum
2704 3376 2864 3432 etiam
2904 3378 3083 3447 potius
3124 3378 3329 3431 lucrum
3354 3376 3540 3434 facere
3570 3392 3668 3433 eos

2072 3466 2162 3536 qui
2187 3466 2290 3521 sibi
2321 3468 2620 3522 attendunt.
2650 3467 2814 3536 Cujus
2848 3468 3006 3539 igitur
3029 3470 3200 3540 gratia
3238 3486 3409 3541 pruna:
3450 3481 3513 3526 et
3537 3486 3665 3542 sup-

2068 3559 2265 3630 plicia?
2305 3560 2450 3615 dicet
2493 3561 2722 3630 aliquis;
2767 3562 2919 3630 cujus
2965 3563 3135 3631 gratia
3174 3563 3458 3633 gehenna?
3509 3563 3667 3635 cujus

2066 3650 2233 3720 gratia
2264 3658 2343 3705 tot
2370 3650 2527 3705 mina:
2559 3650 2924 3718 intenduntur,
2970 3653 3015 3707 si
3060 3669 3218 3709 nemo
3260 3671 3359 3710 nec
3397 3656 3660 3711 damnum

2067 3740 2177 3805 dat,
2205 3756 2305 3796 nec
2328 3742 2567 3811 accipit?
2597 3740 2736 3809 Quid
2774 3742 2947 3799 dicis?
2977 3743 3103 3815 quid
3133 3745 3418 3801 confundis
3448 3748 3661 3803 oratio-

2067 3834 2230 3889 nem?
2259 3833 2440 3904 Neque
2464 3833 2607 3889 enim
2637 3835 2767 3903 dixi,
2794 3836 3060 3891 neminem
3092 3837 3344 3893 damnum
3375 3840 3531 3907 dare,
3563 3837 3661 3896 sed

2072 3925 2341 3980 neminem
2364 3925 2628 3995 accipere.
2646 3925 2826 3995 Ecqua
2849 3927 3055 3983 ratione
3072 3927 3182 3983 ﬁeri
3205 3939 3398 3999 potest,
3422 3931 3658 4001 inquies,

2068 4017 2250 4071 multis
2274 4016 2525 4070 damnum
2550 4016 2802 4072 dantibus
2838 4034 2946 4073 non
2988 4020 3217 4090 aliquem
3251 4022 3541 4093 accipere?
3585 4024 3657 4077 Ea

2066 4123 2169 4177 qua
2219 4109 2329 4176 jam
2386 4106 2542 4161 docui
2599 4108 2827 4163 ratione.
2890 4108 3022 4163 Nam
3075 4121 3128 4164 et
3177 4110 3412 4182 Josepho
3461 4112 3660 4168 fratres

2068 4198 2322 4254 damnum
2351 4200 2635 4269 dederunt,
2664 4201 2778 4271 ipse
2805 4211 2979 4257 tamen
3015 4219 3120 4257 non
3149 4206 3357 4275 accepit
3384 4222 3398 4258 :
3439 4216 3497 4261 et
3522 4204 3657 4259 Abel

2066 4289 2287 4345 insidias
2313 4291 2535 4346 tetendit
2561 4291 2716 4360 Cain,
2750 4292 2839 4347 ille
2870 4304 3044 4349 tamen
3077 4295 3142 4349 iis
3189 4312 3296 4350 non
3320 4307 3402 4350 est
3430 4295 3657 4368 implici-

2069 4389 2172 4436 tus.
2198 4381 2309 4439 Hac
2330 4384 2396 4438 de
2424 4398 2582 4437 causa
2615 4399 2787 4453 paena:
2817 4391 2874 4439 et
2898 4385 3155 4454 supplicia
3185 4391 3469 4442 constituta
3507 4394 3650 4441 sunt.

2067 4471 2248 4543 Neque
2274 4474 2416 4527 enim
2447 4473 2515 4529 ob
2556 4489 2741 4528 eorum
2785 4475 2873 4544 qui
2902 4475 3177 4545 patiuntur
3214 4477 3486 4541 virtutem,
3517 4478 3657 4531 Deus

2069 4578 2255 4633 pmnas
2306 4564 2471 4628 tollit,
2524 4564 2619 4618 sed
2675 4575 2893 4635 propter
2942 4566 3337 4635 improbitatem
3388 4569 3654 4623 malitiose

2065 4656 2354 4727 agentium,
2382 4658 2631 4726 proponit
2656 4657 2931 4727 supplicia.
2959 4658 3070 4712 Etsi
3101 4660 3243 4714 enim
3264 4660 3354 4730 qui
3381 4662 3506 4716 mali
3528 4658 3651 4730 quid

2068 4747 2136 4801 ab
2166 4747 2564 4802 insidiatoribus
2606 4748 2898 4818 patiuntur,
2944 4749 3260 4806 illustriores
3298 4751 3552 4818 evadunt,
3604 4749 3656 4803 id

2067 4848 2242 4894 tamen
2273 4856 2379 4897 non
2407 4839 2769 4895 insidiantium
2799 4842 2984 4908 menti,
3016 4842 3109 4898 sed
3139 4858 3333 4919 eorum
3354 4844 3547 4913 quibus
3577 4844 3654 4896 in-

2065 4930 2215 4985 sidias
2246 4939 2523 4985 struuntur
2550 4930 2844 4986 fortitudini
2873 4932 3214 4987 tribuendum
3260 4942 3361 4988 est.
3393 4934 3653 5001 Quocirca

2068 5020 2151 5075 his
2176 5022 2447 5092 sapientia:
2472 5023 2708 5091 praemia,
2758 5023 2862 5077 illis
2887 5025 3139 5093 nequitiae
3170 5026 3429 5096 supplicia
3450 5023 3651 5081 consti-

2068 5120 2285 5169 tuuntur
2307 5130 2369 5170 ac
2414 5124 2799 5185 prarparantur.
2840 5115 3111 5186 Spoliatus
3151 5134 3211 5172 es
3241 5118 3512 5187 pecuniis?
3537 5117 3647 5178 Dic,

2069 5205 2255 5261 Nudus
2276 5222 2501 5277 egressus
2523 5224 2636 5262 sum
2668 5223 2731 5262 ea:
2750 5216 2889 5262 utero
2919 5209 3095 5263 matris
3133 5224 3275 5274 utrm,
3320 5210 3486 5264 nudus
3504 5208 3649 5263 etiam

2065 5308 2284 5354 revertar
2332 5298 2463 5373 (Job
2535 5301 2587 5355 l.
2614 5301 2678 5355 21
2704 5299 2756 5371 );
2785 5300 2922 5355 adde
2949 5300 3074 5355 illud
3120 5302 3469 5370 apostolicum
3500 5317 3517 5355 :
3548 5299 3647 5353 Ni-

2066 5390 2139 5445 hil
2162 5390 2579 5445 eninrintulimus
2599 5391 2651 5444 in
2672 5391 2805 5444 hunc
2825 5391 3109 5456 mundum;
3138 5391 3274 5444 haud
3299 5392 3502 5445 dubiant
3521 5390 3649 5461 quod

2065 5497 2155 5534 nec
2183 5485 2382 5551 auferre
2406 5482 2527 5550 quid
2553 5498 2816 5552 possumus
2838 5483 2917 5551 (l.
2938 5481 3075 5536 Tim.
3104 5482 3158 5537 6.
3179 5482 3257 5554 7).
3286 5482 3421 5538 Male
3436 5479 3649 5548 audisti,

2066 5585 2129 5625 ac
2154 5581 2206 5625 te
2231 5573 2496 5625 sexcentis
2521 5572 2758 5641 quipiam
2803 5572 3065 5628 conviciis
3092 5574 3418 5628 onerarunt?
3453 5575 3640 5629 Recor-

2064 5660 2194 5716 dare
2214 5661 2355 5715 illius
2373 5661 2497 5715 dicti
2534 5680 2546 5716 :
2584 5661 2668 5716 Va:
2685 5664 2821 5717 vobis
2840 5680 2953 5716 cum
2993 5662 3333 5718 benedixerint
3379 5679 3463 5718 vos
3483 5676 3645 5718 onum

2070 5753 2291 5807 homines
2314 5752 2460 5821 (Luc.
2491 5753 2545 5810 6.
2580 5754 2712 5823 26);
2747 5764 2837 5825 et,
2884 5754 3109 5810 Gaudete
3148 5766 3194 5810 ct
3236 5756 3501 5816 cxsultale,
3532 5768 3642 5810 cum
