4036 6388
189 324 283 377 0ϋό

186 440 271 494 καὶ
298 449 627 522 πλοκάμους
651 455 876 525 χρυσοῖς
899 452 1151 524 σχοινίοις
1184 453 1705 524 συμπεπλεγμένους
1745 454 1778 525 ἢ
1806 455 1867 508 τὸ

189 540 433 612 δρομικὸν
466 537 617 596 εἶναι
638 542 737 596 καί¹
759 542 1015 614 εὐσκελῆ,
1051 542 1147 596 καὶ
1192 541 1431 613 βαδίζειν
1463 540 1734 613 εὔρυθμα,
1771 542 1867 596 καὶ

186 629 350 693 ὁπλὰς
380 628 527 700 ἔχειν
566 630 727 701 ἵππῳ
754 626 1070 702 πρεπούσας
1108 631 1366 700 γενναίῳ,
1399 631 1495 683 καὶ
1523 630 1744 700 ἀνδρίαν
1773 648 1868 683 κεο

188 715 418 785 κτῆσθαι
440 717 542 789 τὴν
585 719 645 771 ἐν
693 717 1022 789 ἀποδημίαις
1063 721 1322 790 μακραῖς,
1369 717 1468 788 τὴν
1498 719 1555 770 ἐν
1608 716 1865 786 πολέμοις

187 798 556 871 ἁρμόζουσαν,
580 801 680 855 καὶ
695 802 954 856 δύνασθαι
982 803 1079 856 καὶ
1120 802 1181 856 ἐν
1218 801 1523 873 παρατάξει
1565 800 1704 872 μετά
1734 800 1869 853 πολ-

186 887 278 941 λοῦ
308 888 604 957 φαίνεσθαι
627 889 724 943 τοῦ
748 891 1197 961 παραστήματος,
1212 891 1307 943 καὶ
1333 890 1541 961 τροπῆς
1565 887 1868 959 γενομένης

188 973 384 1039 σώζειν
401 975 492 1029 τὸν
522 975 834 1047 ἀναϐάτην;
859 975 973 1029 Οὐκ
1001 974 1226 1046 εὐδηλον
1243 976 1324 1029 ὅτι
1340 974 1513 1029 ταῦτα
1542 975 1710 1027 ἵππου
1735 974 1867 1045 ἀρε-

184 1060 272 1132 τὴ,
307 1062 413 1115 οὐκ
450 1063 671 1128 ἐκεῖνα;
710 1063 777 1115 Τί
811 1062 883 1123 δὲ,
915 1061 1052 1115 ὅνων
1077 1062 1171 1115 καὶ
1217 1061 1455 1132 ἡμιόνων
1492 1060 1653 1114 ποίαν
1699 1058 1865 1131 φαίης

188 1148 389 1221 ἀρετὴν
424 1143 600 1215 eius;
644 1149 720 1202 Οὐ
752 1148 813 1203 τὺ
849 1148 1107 1203 δύνασθαι
1168 1151 1285 1221 μετ’
1316 1147 1569 1211 εὐκολίας
1629 1145 1867 1218 ἀχθοφο-

189 1241 324 1309 ρεῖν,
352 1239 453 1292 καὶ
506 1238 703 1311 ῥαδίως
743 1240 843 1303 τὰς
868 1240 1023 1303 ὁδοὺς
1061 1236 1324 1305 διανύειν,
1370 1238 1466 1291 καὶ
1513 1235 1682 1300 πόδας
1723 1235 1868 1307 ἔχειν

190 1327 519 1399 περῥότητι
545 1329 752 1399 πέτρας
789 1328 1192 1401 μιμουμένους;
1229 1326 1321 1399 Μὴ
1353 1326 1423 1381 τά
1456 1326 1658 1393 ἔξωθεν
1683 1325 1870 1390 αὐτοῖς

189 1415 559 1486 περικείμενα
597 1417 867 1471 συντελεῖν
908 1434 961 1472 τι
994 1416 1132 1489 πρὸς
1158 1416 1261 1485 τὴν
1304 1414 1508 1469 οίκείαν
1537 1412 1739 1485 ἀρετὴν
1766 1413 1869 1467 αὐ-

187 1502 296 1555 τῶν
342 1503 628 1574 φήσομεν;
671 1504 957 1576 Οὐδαμῶς.
990 1505 1270 1575 Ἀμπελαν
1306 1503 1362 1557 δὲ
1389 1502 1549 1558 ποίαν
1585 1501 1868 1573 θαυμασό-

191 1590 371 1659 μεθα;
404 1592 517 1662 Τὴν
553 1595 667 1655 τοῖς
695 1591 914 1662 φύλλοις
945 1592 1204 1664 κομῶσαν
1231 1592 1326 1647 xal
1365 1594 1480 1655 τοῖς
1507 1592 1804 1662 κλήμασιν,
1831 1589 1865 1660 ἢ

188 1676 290 1747 τὴν
340 1676 420 1747 τῷ
467 1679 669 1751 καρπῷ
717 1678 1083 1751 βριθομένην;
1141 1680 1308 1733 Ποίαν
1357 1678 1415 1732 δὲ
1457 1679 1660 1750 ἀρετὴν
1715 1675 1866 1751 [447]

188 1763 385 1828 ἐλαίας
416 1761 557 1819 εἷναί
584 1783 795 1838 φαμεν;
826 1767 995 1821 Ὀταν
1031 1766 1300 1838 μεγάλους
1330 1766 1430 1839 ἔχῃ
1451 1767 1579 1829 τούς
1618 1765 1866 1830 κλάδους,

189 1854 287 1906 καὶ
335 1852 541 1924 πολλὴν
558 1855 658 1926 τὴν
695 1854 803 1909 ἀπὺ
832 1854 944 1909 τῶν
977 1855 1191 1925 φύλλων
1215 1855 1413 1926 κόμην,
1441 1854 1475 1925 ἢ
1506 1855 1636 1908 ὅταν
1662 1853 1757 1908 τὸν
1787 1853 1868 1907 οί-

187 1944 337 1994 κεῖον
363 1941 577 2013 καρπὸν
602 1941 799 2014 δαψιλῆ
823 1944 918 1997 καὶ
942 1943 1215 2014 πανταχοῦ
1235 1941 1636 2013 διεσπαρμένον
1669 1939 1871 2012 ἐμφαί-

186 2042 287 2097 νης
320 2024 482 2080 Οὖτω
508 2027 572 2099 δὴ
600 2028 693 2081 καὶ
722 2028 815 2081 ἐπί⁵
844 2028 956 2082 τῶν
996 2028 1301 2099 ἀνθρώπων
1335 2028 1602 2099 ποιῶμεν·
1628 2027 1868 2099 διευκρι-

188 2116 448 2181 νήσωμεν
472 2112 572 2183 τὴν
607 2114 809 2184 ἀρετὴν
832 2113 929 2183 τὴν
963 2113 1059 2169 τοῦ
1094 2113 1405 2187 ἀνθρώπου,
1434 2116 1529 2167 καὶ
1559 2112 1762 2183 βλάϐην
1788 2107 1868 2165 εῖ-

187 2213 276 2248 ναι
302 2196 528 2266 ἐκείνην
560 2197 873 2269 νομίσωμεν
901 2199 1090 2269 μόνην,
1134 2198 1231 2270 τὴν
1255 2199 1393 2269 αὐτῇ
1441 2197 1865 2269 λυμαινομένην.

188 2283 256 2336 Τί
283 2279 382 2336 οὖν
408 2285 557 2337 ἐστιν
590 2284 761 2359 ἀρετὴ
788 2285 1107 2359 ἀνθρώπους
1142 2288 1216 2342 Οὐ
1246 2288 1525 2360 χρήματα,
1561 2287 1649 2340 ἵνα
1679 2286 1869 2341 πενίαν

186 2370 403 2442 δείσῃς·
433 2372 554 2425 οὐδὲ
589 2373 771 2442 ὐγίεια
802 2373 1076 2446 σώματος,
1102 2375 1190 2429 ἵνα
1226 2374 1469 2446 φοϐηθῇς
1505 2373 1659 2428 νόσον
1693 2386 1740 2415 ι·
1774 2373 1869 2427 οὐ-

187 2459 248 2513 δὲ
278 2462 312 2529 ἠ
342 2459 452 2513 τῶν
499 2461 711 2517 πολλῶν
741 2462 1028 2535 ὑπόληψις,
1059 2463 1146 2518 ἵνα
1173 2463 1367 2536 ὐπίδῃς
1410 2462 1569 2530 δόξαν
1601 2462 1866 2534 πονηράν·

187 2547 315 2601 οὐδὲ
349 2548 414 2602 τὸ
451 2548 552 2621 ζῇν
595 2550 782 2616 ἁπλῶς
815 2552 908 2606 καὶ
947 2554 1095 2624 είκῆ,
1149 2551 1237 2605 ἵνα
1280 2550 1511 2621 φοϐερός
1537 2568 1618 2606 σοι
1643 2551 1869 2620 γένηται

189 2636 221 2688 6
248 2636 509 2701 θάνατος’
548 2639 668 2693 οὐδέ
697 2639 1002 2712 ἐλευθερία,
1056 2640 1143 2694 ἵνα
1168 2640 1413 2694 δουλείαν
1444 2639 1640 2712 φύγῃς·
1674 2639 1790 2692 ἀλλ’
1835 2638 1869 2709 ἠ

190 2724 303 2778 τῶν
348 2725 567 2797 ἀληθῶν
611 2727 898 2798 δογμάτων
944 2728 1223 2799 ἀκρίϐεια,
1261 2728 1419 2799 καὶὴ
1456 2728 1596 2785 κατὰ
1630 2728 1721 2781 τὸν
1756 2727 1870 2798 βίον

189 2810 448 2883 ὀρθότης.
505 2813 691 2867 Ταῦτα
718 2813 777 2867 δὲ
818 2814 939 2869 οὐδὲ
974 2815 1137 2879 αὐτὸς
1169 2816 1197 2868 6
1245 2815 1490 2878 διάϐολος
1532 2814 1872 2884 ἀποσυλῆσαι

192 2897 509 2969 δυνήσεται,
536 2899 632 2953 ἐὰν
667 2903 695 2954 6
727 2902 1064 2971 κεκτημένος
1100 2900 1239 2955 αὐτά
1269 2902 1407 2972 μετὰ
1432 2902 1530 2972 τῆς
1559 2899 1869 2972 προσηκού-

195 3003 298 3057 σης
325 2986 616 3058 ἀκριϐείας
646 2988 997 3062 διαφυλάττῃ·
1050 2990 1146 3043 καὶ
1193 2989 1366 3043 ταῦτα
1400 2990 1493 3042 καὶ
1516 2990 1544 3042 6
1567 2988 1870 3059 πονηρότα-

192 3090 289 3137 τος
336 3076 434 3128 καὶ
476 3075 668 3145 ἄγριος
699 3075 908 3149 δαίμων
937 3079 1142 3142 ἐκεῖνος
1160 3066 1304 3131 ὀίδε.
1333 3077 1431 3130 Διά
1469 3077 1578 3149 γάρ
1604 3095 1688 3130 τοι
1715 3076 1873 3131 τοῦτο

194 3162 293 3216 καὶ
312 3163 415 3233 τὴν
441 3165 629 3235 οὐσίαν
663 3166 829 3219 ἐσύλα
858 3165 953 3220 τοῦ
986 3166 1127 3231 Ἰὼϐ,
1156 3167 1255 3239 οὐχ
1284 3166 1370 3220 ἴνα
1407 3166 1616 3237 πένητα
1646 3169 1870 3239 ποιήσῃ,

193 3250 315 3305 ἀλλ’
350 3252 437 3305 ἵνα
479 3252 799 3324 βλάσφημόν
826 3271 880 3307 τι
916 3255 1067 3326 ῥῆμα
1099 3254 1348 3309 ἐκϐαλεῖν
1384 3254 1658 3326 βιάσηταν
1694 3257 1787 3310 καὶ
1810 3257 1873 3311 τὸ

201 3337 363 3409 σῶμα
394 3340 716 3411 κατέτεμεν,
751 3342 849 3414 οὐχ
878 3343 964 3397 ἵνα
993 3344 1278 3417 ἀῤῥωστία
1319 3345 1612 3417 περιϐάλῃ.
1648 3346 1763 3400 ἀλλ’
1786 3347 1873 3401 ἵνα

199 3429 539 3502 ὐποσκελίσῃ
573 3431 673 3503 τὴν
707 3431 849 3485 κατά
870 3430 1049 3504 ψυχὴν
1069 3434 1291 3505 ἀρετήν.
1336 3420 1477 3487 Ἀλλ³
1504 3436 1655 3506 ὅμως
1692 3436 1874 3490 πάντα

201 3517 366 3571 αὐτοῦ
405 3521 635 3591 κινήσας
660 3520 728 3573 τὰ
754 3522 1143 3592 μηχανήματα,
1173 3522 1267 3576 καὶ
1311 3523 1523 3595 πένητα
1557 3524 1678 3578 ἀντὶ
1705 3524 1872 3579 πλου-

198 3605 420 3670 τοῦντος
453 3608 686 3678 ποιήσας
736 3607 917 3679 (τοῦτο
964 3609 1028 3681 δὴ
1054 3609 1115 3663 τὸ
1144 3610 1363 3664 πάντων
1385 3612 1518 3682 ἡμῖν
1551 3611 1578 3650 b
1601 3611 1872 3685 φρικωδέ-

196 3711 397 3749 στατον
423 3691 562 3749 εἶναι
585 3696 818 3768 δοκοῦν),
837 3696 958 3751 ἀντὶ¹
972 3695 1299 3762 πολύπαιδος
1327 3697 1550 3764 ἄπαιδα,
1580 3700 1673 3751 xal
1702 3716 1873 3752 κατα-

199 3782 367 3846 ξάνας
407 3782 571 3837 αὐτοῦ
619 3784 683 3838 τδ
716 3783 877 3855 σῶμα
907 3785 1072 3851 ἅπαν,
1119 3785 1228 3840 τῶν
1260 3789 1320 3840 ἐν
1371 3785 1742 3857 δικαστηρίοις
1776 3787 1874 3857 δη-

201 3872 345 3942 μίων
369 3869 750 3943 χαλεπώτερον
794 3872 877 3941 (οὐ
914 3874 1022 3945 γὰρ
1051 3872 1196 3928 οὕτω
1248 3872 1618 3944 διορύττουσιν
1648 3876 1698 3928 οί
1725 3875 1875 3928 ἐκεί-

196 3977 306 4013 νων
337 3959 527 4030 δνυχες
580 3959 682 4023 τάς
727 3958 966 4033 πλευρὰς
1006 3960 1118 4016 τῶν
1149 3962 1531 4033 ἐμπιπτόντων
1561 3963 1767 4027 αὐτοῖς,
1797 3963 1874 4029 ὼς

199 4041 504 4107 κατέξαναν
541 4042 705 4097 αὐτοῦ
723 4044 823 4113 τήν
847 4043 1023 4115 σάρκα
1039 4044 1144 4098 τῶν
1172 4044 1471 4115 σκωλήκων
1491 4045 1557 4099 τά
1584 4046 1870 4118 στόματα),

202 4125 298 4177 καὶ
342 4124 585 4195 πονηρὰν
643 4123 792 4195 αὐτῷ
837 4126 1080 4196 περιθεὶς
1109 4126 1266 4192 δόξαν
1302 4128 1371 4193 (οί
1399 4128 1507 4199 γὰρ
1549 4128 1693 4197 φίλοι
1723 4128 1873 4200 αὐτῷ

200 4208 471 4277 παρόντες
522 4207 728 4276 ἔλεγον,
757 4208 857 4262 οὐκ
897 4207 1021 4273 ἀξια
1060 4201 1135 4263 ὧν
1151 4210 1397 4282 ἥμαρτες
1433 4211 1871 4283 μεμαστίγωσαι,

200 4292 298 4344 καὶ
328 4288 555 4356 πολλοὺς
586 4292 862 4346 ἐπέτεινον
895 4295 1016 4346 κατ’
1064 4292 1227 4347 αὐτοῦ
1261 4296 1594 4366 κατηγορίας
1636 4295 1871 4367 λόγους),

198 4376 299 4428 καὶ
326 4376 447 4446 οὐχὶ
478 4376 579 4446 τῆς
614 4375 822 4439 πόλεως
869 4374 1116 4430 ἐκϐαλὼν
1156 4375 1339 4447 μόνον,
1378 4377 1499 4431 οὐδὲ
1528 4379 1628 4448 τῆς
1670 4378 1870 4442 οἰκίας,

198 4461 296 4514 καὶ
324 4461 405 4523 είς
430 4458 598 4531 ἄλλην
643 4461 986 4531 μεταστήσας
1021 4459 1192 4523 πόλιν,
1231 4459 1367 4513 ἀλλά
1395 4459 1494 4531 τὴν
1519 4460 1752 4531 κοπρίαν
1779 4463 1873 4516 καὶ

198 4542 382 4596 οἰκίαν
409 4541 559 4612 αὐτῷ
588 4542 684 4596 καὶ
722 4543 876 4595 πόλιν
917 4544 1286 4614 καταστήσας,
1314 4544 1375 4596 οὐ
1410 4543 1570 4614 μόνον
1594 4544 1749 4599 οὐδὲν
1771 4545 1873 4598 αὐ-

196 4626 293 4679 τὸν
341 4625 667 4696 ἐλυμήνατο,
716 4626 855 4679 ἀλλὰ
894 4627 989 4680 καὶ
1022 4626 1404 4698 λαμπρότερον
1447 4627 1515 4680 δι’
1532 4621 1607 4683 ὧν
1640 4627 1871 4683 ἐπεϐού-

197 4709 391 4762 λευσεν
408 4708 704 4780 ἀπέφηνεν.
731 4709 792 4764 Ὀ
818 4709 877 4763 δέ
906 4710 967 4764 οὐ
1000 4710 1159 4780 μόνον
1183 4728 1235 4764 τι
1260 4711 1369 4765 τῶν
1404 4711 1575 4766 ὄντων
1591 4713 1691 4767 οὐκ
1718 4714 1874 4785 ἀφεί-

197 4792 348 4857 λετο,
374 4792 550 4845 καίτοι
568 4791 806 4846 τοσαῦτα
836 4792 1188 4864 ἀφελόμενος,
1219 4793 1355 4848 ἀλλὰ
1398 4794 1493 4848 καὶ
1522 4795 1745 4866 μείζονα
1773 4798 1873 4850 αὐ-

197 4875 280 4947 τῷ
300 4874 394 4928 τὸν
418 4873 648 4927 πλοῦτον
670 4876 770 4946 τῆς
785 4876 988 4947 ἀρετῆς
1019 4876 1333 4948 είργάσατο.
1368 4879 1479 4932 Kal
1494 4878 1604 4949 γάρ
1631 4880 1874 4945 πλείονος

204 4957 350 5029 μετά
382 4957 554 5011 ταῦτα
583 4957 867 5030 ἀπήλαυσε
897 4959 1236 5031 παρῥησίας,
1269 4959 1365 5013 ἅτε
1390 4962 1484 5014 καὶ
1517 4963 1874 5037 σφοδρότερον

202 5041 617 5112 ἀγωνισάμενος
657 5040 866 5109 ἀγῶνα.
919 5041 983 5095 El
1026 5041 1083 5095 δὲ
1138 5043 1168 5095 6
1205 5043 1440 5097 τοσαῦτα
1484 5045 1672 5100 παθὼν
1723 5047 1877 5103 οὐδὲν

201 5124 481 5194 ⁴ἠδίκηται,
519 5126 614 5179 καὶ
652 5124 841 5179 παθὼν
889 5126 950 5179 οὐ
994 5125 1146 5198 παρὰ
1191 5127 1504 5199 ἀνθρώπου,
1539 5129 1678 5184 ἀλλά
1723 5130 1877 5203 παρὰ

199 5207 297 5259 τοῦ
332 5208 549 5262 πάντων
586 5206 888 5280 ἀνθρώπων
930 5208 1298 5280 πονηροτέρου
1338 5209 1610 5279 δαίμονος,
1640 5212 1723 5276 τίς
1764 5213 1876 5280 ἕξει

203 5290 390 5344 λοιπὸν
408 5290 705 5359 ἀπολογίαν
740 5290 850 5346 τῶν
881 5291 1166 5363 λεγόντων,
1192 5293 1273 5346 ὄτι
1306 5295 1334 5346 ὁ
1365 5294 1515 5347 δεῖνά
1543 5311 1610 5364 με
1649 5296 1876 5367 ἠδίκησε

203 5374 299 5427 καὶ
347 5373 725 5444 παρέϐλαψεν;
763 5375 826 5428 EE
862 5374 972 5447 γὰρ
1010 5378 1038 5430 6
1082 5375 1323 5439 διάϐολος
1345 5377 1373 5429 ό
1398 5377 1663 5450 τοσαύτης
1692 5382 1878 5451 γέμων

203 5457 423 5522 κακίας,
470 5457 648 5511 πάντα
701 5457 868 5512 αὐτοῦ
918 5460 1145 5531 κινήσας
1193 5459 1262 5512 τὰ
1287 5460 1513 5531 ὄργανα,
1559 5462 1653 5516 καὶ
1698 5462 1879 5517 πάντα

201 5542 363 5610 ἀφεὶς
395 5541 463 5596 τά
492 5541 645 5615 βέλη,
690 5542 785 5596 καὶ
815 5543 916 5597 ὅσα
949 5539 1016 5614 ἦν
1068 5545 1127 5597 ἐν
1165 5544 1474 5615 ἀνθρώποις
1497 5547 1681 5610 κακὰ,
1739 5547 1878 5615 μετὰ

201 5626 402 5697 πολλῆς
428 5628 530 5700 τῆς
564 5628 894 5701 ὑπερϐολῆς,
930 5629 1024 5683 καὶ
1062 5631 1141 5693 είς
1187 5629 1282 5700 τὴν
1321 5629 1499 5683 οἰκίαν
1523 5630 1616 5684 τοῦ
1663 5631 1874 5687 δικαίου

262 5736 288 5801 _'
316 5734 577 5801 Tregmss.
593 5738 799 5800 φοϐηθῇς
820 5735 1104 5801 ἀῤῥωίηίαν-

256 5796 286 5836 ι
314 5798 394 5849 Sic
417 5798 591 5851 Morel.
618 5805 669 5849 et
691 5796 925 5858 re'cle,'hi
954 5798 1116 5849 falior:
1143 5799 1227 5849 alii
1249 5812 1435 5854 omnes.
1456 5804 1597 5848 πᾶσιν
1618 5799 1747 5863 ἡμῖν.

1262 334 1456 404 QUOD
1487 334 1680 390 NEMO
1719 332 2052 390 LIEDITUR
2094 334 2226 390 NISI
2265 338 2311 391 Α
2350 336 2609 394 SEIPSO.

3537 345 3640 405 ιυι

1970 452 2065 506 καὶ
2102 452 2279 517 είςκτδ
2309 452 2469 523 σῶμα
2498 451 2781 529 ἡκενὼςας,
2812 454 2965 507 οὐδὲν
3011 454 3102 507 τὸν
3144 455 3312 525 ἄνδρα
3364 456 3642 529 ἠδίκησεν,

1968 540 2107 606 ἀλλ’,
2145 540 2283 610 ὅπερ
2322 539 2479 611 ἔφην,
2522 540 2617 594 καὶ
2655 541 2856 611 μᾶλλον
2891 542 3161 613 ὠφέλησε·
3185 543 3299 607 πῶς
3323 543 3642 615 δυνήσονται

1966 644 2113 690 τινες
2138 628 2231 680 τον
2254 627 2404 681 δεῖνα
2435 627 2644 681 καὶτὸν
2696 628 2845 681 δεῖνα
2875 630 3247 692 αίτιάσασθαι,
3276 630 3353 695 ὼς
3389 634 3520 704 παρ’
3540 635 3645 687 αὐ-

1967 713 2098 774 τῶν,
2123 713 2237 765 ἀλλ’
2258 714 2359 783 οὐχ
2371 713 2446 776 ὡς
2469 713 2683 767 οἴκοθεν
2715 714 3061 786 ὴδικημένοι;

2040 796 2305 863 δ’.Τίοῦν,
2322 802 2476 871 φησὶ,
2499 802 2589 854 τὸν
2621 802 2901 873 Ἀδάμούκ
2914 803 3159 876 ἠδίκησε,
3183 807 3276 860 καὶ
3294 806 3642 873 ὑπεσκέλισε,

1968 885 2121 959 [με]
2153 888 2248 941 καὶ
2275 886 2500 951 ἐξέϐαλε
2538 888 2631 941 τοῦ
2676 890 3036 960 παραδείσου;
3073 893 3185 964 Οὐχ
3239 889 3413 959 οὗτος,
3458 893 3574 947 ἀλλ’
3607 897 3641 966 ἡ

1967 974 2063 1028 τοῦ
2088 974 2438 1046 ἀδικηθέντος
2457 973 2721 1046 ῥᾳθυμία,
2750 979 2845 1029 καὶ
2876 978 2938 1031 τὸ
2965 979 3038 1050 μὴ
3069 981 3278 1050 νήφειν,
3316 982 3449 1052 μηδέ
3478 984 3648 1053 ἐγρη-

1968 1061 2211 1135 γορέναι,
2251 1062 2308 1116 '0
2339 1063 2449 1133 γὰρ
2472 1063 2700 1117 τοιαῦτα.
2732 1065 2827 1118 καὶ
2856 1066 3091 1119 τοσαῦτα
3144 1067 3513 1136 προσαγαγὼν
3541 1086 3643 1138 μη-

1969 1150 2282 1220 χανήματα,
2310 1152 2405 1203 καὶ
2441 1151 2532 1205 τὸν
2571 1151 2689 1205 Ἰὼϐ
2722 1156 3069 1221 κατενεγκεῖν
3099 1153 3172 1224 μὴ
3218 1154 3486 1224 δυνηθεὶς,
3527 1154 3644 1218 πῶς

1969 1236 2036 1291 ἂν
2084 1238 2143 1305 ἐξ
2194 1238 2496 1292 ἐλαττόνων
2532 1239 2807 1312 ἐκράτησε
2844 1240 2938 1294 τοῦ
2991 1240 3181 1312 Ἀδὰμ,
3226 1243 3274 1294 εί
3314 1241 3388 1313 μὴ
3417 1241 3502 1295 διά
3544 1245 3646 1314 τῆς

1969 1325 2179 1391 οἰκείας
2235 1326 2505 1399 ῥᾳθυμίας
2530 1328 2722 1382 ἐαυτὸν
2755 1330 3064 1400 προέδωκεν
3093 1330 3333 1396 ἐκεῖνος
3367 1332 3432 1384 Τί
3458 1326 3585 1396 οὖν;
3614 1332 3646 1384 6

1971 1415 2337 1483 συκοφάνταις
2374 1414 2708 1486 περιπεσὼν,
2736 1417 2831 1469 καὶ
2859 1416 3148 1487 δημευθεὶς
3180 1417 3277 1488 τὴν
3311 1418 3519 1479 οὐσίαν,
3544 1418 3645 1470 οὐκ

1969 1500 2247 1571 ἠδίκηται,
2269 1500 2341 1555 τά
2377 1502 2506 1557 ὄντα
2537 1503 2713 1555 πάντα
2747 1502 3088 1575 ἀφαιρεθείς,
3120 1505 3216 1557 καὶ
3261 1504 3533 1576 πατρῴων
3559 1506 3645 1557 ἐκ·

1969 1588 2176 1652 πεσὼν,
2208 1589 2305 1643 καὶ
2333 1590 2495 1660 πενίᾳ
2525 1589 2771 1643 παλαίων
2800 1591 3037 1662 ἐσχάτῃ;
3073 1591 3190 1645 Οὐκ
3212 1591 3484 1662 ἠδίκηται,
3509 1590 3644 1643 ἀλλὰ

1969 1676 2065 1729 καὶ
2085 1675 2393 1747 ἐκέρδανεν,
2418 1675 2516 1729 ἐὰν
2546 1677 2714 1748 νήφῃ.
2750 1676 2817 1729 Τί
2854 1676 2984 1747 γάρ,
3014 1677 3134 1730 εἰπέ
3166 1695 3278 1749 μοι,
3311 1677 3470 1730 τοῦτο
3501 1694 3647 1748 παρ-

1969 1762 2172 1832 έϐλαψε
2205 1764 2331 1827 τοὺς
2356 1763 2716 1830 ἀποστόλους;
2742 1764 2817 1817 Οὐ
2855 1763 3000 1834 λιμῷ
3024 1765 3116 1817 καὶ
3145 1763 3290 1833 δίψει
3319 1765 3413 1818 καὶ
3440 1779 3507 1831 γυ
3516 1762 3646 1834 μνό-

1968 1868 2096 1921 τητι
2146 1849 2387 1921 συνεχῶς
2431 1851 2691 1906 ἐπάλαιον
2716 1867 2731 1917 ;
2762 1852 2855 1904 καὶ
2877 1850 2946 1903 δι’
2968 1851 3100 1903 αὐτὸ
3121 1850 3219 1920 μὲν
3245 1845 3351 1904 οὖν
3366 1850 3526 1903 τοῦτο
3552 1851 3649 1902 καὶ

1971 1939 2176 2010 σφόδρα
2204 1935 2344 2011 ἦσαν
2383 1939 2627 2010 λαμπροὶ
2652 1939 2748 1993 καὶ
2792 1940 3075 2010 ἐπίσημοι,
3105 1939 3197 1992 καὶ
3249 1938 3448 2007 πολλὴν
3495 1939 3648 2009 παρά

1967 2026 2062 2080 τοῦ
2096 2025 2232 2080 Θεοῦ
2260 2026 2359 2098 τὴν
2387 2026 2639 2097 βοήθειαν
2671 2027 3072 2082 ἐπεσπάσαντο.
3105 2026 3170 2079 Τί
3189 2026 3246 2079 δὲ
3279 2025 3371 2079 τὸν
3394 2024 3647 2097 Λάζαρον

1973 2116 2003 2187 ή
2036 2114 2212 2181 νόσος,
2244 2116 2338 2169 καὶ
2382 2115 2450 2168 τὰ
2483 2115 2639 2186 ἐλκη,
2669 2118 2764 2170 καὶ
2808 2118 2842 2188 ή
2885 2116 3064 2180 πενία,
3099 2118 3192 2169 καὶ
3236 2119 3269 2187 ή
3303 2116 3506 2187 ἐρημία
3537 2114 3648 2167 τῶν

1970 2203 2428 2275 προστησομένων
2459 2204 2839 2276 παρέϐλαψεν;
2872 2206 2985 2258 Οὐκ
3017 2204 3264 2257 ἐντεῦθεν
3289 2202 3438 2273 αὐτῷ
3468 2203 3649 2273 μειζό-

1968 2308 2076 2354 νως
2110 2291 2428 2361 ἐπλάκησαν
2448 2294 2497 2345 οί
2538 2293 2824 2361 στέφανοι;
2852 2293 2917 2346 Τί
2945 2292 3000 2345 δὲ
3025 2292 3115 2347 τὸν
3156 2293 3353 2361 Ἰωσὴφ
3383 2292 3442 2344 τὸ
3483 2308 3648 2360 πονη-

1972 2378 2072 2450 ρὰν
2097 2376 2253 2443 δόξαν
2296 2378 2598 2450 κτήσασθαι
2628 2381 2721 2433 ἐπὶ
2772 2380 2874 2449 τῆς
2905 2380 3109 2443 οἰκείας
3152 2381 3255 2451 γῆς
3293 2381 3386 2433 καὶ
3429 2379 3522 2431 ἐπὶ
3549 2379 3648 2449 τῆς

1972 2465 2297 2539 ἀλλοτρίας;
2329 2468 2425 2521 καὶ
2453 2466 2561 2539 γὰρ
2592 2468 2687 2521 καὶ
2717 2468 2903 2539 μοιχὸς
2938 2468 3034 2521 καὶ
3063 2469 3335 2538 ἐταιρικδς
3362 2464 3501 2520 εἶναι
3527 2469 3645 2519 ἐνο-

1975 2554 2182 2626 μίζετο·
2215 2556 2269 2609 τί
2296 2554 2352 2608 δὲ
2381 2557 2415 2627 ή
2443 2555 2689 2623 δουλεία;
2724 2555 2776 2608 τί
2807 2556 2865 2608 δέ
2910 2556 2974 2610 τὸ
3017 2556 3118 2627 τῆς
3174 2556 3432 2627 πατρίδος
3480 2556 3648 2608 ἐκπε-

1973 2646 2086 2696 σεῖν
2107 2660 2122 2709 ;
2147 2643 2223 2696 Οὐ
2255 2643 2343 2697 διά
2382 2644 2556 2697 ταῦτα
2588 2644 2750 2699 αὐτὸν
2789 2643 3020 2714 μάλιστα
3055 2643 3409 2715 θαυμάζομεν
3433 2643 3527 2696 xal
3554 2643 3650 2694 ἐκ-

1972 2730 2360 2801 πληττόμεθα;
2394 2732 2505 2784 Καὶ
2520 2729 2573 2783 τί
2601 2730 2744 2799 λέγω
2771 2729 2869 2801 τὴν
2904 2730 2984 2793 είς
3023 2728 3121 2800 τὴν
3153 2729 3448 2801 ὑπερορίαν
3481 2728 3649 2798 μετά-

1974 2834 2185 2883 στασιν,
2230 2818 2324 2871 καὶ
2359 2817 2568 2879 πενίαν,
2599 2818 2693 2869 καὶ
2734 2815 2978 2887 πονηρὰν
3008 2815 3183 2881 δόξαν,
3236 2817 3330 2869 καὶ
3367 2814 3646 2877 δουλείαν;

1971 2908 2143 2972 Αὐτὸς
2174 2906 2284 2979 γάρ
2300 2908 2329 2959 6
2355 2906 2586 2970 θάνατος
2606 2905 2659 2959 τί
2686 2906 2778 2958 τὸν
2802 2905 2967 2958 Ἀϐελ
2986 2904 3318 2975 παρέϐλαψε,
3354 2905 3448 2957 καὶ
3475 2902 3649 2973 βίαιος

1972 2998 2066 3050 καὶ
2100 2996 2277 3066 ἄωρος
2309 2995 2618 3064 γενόμενος,
2673 2993 2768 3047 καὶ⁵
2803 2991 2907 3046 ὐπὸ
2965 2993 3147 3063 χειρὸς
3201 2991 3495 3061 ἀδελφικῆς
3523 2991 3647 3042 τολ-

1977 3082 2203 3154 μηθείς;
2276 3082 2352 3136 Οὐ
2423 3081 2511 3135 διὰ
2575 3081 2734 3135 τοῦτο
2804 3080 3075 3151 πανταχοῦ
3153 3079 3252 3149 τῆς
3327 3077 3647 3148 οἰκουμένης

1973 3171 2188 3244 ᾅδεται;
2253 3170 2415 3242 Ὁρᾷς
2458 3168 2577 3233 πῶς
2632 3169 2817 3235 πλέον,
2869 3169 3013 3241 ’ήπερ
3064 3167 3353 3237 ὑπέσχετο,
3415 3168 3444 3219 6
3489 3165 3647 3232 λόγος

1974 3258 2291 3325 άπέδειξεν;
2355 3259 2430 3312 Οὐ
2480 3258 2589 3329 γὰρ
2662 3257 2726 3329 δὴ
2795 3257 2955 3328 μόνον
3020 3255 3211 3308 οὐδένα
3255 3251 3389 3323 παρ’
3436 3252 3649 3314 οὐδενὸς

1973 3346 2325 3417 ἀδικούμενον
2364 3345 2666 3415 ἀπέφηνεν,
2697 3345 2832 3399 ἀλλά
2885 3347 2981 3397 καὶ
3024 3342 3284 3413 μειζόνως
3336 3340 3647 3412 κερδαίνον-

1972 3451 2072 3497 τας
2098 3433 2225 3496 τοὺς
2272 3433 2483 3496 ἑαυτοῖς
2507 3432 2893 3504 προσέχοντας.
2920 3431 3076 3494 Τίνος
3127 3426 3221 3483 οὐν
3256 3429 3446 3482 ἕνεκεν
3478 3444 3649 3497 τιμω-

1979 3520 2094 3592 ρίαι
2150 3522 2245 3574 καὶ
2296 3519 2566 3582 κολάσεις,
2629 3519 2793 3589 φησί;
2823 3519 2964 3580 τίνος
3008 3517 3193 3570 ἐνεκεν
3221 3517 3445 3584 γέεννα;
3505 3515 3650 3576 τίνος

1973 3607 2160 3660 ἐνεκεν
2214 3605 2435 3659 ἀπειλαὶ
2482 3604 2764 3669 τοσαῦται,
2825 3607 2873 3657 εί
2932 3605 3123 3674 μηδεὶς
3176 3604 3313 3674 μήτε
3361 3601 3649 3659 ἀδικεῖται,

1978 3696 2117 3766 μήτε
2150 3693 2362 3758 ἀδικεῖ;
2400 3693 2464 3745 Τί
2497 3693 2709 3760 λέγεις;
2750 3691 2803 3743 τί
2856 3691 3105 3760 συγχέεις
3150 3690 3241 3741 τὸν
3278 3689 3464 3755 λόγον;
3513 3687 3651 3740 Οὐδὲ

1974 3782 2083 3854 γὰρ
2124 3780 2277 3835 εἷπον
2304 3783 2386 3834 ὅτι
2414 3781 2587 3844 οὐδεὶς
2630 3778 2825 3841 ἀδικεῖ,
2874 3778 2990 3831 ἀλλ’
3037 3780 3118 3831 ὃτι
3144 3777 3318 3839 οὐδεὶς
3358 3776 3647 3829 ἀδικεῖται.

1976 3870 2088 3923 Kal
2118 3869 2235 3932 πῶς
2265 3868 2367 3932 ἔνι,
2400 3870 2589 3938 φησὶν,
2614 3866 2944 3920 ἀδικούντων
2976 3862 3207 3927 πῶλῶν,
3248 3863 3322 3934 μὴ
3350 3861 3649 3916 ἀδικεῖσθαί

1974 3973 2129 4023 τινα;
2160 3956 2348 4019 Οὕτως
2377 3956 2453 4018 ὡς
2485 3953 2701 4019 ἐδίδαξα
2727 3952 2843 4007 νῦν.
2884 3953 3038 4006 Ἐπεὶ
3070 3953 3165 4005 καὶ
3185 3952 3275 4004 τὸν
3315 3950 3512 4035 Ἰωσήφ
3537 3948 3650 4018 ἡδί·
3760 3982 3771 3991 ς

1972 4061 2149 4117 κησαν
2187 4044 2284 4115 μὲν
2318 4044 2367 4096 οί
2409 4043 2649 4112 ἀδελφοὶ,
2682 4041 2845 4105 αὐτὸς
2888 4041 2946 4093 δὲ
2995 4040 3095 4092 οὐκ
3136 4037 3404 4109 ἠδικήθη·
3443 4037 3539 4089 καὶ
3572 4036 3651 4107 τῷ

1978 4132 2147 4187 Ἀϐελ
2180 4132 2537 4185 ἐπεϐούλευσε
2589 4133 2687 4201 μὲν
2715 4132 2744 4183 6
2790 4130 2951 4191 Κάῖν,
2993 4127 3153 4190 αὐτὸς
3185 4125 3242 4178 δὲ
3288 4126 3388 4178 οὐκ
3418 4123 3651 4178 ἐπεϐου-

1973 4233 2162 4304 λεύθη.
2203 4230 2304 4284 Διά
2338 4231 2497 4284 τοῦτο
2520 4228 2783 4301 τιμωρίαι
2817 4227 2911 4280 καὶ
2946 4226 3216 4288 κολάσεις.
3249 4224 3381 4277 Οὐδὲ
3423 4221 3530 4292 γὰρ
3564 4222 3652 4275 διὰ

1972 4330 2075 4401 τὴν
2098 4329 2208 4383 τῶν
2238 4328 2559 4399 πασχόντων
2582 4325 2784 4397 ἀρετὴν
2799 4325 3013 4394 ἀναιρεῖ
3034 4320 3134 4384 τὰς
3153 4319 3423 4391 τιμωρίας
3451 4321 3478 4371 6
3498 4318 3649 4380 Θεός’

1973 4423 2111 4479 ἀλλά
2136 4422 2223 4477 διὰ
2251 4423 2350 4493 τὴν
2373 4421 2571 4476 κακίαν
2600 4419 2707 4475 τῶν
2740 4416 3193 4492 πονηρευομένων
3219 4414 3399 4485 τίθησι
3430 4412 3530 4475 τὰς
3558 4428 3653 4463 κο-

1973 4520 2179 4583 λάσεις.
2217 4518 2281 4570 Εί
2315 4515 2424 4588 γὰρ
2468 4515 2565 4568 καὶ
2597 4513 2973 4585 λαμπρότεροι
3012 4513 3063 4565 οί
3110 4510 3425 4593 πάσχοντες
3465 4506 3653 4570 κακῶς

1973 4616 2085 4670 ἀπὸ
2109 4615 2217 4669 τῶν
2250 4611 2552 4666 ἐπιϐούλων
2581 4610 2846 4679 γίνονται,
2877 4608 2991 4663 ἀλλ’
3018 4607 3079 4660 οὐ
3104 4606 3204 4676 τῆς
3243 4602 3470 4673 γνώμης
3494 4601 3654 4655 τοῦτο

1972 4715 2082 4769 τῶν
2129 4710 2613 4773 ἐπιϐουλευόντων,
2673 4708 2810 4761 ἀλλά
2842 4707 2941 4777 τῆς
2984 4701 3236 4773 ἀνδρείας
3284 4700 3394 4754 τῶν
3428 4698 3652 4752 ἐπιϐου-

1974 4810 2280 4882 λευομένων
2313 4807 2448 4862 ἐστί.
2479 4806 2578 4860 Διὰ
2604 4805 2762 4859 τοῦτο
2806 4805 2917 4865 τοῖς
2959 4801 3059 4873 μὲν
3097 4800 3197 4869 τῆς
3236 4796 3553 4867 φιλοσοφίας
3584 4793 3654 4848 τά

1978 4907 2228 4980 βραϐεῖα,
2255 4896 2484 4968 ἐκείνοίς
2510 4904 2567 4957 δέ
2594 4902 2696 4972 τῆς
2721 4898 2989 4970 πονηρίας
3014 4899 3069 4949 αἱ
3102 4894 3370 4966 τιμωρίαι
3396 4890 3654 4962 εὐτρεπί·

1977 5004 2161 5069 ζονται
2210 5002 2306 5057 καὶ
2348 4998 2883 5073 παρασκευάζονται.
2923 4992 3233 5066 Ἀφηρέθης
3264 4990 3333 5044 τά
3358 4989 3652 5059 χρήματας

1977 5101 2142 5170 Λέγε,
2173 5097 2416 5169 Γυμνὸς
2447 5094 2712 5165 ἐξῆλθον
2739 5094 2810 5147 ὲκ
2848 5091 3084 5155 κοιλίας
3106 5086 3334 5159 μητρός
3361 5101 3503 5156 μου,
3553 5102 3657 5152 γυ·

1972 5196 2127 5268 μνός
2158 5196 2257 5251 καί
2278 5194 2709 5262 ἀπελεύσομαι.
2740 5190 2853 5244 Kal
2875 5186 3161 5260 προστίθει
3191 5186 3253 5239 τὸ
3275 5180 3653 5238 ἀποστολικόν·

1981 5295 2174 5350 Οὐδὲν
2206 5293 2318 5364 γὰρ
2349 5289 2787 5360 εἰσηνέγκαμεν
2835 5289 2923 5354 είς
2956 5285 3063 5340 τὸν
3111 5283 3351 5353 κόσμον
3397 5278 3615 5333 τοῦτον
3635 5293 3650 5309 ·

1977 5390 2171 5460 δῆλον
2212 5389 2301 5444 ὅτι
2343 5386 2486 5442 οὐδὲ
2522 5382 2863 5456 ἐξενεγκεῖν
2905 5400 2960 5436 τι
3003 5378 3334 5450 δυνάμεθα.
3377 5376 3657 5437 Ἤκουσας

1977 5486 2185 5552 κακῶς,
2219 5485 2315 5539 καὶ
2349 5483 2570 5555 μυρίαις
2598 5481 2656 5535 σέ
2685 5498 2830 5545 τινες
2856 5479 3090 5533 ἔπλυναν
3123 5472 3455 5545 λοιδορίαις;
3497 5470 3656 5523 ’Δναο

1982 5583 2249 5656 μνήσθητι
2275 5581 2377 5651 τῆς
2406 5582 2618 5652 ῥήσεως
2642 5578 2857 5649 ἐκείνης
2884 5579 2983 5648 τῆς
3005 5571 3273 5643 λεγούσης
3293 5588 3305 5599 ·
3339 5566 3480 5624 Οὐαὶ
3513 5564 3657 5634 ὑμῖν

1977 5680 2125 5734 ὅταν
2151 5674 2352 5741 καλῶς
2386 5674 2542 5745 ὑμᾶς
2568 5674 2781 5728 εἴπωσι
2819 5671 3041 5735 πάντες
3079 5670 3133 5723 οἱ
3166 5667 3465 5735 ἅνθρωποι
3486 5681 3499 5692 ·
3534 5662 3650 5725 καὶ,

1981 5776 2245 5845 Χαίρετε,
2294 5768 2736 5840 καί“σκτρτᾶτε,
2784 5768 2929 5824 ὅταν
2973 5764 3275 5820 ἐκϐάλωσι
3324 5762 3456 5817 καθ’
3495 5759 3656 5829 ὑμῶν
