  <div class='ocr_page' id='page_1' title='image "/cluster/home/n/w/nwhite01/storage/ocr_20150623/52:no.3:pt.2/coo.31924054869510/086.png"; bbox 0 0 4036 6412; ppageno 0'>
   <div class='ocr_carea' id='block_1_1' title="bbox 273 387 383 443">
    <p class='ocr_par' dir='ltr' id='par_1_1' title="bbox 273 387 383 443">
     <span class='ocr_line' id='line_1_1' title="bbox 273 387 383 443; baseline -0.036 0"><span class='ocrx_word' id='word_1_1' title='bbox 273 387 383 443; x_wconf 57' lang='grc' dir='ltr'><strong>αλκ</strong></span> 
     </span>
    </p>
   </div>
   <div class='ocr_carea' id='block_1_2' title="bbox 277 495 1878 570">
    <p class='ocr_par' dir='ltr' id='par_1_2' title="bbox 277 495 1878 570">
     <span class='ocr_line' id='line_1_2' title="bbox 277 495 1878 570; baseline 0 -20"><span class='ocrx_word' id='word_1_2' title='bbox 277 498 583 569; x_wconf 61' lang='lat' dir='ltr'><strong>protulerint</strong></span> <span class='ocrx_word' id='word_1_3' title='bbox 618 498 886 553; x_wconf 73' lang='lat' dir='ltr'><strong>adversum</strong></span> <span class='ocrx_word' id='word_1_4' title='bbox 922 513 1011 552; x_wconf 74' lang='lat' dir='ltr'><strong>vos</strong></span> <span class='ocrx_word' id='word_1_5' title='bbox 1034 512 1214 550; x_wconf 80' lang='lat' dir='ltr'><strong><em>nomen</em></strong></span> <span class='ocrx_word' id='word_1_6' title='bbox 1239 495 1430 549; x_wconf 83' lang='lat' dir='ltr'><strong>malum</strong></span> <span class='ocrx_word' id='word_1_7' title='bbox 1464 497 1878 570; x_wconf 78' lang='lat' dir='ltr'><strong>(Mattlt.5.ll).</strong></span> 
     </span>
    </p>
   </div>
   <div class='ocr_carea' id='block_1_3' title="bbox 277 585 1881 660">
    <p class='ocr_par' dir='ltr' id='par_1_3' title="bbox 277 585 1881 660">
     <span class='ocr_line' id='line_1_3' title="bbox 277 585 1881 660; baseline -0.002 -18"><span class='ocrx_word' id='word_1_8' title='bbox 277 590 335 643; x_wconf 91' lang='lat' dir='ltr'><strong>ln</strong></span> <span class='ocrx_word' id='word_1_9' title='bbox 364 590 621 645; x_wconf 85' lang='lat' dir='ltr'><strong>exsilium</strong></span> <span class='ocrx_word' id='word_1_10' title='bbox 649 590 857 660; x_wconf 86' lang='lat' dir='ltr'><strong>ejectus</strong></span> <span class='ocrx_word' id='word_1_11' title='bbox 884 589 984 644; x_wconf 87' lang='lat' dir='ltr'><strong>es?</strong></span> <span class='ocrx_word' id='word_1_12' title='bbox 1006 588 1192 658; x_wconf 80' lang='lat' dir='ltr'><strong>Cogita</strong></span> <span class='ocrx_word' id='word_1_13' title='bbox 1223 595 1274 640; x_wconf 87' lang='lat' dir='ltr'><strong>te</strong></span> <span class='ocrx_word' id='word_1_14' title='bbox 1314 586 1399 641; x_wconf 91' lang='lat' dir='ltr'><strong>hic</strong></span> <span class='ocrx_word' id='word_1_15' title='bbox 1424 601 1530 640; x_wconf 85' lang='lat' dir='ltr'><strong>non</strong></span> <span class='ocrx_word' id='word_1_16' title='bbox 1561 585 1759 640; x_wconf 87' lang='lat' dir='ltr'><strong>habere</strong></span> <span class='ocrx_word' id='word_1_17' title='bbox 1788 600 1881 655; x_wconf 86' lang='lat' dir='ltr'><strong>pa-</strong></span> 
     </span>
    </p>
   </div>
   <div class='ocr_carea' id='block_1_4' title="bbox 275 676 1883 750">
    <p class='ocr_par' dir='ltr' id='par_1_4' title="bbox 275 676 1883 750">
     <span class='ocr_line' id='line_1_4' title="bbox 275 676 1883 750; baseline -0.003 -16"><span class='ocrx_word' id='word_1_18' title='bbox 275 682 462 746; x_wconf 88' lang='lat' dir='ltr'><strong>triam,</strong></span> <span class='ocrx_word' id='word_1_19' title='bbox 490 680 587 736; x_wconf 91' lang='lat' dir='ltr'><strong>sed</strong></span> <span class='ocrx_word' id='word_1_20' title='bbox 619 682 668 735; x_wconf 90' lang='lat' dir='ltr'><strong>si</strong></span> <span class='ocrx_word' id='word_1_21' title='bbox 717 678 1082 750; x_wconf 86' lang='lat' dir='ltr'><strong>philosophari</strong></span> <span class='ocrx_word' id='word_1_22' title='bbox 1121 676 1273 742; x_wconf 87' lang='lat' dir='ltr'><strong>velis,</strong></span> <span class='ocrx_word' id='word_1_23' title='bbox 1315 677 1523 745; x_wconf 79' lang='lat' dir='ltr'><strong>iussum</strong></span> <span class='ocrx_word' id='word_1_24' title='bbox 1560 690 1681 731; x_wconf 88' lang='lat' dir='ltr'><strong>esse</strong></span> <span class='ocrx_word' id='word_1_25' title='bbox 1721 678 1883 731; x_wconf 72' lang='lat' dir='ltr'><strong>etiam</strong></span> 
     </span>
    </p>
   </div>
   <div class='ocr_carea' id='block_1_5' title="bbox 274 766 1847 841">
    <p class='ocr_par' dir='ltr' id='par_1_5' title="bbox 274 766 1847 841">
     <span class='ocr_line' id='line_1_5' title="bbox 274 766 1847 841; baseline -0.003 -17"><span class='ocrx_word' id='word_1_26' title='bbox 274 782 448 825; x_wconf 80' lang='lat' dir='ltr'><strong>totam</strong></span> <span class='ocrx_word' id='word_1_27' title='bbox 481 783 685 827; x_wconf 90' lang='lat' dir='ltr'><strong>terram</strong></span> <span class='ocrx_word' id='word_1_28' title='bbox 714 786 811 841; x_wconf 85' lang='lat' dir='ltr'><strong>pro</strong></span> <span class='ocrx_word' id='word_1_29' title='bbox 833 770 1111 839; x_wconf 78' lang='lat' dir='ltr'><strong>peregrina</strong></span> <span class='ocrx_word' id='word_1_30' title='bbox 1142 768 1357 823; x_wconf 88' lang='lat' dir='ltr'><strong>ducere.</strong></span> <span class='ocrx_word' id='word_1_31' title='bbox 1377 769 1446 822; x_wconf 79' lang='lat' dir='ltr'><strong>At</strong></span> <span class='ocrx_word' id='word_1_32' title='bbox 1470 766 1525 822; x_wconf 74' lang='lat' dir='ltr'><strong>in</strong></span> <span class='ocrx_word' id='word_1_33' title='bbox 1554 783 1767 838; x_wconf 74' lang='lat' dir='ltr'><strong>gravem</strong></span> <span class='ocrx_word' id='word_1_34' title='bbox 1796 767 1847 821; x_wconf 90' lang='lat' dir='ltr'><strong>in</strong></span> 
     </span>
    </p>
   </div>
   <div class='ocr_carea' id='block_1_6' title="bbox 272 858 1881 930">
    <p class='ocr_par' dir='ltr' id='par_1_6' title="bbox 272 858 1881 930">
     <span class='ocr_line' id='line_1_6' title="bbox 272 858 1881 930; baseline -0.006 -12"><span class='ocrx_word' id='word_1_35' title='bbox 272 862 461 918; x_wconf 83' lang='lat' dir='ltr'><strong>cidisti</strong></span> <span class='ocrx_word' id='word_1_36' title='bbox 494 862 791 916; x_wconf 81' lang='lat' dir='ltr'><strong>morbum?</strong></span> <span class='ocrx_word' id='word_1_37' title='bbox 831 863 928 917; x_wconf 88' lang='lat' dir='ltr'><strong>Dic</strong></span> <span class='ocrx_word' id='word_1_38' title='bbox 954 860 1079 916; x_wconf 90' lang='lat' dir='ltr'><strong>illud</strong></span> <span class='ocrx_word' id='word_1_39' title='bbox 1110 858 1459 930; x_wconf 86' lang='lat' dir='ltr'><strong>apostolicum</strong></span> <span class='ocrx_word' id='word_1_40' title='bbox 1500 875 1514 913; x_wconf 91' lang='lat'><strong>:</strong></span> <span class='ocrx_word' id='word_1_41' title='bbox 1551 858 1750 925; x_wconf 82' lang='lat' dir='ltr'><strong>Quanto</strong></span> <span class='ocrx_word' id='word_1_42' title='bbox 1773 876 1881 911; x_wconf 83' lang='lat' dir='ltr'><strong>nm-</strong></span> 
     </span>
    </p>
   </div>
   <div class='ocr_carea' id='block_1_7' title="bbox 265 951 1876 1024">
    <p class='ocr_par' dir='ltr' id='par_1_7' title="bbox 265 951 1876 1024">
     <span class='ocr_line' id='line_1_7' title="bbox 265 951 1876 1024; baseline 0 -19"><span class='ocrx_word' id='word_1_43' title='bbox 265 954 348 1024; x_wconf 84' lang='lat' dir='ltr'><strong>gis</strong></span> <span class='ocrx_word' id='word_1_44' title='bbox 372 953 601 1007; x_wconf 75' lang='lat' dir='ltr'><strong>exterior</strong></span> <span class='ocrx_word' id='word_1_45' title='bbox 623 964 794 1008; x_wconf 81' lang='lat' dir='ltr'><strong>noster</strong></span> <span class='ocrx_word' id='word_1_46' title='bbox 828 955 978 1007; x_wconf 87' lang='lat' dir='ltr'><strong>homo</strong></span> <span class='ocrx_word' id='word_1_47' title='bbox 1016 952 1374 1020; x_wconf 73' lang='lat' dir='ltr'><strong>corrumpitur,</strong></span> <span class='ocrx_word' id='word_1_48' title='bbox 1403 960 1542 1006; x_wconf 81' lang='lat' dir='ltr'><strong>tanto</strong></span> <span class='ocrx_word' id='word_1_49' title='bbox 1568 951 1730 1021; x_wconf 80' lang='lat' dir='ltr'><strong>magis</strong></span> <span class='ocrx_word' id='word_1_50' title='bbox 1748 951 1876 1005; x_wconf 84' lang='lat' dir='ltr'><strong>inte-</strong></span> 
     </span>
    </p>
   </div>
   <div class='ocr_carea' id='block_1_8' title="bbox 263 1039 1879 1115">
    <p class='ocr_par' dir='ltr' id='par_1_8' title="bbox 263 1039 1879 1115">
     <span class='ocr_line' id='line_1_8' title="bbox 263 1039 1879 1115; baseline 0.001 -19"><span class='ocrx_word' id='word_1_51' title='bbox 263 1044 377 1096; x_wconf 84' lang='lat' dir='ltr'><strong>rior</strong></span> <span class='ocrx_word' id='word_1_52' title='bbox 412 1053 691 1097; x_wconf 71' lang='lat' dir='ltr'><strong>renovetur</strong></span> <span class='ocrx_word' id='word_1_53' title='bbox 715 1043 778 1097; x_wconf 79' lang='lat' dir='ltr'><strong>de</strong></span> <span class='ocrx_word' id='word_1_54' title='bbox 817 1043 898 1098; x_wconf 77' lang='lat' dir='ltr'><strong>die</strong></span> <span class='ocrx_word' id='word_1_55' title='bbox 929 1043 985 1098; x_wconf 86' lang='lat' dir='ltr'><strong>in</strong></span> <span class='ocrx_word' id='word_1_56' title='bbox 1009 1043 1142 1096; x_wconf 84' lang='lat' dir='ltr'><strong>diem</strong></span> <span class='ocrx_word' id='word_1_57' title='bbox 1165 1040 1255 1115; x_wconf 73' lang='grc'><strong>(2.</strong></span> <span class='ocrx_word' id='word_1_58' title='bbox 1289 1039 1406 1096; x_wconf 85' lang='lat' dir='ltr'><strong>Cor.</strong></span> <span class='ocrx_word' id='word_1_59' title='bbox 1434 1043 1486 1096; x_wconf 74' lang='grc'><strong>4.</strong></span> <span class='ocrx_word' id='word_1_60' title='bbox 1516 1041 1638 1111; x_wconf 74' lang='grc'><strong>16).</strong></span> <span class='ocrx_word' id='word_1_61' title='bbox 1674 1044 1740 1095; x_wconf 90' lang='lat' dir='ltr'><strong>At</strong></span> <span class='ocrx_word' id='word_1_62' title='bbox 1767 1041 1879 1097; x_wconf 88' lang='lat' dir='ltr'><strong>vio-</strong></span> 
     </span>
    </p>
   </div>
   <div class='ocr_carea' id='block_1_9' title="bbox 269 1132 1878 1206">
    <p class='ocr_par' dir='ltr' id='par_1_9' title="bbox 269 1132 1878 1206">
     <span class='ocr_line' id='line_1_9' title="bbox 269 1132 1878 1206; baseline 0.001 -19"><span class='ocrx_word' id='word_1_63' title='bbox 269 1133 489 1188; x_wconf 81' lang='lat' dir='ltr'><strong>lentam</strong></span> <span class='ocrx_word' id='word_1_64' title='bbox 524 1135 647 1206; x_wconf 85' lang='lat' dir='ltr'><strong>quis</strong></span> <span class='ocrx_word' id='word_1_65' title='bbox 684 1145 910 1189; x_wconf 87' lang='lat' dir='ltr'><strong>mortem</strong></span> <span class='ocrx_word' id='word_1_66' title='bbox 960 1133 1254 1188; x_wconf 82' lang='lat' dir='ltr'><strong>sustinuit?</strong></span> <span class='ocrx_word' id='word_1_67' title='bbox 1296 1132 1482 1205; x_wconf 81' lang='lat' dir='ltr'><strong>Cogita</strong></span> <span class='ocrx_word' id='word_1_68' title='bbox 1510 1133 1790 1200; x_wconf 86' lang='lat' dir='ltr'><strong>Joannem,</strong></span> <span class='ocrx_word' id='word_1_69' title='bbox 1823 1140 1878 1188; x_wconf 88' lang='lat' dir='ltr'><strong>et</strong></span> 
     </span>
    </p>
   </div>
   <div class='ocr_carea' id='block_1_10' title="bbox 262 1226 1872 1296">
    <p class='ocr_par' dir='ltr' id='par_1_10' title="bbox 262 1226 1872 1296">
     <span class='ocr_line' id='line_1_10' title="bbox 262 1226 1872 1296; baseline 0.001 -17"><span class='ocrx_word' id='word_1_70' title='bbox 262 1227 581 1282; x_wconf 84' lang='lat' dir='ltr'><strong>abscissum</strong></span> <span class='ocrx_word' id='word_1_71' title='bbox 629 1227 680 1281; x_wconf 91' lang='lat' dir='ltr'><strong>in</strong></span> <span class='ocrx_word' id='word_1_72' title='bbox 728 1241 945 1283; x_wconf 79' lang='lat' dir='ltr'><strong>carcere</strong></span> <span class='ocrx_word' id='word_1_73' title='bbox 971 1235 1151 1296; x_wconf 86' lang='lat' dir='ltr'><strong>caput,</strong></span> <span class='ocrx_word' id='word_1_74' title='bbox 1191 1227 1242 1279; x_wconf 90' lang='lat' dir='ltr'><strong>in</strong></span> <span class='ocrx_word' id='word_1_75' title='bbox 1286 1226 1437 1282; x_wconf 85' lang='lat' dir='ltr'><strong>lance</strong></span> <span class='ocrx_word' id='word_1_76' title='bbox 1464 1226 1704 1291; x_wconf 90' lang='lat' dir='ltr'><strong>allatum,</strong></span> <span class='ocrx_word' id='word_1_77' title='bbox 1743 1228 1872 1281; x_wconf 89' lang='lat' dir='ltr'><strong>etin</strong></span> 
     </span>
    </p>
   </div>
   <div class='ocr_carea' id='block_1_11' title="bbox 262 1319 1876 1389">
    <p class='ocr_par' dir='ltr' id='par_1_11' title="bbox 262 1319 1876 1389">
     <span class='ocr_line' id='line_1_11' title="bbox 262 1319 1876 1389; baseline 0.002 -18"><span class='ocrx_word' id='word_1_78' title='bbox 262 1320 601 1375; x_wconf 76' lang='lat' dir='ltr'><strong>meretricia:</strong></span> <span class='ocrx_word' id='word_1_79' title='bbox 622 1320 922 1375; x_wconf 80' lang='lat' dir='ltr'><strong>saltationis</strong></span> <span class='ocrx_word' id='word_1_80' title='bbox 940 1319 1242 1375; x_wconf 81' lang='lat' dir='ltr'><strong>mercedem</strong></span> <span class='ocrx_word' id='word_1_81' title='bbox 1271 1319 1471 1374; x_wconf 87' lang='lat' dir='ltr'><strong>datum.</strong></span> <span class='ocrx_word' id='word_1_82' title='bbox 1493 1319 1674 1389; x_wconf 78' lang='lat' dir='ltr'><strong>Cogita</strong></span> <span class='ocrx_word' id='word_1_83' title='bbox 1699 1335 1876 1374; x_wconf 84' lang='lat' dir='ltr'><strong>remu—</strong></span> 
     </span>
    </p>
   </div>
   <div class='ocr_carea' id='block_1_12' title="bbox 263 1411 1873 1480">
    <p class='ocr_par' dir='ltr' id='par_1_12' title="bbox 263 1411 1873 1480">
     <span class='ocr_line' id='line_1_12' title="bbox 263 1411 1873 1480; baseline 0.001 -14"><span class='ocrx_word' id='word_1_84' title='bbox 263 1413 592 1469; x_wconf 83' lang='lat' dir='ltr'><strong>nerationes</strong></span> <span class='ocrx_word' id='word_1_85' title='bbox 620 1413 747 1468; x_wconf 91' lang='lat' dir='ltr'><strong>inde</strong></span> <span class='ocrx_word' id='word_1_86' title='bbox 775 1421 1053 1468; x_wconf 84' lang='lat' dir='ltr'><strong>secuturas</strong></span> <span class='ocrx_word' id='word_1_87' title='bbox 1074 1431 1087 1466; x_wconf 93' lang='lat'><strong>:</strong></span> <span class='ocrx_word' id='word_1_88' title='bbox 1109 1413 1288 1480; x_wconf 79' lang='lat' dir='ltr'><strong>omnia</strong></span> <span class='ocrx_word' id='word_1_89' title='bbox 1304 1412 1448 1467; x_wconf 92' lang='lat' dir='ltr'><strong>enim</strong></span> <span class='ocrx_word' id='word_1_90' title='bbox 1476 1412 1661 1467; x_wconf 72' lang='lat' dir='ltr'><strong>istltree</strong></span> <span class='ocrx_word' id='word_1_91' title='bbox 1680 1411 1873 1467; x_wconf 90' lang='lat' dir='ltr'><strong>damna</strong></span> 
     </span>
    </p>
   </div>
   <div class='ocr_carea' id='block_1_13' title="bbox 261 1502 1875 1575">
    <p class='ocr_par' dir='ltr' id='par_1_13' title="bbox 261 1502 1875 1575">
     <span class='ocr_line' id='line_1_13' title="bbox 261 1502 1875 1575; baseline -0.002 -14"><span class='ocrx_word' id='word_1_92' title='bbox 261 1520 394 1561; x_wconf 81' lang='lat' dir='ltr'><strong>cum</strong></span> <span class='ocrx_word' id='word_1_93' title='bbox 431 1520 533 1575; x_wconf 89' lang='lat' dir='ltr'><strong>per</strong></span> <span class='ocrx_word' id='word_1_94' title='bbox 567 1505 817 1575; x_wconf 90' lang='lat' dir='ltr'><strong>injuriam</strong></span> <span class='ocrx_word' id='word_1_95' title='bbox 854 1502 1175 1570; x_wconf 86' lang='lat' dir='ltr'><strong>inferuntur,</strong></span> <span class='ocrx_word' id='word_1_96' title='bbox 1205 1512 1260 1558; x_wconf 92' lang='lat' dir='ltr'><strong>et</strong></span> <span class='ocrx_word' id='word_1_97' title='bbox 1292 1512 1506 1573; x_wconf 83' lang='lat' dir='ltr'><strong>peccata</strong></span> <span class='ocrx_word' id='word_1_98' title='bbox 1549 1503 1787 1573; x_wconf 87' lang='lat' dir='ltr'><strong>expiant,</strong></span> <span class='ocrx_word' id='word_1_99' title='bbox 1820 1512 1875 1558; x_wconf 91' lang='lat' dir='ltr'><strong>et</strong></span> 
     </span>
    </p>
   </div>
   <div class='ocr_carea' id='block_1_14' title="bbox 260 1595 1874 1665">
    <p class='ocr_par' dir='ltr' id='par_1_14' title="bbox 260 1595 1874 1665">
     <span class='ocr_line' id='line_1_14' title="bbox 260 1595 1874 1665; baseline -0.001 -14"><span class='ocrx_word' id='word_1_100' title='bbox 260 1596 538 1665; x_wconf 72' lang='lat' dir='ltr'><strong>justitiam</strong></span> <span class='ocrx_word' id='word_1_101' title='bbox 568 1596 872 1652; x_wconf 87' lang='lat' dir='ltr'><strong>conferunt.</strong></span> <span class='ocrx_word' id='word_1_102' title='bbox 896 1596 1065 1651; x_wconf 86' lang='lat' dir='ltr'><strong>Tanta</strong></span> <span class='ocrx_word' id='word_1_103' title='bbox 1090 1606 1174 1651; x_wconf 89' lang='lat' dir='ltr'><strong>est</strong></span> <span class='ocrx_word' id='word_1_104' title='bbox 1193 1595 1436 1649; x_wconf 89' lang='lat' dir='ltr'><strong>utilitatis</strong></span> <span class='ocrx_word' id='word_1_105' title='bbox 1456 1610 1640 1651; x_wconf 88' lang='lat' dir='ltr'><strong>eorum</strong></span> <span class='ocrx_word' id='word_1_106' title='bbox 1668 1595 1874 1665; x_wconf 84' lang='lat' dir='ltr'><strong>magni-</strong></span> 
     </span>
    </p>
   </div>
   <div class='ocr_carea' id='block_1_15' title="bbox 262 1686 1496 1757">
    <p class='ocr_par' dir='ltr' id='par_1_15' title="bbox 262 1686 1496 1757">
     <span class='ocr_line' id='line_1_15' title="bbox 262 1686 1496 1757; baseline -0.002 -17"><span class='ocrx_word' id='word_1_107' title='bbox 262 1688 404 1740; x_wconf 82' lang='lat' dir='ltr'><strong>tudo</strong></span> <span class='ocrx_word' id='word_1_108' title='bbox 431 1688 484 1741; x_wconf 92' lang='lat' dir='ltr'><strong>in</strong></span> <span class='ocrx_word' id='word_1_109' title='bbox 509 1688 577 1741; x_wconf 89' lang='lat' dir='ltr'><strong>iis</strong></span> <span class='ocrx_word' id='word_1_110' title='bbox 601 1688 690 1757; x_wconf 91' lang='lat' dir='ltr'><strong>qui</strong></span> <span class='ocrx_word' id='word_1_111' title='bbox 719 1701 982 1756; x_wconf 79' lang='lat' dir='ltr'><strong>generoso</strong></span> <span class='ocrx_word' id='word_1_112' title='bbox 1006 1702 1067 1741; x_wconf 92' lang='lat' dir='ltr'><strong>ea</strong></span> <span class='ocrx_word' id='word_1_113' title='bbox 1089 1686 1269 1741; x_wconf 87' lang='lat' dir='ltr'><strong>animo</strong></span> <span class='ocrx_word' id='word_1_114' title='bbox 1297 1686 1496 1742; x_wconf 86' lang='lat' dir='ltr'><strong>ferunt.</strong></span> 
     </span>
    </p>
   </div>
   <div class='ocr_carea' id='block_1_16' title="bbox 339 1776 1869 1848">
    <p class='ocr_par' dir='ltr' id='par_1_16' title="bbox 339 1776 1869 1848">
     <span class='ocr_line' id='line_1_16' title="bbox 339 1776 1869 1848; baseline -0.001 -16"><span class='ocrx_word' id='word_1_115' title='bbox 339 1779 398 1832; x_wconf 85' lang='lat'><strong>5.</strong></span> <span class='ocrx_word' id='word_1_116' title='bbox 442 1778 575 1832; x_wconf 92' lang='lat' dir='ltr'><strong>Cum</strong></span> <span class='ocrx_word' id='word_1_117' title='bbox 617 1778 776 1848; x_wconf 86' lang='lat' dir='ltr'><strong>igitur</strong></span> <span class='ocrx_word' id='word_1_118' title='bbox 816 1793 989 1848; x_wconf 87' lang='lat' dir='ltr'><strong>neque</strong></span> <span class='ocrx_word' id='word_1_119' title='bbox 1032 1777 1268 1846; x_wconf 67' lang='lat' dir='ltr'><strong>pecuniae</strong></span> <span class='ocrx_word' id='word_1_120' title='bbox 1295 1776 1504 1846; x_wconf 80' lang='lat' dir='ltr'><strong>jactura</strong></span> <span class='ocrx_word' id='word_1_121' title='bbox 1526 1818 1541 1842; x_wconf 93' lang='lat'><strong>,</strong></span> <span class='ocrx_word' id='word_1_122' title='bbox 1576 1791 1747 1846; x_wconf 89' lang='lat' dir='ltr'><strong>neque</strong></span> <span class='ocrx_word' id='word_1_123' title='bbox 1775 1791 1869 1831; x_wconf 86' lang='lat' dir='ltr'><strong>ca-</strong></span> 
     </span>
    </p>
   </div>
   <div class='ocr_carea' id='block_1_17' title="bbox 268 1868 1867 1938">
    <p class='ocr_par' dir='ltr' id='par_1_17' title="bbox 268 1868 1867 1938">
     <span class='ocr_line' id='line_1_17' title="bbox 268 1868 1867 1938; baseline -0.001 -15"><span class='ocrx_word' id='word_1_124' title='bbox 268 1868 497 1924; x_wconf 77' lang='lat' dir='ltr'><strong>lumnia:</strong></span> <span class='ocrx_word' id='word_1_125' title='bbox 536 1879 590 1923; x_wconf 90' lang='lat' dir='ltr'><strong>et</strong></span> <span class='ocrx_word' id='word_1_126' title='bbox 626 1870 865 1925; x_wconf 86' lang='lat' dir='ltr'><strong>convicia</strong></span> <span class='ocrx_word' id='word_1_127' title='bbox 890 1912 905 1936; x_wconf 95' lang='lat'><strong>,</strong></span> <span class='ocrx_word' id='word_1_128' title='bbox 938 1883 1111 1938; x_wconf 89' lang='lat' dir='ltr'><strong>neque</strong></span> <span class='ocrx_word' id='word_1_129' title='bbox 1139 1869 1385 1923; x_wconf 80' lang='lat' dir='ltr'><strong>exsilium</strong></span> <span class='ocrx_word' id='word_1_130' title='bbox 1410 1910 1424 1934; x_wconf 93' lang='lat'><strong>,</strong></span> <span class='ocrx_word' id='word_1_131' title='bbox 1456 1883 1629 1938; x_wconf 87' lang='lat' dir='ltr'><strong>neque</strong></span> <span class='ocrx_word' id='word_1_132' title='bbox 1655 1868 1823 1924; x_wconf 80' lang='lat' dir='ltr'><strong>morbi</strong></span> <span class='ocrx_word' id='word_1_133' title='bbox 1848 1908 1867 1934; x_wconf 94' lang='lat'><strong>,</strong></span> 
     </span>
    </p>
   </div>
   <div class='ocr_carea' id='block_1_18' title="bbox 264 1958 1869 2029">
    <p class='ocr_par' dir='ltr' id='par_1_18' title="bbox 264 1958 1869 2029">
     <span class='ocr_line' id='line_1_18' title="bbox 264 1958 1869 2029; baseline 0 -17"><span class='ocrx_word' id='word_1_134' title='bbox 264 1975 452 2029; x_wconf 88' lang='lat' dir='ltr'><strong>neque</strong></span> <span class='ocrx_word' id='word_1_135' title='bbox 477 1959 766 2025; x_wconf 82' lang='lat' dir='ltr'><strong>cruciatus,</strong></span> <span class='ocrx_word' id='word_1_136' title='bbox 796 1974 969 2029; x_wconf 90' lang='lat' dir='ltr'><strong>neque</strong></span> <span class='ocrx_word' id='word_1_137' title='bbox 998 1958 1047 2012; x_wconf 89' lang='lat' dir='ltr'><strong>id</strong></span> <span class='ocrx_word' id='word_1_138' title='bbox 1078 1958 1249 2027; x_wconf 87' lang='lat' dir='ltr'><strong>ipsum</strong></span> <span class='ocrx_word' id='word_1_139' title='bbox 1271 2000 1287 2026; x_wconf 94' lang='lat'><strong>,</strong></span> <span class='ocrx_word' id='word_1_140' title='bbox 1315 1958 1456 2029; x_wconf 92' lang='lat' dir='ltr'><strong>quod</strong></span> <span class='ocrx_word' id='word_1_141' title='bbox 1483 1958 1730 2012; x_wconf 88' lang='lat' dir='ltr'><strong>omnibus</strong></span> <span class='ocrx_word' id='word_1_142' title='bbox 1757 1968 1869 2013; x_wconf 88' lang='lat' dir='ltr'><strong>ter-</strong></span> 
     </span>
    </p>
   </div>
   <div class='ocr_carea' id='block_1_19' title="bbox 259 2049 1866 2122">
    <p class='ocr_par' dir='ltr' id='par_1_19' title="bbox 259 2049 1866 2122">
     <span class='ocr_line' id='line_1_19' title="bbox 259 2049 1866 2122; baseline -0.001 -17"><span class='ocrx_word' id='word_1_143' title='bbox 259 2051 480 2106; x_wconf 86' lang='lat' dir='ltr'><strong>ribilius</strong></span> <span class='ocrx_word' id='word_1_144' title='bbox 521 2066 640 2106; x_wconf 78' lang='lat' dir='ltr'><strong>esse</strong></span> <span class='ocrx_word' id='word_1_145' title='bbox 686 2051 896 2107; x_wconf 90' lang='lat' dir='ltr'><strong>videtur</strong></span> <span class='ocrx_word' id='word_1_146' title='bbox 916 2093 932 2119; x_wconf 97' lang='lat'><strong>,</strong></span> <span class='ocrx_word' id='word_1_147' title='bbox 965 2066 1111 2107; x_wconf 87' lang='lat' dir='ltr'><strong>mors</strong></span> <span class='ocrx_word' id='word_1_148' title='bbox 1132 2093 1149 2118; x_wconf 89' lang='lat'><strong>,</strong></span> <span class='ocrx_word' id='word_1_149' title='bbox 1182 2049 1575 2122; x_wconf 78' lang='lat' dir='ltr'><strong>perferentibus</strong></span> <span class='ocrx_word' id='word_1_150' title='bbox 1614 2049 1866 2106; x_wconf 85' lang='lat' dir='ltr'><strong>damnum</strong></span> 
     </span>
    </p>
   </div>
   <div class='ocr_carea' id='block_1_20' title="bbox 267 2141 1866 2213">
    <p class='ocr_par' dir='ltr' id='par_1_20' title="bbox 267 2141 1866 2213">
     <span class='ocr_line' id='line_1_20' title="bbox 267 2141 1866 2213; baseline 0.001 -19"><span class='ocrx_word' id='word_1_151' title='bbox 267 2142 486 2209; x_wconf 83' lang='lat' dir='ltr'><strong>afferat,</strong></span> <span class='ocrx_word' id='word_1_152' title='bbox 519 2142 612 2198; x_wconf 91' lang='lat' dir='ltr'><strong>sed</strong></span> <span class='ocrx_word' id='word_1_153' title='bbox 641 2143 923 2198; x_wconf 71' lang='lat' dir='ltr'><strong>utilitatem</strong></span> <span class='ocrx_word' id='word_1_154' title='bbox 953 2143 1128 2213; x_wconf 85' lang='lat' dir='ltr'><strong>potius</strong></span> <span class='ocrx_word' id='word_1_155' title='bbox 1158 2160 1172 2197; x_wconf 89' lang='lat'><strong>:</strong></span> <span class='ocrx_word' id='word_1_156' title='bbox 1200 2143 1392 2213; x_wconf 83' lang='lat' dir='ltr'><strong>quibus</strong></span> <span class='ocrx_word' id='word_1_157' title='bbox 1421 2142 1585 2197; x_wconf 86' lang='lat' dir='ltr'><strong>rebus</strong></span> <span class='ocrx_word' id='word_1_158' title='bbox 1608 2141 1736 2196; x_wconf 90' lang='lat' dir='ltr'><strong>mihi</strong></span> <span class='ocrx_word' id='word_1_159' title='bbox 1768 2157 1866 2211; x_wconf 79' lang='lat' dir='ltr'><strong>po-</strong></span> 
     </span>
    </p>
   </div>
   <div class='ocr_carea' id='block_1_21' title="bbox 265 2233 1867 2305">
    <p class='ocr_par' dir='ltr' id='par_1_21' title="bbox 265 2233 1867 2305">
     <span class='ocr_line' id='line_1_21' title="bbox 265 2233 1867 2305; baseline 0.001 -19"><span class='ocrx_word' id='word_1_160' title='bbox 265 2243 349 2288; x_wconf 90' lang='lat' dir='ltr'><strong>tes</strong></span> <span class='ocrx_word' id='word_1_161' title='bbox 370 2233 655 2289; x_wconf 89' lang='lat' dir='ltr'><strong>ostendere</strong></span> <span class='ocrx_word' id='word_1_162' title='bbox 676 2233 979 2305; x_wconf 85' lang='lat' dir='ltr'><strong>quempiam</strong></span> <span class='ocrx_word' id='word_1_163' title='bbox 1001 2234 1141 2301; x_wconf 69' lang='grc' dir='ltr'><strong>ιωάὶ,</strong></span> <span class='ocrx_word' id='word_1_164' title='bbox 1157 2235 1372 2305; x_wconf 81' lang='lat' dir='ltr'><strong>quando</strong></span> <span class='ocrx_word' id='word_1_165' title='bbox 1391 2235 1473 2288; x_wconf 90' lang='lat' dir='ltr'><strong>his</strong></span> <span class='ocrx_word' id='word_1_166' title='bbox 1494 2249 1598 2288; x_wconf 90' lang='lat' dir='ltr'><strong>non</strong></span> <span class='ocrx_word' id='word_1_167' title='bbox 1620 2233 1867 2289; x_wconf 69' lang='lat' dir='ltr'><strong>laeditur?</strong></span> 
     </span>
    </p>
   </div>
   <div class='ocr_carea' id='block_1_22' title="bbox 265 2325 1861 2396">
    <p class='ocr_par' dir='ltr' id='par_1_22' title="bbox 265 2325 1861 2396">
     <span class='ocr_line' id='line_1_22' title="bbox 265 2325 1861 2396; baseline 0.001 -19"><span class='ocrx_word' id='word_1_168' title='bbox 265 2325 388 2395; x_wconf 77' lang='lat' dir='ltr'><strong>Ego</strong></span> <span class='ocrx_word' id='word_1_169' title='bbox 418 2325 559 2380; x_wconf 88' lang='lat' dir='ltr'><strong>enim</strong></span> <span class='ocrx_word' id='word_1_170' title='bbox 585 2326 910 2380; x_wconf 84' lang='lat' dir='ltr'><strong>contrarium</strong></span> <span class='ocrx_word' id='word_1_171' title='bbox 941 2325 1312 2382; x_wconf 89' lang='lat' dir='ltr'><strong>demonstrare</strong></span> <span class='ocrx_word' id='word_1_172' title='bbox 1339 2325 1576 2381; x_wconf 84' lang='lat' dir='ltr'><strong>conabor</strong></span> <span class='ocrx_word' id='word_1_173' title='bbox 1606 2342 1619 2378; x_wconf 89' lang='lat'><strong>:</strong></span> <span class='ocrx_word' id='word_1_174' title='bbox 1648 2341 1861 2396; x_wconf 86' lang='lat' dir='ltr'><strong>nempe,</strong></span> 
     </span>
    </p>
   </div>
   <div class='ocr_carea' id='block_1_23' title="bbox 264 2415 1866 2485">
    <p class='ocr_par' dir='ltr' id='par_1_23' title="bbox 264 2415 1866 2485">
     <span class='ocr_line' id='line_1_23' title="bbox 264 2415 1866 2485; baseline 0 -16"><span class='ocrx_word' id='word_1_175' title='bbox 264 2416 357 2485; x_wconf 89' lang='lat' dir='ltr'><strong>qui</strong></span> <span class='ocrx_word' id='word_1_176' title='bbox 387 2416 616 2470; x_wconf 88' lang='lat' dir='ltr'><strong>maxima</strong></span> <span class='ocrx_word' id='word_1_177' title='bbox 646 2415 840 2471; x_wconf 88' lang='lat' dir='ltr'><strong>damna</strong></span> <span class='ocrx_word' id='word_1_178' title='bbox 869 2431 931 2471; x_wconf 90' lang='lat' dir='ltr'><strong>ac</strong></span> <span class='ocrx_word' id='word_1_179' title='bbox 957 2416 1298 2481; x_wconf 90' lang='lat' dir='ltr'><strong>detrimenta,</strong></span> <span class='ocrx_word' id='word_1_180' title='bbox 1331 2426 1387 2472; x_wconf 87' lang='lat' dir='ltr'><strong>et</strong></span> <span class='ocrx_word' id='word_1_181' title='bbox 1410 2416 1729 2471; x_wconf 88' lang='lat' dir='ltr'><strong>incurahiles</strong></span> <span class='ocrx_word' id='word_1_182' title='bbox 1755 2416 1866 2471; x_wconf 90' lang='lat' dir='ltr'><strong>cla-</strong></span> 
     </span>
    </p>
   </div>
   <div class='ocr_carea' id='block_1_24' title="bbox 264 2507 1862 2585">
    <p class='ocr_par' dir='ltr' id='par_1_24' title="bbox 264 2507 1862 2585">
     <span class='ocr_line' id='line_1_24' title="bbox 264 2507 1862 2585; baseline -0.001 -22"><span class='ocrx_word' id='word_1_183' title='bbox 264 2508 365 2564; x_wconf 87' lang='lat' dir='ltr'><strong>des</strong></span> <span class='ocrx_word' id='word_1_184' title='bbox 398 2509 668 2585; x_wconf 80' lang='lat' dir='ltr'><strong>perferapt</strong></span> <span class='ocrx_word' id='word_1_185' title='bbox 691 2550 707 2577; x_wconf 93' lang='lat'><strong>,</strong></span> <span class='ocrx_word' id='word_1_186' title='bbox 738 2523 831 2564; x_wconf 87' lang='lat' dir='ltr'><strong>eos</strong></span> <span class='ocrx_word' id='word_1_187' title='bbox 856 2524 976 2565; x_wconf 91' lang='lat' dir='ltr'><strong>esse</strong></span> <span class='ocrx_word' id='word_1_188' title='bbox 1002 2509 1089 2578; x_wconf 91' lang='lat' dir='ltr'><strong>qui</strong></span> <span class='ocrx_word' id='word_1_189' title='bbox 1128 2508 1381 2564; x_wconf 86' lang='lat' dir='ltr'><strong>inferunt.</strong></span> <span class='ocrx_word' id='word_1_190' title='bbox 1425 2507 1565 2575; x_wconf 84' lang='lat' dir='ltr'><strong>Quid</strong></span> <span class='ocrx_word' id='word_1_191' title='bbox 1588 2508 1730 2563; x_wconf 91' lang='lat' dir='ltr'><strong>enim</strong></span> <span class='ocrx_word' id='word_1_192' title='bbox 1758 2507 1862 2562; x_wconf 85' lang='lat' dir='ltr'><strong>mi-</strong></span> 
     </span>
    </p>
   </div>
   <div class='ocr_carea' id='block_1_25' title="bbox 264 2597 1862 2671">
    <p class='ocr_par' dir='ltr' id='par_1_25' title="bbox 264 2597 1862 2671">
     <span class='ocr_line' id='line_1_25' title="bbox 264 2597 1862 2671; baseline 0.001 -17"><span class='ocrx_word' id='word_1_193' title='bbox 264 2600 552 2654; x_wconf 89' lang='lat' dir='ltr'><strong>serabilius</strong></span> <span class='ocrx_word' id='word_1_194' title='bbox 577 2615 696 2654; x_wconf 86' lang='lat' dir='ltr'><strong>esse</strong></span> <span class='ocrx_word' id='word_1_195' title='bbox 726 2601 930 2671; x_wconf 91' lang='lat' dir='ltr'><strong>possit,</strong></span> <span class='ocrx_word' id='word_1_196' title='bbox 959 2615 1116 2670; x_wconf 88' lang='lat' dir='ltr'><strong>quam</strong></span> <span class='ocrx_word' id='word_1_197' title='bbox 1144 2597 1274 2654; x_wconf 90' lang='lat' dir='ltr'><strong>Cain</strong></span> <span class='ocrx_word' id='word_1_198' title='bbox 1300 2641 1316 2667; x_wconf 96' lang='lat'><strong>,</strong></span> <span class='ocrx_word' id='word_1_199' title='bbox 1346 2599 1436 2670; x_wconf 90' lang='lat' dir='ltr'><strong>qui</strong></span> <span class='ocrx_word' id='word_1_200' title='bbox 1469 2599 1661 2654; x_wconf 78' lang='lat' dir='ltr'><strong>talibus</strong></span> <span class='ocrx_word' id='word_1_201' title='bbox 1688 2599 1862 2655; x_wconf 90' lang='lat' dir='ltr'><strong>modis</strong></span> 
     </span>
    </p>
   </div>
   <div class='ocr_carea' id='block_1_26' title="bbox 265 2690 1863 2763">
    <p class='ocr_par' dir='ltr' id='par_1_26' title="bbox 265 2690 1863 2763">
     <span class='ocr_line' id='line_1_26' title="bbox 265 2690 1863 2763; baseline 0.001 -18"><span class='ocrx_word' id='word_1_202' title='bbox 265 2690 490 2747; x_wconf 85' lang='lat' dir='ltr'><strong>fratrem</strong></span> <span class='ocrx_word' id='word_1_203' title='bbox 520 2693 760 2763; x_wconf 80' lang='lat' dir='ltr'><strong>accepit?</strong></span> <span class='ocrx_word' id='word_1_204' title='bbox 789 2693 915 2763; x_wconf 90' lang='lat' dir='ltr'><strong>quid</strong></span> <span class='ocrx_word' id='word_1_205' title='bbox 949 2693 1212 2748; x_wconf 85' lang='lat' dir='ltr'><strong>infelicius</strong></span> <span class='ocrx_word' id='word_1_206' title='bbox 1247 2708 1416 2748; x_wconf 89' lang='lat' dir='ltr'><strong>uxore</strong></span> <span class='ocrx_word' id='word_1_207' title='bbox 1442 2692 1673 2763; x_wconf 84' lang='lat' dir='ltr'><strong>Philippi</strong></span> <span class='ocrx_word' id='word_1_208' title='bbox 1698 2733 1712 2758; x_wconf 97' lang='lat'><strong>,</strong></span> <span class='ocrx_word' id='word_1_209' title='bbox 1741 2708 1863 2762; x_wconf 75' lang='lat' dir='ltr'><strong>qute</strong></span> 
     </span>
    </p>
   </div>
   <div class='ocr_carea' id='block_1_27' title="bbox 264 2783 1860 2855">
    <p class='ocr_par' dir='ltr' id='par_1_27' title="bbox 264 2783 1860 2855">
     <span class='ocr_line' id='line_1_27' title="bbox 264 2783 1860 2855; baseline 0 -17"><span class='ocrx_word' id='word_1_210' title='bbox 264 2783 463 2838; x_wconf 80' lang='lat' dir='ltr'><strong>Joanni</strong></span> <span class='ocrx_word' id='word_1_211' title='bbox 493 2794 648 2854; x_wconf 85' lang='lat' dir='ltr'><strong>caput</strong></span> <span class='ocrx_word' id='word_1_212' title='bbox 671 2784 935 2840; x_wconf 74' lang='lat' dir='ltr'><strong>abscndit?</strong></span> <span class='ocrx_word' id='word_1_213' title='bbox 961 2784 1086 2855; x_wconf 88' lang='lat' dir='ltr'><strong>quid</strong></span> <span class='ocrx_word' id='word_1_214' title='bbox 1107 2783 1359 2839; x_wconf 76' lang='lat' dir='ltr'><strong>fratribus</strong></span> <span class='ocrx_word' id='word_1_215' title='bbox 1379 2783 1598 2852; x_wconf 84' lang='lat' dir='ltr'><strong>Joseph,</strong></span> <span class='ocrx_word' id='word_1_216' title='bbox 1623 2783 1710 2853; x_wconf 88' lang='lat' dir='ltr'><strong>qui</strong></span> <span class='ocrx_word' id='word_1_217' title='bbox 1737 2798 1860 2838; x_wconf 91' lang='lat' dir='ltr'><strong>eum</strong></span> 
     </span>
    </p>
   </div>
   <div class='ocr_carea' id='block_1_28' title="bbox 265 2874 1860 2945">
    <p class='ocr_par' dir='ltr' id='par_1_28' title="bbox 265 2874 1860 2945">
     <span class='ocr_line' id='line_1_28' title="bbox 265 2874 1860 2945; baseline 0.002 -19"><span class='ocrx_word' id='word_1_218' title='bbox 265 2874 750 2941; x_wconf 80' lang='lat' dir='ltr'><strong>venumdederunt,</strong></span> <span class='ocrx_word' id='word_1_219' title='bbox 781 2884 833 2931; x_wconf 90' lang='lat' dir='ltr'><strong>et</strong></span> <span class='ocrx_word' id='word_1_220' title='bbox 865 2876 917 2930; x_wconf 90' lang='lat' dir='ltr'><strong>in</strong></span> <span class='ocrx_word' id='word_1_221' title='bbox 946 2876 1193 2930; x_wconf 83' lang='lat' dir='ltr'><strong>exsilium</strong></span> <span class='ocrx_word' id='word_1_222' title='bbox 1220 2874 1560 2945; x_wconf 71' lang='lat' dir='ltr'><strong>relegerent?</strong></span> <span class='ocrx_word' id='word_1_223' title='bbox 1589 2874 1718 2944; x_wconf 91' lang='lat' dir='ltr'><strong>quid</strong></span> <span class='ocrx_word' id='word_1_224' title='bbox 1741 2874 1860 2929; x_wconf 88' lang='lat' dir='ltr'><strong>dia-</strong></span> 
     </span>
    </p>
   </div>
   <div class='ocr_carea' id='block_1_29' title="bbox 265 2966 1859 3037">
    <p class='ocr_par' dir='ltr' id='par_1_29' title="bbox 265 2966 1859 3037">
     <span class='ocr_line' id='line_1_29' title="bbox 265 2966 1859 3037; baseline 0.001 -15"><span class='ocrx_word' id='word_1_225' title='bbox 265 2968 427 3033; x_wconf 86' lang='lat' dir='ltr'><strong>bolo,</strong></span> <span class='ocrx_word' id='word_1_226' title='bbox 464 2968 554 3037; x_wconf 86' lang='lat' dir='ltr'><strong>qui</strong></span> <span class='ocrx_word' id='word_1_227' title='bbox 585 2967 686 3022; x_wconf 80' lang='lat' dir='ltr'><strong>.lob</strong></span> <span class='ocrx_word' id='word_1_228' title='bbox 719 2976 798 3022; x_wconf 92' lang='lat' dir='ltr'><strong>tot</strong></span> <span class='ocrx_word' id='word_1_229' title='bbox 819 2967 971 3023; x_wconf 89' lang='lat' dir='ltr'><strong>malis</strong></span> <span class='ocrx_word' id='word_1_230' title='bbox 992 2966 1207 3023; x_wconf 77' lang='lat' dir='ltr'><strong>affecit?</strong></span> <span class='ocrx_word' id='word_1_231' title='bbox 1238 2966 1356 3021; x_wconf 90' lang='lat' dir='ltr'><strong>Non</strong></span> <span class='ocrx_word' id='word_1_232' title='bbox 1377 2967 1519 3022; x_wconf 87' lang='lat' dir='ltr'><strong>enim</strong></span> <span class='ocrx_word' id='word_1_233' title='bbox 1539 2976 1859 3023; x_wconf 79' lang='lat' dir='ltr'><strong>eteterornm</strong></span> 
     </span>
    </p>
   </div>
   <div class='ocr_carea' id='block_1_30' title="bbox 267 3057 1858 3129">
    <p class='ocr_par' dir='ltr' id='par_1_30' title="bbox 267 3057 1858 3129">
     <span class='ocr_line' id='line_1_30' title="bbox 267 3057 1858 3129; baseline 0.003 -19"><span class='ocrx_word' id='word_1_234' title='bbox 267 3058 549 3112; x_wconf 78' lang='lat' dir='ltr'><strong>dumtaxat</strong></span> <span class='ocrx_word' id='word_1_235' title='bbox 575 3058 836 3114; x_wconf 89' lang='lat' dir='ltr'><strong>scelerum</strong></span> <span class='ocrx_word' id='word_1_236' title='bbox 856 3098 871 3125; x_wconf 94' lang='lat'><strong>,</strong></span> <span class='ocrx_word' id='word_1_237' title='bbox 903 3057 996 3114; x_wconf 92' lang='lat' dir='ltr'><strong>sed</strong></span> <span class='ocrx_word' id='word_1_238' title='bbox 1027 3059 1096 3113; x_wconf 88' lang='lat' dir='ltr'><strong>ita</strong></span> <span class='ocrx_word' id='word_1_239' title='bbox 1125 3073 1338 3129; x_wconf 84' lang='lat' dir='ltr'><strong>quoque</strong></span> <span class='ocrx_word' id='word_1_240' title='bbox 1363 3074 1468 3114; x_wconf 88' lang='lat' dir='ltr'><strong>non</strong></span> <span class='ocrx_word' id='word_1_241' title='bbox 1499 3059 1748 3129; x_wconf 82' lang='lat' dir='ltr'><strong>vulgares</strong></span> <span class='ocrx_word' id='word_1_242' title='bbox 1775 3060 1858 3114; x_wconf 85' lang='lat' dir='ltr'><strong>in-</strong></span> 
     </span>
    </p>
   </div>
   <div class='ocr_carea' id='block_1_31' title="bbox 266 3150 1857 3225">
    <p class='ocr_par' dir='ltr' id='par_1_31' title="bbox 266 3150 1857 3225">
     <span class='ocr_line' id='line_1_31' title="bbox 266 3150 1857 3225; baseline 0.003 -21"><span class='ocrx_word' id='word_1_243' title='bbox 266 3150 521 3205; x_wconf 88' lang='lat' dir='ltr'><strong>sidiarum</strong></span> <span class='ocrx_word' id='word_1_244' title='bbox 550 3166 734 3220; x_wconf 68' lang='lat' dir='ltr'><strong>poenas</strong></span> <span class='ocrx_word' id='word_1_245' title='bbox 758 3151 921 3206; x_wconf 88' lang='lat' dir='ltr'><strong>dabit.</strong></span> <span class='ocrx_word' id='word_1_246' title='bbox 962 3151 1147 3207; x_wconf 87' lang='lat' dir='ltr'><strong>Cernis</strong></span> <span class='ocrx_word' id='word_1_247' title='bbox 1176 3151 1334 3207; x_wconf 90' lang='lat' dir='ltr'><strong>etiam</strong></span> <span class='ocrx_word' id='word_1_248' title='bbox 1368 3154 1453 3207; x_wconf 90' lang='lat' dir='ltr'><strong>hic</strong></span> <span class='ocrx_word' id='word_1_249' title='bbox 1483 3153 1632 3223; x_wconf 91' lang='lat' dir='ltr'><strong>plura</strong></span> <span class='ocrx_word' id='word_1_250' title='bbox 1653 3196 1670 3221; x_wconf 90' lang='lat'><strong>,</strong></span> <span class='ocrx_word' id='word_1_251' title='bbox 1697 3169 1857 3225; x_wconf 90' lang='lat' dir='ltr'><strong>quam</strong></span> 
     </span>
    </p>
   </div>
   <div class='ocr_carea' id='block_1_32' title="bbox 266 3242 1857 3312">
    <p class='ocr_par' dir='ltr' id='par_1_32' title="bbox 266 3242 1857 3312">
     <span class='ocr_line' id='line_1_32' title="bbox 266 3242 1857 3312; baseline 0.003 -17"><span class='ocrx_word' id='word_1_252' title='bbox 266 3242 497 3312; x_wconf 85' lang='lat' dir='ltr'><strong>pollicita</strong></span> <span class='ocrx_word' id='word_1_253' title='bbox 528 3243 699 3299; x_wconf 77' lang='lat' dir='ltr'><strong>fuerat</strong></span> <span class='ocrx_word' id='word_1_254' title='bbox 724 3285 738 3309; x_wconf 95' lang='lat'><strong>,</strong></span> <span class='ocrx_word' id='word_1_255' title='bbox 768 3244 1064 3300; x_wconf 87' lang='lat' dir='ltr'><strong>orationem</strong></span> <span class='ocrx_word' id='word_1_256' title='bbox 1095 3243 1534 3300; x_wconf 86' lang='lat' dir='ltr'><strong>demonstrasse?</strong></span> <span class='ocrx_word' id='word_1_257' title='bbox 1559 3260 1664 3299; x_wconf 90' lang='lat' dir='ltr'><strong>non</strong></span> <span class='ocrx_word' id='word_1_258' title='bbox 1695 3245 1857 3300; x_wconf 88' lang='lat' dir='ltr'><strong>modo</strong></span> 
     </span>
    </p>
   </div>
   <div class='ocr_carea' id='block_1_33' title="bbox 267 3335 1858 3407">
    <p class='ocr_par' dir='ltr' id='par_1_33' title="bbox 267 3335 1858 3407">
     <span class='ocr_line' id='line_1_33' title="bbox 267 3335 1858 3407; baseline 0.002 -18"><span class='ocrx_word' id='word_1_259' title='bbox 267 3335 469 3390; x_wconf 85' lang='lat' dir='ltr'><strong>nullum</strong></span> <span class='ocrx_word' id='word_1_260' title='bbox 499 3336 893 3393; x_wconf 87' lang='lat' dir='ltr'><strong>incommodum</strong></span> <span class='ocrx_word' id='word_1_261' title='bbox 921 3352 1015 3392; x_wconf 89' lang='lat' dir='ltr'><strong>eos</strong></span> <span class='ocrx_word' id='word_1_262' title='bbox 1038 3379 1054 3403; x_wconf 96' lang='lat'><strong>,</strong></span> <span class='ocrx_word' id='word_1_263' title='bbox 1085 3336 1175 3406; x_wconf 90' lang='lat' dir='ltr'><strong>qui</strong></span> <span class='ocrx_word' id='word_1_264' title='bbox 1203 3338 1474 3407; x_wconf 89' lang='lat' dir='ltr'><strong>perferunt</strong></span> <span class='ocrx_word' id='word_1_265' title='bbox 1499 3337 1718 3392; x_wconf 90' lang='lat' dir='ltr'><strong>insidias</strong></span> <span class='ocrx_word' id='word_1_266' title='bbox 1740 3379 1756 3404; x_wconf 97' lang='lat'><strong>,</strong></span> <span class='ocrx_word' id='word_1_267' title='bbox 1788 3336 1858 3392; x_wconf 89' lang='lat' dir='ltr'><strong>ab</strong></span> 
     </span>
    </p>
   </div>
   <div class='ocr_carea' id='block_1_34' title="bbox 266 3427 1858 3499">
    <p class='ocr_par' dir='ltr' id='par_1_34' title="bbox 266 3427 1858 3499">
     <span class='ocr_line' id='line_1_34' title="bbox 266 3427 1858 3499; baseline 0.001 -16"><span class='ocrx_word' id='word_1_268' title='bbox 266 3427 667 3483; x_wconf 85' lang='lat' dir='ltr'><strong>insidiatoribus</strong></span> <span class='ocrx_word' id='word_1_269' title='bbox 691 3429 954 3497; x_wconf 90' lang='lat' dir='ltr'><strong>accipere,</strong></span> <span class='ocrx_word' id='word_1_270' title='bbox 975 3443 1161 3483; x_wconf 89' lang='lat' dir='ltr'><strong>verum</strong></span> <span class='ocrx_word' id='word_1_271' title='bbox 1183 3429 1340 3482; x_wconf 89' lang='lat' dir='ltr'><strong>etiam</strong></span> <span class='ocrx_word' id='word_1_272' title='bbox 1368 3428 1421 3483; x_wconf 91' lang='lat' dir='ltr'><strong>id</strong></span> <span class='ocrx_word' id='word_1_273' title='bbox 1441 3443 1600 3484; x_wconf 91' lang='lat' dir='ltr'><strong>omne</strong></span> <span class='ocrx_word' id='word_1_274' title='bbox 1622 3429 1674 3482; x_wconf 92' lang='lat' dir='ltr'><strong>in</strong></span> <span class='ocrx_word' id='word_1_275' title='bbox 1699 3437 1858 3499; x_wconf 87' lang='lat' dir='ltr'><strong>caput</strong></span> 
     </span>
    </p>
   </div>
   <div class='ocr_carea' id='block_1_35' title="bbox 267 3518 1853 3588">
    <p class='ocr_par' dir='ltr' id='par_1_35' title="bbox 267 3518 1853 3588">
     <span class='ocr_line' id='line_1_35' title="bbox 267 3518 1853 3588; baseline 0.001 -15"><span class='ocrx_word' id='word_1_276' title='bbox 267 3518 632 3573; x_wconf 88' lang='lat' dir='ltr'><strong>insidiantium</strong></span> <span class='ocrx_word' id='word_1_277' title='bbox 660 3520 937 3574; x_wconf 78' lang='lat' dir='ltr'><strong>converti?</strong></span> <span class='ocrx_word' id='word_1_278' title='bbox 961 3519 1223 3588; x_wconf 87' lang='lat' dir='ltr'><strong>Quoniam</strong></span> <span class='ocrx_word' id='word_1_279' title='bbox 1250 3520 1395 3574; x_wconf 89' lang='lat' dir='ltr'><strong>enim</strong></span> <span class='ocrx_word' id='word_1_280' title='bbox 1420 3535 1517 3575; x_wconf 84' lang='lat' dir='ltr'><strong>nec</strong></span> <span class='ocrx_word' id='word_1_281' title='bbox 1546 3521 1598 3574; x_wconf 92' lang='lat' dir='ltr'><strong>in</strong></span> <span class='ocrx_word' id='word_1_282' title='bbox 1625 3520 1853 3588; x_wconf 85' lang='lat' dir='ltr'><strong>divitiis,</strong></span> 
     </span>
    </p>
   </div>
   <div class='ocr_carea' id='block_1_36' title="bbox 266 3610 1858 3682">
    <p class='ocr_par' dir='ltr' id='par_1_36' title="bbox 266 3610 1858 3682">
     <span class='ocr_line' id='line_1_36' title="bbox 266 3610 1858 3682; baseline 0.002 -18"><span class='ocrx_word' id='word_1_283' title='bbox 266 3626 442 3680; x_wconf 83' lang='lat' dir='ltr'><strong>neque</strong></span> <span class='ocrx_word' id='word_1_284' title='bbox 472 3610 525 3664; x_wconf 89' lang='lat' dir='ltr'><strong>in</strong></span> <span class='ocrx_word' id='word_1_285' title='bbox 553 3610 798 3666; x_wconf 81' lang='lat' dir='ltr'><strong>libertate</strong></span> <span class='ocrx_word' id='word_1_286' title='bbox 818 3653 834 3674; x_wconf 88' lang='lat'><strong>,</strong></span> <span class='ocrx_word' id='word_1_287' title='bbox 864 3627 1033 3681; x_wconf 86' lang='lat' dir='ltr'><strong>neque</strong></span> <span class='ocrx_word' id='word_1_288' title='bbox 1059 3612 1112 3665; x_wconf 90' lang='lat' dir='ltr'><strong>in</strong></span> <span class='ocrx_word' id='word_1_289' title='bbox 1147 3610 1432 3666; x_wconf 87' lang='lat' dir='ltr'><strong>habitanda</strong></span> <span class='ocrx_word' id='word_1_290' title='bbox 1465 3612 1656 3680; x_wconf 88' lang='lat' dir='ltr'><strong>patria,</strong></span> <span class='ocrx_word' id='word_1_291' title='bbox 1680 3627 1858 3682; x_wconf 89' lang='lat' dir='ltr'><strong>neque</strong></span> 
     </span>
    </p>
   </div>
   <div class='ocr_carea' id='block_1_37' title="bbox 266 3702 1853 3774">
    <p class='ocr_par' dir='ltr' id='par_1_37' title="bbox 266 3702 1853 3774">
     <span class='ocr_line' id='line_1_37' title="bbox 266 3702 1853 3774; baseline 0.001 -18"><span class='ocrx_word' id='word_1_292' title='bbox 266 3702 319 3756; x_wconf 89' lang='lat' dir='ltr'><strong>in</strong></span> <span class='ocrx_word' id='word_1_293' title='bbox 350 3703 592 3769; x_wconf 55' lang='lat' dir='ltr'><strong>exteris,</strong></span> <span class='ocrx_word' id='word_1_294' title='bbox 617 3719 735 3774; x_wconf 69' lang='lat' dir='ltr'><strong>qua:</strong></span> <span class='ocrx_word' id='word_1_295' title='bbox 761 3703 910 3767; x_wconf 89' lang='lat' dir='ltr'><strong>dixi,</strong></span> <span class='ocrx_word' id='word_1_296' title='bbox 938 3703 1167 3757; x_wconf 90' lang='lat' dir='ltr'><strong>hominis</strong></span> <span class='ocrx_word' id='word_1_297' title='bbox 1195 3704 1291 3757; x_wconf 85' lang='lat' dir='ltr'><strong>sita</strong></span> <span class='ocrx_word' id='word_1_298' title='bbox 1324 3711 1407 3758; x_wconf 87' lang='lat' dir='ltr'><strong>est</strong></span> <span class='ocrx_word' id='word_1_299' title='bbox 1436 3704 1607 3758; x_wconf 91' lang='lat' dir='ltr'><strong>virtus</strong></span> <span class='ocrx_word' id='word_1_300' title='bbox 1626 3744 1641 3770; x_wconf 93' lang='lat'><strong>,</strong></span> <span class='ocrx_word' id='word_1_301' title='bbox 1675 3704 1767 3758; x_wconf 91' lang='lat' dir='ltr'><strong>sed</strong></span> <span class='ocrx_word' id='word_1_302' title='bbox 1800 3704 1853 3758; x_wconf 92' lang='lat' dir='ltr'><strong>in</strong></span> 
     </span>
    </p>
   </div>
   <div class='ocr_carea' id='block_1_38' title="bbox 263 3792 1853 3865">
    <p class='ocr_par' dir='ltr' id='par_1_38' title="bbox 263 3792 1853 3865">
     <span class='ocr_line' id='line_1_38' title="bbox 263 3792 1853 3865; baseline 0.001 -18"><span class='ocrx_word' id='word_1_303' title='bbox 263 3792 458 3848; x_wconf 65' lang='lat' dir='ltr'><strong>animm</strong></span> <span class='ocrx_word' id='word_1_304' title='bbox 497 3801 642 3848; x_wconf 88' lang='lat' dir='ltr'><strong>recte</strong></span> <span class='ocrx_word' id='word_1_305' title='bbox 682 3794 832 3848; x_wconf 83' lang='lat' dir='ltr'><strong>factis</strong></span> <span class='ocrx_word' id='word_1_306' title='bbox 859 3811 871 3846; x_wconf 92' lang='lat'><strong>:</strong></span> <span class='ocrx_word' id='word_1_307' title='bbox 900 3794 1090 3848; x_wconf 89' lang='lat' dir='ltr'><strong>merito</strong></span> <span class='ocrx_word' id='word_1_308' title='bbox 1112 3835 1127 3859; x_wconf 91' lang='lat'><strong>,</strong></span> <span class='ocrx_word' id='word_1_309' title='bbox 1159 3809 1280 3849; x_wconf 85' lang='lat' dir='ltr'><strong>cum</strong></span> <span class='ocrx_word' id='word_1_310' title='bbox 1313 3794 1502 3848; x_wconf 85' lang='lat' dir='ltr'><strong>horum</strong></span> <span class='ocrx_word' id='word_1_311' title='bbox 1532 3794 1587 3848; x_wconf 86' lang='lat' dir='ltr'><strong>tit</strong></span> <span class='ocrx_word' id='word_1_312' title='bbox 1611 3795 1814 3865; x_wconf 85' lang='lat' dir='ltr'><strong>jactura</strong></span> <span class='ocrx_word' id='word_1_313' title='bbox 1836 3836 1853 3863; x_wconf 95' lang='lat'><strong>,</strong></span> 
     </span>
    </p>
   </div>
   <div class='ocr_carea' id='block_1_39' title="bbox 266 3884 1849 3955">
    <p class='ocr_par' dir='ltr' id='par_1_39' title="bbox 266 3884 1849 3955">
     <span class='ocr_line' id='line_1_39' title="bbox 266 3884 1849 3955; baseline 0.001 -16"><span class='ocrx_word' id='word_1_314' title='bbox 266 3884 397 3939; x_wconf 82' lang='lat' dir='ltr'><strong>nihil</strong></span> <span class='ocrx_word' id='word_1_315' title='bbox 436 3884 742 3939; x_wconf 82' lang='lat' dir='ltr'><strong>detrimenti</strong></span> <span class='ocrx_word' id='word_1_316' title='bbox 766 3885 958 3953; x_wconf 89' lang='lat' dir='ltr'><strong>accipit</strong></span> <span class='ocrx_word' id='word_1_317' title='bbox 986 3885 1153 3938; x_wconf 87' lang='lat' dir='ltr'><strong>virtus</strong></span> <span class='ocrx_word' id='word_1_318' title='bbox 1185 3884 1438 3939; x_wconf 86' lang='lat' dir='ltr'><strong>hominis.</strong></span> <span class='ocrx_word' id='word_1_319' title='bbox 1480 3884 1621 3951; x_wconf 85' lang='lat' dir='ltr'><strong>Quid</strong></span> <span class='ocrx_word' id='word_1_320' title='bbox 1648 3886 1807 3955; x_wconf 84' lang='lat' dir='ltr'><strong>igitur</strong></span> <span class='ocrx_word' id='word_1_321' title='bbox 1833 3927 1849 3951; x_wconf 92' lang='lat'><strong>,</strong></span> 
     </span>
    </p>
   </div>
   <div class='ocr_carea' id='block_1_40' title="bbox 268 3974 1854 4047">
    <p class='ocr_par' dir='ltr' id='par_1_40' title="bbox 268 3974 1854 4047">
     <span class='ocr_line' id='line_1_40' title="bbox 268 3974 1854 4047; baseline 0.003 -19"><span class='ocrx_word' id='word_1_322' title='bbox 268 3976 311 4028; x_wconf 83' lang='lat' dir='ltr'><strong>si</strong></span> <span class='ocrx_word' id='word_1_323' title='bbox 357 3974 527 4044; x_wconf 89' lang='lat' dir='ltr'><strong>ipsius</strong></span> <span class='ocrx_word' id='word_1_324' title='bbox 564 3974 757 4030; x_wconf 75' lang='lat' dir='ltr'><strong>anima:</strong></span> <span class='ocrx_word' id='word_1_325' title='bbox 806 3976 1453 4047; x_wconf 70' lang='lat' dir='ltr'><strong>philosophizc‘jaeturam</strong></span> <span class='ocrx_word' id='word_1_326' title='bbox 1488 3977 1605 4047; x_wconf 88' lang='lat' dir='ltr'><strong>quis</strong></span> <span class='ocrx_word' id='word_1_327' title='bbox 1651 3976 1854 4032; x_wconf 79' lang='lat' dir='ltr'><strong>faciat?</strong></span> 
     </span>
    </p>
   </div>
   <div class='ocr_carea' id='block_1_41' title="bbox 270 4067 1848 4142">
    <p class='ocr_par' dir='ltr' id='par_1_41' title="bbox 270 4067 1848 4142">
     <span class='ocr_line' id='line_1_41' title="bbox 270 4067 1848 4142; baseline 0.002 -21"><span class='ocrx_word' id='word_1_328' title='bbox 270 4067 448 4137; x_wconf 75' lang='lat' dir='ltr'><strong>Neque</strong></span> <span class='ocrx_word' id='word_1_329' title='bbox 473 4067 591 4135; x_wconf 91' lang='lat' dir='ltr'><strong>hic,</strong></span> <span class='ocrx_word' id='word_1_330' title='bbox 621 4069 665 4122; x_wconf 88' lang='lat' dir='ltr'><strong>si</strong></span> <span class='ocrx_word' id='word_1_331' title='bbox 691 4068 931 4133; x_wconf 76' lang='lat' dir='ltr'><strong>lzeditur,</strong></span> <span class='ocrx_word' id='word_1_332' title='bbox 963 4070 1031 4124; x_wconf 87' lang='lat' dir='ltr'><strong>ab</strong></span> <span class='ocrx_word' id='word_1_333' title='bbox 1058 4071 1163 4124; x_wconf 90' lang='lat' dir='ltr'><strong>alio</strong></span> <span class='ocrx_word' id='word_1_334' title='bbox 1194 4070 1435 4138; x_wconf 76' lang='lat' dir='ltr'><strong>laeditur,</strong></span> <span class='ocrx_word' id='word_1_335' title='bbox 1470 4071 1563 4125; x_wconf 90' lang='lat' dir='ltr'><strong>sed</strong></span> <span class='ocrx_word' id='word_1_336' title='bbox 1591 4087 1621 4125; x_wconf 89' lang='lat' dir='ltr'><strong>a</strong></span> <span class='ocrx_word' id='word_1_337' title='bbox 1651 4071 1848 4142; x_wconf 87' lang='lat' dir='ltr'><strong>seipso.</strong></span> 
     </span>
    </p>
   </div>
   <div class='ocr_carea' id='block_1_42' title="bbox 270 4158 1852 4233">
    <p class='ocr_par' dir='ltr' id='par_1_42' title="bbox 270 4158 1852 4233">
     <span class='ocr_line' id='line_1_42' title="bbox 270 4158 1852 4233; baseline 0.001 -20"><span class='ocrx_word' id='word_1_338' title='bbox 270 4158 569 4226; x_wconf 83' lang='lat' dir='ltr'><strong>Quomodo,</strong></span> <span class='ocrx_word' id='word_1_339' title='bbox 599 4159 828 4228; x_wconf 86' lang='lat' dir='ltr'><strong>inquies.</strong></span> <span class='ocrx_word' id='word_1_340' title='bbox 860 4177 890 4214; x_wconf 90' lang='lat' dir='ltr'><strong>a</strong></span> <span class='ocrx_word' id='word_1_341' title='bbox 917 4161 1132 4230; x_wconf 86' lang='lat' dir='ltr'><strong>seipso?</strong></span> <span class='ocrx_word' id='word_1_342' title='bbox 1158 4161 1290 4215; x_wconf 86' lang='lat' dir='ltr'><strong>Cum</strong></span> <span class='ocrx_word' id='word_1_343' title='bbox 1322 4163 1439 4232; x_wconf 90' lang='lat' dir='ltr'><strong>quis</strong></span> <span class='ocrx_word' id='word_1_344' title='bbox 1469 4177 1641 4217; x_wconf 79' lang='lat' dir='ltr'><strong>caesus</strong></span> <span class='ocrx_word' id='word_1_345' title='bbox 1665 4177 1694 4215; x_wconf 90' lang='lat' dir='ltr'><strong>a</strong></span> <span class='ocrx_word' id='word_1_346' title='bbox 1720 4178 1852 4233; x_wconf 90' lang='lat' dir='ltr'><strong>quo-</strong></span> 
     </span>
    </p>
   </div>
   <div class='ocr_carea' id='block_1_43' title="bbox 270 4250 1854 4323">
    <p class='ocr_par' dir='ltr' id='par_1_43' title="bbox 270 4250 1854 4323">
     <span class='ocr_line' id='line_1_43' title="bbox 270 4250 1854 4323; baseline 0.004 -22"><span class='ocrx_word' id='word_1_347' title='bbox 270 4251 426 4319; x_wconf 86' lang='lat' dir='ltr'><strong>piam,</strong></span> <span class='ocrx_word' id='word_1_348' title='bbox 451 4259 545 4305; x_wconf 90' lang='lat' dir='ltr'><strong>aut</strong></span> <span class='ocrx_word' id='word_1_349' title='bbox 569 4250 905 4306; x_wconf 85' lang='lat' dir='ltr'><strong>facultatibus</strong></span> <span class='ocrx_word' id='word_1_350' title='bbox 934 4263 1146 4317; x_wconf 89' lang='lat' dir='ltr'><strong>exutus,</strong></span> <span class='ocrx_word' id='word_1_351' title='bbox 1173 4263 1263 4307; x_wconf 90' lang='lat' dir='ltr'><strong>aut</strong></span> <span class='ocrx_word' id='word_1_352' title='bbox 1287 4253 1517 4323; x_wconf 87' lang='lat' dir='ltr'><strong>aliquam</strong></span> <span class='ocrx_word' id='word_1_353' title='bbox 1547 4253 1704 4307; x_wconf 86' lang='lat' dir='ltr'><strong>aliam</strong></span> <span class='ocrx_word' id='word_1_354' title='bbox 1732 4268 1854 4323; x_wconf 89' lang='lat' dir='ltr'><strong>gra-</strong></span> 
     </span>
    </p>
   </div>
   <div class='ocr_carea' id='block_1_44' title="bbox 268 4343 1852 4416">
    <p class='ocr_par' dir='ltr' id='par_1_44' title="bbox 268 4343 1852 4416">
     <span class='ocr_line' id='line_1_44' title="bbox 268 4343 1852 4416; baseline 0.004 -21"><span class='ocrx_word' id='word_1_355' title='bbox 268 4359 383 4397; x_wconf 84' lang='lat' dir='ltr'><strong>vem</strong></span> <span class='ocrx_word' id='word_1_356' title='bbox 406 4359 688 4414; x_wconf 88' lang='lat' dir='ltr'><strong>perpessus</strong></span> <span class='ocrx_word' id='word_1_357' title='bbox 709 4343 979 4414; x_wconf 88' lang='lat' dir='ltr'><strong>injuriam,</strong></span> <span class='ocrx_word' id='word_1_358' title='bbox 1003 4345 1372 4414; x_wconf 88' lang='lat' dir='ltr'><strong>blasphemum</strong></span> <span class='ocrx_word' id='word_1_359' title='bbox 1393 4345 1606 4416; x_wconf 88' lang='lat' dir='ltr'><strong>aliquod</strong></span> <span class='ocrx_word' id='word_1_360' title='bbox 1629 4347 1852 4402; x_wconf 81' lang='lat' dir='ltr'><strong>verbum</strong></span> 
     </span>
    </p>
   </div>
   <div class='ocr_carea' id='block_1_45' title="bbox 267 4435 1854 4508">
    <p class='ocr_par' dir='ltr' id='par_1_45' title="bbox 267 4435 1854 4508">
     <span class='ocr_line' id='line_1_45' title="bbox 267 4435 1854 4508; baseline 0.004 -21"><span class='ocrx_word' id='word_1_361' title='bbox 267 4436 520 4505; x_wconf 89' lang='lat' dir='ltr'><strong>protulit,</strong></span> <span class='ocrx_word' id='word_1_362' title='bbox 552 4435 639 4489; x_wconf 87' lang='lat' dir='ltr'><strong>hic</strong></span> <span class='ocrx_word' id='word_1_363' title='bbox 674 4435 898 4490; x_wconf 68' lang='lat' dir='ltr'><strong>affectus</strong></span> <span class='ocrx_word' id='word_1_364' title='bbox 936 4446 1019 4490; x_wconf 91' lang='lat' dir='ltr'><strong>est</strong></span> <span class='ocrx_word' id='word_1_365' title='bbox 1063 4435 1151 4491; x_wconf 90' lang='lat' dir='ltr'><strong>ille</strong></span> <span class='ocrx_word' id='word_1_366' title='bbox 1181 4435 1394 4506; x_wconf 87' lang='lat' dir='ltr'><strong>quidem</strong></span> <span class='ocrx_word' id='word_1_367' title='bbox 1422 4438 1616 4492; x_wconf 88' lang='lat' dir='ltr'><strong>damno</strong></span> <span class='ocrx_word' id='word_1_368' title='bbox 1639 4479 1653 4504; x_wconf 95' lang='lat'><strong>,</strong></span> <span class='ocrx_word' id='word_1_369' title='bbox 1682 4453 1854 4508; x_wconf 88' lang='lat' dir='ltr'><strong>eoque</strong></span> 
     </span>
    </p>
   </div>
   <div class='ocr_carea' id='block_1_46' title="bbox 267 4528 1852 4599">
    <p class='ocr_par' dir='ltr' id='par_1_46' title="bbox 267 4528 1852 4599">
     <span class='ocr_line' id='line_1_46' title="bbox 267 4528 1852 4599; baseline 0.002 -18"><span class='ocrx_word' id='word_1_370' title='bbox 267 4528 516 4594; x_wconf 86' lang='lat' dir='ltr'><strong>maxime,</strong></span> <span class='ocrx_word' id='word_1_371' title='bbox 548 4542 654 4583; x_wconf 91' lang='lat' dir='ltr'><strong>non</strong></span> <span class='ocrx_word' id='word_1_372' title='bbox 683 4536 861 4582; x_wconf 81' lang='lat' dir='ltr'><strong>tamen</strong></span> <span class='ocrx_word' id='word_1_373' title='bbox 884 4528 952 4581; x_wconf 89' lang='lat' dir='ltr'><strong>ab</strong></span> <span class='ocrx_word' id='word_1_374' title='bbox 981 4528 1192 4598; x_wconf 79' lang='lat' dir='ltr'><strong>injuria,</strong></span> <span class='ocrx_word' id='word_1_375' title='bbox 1223 4528 1321 4583; x_wconf 86' lang='lat' dir='ltr'><strong>sed</strong></span> <span class='ocrx_word' id='word_1_376' title='bbox 1347 4544 1376 4583; x_wconf 87' lang='lat' dir='ltr'><strong>a</strong></span> <span class='ocrx_word' id='word_1_377' title='bbox 1404 4530 1615 4598; x_wconf 84' lang='lat' dir='ltr'><strong>propria</strong></span> <span class='ocrx_word' id='word_1_378' title='bbox 1640 4531 1852 4599; x_wconf 84' lang='lat' dir='ltr'><strong>pusilla-</strong></span> 
     </span>
    </p>
   </div>
   <div class='ocr_carea' id='block_1_47' title="bbox 268 4616 1852 4687">
    <p class='ocr_par' dir='ltr' id='par_1_47' title="bbox 268 4616 1852 4687">
     <span class='ocr_line' id='line_1_47' title="bbox 268 4616 1852 4687; baseline 0.004 -18"><span class='ocrx_word' id='word_1_379' title='bbox 268 4616 525 4672; x_wconf 86' lang='lat' dir='ltr'><strong>nimitate.</strong></span> <span class='ocrx_word' id='word_1_380' title='bbox 552 4617 702 4684; x_wconf 87' lang='lat' dir='ltr'><strong>Quod</strong></span> <span class='ocrx_word' id='word_1_381' title='bbox 724 4617 866 4672; x_wconf 88' lang='lat' dir='ltr'><strong>enim</strong></span> <span class='ocrx_word' id='word_1_382' title='bbox 895 4627 1019 4673; x_wconf 88' lang='lat' dir='ltr'><strong>ante</strong></span> <span class='ocrx_word' id='word_1_383' title='bbox 1043 4617 1178 4686; x_wconf 82' lang='lat' dir='ltr'><strong>dixi,</strong></span> <span class='ocrx_word' id='word_1_384' title='bbox 1197 4617 1491 4674; x_wconf 85' lang='lat' dir='ltr'><strong>etiamnum</strong></span> <span class='ocrx_word' id='word_1_385' title='bbox 1515 4619 1709 4687; x_wconf 84' lang='lat' dir='ltr'><strong>dicam,</strong></span> <span class='ocrx_word' id='word_1_386' title='bbox 1734 4622 1852 4675; x_wconf 90' lang='lat' dir='ltr'><strong>nul-</strong></span> 
     </span>
    </p>
   </div>
   <div class='ocr_carea' id='block_1_48' title="bbox 265 4707 1850 4783">
    <p class='ocr_par' dir='ltr' id='par_1_48' title="bbox 265 4707 1850 4783">
     <span class='ocr_line' id='line_1_48' title="bbox 265 4707 1850 4783; baseline 0.004 -20"><span class='ocrx_word' id='word_1_387' title='bbox 265 4708 372 4763; x_wconf 83' lang='lat' dir='ltr'><strong>lum</strong></span> <span class='ocrx_word' id='word_1_388' title='bbox 402 4707 670 4764; x_wconf 83' lang='lat' dir='ltr'><strong>hominem</strong></span> <span class='ocrx_word' id='word_1_389' title='bbox 691 4751 706 4775; x_wconf 92' lang='lat'><strong>,</strong></span> <span class='ocrx_word' id='word_1_390' title='bbox 736 4709 882 4765; x_wconf 90' lang='lat' dir='ltr'><strong>mille</strong></span> <span class='ocrx_word' id='word_1_391' title='bbox 911 4710 1040 4766; x_wconf 89' lang='lat' dir='ltr'><strong>licet</strong></span> <span class='ocrx_word' id='word_1_392' title='bbox 1066 4711 1292 4766; x_wconf 87' lang='lat' dir='ltr'><strong>nocendi</strong></span> <span class='ocrx_word' id='word_1_393' title='bbox 1320 4712 1525 4767; x_wconf 85' lang='lat' dir='ltr'><strong>artibus</strong></span> <span class='ocrx_word' id='word_1_394' title='bbox 1554 4713 1811 4769; x_wconf 87' lang='lat' dir='ltr'><strong>imbutum</strong></span> <span class='ocrx_word' id='word_1_395' title='bbox 1835 4754 1850 4783; x_wconf 87' lang='lat'><strong>,</strong></span> 
     </span>
    </p>
   </div>
   <div class='ocr_carea' id='block_1_49' title="bbox 266 4801 1852 4873">
    <p class='ocr_par' dir='ltr' id='par_1_49' title="bbox 266 4801 1852 4873">
     <span class='ocr_line' id='line_1_49' title="bbox 266 4801 1852 4873; baseline 0.003 -17"><span class='ocrx_word' id='word_1_396' title='bbox 266 4801 458 4857; x_wconf 90' lang='lat' dir='ltr'><strong>infesto</strong></span> <span class='ocrx_word' id='word_1_397' title='bbox 483 4801 575 4856; x_wconf 91' lang='lat' dir='ltr'><strong>illo</strong></span> <span class='ocrx_word' id='word_1_398' title='bbox 600 4801 846 4857; x_wconf 73' lang='lat' dir='ltr'><strong>dannone</strong></span> <span class='ocrx_word' id='word_1_399' title='bbox 870 4812 924 4858; x_wconf 91' lang='lat' dir='ltr'><strong>et</strong></span> <span class='ocrx_word' id='word_1_400' title='bbox 953 4802 1272 4873; x_wconf 85' lang='lat' dir='ltr'><strong>implacabili</strong></span> <span class='ocrx_word' id='word_1_401' title='bbox 1301 4812 1484 4858; x_wconf 84' lang='lat' dir='ltr'><strong>nostro</strong></span> <span class='ocrx_word' id='word_1_402' title='bbox 1514 4803 1667 4861; x_wconf 84' lang='lat' dir='ltr'><strong>hoste</strong></span> <span class='ocrx_word' id='word_1_403' title='bbox 1690 4847 1704 4872; x_wconf 96' lang='lat'><strong>,</strong></span> <span class='ocrx_word' id='word_1_404' title='bbox 1734 4807 1852 4860; x_wconf 80' lang='lat' dir='ltr'><strong>dia-</strong></span> 
     </span>
    </p>
   </div>
   <div class='ocr_carea' id='block_1_50' title="bbox 265 4893 1851 4968">
    <p class='ocr_par' dir='ltr' id='par_1_50' title="bbox 265 4893 1851 4968">
     <span class='ocr_line' id='line_1_50' title="bbox 265 4893 1851 4968; baseline 0.003 -21"><span class='ocrx_word' id='word_1_405' title='bbox 265 4893 387 4947; x_wconf 92' lang='lat' dir='ltr'><strong>bolo</strong></span> <span class='ocrx_word' id='word_1_406' title='bbox 405 4934 423 4960; x_wconf 93' lang='lat'><strong>,</strong></span> <span class='ocrx_word' id='word_1_407' title='bbox 445 4894 599 4964; x_wconf 84' lang='lat' dir='ltr'><strong>pejus</strong></span> <span class='ocrx_word' id='word_1_408' title='bbox 629 4893 829 4965; x_wconf 90' lang='lat' dir='ltr'><strong>aliquid</strong></span> <span class='ocrx_word' id='word_1_409' title='bbox 853 4896 1080 4965; x_wconf 88' lang='lat' dir='ltr'><strong>cuipiam</strong></span> <span class='ocrx_word' id='word_1_410' title='bbox 1111 4894 1347 4966; x_wconf 82' lang='lat' dir='ltr'><strong>inﬂigere</strong></span> <span class='ocrx_word' id='word_1_411' title='bbox 1369 4911 1525 4968; x_wconf 87' lang='lat' dir='ltr'><strong>posse</strong></span> <span class='ocrx_word' id='word_1_412' title='bbox 1546 4939 1560 4966; x_wconf 91' lang='lat'><strong>,</strong></span> <span class='ocrx_word' id='word_1_413' title='bbox 1587 4908 1677 4952; x_wconf 90' lang='lat' dir='ltr'><strong>aut</strong></span> <span class='ocrx_word' id='word_1_414' title='bbox 1698 4913 1851 4953; x_wconf 88' lang='lat' dir='ltr'><strong>acer-</strong></span> 
     </span>
    </p>
   </div>
   <div class='ocr_carea' id='block_1_51' title="bbox 265 4983 1853 5048">
    <p class='ocr_par' dir='ltr' id='par_1_51' title="bbox 265 4983 1853 5048">
     <span class='ocr_line' id='line_1_51' title="bbox 265 4983 1853 5048; baseline 0.007 -12"><span class='ocrx_word' id='word_1_415' title='bbox 265 4983 383 5037; x_wconf 89' lang='lat' dir='ltr'><strong>bius</strong></span> <span class='ocrx_word' id='word_1_416' title='bbox 408 5001 423 5036; x_wconf 90' lang='lat'><strong>:</strong></span> <span class='ocrx_word' id='word_1_417' title='bbox 444 4994 499 5039; x_wconf 92' lang='lat' dir='ltr'><strong>at</strong></span> <span class='ocrx_word' id='word_1_418' title='bbox 534 4985 694 5039; x_wconf 87' lang='lat' dir='ltr'><strong>istum</strong></span> <span class='ocrx_word' id='word_1_419' title='bbox 724 5000 923 5041; x_wconf 56' lang='lat' dir='ltr'><strong>saevum</strong></span> <span class='ocrx_word' id='word_1_420' title='bbox 952 4987 1250 5042; x_wconf 67' lang='lat' dir='ltr'><strong>daemonem</strong></span> <span class='ocrx_word' id='word_1_421' title='bbox 1283 4997 1463 5044; x_wconf 89' lang='lat' dir='ltr'><strong>tamen</strong></span> <span class='ocrx_word' id='word_1_422' title='bbox 1489 5006 1593 5045; x_wconf 87' lang='lat' dir='ltr'><strong>non</strong></span> <span class='ocrx_word' id='word_1_423' title='bbox 1624 4991 1853 5048; x_wconf 87' lang='lat' dir='ltr'><strong>valuisse</strong></span> 
     </span>
    </p>
   </div>
   <div class='ocr_carea' id='block_1_52' title="bbox 265 5075 1851 5151">
    <p class='ocr_par' dir='ltr' id='par_1_52' title="bbox 265 5075 1851 5151">
     <span class='ocr_line' id='line_1_52' title="bbox 265 5075 1851 5151; baseline 0.005 -22"><span class='ocrx_word' id='word_1_424' title='bbox 265 5090 387 5129; x_wconf 88' lang='lat' dir='ltr'><strong>eum</strong></span> <span class='ocrx_word' id='word_1_425' title='bbox 418 5075 506 5145; x_wconf 88' lang='lat' dir='ltr'><strong>qui</strong></span> <span class='ocrx_word' id='word_1_426' title='bbox 534 5086 659 5131; x_wconf 83' lang='lat' dir='ltr'><strong>ante</strong></span> <span class='ocrx_word' id='word_1_427' title='bbox 688 5077 884 5148; x_wconf 77' lang='lat' dir='ltr'><strong>legem,</strong></span> <span class='ocrx_word' id='word_1_428' title='bbox 907 5086 1031 5134; x_wconf 85' lang='lat' dir='ltr'><strong>ante</strong></span> <span class='ocrx_word' id='word_1_429' title='bbox 1055 5080 1275 5149; x_wconf 76' lang='lat' dir='ltr'><strong>gratiam</strong></span> <span class='ocrx_word' id='word_1_430' title='bbox 1301 5081 1449 5145; x_wconf 84' lang='lat' dir='ltr'><strong>vixit,</strong></span> <span class='ocrx_word' id='word_1_431' title='bbox 1481 5088 1560 5136; x_wconf 87' lang='lat' dir='ltr'><strong>tot</strong></span> <span class='ocrx_word' id='word_1_432' title='bbox 1588 5081 1639 5137; x_wconf 84' lang='lat' dir='ltr'><strong>in</strong></span> <span class='ocrx_word' id='word_1_433' title='bbox 1671 5084 1816 5139; x_wconf 89' lang='lat' dir='ltr'><strong>illum</strong></span> <span class='ocrx_word' id='word_1_434' title='bbox 1834 5125 1851 5151; x_wconf 95' lang='lat'><strong>,</strong></span> 
     </span>
    </p>
   </div>
   <div class='ocr_carea' id='block_1_53' title="bbox 267 5168 1853 5244">
    <p class='ocr_par' dir='ltr' id='par_1_53' title="bbox 267 5168 1853 5244">
     <span class='ocr_line' id='line_1_53' title="bbox 267 5168 1853 5244; baseline 0.008 -26"><span class='ocrx_word' id='word_1_435' title='bbox 267 5177 479 5236; x_wconf 78' lang='lat' dir='ltr'><strong>tantque</strong></span> <span class='ocrx_word' id='word_1_436' title='bbox 493 5169 741 5238; x_wconf 74' lang='lat' dir='ltr'><strong>gravibus</strong></span> <span class='ocrx_word' id='word_1_437' title='bbox 756 5168 1010 5225; x_wconf 86' lang='lat' dir='ltr'><strong>immissis</strong></span> <span class='ocrx_word' id='word_1_438' title='bbox 1027 5170 1260 5242; x_wconf 89' lang='lat' dir='ltr'><strong>undique</strong></span> <span class='ocrx_word' id='word_1_439' title='bbox 1274 5172 1489 5241; x_wconf 89' lang='lat' dir='ltr'><strong>jaculis,</strong></span> <span class='ocrx_word' id='word_1_440' title='bbox 1510 5175 1853 5244; x_wconf 86' lang='lat' dir='ltr'><strong>supplantare</strong></span> 
     </span>
    </p>
   </div>
   <div class='ocr_carea' id='block_1_54' title="bbox 266 5258 1854 5333">
    <p class='ocr_par' dir='ltr' id='par_1_54' title="bbox 266 5258 1854 5333">
     <span class='ocr_line' id='line_1_54' title="bbox 266 5258 1854 5333; baseline 0.005 -20"><span class='ocrx_word' id='word_1_441' title='bbox 266 5268 322 5313; x_wconf 90' lang='lat' dir='ltr'><strong>et</strong></span> <span class='ocrx_word' id='word_1_442' title='bbox 348 5258 594 5327; x_wconf 85' lang='lat' dir='ltr'><strong>dejicere.</strong></span> <span class='ocrx_word' id='word_1_443' title='bbox 640 5260 810 5315; x_wconf 88' lang='lat' dir='ltr'><strong>Tanta</strong></span> <span class='ocrx_word' id='word_1_444' title='bbox 839 5270 921 5316; x_wconf 91' lang='lat' dir='ltr'><strong>est</strong></span> <span class='ocrx_word' id='word_1_445' title='bbox 948 5263 1140 5317; x_wconf 69' lang='lat' dir='ltr'><strong>animae</strong></span> <span class='ocrx_word' id='word_1_446' title='bbox 1176 5264 1530 5333; x_wconf 75' lang='lat' dir='ltr'><strong>generositas.</strong></span> <span class='ocrx_word' id='word_1_447' title='bbox 1560 5265 1695 5333; x_wconf 83' lang='lat' dir='ltr'><strong>Quid</strong></span> <span class='ocrx_word' id='word_1_448' title='bbox 1726 5282 1854 5321; x_wconf 89' lang='lat' dir='ltr'><strong>vero</strong></span> 
     </span>
    </p>
   </div>
   <div class='ocr_carea' id='block_1_55' title="bbox 270 5342 1854 5426">
    <p class='ocr_par' dir='ltr' id='par_1_55' title="bbox 270 5342 1854 5426">
     <span class='ocr_line' id='line_1_55' title="bbox 270 5342 1854 5426; baseline 0.006 -21"><span class='ocrx_word' id='word_1_449' title='bbox 270 5349 499 5405; x_wconf 78' lang='lat' dir='ltr'><strong>Paulus?</strong></span> <span class='ocrx_word' id='word_1_450' title='bbox 523 5352 718 5406; x_wconf 84' lang='lat' dir='ltr'><strong>Annon</strong></span> <span class='ocrx_word' id='word_1_451' title='bbox 753 5353 975 5421; x_wconf 86' lang='lat' dir='ltr'><strong>pertulit</strong></span> <span class='ocrx_word' id='word_1_452' title='bbox 1005 5363 1088 5408; x_wconf 78' lang='lat' dir='ltr'><strong>tot</strong></span> <span class='ocrx_word' id='word_1_453' title='bbox 1108 5342 1259 5409; x_wconf 51' lang='lat' dir='ltr'><strong>&#39;mala</strong></span> <span class='ocrx_word' id='word_1_454' title='bbox 1284 5395 1300 5422; x_wconf 90' lang='lat'><strong>,</strong></span> <span class='ocrx_word' id='word_1_455' title='bbox 1329 5369 1447 5426; x_wconf 71' lang='lat' dir='ltr'><strong>qure</strong></span> <span class='ocrx_word' id='word_1_456' title='bbox 1476 5372 1545 5410; x_wconf 93' lang='lat' dir='ltr'><strong>ne</strong></span> <span class='ocrx_word' id='word_1_457' title='bbox 1570 5373 1854 5414; x_wconf 83' lang='lat' dir='ltr'><strong>recensere</strong></span> 
     </span>
    </p>
   </div>
   <div class='ocr_carea' id='block_1_56' title="bbox 266 5443 1853 5517">
    <p class='ocr_par' dir='ltr' id='par_1_56' title="bbox 266 5443 1853 5517">
     <span class='ocr_line' id='line_1_56' title="bbox 266 5443 1853 5517; baseline 0.008 -22"><span class='ocrx_word' id='word_1_458' title='bbox 266 5443 474 5512; x_wconf 85' lang='lat' dir='ltr'><strong>quidem</strong></span> <span class='ocrx_word' id='word_1_459' title='bbox 501 5444 654 5501; x_wconf 86' lang='lat' dir='ltr'><strong>facile</strong></span> <span class='ocrx_word' id='word_1_460' title='bbox 683 5447 803 5502; x_wconf 88' lang='lat' dir='ltr'><strong>est?</strong></span> <span class='ocrx_word' id='word_1_461' title='bbox 832 5447 1086 5504; x_wconf 82' lang='lat' dir='ltr'><strong>Carceres</strong></span> <span class='ocrx_word' id='word_1_462' title='bbox 1113 5449 1441 5517; x_wconf 84' lang='lat' dir='ltr'><strong>inhabitans,</strong></span> <span class='ocrx_word' id='word_1_463' title='bbox 1470 5450 1679 5507; x_wconf 85' lang='lat' dir='ltr'><strong>vinetus</strong></span> <span class='ocrx_word' id='word_1_464' title='bbox 1708 5463 1853 5508; x_wconf 81' lang='lat' dir='ltr'><strong>cate-</strong></span> 
     </span>
    </p>
   </div>
   <div class='ocr_carea' id='block_1_57' title="bbox 269 5534 1849 5611">
    <p class='ocr_par' dir='ltr' id='par_1_57' title="bbox 269 5534 1849 5611">
     <span class='ocr_line' id='line_1_57' title="bbox 269 5534 1849 5611; baseline 0.007 -23"><span class='ocrx_word' id='word_1_465' title='bbox 269 5534 380 5602; x_wconf 87' lang='lat' dir='ltr'><strong>nis,</strong></span> <span class='ocrx_word' id='word_1_466' title='bbox 411 5546 562 5591; x_wconf 89' lang='lat' dir='ltr'><strong>actus</strong></span> <span class='ocrx_word' id='word_1_467' title='bbox 598 5546 652 5593; x_wconf 90' lang='lat' dir='ltr'><strong>et</strong></span> <span class='ocrx_word' id='word_1_468' title='bbox 686 5537 1041 5594; x_wconf 82' lang='lat' dir='ltr'><strong>circumactus</strong></span> <span class='ocrx_word' id='word_1_469' title='bbox 1061 5581 1077 5607; x_wconf 95' lang='lat'><strong>,</strong></span> <span class='ocrx_word' id='word_1_470' title='bbox 1106 5539 1327 5610; x_wconf 83' lang='lat' dir='ltr'><strong>ﬂagellis</strong></span> <span class='ocrx_word' id='word_1_471' title='bbox 1359 5555 1530 5596; x_wconf 68' lang='grc' dir='ltr'><strong>οωευε</strong></span> <span class='ocrx_word' id='word_1_472' title='bbox 1558 5558 1586 5596; x_wconf 89' lang='lat' dir='ltr'><strong>a</strong></span> <span class='ocrx_word' id='word_1_473' title='bbox 1617 5541 1814 5600; x_wconf 65' lang='lat' dir='ltr'><strong>ludatis</strong></span> <span class='ocrx_word' id='word_1_474' title='bbox 1833 5584 1849 5611; x_wconf 92' lang='lat'><strong>,</strong></span> 
     </span>
    </p>
   </div>
   <div class='ocr_carea' id='block_1_58' title="bbox 268 5626 1851 5705">
    <p class='ocr_par' dir='ltr' id='par_1_58' title="bbox 268 5626 1851 5705">
     <span class='ocr_line' id='line_1_58' title="bbox 268 5626 1851 5705; baseline 0.008 -26"><span class='ocrx_word' id='word_1_475' title='bbox 268 5626 543 5696; x_wconf 77' lang='lat' dir='ltr'><strong>lapidatus,</strong></span> <span class='ocrx_word' id='word_1_476' title='bbox 566 5645 681 5685; x_wconf 40' lang='lat' dir='ltr'><strong>non,</strong></span> <span class='ocrx_word' id='word_1_477' title='bbox 700 5631 830 5685; x_wconf 90' lang='lat' dir='ltr'><strong>loris</strong></span> <span class='ocrx_word' id='word_1_478' title='bbox 853 5640 1054 5686; x_wconf 89' lang='lat' dir='ltr'><strong>tantum</strong></span> <span class='ocrx_word' id='word_1_479' title='bbox 1077 5673 1091 5698; x_wconf 91' lang='lat'><strong>,</strong></span> <span class='ocrx_word' id='word_1_480' title='bbox 1118 5633 1211 5688; x_wconf 90' lang='lat' dir='ltr'><strong>sed</strong></span> <span class='ocrx_word' id='word_1_481' title='bbox 1234 5633 1394 5689; x_wconf 89' lang='lat' dir='ltr'><strong>etiam</strong></span> <span class='ocrx_word' id='word_1_482' title='bbox 1417 5634 1576 5705; x_wconf 76' lang='lat' dir='ltr'><strong>virgis</strong></span> <span class='ocrx_word' id='word_1_483' title='bbox 1598 5635 1851 5692; x_wconf 85' lang='lat' dir='ltr'><strong>humeros</strong></span> 
     </span>
    </p>
   </div>
   <div class='ocr_carea' id='block_1_59' title="bbox 268 5718 1853 5796">
    <p class='ocr_par' dir='ltr' id='par_1_59' title="bbox 268 5718 1853 5796">
     <span class='ocr_line' id='line_1_59' title="bbox 268 5718 1853 5796; baseline 0.009 -25"><span class='ocrx_word' id='word_1_484' title='bbox 268 5718 525 5777; x_wconf 84' lang='lat' dir='ltr'><strong>laceratus</strong></span> <span class='ocrx_word' id='word_1_485' title='bbox 549 5763 565 5788; x_wconf 93' lang='lat'><strong>,</strong></span> <span class='ocrx_word' id='word_1_486' title='bbox 599 5722 652 5775; x_wconf 90' lang='lat' dir='ltr'><strong>in</strong></span> <span class='ocrx_word' id='word_1_487' title='bbox 684 5738 831 5777; x_wconf 89' lang='lat' dir='ltr'><strong>mare</strong></span> <span class='ocrx_word' id='word_1_488' title='bbox 858 5723 1134 5779; x_wconf 84' lang='lat' dir='ltr'><strong>demersus</strong></span> <span class='ocrx_word' id='word_1_489' title='bbox 1154 5765 1170 5792; x_wconf 89' lang='lat'><strong>,</strong></span> <span class='ocrx_word' id='word_1_490' title='bbox 1200 5741 1345 5796; x_wconf 76' lang='lat' dir='ltr'><strong>saepe</strong></span> <span class='ocrx_word' id='word_1_491' title='bbox 1374 5726 1426 5781; x_wconf 88' lang='lat' dir='ltr'><strong>in</strong></span> <span class='ocrx_word' id='word_1_492' title='bbox 1458 5727 1695 5784; x_wconf 82' lang='lat' dir='ltr'><strong>latrones</strong></span> <span class='ocrx_word' id='word_1_493' title='bbox 1722 5730 1853 5785; x_wconf 88' lang='lat' dir='ltr'><strong>inci-</strong></span> 
     </span>
    </p>
   </div>
   <div class='ocr_carea' id='block_1_60' title="bbox 267 5812 1847 5889">
    <p class='ocr_par' dir='ltr' id='par_1_60' title="bbox 267 5812 1847 5889">
     <span class='ocr_line' id='line_1_60' title="bbox 267 5812 1847 5889; baseline 0.008 -23"><span class='ocrx_word' id='word_1_494' title='bbox 267 5812 411 5882; x_wconf 84' lang='lat' dir='ltr'><strong>dens,</strong></span> <span class='ocrx_word' id='word_1_495' title='bbox 430 5815 740 5872; x_wconf 70' lang='lat' dir='ltr'><strong>intestinum</strong></span> <span class='ocrx_word' id='word_1_496' title='bbox 766 5816 964 5874; x_wconf 87' lang='lat' dir='ltr'><strong>bellum</strong></span> <span class='ocrx_word' id='word_1_497' title='bbox 991 5816 1186 5886; x_wconf 84' lang='lat' dir='ltr'><strong>ferens,</strong></span> <span class='ocrx_word' id='word_1_498' title='bbox 1210 5818 1278 5876; x_wconf 85' lang='lat' dir='ltr'><strong>ab</strong></span> <span class='ocrx_word' id='word_1_499' title='bbox 1299 5819 1547 5889; x_wconf 76' lang='lat' dir='ltr'><strong>inimicis,</strong></span> <span class='ocrx_word' id='word_1_500' title='bbox 1575 5822 1642 5878; x_wconf 89' lang='lat' dir='ltr'><strong>ab</strong></span> <span class='ocrx_word' id='word_1_501' title='bbox 1662 5823 1847 5879; x_wconf 87' lang='lat' dir='ltr'><strong>amicis</strong></span> 
     </span>
    </p>
   </div>
   <div class='ocr_carea' id='block_1_61' title="bbox 1221 375 2544 447">
    <p class='ocr_par' dir='ltr' id='par_1_61' title="bbox 1221 375 2544 447">
     <span class='ocr_line' id='line_1_61' title="bbox 1221 375 2544 447; baseline -0.001 -12"><span class='ocrx_word' id='word_1_502' title='bbox 1221 377 1408 447; x_wconf 75' lang='lat' dir='ltr'><strong>QUOD</strong></span> <span class='ocrx_word' id='word_1_503' title='bbox 1447 375 1634 433; x_wconf 78' lang='grc' dir='ltr'><strong>ΝΕΜΟ</strong></span> <span class='ocrx_word' id='word_1_504' title='bbox 1673 375 1993 432; x_wconf 69' lang='grc' dir='ltr'><strong>ιιΕῡιΤΕῐὶ</strong></span> <span class='ocrx_word' id='word_1_505' title='bbox 2032 375 2161 433; x_wconf 85' lang='lat' dir='ltr'><strong>NlSl</strong></span> <span class='ocrx_word' id='word_1_506' title='bbox 2201 378 2242 432; x_wconf 78' lang='grc' dir='ltr'><strong>Α</strong></span> <span class='ocrx_word' id='word_1_507' title='bbox 2285 378 2544 437; x_wconf 77' lang='lat' dir='ltr'><strong>SElPSO.</strong></span> 
     </span>
    </p>
   </div>
   <div class='ocr_carea' id='block_1_62' title="bbox 1940 490 3582 573">
    <p class='ocr_par' dir='ltr' id='par_1_62' title="bbox 1940 490 3582 573">
     <span class='ocr_line' id='line_1_62' title="bbox 1940 490 3582 573; baseline 0.005 -25"><span class='ocrx_word' id='word_1_508' title='bbox 1940 566 1943 571; x_wconf 25' lang='grc' dir='ltr'><strong>η</strong></span> <span class='ocrx_word' id='word_1_509' title='bbox 1990 491 2222 563; x_wconf 88' lang='lat' dir='ltr'><strong>jactatus</strong></span> <span class='ocrx_word' id='word_1_510' title='bbox 2246 496 2599 564; x_wconf 85' lang='lat' dir='ltr'><strong>continenter,</strong></span> <span class='ocrx_word' id='word_1_511' title='bbox 2633 500 2851 555; x_wconf 88' lang='lat' dir='ltr'><strong>intinitis</strong></span> <span class='ocrx_word' id='word_1_512' title='bbox 2882 501 3088 557; x_wconf 85' lang='lat' dir='ltr'><strong>insidiis</strong></span> <span class='ocrx_word' id='word_1_513' title='bbox 3113 502 3425 573; x_wconf 75' lang='lat' dir='ltr'><strong>exagitatus,</strong></span> <span class='ocrx_word' id='word_1_514' title='bbox 3455 490 3582 563; x_wconf 75' lang='lat' dir='ltr'><strong>eum</strong></span> 
     </span>
    </p>
   </div>
   <div class='ocr_carea' id='block_1_63' title="bbox 3459 382 3564 443">
    <p class='ocr_par' dir='ltr' id='par_1_63' title="bbox 3459 382 3564 443">
     <span class='ocr_line' id='line_1_63' title="bbox 3459 382 3564 443; baseline -0.076 0"><span class='ocrx_word' id='word_1_515' title='bbox 3459 382 3564 443; x_wconf 72' lang='grc' dir='ltr'><strong>-ιίῖἲ</strong></span> 
     </span>
    </p>
   </div>
   <div class='ocr_carea' id='block_1_64' title="bbox 1987 584 3577 658">
    <p class='ocr_par' dir='ltr' id='par_1_64' title="bbox 1987 584 3577 658">
     <span class='ocr_line' id='line_1_64' title="bbox 1987 584 3577 658; baseline 0.003 -16"><span class='ocrx_word' id='word_1_516' title='bbox 1987 584 2129 642; x_wconf 87' lang='lat' dir='ltr'><strong>fame</strong></span> <span class='ocrx_word' id='word_1_517' title='bbox 2171 602 2235 643; x_wconf 89' lang='lat' dir='ltr'><strong>ac</strong></span> <span class='ocrx_word' id='word_1_518' title='bbox 2276 589 2516 645; x_wconf 89' lang='lat' dir='ltr'><strong>nuditate</strong></span> <span class='ocrx_word' id='word_1_519' title='bbox 2558 591 2786 647; x_wconf 77' lang='lat' dir='ltr'><strong>luctatus</strong></span> <span class='ocrx_word' id='word_1_520' title='bbox 2806 634 2818 658; x_wconf 93' lang='lat'><strong>,</strong></span> <span class='ocrx_word' id='word_1_521' title='bbox 2848 594 2980 648; x_wconf 89' lang='lat' dir='ltr'><strong>alios</strong></span> <span class='ocrx_word' id='word_1_522' title='bbox 3007 594 3226 650; x_wconf 84' lang='lat' dir='ltr'><strong>crebros</strong></span> <span class='ocrx_word' id='word_1_523' title='bbox 3255 605 3307 649; x_wconf 90' lang='lat' dir='ltr'><strong>et</strong></span> <span class='ocrx_word' id='word_1_524' title='bbox 3335 594 3577 648; x_wconf 83' lang='lat' dir='ltr'><strong>assiduos</strong></span> 
     </span>
    </p>
   </div>
   <div class='ocr_carea' id='block_1_65' title="bbox 1987 674 3580 755">
    <p class='ocr_par' dir='ltr' id='par_1_65' title="bbox 1987 674 3580 755">
     <span class='ocr_line' id='line_1_65' title="bbox 1987 674 3580 755; baseline 0 -22"><span class='ocrx_word' id='word_1_525' title='bbox 1987 693 2145 733; x_wconf 88' lang='lat' dir='ltr'><strong>casus</strong></span> <span class='ocrx_word' id='word_1_526' title='bbox 2169 687 2222 734; x_wconf 90' lang='lat' dir='ltr'><strong>et</strong></span> <span class='ocrx_word' id='word_1_527' title='bbox 2249 679 2566 736; x_wconf 78' lang='lat' dir='ltr'><strong>afﬂictiones</strong></span> <span class='ocrx_word' id='word_1_528' title='bbox 2591 697 2876 752; x_wconf 83' lang='lat' dir='ltr'><strong>perpessus</strong></span> <span class='ocrx_word' id='word_1_529' title='bbox 2899 701 2913 738; x_wconf 90' lang='lat'><strong>:</strong></span> <span class='ocrx_word' id='word_1_530' title='bbox 2939 684 3064 754; x_wconf 89' lang='lat' dir='ltr'><strong>quid</strong></span> <span class='ocrx_word' id='word_1_531' title='bbox 3090 674 3227 755; x_wconf 82' lang='lat' dir='ltr'><strong>opus</strong></span> <span class='ocrx_word' id='word_1_532' title='bbox 3251 693 3331 740; x_wconf 82' lang='lat' dir='ltr'><strong>est</strong></span> <span class='ocrx_word' id='word_1_533' title='bbox 3356 684 3536 739; x_wconf 82' lang='lat' dir='ltr'><strong>multis</strong></span> <span class='ocrx_word' id='word_1_534' title='bbox 3554 685 3580 733; x_wconf 81' lang='lat'><strong>?</strong></span> 
     </span>
    </p>
   </div>
   <div class='ocr_carea' id='block_1_66' title="bbox 1987 771 3568 844">
    <p class='ocr_par' dir='ltr' id='par_1_66' title="bbox 1987 771 3568 844">
     <span class='ocr_line' id='line_1_66' title="bbox 1987 771 3568 844; baseline 0.003 -21"><span class='ocrx_word' id='word_1_535' title='bbox 1987 771 2221 839; x_wconf 90' lang='lat' dir='ltr'><strong>quotidie</strong></span> <span class='ocrx_word' id='word_1_536' title='bbox 2245 771 2506 838; x_wconf 90' lang='lat' dir='ltr'><strong>moriens;</strong></span> <span class='ocrx_word' id='word_1_537' title='bbox 2539 772 2631 827; x_wconf 89' lang='lat' dir='ltr'><strong>sed</strong></span> <span class='ocrx_word' id='word_1_538' title='bbox 2657 782 2830 829; x_wconf 84' lang='lat' dir='ltr'><strong>tamen</strong></span> <span class='ocrx_word' id='word_1_539' title='bbox 2857 781 2935 827; x_wconf 84' lang='lat' dir='ltr'><strong>tot</strong></span> <span class='ocrx_word' id='word_1_540' title='bbox 2957 783 3205 844; x_wconf 84' lang='lat' dir='ltr'><strong>tantaque</strong></span> <span class='ocrx_word' id='word_1_541' title='bbox 3228 790 3435 842; x_wconf 86' lang='lat' dir='ltr'><strong>passus,</strong></span> <span class='ocrx_word' id='word_1_542' title='bbox 3463 790 3568 827; x_wconf 82' lang='lat' dir='ltr'><strong>non</strong></span> 
     </span>
    </p>
   </div>
   <div class='ocr_carea' id='block_1_67' title="bbox 1986 860 3569 935">
    <p class='ocr_par' dir='ltr' id='par_1_67' title="bbox 1986 860 3569 935">
     <span class='ocr_line' id='line_1_67' title="bbox 1986 860 3569 935; baseline 0.003 -21"><span class='ocrx_word' id='word_1_543' title='bbox 1986 860 2147 915; x_wconf 92' lang='lat' dir='ltr'><strong>modo</strong></span> <span class='ocrx_word' id='word_1_544' title='bbox 2176 861 2378 916; x_wconf 91' lang='lat' dir='ltr'><strong>nullum</strong></span> <span class='ocrx_word' id='word_1_545' title='bbox 2397 863 2615 917; x_wconf 87' lang='lat' dir='ltr'><strong>verbum</strong></span> <span class='ocrx_word' id='word_1_546' title='bbox 2638 864 2959 923; x_wconf 85' lang='lat' dir='ltr'><strong>maledicum</strong></span> <span class='ocrx_word' id='word_1_547' title='bbox 2973 865 3137 919; x_wconf 92' lang='lat' dir='ltr'><strong>edidit</strong></span> <span class='ocrx_word' id='word_1_548' title='bbox 3154 907 3169 930; x_wconf 94' lang='lat'><strong>,</strong></span> <span class='ocrx_word' id='word_1_549' title='bbox 3193 866 3286 918; x_wconf 90' lang='lat' dir='ltr'><strong>sed</strong></span> <span class='ocrx_word' id='word_1_550' title='bbox 3308 866 3569 935; x_wconf 76' lang='lat' dir='ltr'><strong>gaudebat</strong></span> 
     </span>
    </p>
   </div>
   <div class='ocr_carea' id='block_1_68' title="bbox 1985 950 3572 1025">
    <p class='ocr_par' dir='ltr' id='par_1_68' title="bbox 1985 950 3572 1025">
     <span class='ocr_line' id='line_1_68' title="bbox 1985 950 3572 1025; baseline 0.004 -21"><span class='ocrx_word' id='word_1_551' title='bbox 1985 950 2068 1007; x_wconf 85' lang='lat' dir='ltr'><strong>bis</strong></span> <span class='ocrx_word' id='word_1_552' title='bbox 2092 952 2253 1007; x_wconf 89' lang='lat' dir='ltr'><strong>rebus</strong></span> <span class='ocrx_word' id='word_1_553' title='bbox 2276 962 2327 1006; x_wconf 88' lang='lat' dir='ltr'><strong>et</strong></span> <span class='ocrx_word' id='word_1_554' title='bbox 2357 953 2709 1023; x_wconf 76' lang='lat' dir='ltr'><strong>gloriabatur;</strong></span> <span class='ocrx_word' id='word_1_555' title='bbox 2737 965 2895 1025; x_wconf 86' lang='lat' dir='ltr'><strong>atque</strong></span> <span class='ocrx_word' id='word_1_556' title='bbox 2924 956 3071 1019; x_wconf 86' lang='lat' dir='ltr'><strong>alias,</strong></span> <span class='ocrx_word' id='word_1_557' title='bbox 3103 955 3332 1020; x_wconf 73' lang='lat' dir='ltr'><strong>Gaudeo,</strong></span> <span class='ocrx_word' id='word_1_558' title='bbox 3365 951 3533 1024; x_wconf 83' lang='lat' dir='ltr'><strong>in&#39;quit</strong></span> <span class='ocrx_word' id='word_1_559' title='bbox 3553 997 3572 1019; x_wconf 91' lang='lat'><strong>,</strong></span> 
     </span>
    </p>
   </div>
   <div class='ocr_carea' id='block_1_69' title="bbox 1983 1045 3567 1118">
    <p class='ocr_par' dir='ltr' id='par_1_69' title="bbox 1983 1045 3567 1118">
     <span class='ocr_line' id='line_1_69' title="bbox 1983 1045 3567 1118; baseline 0.001 -21"><span class='ocrx_word' id='word_1_560' title='bbox 1983 1045 2035 1097; x_wconf 80' lang='lat' dir='ltr'><strong>in</strong></span> <span class='ocrx_word' id='word_1_561' title='bbox 2058 1045 2372 1114; x_wconf 78' lang='lat' dir='ltr'><strong>passionibus</strong></span> <span class='ocrx_word' id='word_1_562' title='bbox 2390 1047 2512 1098; x_wconf 80' lang='lat' dir='ltr'><strong>meis</strong></span> <span class='ocrx_word' id='word_1_563' title='bbox 2529 1045 2661 1115; x_wconf 81' lang='lat' dir='ltr'><strong>(Col.</strong></span> <span class='ocrx_word' id='word_1_564' title='bbox 2683 1047 2735 1102; x_wconf 86' lang='grc'><strong>1,</strong></span> <span class='ocrx_word' id='word_1_565' title='bbox 2753 1045 2847 1118; x_wconf 71' lang='grc'>24)</span> <span class='ocrx_word' id='word_1_566' title='bbox 2863 1063 2878 1112; x_wconf 87' lang='grc'>;</span> <span class='ocrx_word' id='word_1_567' title='bbox 2894 1047 3023 1101; x_wconf 86' lang='lat' dir='ltr'><strong>alias</strong></span> <span class='ocrx_word' id='word_1_568' title='bbox 3039 1065 3055 1100; x_wconf 14' lang='lat'><strong>:7</strong></span> <span class='ocrx_word' id='word_1_569' title='bbox 3070 1046 3190 1101; x_wconf 89' lang='lat' dir='ltr'><strong>Non</strong></span> <span class='ocrx_word' id='word_1_570' title='bbox 3206 1049 3369 1102; x_wconf 79' lang='lat' dir='ltr'><strong>solum</strong></span> <span class='ocrx_word' id='word_1_571' title='bbox 3383 1057 3567 1107; x_wconf 79' lang='lat' dir='ltr'><strong>autem,</strong></span> 
     </span>
    </p>
   </div>
   <div class='ocr_carea' id='block_1_70' title="bbox 1982 1135 3561 1209">
    <p class='ocr_par' dir='ltr' id='par_1_70' title="bbox 1982 1135 3561 1209">
     <span class='ocr_line' id='line_1_70' title="bbox 1982 1135 3561 1209; baseline 0.001 -21"><span class='ocrx_word' id='word_1_572' title='bbox 1982 1135 2069 1189; x_wconf 81' lang='lat' dir='ltr'><strong>sed</strong></span> <span class='ocrx_word' id='word_1_573' title='bbox 2088 1146 2134 1189; x_wconf 85' lang='lat' dir='ltr'><strong>et</strong></span> <span class='ocrx_word' id='word_1_574' title='bbox 2156 1135 2434 1207; x_wconf 77' lang='lat' dir='ltr'><strong>gloriamur</strong></span> <span class='ocrx_word' id='word_1_575' title='bbox 2452 1138 2505 1191; x_wconf 88' lang='lat' dir='ltr'><strong>in</strong></span> <span class='ocrx_word' id='word_1_576' title='bbox 2536 1138 2940 1193; x_wconf 79' lang='lat' dir='ltr'><strong>tribulationibus</strong></span> <span class='ocrx_word' id='word_1_577' title='bbox 2960 1139 3132 1208; x_wconf 79' lang='lat' dir='ltr'><strong>(Rom.</strong></span> <span class='ocrx_word' id='word_1_578' title='bbox 3157 1139 3210 1194; x_wconf 82' lang='lat'><strong>5.</strong></span> <span class='ocrx_word' id='word_1_579' title='bbox 3235 1140 3313 1209; x_wconf 79' lang='lat'><strong>5).</strong></span> <span class='ocrx_word' id='word_1_580' title='bbox 3338 1138 3390 1193; x_wconf 88' lang='lat' dir='ltr'><strong>Si</strong></span> <span class='ocrx_word' id='word_1_581' title='bbox 3416 1140 3561 1209; x_wconf 75' lang='lat' dir='ltr'><strong>igitur</strong></span> 
     </span>
    </p>
   </div>
   <div class='ocr_carea' id='block_1_71' title="bbox 1985 1229 3565 1302">
    <p class='ocr_par' dir='ltr' id='par_1_71' title="bbox 1985 1229 3565 1302">
     <span class='ocr_line' id='line_1_71' title="bbox 1985 1229 3565 1302; baseline 0.001 -19"><span class='ocrx_word' id='word_1_582' title='bbox 1985 1229 2098 1298; x_wconf 67' lang='lat' dir='ltr'><strong>ipse</strong></span> <span class='ocrx_word' id='word_1_583' title='bbox 2123 1238 2263 1284; x_wconf 87' lang='lat' dir='ltr'><strong>tanta</strong></span> <span class='ocrx_word' id='word_1_584' title='bbox 2296 1231 2569 1300; x_wconf 84' lang='lat' dir='ltr'><strong>perferens</strong></span> <span class='ocrx_word' id='word_1_585' title='bbox 2593 1232 2856 1302; x_wconf 86' lang='lat' dir='ltr'><strong>gaudebat</strong></span> <span class='ocrx_word' id='word_1_586' title='bbox 2880 1240 2935 1287; x_wconf 89' lang='lat' dir='ltr'><strong>et</strong></span> <span class='ocrx_word' id='word_1_587' title='bbox 2958 1231 3303 1302; x_wconf 88' lang='lat' dir='ltr'><strong>gloriabatur,</strong></span> <span class='ocrx_word' id='word_1_588' title='bbox 3331 1247 3448 1301; x_wconf 75' lang='lat' dir='ltr'><strong>qua:</strong></span> <span class='ocrx_word' id='word_1_589' title='bbox 3480 1248 3565 1284; x_wconf 75' lang='lat' dir='ltr'><strong>ve-</strong></span> 
     </span>
    </p>
   </div>
   <div class='ocr_carea' id='block_1_72' title="bbox 1982 1322 3571 1394">
    <p class='ocr_par' dir='ltr' id='par_1_72' title="bbox 1982 1322 3571 1394">
     <span class='ocr_line' id='line_1_72' title="bbox 1982 1322 3571 1394; baseline 0.001 -18"><span class='ocrx_word' id='word_1_590' title='bbox 1982 1323 2065 1376; x_wconf 89' lang='lat' dir='ltr'><strong>nia</strong></span> <span class='ocrx_word' id='word_1_591' title='bbox 2095 1322 2329 1388; x_wconf 87' lang='lat' dir='ltr'><strong>dabitur,</strong></span> <span class='ocrx_word' id='word_1_592' title='bbox 2357 1340 2477 1392; x_wconf 63' lang='lat' dir='ltr'><strong>quin</strong></span> <span class='ocrx_word' id='word_1_593' title='bbox 2506 1325 2777 1379; x_wconf 88' lang='lat' dir='ltr'><strong>excusatio</strong></span> <span class='ocrx_word' id='word_1_594' title='bbox 2804 1325 2932 1390; x_wconf 91' lang='lat' dir='ltr'><strong>tibi,</strong></span> <span class='ocrx_word' id='word_1_595' title='bbox 2960 1324 3047 1394; x_wconf 89' lang='lat' dir='ltr'><strong>qui</strong></span> <span class='ocrx_word' id='word_1_596' title='bbox 3082 1339 3182 1380; x_wconf 91' lang='lat' dir='ltr'><strong>nec</strong></span> <span class='ocrx_word' id='word_1_597' title='bbox 3209 1324 3479 1378; x_wconf 86' lang='lat' dir='ltr'><strong>minimam</strong></span> <span class='ocrx_word' id='word_1_598' title='bbox 3512 1324 3571 1377; x_wconf 87' lang='lat' dir='ltr'><strong>il-</strong></span> 
     </span>
    </p>
   </div>
   <div class='ocr_carea' id='block_1_73' title="bbox 1980 1413 3308 1484">
    <p class='ocr_par' dir='ltr' id='par_1_73' title="bbox 1980 1413 3308 1484">
     <span class='ocr_line' id='line_1_73' title="bbox 1980 1413 3308 1484; baseline 0 -15"><span class='ocrx_word' id='word_1_599' title='bbox 1980 1413 2153 1469; x_wconf 91' lang='lat' dir='ltr'><strong>lorum</strong></span> <span class='ocrx_word' id='word_1_600' title='bbox 2190 1426 2396 1484; x_wconf 84' lang='lat' dir='ltr'><strong>partem</strong></span> <span class='ocrx_word' id='word_1_601' title='bbox 2428 1417 2681 1483; x_wconf 88' lang='lat' dir='ltr'><strong>sustines,</strong></span> <span class='ocrx_word' id='word_1_602' title='bbox 2714 1426 2767 1471; x_wconf 90' lang='lat' dir='ltr'><strong>et</strong></span> <span class='ocrx_word' id='word_1_603' title='bbox 2797 1426 2972 1470; x_wconf 84' lang='lat' dir='ltr'><strong>tamen</strong></span> <span class='ocrx_word' id='word_1_604' title='bbox 3000 1416 3308 1483; x_wconf 77' lang='lat' dir='ltr'><strong>maledicis?</strong></span> 
     </span>
    </p>
   </div>
   <div class='ocr_carea' id='block_1_74' title="bbox 2049 1504 3567 1578">
    <p class='ocr_par' dir='ltr' id='par_1_74' title="bbox 2049 1504 3567 1578">
     <span class='ocr_line' id='line_1_74' title="bbox 2049 1504 3567 1578; baseline -0.002 -18"><span class='ocrx_word' id='word_1_605' title='bbox 2049 1506 2102 1561; x_wconf 87' lang='lat'><strong>6.</strong></span> <span class='ocrx_word' id='word_1_606' title='bbox 2146 1504 2287 1560; x_wconf 83' lang='lat' dir='ltr'><strong>Num</strong></span> <span class='ocrx_word' id='word_1_607' title='bbox 2312 1508 2602 1578; x_wconf 74' lang='lat' dir='ltr'><strong>aﬂlictiones</strong></span> <span class='ocrx_word' id='word_1_608' title='bbox 2626 1516 2786 1562; x_wconf 72' lang='lat' dir='ltr'><strong>vetent</strong></span> <span class='ocrx_word' id='word_1_609' title='bbox 2812 1506 3179 1578; x_wconf 81' lang='lat' dir='ltr'><strong>eleemosynam</strong></span> <span class='ocrx_word' id='word_1_610' title='bbox 3208 1505 3470 1576; x_wconf 78' lang='lat' dir='ltr'><strong>impertiri.</strong></span> <span class='ocrx_word' id='word_1_611' title='bbox 3496 1531 3567 1544; x_wconf 85' lang='lat'><strong>-—</strong></span> 
     </span>
    </p>
   </div>
   <div class='ocr_carea' id='block_1_75' title="bbox 1978 1594 3567 1667">
    <p class='ocr_par' dir='ltr' id='par_1_75' title="bbox 1978 1594 3567 1667">
     <span class='ocr_line' id='line_1_75' title="bbox 1978 1594 3567 1667; baseline -0.003 -15"><span class='ocrx_word' id='word_1_612' title='bbox 1978 1594 2081 1652; x_wconf 86' lang='lat' dir='ltr'><strong>Sed</strong></span> <span class='ocrx_word' id='word_1_613' title='bbox 2104 1597 2262 1651; x_wconf 87' lang='lat' dir='ltr'><strong>variis</strong></span> <span class='ocrx_word' id='word_1_614' title='bbox 2289 1597 2495 1666; x_wconf 82' lang='lat' dir='ltr'><strong>injuriis</strong></span> <span class='ocrx_word' id='word_1_615' title='bbox 2521 1597 2743 1661; x_wconf 84' lang='lat' dir='ltr'><strong>afﬁcior,</strong></span> <span class='ocrx_word' id='word_1_616' title='bbox 2769 1597 2995 1667; x_wconf 86' lang='lat' dir='ltr'><strong>inquies,</strong></span> <span class='ocrx_word' id='word_1_617' title='bbox 3015 1612 3077 1650; x_wconf 90' lang='lat' dir='ltr'><strong>ac</strong></span> <span class='ocrx_word' id='word_1_618' title='bbox 3103 1596 3200 1650; x_wconf 90' lang='lat' dir='ltr'><strong>nisi</strong></span> <span class='ocrx_word' id='word_1_619' title='bbox 3233 1597 3567 1661; x_wconf 85' lang='lat' dir='ltr'><strong>maledicam,</strong></span> 
     </span>
    </p>
   </div>
   <div class='ocr_carea' id='block_1_76' title="bbox 1976 1688 3569 1759">
    <p class='ocr_par' dir='ltr' id='par_1_76' title="bbox 1976 1688 3569 1759">
     <span class='ocr_line' id='line_1_76' title="bbox 1976 1688 3569 1759; baseline -0.001 -16"><span class='ocrx_word' id='word_1_620' title='bbox 1976 1688 2197 1757; x_wconf 85' lang='lat' dir='ltr'><strong>direptis</strong></span> <span class='ocrx_word' id='word_1_621' title='bbox 2228 1689 2383 1744; x_wconf 90' lang='lat' dir='ltr'><strong>bonis</strong></span> <span class='ocrx_word' id='word_1_622' title='bbox 2412 1689 2478 1743; x_wconf 91' lang='lat' dir='ltr'><strong>ad</strong></span> <span class='ocrx_word' id='word_1_623' title='bbox 2510 1690 2700 1758; x_wconf 88' lang='lat' dir='ltr'><strong>stipem</strong></span> <span class='ocrx_word' id='word_1_624' title='bbox 2731 1689 3051 1759; x_wconf 83' lang='lat' dir='ltr'><strong>erogandam</strong></span> <span class='ocrx_word' id='word_1_625' title='bbox 3080 1689 3209 1745; x_wconf 91' lang='lat' dir='ltr'><strong>nihil</strong></span> <span class='ocrx_word' id='word_1_626' title='bbox 3240 1689 3366 1743; x_wconf 91' lang='lat' dir='ltr'><strong>mihi</strong></span> <span class='ocrx_word' id='word_1_627' title='bbox 3400 1690 3455 1742; x_wconf 84' lang='lat' dir='ltr'><strong>fit</strong></span> <span class='ocrx_word' id='word_1_628' title='bbox 3482 1705 3569 1743; x_wconf 85' lang='lat' dir='ltr'><strong>re-</strong></span> 
     </span>
    </p>
   </div>
   <div class='ocr_carea' id='block_1_77' title="bbox 1977 1778 3672 1849">
    <p class='ocr_par' dir='ltr' id='par_1_77' title="bbox 1977 1778 3672 1849">
     <span class='ocr_line' id='line_1_77' title="bbox 1977 1778 3672 1849; baseline 0.001 -16"><span class='ocrx_word' id='word_1_629' title='bbox 1977 1778 2197 1849; x_wconf 89' lang='lat' dir='ltr'><strong>liquum.</strong></span> <span class='ocrx_word' id='word_1_630' title='bbox 2222 1779 2331 1834; x_wconf 90' lang='lat' dir='ltr'><strong>lloc</strong></span> <span class='ocrx_word' id='word_1_631' title='bbox 2352 1779 2482 1834; x_wconf 91' lang='lat' dir='ltr'><strong>nihil</strong></span> <span class='ocrx_word' id='word_1_632' title='bbox 2503 1789 2585 1834; x_wconf 87' lang='lat' dir='ltr'><strong>est</strong></span> <span class='ocrx_word' id='word_1_633' title='bbox 2604 1779 2771 1846; x_wconf 90' lang='lat' dir='ltr'><strong>aliud,</strong></span> <span class='ocrx_word' id='word_1_634' title='bbox 2791 1795 2947 1849; x_wconf 88' lang='lat' dir='ltr'><strong>quam</strong></span> <span class='ocrx_word' id='word_1_635' title='bbox 2971 1788 3259 1848; x_wconf 63' lang='lat' dir='ltr'><strong>prietextus</strong></span> <span class='ocrx_word' id='word_1_636' title='bbox 3283 1795 3345 1834; x_wconf 87' lang='lat' dir='ltr'><strong>ac</strong></span> <span class='ocrx_word' id='word_1_637' title='bbox 3360 1781 3569 1849; x_wconf 80' lang='lat' dir='ltr'><strong>Species</strong></span> <span class='ocrx_word' id='word_1_638' title='bbox 3657 1825 3672 1834; x_wconf 91' lang='lat'><strong>-</strong></span> 
     </span>
    </p>
   </div>
   <div class='ocr_carea' id='block_1_78' title="bbox 1976 1871 3565 1941">
    <p class='ocr_par' dir='ltr' id='par_1_78' title="bbox 1976 1871 3565 1941">
     <span class='ocr_line' id='line_1_78' title="bbox 1976 1871 3565 1941; baseline -0.001 -17"><span class='ocrx_word' id='word_1_639' title='bbox 1976 1871 2238 1941; x_wconf 82' lang='lat' dir='ltr'><strong>quaedam.</strong></span> <span class='ocrx_word' id='word_1_640' title='bbox 2269 1871 2325 1928; x_wconf 89' lang='lat' dir='ltr'><strong>Si</strong></span> <span class='ocrx_word' id='word_1_641' title='bbox 2351 1872 2491 1926; x_wconf 87' lang='lat' dir='ltr'><strong>enim</strong></span> <span class='ocrx_word' id='word_1_642' title='bbox 2521 1872 2622 1927; x_wconf 90' lang='lat' dir='ltr'><strong>hoc</strong></span> <span class='ocrx_word' id='word_1_643' title='bbox 2646 1871 2736 1926; x_wconf 90' lang='lat' dir='ltr'><strong>tibi</strong></span> <span class='ocrx_word' id='word_1_644' title='bbox 2761 1871 2926 1938; x_wconf 89' lang='lat' dir='ltr'><strong>dolet,</strong></span> <span class='ocrx_word' id='word_1_645' title='bbox 2950 1881 3098 1926; x_wconf 87' lang='lat' dir='ltr'><strong>certo</strong></span> <span class='ocrx_word' id='word_1_646' title='bbox 3125 1871 3261 1926; x_wconf 84' lang='lat' dir='ltr'><strong>scias</strong></span> <span class='ocrx_word' id='word_1_647' title='bbox 3287 1880 3565 1941; x_wconf 82' lang='lat' dir='ltr'><strong>pauperta-</strong></span> 
     </span>
    </p>
   </div>
   <div class='ocr_carea' id='block_1_79' title="bbox 1977 1961 3561 2032">
    <p class='ocr_par' dir='ltr' id='par_1_79' title="bbox 1977 1961 3561 2032">
     <span class='ocr_line' id='line_1_79' title="bbox 1977 1961 3561 2032; baseline -0.003 -15"><span class='ocrx_word' id='word_1_648' title='bbox 1977 1970 2080 2017; x_wconf 88' lang='lat' dir='ltr'><strong>tem</strong></span> <span class='ocrx_word' id='word_1_649' title='bbox 2110 1961 2393 2032; x_wconf 73' lang='lat' dir='ltr'><strong>erogandte</strong></span> <span class='ocrx_word' id='word_1_650' title='bbox 2422 1962 2543 2032; x_wconf 89' lang='lat' dir='ltr'><strong>stipi</strong></span> <span class='ocrx_word' id='word_1_651' title='bbox 2575 1979 2681 2016; x_wconf 91' lang='lat' dir='ltr'><strong>non</strong></span> <span class='ocrx_word' id='word_1_652' title='bbox 2708 1962 3089 2031; x_wconf 89' lang='lat' dir='ltr'><strong>impedimento</strong></span> <span class='ocrx_word' id='word_1_653' title='bbox 3113 1976 3249 2015; x_wconf 86' lang='lat' dir='ltr'><strong>esse.</strong></span> <span class='ocrx_word' id='word_1_654' title='bbox 3282 1962 3391 2015; x_wconf 86' lang='lat' dir='ltr'><strong>Etsi</strong></span> <span class='ocrx_word' id='word_1_655' title='bbox 3418 1961 3561 2015; x_wconf 90' lang='lat' dir='ltr'><strong>enim</strong></span> 
     </span>
    </p>
   </div>
   <div class='ocr_carea' id='block_1_80' title="bbox 1975 2053 3560 2125">
    <p class='ocr_par' dir='ltr' id='par_1_80' title="bbox 1975 2053 3560 2125">
     <span class='ocr_line' id='line_1_80' title="bbox 1975 2053 3560 2125; baseline -0.001 -17"><span class='ocrx_word' id='word_1_656' title='bbox 1975 2070 2134 2125; x_wconf 88' lang='lat' dir='ltr'><strong>quam</strong></span> <span class='ocrx_word' id='word_1_657' title='bbox 2164 2055 2534 2125; x_wconf 87' lang='lat' dir='ltr'><strong>pauperrimus</strong></span> <span class='ocrx_word' id='word_1_658' title='bbox 2562 2054 2658 2119; x_wconf 89' lang='lat' dir='ltr'><strong>sis,</strong></span> <span class='ocrx_word' id='word_1_659' title='bbox 2689 2070 2796 2109; x_wconf 90' lang='lat' dir='ltr'><strong>non</strong></span> <span class='ocrx_word' id='word_1_660' title='bbox 2821 2054 3105 2124; x_wconf 89' lang='lat' dir='ltr'><strong>pauperior</strong></span> <span class='ocrx_word' id='word_1_661' title='bbox 3135 2068 3191 2107; x_wconf 88' lang='lat' dir='ltr'><strong>es</strong></span> <span class='ocrx_word' id='word_1_662' title='bbox 3222 2062 3399 2107; x_wconf 89' lang='lat' dir='ltr'><strong>tamen</strong></span> <span class='ocrx_word' id='word_1_663' title='bbox 3432 2053 3516 2107; x_wconf 88' lang='lat' dir='ltr'><strong>illa</strong></span> <span class='ocrx_word' id='word_1_664' title='bbox 3545 2094 3560 2116; x_wconf 91' lang='lat'><strong>,</strong></span> 
     </span>
    </p>
   </div>
   <div class='ocr_carea' id='block_1_81' title="bbox 1973 2144 3563 2216">
    <p class='ocr_par' dir='ltr' id='par_1_81' title="bbox 1973 2144 3563 2216">
     <span class='ocr_line' id='line_1_81' title="bbox 1973 2144 3563 2216; baseline -0.002 -16"><span class='ocrx_word' id='word_1_665' title='bbox 1973 2161 2092 2216; x_wconf 73' lang='lat' dir='ltr'><strong>quae</strong></span> <span class='ocrx_word' id='word_1_666' title='bbox 2115 2145 2297 2200; x_wconf 71' lang='lat' dir='ltr'><strong>farina:</strong></span> <span class='ocrx_word' id='word_1_667' title='bbox 2321 2155 2522 2201; x_wconf 89' lang='lat' dir='ltr'><strong>tantum</strong></span> <span class='ocrx_word' id='word_1_668' title='bbox 2547 2146 2798 2216; x_wconf 81' lang='lat' dir='ltr'><strong>pugillum</strong></span> <span class='ocrx_word' id='word_1_669' title='bbox 2824 2145 3050 2199; x_wconf 88' lang='lat' dir='ltr'><strong>habebat</strong></span> <span class='ocrx_word' id='word_1_670' title='bbox 3082 2146 3156 2215; x_wconf 86' lang='lat'><strong>(&#39;5.</strong></span> <span class='ocrx_word' id='word_1_671' title='bbox 3179 2144 3305 2214; x_wconf 74' lang='lat' dir='ltr'><strong>Reg.</strong></span> <span class='ocrx_word' id='word_1_672' title='bbox 3334 2147 3419 2199; x_wconf 82' lang='lat' dir='ltr'><strong>l7.</strong></span> <span class='ocrx_word' id='word_1_673' title='bbox 3449 2144 3563 2215; x_wconf 72' lang='grc'>12),</span> 
     </span>
    </p>
   </div>
   <div class='ocr_carea' id='block_1_82' title="bbox 1973 2237 3561 2308">
    <p class='ocr_par' dir='ltr' id='par_1_82' title="bbox 1973 2237 3561 2308">
     <span class='ocr_line' id='line_1_82' title="bbox 1973 2237 3561 2308; baseline -0.003 -14"><span class='ocrx_word' id='word_1_674' title='bbox 1973 2249 2028 2294; x_wconf 89' lang='lat' dir='ltr'><strong>et</strong></span> <span class='ocrx_word' id='word_1_675' title='bbox 2070 2239 2155 2292; x_wconf 90' lang='lat' dir='ltr'><strong>illa</strong></span> <span class='ocrx_word' id='word_1_676' title='bbox 2179 2280 2194 2305; x_wconf 97' lang='lat'><strong>,</strong></span> <span class='ocrx_word' id='word_1_677' title='bbox 2227 2253 2346 2308; x_wconf 64' lang='lat' dir='ltr'><strong>quae</strong></span> <span class='ocrx_word' id='word_1_678' title='bbox 2387 2238 2521 2294; x_wconf 91' lang='lat' dir='ltr'><strong>duos</strong></span> <span class='ocrx_word' id='word_1_679' title='bbox 2565 2247 2767 2292; x_wconf 87' lang='lat' dir='ltr'><strong>tantum</strong></span> <span class='ocrx_word' id='word_1_680' title='bbox 2810 2237 2998 2292; x_wconf 91' lang='lat' dir='ltr'><strong>obolos</strong></span> <span class='ocrx_word' id='word_1_681' title='bbox 3023 2277 3039 2302; x_wconf 97' lang='lat'><strong>,</strong></span> <span class='ocrx_word' id='word_1_682' title='bbox 3069 2250 3297 2301; x_wconf 86' lang='lat' dir='ltr'><strong>quarum</strong></span> <span class='ocrx_word' id='word_1_683' title='bbox 3336 2247 3561 2304; x_wconf 71' lang='lat' dir='ltr'><strong>utraque</strong></span> 
     </span>
    </p>
   </div>
   <div class='ocr_carea' id='block_1_83' title="bbox 1972 2327 3560 2399">
    <p class='ocr_par' dir='ltr' id='par_1_83' title="bbox 1972 2327 3560 2399">
     <span class='ocr_line' id='line_1_83' title="bbox 1972 2327 3560 2399; baseline -0.001 -17"><span class='ocrx_word' id='word_1_684' title='bbox 1972 2328 2117 2382; x_wconf 90' lang='lat' dir='ltr'><strong>omni</strong></span> <span class='ocrx_word' id='word_1_685' title='bbox 2148 2343 2206 2384; x_wconf 89' lang='lat' dir='ltr'><strong>re</strong></span> <span class='ocrx_word' id='word_1_686' title='bbox 2233 2328 2476 2383; x_wconf 89' lang='lat' dir='ltr'><strong>familiari</strong></span> <span class='ocrx_word' id='word_1_687' title='bbox 2508 2328 2563 2383; x_wconf 90' lang='lat' dir='ltr'><strong>in</strong></span> <span class='ocrx_word' id='word_1_688' title='bbox 2588 2337 2805 2399; x_wconf 82' lang='lat' dir='ltr'><strong>egentes</strong></span> <span class='ocrx_word' id='word_1_689' title='bbox 2832 2327 3020 2381; x_wconf 84' lang='lat' dir='ltr'><strong>collata</strong></span> <span class='ocrx_word' id='word_1_690' title='bbox 3044 2369 3057 2393; x_wconf 96' lang='lat'><strong>,</strong></span> <span class='ocrx_word' id='word_1_691' title='bbox 3086 2341 3329 2396; x_wconf 85' lang='lat' dir='ltr'><strong>magnam</strong></span> <span class='ocrx_word' id='word_1_692' title='bbox 3356 2329 3435 2379; x_wconf 91' lang='lat' dir='ltr'><strong>sui</strong></span> <span class='ocrx_word' id='word_1_693' title='bbox 3467 2327 3560 2380; x_wconf 86' lang='lat' dir='ltr'><strong>ad-</strong></span> 
     </span>
    </p>
   </div>
   <div class='ocr_carea' id='block_1_84' title="bbox 1969 2419 3560 2495">
    <p class='ocr_par' dir='ltr' id='par_1_84' title="bbox 1969 2419 3560 2495">
     <span class='ocr_line' id='line_1_84' title="bbox 1969 2419 3560 2495; baseline -0.003 -18"><span class='ocrx_word' id='word_1_694' title='bbox 1969 2422 2308 2477; x_wconf 88' lang='lat' dir='ltr'><strong>mirationem</strong></span> <span class='ocrx_word' id='word_1_695' title='bbox 2336 2423 2551 2492; x_wconf 89' lang='lat' dir='ltr'><strong>reliquit</strong></span> <span class='ocrx_word' id='word_1_696' title='bbox 2575 2421 2723 2495; x_wconf 86' lang='lat' dir='ltr'><strong>(Luc.</strong></span> <span class='ocrx_word' id='word_1_697' title='bbox 2749 2420 2838 2474; x_wconf 75' lang='grc'><strong>21.</strong></span> <span class='ocrx_word' id='word_1_698' title='bbox 2863 2419 2922 2489; x_wconf 68' lang='lat'><strong>2)</strong></span> <span class='ocrx_word' id='word_1_699' title='bbox 2950 2438 2962 2473; x_wconf 90' lang='lat'>:</span> <span class='ocrx_word' id='word_1_700' title='bbox 2987 2434 3085 2474; x_wconf 88' lang='lat' dir='ltr'><strong>nec</strong></span> <span class='ocrx_word' id='word_1_701' title='bbox 3111 2427 3255 2472; x_wconf 88' lang='lat' dir='ltr'><strong>tanta</strong></span> <span class='ocrx_word' id='word_1_702' title='bbox 3279 2430 3560 2488; x_wconf 83' lang='lat' dir='ltr'><strong>paupertas</strong></span> 
     </span>
    </p>
   </div>
   <div class='ocr_carea' id='block_1_85' title="bbox 1971 2509 3562 2582">
    <p class='ocr_par' dir='ltr' id='par_1_85' title="bbox 1971 2509 3562 2582">
     <span class='ocr_line' id='line_1_85' title="bbox 1971 2509 3562 2582; baseline -0.004 -12"><span class='ocrx_word' id='word_1_703' title='bbox 1971 2522 2135 2570; x_wconf 72' lang='lat' dir='ltr'><strong>tanta:</strong></span> <span class='ocrx_word' id='word_1_704' title='bbox 2166 2514 2467 2570; x_wconf 90' lang='lat' dir='ltr'><strong>liberalitati</strong></span> <span class='ocrx_word' id='word_1_705' title='bbox 2496 2512 2879 2582; x_wconf 86' lang='lat' dir='ltr'><strong>impedimento</strong></span> <span class='ocrx_word' id='word_1_706' title='bbox 2906 2509 3042 2577; x_wconf 89' lang='lat' dir='ltr'><strong>fuit,</strong></span> <span class='ocrx_word' id='word_1_707' title='bbox 3072 2510 3165 2565; x_wconf 92' lang='lat' dir='ltr'><strong>sed</strong></span> <span class='ocrx_word' id='word_1_708' title='bbox 3196 2510 3420 2565; x_wconf 88' lang='lat' dir='ltr'><strong>duorum</strong></span> <span class='ocrx_word' id='word_1_709' title='bbox 3465 2510 3562 2564; x_wconf 88' lang='lat' dir='ltr'><strong>mi-</strong></span> 
     </span>
    </p>
   </div>
   <div class='ocr_carea' id='block_1_86' title="bbox 1969 2600 3561 2674">
    <p class='ocr_par' dir='ltr' id='par_1_86' title="bbox 1969 2600 3561 2674">
     <span class='ocr_line' id='line_1_86' title="bbox 1969 2600 3561 2674; baseline -0.004 -14"><span class='ocrx_word' id='word_1_710' title='bbox 1969 2615 2217 2661; x_wconf 82' lang='lat' dir='ltr'><strong>notorum</strong></span> <span class='ocrx_word' id='word_1_711' title='bbox 2250 2606 2383 2674; x_wconf 90' lang='lat' dir='ltr'><strong>stips</strong></span> <span class='ocrx_word' id='word_1_712' title='bbox 2411 2604 2549 2659; x_wconf 89' lang='lat' dir='ltr'><strong>adeo</strong></span> <span class='ocrx_word' id='word_1_713' title='bbox 2575 2605 2720 2673; x_wconf 85' lang='lat' dir='ltr'><strong>larga</strong></span> <span class='ocrx_word' id='word_1_714' title='bbox 2763 2611 2819 2657; x_wconf 91' lang='lat' dir='ltr'><strong>et</strong></span> <span class='ocrx_word' id='word_1_715' title='bbox 2855 2602 3085 2672; x_wconf 88' lang='lat' dir='ltr'><strong>gloriosa</strong></span> <span class='ocrx_word' id='word_1_716' title='bbox 3126 2600 3224 2655; x_wconf 89' lang='lat' dir='ltr'><strong>fuit</strong></span> <span class='ocrx_word' id='word_1_717' title='bbox 3246 2643 3260 2663; x_wconf 89' lang='lat'><strong>,</strong></span> <span class='ocrx_word' id='word_1_718' title='bbox 3292 2611 3345 2653; x_wconf 81' lang='lat' dir='ltr'><strong>ut</strong></span> <span class='ocrx_word' id='word_1_719' title='bbox 3376 2616 3561 2655; x_wconf 89' lang='lat' dir='ltr'><strong>omnes</strong></span> 
     </span>
    </p>
   </div>
   <div class='ocr_carea' id='block_1_87' title="bbox 1967 2694 3559 2767">
    <p class='ocr_par' dir='ltr' id='par_1_87' title="bbox 1967 2694 3559 2767">
     <span class='ocr_line' id='line_1_87' title="bbox 1967 2694 3559 2767; baseline -0.004 -14"><span class='ocrx_word' id='word_1_720' title='bbox 1967 2698 2161 2753; x_wconf 89' lang='lat' dir='ltr'><strong>divites</strong></span> <span class='ocrx_word' id='word_1_721' title='bbox 2187 2698 2537 2762; x_wconf 87' lang='lat' dir='ltr'><strong>obscuraret,</strong></span> <span class='ocrx_word' id='word_1_722' title='bbox 2563 2711 2760 2765; x_wconf 86' lang='lat' dir='ltr'><strong>eosque</strong></span> <span class='ocrx_word' id='word_1_723' title='bbox 2786 2697 2874 2761; x_wconf 89' lang='lat' dir='ltr'><strong>qui</strong></span> <span class='ocrx_word' id='word_1_724' title='bbox 2901 2695 3100 2749; x_wconf 85' lang='lat' dir='ltr'><strong>multos</strong></span> <span class='ocrx_word' id='word_1_725' title='bbox 3127 2703 3352 2748; x_wconf 87' lang='lat' dir='ltr'><strong>stateras</strong></span> <span class='ocrx_word' id='word_1_726' title='bbox 3377 2694 3559 2767; x_wconf 82' lang='lat' dir='ltr'><strong>conje-</strong></span> 
     </span>
    </p>
   </div>
   <div class='ocr_carea' id='block_1_88' title="bbox 1967 2786 3553 2857">
    <p class='ocr_par' dir='ltr' id='par_1_88' title="bbox 1967 2786 3553 2857">
     <span class='ocr_line' id='line_1_88' title="bbox 1967 2786 3553 2857; baseline -0.005 -11"><span class='ocrx_word' id='word_1_727' title='bbox 1967 2796 2169 2851; x_wconf 87' lang='lat' dir='ltr'><strong>cerant,</strong></span> <span class='ocrx_word' id='word_1_728' title='bbox 2193 2788 2389 2843; x_wconf 82' lang='lat' dir='ltr'><strong>divitiis</strong></span> <span class='ocrx_word' id='word_1_729' title='bbox 2410 2788 2603 2843; x_wconf 83' lang='lat' dir='ltr'><strong>mentis</strong></span> <span class='ocrx_word' id='word_1_730' title='bbox 2624 2828 2639 2850; x_wconf 90' lang='lat'><strong>,</strong></span> <span class='ocrx_word' id='word_1_731' title='bbox 2663 2798 2716 2842; x_wconf 88' lang='lat' dir='ltr'><strong>et</strong></span> <span class='ocrx_word' id='word_1_732' title='bbox 2734 2787 3026 2842; x_wconf 86' lang='lat' dir='ltr'><strong>alacritatis</strong></span> <span class='ocrx_word' id='word_1_733' title='bbox 3043 2786 3230 2857; x_wconf 83' lang='lat' dir='ltr'><strong>opibus</strong></span> <span class='ocrx_word' id='word_1_734' title='bbox 3255 2795 3553 2855; x_wconf 85' lang='lat' dir='ltr'><strong>superaret.</strong></span> 
     </span>
    </p>
   </div>
   <div class='ocr_carea' id='block_1_89' title="bbox 1966 2875 3550 2950">
    <p class='ocr_par' dir='ltr' id='par_1_89' title="bbox 1966 2875 3550 2950">
     <span class='ocr_line' id='line_1_89' title="bbox 1966 2875 3550 2950; baseline -0.006 -14"><span class='ocrx_word' id='word_1_735' title='bbox 1966 2879 2142 2949; x_wconf 87' lang='lat' dir='ltr'><strong>Quare</strong></span> <span class='ocrx_word' id='word_1_736' title='bbox 2170 2895 2342 2950; x_wconf 92' lang='lat' dir='ltr'><strong>neque</strong></span> <span class='ocrx_word' id='word_1_737' title='bbox 2372 2880 2456 2934; x_wconf 89' lang='lat' dir='ltr'><strong>hic</strong></span> <span class='ocrx_word' id='word_1_738' title='bbox 2485 2879 2734 2933; x_wconf 88' lang='lat' dir='ltr'><strong>damnum</strong></span> <span class='ocrx_word' id='word_1_739' title='bbox 2768 2894 2953 2947; x_wconf 86' lang='lat' dir='ltr'><strong>passus</strong></span> <span class='ocrx_word' id='word_1_740' title='bbox 2982 2893 3061 2944; x_wconf 91' lang='lat' dir='ltr'><strong>es,</strong></span> <span class='ocrx_word' id='word_1_741' title='bbox 3094 2877 3187 2932; x_wconf 86' lang='lat' dir='ltr'><strong>sed</strong></span> <span class='ocrx_word' id='word_1_742' title='bbox 3219 2878 3423 2930; x_wconf 88' lang='lat' dir='ltr'><strong>lucrum</strong></span> <span class='ocrx_word' id='word_1_743' title='bbox 3456 2875 3550 2927; x_wconf 88' lang='lat' dir='ltr'><strong>ha-</strong></span> 
     </span>
    </p>
   </div>
   <div class='ocr_carea' id='block_1_90' title="bbox 1964 2965 3554 3040">
    <p class='ocr_par' dir='ltr' id='par_1_90' title="bbox 1964 2965 3554 3040">
     <span class='ocr_line' id='line_1_90' title="bbox 1964 2965 3554 3040; baseline -0.006 -13"><span class='ocrx_word' id='word_1_744' title='bbox 1964 2970 2126 3027; x_wconf 87' lang='lat' dir='ltr'><strong>buisti</strong></span> <span class='ocrx_word' id='word_1_745' title='bbox 2155 2970 2348 3040; x_wconf 90' lang='lat' dir='ltr'><strong>potius,</strong></span> <span class='ocrx_word' id='word_1_746' title='bbox 2381 2969 2568 3039; x_wconf 81' lang='lat' dir='ltr'><strong>exigua</strong></span> <span class='ocrx_word' id='word_1_747' title='bbox 2599 2969 2853 3038; x_wconf 89' lang='lat' dir='ltr'><strong>pensione</strong></span> <span class='ocrx_word' id='word_1_748' title='bbox 2878 2968 3199 3038; x_wconf 81' lang='lat' dir='ltr'><strong>insigniores</strong></span> <span class='ocrx_word' id='word_1_749' title='bbox 3224 3007 3239 3032; x_wconf 97' lang='lat'><strong>,</strong></span> <span class='ocrx_word' id='word_1_750' title='bbox 3273 2981 3430 3036; x_wconf 82' lang='lat' dir='ltr'><strong>quam</strong></span> <span class='ocrx_word' id='word_1_751' title='bbox 3464 2965 3554 3034; x_wconf 91' lang='lat' dir='ltr'><strong>qui</strong></span> 
     </span>
    </p>
   </div>
   <div class='ocr_carea' id='block_1_91' title="bbox 1965 3056 3554 3135">
    <p class='ocr_par' dir='ltr' id='par_1_91' title="bbox 1965 3056 3554 3135">
     <span class='ocr_line' id='line_1_91' title="bbox 1965 3056 3554 3135; baseline -0.008 -16"><span class='ocrx_word' id='word_1_752' title='bbox 1965 3063 2131 3119; x_wconf 87' lang='lat' dir='ltr'><strong>multa</strong></span> <span class='ocrx_word' id='word_1_753' title='bbox 2157 3062 2514 3127; x_wconf 90' lang='lat' dir='ltr'><strong>contulerunt,</strong></span> <span class='ocrx_word' id='word_1_754' title='bbox 2538 3075 2763 3116; x_wconf 80' lang='lat' dir='ltr'><strong>coronas</strong></span> <span class='ocrx_word' id='word_1_755' title='bbox 2783 3059 3026 3135; x_wconf 84' lang='lat' dir='ltr'><strong>adeptus.</strong></span> <span class='ocrx_word' id='word_1_756' title='bbox 3056 3056 3257 3112; x_wconf 79' lang='lat' dir='ltr'><strong>Verum</strong></span> <span class='ocrx_word' id='word_1_757' title='bbox 3281 3057 3554 3126; x_wconf 78' lang='lat' dir='ltr'><strong>quonizun,</strong></span> 
     </span>
    </p>
   </div>
   <div class='ocr_carea' id='block_1_92' title="bbox 1966 3147 3558 3217">
    <p class='ocr_par' dir='ltr' id='par_1_92' title="bbox 1966 3147 3558 3217">
     <span class='ocr_line' id='line_1_92' title="bbox 1966 3147 3558 3217; baseline -0.006 -7"><span class='ocrx_word' id='word_1_758' title='bbox 1966 3155 2093 3211; x_wconf 86' lang='lat' dir='ltr'><strong>licet</strong></span> <span class='ocrx_word' id='word_1_759' title='bbox 2131 3156 2246 3209; x_wconf 78' lang='lat' dir='ltr'><strong>luce</strong></span> <span class='ocrx_word' id='word_1_760' title='bbox 2287 3154 2588 3209; x_wconf 82' lang='lat' dir='ltr'><strong>sexcenties</strong></span> <span class='ocrx_word' id='word_1_761' title='bbox 2625 3150 2902 3214; x_wconf 83' lang='lat' dir='ltr'><strong>dicamus,</strong></span> <span class='ocrx_word' id='word_1_762' title='bbox 2931 3151 3123 3205; x_wconf 83' lang='lat' dir='ltr'><strong>aninue</strong></span> <span class='ocrx_word' id='word_1_763' title='bbox 3163 3162 3355 3217; x_wconf 83' lang='lat' dir='ltr'><strong>corpus</strong></span> <span class='ocrx_word' id='word_1_764' title='bbox 3398 3147 3558 3201; x_wconf 90' lang='lat' dir='ltr'><strong>nimis</strong></span> 
     </span>
    </p>
   </div>
   <div class='ocr_carea' id='block_1_93' title="bbox 1965 3241 3559 3317">
    <p class='ocr_par' dir='ltr' id='par_1_93' title="bbox 1965 3241 3559 3317">
     <span class='ocr_line' id='line_1_93' title="bbox 1965 3241 3559 3317; baseline -0.007 -14"><span class='ocrx_word' id='word_1_765' title='bbox 1965 3258 2228 3315; x_wconf 87' lang='lat' dir='ltr'><strong>amantes,</strong></span> <span class='ocrx_word' id='word_1_766' title='bbox 2253 3246 2594 3302; x_wconf 64' lang='lat' dir='ltr'><strong>secularibus</strong></span> <span class='ocrx_word' id='word_1_767' title='bbox 2613 3245 2841 3317; x_wconf 86' lang='lat' dir='ltr'><strong>negotiis</strong></span> <span class='ocrx_word' id='word_1_768' title='bbox 2865 3244 3090 3299; x_wconf 89' lang='lat' dir='ltr'><strong>libenter</strong></span> <span class='ocrx_word' id='word_1_769' title='bbox 3114 3241 3401 3312; x_wconf 71' lang='lat' dir='ltr'><strong>implicitae,</strong></span> <span class='ocrx_word' id='word_1_770' title='bbox 3424 3254 3559 3309; x_wconf 82' lang='lat' dir='ltr'><strong>prac-</strong></span> 
     </span>
    </p>
   </div>
   <div class='ocr_carea' id='block_1_94' title="bbox 1965 3332 3561 3407">
    <p class='ocr_par' dir='ltr' id='par_1_94' title="bbox 1965 3332 3561 3407">
     <span class='ocr_line' id='line_1_94' title="bbox 1965 3332 3561 3407; baseline -0.008 -11"><span class='ocrx_word' id='word_1_771' title='bbox 1965 3340 2198 3396; x_wconf 88' lang='lat' dir='ltr'><strong>sentium</strong></span> <span class='ocrx_word' id='word_1_772' title='bbox 2227 3354 2408 3393; x_wconf 90' lang='lat' dir='ltr'><strong>rerum</strong></span> <span class='ocrx_word' id='word_1_773' title='bbox 2439 3338 2708 3407; x_wconf 75' lang='lat' dir='ltr'><strong>voluptate</strong></span> <span class='ocrx_word' id='word_1_774' title='bbox 2733 3345 2903 3406; x_wconf 78' lang='lat' dir='ltr'><strong>captae</strong></span> <span class='ocrx_word' id='word_1_775' title='bbox 2925 3376 2940 3400; x_wconf 93' lang='lat'><strong>,</strong></span> <span class='ocrx_word' id='word_1_776' title='bbox 2972 3349 3081 3389; x_wconf 89' lang='lat' dir='ltr'><strong>non</strong></span> <span class='ocrx_word' id='word_1_777' title='bbox 3123 3332 3273 3387; x_wconf 89' lang='lat' dir='ltr'><strong>facile</strong></span> <span class='ocrx_word' id='word_1_778' title='bbox 3309 3338 3561 3400; x_wconf 89' lang='lat' dir='ltr'><strong>poterunt</strong></span> 
     </span>
    </p>
   </div>
   <div class='ocr_carea' id='block_1_95' title="bbox 1964 3419 3563 3498">
    <p class='ocr_par' dir='ltr' id='par_1_95' title="bbox 1964 3419 3563 3498">
     <span class='ocr_line' id='line_1_95' title="bbox 1964 3419 3563 3498; baseline -0.007 -12"><span class='ocrx_word' id='word_1_779' title='bbox 1964 3437 2362 3487; x_wconf 86' lang='lat' dir='ltr'><strong>marcescentes</strong></span> <span class='ocrx_word' id='word_1_780' title='bbox 2388 3428 2550 3483; x_wconf 83' lang='lat' dir='ltr'><strong>ﬂores</strong></span> <span class='ocrx_word' id='word_1_781' title='bbox 2576 3427 2878 3496; x_wconf 88' lang='lat' dir='ltr'><strong>relinquere</strong></span> <span class='ocrx_word' id='word_1_782' title='bbox 2905 3424 3054 3498; x_wconf 89' lang='lat' dir='ltr'><strong>(talia</strong></span> <span class='ocrx_word' id='word_1_783' title='bbox 3080 3423 3221 3478; x_wconf 90' lang='lat' dir='ltr'><strong>enim</strong></span> <span class='ocrx_word' id='word_1_784' title='bbox 3247 3432 3370 3477; x_wconf 90' lang='lat' dir='ltr'><strong>sunt</strong></span> <span class='ocrx_word' id='word_1_785' title='bbox 3399 3419 3563 3490; x_wconf 82' lang='lat' dir='ltr'><strong>hujus</strong></span> 
     </span>
    </p>
   </div>
   <div class='ocr_carea' id='block_1_96' title="bbox 1961 3513 3553 3592">
    <p class='ocr_par' dir='ltr' id='par_1_96' title="bbox 1961 3513 3553 3592">
     <span class='ocr_line' id='line_1_96' title="bbox 1961 3513 3553 3592; baseline -0.006 -16"><span class='ocrx_word' id='word_1_786' title='bbox 1961 3522 2087 3577; x_wconf 81' lang='lat' dir='ltr'><strong>vita:</strong></span> <span class='ocrx_word' id='word_1_787' title='bbox 2112 3519 2337 3592; x_wconf 88' lang='lat' dir='ltr'><strong>gaudia)</strong></span> <span class='ocrx_word' id='word_1_788' title='bbox 2368 3561 2382 3586; x_wconf 91' lang='lat'><strong>,</strong></span> <span class='ocrx_word' id='word_1_789' title='bbox 2412 3535 2583 3590; x_wconf 86' lang='lat' dir='ltr'><strong>neque</strong></span> <span class='ocrx_word' id='word_1_790' title='bbox 2612 3518 2830 3573; x_wconf 87' lang='lat' dir='ltr'><strong>umbras</strong></span> <span class='ocrx_word' id='word_1_791' title='bbox 2857 3519 3048 3573; x_wconf 87' lang='lat' dir='ltr'><strong>missas</strong></span> <span class='ocrx_word' id='word_1_792' title='bbox 3086 3515 3264 3571; x_wconf 86' lang='lat' dir='ltr'><strong>facere</strong></span> <span class='ocrx_word' id='word_1_793' title='bbox 3294 3530 3307 3566; x_wconf 89' lang='lat'><strong>:</strong></span> <span class='ocrx_word' id='word_1_794' title='bbox 3338 3513 3430 3568; x_wconf 85' lang='lat' dir='ltr'><strong>sed</strong></span> <span class='ocrx_word' id='word_1_795' title='bbox 3462 3513 3553 3567; x_wconf 89' lang='lat' dir='ltr'><strong>ho-</strong></span> 
     </span>
    </p>
   </div>
   <div class='ocr_carea' id='block_1_97' title="bbox 1962 3607 3550 3682">
    <p class='ocr_par' dir='ltr' id='par_1_97' title="bbox 1962 3607 3550 3682">
     <span class='ocr_line' id='line_1_97' title="bbox 1962 3607 3550 3682; baseline -0.006 -14"><span class='ocrx_word' id='word_1_796' title='bbox 1962 3611 2254 3669; x_wconf 87' lang='lat' dir='ltr'><strong>nestissimi</strong></span> <span class='ocrx_word' id='word_1_797' title='bbox 2273 3612 2468 3682; x_wconf 89' lang='lat' dir='ltr'><strong>quique</strong></span> <span class='ocrx_word' id='word_1_798' title='bbox 2487 3621 2590 3665; x_wconf 89' lang='lat' dir='ltr'><strong>tam</strong></span> <span class='ocrx_word' id='word_1_799' title='bbox 2610 3609 2695 3665; x_wconf 90' lang='lat' dir='ltr'><strong>illa</strong></span> <span class='ocrx_word' id='word_1_800' title='bbox 2713 3626 2868 3678; x_wconf 86' lang='lat' dir='ltr'><strong>quam</strong></span> <span class='ocrx_word' id='word_1_801' title='bbox 2888 3610 2986 3663; x_wconf 87' lang='lat' dir='ltr'><strong>ista</strong></span> <span class='ocrx_word' id='word_1_802' title='bbox 3004 3607 3274 3663; x_wconf 87' lang='lat' dir='ltr'><strong>mordicus</strong></span> <span class='ocrx_word' id='word_1_803' title='bbox 3289 3607 3550 3673; x_wconf 87' lang='lat' dir='ltr'><strong>retinent;</strong></span> 
     </span>
    </p>
   </div>
   <div class='ocr_carea' id='block_1_98' title="bbox 1960 3697 3548 3769">
    <p class='ocr_par' dir='ltr' id='par_1_98' title="bbox 1960 3697 3548 3769">
     <span class='ocr_line' id='line_1_98' title="bbox 1960 3697 3548 3769; baseline -0.003 -11"><span class='ocrx_word' id='word_1_804' title='bbox 1960 3702 2269 3759; x_wconf 82' lang='lat' dir='ltr'><strong>miseriores</strong></span> <span class='ocrx_word' id='word_1_805' title='bbox 2286 3717 2414 3756; x_wconf 87' lang='lat' dir='ltr'><strong>vero</strong></span> <span class='ocrx_word' id='word_1_806' title='bbox 2435 3712 2487 3756; x_wconf 91' lang='lat' dir='ltr'><strong>et</strong></span> <span class='ocrx_word' id='word_1_807' title='bbox 2509 3700 2833 3756; x_wconf 87' lang='lat' dir='ltr'><strong>infeliciores</strong></span> <span class='ocrx_word' id='word_1_808' title='bbox 2851 3701 2937 3754; x_wconf 89' lang='lat' dir='ltr'><strong>illa</strong></span> <span class='ocrx_word' id='word_1_809' title='bbox 2961 3701 3170 3769; x_wconf 85' lang='lat' dir='ltr'><strong>quidem</strong></span> <span class='ocrx_word' id='word_1_810' title='bbox 3195 3698 3404 3767; x_wconf 89' lang='lat' dir='ltr'><strong>majori,</strong></span> <span class='ocrx_word' id='word_1_811' title='bbox 3432 3697 3548 3753; x_wconf 73' lang='lat' dir='ltr'><strong>haec</strong></span> 
     </span>
    </p>
   </div>
   <div class='ocr_carea' id='block_1_99' title="bbox 1960 3787 3554 3863">
    <p class='ocr_par' dir='ltr' id='par_1_99' title="bbox 1960 3787 3554 3863">
     <span class='ocr_line' id='line_1_99' title="bbox 1960 3787 3554 3863; baseline -0.006 -15"><span class='ocrx_word' id='word_1_812' title='bbox 1960 3810 2092 3850; x_wconf 86' lang='lat' dir='ltr'><strong>vero</strong></span> <span class='ocrx_word' id='word_1_813' title='bbox 2118 3795 2277 3863; x_wconf 87' lang='lat' dir='ltr'><strong>longe</strong></span> <span class='ocrx_word' id='word_1_814' title='bbox 2303 3793 2498 3849; x_wconf 87' lang='lat' dir='ltr'><strong>minori</strong></span> <span class='ocrx_word' id='word_1_815' title='bbox 2526 3808 2591 3847; x_wconf 88' lang='lat' dir='ltr'><strong>ex</strong></span> <span class='ocrx_word' id='word_1_816' title='bbox 2616 3801 2769 3862; x_wconf 86' lang='lat' dir='ltr'><strong>parte</strong></span> <span class='ocrx_word' id='word_1_817' title='bbox 2797 3808 2809 3845; x_wconf 90' lang='lat'><strong>:</strong></span> <span class='ocrx_word' id='word_1_818' title='bbox 2840 3806 2935 3861; x_wconf 83' lang='lat' dir='ltr'><strong>age</strong></span> <span class='ocrx_word' id='word_1_819' title='bbox 2961 3806 3084 3844; x_wconf 90' lang='lat' dir='ltr'><strong>vero</strong></span> <span class='ocrx_word' id='word_1_820' title='bbox 3113 3789 3371 3858; x_wconf 87' lang='lat' dir='ltr'><strong>speciosis</strong></span> <span class='ocrx_word' id='word_1_821' title='bbox 3394 3787 3554 3842; x_wconf 90' lang='lat' dir='ltr'><strong>larvis</strong></span> 
     </span>
    </p>
   </div>
   <div class='ocr_carea' id='block_1_100' title="bbox 1961 3879 3556 3953">
    <p class='ocr_par' dir='ltr' id='par_1_100' title="bbox 1961 3879 3556 3953">
     <span class='ocr_line' id='line_1_100' title="bbox 1961 3879 3556 3953; baseline -0.002 -15"><span class='ocrx_word' id='word_1_822' title='bbox 1961 3899 1993 3938; x_wconf 89' lang='lat' dir='ltr'><strong>a</strong></span> <span class='ocrx_word' id='word_1_823' title='bbox 2020 3884 2158 3953; x_wconf 90' lang='lat' dir='ltr'><strong>turpi</strong></span> <span class='ocrx_word' id='word_1_824' title='bbox 2182 3898 2246 3939; x_wconf 90' lang='lat' dir='ltr'><strong>ac</strong></span> <span class='ocrx_word' id='word_1_825' title='bbox 2272 3882 2500 3939; x_wconf 86' lang='lat' dir='ltr'><strong>deformi</strong></span> <span class='ocrx_word' id='word_1_826' title='bbox 2536 3884 2722 3937; x_wconf 85' lang='lat' dir='ltr'><strong>harum</strong></span> <span class='ocrx_word' id='word_1_827' title='bbox 2750 3897 2925 3936; x_wconf 84' lang='lat' dir='ltr'><strong>rerum</strong></span> <span class='ocrx_word' id='word_1_828' title='bbox 2956 3879 3092 3936; x_wconf 85' lang='lat' dir='ltr'><strong>facie</strong></span> <span class='ocrx_word' id='word_1_829' title='bbox 3120 3879 3374 3934; x_wconf 89' lang='lat' dir='ltr'><strong>detractis</strong></span> <span class='ocrx_word' id='word_1_830' title='bbox 3393 3920 3408 3943; x_wconf 97' lang='lat'><strong>,</strong></span> <span class='ocrx_word' id='word_1_831' title='bbox 3439 3893 3556 3935; x_wconf 87' lang='lat' dir='ltr'><strong>me-</strong></span> 
     </span>
    </p>
   </div>
   <div class='ocr_carea' id='block_1_101' title="bbox 1962 3969 3548 4033">
    <p class='ocr_par' dir='ltr' id='par_1_101' title="bbox 1962 3969 3548 4033">
     <span class='ocr_line' id='line_1_101' title="bbox 1962 3969 3548 4033; baseline -0.007 -2"><span class='ocrx_word' id='word_1_832' title='bbox 1962 3977 2171 4032; x_wconf 88' lang='lat' dir='ltr'><strong>retricis</strong></span> <span class='ocrx_word' id='word_1_833' title='bbox 2215 3976 2452 4033; x_wconf 88' lang='lat' dir='ltr'><strong>mulieris</strong></span> <span class='ocrx_word' id='word_1_834' title='bbox 2495 3974 2784 4030; x_wconf 73' lang='lat' dir='ltr'><strong>fmditntcm</strong></span> <span class='ocrx_word' id='word_1_835' title='bbox 2826 3973 3190 4029; x_wconf 63' lang='lat' dir='ltr'><strong>ostendamus.</strong></span> <span class='ocrx_word' id='word_1_836' title='bbox 3237 3972 3381 4027; x_wconf 82' lang='lat' dir='ltr'><strong>Talis</strong></span> <span class='ocrx_word' id='word_1_837' title='bbox 3400 3969 3548 4021; x_wconf 87' lang='lat' dir='ltr'><strong>enim</strong></span> 
     </span>
    </p>
   </div>
   <div class='ocr_carea' id='block_1_102' title="bbox 1958 4063 3557 4137">
    <p class='ocr_par' dir='ltr' id='par_1_102' title="bbox 1958 4063 3557 4137">
     <span class='ocr_line' id='line_1_102' title="bbox 1958 4063 3557 4137; baseline -0.003 -14"><span class='ocrx_word' id='word_1_838' title='bbox 1958 4075 2043 4124; x_wconf 88' lang='lat' dir='ltr'><strong>est</strong></span> <span class='ocrx_word' id='word_1_839' title='bbox 2078 4068 2185 4122; x_wconf 88' lang='lat' dir='ltr'><strong>vita</strong></span> <span class='ocrx_word' id='word_1_840' title='bbox 2224 4067 2290 4122; x_wconf 90' lang='lat' dir='ltr'><strong>ad</strong></span> <span class='ocrx_word' id='word_1_841' title='bbox 2330 4067 2659 4137; x_wconf 86' lang='lat' dir='ltr'><strong>voluptates,</strong></span> <span class='ocrx_word' id='word_1_842' title='bbox 2690 4065 2935 4129; x_wconf 76' lang='lat' dir='ltr'><strong>divitias,</strong></span> <span class='ocrx_word' id='word_1_843' title='bbox 2961 4073 3016 4119; x_wconf 88' lang='lat' dir='ltr'><strong>et</strong></span> <span class='ocrx_word' id='word_1_844' title='bbox 3055 4063 3344 4133; x_wconf 88' lang='lat' dir='ltr'><strong>potentiam</strong></span> <span class='ocrx_word' id='word_1_845' title='bbox 3381 4071 3557 4120; x_wconf 78' lang='lat' dir='ltr'><strong>atten-</strong></span> 
     </span>
    </p>
   </div>
   <div class='ocr_carea' id='block_1_103' title="bbox 1963 4154 3551 4231">
    <p class='ocr_par' dir='ltr' id='par_1_103' title="bbox 1963 4154 3551 4231">
     <span class='ocr_line' id='line_1_103' title="bbox 1963 4154 3551 4231; baseline -0.004 -15"><span class='ocrx_word' id='word_1_846' title='bbox 1963 4170 2048 4226; x_wconf 89' lang='lat' dir='ltr'><strong>ta;</strong></span> <span class='ocrx_word' id='word_1_847' title='bbox 2080 4161 2267 4231; x_wconf 88' lang='lat' dir='ltr'><strong>turpis,</strong></span> <span class='ocrx_word' id='word_1_848' title='bbox 2296 4156 2573 4224; x_wconf 90' lang='lat' dir='ltr'><strong>deformis,</strong></span> <span class='ocrx_word' id='word_1_849' title='bbox 2598 4158 2765 4212; x_wconf 86' lang='lat' dir='ltr'><strong>multa</strong></span> <span class='ocrx_word' id='word_1_850' title='bbox 2790 4156 3024 4213; x_wconf 65' lang='lat' dir='ltr'><strong>foeditate</strong></span> <span class='ocrx_word' id='word_1_851' title='bbox 3050 4154 3267 4222; x_wconf 89' lang='lat' dir='ltr'><strong>referta,</strong></span> <span class='ocrx_word' id='word_1_852' title='bbox 3297 4155 3551 4220; x_wconf 75' lang='lat' dir='ltr'><strong>molesta,</strong></span> 
     </span>
    </p>
   </div>
   <div class='ocr_carea' id='block_1_104' title="bbox 1960 4246 3556 4324">
    <p class='ocr_par' dir='ltr' id='par_1_104' title="bbox 1960 4246 3556 4324">
     <span class='ocr_line' id='line_1_104' title="bbox 1960 4246 3556 4324; baseline -0.003 -17"><span class='ocrx_word' id='word_1_853' title='bbox 1960 4253 2136 4324; x_wconf 83' lang='lat' dir='ltr'><strong>gravis</strong></span> <span class='ocrx_word' id='word_1_854' title='bbox 2161 4295 2177 4319; x_wconf 91' lang='lat'><strong>,</strong></span> <span class='ocrx_word' id='word_1_855' title='bbox 2204 4250 2560 4309; x_wconf 88' lang='lat' dir='ltr'><strong>amaritudine</strong></span> <span class='ocrx_word' id='word_1_856' title='bbox 2593 4250 2770 4318; x_wconf 85' lang='lat' dir='ltr'><strong>plena.</strong></span> <span class='ocrx_word' id='word_1_857' title='bbox 2813 4247 2925 4303; x_wconf 76' lang='lat' dir='ltr'><strong>Hoc</strong></span> <span class='ocrx_word' id='word_1_858' title='bbox 2951 4247 3097 4303; x_wconf 86' lang='lat' dir='ltr'><strong>enim</strong></span> <span class='ocrx_word' id='word_1_859' title='bbox 3137 4255 3220 4301; x_wconf 89' lang='lat' dir='ltr'><strong>est</strong></span> <span class='ocrx_word' id='word_1_860' title='bbox 3241 4289 3256 4313; x_wconf 95' lang='lat'><strong>,</strong></span> <span class='ocrx_word' id='word_1_861' title='bbox 3288 4246 3431 4316; x_wconf 85' lang='lat' dir='ltr'><strong>quod</strong></span> <span class='ocrx_word' id='word_1_862' title='bbox 3457 4247 3556 4302; x_wconf 68' lang='lat' dir='ltr'><strong>hac</strong></span> 
     </span>
    </p>
   </div>
   <div class='ocr_carea' id='block_1_105' title="bbox 1959 4338 3557 4414">
    <p class='ocr_par' dir='ltr' id='par_1_105' title="bbox 1959 4338 3557 4414">
     <span class='ocr_line' id='line_1_105' title="bbox 1959 4338 3557 4414; baseline -0.003 -17"><span class='ocrx_word' id='word_1_863' title='bbox 1959 4347 2066 4398; x_wconf 87' lang='lat' dir='ltr'><strong>vita</strong></span> <span class='ocrx_word' id='word_1_864' title='bbox 2088 4343 2259 4414; x_wconf 89' lang='lat' dir='ltr'><strong>captis</strong></span> <span class='ocrx_word' id='word_1_865' title='bbox 2279 4357 2493 4398; x_wconf 89' lang='lat' dir='ltr'><strong>omnem</strong></span> <span class='ocrx_word' id='word_1_866' title='bbox 2518 4341 2706 4396; x_wconf 86' lang='lat' dir='ltr'><strong>adimit</strong></span> <span class='ocrx_word' id='word_1_867' title='bbox 2724 4339 2958 4406; x_wconf 83' lang='lat' dir='ltr'><strong>veniam,</strong></span> <span class='ocrx_word' id='word_1_868' title='bbox 2985 4338 3129 4409; x_wconf 89' lang='lat' dir='ltr'><strong>quod</strong></span> <span class='ocrx_word' id='word_1_869' title='bbox 3145 4353 3207 4393; x_wconf 89' lang='lat' dir='ltr'><strong>ea</strong></span> <span class='ocrx_word' id='word_1_870' title='bbox 3231 4348 3283 4393; x_wconf 90' lang='lat' dir='ltr'><strong>et</strong></span> <span class='ocrx_word' id='word_1_871' title='bbox 3309 4338 3557 4393; x_wconf 85' lang='lat' dir='ltr'><strong>molestia</strong></span> 
     </span>
    </p>
   </div>
   <div class='ocr_carea' id='block_1_106' title="bbox 1959 4430 3551 4508">
    <p class='ocr_par' dir='ltr' id='par_1_106' title="bbox 1959 4430 3551 4508">
     <span class='ocr_line' id='line_1_106' title="bbox 1959 4430 3551 4508; baseline -0.005 -16"><span class='ocrx_word' id='word_1_872' title='bbox 1959 4446 2014 4492; x_wconf 92' lang='lat' dir='ltr'><strong>et</strong></span> <span class='ocrx_word' id='word_1_873' title='bbox 2038 4452 2227 4508; x_wconf 87' lang='lat' dir='ltr'><strong>magna</strong></span> <span class='ocrx_word' id='word_1_874' title='bbox 2251 4435 2600 4490; x_wconf 89' lang='lat' dir='ltr'><strong>amaritudine</strong></span> <span class='ocrx_word' id='word_1_875' title='bbox 2631 4434 2822 4489; x_wconf 87' lang='lat' dir='ltr'><strong>referta</strong></span> <span class='ocrx_word' id='word_1_876' title='bbox 2840 4475 2855 4499; x_wconf 96' lang='lat'><strong>,</strong></span> <span class='ocrx_word' id='word_1_877' title='bbox 2885 4432 3225 4488; x_wconf 76' lang='lat' dir='ltr'><strong>desideratur</strong></span> <span class='ocrx_word' id='word_1_878' title='bbox 3250 4431 3318 4485; x_wconf 76' lang='lat' dir='ltr'><strong>al)</strong></span> <span class='ocrx_word' id='word_1_879' title='bbox 3347 4430 3425 4485; x_wconf 91' lang='lat' dir='ltr'><strong>eis</strong></span> <span class='ocrx_word' id='word_1_880' title='bbox 3450 4472 3463 4494; x_wconf 93' lang='lat'><strong>,</strong></span> <span class='ocrx_word' id='word_1_881' title='bbox 3495 4441 3551 4485; x_wconf 88' lang='lat' dir='ltr'><strong>et</strong></span> 
     </span>
    </p>
   </div>
   <div class='ocr_carea' id='block_1_107' title="bbox 1961 4513 3552 4599">
    <p class='ocr_par' dir='ltr' id='par_1_107' title="bbox 1961 4513 3552 4599">
     <span class='ocr_line' id='line_1_107' title="bbox 1961 4513 3552 4599; baseline -0.006 -16"><span class='ocrx_word' id='word_1_882' title='bbox 1961 4542 2286 4599; x_wconf 85' lang='lat' dir='ltr'><strong>magnopere</strong></span> <span class='ocrx_word' id='word_1_883' title='bbox 2316 4526 2603 4596; x_wconf 81' lang='lat' dir='ltr'><strong>expetitur,</strong></span> <span class='ocrx_word' id='word_1_884' title='bbox 2635 4513 2852 4579; x_wconf 74' lang='lat' dir='ltr'><strong>infinitis</strong></span> <span class='ocrx_word' id='word_1_885' title='bbox 2882 4525 3034 4579; x_wconf 88' lang='lat' dir='ltr'><strong>malis</strong></span> <span class='ocrx_word' id='word_1_886' title='bbox 3064 4523 3242 4592; x_wconf 84' lang='lat' dir='ltr'><strong>plena,</strong></span> <span class='ocrx_word' id='word_1_887' title='bbox 3270 4522 3552 4591; x_wconf 82' lang='lat' dir='ltr'><strong>periculis,</strong></span> 
     </span>
    </p>
   </div>
   <div class='ocr_carea' id='block_1_108' title="bbox 1961 4612 3551 4691">
    <p class='ocr_par' dir='ltr' id='par_1_108' title="bbox 1961 4612 3551 4691">
     <span class='ocr_line' id='line_1_108' title="bbox 1961 4612 3551 4691; baseline -0.006 -15"><span class='ocrx_word' id='word_1_888' title='bbox 1961 4622 2241 4691; x_wconf 84' lang='lat' dir='ltr'><strong>sanguine,</strong></span> <span class='ocrx_word' id='word_1_889' title='bbox 2270 4618 2579 4690; x_wconf 75' lang='lat' dir='ltr'><strong>prtecipitiis</strong></span> <span class='ocrx_word' id='word_1_890' title='bbox 2598 4658 2612 4681; x_wconf 96' lang='lat'><strong>,</strong></span> <span class='ocrx_word' id='word_1_891' title='bbox 2641 4616 2874 4686; x_wconf 84' lang='lat' dir='ltr'><strong>scopulis</strong></span> <span class='ocrx_word' id='word_1_892' title='bbox 2891 4658 2907 4680; x_wconf 92' lang='lat'><strong>,</strong></span> <span class='ocrx_word' id='word_1_893' title='bbox 2934 4614 3167 4670; x_wconf 44' lang='lat' dir='ltr'><strong>cardibus</strong></span> <span class='ocrx_word' id='word_1_894' title='bbox 3189 4654 3209 4680; x_wconf 87' lang='lat'><strong>,</strong></span> <span class='ocrx_word' id='word_1_895' title='bbox 3233 4612 3515 4667; x_wconf 77' lang='lat' dir='ltr'><strong>timoribus</strong></span> <span class='ocrx_word' id='word_1_896' title='bbox 3534 4653 3551 4675; x_wconf 91' lang='lat'><strong>,</strong></span> 
     </span>
    </p>
   </div>
   <div class='ocr_carea' id='block_1_109' title="bbox 1959 4692 3554 4778">
    <p class='ocr_par' dir='ltr' id='par_1_109' title="bbox 1959 4692 3554 4778">
     <span class='ocr_line' id='line_1_109' title="bbox 1959 4692 3554 4778; baseline -0.006 -11"><span class='ocrx_word' id='word_1_897' title='bbox 1959 4712 2275 4778; x_wconf 88' lang='lat' dir='ltr'><strong>terroribus,</strong></span> <span class='ocrx_word' id='word_1_898' title='bbox 2308 4711 2538 4775; x_wconf 89' lang='lat' dir='ltr'><strong>invidia,</strong></span> <span class='ocrx_word' id='word_1_899' title='bbox 2565 4692 2756 4773; x_wconf 70' lang='lat' dir='ltr'><strong>livere,</strong></span> <span class='ocrx_word' id='word_1_900' title='bbox 2790 4706 2994 4762; x_wconf 88' lang='lat' dir='ltr'><strong>insidiis</strong></span> <span class='ocrx_word' id='word_1_901' title='bbox 3015 4744 3032 4772; x_wconf 90' lang='lat'><strong>,</strong></span> <span class='ocrx_word' id='word_1_902' title='bbox 3063 4713 3315 4775; x_wconf 88' lang='lat' dir='ltr'><strong>perpetua</strong></span> <span class='ocrx_word' id='word_1_903' title='bbox 3344 4719 3468 4758; x_wconf 88' lang='lat' dir='ltr'><strong>cura</strong></span> <span class='ocrx_word' id='word_1_904' title='bbox 3501 4713 3554 4758; x_wconf 89' lang='lat' dir='ltr'><strong>et</strong></span> 
     </span>
    </p>
   </div>
   <div class='ocr_carea' id='block_1_110' title="bbox 1960 4795 3552 4873">
    <p class='ocr_par' dir='ltr' id='par_1_110' title="bbox 1960 4795 3552 4873">
     <span class='ocr_line' id='line_1_110' title="bbox 1960 4795 3552 4873; baseline -0.009 -12"><span class='ocrx_word' id='word_1_905' title='bbox 1960 4804 2321 4861; x_wconf 87' lang='lat' dir='ltr'><strong>sollicitudine</strong></span> <span class='ocrx_word' id='word_1_906' title='bbox 2340 4844 2354 4866; x_wconf 91' lang='lat'><strong>,</strong></span> <span class='ocrx_word' id='word_1_907' title='bbox 2381 4817 2605 4873; x_wconf 64' lang='lat' dir='ltr'><strong>qumque</strong></span> <span class='ocrx_word' id='word_1_908' title='bbox 2633 4800 2836 4856; x_wconf 81' lang='lat' dir='ltr'><strong>nullum</strong></span> <span class='ocrx_word' id='word_1_909' title='bbox 2867 4798 3102 4864; x_wconf 87' lang='lat' dir='ltr'><strong>lucrum,</strong></span> <span class='ocrx_word' id='word_1_910' title='bbox 3134 4795 3339 4851; x_wconf 80' lang='lat' dir='ltr'><strong>nullum</strong></span> <span class='ocrx_word' id='word_1_911' title='bbox 3374 4803 3552 4849; x_wconf 89' lang='lat' dir='ltr'><strong>tanto-</strong></span> 
     </span>
    </p>
   </div>
   <div class='ocr_carea' id='block_1_111' title="bbox 1960 4890 3554 4959">
    <p class='ocr_par' dir='ltr' id='par_1_111' title="bbox 1960 4890 3554 4959">
     <span class='ocr_line' id='line_1_111' title="bbox 1960 4890 3554 4959; baseline -0.006 -8"><span class='ocrx_word' id='word_1_912' title='bbox 1960 4913 2077 4952; x_wconf 83' lang='lat' dir='ltr'><strong>rum</strong></span> <span class='ocrx_word' id='word_1_913' title='bbox 2110 4897 2352 4952; x_wconf 87' lang='lat' dir='ltr'><strong>laborum</strong></span> <span class='ocrx_word' id='word_1_914' title='bbox 2380 4897 2604 4950; x_wconf 88' lang='lat' dir='ltr'><strong>fructum</strong></span> <span class='ocrx_word' id='word_1_915' title='bbox 2633 4892 2841 4957; x_wconf 72' lang='lat' dir='ltr'><strong>afferat,</strong></span> <span class='ocrx_word' id='word_1_916' title='bbox 2872 4891 2971 4945; x_wconf 90' lang='lat' dir='ltr'><strong>nisi</strong></span> <span class='ocrx_word' id='word_1_917' title='bbox 3001 4904 3239 4959; x_wconf 69' lang='lat' dir='ltr'><strong>pce-nam,</strong></span> <span class='ocrx_word' id='word_1_918' title='bbox 3263 4904 3324 4943; x_wconf 92' lang='lat' dir='ltr'><strong>ac</strong></span> <span class='ocrx_word' id='word_1_919' title='bbox 3350 4890 3554 4959; x_wconf 78' lang='lat' dir='ltr'><strong>suppli-</strong></span> 
     </span>
    </p>
   </div>
   <div class='ocr_carea' id='block_1_112' title="bbox 1959 4980 3554 5053">
    <p class='ocr_par' dir='ltr' id='par_1_112' title="bbox 1959 4980 3554 5053">
     <span class='ocr_line' id='line_1_112' title="bbox 1959 4980 3554 5053; baseline -0.006 -10"><span class='ocrx_word' id='word_1_920' title='bbox 1959 4989 2103 5044; x_wconf 89' lang='lat' dir='ltr'><strong>cium</strong></span> <span class='ocrx_word' id='word_1_921' title='bbox 2128 5029 2143 5053; x_wconf 92' lang='lat'><strong>,</strong></span> <span class='ocrx_word' id='word_1_922' title='bbox 2173 4997 2228 5044; x_wconf 91' lang='lat' dir='ltr'><strong>et</strong></span> <span class='ocrx_word' id='word_1_923' title='bbox 2268 4999 2498 5043; x_wconf 81' lang='lat' dir='ltr'><strong>:eternos</strong></span> <span class='ocrx_word' id='word_1_924' title='bbox 2529 4986 2813 5041; x_wconf 85' lang='lat' dir='ltr'><strong>cruciatus.</strong></span> <span class='ocrx_word' id='word_1_925' title='bbox 2848 4984 2926 5038; x_wconf 87' lang='lat' dir='ltr'><strong>Ac</strong></span> <span class='ocrx_word' id='word_1_926' title='bbox 2965 4982 3092 5037; x_wconf 90' lang='lat' dir='ltr'><strong>licet</strong></span> <span class='ocrx_word' id='word_1_927' title='bbox 3117 4980 3380 5051; x_wconf 89' lang='lat' dir='ltr'><strong>ejusmodi</strong></span> <span class='ocrx_word' id='word_1_928' title='bbox 3406 4981 3474 5034; x_wconf 87' lang='lat' dir='ltr'><strong>sit</strong></span> <span class='ocrx_word' id='word_1_929' title='bbox 3497 4982 3512 5013; x_wconf 84' lang='grc'>¹</span> <span class='ocrx_word' id='word_1_930' title='bbox 3538 5022 3554 5046; x_wconf 85' lang='grc'><em>,</em></span> 
     </span>
    </p>
   </div>
   <div class='ocr_carea' id='block_1_113' title="bbox 1960 5071 3553 5141">
    <p class='ocr_par' dir='ltr' id='par_1_113' title="bbox 1960 5071 3553 5141">
     <span class='ocr_line' id='line_1_113' title="bbox 1960 5071 3553 5141; baseline -0.006 -8"><span class='ocrx_word' id='word_1_931' title='bbox 1960 5080 2142 5136; x_wconf 91' lang='lat' dir='ltr'><strong>multis</strong></span> <span class='ocrx_word' id='word_1_932' title='bbox 2186 5087 2363 5133; x_wconf 89' lang='lat' dir='ltr'><strong>tamen</strong></span> <span class='ocrx_word' id='word_1_933' title='bbox 2395 5078 2550 5133; x_wconf 82' lang='lat' dir='ltr'><strong>beata</strong></span> <span class='ocrx_word' id='word_1_934' title='bbox 2589 5074 2802 5130; x_wconf 85' lang='lat' dir='ltr'><strong>videtur</strong></span> <span class='ocrx_word' id='word_1_935' title='bbox 2825 5115 2840 5138; x_wconf 95' lang='lat'><strong>,</strong></span> <span class='ocrx_word' id='word_1_936' title='bbox 2868 5081 2922 5127; x_wconf 90' lang='lat' dir='ltr'><strong>et</strong></span> <span class='ocrx_word' id='word_1_937' title='bbox 2955 5072 3185 5127; x_wconf 85' lang='lat' dir='ltr'><strong>maxime</strong></span> <span class='ocrx_word' id='word_1_938' title='bbox 3213 5071 3506 5141; x_wconf 80' lang='lat' dir='ltr'><strong>appetenda</strong></span> <span class='ocrx_word' id='word_1_939' title='bbox 3534 5111 3553 5135; x_wconf 96' lang='lat'><strong>,</strong></span> 
     </span>
    </p>
   </div>
   <div class='ocr_carea' id='block_1_114' title="bbox 1960 5162 3550 5245">
    <p class='ocr_par' dir='ltr' id='par_1_114' title="bbox 1960 5162 3550 5245">
     <span class='ocr_line' id='line_1_114' title="bbox 1960 5162 3550 5245; baseline -0.008 -18"><span class='ocrx_word' id='word_1_940' title='bbox 1960 5187 2079 5241; x_wconf 82' lang='lat' dir='ltr'><strong>quae</strong></span> <span class='ocrx_word' id='word_1_941' title='bbox 2108 5180 2287 5226; x_wconf 84' lang='lat' dir='ltr'><strong>mente</strong></span> <span class='ocrx_word' id='word_1_942' title='bbox 2310 5179 2583 5245; x_wconf 80' lang='lat' dir='ltr'><strong>captorum</strong></span> <span class='ocrx_word' id='word_1_943' title='bbox 2601 5167 2781 5237; x_wconf 88' lang='lat' dir='ltr'><strong>opinio</strong></span> <span class='ocrx_word' id='word_1_944' title='bbox 2796 5174 2899 5234; x_wconf 91' lang='lat' dir='ltr'><strong>est,</strong></span> <span class='ocrx_word' id='word_1_945' title='bbox 2930 5179 3037 5219; x_wconf 77' lang='lat' dir='ltr'><strong>non</strong></span> <span class='ocrx_word' id='word_1_946' title='bbox 3058 5179 3184 5220; x_wconf 85' lang='lat' dir='ltr'><strong>vera</strong></span> <span class='ocrx_word' id='word_1_947' title='bbox 3208 5164 3282 5218; x_wconf 89' lang='lat' dir='ltr'><strong>rei</strong></span> <span class='ocrx_word' id='word_1_948' title='bbox 3307 5162 3550 5217; x_wconf 82' lang='lat' dir='ltr'><strong>felicitas.</strong></span> 
     </span>
    </p>
   </div>
   <div class='ocr_carea' id='block_1_115' title="bbox 1958 5254 3551 5333">
    <p class='ocr_par' dir='ltr' id='par_1_115' title="bbox 1958 5254 3551 5333">
     <span class='ocr_line' id='line_1_115' title="bbox 1958 5254 3551 5333; baseline -0.006 -15"><span class='ocrx_word' id='word_1_949' title='bbox 1958 5263 2091 5318; x_wconf 84' lang='lat' dir='ltr'><strong>Nam</strong></span> <span class='ocrx_word' id='word_1_950' title='bbox 2119 5271 2172 5317; x_wconf 91' lang='lat' dir='ltr'><strong>et</strong></span> <span class='ocrx_word' id='word_1_951' title='bbox 2195 5262 2401 5333; x_wconf 88' lang='lat' dir='ltr'><strong>pueruli</strong></span> <span class='ocrx_word' id='word_1_952' title='bbox 2429 5260 2590 5315; x_wconf 88' lang='lat' dir='ltr'><strong>dediti</strong></span> <span class='ocrx_word' id='word_1_953' title='bbox 2618 5259 2911 5330; x_wconf 89' lang='lat' dir='ltr'><strong>intentique</strong></span> <span class='ocrx_word' id='word_1_954' title='bbox 2931 5266 3056 5312; x_wconf 79' lang='lat' dir='ltr'><strong>sunt</strong></span> <span class='ocrx_word' id='word_1_955' title='bbox 3077 5256 3315 5320; x_wconf 88' lang='lat' dir='ltr'><strong>ludicris,</strong></span> <span class='ocrx_word' id='word_1_956' title='bbox 3343 5254 3551 5324; x_wconf 81' lang='lat' dir='ltr'><strong>negotia</strong></span> 
     </span>
    </p>
   </div>
   <div class='ocr_carea' id='block_1_116' title="bbox 1958 5347 3549 5422">
    <p class='ocr_par' dir='ltr' id='par_1_116' title="bbox 1958 5347 3549 5422">
     <span class='ocr_line' id='line_1_116' title="bbox 1958 5347 3549 5422; baseline -0.006 -14"><span class='ocrx_word' id='word_1_957' title='bbox 1958 5370 2087 5410; x_wconf 89' lang='lat' dir='ltr'><strong>vero</strong></span> <span class='ocrx_word' id='word_1_958' title='bbox 2112 5354 2308 5410; x_wconf 84' lang='lat' dir='ltr'><strong>adultis</strong></span> <span class='ocrx_word' id='word_1_959' title='bbox 2330 5353 2459 5408; x_wconf 84' lang='lat' dir='ltr'><strong>viris</strong></span> <span class='ocrx_word' id='word_1_960' title='bbox 2484 5351 2640 5422; x_wconf 86' lang='lat' dir='ltr'><strong>digna</strong></span> <span class='ocrx_word' id='word_1_961' title='bbox 2668 5366 2734 5406; x_wconf 84' lang='lat' dir='ltr'><strong>ne</strong></span> <span class='ocrx_word' id='word_1_962' title='bbox 2764 5349 3038 5421; x_wconf 86' lang='lat' dir='ltr'><strong>percipere</strong></span> <span class='ocrx_word' id='word_1_963' title='bbox 3062 5347 3276 5419; x_wconf 80' lang='lat' dir='ltr'><strong>quidem</strong></span> <span class='ocrx_word' id='word_1_964' title='bbox 3302 5352 3549 5416; x_wconf 83' lang='lat' dir='ltr'><strong>possunt.</strong></span> 
     </span>
    </p>
   </div>
   <div class='ocr_carea' id='block_1_117' title="bbox 1961 5440 3549 5516">
    <p class='ocr_par' dir='ltr' id='par_1_117' title="bbox 1961 5440 3549 5516">
     <span class='ocr_line' id='line_1_117' title="bbox 1961 5440 3549 5516; baseline -0.006 -15"><span class='ocrx_word' id='word_1_965' title='bbox 1961 5444 2157 5501; x_wconf 67' lang='lat' dir='ltr'><strong>Verum</strong></span> <span class='ocrx_word' id='word_1_966' title='bbox 2190 5445 2275 5499; x_wconf 87' lang='lat' dir='ltr'><strong>bis</strong></span> <span class='ocrx_word' id='word_1_967' title='bbox 2298 5444 2510 5516; x_wconf 86' lang='lat' dir='ltr'><strong>quidem</strong></span> <span class='ocrx_word' id='word_1_968' title='bbox 2537 5444 2606 5498; x_wconf 86' lang='lat' dir='ltr'><strong>ob</strong></span> <span class='ocrx_word' id='word_1_969' title='bbox 2633 5443 2970 5498; x_wconf 78' lang='lat' dir='ltr'><strong>immaturam</strong></span> <span class='ocrx_word' id='word_1_970' title='bbox 2998 5449 3208 5496; x_wconf 61' lang='lat' dir='ltr'><strong>atatem</strong></span> <span class='ocrx_word' id='word_1_971' title='bbox 3237 5440 3388 5493; x_wconf 82' lang='lat' dir='ltr'><strong>venia</strong></span> <span class='ocrx_word' id='word_1_972' title='bbox 3421 5451 3549 5493; x_wconf 79' lang='lat' dir='ltr'><strong>con-</strong></span> 
     </span>
    </p>
   </div>
   <div class='ocr_carea' id='block_1_118' title="bbox 1958 5527 3542 5600">
    <p class='ocr_par' dir='ltr' id='par_1_118' title="bbox 1958 5527 3542 5600">
     <span class='ocr_line' id='line_1_118' title="bbox 1958 5527 3542 5600; baseline -0.006 -9"><span class='ocrx_word' id='word_1_973' title='bbox 1958 5537 2191 5592; x_wconf 85' lang='lat' dir='ltr'><strong>cedenda</strong></span> <span class='ocrx_word' id='word_1_974' title='bbox 2219 5546 2334 5600; x_wconf 84' lang='lat' dir='ltr'><strong>est;</strong></span> <span class='ocrx_word' id='word_1_975' title='bbox 2364 5537 2441 5591; x_wconf 87' lang='lat' dir='ltr'><strong>illi</strong></span> <span class='ocrx_word' id='word_1_976' title='bbox 2462 5549 2587 5591; x_wconf 86' lang='lat' dir='ltr'><strong>vero</strong></span> <span class='ocrx_word' id='word_1_977' title='bbox 2612 5534 2758 5590; x_wconf 88' lang='lat' dir='ltr'><strong>omni</strong></span> <span class='ocrx_word' id='word_1_978' title='bbox 2784 5533 3129 5590; x_wconf 77' lang='lat' dir='ltr'><strong>excusatione</strong></span> <span class='ocrx_word' id='word_1_979' title='bbox 3152 5539 3356 5597; x_wconf 73' lang='lat' dir='ltr'><strong>carent,</strong></span> <span class='ocrx_word' id='word_1_980' title='bbox 3386 5528 3438 5584; x_wconf 82' lang='lat' dir='ltr'><strong>in</strong></span> <span class='ocrx_word' id='word_1_981' title='bbox 3467 5527 3542 5582; x_wconf 81' lang='grc' dir='ltr'><strong>ἰη-</strong></span> 
     </span>
    </p>
   </div>
   <div class='ocr_carea' id='block_1_119' title="bbox 1961 5620 3546 5699">
    <p class='ocr_par' dir='ltr' id='par_1_119' title="bbox 1961 5620 3546 5699">
     <span class='ocr_line' id='line_1_119' title="bbox 1961 5620 3546 5699; baseline -0.005 -17"><span class='ocrx_word' id='word_1_982' title='bbox 1961 5637 2104 5699; x_wconf 80' lang='lat' dir='ltr'><strong>tegra</strong></span> <span class='ocrx_word' id='word_1_983' title='bbox 2145 5637 2301 5683; x_wconf 82' lang='lat' dir='ltr'><strong>:ctate</strong></span> <span class='ocrx_word' id='word_1_984' title='bbox 2331 5628 2587 5697; x_wconf 88' lang='lat' dir='ltr'><strong>puerilem</strong></span> <span class='ocrx_word' id='word_1_985' title='bbox 2631 5627 2867 5682; x_wconf 90' lang='lat' dir='ltr'><strong>animum</strong></span> <span class='ocrx_word' id='word_1_986' title='bbox 2898 5634 3147 5697; x_wconf 86' lang='lat' dir='ltr'><strong>gerentes</strong></span> <span class='ocrx_word' id='word_1_987' title='bbox 3171 5663 3187 5687; x_wconf 90' lang='lat'><strong>,</strong></span> <span class='ocrx_word' id='word_1_988' title='bbox 3215 5622 3423 5692; x_wconf 90' lang='lat' dir='ltr'><strong>illisque</strong></span> <span class='ocrx_word' id='word_1_989' title='bbox 3450 5620 3546 5675; x_wconf 78' lang='lat' dir='ltr'><strong>de-</strong></span> 
     </span>
    </p>
   </div>
   <div class='ocr_carea' id='block_1_120' title="bbox 1959 5720 2268 5774">
    <p class='ocr_par' dir='ltr' id='par_1_120' title="bbox 1959 5720 2268 5774">
     <span class='ocr_line' id='line_1_120' title="bbox 1959 5720 2268 5774; baseline -0.006 0"><span class='ocrx_word' id='word_1_990' title='bbox 1959 5720 2268 5774; x_wconf 77' lang='lat' dir='ltr'><strong>mentiorcs.</strong></span> 
     </span>
    </p>
   </div>
   <div class='ocr_carea' id='block_1_121' title="bbox 2029 5830 3392 5897">
    <p class='ocr_par' dir='ltr' id='par_1_121' title="bbox 2029 5830 3392 5897">
     <span class='ocr_line' id='line_1_121' title="bbox 2029 5830 3392 5897; baseline -0.004 -14"><span class='ocrx_word' id='word_1_991' title='bbox 2029 5837 2044 5869; x_wconf 80' lang='grc' dir='ltr'><strong><em>ι</em></strong></span> <span class='ocrx_word' id='word_1_992' title='bbox 2083 5842 2210 5895; x_wconf 78' lang='lat' dir='ltr'><strong>tunc,</strong></span> <span class='ocrx_word' id='word_1_993' title='bbox 2236 5850 2295 5886; x_wconf 85' lang='lat' dir='ltr'><strong>ac</strong></span> <span class='ocrx_word' id='word_1_994' title='bbox 2318 5835 2424 5888; x_wconf 76' lang='lat' dir='ltr'><strong>licet</strong></span> <span class='ocrx_word' id='word_1_995' title='bbox 2447 5833 2684 5897; x_wconf 77' lang='lat' dir='ltr'><strong>ejusmodi</strong></span> <span class='ocrx_word' id='word_1_996' title='bbox 2705 5835 2785 5896; x_wconf 88' lang='lat' dir='ltr'><strong>sit,</strong></span> <span class='ocrx_word' id='word_1_997' title='bbox 2808 5835 2857 5885; x_wconf 90' lang='lat' dir='ltr'><strong>in</strong></span> <span class='ocrx_word' id='word_1_998' title='bbox 2884 5833 3039 5884; x_wconf 85' lang='lat' dir='ltr'><strong>tribus</strong></span> <span class='ocrx_word' id='word_1_999' title='bbox 3060 5838 3167 5882; x_wconf 67' lang='lat' dir='ltr'><strong>Mss.</strong></span> <span class='ocrx_word' id='word_1_1000' title='bbox 3195 5830 3392 5880; x_wconf 79' lang='lat' dir='ltr'><strong>desunt.</strong></span> 
     </span>
    </p>
   </div>
  </div>
