4036 6444
497 410 593 469 467

564 524 641 578 De
665 523 942 594 cupiditate
965 521 1269 586 divitiarum,
1292 530 1339 573 et
1361 537 1451 573 cur
1468 535 1540 571 ειν
1553 520 1652 571 sint
1669 520 1975 586 expetendae.
1995 544 2065 556 --

494 616 586 671 Dic
608 616 753 670 enim
782 614 931 679 mihi,
963 614 1305 685 quamobrem
1335 609 1648 679 expetenda:
1677 618 1799 662 sunt
1824 605 2062 661 divitim?

492 708 621 763 Nam
652 707 776 764 hinc
797 705 1177 762 exordiendum
1204 712 1318 770 est,
1346 703 1593 774 quoniam
1623 701 1849 755 sanitate
1869 740 1885 764 ,
1917 698 2021 752 vita
2046 737 2064 765 ,

490 799 671 869 populi
696 797 1167 859 commendatione,
1194 810 1255 849 ac
1276 797 1413 850 bona
1437 791 1849 856 existimatione,
1874 788 2063 857 patria,

490 888 855 953 familiaribus,
879 886 1085 952 amicis,
1108 886 1367 956 cognatis,
1388 883 1804 953 praestabiliores
1825 880 2068 939 videntur

490 978 757 1049 plerisque
783 992 969 1033 eorum
991 1019 1007 1046 ,
1038 980 1126 1047 qui
1155 977 1302 1048 gravi
1332 977 1433 1031 hoc
1458 975 1644 1030 morbo
1667 973 1894 1043 correpti
1920 980 2066 1028 sunt.

489 1069 570 1124 Ad
593 1069 736 1138 ipsas
757 1069 950 1125 deinde
975 1069 1142 1125 nubes
1160 1068 1400 1125 ascendit
1423 1068 1537 1122 haec
1564 1082 1728 1138 pyra;
1762 1075 2066 1135 terramque

486 1169 533 1216 et
560 1176 709 1217 mare
725 1163 964 1216 caminus
985 1161 1086 1216 iste
1106 1161 1405 1231 occupavit.
1435 1160 1501 1214 Et
1520 1160 1731 1229 quidem
1753 1159 1840 1229 qui
1865 1158 2066 1213 exstin-

485 1261 612 1322 guat
648 1251 914 1306 ﬂammam
939 1294 956 1318 ,
986 1260 1070 1307 est
1096 1266 1285 1315 nemo;
1313 1252 1401 1321 qui
1429 1265 1556 1304 vero
1581 1249 1909 1315 accendant,
1943 1257 2069 1302 sunt

486 1356 712 1404 omnes.
747 1351 853 1395 tam
884 1342 982 1411 ipsi
1010 1341 1112 1410 iam
1139 1342 1276 1411 capti
1303 1382 1318 1409 ,
1348 1355 1506 1411 quam
1536 1340 1767 1395 nondum
1793 1339 1932 1410 capti
1960 1379 1976 1404 ,
2008 1347 2069 1394 ut

488 1434 787 1503 capiantur.
837 1433 1087 1503 Singulos
1129 1433 1307 1487 videre
1335 1432 1459 1488 licet
1485 1473 1500 1494 .
1529 1431 1672 1487 viros
1708 1446 1772 1487 ac
1800 1431 2023 1486 feminas
2047 1469 2064 1494 ,

487 1538 678 1580 servos
695 1540 759 1581 ac
779 1525 996 1591 liberos,
1014 1523 1203 1579 divites
1222 1531 1275 1579 et
1294 1537 1554 1593 pauperes
1573 1537 1668 1592 pro
1688 1522 1885 1577 viribus
1905 1536 2068 1576 onera

489 1623 740 1694 portare,
771 1629 891 1683 qua:
917 1613 1145 1668 ﬂamma:
1175 1612 1295 1667 huic
1320 1611 1407 1668 die
1436 1621 1695 1681 nocteque
1723 1611 1945 1666 multum
1970 1626 2066 1681 pa-

490 1705 670 1759 bulum
701 1705 972 1775 prmbent;
999 1718 1162 1758 onera
1189 1719 1292 1758 non
1318 1704 1797 1773 lignorumkneque
1818 1702 2070 1772 virgulto-

492 1811 612 1849 rum
646 1796 772 1867 (non
801 1796 941 1850 enim
968 1794 1181 1849 ﬂamma
1206 1803 1288 1850 est
1315 1794 1624 1866 ejusmodi),
1653 1793 1748 1849 sed
1772 1795 2067 1849 animarum

489 1896 544 1941 et
564 1902 863 1955 corporum,
890 1886 1156 1956 injustitim
1182 1895 1235 1941 et
1257 1887 1564 1957 iniquitatis.
1599 1887 1722 1943 Haec
1746 1888 1887 1942 enim
1910 1887 2066 1942 ﬂam-

491 1992 577 2031 ma
606 1986 791 2030 natura
823 1977 894 2031 ita
922 1987 1224 2045 comparata
1254 1987 1357 2044 est,
1390 1988 1444 2032 ut
1475 1979 1591 2033 istis
1618 1979 1778 2034 rebus
1806 1980 2069 2035 accenda-

494 2078 596 2122 tur.
640 2067 771 2122 Nam
801 2076 855 2123 et
879 2067 1071 2123 divites
1096 2068 1340 2123 absurdae
1367 2068 1490 2124 huic
1514 2069 1783 2139 cupiditati
1812 2086 2070 2141 nusquam

493 2158 777 2214 terminum
806 2160 1173 2225 constituunt,
1212 2175 1529 2230 quamquam
1565 2178 1778 2216 onmem
1810 2172 2071 2218 terrarum

493 2251 679 2307 orbem
716 2254 1179 2323 comparaverint;
1210 2262 1265 2309 et
1291 2269 1552 2324 pauperes
1578 2257 1925 2311 connituutur
1954 2258 2074 2313 illos

495 2343 787 2411 pra-venire
813 2361 826 2397 :
848 2359 909 2397 ac
935 2344 1108 2399 rabies
1129 2345 1369 2414 quaedam
1396 2346 1719 2411 incurahilis,
1752 2349 1899 2403 furor
1918 2348 2075 2405 eﬂ‘rc-

495 2443 686 2499 natus,
720 2434 936 2490 morbus
978 2435 1287 2491 insanabilis
1332 2439 1569 2493 omnium
1613 2441 1821 2496 animos
1849 2441 2071 2497 obtinet.

497 2522 595 2577 Hic
619 2538 770 2578 amor
791 2539 1001 2579 omnem
1029 2540 1268 2583 amorem
1297 2527 1563 2583 devictum
1586 2538 1642 2585 et
1669 2532 1935 2601 repulsum
1965 2533 2074 2602 eje-

499 2613 571 2666 cit
607 2628 671 2669 ex
714 2613 909 2668 animo.
947 2614 1127 2685 Neque
1169 2618 1413 2673 amicitia:
1443 2620 1577 2674 ratio
1611 2619 1835 2676 habetur
1859 2662 1874 2688 ,
1907 2638 2079 2693 neque

496 2703 825 2773 cognationis
860 2705 877 2736 ⁸
909 2721 925 2771 ;
967 2705 1095 2777 quid
1133 2706 1253 2762 dico
1274 2748 1290 2774 ,
1333 2708 1580 2765 amicitiae
1616 2722 1672 2766 et
1708 2712 2080 2782 cognationis?

497 2810 603 2849 non
647 2796 826 2851 uxoris
844 2796 1480 2871 etliberorum,quoquid
1507 2803 1635 2859 viris
1662 2819 1782 2860 esse
1809 2816 1966 2876 queat
1990 2822 2079 2863 ca-

498 2888 649 2944 rius?
677 2889 771 2943 sed
800 2891 974 2946 omnia
1000 2894 1144 2947 humi
1173 2893 1376 2965 abjeeta
1404 2904 1457 2951 ct
1481 2897 1791 2951 conculcata
1821 2908 1966 2965 sunt,
1990 2899 2080 2954 ubi

499 2978 731 3035 crudelis
772 2980 957 3038 isthmc
983 2991 1038 3038 et
1078 2982 1363 3039 inhumana
1394 2995 1669 3057 captorum
1717 2987 1931 3043 domina
1960 3004 2079 3043 om-

497 3070 642 3125 nium
672 3071 878 3127 animos
905 3075 1201 3144 occupavit.
1247 3076 1455 3131 Etenim
1483 3085 1751 3148 tamquam
1791 3077 2080 3135 inhumana

497 3176 683 3217 eorum
724 3163 936 3218 domina
961 3205 976 3229 ,
1008 3173 1276 3236 tamquam
1310 3148 1486 3223 saevus
1522 3176 1777 3238 tyrannus
1800 3210 1816 3235 ,
1858 3170 2081 3225 barbara

496 3253 740 3324 qumdam
763 3255 1035 3325 immanis,
1064 3266 1328 3329 tamquam
1358 3261 1606 3314 meretrix
1634 3261 1841 3330 publica
1861 3273 1916 3317 et
1937 3278 2084 3317 sum-

500 3354 688 3414 ptuosa
704 3343 1009 3415 dedecorat,
1028 3348 1263 3412 conﬂcit,
1283 3359 1337 3405 et
1355 3353 1621 3407 sexcentis
1637 3350 1819 3422 objicit
1837 3353 2083 3423 periculis

499 3449 567 3490 ac
592 3436 763 3506 [mnis
791 3451 903 3503 eos,
935 3440 1024 3509 qui
1055 3440 1128 3495 illi
1153 3441 1356 3497 servire
1380 3442 1432 3497 in
1459 3443 1695 3499 animum
1720 3446 2081 3514 induxerunt;

499 3540 731 3598 cumque
758 3529 828 3585 sit
855 3531 1108 3588 terribilis
1130 3573 1146 3598 ,
1176 3535 1365 3590 acerba
1385 3576 1401 3603 ,
1429 3536 1662 3593 crudelis
1683 3580 1699 3605 ,
1728 3553 1866 3594 s.-'eva
1891 3581 1904 3604 ,
1936 3541 2083 3596 vultu

500 3618 778 3676 barbarico
799 3663 815 3688 ,
843 3623 970 3692 quin
1008 3624 1182 3692 potius
1218 3625 1390 3681 ferino
1412 3668 1429 3693 ,
1456 3635 1511 3683 et
1535 3643 1692 3698 quam
1725 3631 1879 3701 lupus
1907 3647 1971 3686 ac
1999 3632 2084 3687 leo

502 3714 770 3781 truciore;
819 3724 1094 3772 mansueta
1140 3727 1316 3772 tamen
1359 3728 1413 3774 et
1451 3721 1785 3789 expetenda,
1827 3731 1884 3779 et
1920 3725 2083 3780 melle

500 3805 707 3861 dulcior
732 3822 853 3863 esse
879 3808 1092 3863 videtur
1115 3810 1337 3879 captivis
1366 3811 1501 3881 ejus.
1531 3812 1664 3867 Cum
1696 3815 1853 3869 etiam
1878 3816 2082 3884 gladios

499 3904 555 3950 et
591 3911 741 3952 arma
769 3899 1010 3968 quotidie
1028 3910 1212 3955 contra
1242 3916 1335 3956 eos
1365 3903 1561 3973 cudat,
1590 3919 1653 3959 ac
1679 3906 1930 3961 barathra
1954 3908 2086 3962 eﬂ‘o-

500 3988 614 4043 diat
631 4031 647 4056 ,
669 3989 735 4044 ad
761 3992 1048 4061 praecipitia
1077 3993 1238 4048 ducat
1260 4002 1314 4048 et
1339 3996 1619 4065 scopulos,
1648 4008 1701 4052 et
1726 3992 1929 4054 infinita
1957 4015 2082 4071 sup-

503 4083 643 4154 plieii
683 4085 813 4140 retia
840 4094 1003 4151 texat,
1028 4087 1211 4143 beatos
1234 4103 1327 4144 eos
1355 4099 1529 4145 tamen
1559 4099 1812 4160 prmstare
1835 4102 2084 4148 censetur

502 4183 614 4231 tum
641 4178 708 4232 ab
728 4177 855 4247 ipsis
882 4179 1070 4248 captis,
1102 4188 1213 4234 tum
1241 4195 1271 4234 a
1300 4165 1633 4251 cupientibus
1660 4181 1796 4250 capi.
1829 4184 2000 4253 Atque
2029 4192 2088 4238 ut

504 4268 559 4323 in
589 4268 769 4323 cloaca
797 4277 852 4323 et
875 4284 1032 4325 emno
1054 4285 1145 4325 sus
1172 4285 1295 4326 cum
1326 4272 1597 4341 voluptate
1623 4281 1677 4327 et
1701 4272 1907 4329 deliciis
1935 4276 2085 4330 volu-

504 4365 667 4421 tatur,
699 4366 789 4411 aut
814 4366 869 4411 ut
898 4357 1151 4413 scarabaei
1179 4360 1232 4414 in
1255 4368 1491 4416 stercore
1512 4364 1845 4419 continenter
1869 4380 2088 4420 versan-

505 4458 632 4505 tur:
663 4450 734 4504 ita
772 4449 932 4505 etiam
971 4451 1187 4506 avaritia
1227 4452 1366 4521 capti
1409 4454 1525 4509 istis
1566 4456 1923 4512 animantibus
1961 4468 2088 4514 sunt

502 4542 829 4597 miseriores.
863 4541 1072 4598 Etenim
1100 4543 1271 4614 major
1296 4543 1413 4602 lucc
1432 4555 1514 4601 est
1538 4546 1769 4615 fmditas,
1795 4559 1848 4604 et
1872 4564 2084 4605 caenum

501 4632 713 4703 gravius
755 4631 909 4688 olens
937 4648 951 4686 :
979 4648 1102 4689 nam
1144 4633 1269 4690 dum
1310 4635 1362 4689 in
1404 4634 1509 4691 hoc
1546 4637 1732 4693 morbo
1765 4650 2081 4709 versantur,

504 4740 750 4795 maguum
775 4726 896 4782 inde
924 4742 987 4783 se
1009 4729 1291 4798 voluptatis
1320 4726 1548 4785 fructum
1569 4741 1842 4803 reportare
1866 4743 2083 4801 putant:

503 4816 646 4884 quod
668 4832 773 4871 non
801 4817 868 4872 ad
894 4818 973 4874 rei
993 4829 1256 4886 naturam,
1278 4819 1373 4876 sed
1391 4820 1459 4877 ad
1478 4831 1821 4892 mgrotantem
1843 4825 2081 4879 animum

505 4905 842 4961 referendum
873 4916 975 4974 est,
1003 4926 1171 4981 eaque
1199 4928 1264 4967 ex
1294 4921 1443 4981 parte
1470 4912 1574 4967 illis
1598 4914 1800 4969 ratione
1820 4914 2089 4970 destitutis

504 5004 628 5049 sunt
671 4996 987 5052 deteriores.
1038 5001 1493 5066 Quemadmodum
1539 5003 1697 5072 igitur
1734 5004 1786 5058 in
1831 5021 1986 5060 emno
2023 5021 2088 5063 ac

505 5094 744 5140 stercore
766 5126 783 5154 ,
816 5102 924 5141 non
968 5103 1177 5145 cmnum
1221 5105 1285 5146 ac
1328 5101 1543 5148 stercus
1564 5093 1616 5148 in
1646 5108 1802 5149 causa
1834 5105 1955 5163 est,
1992 5097 2088 5152 sed

505 5178 728 5233 rationis
753 5180 971 5248 penuria
1000 5181 1422 5253 immergenlium
1450 5201 1570 5243 sese
1597 5188 1946 5245 animantium
1972 5208 1986 5245 :
2010 5191 2090 5248 sic

504 5271 665 5325 etiam
696 5273 763 5327 de
792 5271 1007 5329 homine
1034 5276 1372 5334 ratiocinare.

575 5364 628 5416 7.
657 5365 737 5418 An
783 5367 1075 5436 expetenda:
1115 5369 1215 5424 sint
1251 5371 1440 5427 divitia:
1476 5374 1538 5428 ob
1568 5374 1892 5447 voluptates;
1945 5356 2088 5434 mra:

502 5460 835 5531 iucundiores
875 5476 1080 5527 meum,
1121 5459 1332 5515 divitum
1371 5481 1437 5517 an
1463 5481 1762 5536 pauperum.
1805 5498 1875 5511 α-
1912 5470 2088 5542 Ecqua

505 5552 710 5607 ratione
738 5551 1071 5608 medebimur
1094 5551 1236 5607 hunc
1297 5555 1350 5610 in
1393 5554 1611 5610 modum
1642 5557 1884 5615 affectis?
1912 5559 1969 5615 Si
2000 5577 2090 5618 vo-

570 5708 673 5783 f_l_n
697 5721 797 5783 uno
817 5716 896 5759 Ms.
921 5717 1046 5783 post,
1060 5711 1371 5783 cpgnationis;
1387 5711 1438 5783 in
1455 5713 1694 5783 margine
1704 5714 1892 5783 additur
1915 5715 2089 5783 eadem

507 5750 2090 5881 mficjﬁggfsmnwsiza’.1?naturaminora»:

1237 410 1291 466 S.
1330 408 1604 465 JO.\NNlS
1640 403 2110 461 CllllYSOSTOMl
2150 402 2464 460 ARCIIIEP.
2505 400 3043 459 CONSTANTINOP.

3702 406 3814 461 468

2176 515 2373 571 luerint
2399 515 2551 570 nobis
2582 514 2880 585 patefacere
2908 530 3086 582 aures,
3119 517 3475 588 animumque
3515 515 3814 587 pandere,

2170 618 2225 664 et
2262 608 2653 678 amplectiquae
2679 608 2952 663 dicuntur.
3009 609 3140 663 Nam
3193 610 3514 664 animantes
3554 611 3813 678 \quidem

2170 700 2392 756 rationis
2421 706 2667 770 expertes
2694 700 2761 754 ab
2789 701 2995 769 impura
3024 701 3353 756 volutatione
3381 700 3727 757 transferre
3759 711 3816 755 et

2169 788 2435 844 abducere
2490 804 2602 843 non
2648 803 2931 859 possumus
2977 806 2993 845 :
3042 791 3266 846 rationis
3318 792 3472 847 enim
3534 800 3814 860 expertes

2170 887 2327 944 sunt;
2358 887 2414 934 at
2438 894 2563 935 vero
2588 880 3075 937 mansuetissimum
3103 881 3205 937 hoc
3230 897 3427 953 genus,
3466 881 3817 951 intelligen-

2171 970 2243 1024 tia
2268 978 2323 1025 et
2349 971 2555 1026 ratione
2578 970 3007 1040 eoboncstatum,
3033 972 3342 1039 humanam,
3368 972 3625 1043 inquam
3648 1014 3668 1038 ,
3705 989 3810 1027 na-

2174 1068 2345 1115 turam
2364 1102 2380 1128 ,
2416 1061 2466 1115 si
2495 1061 2643 1130 velit,
2677 1061 2834 1119 facile
2857 1075 2942 1119 est
2971 1064 3229 1135 valdeque
3249 1064 3616 1135 expeditum,
3636 1078 3813 1119 emno

2173 1163 2229 1209 et
2252 1155 2611 1224 graveolentia
2643 1196 2659 1221 ,
2700 1164 2938 1213 stercore
2978 1165 3031 1212 et
3081 1156 3321 1214 foeditate
3364 1158 3460 1213 illa
3524 1157 3808 1214 liberare.

2174 1243 2351 1312 Quare
2377 1245 2544 1312 enim,
2569 1261 2603 1301 o
2631 1246 2792 1301 homo
2812 1288 2827 1309 ,
2859 1246 3058 1303 divitiae
3106 1249 3199 1303 tibi
3233 1263 3585 1319 magnopere
3626 1263 3810 1317 expe—

2174 1335 2347 1390 tenda:
2372 1335 2664 1391 videntur?
2713 1330 2938 1407 Propter
2978 1340 3299 1408 voluptatem
3337 1340 3584 1394 omnino
3609 1354 3744 1409 qum
3774 1354 3808 1393 e

2172 1428 2373 1483 mensis
2435 1427 2721 1483 hauritur?
2769 1438 2988 1499 propter
3036 1429 3293 1486 honorem
3345 1440 3400 1484 ct
3442 1429 3807 1485 comitatum

2172 1534 2379 1587 eorum,
2413 1520 2503 1591 qui
2545 1520 2851 1576 divitiarum
2893 1536 3052 1575 causa
3082 1530 3133 1576 te
3160 1522 3343 1577 colunt
3368 1522 3392 1575 ?
3414 1531 3669 1593 promer
3698 1536 3804 1590 po-

2177 1619 2421 1667 testatem
2452 1612 2741 1667 ulciscendi
2774 1612 2865 1683 qui
2897 1621 2951 1667 te
2980 1610 3323 1678 offenderint,
3346 1621 3402 1667 et
3427 1621 3494 1666 ut
3528 1612 3806 1665 omnibus

2173 1703 2248 1758 sis
2270 1686 2513 1758 terrori?
2543 1702 2725 1775 Neque
2750 1704 2890 1758 enim
2920 1701 3052 1757 alias
3075 1717 3264 1757 causas
3290 1702 3493 1757 aﬂ‘erre
3535 1702 3757 1771 poteris
3779 1743 3799 1767 ,

2174 1810 2331 1865 quam
2374 1795 2721 1864 voluptatem,
2771 1794 3165 1860 adulationem,
3196 1803 3455 1848 terrorem
3508 1802 3575 1847 et
3626 1792 3801 1846 ultio—

2177 1900 2333 1941 nem:
2363 1900 2484 1939 nam
2515 1900 2690 1956 neque
2718 1885 3095 1955 sapientiorem
3116 1926 3131 1949 ,
3169 1899 3343 1954 neque
3379 1883 3799 1953 temperantio-

2175 1992 2311 2042 rem,
2346 1991 2518 2046 neque
2558 1977 2865 2043 mitiorem,
2919 1990 3092 2045 neque
3120 1974 3531 2046 prudentiorem
3560 1973 3803 2028 omnino

2175 2068 2373 2125 divitia:
2401 2068 2617 2125 efﬁcere
2665 2069 2883 2133 solent;
2915 2083 3022 2123 non
3068 2068 3353 2138 benignum
3379 2109 3395 2134 ,
3427 2083 3547 2122 non
3600 2066 3799 2121 huma-

2179 2177 2325 2225 num,
2369 2176 2474 2215 non
2506 2160 2598 2215 irae
2645 2167 2945 2229 potentem,
2978 2174 3084 2213 non
3121 2159 3293 2214 ventri
3373 2160 3751 2230 imperantem
3775 2199 3794 2223 ,

2180 2267 2286 2306 non
2330 2250 2694 2321 voluptatibus
2753 2252 3125 2321 superiorem;
3181 2265 3289 2304 non
3340 2250 3795 2305 moderationem

2179 2343 2395 2407 docent,
2427 2357 2531 2398 non
2564 2342 2943 2409 humilitatem,
2975 2357 3082 2396 non
3105 2342 3335 2412 aliquam
3361 2341 3525 2395 aliam
3563 2341 3793 2394 virtutis

2180 2444 2385 2505 partem
2416 2433 2731 2488 inanimum
2776 2433 3030 2487 inducunt
3068 2440 3124 2487 et
3169 2432 3429 2487 inserunt.
3476 2431 3679 2501 Neque
3708 2432 3794 2485 di-

2180 2540 2304 2581 cere
2330 2525 2529 2595 poteris
2550 2564 2564 2591 ,
2604 2524 2674 2579 ob
2700 2524 2953 2594 quidnam
2985 2539 3054 2579 ex
3111 2523 3226 2578 istis
3272 2538 3460 2578 earum
3499 2523 3650 2577 adeo
3676 2532 3789 2574 stu-

2182 2617 2366 2672 diosus
2394 2617 2471 2672 sis
2497 2624 2552 2671 et
2574 2616 2818 2685 cupidus.
2849 2615 2982 2670 Nam
3033 2630 3138 2669 non
3187 2614 3347 2668 modo
3401 2629 3515 2667 non
3586 2622 3791 2667 norunt

2183 2710 2427 2779 plantare
2459 2716 2552 2762 aut
2579 2723 2761 2763 serere
2783 2706 3070 2778 quidquam
3101 2706 3362 2762 bonorum
3387 2747 3401 2770 ,
3435 2705 3536 2761 sed
3571 2706 3787 2760 etiamsi

2185 2798 2459 2855 recondita
2489 2799 2679 2854 inveni.
2706 2807 2784 2865 nt,
2811 2807 3040 2865 vastant,
3085 2798 3402 2867 impediunt,
3433 2806 3489 2852 et
3523 2807 3584 2851 ut
3608 2812 3788 2851 emar-

2183 2901 2404 2949 cescant
2451 2892 2689 2948 efficiunt
2735 2910 2748 2945 :
2801 2892 3046 2963 qumdam
3102 2895 3244 2949 enim
3288 2893 3559 2957 evellunt,
3612 2892 3785 2961 iisque

2183 2987 2447 3043 contraria
2479 2986 2754 3049 inducunt,
2789 2987 2971 3040 luxum
3039 2987 3489 3051 immoderatum,
3543 2985 3783 3038 furorem

2186 3076 2642 3149 intempestivum,
2687 3077 2818 3132 iram
2868 3077 3143 3148 injustam,
3192 3077 3558 3149 arrogantiam
3588 3089 3782 3144 snper-

2185 3170 2351 3236 hiam,
2378 3169 2690 3224 amentiam.
2715 3169 2912 3224 Verum
2934 3168 3000 3225 de
3025 3168 3109 3224 his
3135 3183 3243 3225 non
3271 3169 3441 3224 dicam
3468 3186 3481 3221 :
3515 3168 3610 3239 qui
3638 3165 3781 3220 enim

2187 3261 2290 3317 hoc
2316 3261 2504 3323 morbo
2532 3261 2767 3331 correpti
2809 3270 2952 3328 sunt,
2999 3276 3106 3315 non
3137 3261 3466 3316 sustinerent
3494 3259 3689 3314 audire
3715 3254 3782 3310 de

2186 3356 2383 3412 virtute
2411 3364 2465 3411 et
2483 3356 2631 3423 vitio,
2663 3356 2708 3410 si
2729 3364 3110 3411 accusarentur
3130 3354 3287 3410 simul
3313 3362 3366 3409 et
3385 3354 3778 3408 convinceren-

2190 3459 2295 3517 tur,
2335 3464 2455 3504 cum
2501 3449 2553 3504 in
2582 3449 2859 3520 voluptate
2908 3449 3003 3504 toti
3052 3448 3191 3513 sint,
3241 3446 3465 3516 ideoque
3504 3446 3625 3515 ejus
3657 3440 3779 3497 facti

2191 3541 2354 3597 servi.
2388 3542 2500 3611 Age
2531 3542 2692 3612 igitur
2721 3543 2882 3596 missa
2914 3541 3125 3596 interim
3155 3539 3225 3595 de
3264 3538 3346 3594 his
3375 3537 3773 3608 disputatione,

2186 3650 2305 3706 qum
2355 3635 2557 3705 reliqua
2598 3645 2724 3691 sunt
2765 3633 3082 3691 inmedium
3141 3632 3462 3699 adferamus,
3503 3647 3571 3687 ac
3612 3627 3777 3684 videa-

2188 3743 2341 3792 mus,
2384 3743 2513 3782 num
2553 3743 2714 3798 quam
2742 3727 2941 3783 divitiae
2967 3728 3298 3798 voluptatem
3345 3725 3580 3780 habeant
3603 3765 3620 3792 ,
3649 3735 3772 3776 num

2188 3835 2347 3892 quem
2375 3819 2664 3885 honorem;
2696 3820 2874 3875 omnia
2903 3819 3046 3875 enim
3093 3818 3359 3874 contraria
3395 3816 3580 3872 video.
3613 3816 3690 3870 Ac
3728 3811 3772 3866 si

2191 3913 2373 3978 vultis,
2406 3912 2642 3981 primum
2684 3912 2735 3965 in
2764 3925 2980 3965 mensas
3006 3909 3231 3964 divitum
3262 3917 3317 3964 et
3359 3920 3652 3978 pauperum
3692 3905 3774 3956 in-

2188 4003 2500 4073 quiramus,
2553 4014 2907 4074 rogemusqn'e
2953 4012 3234 4057 vescentes
3275 4002 3491 4071 quinam
3547 3997 3771 4055 maxime

2190 4112 2320 4166 pura
2360 4103 2415 4151 et
2448 4096 2648 4166 liquida
2693 4095 3038 4165 perfruantur
3083 4095 3394 4163 voluptate?
3439 4092 3529 4162 qui
3581 4089 3649 4144 ad
3695 4085 3771 4140 di-

2191 4192 2433 4242 menSum
2481 4187 2623 4243 diem
2651 4202 2812 4256 super
2839 4195 2986 4241 toros
3028 4185 3377 4251 accumbunt,
3426 4197 3612 4240 etenus
3653 4193 3769 4234 cum

2192 4279 2435 4349 prandiis
2473 4278 2747 4349 capulant,
2784 4286 3027 4333 ventrem
3058 4276 3413 4346 disrumpunt,
3446 4288 3639 4329 sensus
3679 4270 3768 4324 de-

2193 4379 2417 4442 pravant
2443 4413 2458 4438 ,
2515 4370 2802 4426 immodico
2845 4370 3145 4426 eduliorum
3181 4385 3346 4425 onere
3380 4368 3647 4438 navigium
3684 4362 3769 4417 dc-

2196 4471 2464 4532 mergunt,
2498 4463 2761 4517 sentinam
2792 4461 3161 4516 inexhaustam
3192 4470 3246 4516 et
3271 4460 3627 4515 exundantem
3648 4453 3765 4510 red—

2192 4553 2349 4617 dunt,
2377 4563 2432 4607 et
2458 4561 2727 4622 tamquam
2750 4548 3073 4622 in‘corporis
3104 4546 3377 4622 naufragio
3401 4565 3588 4604 navem
3622 4543 3768 4601 undis

2194 4645 2473 4707 obruunt,
2516 4643 2754 4713 pedicas,
2784 4644 3051 4710 manicas,
3098 4651 3154 4698 et
3193 4642 3387 4712 linguze
3435 4639 3640 4695 vincula
3680 4649 3766 4689 ne—

2193 4744 2372 4801 ctunt,
2405 4743 2681 4804 totumque
2706 4748 2900 4803 corpus
2928 4748 3081 4787 suum
3108 4734 3344 4786 vinciunt
3368 4731 3578 4786 vinculo
3603 4726 3767 4784 ebrie-

2196 4828 2318 4881 tatis
2355 4834 2410 4881 et
2440 4826 2595 4880 luxus
2634 4825 2881 4895 graviore
2910 4839 3068 4894 quam
3125 4822 3297 4878 ferrea
3346 4832 3555 4889 catena,
3587 4835 3648 4875 ac
3675 4829 3764 4872 nec

2194 4920 2463 4973 sincerum
2484 4926 2537 4971 et
2561 4932 2749 4986 purum
2777 4916 2994 4985 capiunt
3015 4930 3262 4971 somnum
3288 4954 3305 4979 ,
3352 4929 3527 4984 neque
3555 4913 3623 4968 ab
3647 4910 3765 4964 hor-

2196 5010 2440 5066 ribilibus
2469 5008 2749 5063 insomniis
2796 5008 2949 5062 liberi
2981 5015 3137 5072 sunt,
3166 5004 3568 5075 furentibnsque
3613 5000 3763 5057 mise-

2195 5102 2403 5166 riores,
2435 5100 2800 5155 voluntarium
2850 5098 3140 5169 quemdam
3196 5098 3493 5153 daemonem
3550 5110 3602 5149 in
3654 5087 3761 5144 ani-

2196 5206 2341 5246 mum
2369 5190 2651 5257 inducunt,
2685 5189 2816 5244 risui
2861 5188 3220 5259 spectantium
3264 5187 3583 5242 famulorum
3612 5192 3761 5250 expo-

2195 5286 2303 5353 siti,
2338 5286 2446 5340 imo
2476 5299 2607 5340 vero
2631 5284 2792 5339 etiam
2815 5282 2980 5338 luctui
3006 5291 3059 5338 et
3090 5279 3338 5352 lacrymis
3376 5280 3653 5335 meliorum
3677 5274 3752 5326 in.

2198 5383 2280 5429 ter
2305 5389 2437 5440 eos;
2466 5374 2736 5430 neminem
2763 5381 3031 5429 noverunt
3069 5387 3278 5437 eorum,
3308 5371 3397 5441 qui
3428 5370 3636 5433 adsunt,
3674 5375 3758 5418 nco

2198 5481 2300 5536 que
2327 5466 2508 5522 dicere
2559 5466 2723 5537 quid,
2778 5481 2953 5536 neque
3000 5466 3188 5520 audire
3230 5472 3472 5535 possunt,
3502 5463 3596 5518 sed
3641 5461 3762 5513 inter

2194 5557 2516 5627 gestautium
2550 5574 2742 5615 manus
2784 5574 2814 5613 a
2847 5558 2978 5615 toris
3005 5559 3070 5613 ad
3111 5558 3362 5613 lectulum
3400 5558 3637 5614 feruntur
3657 5554 3679 5606 ἵ
3699 5564 3753 5602 an

2196 5665 2324 5704 vero
2358 5649 2559 5717 sobrii,
2600 5650 2914 5721 vigilantes,
2960 5651 3155 5721 quique
3199 5649 3416 5705 modum
3464 5645 3758 5703 necessilalc

2197 5742 2479 5808 definiunt,
2521 5744 2771 5799 secundis
2809 5744 2983 5799 ventis
3013 5744 3283 5811 navigant,
3314 5758 3377 5798 ac
3418 5756 3516 5811 pro
3547 5735 3755 5794 maximo

2199 5831 2593 5889 oblectamento
2614 5843 2720 5888 tam
2743 5835 2794 5890 in
2821 5834 2950 5891 cibis
2985 5849 3142 5906 quam
3179 5834 3230 5890 in
3261 5843 3386 5904 potu
3411 5832 3600 5888 famem
3621 5820 3758 5885 etsi-
