4036 6386
152 356 244 412 ίθῖ

226 472 317 528 Διὶ
351 472 410 526 τί
450 471 568 543 γάρ
615 471 917 543 ζηλωτὺνό
963 471 1211 535 πλοῦτος,
1247 471 1369 525 εἰπέ
1404 489 1526 543 μοι;
1568 474 1681 527 Kal
1727 473 1838 545 γὰρ

164 563 445 631 ἀναγκαῖον
474 559 739 613 ἐντεῦθεν
769 559 1253 633 προοιμιάσασθαι,
1294 559 1481 631 ἐπειδὴ
1512 560 1702 628 ὑγείας
1740 560 1838 614 καὶ

161 652 299 721 ζωῆς
327 648 427 702 καὶ
455 648 560 718 τῆς
592 645 752 720 παρά
776 647 888 701 τῶν
910 644 1120 701 πολλῶν
1158 646 1455 717 εὐφημίας,
1479 647 1574 700 καλ⁵
1595 646 1838 719 χρηστῆς

160 735 499 807 ὑπολήψεως,
537 734 634 788 καὶ
670 733 950 803 πατρίδος,
991 732 1086 787 καὶ
1116 732 1353 799 οἰκείων,
1388 733 1483 785 καὶ
1512 732 1702 802 φίλων,
1741 734 1837 788 καὶ

158 822 456 892 συγγενῶν,
508 821 609 875 καὶ
654 819 765 875 τῶν
810 820 986 874 ἀλλων
1039 820 1293 874 ἁπάντων
1338 819 1447 873 τῶν
1492 819 1552 872 τὸ
1598 819 1836 890 χαλεπὸν

153 910 310 964 τοῦτο
338 909 555 980 νόσημα
582 908 956 978 νενοσηκότων
979 907 1216 979 τιμιώτε
1226 924 1318 978 ρον
1343 910 1455 970 τοῖς
1480 906 1693 970 πολλοῖς
1724 906 1836 961 ἐδο-

152 999 238 1065 ξεν
271 993 439 1052 εἶναι.
472 997 585 1051 Kal
604 995 745 1068 πρὸς
789 995 960 1059 αὐτὰς
1003 994 1173 1066 ἀνέϐη
1202 994 1389 1049 λοιπὸν
1416 994 1517 1058 τὰς
1544 995 1771 1073 νεφέλας
1797 998 1830 1067 ἡ

379 1084 481 1138 καὶ
530 1083 635 1153 γῆν
686 1081 780 1135 καὶ
828 1080 1103 1135 θάλατταν
1154 1084 1188 1153 ή
1232 1082 1464 1152 κάμινος
1506 1081 1644 1155 αὖτη
1702 1099 1834 1135 κατ-

153 1173 332 1229 έλαϐε.
366 1172 485 1226 Καὶ
516 1175 543 1224 ὀ
569 1171 666 1242 μὲν
697 1168 967 1224 σϐεννύων
996 1170 1099 1241 τὴν
1120 1169 1294 1241 φλόγα
1322 1170 1524 1240 ταύτην
1550 1170 1753 1233 οὐδείς·
1783 1172 1831 1224 οί

148 1262 201 1314 δὲ
228 1258 615 1322 ἀνακαίοντες,
643 1258 903 1320 ἅπαντες.
932 1257 1088 1312 αὐτοί
1111 1274 1172 1310 τε
1198 1258 1248 1311 οί
1282 1256 1502 1322 ἁλόντες
1533 1258 1656 1329 ἤδη,
1699 1258 1830 1311 οἵτε

149 1348 384 1419 μηδέπω
420 1346 661 1409 ἁλόντες,
698 1345 786 1398 ἴνα
829 1343 1017 1397 άλῶσι.
1056 1345 1167 1399 Kal
1216 1345 1444 1399 ἕκαστον
1485 1344 1583 1398 ῐδοι
1620 1362 1701 1409 τις
1739 1344 1825 1410 ἂν,

145 1437 242 1489 καὶ
277 1434 455 1505 ἄνδρα
483 1432 579 1511 καί
605 1434 862 1500 γυναῖκα,
893 1432 988 1485 καὶ
1027 1430 1250 1502 οἰκέτην
1281 1432 1373 1486 καὶ
1400 1431 1702 1504 ἐλεύθερον,
1735 1433 1830 1485 καὶ

144 1521 409 1575 πλούσιον
439 1519 538 1574 καὶ
581 1519 810 1591 πένητα,
853 1519 996 1572 κατά
1022 1517 1253 1590 δύναμιν
1281 1518 1379 1590 τὴν
1404 1518 1598 1573 ἐαυτοῦ
1635 1518 1828 1590 φορτία

143 1610 517 1680 βαστάζοντα,
541 1605 613 1660 τὰ
636 1609 703 1677 τῇ
723 1606 882 1677 φλογὶ
904 1605 1077 1678 ταύτῃ
1098 1607 1165 1660 δι’
1199 1608 1409 1679 ἡμέρας
1430 1625 1488 1660 τε
1510 1607 1606 1661 καὶ
1636 1607 1829 1669 νυκτὸς

142 1696 349 1767 πολλὴν
386 1694 698 1766 παρέχοντα
733 1692 833 1763 τὴν
874 1695 1119 1766 τροφήνο
1161 1694 1357 1765 φορτία
1382 1695 1444 1747 ού
1478 1694 1670 1761 ξύλων,
1705 1694 1826 1750 οὐδέ

142 1782 443 1855 φρυγάνων
487 1782 569 1850 (οὐ
612 1782 723 1853 γὰρ
771 1781 994 1852 τοιαύτη
1029 1783 1064 1852 ὴ
1096 1781 1270 1853 φλὸξ),
1317 1780 1454 1835 ἀλλά
1498 1780 1685 1851 ψυχῶν
1731 1779 1827 1834 καὶ

143 1870 443 1943 σωμάτων,
482 1870 699 1933 ἀδικίας
729 1869 839 1923 καὶκ
869 1870 1238 1941 παρανομίας.
1296 1870 1427 1945 Ἀπὸ
1470 1869 1577 1940 γὰρ
1623 1868 1827 1923 τούτων

142 1961 491 2014 ἀνάπτεσθαι
516 1959 759 2027 πέφυκεν
779 1957 917 2031 αὕτη
940 1959 1037 2029 τῆς
1060 1959 1256 2029 φλογὸς
1277 1960 1310 2031 ὴ
1335 1958 1514 2028 φύσις.
1541 1958 1610 2012 Οἵ
1630 1975 1690 2010 τε
1718 1957 1827 2030 γάρ

144 2046 513 2111 πλουτοῦντες
541 2046 780 2118 οὐδαμοῦ
817 2045 915 2117 τῆς
946 2046 1148 2100 ἀτόπου
1187 2045 1395 2117 ταύτης
1429 2047 1672 2100 ἵστανται
1702 2047 1824 2098 ἐπι-

143 2135 366 2205 θυμίας,
408 2135 514 2189 κᾶν
544 2133 765 2188 ἃπασαν
805 2133 1204 2204 περιϐάλωνται
1241 2135 1342 2205 τὴν
1378 2134 1733 2204 οἰκουμένην·
1775 2134 1831 2187 οἵ

138 2241 197 2276 τε
232 2223 476 2294 πένητες
508 2221 824 2291 ἐπείγονται
873 2221 1077 2292 φθάσαι
1116 2222 1378 2286 ἐκείνους,
1414 2223 1509 2275 καὶ
1538 2221 1710 2276 λύσσα
1740 2240 1825 2286 τις

137 2313 367 2375 ἀνίατος
401 2311 501 2365 καὶ
536 2310 706 2381 μανία
730 2309 1051 2373 ἀκάθεκτος,
1075 2310 1170 2363 καὶ
1194 2309 1349 2373 νόσος
1374 2309 1699 2381 ἀδιόρθωτος
1723 2309 1824 2373 τὰς

136 2401 363 2456 πάντων
395 2399 616 2470 κατέχει
640 2397 841 2468 ψυχάς.
869 2397 979 2451 Kal
1008 2396 1184 2451 πάντα
1214 2397 1393 2470 ἔρωτα
1414 2391 1566 2461 οὗτος
1593 2398 1822 2467 νικήσας

132 2487 165 2539 ὁ
194 2486 339 2558 ἔρως
375 2485 475 2538 καὶ
508 2484 905 2555 παρωσάμενος
947 2481 1169 2548 ἐξέϐαλε
1198 2482 1299 2554 τῆς
1323 2482 1521 2554 ψυχῆς.
1557 2483 1668 2537 Kal
1698 2482 1821 2537 οὔτε

138 2572 321 2642 φιλίας
360 2571 541 2640 λόγος.
594 2568 720 2623 οὔτε
767 2570 1085 2639 συγγενείας
1115 2582 1140 2611 ι
1163 2586 1178 2600 ·
1213 2569 1309 2624 καὶ¹
1358 2569 1413 2623 τί
1442 2569 1584 2638 λέγω
1638 2568 1821 2640 φιλίας

138 2662 226 2714 καὶ
269 2658 630 2728 συγγενείας;
671 2657 733 2710 οὐ
768 2657 1023 2725 γυναικὸς
1052 2657 1147 2710 καὶ
1193 2656 1420 2725 παίδων,
1455 2652 1515 2712 οὗ
1548 2656 1600 2710 τί
1624 2657 1818 2725 γένοιτ’

136 2752 199 2805 ἀν
249 2749 487 2820 ἀνδράσι
533 2746 936 2818 ποθεινότερον;
973 2747 1109 2801 ἀλλά
1143 2747 1321 2800 πάντα
1355 2747 1530 2818 χαμαὶ
1563 2747 1817 2819 ἔρριπται

135 2838 228 2891 καὶ
254 2836 746 2906 καταπεπάτηται,
772 2836 872 2905 τῆς
902 2834 1062 2906 ὠμῆς
1087 2834 1293 2906 ταύτης
1325 2820 1422 2888 καὶ
1449 2834 1816 2906 ἀπανθρώπου

130 2926 428 2996 δεσποίνης
462 2922 571 2976 τῶν
600 2923 836 2976 ἁλόντων
863 2921 961 2987 τάς
989 2923 1245 2977 ἁπάντων
1271 2921 1688 2993 καταλαϐούσης
1714 2920 1817 2993 ψυ-

130 3014 256 3084 χάς.
289 3014 405 3066 Kal
436 3011 548 3084 γὰρ
572 3011 648 3076 ὡς
672 3010 931 3065 δέσποινα
958 3010 1165 3065 τούτων
1193 3011 1579 3083 ἀπάνθρωπος,
1614 3012 1709 3065 καὶ¹
1741 3011 1817 3076 ὠς

130 3102 403 3173 τύραννος
431 3098 669 3170 ἀπηνὴς,
699 3098 795 3152 καὶ
820 3098 895 3162 ὼς
928 3098 1202 3170 βάρϐαρος
1231 3097 1380 3170 ὠμὴ,
1411 3098 1506 3152 καὶ
1538 3098 1614 3162 ὡς
1641 3097 1815 3170 πόρνη

130 3188 420 3260 πάνδημος
468 3187 563 3239 καὶ
592 3184 911 3257 πολυτελὴς,
959 3185 1313 3257 καταισχύνει
1354 3185 1450 3239 καὶ¹
1481 3185 1813 3251 κατατείνει,

132 3277 224 3329 καὶ
273 3273 499 3345 μυρίοις
531 3272 750 3338 κολάζει
796 3272 1064 3337 κινδύνοις
1098 3290 1159 3325 τε
1210 3272 1306 3327 καὶ
1363 3272 1655 3344 τιμωρίαις
1686 3273 1814 3338 τοὺς

131 3364 429 3434 ἑλομένους
467 3360 742 3416 δουλεύειν
783 3361 954 3433 αὐτῇ·
1004 3362 1100 3416 καὶ
1144 3360 1354 3432 φοϐερά
1403 3378 1488 3425 τις
1531 3356 1665 3415 οῦσα
1718 3360 1816 3416 καὶ

131 3452 479 3525 ἀμείλικτος,
512 3448 680 3520 ἀγρία
704 3467 766 3503 τε
792 3450 885 3502 καὶ
909 3451 1148 3520 ἀπηνὴς,
1176 3449 1272 3503 καὶ
1294 3448 1585 3520 πρόσωπον
1615 3448 1817 3520 ἔχουσα

131 3538 497 3613 βαρϐαρικὸν,
531 3538 734 3610 μᾶλλον
759 3536 815 3591 δὲ
846 3537 1131 3608 θηριῶδες,
1164 3537 1259 3590 καὶ
1284 3536 1448 3590 λύκου
1479 3536 1571 3590 καὶ
1603 3536 1815 3600 λέοντος

130 3627 494 3701 ἀγριώτερον,
531 3625 813 3698 προσηνής
840 3642 925 3688 τις
958 3620 1098 3678 εἶναι
1133 3624 1303 3688 δοκεῖ,
1340 3624 1433 3677 καὶ
1472 3623 1694 3696 ποθεινὴ
1722 3625 1815 3677 καὶ

135 3717 355 3788 μέλιτος
400 3713 716 3784 γλυκυτέρα
772 3714 884 3776 τοῖς
928 3710 1442 3783 αίχμαλωτισθεῖσιν
1490 3711 1582 3764 ὑπ’
1619 3712 1813 3783 αὐτῆς.

131 3806 240 3860 Kal
263 3803 398 3875 ξίφη
423 3802 520 3856 καὶ
548 3801 689 3856 ὃπλα
707 3800 829 3855 καθ’
858 3801 1094 3872 ἑκάστην
1122 3798 1244 3853 κατ’
1273 3798 1452 3852 αὐτῶν
1474 3798 1813 3870 χαλκεύουσα

128 3902 227 3971 τὴν
248 3899 494 3971 ἡμέραν,
512 3897 606 3952 καὶ
622 3895 875 3969 βάραθρα
899 3896 1291 3969 ἀνορύττουσα,
1308 3896 1403 3949 καὶ
1420 3896 1514 3948 ἐπὶ
1533 3896 1814 3968 κρημνοὺς

126 3995 285 4069 [452]
308 3995 523 4064 ἄγουσα
548 3995 641 4049 καὶ
670 3992 989 4058 σκοπέλους,
1012 3994 1108 4046 καὶ⁸
1135 3991 1304 4065 μυρία
1328 3992 1513 4055 αὐτοῖς
1537 3991 1811 4047 πλέκουσα

131 4093 412 4157 κολάσεως
466 4090 677 4155 δίκτυα,
731 4090 1010 4162 ζηλωτοὺς
1056 4090 1257 4154 αὐτοὺς
1305 4087 1587 4161 νομίζεται
1638 4091 1811 4144 ποιεῖν

125 4191 242 4253 τοῖς
269 4182 333 4242 τε
373 4186 674 4241 ἐαλωκύσιν
712 4187 919 4254 αὐτοῖς,
954 4189 1069 4251 τοῖς
1109 4204 1169 4241 τε
1198 4186 1559 4258 ἐπιθυμοῦσιν
1583 4185 1806 4240 ἀλῶναι.

124 4285 240 4340 Kal
266 4283 523 4358 καθάπερ
546 4278 609 4348 ῦς
639 4284 698 4338 ἐν
727 4284 923 4357 ἀμάρᾳ
950 4283 1047 4339 καὶ
1071 4282 1317 4356 βορϐόρῳ
1346 4283 1806 4357 ἐγκαλινδουμένη

123 4381 313 4450 ἣδεται
341 4379 439 4433 καὶ
460 4380 662 4451 τρυφᾷ,
694 4378 790 4433 καὶ
814 4378 1078 4451 κάνθαροι
1107 4379 1315 4450 κόπρον
1339 4378 1580 4451 συνεχῶς
1607 4378 1813 4433 ἀνελίτ-

123 4494 311 4542 τοντες
330 4494 348 4509 ·
379 4476 524 4529 οὕτω
545 4476 609 4547 δὴ
631 4477 727 4530 καὶ
750 4477 799 4530 οἱ
923 4474 1259 4548 φιλαργυρίᾳ
1281 4475 1500 4540 ἁλόντες
1523 4474 1630 4530 τῶν
1653 4474 1809 4540 ζώων

122 4574 335 4628 τούτων
370 4572 510 4625 εἰσὶν
549 4571 893 4635 ἀθλιώτεροι.
931 4573 1041 4626 Kal
1090 4571 1200 4646 γὰρ
1251 4570 1456 4643 μείζων
1504 4572 1537 4643 η
1577 4571 1811 4626 ἐνταῦθα

124 4668 449 4741 βδελυγμία,
468 4667 610 4722 καὶὸ
632 4666 890 4741 βόρϐορος
917 4666 1316 4740 δυσωδέστερος
1331 4684 1345 4698 ’
1381 4667 1809 4740 ἐνδιατρίϐοντες

124 4761 235 4833 γὰρ
262 4759 349 4830 τῷ
379 4759 567 4826 πάθει,
601 4760 803 4833 πολλὴν
828 4760 1142 4833 νομίζουσιν
1173 4760 1365 4833 ἡδονὴν
1395 4758 1645 4814 ἐντεῦθεν
1672 4779 1809 4829 καρ-

123 4854 403 4910 ποῦσθαι*
436 4856 573 4928 ὅπερ
622 4855 684 4909 οὺ
727 4856 828 4927 τῆς
860 4856 1079 4925 φύσεως
1117 4856 1212 4911 τοῦ
1263 4857 1589 4929 πράγματός
1635 4860 1804 4923 ἐστιν,

120 4943 263 4999 ἀλλά
285 4942 390 5013 τῆς
413 4943 513 5016 τὴν
535 4944 791 5016 τοιαύτην
816 4945 1042 5015 ἀλογίαν
1072 4946 1337 5018 νοσούσης
1358 4947 1617 5013 διανοίας.
1637 4949 1809 5003 Τοῦτο

121 5036 180 5087 δὲ
217 5035 323 5106 τῆς
371 5034 594 5105 ἀλογίας
643 5037 869 5092 ἐκείνων
910 5040 1116 5110 χεῖρον.
1157 5039 1370 5114 Ὥσπερ
1420 5037 1514 5095 οὖν
1566 5042 1661 5095 ἐπὶ
1711 5042 1806 5097 τοῦ

127 5125 395 5199 βορϐόρου
427 5128 522 5181 καὶ¹
547 5127 648 5199 τῆς
672 5128 901 5201 κόπρου,
931 5130 991 5184 ού
1019 5130 1115 5185 τοῦ
1147 5132 1408 5205 βορϐόρου
1442 5135 1537 5192 καὶ
1566 5135 1665 5205 τῆς
1714 5136 1808 5189 κό-

125 5233 266 5288 πρου
308 5217 372 5271 τὸ
400 5216 592 5284 αἴτιον,
629 5219 769 5275 ἀλλά
810 5221 911 5290 τῆς
957 5222 1182 5291 ἀλογίας
1219 5222 1327 5277 τῶν
1359 5225 1807 5295 ἐμπεπτωκότων

125 5308 281 5373 ζώων
304 5326 323 5341 ο
354 5309 496 5364 οὕτω
528 5312 625 5365 καὶ
651 5313 745 5366 ἐπὶ
777 5312 886 5368 τῶν
918 5312 1223 5386 ἀνθρώπων
1254 5314 1495 5385 λογίζου.

193 5400 260 5464 ζ’.
283 5400 398 5454 Kal
432 5401 548 5466 πῶς
568 5401 634 5457 ἂν
659 5403 953 5473 ίασαίμεθα
975 5406 1102 5470 τοὺς
1131 5404 1275 5459 οὕτω
1300 5405 1684 5481 διακειμένους
1707 5408 1804 5476 ;Εί

122 5489 521 5563 βουληθείησαν
545 5494 683 5563 ἡμῖν
710 5493 922 5560 ἀνοῖξαι
951 5494 1052 5560 τὰς
1078 5494 1268 5561 ἀκοὰς,
1308 5497 1405 5550 καὶ
1428 5496 1677 5552 διπλῶσαι
1704 5499 1802 5569 τὴν

119 5584 387 5653 διάνοιαν,
418 5587 513 5643 καὶ
539 5588 797 5654 δέξασθαι
828 5589 897 5644 τά
926 5589 1215 5663 λεγόμενα.
1246 5590 1326 5645 Τά
1356 5592 1457 5659 μὲν
1485 5591 1596 5667 γὰρ
1628 5593 1799 5664 ἀλογα

184 5734 204 5757 ⁸
228 5743 301 5812 In!
329 5759 427 5795 uno
463 5759 556 5812 ms.
598 5752 710 5812 90st
751 5746 1025 5812 συγγενείας
1063 5748 1114 5797 in
1156 5750 1379 5812 margine
1403 5751 1599 5801 additur
1621 5753 1795 5805 eadem

122 5816 255 5858 manu
280 5807 453 5873 ἴσχυσε
477 5807 692 5873 ἐπισχεῖν
714 5810 802 5868 τήν
822 5807 1080 5858 ἀκάθεκτον
1100 5807 1463 5875 ταύτηκῖόρμήν.
1488 5816 1585 5864 Καὶ
1604 5816 1670 5863 τί.

1236 355 1426 422 QUOD
1464 356 1654 410 ΝΕΜΟ
1688 356 2025 411 ΙιΛΕυΙΤυΙὶ
2066 356 2201 414 MS]
2242 360 2286 414 A
2317 360 2578 421 SEIPSO.

3500 375 3608 431 468

1939 473 2251 542 μεταθεῖναι
2272 480 2373 550 τῆς
2396 483 2709 556 ἀκαθάρτου
2736 484 3017 556 διατριϐῆς
3046 485 3141 541 καὶ
3171 486 3481 557 ἀπαγαγεῖν
3507 490 3607 544 οὐκ

1934 564 2016 623 ἔνι
2032 581 2044 596 ·
2086 566 2348 641 λογισμοῦ
2367 573 2475 646 γάρ
2495 576 2644 631 ἐστιν
2672 577 2883 650 ἔρημα·
2910 578 2971 632 τὸ
2989 579 3045 632 δέ
3073 579 3427 651 ἡμερώτατον
3452 582 3608 636 τοῦτο

1934 656 2110 723 γένος,
2151 659 2246 714 καὶ
2272 659 2517 735 λογισμῷ
2545 667 2642 720 καὶ
2673 667 2818 740 λόγῳ
2850 670 3238 740 τετιμημένον,
3268 671 3367 742 τὴν
3392 666 3606 743 ἀνθρω-

1935 747 2096 802 πείαν
2141 748 2284 820 λέγω
2323 753 2504 823 φύσιν,
2522 759 2583 824 εἰ
2620 757 2927 832 βουληθείη,
2965 760 3148 832 ῥᾴδιόν
3183 778 3243 814 τε
3270 763 3364 815 καὶ
3399 761 3606 834 σφόδρα

1933 838 2155 914 εῦκολον
2183 844 2279 897 xal
2300 845 2406 899 ”τοῦ
2444 846 2707 921 βορϐόρου
2748 852 2844 905 καὶ
2892 853 2990 923 τῆς
3028 852 3308 918 δυσωδίας,
3358 854 3453 907 καὶ
3501 853 3603 922 τῆς

1932 931 2140 1004 κόπρου
2180 938 2274 992 καὶ
2309 940 2409 1011 τῆς
2461 941 2786 1016 βδελυγμίας
2821 947 3123 1011 ἀπαλλάξαι
3157 948 3392 1018 ἐκείνης.
3422 947 3521 1001 Διά
3546 948 3601 1000 τί

1931 1024 2041 1096 γὰρ
2072 1029 2100 1081 ὁ
2131 1026 2380 1097 πλοῦτος,
2431 1033 2707 1107 ἄνθρωπε,
2737 1024 3199 1111 περισπούδαστος
3236 1036 3375 1093 εἶναί
3408 1057 3490 1094 σοι
3518 1040 3602 1093 δο-

1933 1121 2055 1185 κεῖ;
2108 1123 2207 1177 Διά
2253 1125 2351 1197 τὴν
2384 1128 2577 1200 ἡδονὴν
2611 1132 2827 1196 πάντως
2863 1133 2962 1204 τὴν
2994 1133 3102 1187 ἀπὸ
3137 1134 3244 1188 τῶν
3270 1134 3599 1204 τραπεζῶν;

1927 1209 2016 1263 διά
2050 1212 2147 1299 τὴν
2184 1217 2369 1288 τιμὴν,
2417 1222 2510 1274 καὶ
2559 1223 2658 1294 τὴν
2701 1223 3024 1298 δορυφορίαν
3061 1226 3160 1299 τὴν
3206 1227 3316 1280 ἀπὸ
3359 1226 3466 1280 τῶν
3510 1227 3601 1279 διὰ

1932 1296 2122 1359 τοῦτόν
2163 1306 2614 1380 θεραπευόντω,ν;
2648 1314 2736 1369 διὰ
2764 1314 2826 1368 τὸ
2851 1315 3108 1370 δύνασθαι
3143 1318 3271 1380 τοὺς
3296 1317 3598 1380 λυποῦντας

1927 1394 2255 1466 ἀμύνασθαι,
2294 1402 2387 1455 καὶ
2421 1404 2587 1457 πᾶσιν
2619 1400 2759 1459 εἶναι
2789 1405 3046 1478 φοϐερόν;
3084 1407 3218 1460 Οὐδὲ
3248 1406 3357 1478 γὰρ
3386 1407 3452 1461 ἂν
3480 1408 3597 1462 ἐτέ-

1930 1503 2026 1557 ρας
2054 1489 2234 1553 αἰτίας
2273 1490 2417 1563 ἔχοις
2448 1495 2642 1563 είπεῖν,
2683 1496 2801 1550 ἀλλ’
2845 1498 2878 1569 ἢ
2917 1497 3129 1570 ἡδονὴν,
3157 1498 3251 1552 καὶ
3279 1499 3615 1567 κολακείαν,

1925 1577 2020 1630 καὶ
2062 1579 2247 1648 φόϐον,
2287 1583 2379 1635 καὶ
2427 1586 2729 1657 τιμωρίαν*
2778 1587 2901 1641 οὔτε
2935 1589 3044 1661 γὰρ
3090 1587 3416 1660 σοφώτερον,
3467 1587 3591 1642 οὔτε

1928 1670 2386 1743 σωφρονέστερον,
2417 1674 2539 1728 οὔτε
2584 1678 3009 1751 ἐπιεικέστερον,
3049 1679 3173 1733 οὔτε
3229 1680 3593 1753 συνετώτερον

1925 1760 2143 1826 πάντως
2170 1765 2197 1817 ὁ
2227 1764 2456 1830 πλοῦτος
2491 1771 2665 1822 ποιεῖν
2699 1770 2912 1836 εἴωθεν,
2944 1772 3003 1824 οὐ
3031 1772 3285 1844 χρηστὸν,
3315 1774 3377 1826 οὐ
3407 1772 3596 1843 φιλάν-

1930 1856 2171 1923 θρωπον,
2207 1856 2307 1908 οὐκ
2335 1857 2505 1928 ὀργῆς
2537 1858 2874 1930 κρείττοντα,
2897 1862 2959 1915 ού
2990 1863 3227 1934 γαστρὸς
3245 1862 3471 1933 ἀμείνω,
3495 1863 3596 1936 οὐχ

1925 1944 2130 2015 ⁴ίιδονῶν
2158 1946 2428 2020 ἀνώτερον
2450 1968 2463 1980 ο
2491 1950 2553 2004 οὐ
2590 1951 2903 2024 μετριάζειν
2929 1953 3193 2019 παιδεύει,
3218 1955 3278 2008 οὐ
3305 1954 3594 2008 συνεστάλ-

1924 2037 2015 2093 θαι
2059 2040 2320 2108 διδάσκει,
2356 2044 2457 2098 ούκ
2487 2044 2615 2099 ἀλλο
2662 2063 2717 2100 τι
2770 2047 2936 2119 μέρος
2984 2047 3080 2118 τῆς
3133 2049 3331 2119 ἀρετῆς
3372 2052 3453 2114 είς
3491 2051 3592 2123 τὴν

1922 2131 2100 2205 ψυχὴν
2132 2134 2345 2201 εἰσάγει
2398 2137 2492 2191 καὶ
2525 2139 2912 2209 καταφυτεύει.
2963 2142 3084 2195 Οὐδ’
3112 2140 3178 2195 ἀν
3221 2141 3363 2212 ἔχοις
3414 2144 3588 2199 είπεῖν

1925 2223 2014 2279 διὰ
2050 2226 2103 2279 τί
2143 2228 2350 2282 τούτων
2390 2230 2855 2301 περισπούδαστός
2900 2232 3020 2287 ἐστί
3070 2250 3152 2287 σοι
3208 2234 3299 2287 καὶ
3344 2235 3590 2302 ποθεινός
3706 2268 3709 2271 -

1927 2310 2106 2382 οὗτος.
2143 2320 2218 2373 Οὐ
2246 2319 2356 2393 γὰρ
2380 2320 2444 2393 δὴ
2478 2322 2639 2393 μόνον
2668 2323 2819 2377 οὐδὲν
2851 2320 2959 2377 οἶδε
2986 2326 3291 2399 φυτεύεινῆ
3326 2333 3591 2400 γεωργεῖν

1920 2414 2030 2468 τῶν
2061 2412 2303 2482 ἀγαθῶν,
2356 2412 2491 2466 ἀλλά
2524 2415 2629 2468 κᾶν
2675 2415 3015 2486 ἀποκείμενα
3065 2416 3221 2491 εὕρῃ,
3274 2419 3591 2490 λυμαίνεται

1923 2506 2020 2563 καὶ
2043 2506 2242 2560 κωλύει
2277 2507 2373 2560 καὶ
2399 2508 2799 2578 καταμαραίνει
2819 2525 2832 2539 ·
2865 2508 2982 2562 ἔνια
3011 2510 3068 2563 δὲ
3105 2512 3197 2565 καὶ
3228 2512 3464 2585 ἀνασπᾷ,
3499 2516 3591 2568 καὶ

1916 2599 1987 2653 τὰ
2009 2598 2224 2654 ἐναντία
2253 2598 2458 2652 τούτων
2481 2598 2783 2668 ἐπεισάγει,
2815 2599 3111 2654 ἀκολασίαν
3136 2600 3391 2675 ἄμετρον,
3421 2603 3589 2676 θυμὸν

1918 2694 2169 2763 ἄκαιρον,
2204 2691 2374 2763 ὀργὴν
2401 2691 2606 2759 ἄδικον,
2640 2691 2921 2757 ἀπόνοιαν,
2953 2693 3349 2765 ὑπερηφανίαν,
3382 2696 3586 2752 ἄνοιαν.

1929 2785 2092 2839 Ἀλλά
2124 2785 2200 2857 μὴ
2228 2786 2367 2838 εἴπω
2402 2784 2530 2854 περὶ
2565 2785 2807 2838 τούτων’
2853 2786 2902 2839 οί
2945 2786 3056 2857 γὰρ
3099 2790 3166 2859 τῇ
3220 2788 3361 2860 νόσῳ
3413 2790 3586 2863 ταύτῃ

1916 2879 2218 2942 ἐαλωκότες
2258 2879 2360 2932 οὐκ
2401 2878 2468 2931 ἂν
2497 2879 2817 2947 ἀνάσχοιντο
2851 2879 2982 2950 περὶ
3024 2880 3225 2951 ἀρετῆς
3266 2883 3361 2936 καὶ
3390 2879 3582 2943 κακίας

1915 2969 2227 3034 ἀκούοντες,
2252 2969 2353 3040 τῆς
2386 2969 2582 3040 ἡδονῆς
2615 2969 2767 3034 ὄντες
2809 2968 2941 3036 ὅλοι,
2984 2971 3078 3025 καὶ
3114 2970 3203 3025 διά
3230 2971 3389 3026 τοῦτο
3416 2975 3587 3046 αὐτῆς

1914 3065 2188 3135 γινόμενοι
2211 3062 2407 3127 δοῦλοι,
2440 3062 2934 3135 κατηγορουμένων
2958 3064 3138 3121 αὐτῶν
3159 3066 3293 3138 ὁμοῦ
3317 3067 3410 3121 καὶ
3440 3066 3588 3137 ἐλεγ-

1915 3156 2163 3227 χομένων
2194 3155 2321 3229 ίδεῖν
2347 3155 2396 3208 δ.
2432 3155 2570 3227 Φέρε
2620 3152 2713 3209 οὖν
2744 3156 2882 3219 τέως
2909 3155 3001 3210 τὸν
3031 3158 3158 3229 περὶ
3189 3157 3393 3213 τούτων
3431 3158 3586 3229 λόγον

1914 3251 2164 3320 ἀφέντες,
2205 3248 2274 3303 τὰ
2298 3247 2461 3325 λοιπά
2484 3250 2564 3311 είς
2596 3249 2759 3321 μέσον
2791 3249 3108 3321 ἀγάγωμεν,
3145 3251 3239 3305 καὶ
3285 3252 3503 3323 ἴδωμεν,
3537 3254 3591 3306 εί

1910 3358 2035 3397 τινα
2067 3343 2261 3413 ἡδονὴν
2290 3343 2320 3395 ὁ
2362 3339 2593 3405 πλοῦτος
2632 3339 2766 3413 ἔχει,
2808 3341 2863 3395 εί
2886 3359 3010 3396 τινα
3046 3345 3241 3415 τιμήν⁶
3279 3346 3589 3401 τούναντίον

1913 3432 2020 3508 γὰρ
2047 3436 2193 3489 ἀπαν
2234 3433 2367 3506 ὁρῶ.
2397 3434 2508 3488 Kal
2540 3435 2589 3487 εί
2623 3432 2901 3504 βούλεσθε,
2936 3435 3153 3507 πρῶτον
3191 3435 3289 3501 τάς
3308 3437 3587 3509 τραπέζας

1913 3527 2022 3581 τῶν
2051 3525 2424 3579 πλουτούντων
2455 3525 2551 3578 καὶ
2594 3523 2906 3594 πενομένων
2936 3524 3299 3597 ἐξετάζωμεν,
3328 3529 3419 3581 καὶ
3449 3528 3590 3600 ἐρώ-

1917 3618 2059 3690 μεθα
2108 3618 2257 3691 [455]
2304 3619 2429 3681 τοὺς
2462 3617 2851 3687 ἑστιωμένους,
2884 3618 3031 3681 τίνες
3077 3617 3312 3688 μάλιστά
3357 3620 3495 3674 είσιν
3536 3623 3587 3675 οί

1912 3713 2158 3784 καθαρὰν
2191 3713 2287 3765 καὶ
2323 3711 2555 3781 γνησίαν
2580 3708 2951 3782 καρπούμενοι
2978 3712 3202 3784 ήδονήν;
3232 3715 3280 3766 οἱ
3309 3713 3447 3785 πρὸς
3472 3715 3587 3768 δια-

1916 3802 2343 3878 μεμετρημένην
2372 3803 2471 3874 τὴν
2498 3803 2714 3874 ἡμέραν
2756 3803 2849 3857 ἐπὶ
2876 3804 2985 3859 τῶν
3021 3806 3287 3861 στιϐάδων
3333 3807 3586 3861 κατακείο

1916 3890 2087 3975 μενοι,
2116 3901 2211 3954 καὶ
2240 3899 2308 3953 τὰ
2332 3899 2521 3952 δεῖπνα
2546 3901 2658 3963 τοῖς
2676 3898 2923 3971 ἀρίστοις
2950 3899 3332 3965 συνάπτοντες,
3362 3902 3455 3954 καὶ
3483 3902 3587 3972 τὴν

1912 3984 2156 4067 γαστέρα
2185 3989 2630 4066 διαρῤηγνύντες,
2667 3992 2760 4045 καὶ
2791 3992 2891 4056 τὰς
2938 3992 3218 4063 αἰσθήσεις
3255 3992 3582 4065 πηροῦντες,

1909 4089 2004 4142 καὶ
2043 4086 2122 4160 τῷ
2150 4087 2441 4158 ὑπερόγκῳ
2471 4083 2583 4138 τῶν
2611 4083 2925 4155 ἐδεσμάτων
2953 4084 3159 4156 φορτίῳ
3188 4084 3249 4139 τδ
3275 4085 3457 4141 πλοῖον
3481 4104 3583 4141 κα-

1908 4186 2344 4252 ταποντίζοντες,
2376 4185 2472 4238 καὶ
2500 4182 2834 4256 ὑπέραντλον
2864 4183 3148 4248 ποιοῦντες
3177 4183 3277 4257 τὴν
3304 4185 3458 4254 ναῦν,
3490 4186 3586 4240 καὶ

1909 4284 2162 4358 καθάπερ
2212 4286 2271 4339 ἐν
2304 4283 2553 4355 ναυαγίῳ
2591 4281 2670 4354 τῷ
2716 4281 2812 4337 τοῦ
2849 4281 3101 4354 σώματος
3150 4283 3585 4349 κατακλύζοντες

1908 4382 2101 4453 αὐτὴν,
2135 4381 2232 4435 καὶ
2280 4380 2472 4444 πέδας,
2527 4380 2623 4433 καὶ
2671 4379 3014 4452 χειροπέδας,
3050 4381 3146 4435 καὶ
3198 4381 3583 4451 γλωσσοπέδας

1909 4479 2272 4542 ἐπινοοῦντες,
2323 4477 2419 4531 xal
2449 4477 2595 4531 ἅπαν
2620 4475 2799 4530 αὐτῶν
2838 4475 3307 4553 καταδεσμοῦντες
3333 4478 3395 4531 τὸ
3425 4479 3583 4546 σῶμα

1906 4576 2151 4639 ἁλύσεως
2185 4574 2412 4645 σιδηρᾶς
2452 4572 2820 4644 χαλεπωτέρῳ
2851 4571 3032 4642 δεσμῷ
3064 4572 3142 4642 τῷ
3168 4573 3266 4643 τῆς
3291 4572 3463 4645 μέθης
3487 4578 3582 4628 καὶ

1906 4674 2006 4745 τῆς
2049 4672 2279 4745 τρυφῆς,
2312 4671 2408 4725 καὶ
2434 4672 2571 4741 μήτε
2617 4668 2783 4723 ὕπνον
2815 4668 3130 4738 αἱρούμενοι
3173 4670 3418 4739 γνήσιον,
3450 4671 3580 4724 εἰλι-

1909 4771 2092 4842 κρινῆ,
2145 4771 2280 4841 μήτε
2312 4767 2608 4839 ὀνειράτων
2641 4763 3052 4837 ἀπηλλαγμένοι
3083 4764 3352 4836 φοϐερῶν,
3388 4766 3497 4822 τῶν
3521 4786 3581 4822 τε

1911 4868 2256 4941 μαινομένων
2285 4867 2437 4931 ὄντες
2462 4864 2803 4937 ἀθλιώτεροι,
2839 4864 2934 4918 καὶ
2960 4861 3280 4936 αὐθαίρετόν
3322 4882 3443 4921 τινα
3467 4866 3581 4921 δαί-

1911 4983 2049 5038 μονα
2078 4964 2460 5033 ἐπεισάγοντες
2484 4965 2552 5034 τῇ
2590 4962 2759 5034 ψυχῇ,
2790 4962 2884 5016 καὶ
2921 4959 3095 5030 γέλως
3124 4962 3472 5034 προκείμενοι
3502 4964 3580 5035 τῷ

1907 5058 2120 5129 θεάτρῳ
2161 5056 2271 5110 τῶν
2299 5055 2545 5120 οἰκετῶν,
2593 5054 2792 5125 μᾶλλον
2815 5052 2875 5107 δέ
2905 5052 2999 5107 καὶ
3025 5053 3303 5126 τραγῳδία
3347 5054 3441 5108 καὶ
3481 5055 3579 5108 δασ-

1906 5159 2091 5232 κρύων
2114 5157 2370 5221 ὑπόθεσις
2391 5160 2506 5221 τοῖς
2534 5155 2959 5227 ἐπιεικεστέροις
2992 5154 3192 5232 αὐτῶν,
3232 5157 3327 5210 καὶ
3373 5157 3578 5228 μηδένα

1904 5265 2107 5327 εἰδότες
2124 5260 2233 5316 τῶν
2256 5260 2561 5332 παρόντων,
2594 5260 2733 5331 μήτε
2761 5259 2937 5311 εἰπεῖν
2956 5274 3011 5311 τι
3035 5258 3129 5311 καὶ
3163 5230 3393 5329 ἀκοῦσαι
3412 5257 3578 5310 δυνά-

1908 5375 2081 5429 μενοι,
2115 5355 2252 5411 ἀλλά
2293 5355 2532 5428 φοράδην
2570 5353 2678 5409 ἀπὸ
2701 5353 2810 5407 τῶν
2837 5352 3100 5407 στιϐάδων
3133 5353 3226 5407 ἐπὶ
3251 5353 3352 5423 τὴν
3388 5350 3576 5425 κλίνην

1903 5455 2195 5525 ἀγόμενοι,
2231 5453 2265 5527 ἢ
2304 5455 2352 5508 οἱ
2390 5454 2653 5525 νήφοντες
2684 5450 2780 5506 καὶ
2825 5452 2875 5507 οί
2917 5450 3301 5524 ἐγρηγορότες,
3353 5449 3448 5506 καὶ
3505 5453 3574 5525 τῇ

1845 5566 1857 5595 ¹
1904 5556 2067 5629 χρείᾳ
2101 5553 2164 5607 τὸ
2199 5555 2397 5625 μέτρον
2420 5552 2716 5624 ὁρίζοντες,
2740 5550 2837 5604 καὶ
2869 5547 2929 5616 ἐξ
2957 5551 3142 5622 οὐρίας
3174 5549 3449 5613 πλέοντες,
3479 5549 3574 5601 καὶ

1907 5654 2160 5724 μέγιστον
2184 5652 2402 5723 ἥδυσμα
2430 5649 2493 5704 τὸ
2521 5652 2712 5721 πεινῇν
2731 5650 2825 5704 καὶ
2851 5647 3010 5720 διψῇν
3033 5647 3244 5720 ἔχοντες
3267 5647 3359 5702 ἐπί
3377 5662 3435 5702 τε
3466 5649 3576 5709 τῶν

1970 5808 1999 5850 ³³
2013 5813 2129 5866 Cod.
2157 5819 2210 5864 et
2229 5814 2280 5865 (ἶ.
2306 5812 2697 5865 Savil.omiuunt
2717 5811 2849 5862 ἰδεῖν.
