4036 6416
306 411 403 471 469

308 536 395 588 tim
426 533 671 588 habent?
720 532 864 588 Nihil
915 532 1057 587 enim
1088 531 1158 585 ita
1186 538 1241 585 et
1282 528 1349 583 ad
1380 528 1701 597 voluptatem
1740 532 1795 579 et
1819 521 1887 576 ad

308 624 586 680 sanitatem
613 623 826 689 facit,ut
846 623 1175 678 esurientem
1195 634 1256 674 ac
1281 621 1570 683 sitientem,
1590 617 1660 670 ita
1678 614 1890 670 demum

308 730 419 785 qua:
449 724 797 785 apponuntur
821 721 1187 784 capesserc,et
1210 710 1378 766 solam
1403 708 1771 764 necessitatem
1796 720 1891 774 pro

305 807 549 862 satietate
589 805 811 872 ducere,
836 821 1005 876 neque
1028 804 1144 875 ejus
1165 804 1358 857 limites
1385 801 1649 856 transilire
1674 840 1688 865 ,
1719 812 1890 868 neque

303 896 515 966 corpori
542 896 717 967 majus
747 911 905 966 quam
935 895 1073 950 ferre
1111 894 1310 964 possit,
1341 906 1475 948 onus
1521 892 1815 961 imponere.

369 987 424 1041 8.
455 985 611 1054 Quod
643 987 688 1042 si
718 987 947 1040 orationi
977 1001 1110 1040 mea:
1134 999 1237 1038 non
1270 984 1435 1038 habes
1466 982 1645 1047 fidem,
1669 979 1889 1035 consule

300 1090 659 1149 utrorumque
690 1093 939 1149 corpora,
967 1087 1021 1132 et
1062 1076 1389 1147 singulorum
1418 1077 1669 1128 animam.
1700 1072 1889 1126 Nonne

298 1171 367 1224 ita
417 1171 702 1226 moderate
747 1169 1086 1240 viventium(
1127 1185 1194 1224 ne
1237 1168 1380 1223 enim
1424 1168 1553 1222 mihi
1596 1166 1735 1237 quod
1766 1182 1887 1220 raro

296 1263 585 1332 contingit,
616 1262 780 1328 dicas,
807 1270 861 1316 et
887 1262 928 1315 si
952 1262 1041 1331 qui
1064 1276 1132 1315 ex
1160 1261 1261 1315 alia
1295 1259 1521 1330 quadam
1542 1259 1891 1314 circumstan-

299 1354 364 1406 tia
395 1353 531 1423 :egri
572 1364 725 1419 sunt,
755 1352 849 1408 sed
872 1369 936 1408 ex
965 1352 1060 1421 iis,
1085 1368 1203 1424 qua:
1229 1367 1443 1418 semper
1479 1361 1532 1407 et
1552 1351 1887 1407 continenter

295 1444 579 1510 eveniunt,
603 1444 680 1497 fer
704 1443 1072 1513 sententiam),
1104 1457 1306 1509 nonne,
1337 1444 1425 1511 iur;
1446 1457 1576 1508 iam,
1610 1442 1885 1496 moderate

298 1538 638 1590 vescentium
661 1551 886 1605 corpora
921 1536 1054 1590 bene
1082 1535 1233 1590 ﬁrma
1263 1545 1414 1601 sunt,
1445 1547 1507 1589 ac
1534 1549 1721 1589 sensus
1748 1533 1887 1588 inte-

294 1629 399 1694 gri,
430 1627 629 1697 quique
655 1641 841 1693 magna
872 1642 991 1680 cum
1031 1624 1287 1681 facilitate
1307 1627 1474 1680 vicem
1503 1640 1651 1680 suam
1693 1624 1884 1694 imple-

293 1717 435 1771 ant?
467 1718 678 1771 illorum
709 1732 840 1772 vero
882 1716 1046 1771 nimio
1076 1716 1299 1772 humore
1345 1716 1527 1770 vitiata
1568 1714 1714 1768 omni
1759 1728 1881 1769 cera

294 1806 548 1860 molliora
576 1848 590 1872 ,
621 1816 675 1860 et
719 1807 932 1876 agmine
985 1807 1292 1860 morborum
1347 1806 1610 1859 obsessa?
1653 1805 1787 1859 Nam
1828 1812 1884 1858 et

294 1895 552 1966 podagrae
590 1898 837 1950 celeriter
864 1896 1147 1961 invadunt,
1187 1905 1241 1950 ct
1270 1906 1471 1949 tremor
1510 1896 1878 1965 importunus,

294 1995 351 2040 et
390 1996 644 2040 senectus
685 1986 992 2054 immatura,
1026 1995 1080 2040 ct
1104 1986 1293 2056 capitis
1314 1985 1550 2048 dolores,
1579 1985 1871 2039 distensio-

290 2090 393 2133 nes
412 2087 464 2130 et
490 2076 881 2131 stomachorum
905 2077 1331 2148 depravationes,
1348 2077 1612 2146 appetitus
1636 2076 1876 2141 amissio;

289 2172 568 2240 perpetuis
599 2171 834 2241 indigent
873 2170 1120 2235 medicis,
1159 2169 1430 2225 continuis
1475 2168 1878 2225 medicamentis

291 2273 348 2317 et
401 2262 678 2317 curatione
720 2262 1044 2332 qu0tidiana.
1087 2262 1333 2319 Haeccine
1363 2264 1679 2333 voluptuosa
1707 2264 1878 2317 sunt?

290 2357 381 2411 die
409 2355 555 2409 mihi.
596 2355 792 2425 Ecquis
821 2357 994 2410 sciens
1031 2355 1157 2426 quid
1180 2357 1392 2411 tandem
1414 2358 1485 2410 sit
1513 2356 1777 2425 voluptas,
1796 2355 1877 2409 di-

289 2457 382 2503 cet
427 2448 587 2502 esse?
621 2446 875 2517 Voluptas
902 2448 1045 2502 enim
1077 2449 1385 2518 percipitur,
1436 2455 1556 2503 eum
1602 2462 1875 2518 prmeunte

288 2541 583 2610 cupiditate
621 2538 824 2594 fructus
867 2544 1140 2610 sequitur:
1165 2539 1304 2610 quod
1333 2540 1379 2594 si
1418 2539 1621 2593 fructus
1657 2539 1869 2609 quidem

290 2642 510 2698 exstet,
544 2631 808 2700 cupiditas
837 2645 965 2685 vero
1007 2646 1267 2700 nusquam
1316 2641 1600 2700 appareat,
1631 2630 1872 2699 voluptas

287 2726 568 2779 evanescit
610 2734 663 2779 ct
709 2724 970 2778 exstincta
1002 2732 1105 2779 est.
1158 2722 1491 2793 QuaprOpter
1521 2723 1679 2777 etiam
1707 2722 1831 2791 :rgri
1853 2761 1869 2789 ,

285 2830 610 2885 quamquam
649 2814 950 2870 suavissimi
990 2823 1326 2885 apponuntur
1354 2814 1496 2878 cibi,
1524 2828 1643 2867 cum
1676 2826 1871 2866 nausea

287 2916 469 2959 tamen
500 2905 802 2975 degustant,
831 2904 1036 2975 sibique
1064 2904 1361 2959 molestiam
1387 2902 1626 2959 exhiberi
1649 2892 1872 2971 opinan-

288 3006 380 3052 tur
408 3014 421 3048 :
445 2998 693 3067 quoniam
721 2996 874 3053 abest
902 2996 1182 3067 cupiditas,
1203 3012 1319 3067 quae
1342 2994 1567 3049 fructum
1591 2992 1868 3064 jucundis-

284 3090 483 3143 simum
528 3089 721 3143 reddit.
773 3088 956 3158 Neque
1008 3090 1148 3143 enim
1177 3088 1414 3143 ciborum
1447 3096 1664 3152 natura,
1697 3101 1869 3155 neque

284 3192 469 3252 potus,
495 3181 593 3236 sed
623 3182 946 3236 vescentium
986 3182 1252 3251 appetitus
1295 3180 1635 3250 cupiditatem
1679 3193 1869 3249 parere

282 3275 445 3339 solet,
473 3283 526 3327 et
561 3284 617 3327 ut
648 3274 969 3343 voluptatem
1001 3273 1184 3327 afferat
1230 3288 1259 3325 a
1300 3284 1485 3325 natura
1529 3279 1867 3339 comparatus

279 3376 390 3419 est.
425 3364 626 3419 Idcirco
653 3380 863 3434 sap.eus
902 3364 1112 3433 quidam
1144 3363 1244 3429 vir,
1278 3362 1365 3432 qui
1413 3362 1733 3432 voluptatem
1773 3374 1864 3413 ac-

278 3467 469 3512 curate
511 3457 774 3527 cognitam
817 3455 1034 3521 habuit,
1080 3465 1238 3526 atque
1273 3455 1340 3510 de
1382 3453 1463 3509 his
1504 3452 1862 3523 philosophari

280 3556 513 3616 poterat,
546 3547 758 3603 dicebat
788 3562 803 3601 :
832 3547 1013 3599 Anima
1050 3555 1276 3600 saturata
1300 3547 1427 3618 favis
1455 3543 1625 3598 illudit
1655 3544 1674 3614 (
1701 3541 1857 3596 Prov.

273 3636 369 3690 ΞΤ.
396 3634 469 3705 7)
493 3654 508 3703 ;
537 3644 595 3689 ιιι
619 3633 928 3689 ostenderet
971 3648 1075 3688 non
1105 3634 1157 3688 in
1188 3643 1373 3687 natura
1403 3632 1527 3697 cibi,
1565 3632 1657 3686 sed
1686 3632 1737 3684 in
1766 3645 1860 3685 ve-

272 3727 543 3781 scentium
587 3724 871 3779 affectione
898 3724 1224 3796 voluptatem
1254 3723 1568 3778 consistere.
1592 3720 1759 3788 Quam
1789 3719 1860 3774 ob

271 3834 494 3873 causam
525 3818 686 3873 etiam
712 3817 991 3888 propheta,
1029 3833 1150 3872 cum
1180 3817 1435 3871 miracula
1462 3815 1512 3868 iu
1545 3813 1774 3884 Egypto
1804 3821 1858 3867 et

273 3912 329 3964 in
359 3909 645 3964 solitudine
667 3909 806 3964 edita
845 3916 1151 3964 rceenscret
1172 3948 1187 3973 ,
1220 3909 1356 3961 inter
1382 3906 1484 3959 alia
1519 3906 1620 3959 hoc
1648 3918 1859 3974 quoque

271 4002 411 4056 dixit
441 4020 454 4055 :
484 4000 564 4056 De
592 4011 734 4072 petra
782 4000 930 4054 melle
972 4003 1211 4054 saturavit
1254 4016 1336 4053 eos
1376 3999 1394 4069 (
1432 3996 1577 4051 Psal.
1601 3997 1689 4052 80.
1718 3997 1782 4051 17
1812 3994 1853 4066 ).

272 4095 436 4162 Atqui
490 4108 750 4162 nusquam
797 4102 1017 4161 apparet
1074 4102 1278 4160 petram
1328 4092 1406 4146 eis
1449 4091 1552 4144 mel
1612 4089 1853 4145 fudisse:

269 4185 399 4253 quid
430 4201 558 4253 ergo
586 4194 669 4239 est
695 4185 839 4256 quod
861 4185 1034 4239 dixit?
1063 4185 1498 4254 Quandoquidem
1532 4185 1698 4238 multo
1723 4198 1857 4238 con-

269 4276 390 4329 fecti
415 4276 597 4331 labore
623 4285 676 4331 et
726 4278 952 4343 itinere,
975 4277 1386 4347 vehementique
1406 4274 1702 4345 iconllictati
1741 4276 1850 4341 siti,

268 4370 322 4422 iu
354 4369 572 4439 frigidas
597 4385 761 4439 aquas
793 4369 1131 4437 inciderunt,
1164 4378 1219 4425 et
1255 4385 1352 4439 pro
1387 4386 1577 4441 magna
1613 4370 1852 4424 oblecta-

266 4460 415 4513 tione
443 4459 744 4514 habuerunt
767 4459 973 4525 bibere,
1008 4469 1068 4515 ut
1093 4460 1420 4530 voluptatem
1445 4475 1700 4529 aquarum
1730 4460 1851 4513 illa-

266 4569 389 4605 rum
436 4560 864 4621 rcprrcsentaret,
905 4567 1094 4623 aquam
1117 4553 1331 4608 vocavit
1378 4553 1522 4619 mel,
1568 4568 1673 4606 non
1702 4551 1848 4622 quod

260 4643 383 4712 ejus
429 4652 614 4696 natura
662 4643 715 4697 in
769 4644 874 4697 mel
926 4654 1245 4699 commutata
1297 4642 1522 4707 fuisset,
1568 4642 1663 4698 sed
1709 4642 1849 4712 quod

258 4735 511 4803 voluptas
538 4750 687 4815 aquae
713 4743 941 4790 certaret
985 4751 1106 4790 cum
1148 4736 1235 4789 illa
1260 4735 1559 4801 dulcedine,
1585 4736 1707 4805 quia
1735 4735 1849 4789 siti-

257 4824 431 4879 bnndi
467 4826 520 4879 in
547 4842 662 4880 eam
704 4826 1120 4897 incidissentqui
1162 4828 1430 4883 biberunt.
1468 4827 1596 4895 Qua:
1624 4844 1742 4883 cum
1776 4829 1844 4882 ita

258 4920 391 4985 sint,
417 4935 680 4990 nemoque
709 4921 1074 4976 contradicere
1105 4921 1308 4992 possit,
1346 4922 1555 4977 etiamsi
1581 4922 1735 4976 valde
1777 4922 1846 4976 sit

256 5011 505 5080 stupidus
536 5029 550 5065 :
578 5026 757 5066 annon
784 5012 987 5066 clarum
1017 5023 1119 5078 est,
1153 5028 1359 5083 puram,
1388 5013 1637 5083 liquidam
1677 5022 1730 5067 et
1754 5028 1845 5084 ge-

256 5103 483 5157 nuinam
521 5102 852 5173 voluptatem
896 5106 1016 5158 esse
1066 5104 1119 5158 in
1173 5104 1373 5158 mensis
1422 5103 1749 5173 pauperum?
1787 5102 1839 5157 in

255 5195 461 5247 mensis
506 5204 682 5249 autem
710 5195 951 5260 divitum,
984 5194 1321 5261 molestiam,
1353 5192 1621 5249 fastidium
1644 5236 1658 5260 ,
1684 5209 1841 5263 spur-

252 5286 437 5339 citiem
461 5286 484 5338 ἲ
516 5293 676 5355 atquc
702 5295 757 5340 ut
800 5287 1012 5355 sapiens
1048 5286 1136 5340 ille
1157 5286 1239 5340 vir
1265 5284 1430 5352 dixit,
1457 5284 1630 5341 Etiam
1669 5284 1841 5339 dulcia

251 5377 540 5431 molestiam
569 5376 791 5448 praebere
828 5378 1058 5432 videntur
1094 5380 1112 5446 (
1149 5379 1300 5433 Prov.
1326 5379 1415 5434 27.
1446 5380 1521 5449 7).

325 5470 378 5525 9.
413 5469 465 5522 Ν
469 5486 553 5522 um
567 5470 833 5524 concilient
848 5470 1087 5524 honorem
1110 5472 1298 5526 divitia:
1320 5481 1367 5525 et
1405 5472 1472 5524 ad
1492 5472 1727 5526 ultionem
1741 5473 1836 5543 fa-

247 5570 397 5625 vent;
413 5560 654 5615 honorem
680 5561 790 5616 sola
819 5563 973 5615 virtus
1005 5564 1258 5617 conciliat.
1280 5592 1353 5604 —-
1372 5564 1440 5619 At
1460 5564 1675 5632 divitiae,
1698 5566 1839 5621 dicet

246 5654 534 5724 quispiam,
587 5654 788 5709 faciunt
813 5662 872 5709 ut
902 5671 1242 5725 possessores
1266 5672 1448 5712 earum
1480 5657 1832 5727 honorentur,

241 5756 404 5817 atque
425 5746 672 5801 inimicos
697 5746 878 5801 ulcisci
910 5748 1059 5802 facile
1089 5750 1312 5819 possint.
1341 5748 1700 5820 Proptereane
1734 5752 1834 5824 igi-

244 5849 347 5906 tur,
375 5840 459 5895 dic
482 5837 637 5905 mihi,
658 5839 962 5909 expetenda
997 5848 1048 5897 et
1075 5842 1321 5899 omnibus
1341 5843 1529 5915 Opibus
1546 5859 1609 5900 ac
1632 5846 1832 5911 viribus

1309 413 1491 481 QUOD
1528 408 1711 465 ΝΕΜο
1750 403 2075 461 ΙηιΕῐΜΤυῐί
2112 404 2239 461 Νιει
2281 408 2324 461 A
2364 406 2620 464 SEIPSO.

3480 415 3579 470 470

2004 524 2374 595 comparandae
2394 524 2544 579 vobis
2570 525 2814 580 videntur
2840 526 3058 593 divitiae,
3076 528 3216 600 quod
3241 529 3583 599 gravissimas

1999 612 2230 665 nutriant
2257 612 2309 666 in
2338 614 2489 669 nobis
2511 614 2870 685 aegritudines,
2913 616 3039 671 dum
3073 618 3202 672 iram
3241 617 3309 672 ad
3336 618 3580 675 cll‘ectum

1998 701 2310 771 perducunt,
2358 704 2600 758 insanum
2640 706 2823 775 glorize
2864 722 3102 763 amorem
3149 711 3298 779 quasi
3326 712 3581 781 quasdam

1998 794 2167 849 bullas
2213 795 2265 849 in
2297 796 2555 866 majorem
2602 806 2863 853 tumorem
2891 799 3135 867 ell‘crunt,
3181 802 3245 855 ad
3275 803 3581 872 superbiam

1996 886 2227 941 excitant
2248 896 2302 943 et
2339 889 2716 943 exstimulant?
2743 891 2849 944 llas
2871 906 2999 961 ergo
3038 876 3268 947 maxime
3293 894 3373 955 ob,
3391 910 3583 949 causas

1998 990 2073 1030 ea:
2100 992 2204 1031 non
2233 985 2534 1033 retroversa
2578 979 2714 1036 facie
2743 981 3004 1051 fugienda:
3034 993 3179 1052 sunt,
3208 986 3346 1055 quod
3377 987 3582 1041 feroces

1994 1069 2247 1138 quasdam
2274 1085 2337 1125 ac
2364 1086 2534 1127 stevas
2564 1072 2763 1128 bestias
2788 1074 2839 1128 in
2867 1076 3099 1130 animum
3136 1087 3374 1131 nostrum
3406 1079 3579 1133 intro-

1993 1158 2212 1224 ducunt,
2243 1175 2307 1215 ac
2334 1177 2458 1217 vera
2485 1163 2721 1235 quidem,
2752 1172 2808 1218 et
2836 1181 2953 1234 quae
2988 1166 3126 1234 apud
3151 1166 3426 1223 universos
3446 1184 3578 1223 con-

1993 1251 2159 1306 ciliari
2199 1253 2356 1318 solet,
2404 1255 2573 1324 gloria
2620 1270 2716 1310 nos
2760 1255 3024 1322 fraudant,
3075 1258 3230 1327 eique
3259 1262 3576 1315 contrariam

1992 1344 2264 1401 coloribus
2286 1346 2424 1401 illius
2445 1346 2675 1401 fucatam
2693 1346 2927 1417 deceptis
2945 1348 3188 1414 offerunt,
3207 1366 3266 1404 ac
3283 1353 3503 1406 suadent
3518 1363 3578 1405 ut

1994 1434 2128 1490 hanc
2151 1436 2295 1490 illam
2333 1453 2450 1491 esse
2479 1439 2866 1504 existimemus,
2898 1457 3017 1494 cum
3038 1456 3102 1495 ex
3133 1452 3315 1495 natura
3346 1459 3441 1498 sua
3469 1460 3575 1499 non

1990 1526 2078 1591 sit,
2111 1527 2204 1581 sed
2232 1528 2408 1596 specie
2436 1537 2590 1582 tenus
2617 1544 2737 1584 esse
2762 1529 3020 1584 videatur.
3054 1531 3123 1586 Ut
3160 1532 3303 1586 enim
3343 1534 3575 1602 pulchri-

1990 1615 2120 1670 tudo
2146 1619 2488 1673 meretricum
2527 1619 2661 1674 fucis
2687 1629 2741 1675 et
2778 1621 3064 1691 pigmentis
3090 1632 3414 1693 comparata,
3457 1614 3598 1693 pul-‘

1988 1696 2290 1763 claritudine
2335 1709 2619 1776 destituta,
2669 1720 2874 1781 turpem
2916 1728 2979 1767 ac
3034 1713 3327 1789 deformem
3386 1717 3572 1771 facient

1987 1797 2263 1866 pulchram
2299 1807 2354 1854 et
2391 1800 2681 1856 formosam
2707 1817 2829 1858 esse
2867 1804 2992 1858 facit
3035 1804 3164 1870 illis,
3207 1807 3296 1875 qui
3331 1822 3393 1861 ea
3429 1807 3573 1863 deei-

1984 1890 2214 1959 pinntnr,
2237 1907 2355 1946 cum
2373 1893 2592 1963 pulchra
2605 1909 2710 1950 non
2729 1896 2829 1950 sit:
2857 1896 2926 1950 ita
2956 1897 3115 1950 etiam
3133 1898 3331 1953 divitiae
3351 1899 3567 1967 faciunt,

1984 1997 2105 2036 cum
2149 1984 2506 2041 adulationem
2561 1988 2748 2042 volunt
2803 1988 3060 2045 honorem
3105 1980 3292 2045 videri.
3324 1991 3400 2046 Ne
3426 1993 3569 2047 enim

1983 2084 2198 2142 apertas
2245 2084 2301 2130 et
2339 2091 2406 2131 ex
2452 2087 2598 2133 metu
2652 2079 3030 2150 blanditiisque
3079 2082 3342 2151 profectas
3386 2084 3570 2139 laudes

1983 2163 2258 2232 intuearis,
2307 2167 2389 2221 ha:
2439 2169 2582 2222 enim
2626 2180 2750 2224 sunt
2794 2172 3005 2226 colores
3029 2182 3082 2226 et
3111 2173 3422 2243 pigmenta;
3472 2174 3567 2229 sed

1982 2269 2197 2322 eorum,
2230 2258 2319 2327 qui
2354 2258 2425 2313 ita
2481 2260 2572 2314 tibi
2626 2261 2928 2324 adulantur,
2987 2264 3398 2335 uniuscujusque
3433 2280 3566 2321 con-

1981 2347 2257 2401 scientiam
2294 2349 2463 2418 aperi,
2495 2359 2550 2405 et
2568 2350 2772 2407 videbis
2793 2353 3183 2408 intusinfinitos
3205 2364 3562 2422 accusatores,

1979 2438 2067 2507 qui
2102 2448 2288 2494 contra
2342 2450 2393 2496 te
2432 2442 2811 2509 vocifereutur,
2845 2454 3001 2516 teque
3041 2449 3208 2517 magis
3253 2461 3564 2504 aversentur

1980 2537 2033 2582 et
2057 2528 2289 2598 oderint,
2324 2548 2482 2603 quam
2530 2534 2884 2597 inimicissimi
2916 2546 2972 2593 et
2997 2538 3318 2594 infestissimi
3345 2542 3560 2611 quique.

1978 2618 2055 2672 Ac
2071 2619 2344 2689 siquando
2371 2623 2605 2678 indutam
2637 2626 2739 2680 isto
2761 2636 2901 2682 metu
2938 2628 3136 2683 larvam
3176 2632 3563 2700 Superveniens

1977 2713 2199 2764 mutatio
2225 2728 2401 2766 rerum
2424 2717 2700 2770 sustulerit
2724 2732 2786 2772 ac
2824 2719 3085 2774 dctexcrit
3113 2721 3559 2790 quemadmodum

1976 2804 2153 2858 vultus
2184 2804 2301 2859 illos
2322 2807 2401 2860 sol
2424 2807 2604 2864 missis
2622 2811 2782 2864 radiis
2802 2812 3161 2878 calidioribus,
3186 2822 3294 2868 tum
3322 2815 3399 2869 sic
3418 2816 3562 2869 clare

1974 2893 2178 2947 videbis
2209 2903 2260 2949 te
2283 2901 2428 2949 omni
2456 2900 2718 2967 superiori
2756 2910 3002 2971 tempore
3048 2904 3099 2958 in
3134 2907 3366 2960 maximo
3397 2907 3560 2962 fuisse

1973 2993 2281 3056 contemptu
2330 2989 2467 3056 apud
2500 3005 2594 3044 eos
2622 2993 2709 3061 qui
2741 3002 2793 3048 te
2820 2993 3088 3061 colebant,
3136 2996 3336 3065 tibique
3383 2998 3553 3051 visum

1974 3092 2093 3131 esse
2120 3077 2323 3133 honore
2352 3080 2491 3136 affici
2522 3082 2590 3136 ab
2634 3083 2696 3137 iis
2724 3086 2809 3153 qui
2840 3093 2891 3139 te
2935 3087 3164 3141 maxime
3202 3087 3440 3152 oderant,
3472 3088 3554 3143 iu-

1973 3169 2239 3240 fmitisque
2263 3171 2402 3241 apud
2430 3174 2666 3229 animum
2686 3177 2941 3232 conviciis
2970 3178 3398 3248 proscindebant,
3420 3190 3474 3235 et
3502 3182 3553 3235 in

1971 3262 2224 3317 extremis
2264 3264 2657 3323 calamitatibus
2712 3269 2892 3324 videre
2927 3271 3232 3339 cupiebant.
3283 3272 3551 3327 llonorem

1969 3354 2112 3407 enim
2137 3354 2266 3408 nihil
2292 3357 2362 3411 ita
2385 3359 2673 3414 conciliare
2693 3360 2850 3429 solet,
2871 3370 2927 3416 ut
2949 3363 3137 3428 virtus,
3162 3364 3417 3420 honorem
3444 3384 3550 3420 non

1967 3456 2231 3513 coactum,
2272 3448 2529 3504 honorem
2580 3466 2686 3507 non
2726 3453 2929 3521 fictum,
2990 3471 3162 3527 neque
3193 3457 3335 3511 larva
3374 3460 3548 3531 aliqua

1967 3534 2191 3592 fallaciae
2241 3547 2458 3606 tectum,
2506 3542 2599 3597 sed
2650 3558 2834 3598 verum
2890 3555 2944 3600 et
2981 3553 3304 3617 genuinum,
3353 3551 3551 3622 quique

1967 3630 2111 3682 nulla
2145 3641 2444 3700 temporum
2474 3633 2788 3690 difficultate
2814 3637 3093 3693 refutetur.

2040 3722 2121 3777 i0.
2160 3723 2239 3775 An
2268 3725 2479 3794 efﬁciant
2520 3726 2707 3781 divitia:
2734 3738 2789 3782 ut
2816 3729 2981 3784 hostes
3005 3732 3339 3798 ulciscantur;
3367 3749 3537 3788 exem~

1963 3813 2048 3882 pla
2073 3813 2260 3867 Lazari
2286 3826 2627 3886 paupertatem
2655 3819 2892 3873 vindicat.
2917 3850 2989 3861 --
3038 3825 3107 3876 At
3133 3822 3315 3877 ulcisci
3344 3823 3423 3877 vis
3450 3838 3546 3878 eos

1961 3907 2049 3974 qui
2082 3916 2132 3961 te
2157 3907 2541 3964 oﬂ‘enderunt?
2573 3909 2721 3966 Hanc
2751 3914 2917 3982 ipsam
2948 3915 3018 3968 ob
3041 3929 3253 3969 causam
3287 3915 3539 3981 maxime,

1960 3998 2404 4066 quemadmodum
2452 4011 2576 4056 ante
2603 4002 2731 4067 dixi,
2762 4001 3030 4074 fugiendae
3053 4015 3177 4058 sunt
3200 4004 3419 4059 divitiae.
3457 4004 3544 4057 lif-

1962 4088 2142 4144 ficiuut
2160 4091 2324 4157 enim,
2346 4102 2402 4148 ut
2422 4108 2604 4148 ensem
2632 4095 2685 4148 in
2717 4096 2940 4165 teipsum
2963 4096 3166 4167 adigas,
3186 4106 3239 4150 et
3266 4097 3542 4167 graviores

1959 4181 2011 4235 in
2039 4183 2215 4238 futuro
2235 4186 2469 4240 rationes
2490 4186 2582 4240 tibi
2611 4187 2860 4253 reddunt,
2883 4198 2937 4242 et
2966 4186 3328 4243 intolerabiles
3353 4204 3543 4258 poenas

1960 4286 2166 4344 parant.
2204 4277 2431 4333 Tantum
2480 4295 2709 4350 namque
2752 4281 2948 4335 malum
2995 4289 3077 4335 est
3109 4281 3261 4346 ultio,
3291 4290 3348 4335 ut
3377 4283 3540 4335 etiam

1958 4366 2053 4422 Dei
2084 4370 2465 4441 benignitatem
2502 4375 2856 4439 revocaverit,
2884 4382 2938 4427 et
2958 4375 3069 4443 jam
3091 4374 3268 4428 datam
3304 4374 3538 4428 infinito-

1957 4477 2072 4514 rum
2106 4474 2444 4530 peccatorum
2472 4465 2679 4519 veniam
2708 4465 2896 4520 fecerit
2916 4466 3140 4520 irritam.
3174 4466 3303 4519 Nam
3335 4466 3421 4534 qui
3453 4467 3538 4519 de-

1954 4553 2063 4607 cies
2094 4554 2239 4607 mille
2272 4555 2592 4621 talentorum
2647 4556 3093 4610 condonationem
3120 4556 3364 4625 adeptus,
3403 4556 3537 4607 sola-

1953 4659 2054 4713 que
2071 4644 2425 4699 obtestatione
2451 4653 2648 4699 tantam
2679 4647 3294 4714 gratiamoeonsequutus
3339 4644 3531 4709 fuerat,

1951 4749 2070 4788 cum
2099 4743 2310 4789 centum
2359 4735 2606 4789 denarios
2634 4736 2869 4805 exigeret
2909 4748 3237 4800 aconservo,
3285 4734 3384 4789 hoc
3429 4746 3528 4801 est,

1951 4840 2073 4880 cum
2112 4825 2427 4881 delictorum
2473 4825 2733 4882 adversus
2761 4840 2820 4879 se
2844 4825 3199 4879 admissorum
3232 4842 3419 4895 pmnas
3450 4843 3532 4881 re-

1952 4927 2240 4987 posceret,
2293 4918 2498 4974 smvitia
2542 4933 2668 4989 erga
2711 4932 3028 4972 conservum
3083 4933 3236 4971 suum
3296 4918 3530 4986 scipsum

1947 5011 2220 5067 damnavit
2266 5012 2285 5085 (
2311 5010 2497 5065 Matth.
2533 5011 2598 5065 l8
2629 5011 2648 5081 )
2673 5026 2688 5076 ;
2717 5026 2888 5080 neque
2910 5025 3045 5065 vero
3067 5010 3227 5065 ullam
3249 5012 3405 5064 aliam
3433 5013 3546 5065 nisi.

1948 5105 2085 5161 hanc
2110 5106 2178 5160 ob
2205 5121 2317 5161 rem
2346 5106 2635 5160 tortoribus
2668 5104 2914 5171 traditus,
2940 5112 2994 5158 et
3033 5105 3320 5168 cruciatus,
3367 5115 3421 5159 et
3450 5106 3530 5159 de-

1944 5199 2053 5253 cies
2093 5199 2236 5253 mille
2263 5198 2459 5252 talenta
2514 5198 2742 5253 reddere
2773 5196 2954 5266 jussus
2982 5205 3064 5251 est
3089 5216 3101 5251 :
3130 5200 3331 5252 nullum
3362 5200 3533 5253 venia-

1944 5299 2035 5345 aut
2088 5290 2449 5345 excusationis
2496 5290 2670 5344 locum
2711 5289 2933 5355 invenit,
2973 5290 3067 5344 scd
3116 5290 3529 5344 acerbissimum

1905 5380 1912 5391 '
1945 5384 2260 5454 supplicium
2304 5397 2590 5452 perpessus
2614 5392 2717 5447 est,
2739 5381 2923 5452 jussus
2949 5393 3118 5443 totum
3147 5384 3357 5437 solvere
3379 5383 3527 5437 dehi—

1944 5483 2076 5543 tum,
2100 5476 2239 5544 quod
2270 5474 2602 5545 przevenieus
2630 5475 2720 5530 Dei
2762 5475 3059 5547 benignitas
3103 5474 3521 5530 condonarent.

1942 5568 2305 5639 Prolitereane
2335 5568 2493 5637 igitur
2519 5567 2822 5623 divitiarum
2863 5568 2997 5623 adeo
3020 5569 3245 5637 cupidus
3268 5582 3346 5631 es,
3378 5567 3519 5635 quod

1943 5670 1994 5716 te
2026 5662 2179 5715 facile
2208 5659 2275 5715 ad
2305 5659 2568 5731 ejusmodi
2599 5669 2874 5730 peccatum
2904 5658 3240 5729 perducunt?
3268 5658 3429 5728 Atqui
3450 5658 3520 5713 ob

1940 5754 1993 5808 id
2011 5770 2089 5810 ea:
2119 5763 2387 5825 tamquam
2417 5754 2645 5809 inimicat
2670 5762 2725 5809 et
2756 5753 2961 5820 hostes,
2992 5763 3151 5823 atque
3179 5750 3398 5808 inﬁnitis
3435 5767 3523 5806 re-

1940 5848 2090 5905 ferta:
2116 5849 2370 5914 caedilms,
2395 5846 2699 5906 aversanda:
2719 5857 2861 5904 sunt.
2888 5846 2957 5903 At
2993 5854 3294 5919 paupertas,
3324 5845 3518 5919 inquit,
