4036 6392
501 366 594 426 ΠΙ

496 483 765 538 molestias
786 492 950 544 creat,
995 496 1059 534 ac
1103 495 1242 549 smpe
1272 481 1430 533 etiam
1463 477 1606 541 facit,
1643 489 1700 530 ut
1729 476 1985 530 maledica
2012 476 2065 530 in

498 577 662 630 [leum
692 575 850 628 verba
878 571 1103 636 cllutias,
1143 586 1205 624 ac
1243 569 1516 624 illiberalia
1557 568 1762 637 negotia
1789 567 2067 634 suscipias.

498 668 610 720 Non
642 673 942 734 paupertas,
989 661 1081 716 sed
1111 659 1514 731 pusillanimitas
1543 677 1556 713 :
1585 675 1706 712 nam
1743 666 1799 713 et
1844 658 2071 712 Lazarus

498 772 699 825 panper
728 763 860 819 erat,
890 763 942 807 et
981 752 1266 806 admodum
1311 751 1526 820 quidem
1569 751 1802 819 pauper(
1829 748 1950 802 Luc.
1983 748 2069 801 16.

499 850 569 901 9.0
599 850 662 917 );
711 845 1003 916 paupertati
1048 843 1334 898 accedebat
1371 841 1591 895 adversa
1637 840 1886 895 valetudo
1928 838 2071 893 omni

499 946 800 1008 paupertate
835 937 1096 1001 acerbior,
1125 951 1243 1004 qum
1265 943 1626 1003 paupertatem
1650 949 1857 1002 quoque
1887 932 2075 986 redde-

498 1034 580 1082 bat
609 1031 937 1098 graviorem;
971 1027 1208 1082 adversa:
1229 1026 1514 1082 valetudini
1537 1026 1764 1080 solitudo
1781 1037 1832 1080 et
1859 1028 2074 1094 penuria

498 1137 702 1183 eorum,
727 1120 814 1189 qui
859 1119 1244 1182 ministrarent,
1270 1134 1385 1186 qua:
1413 1132 1530 1170 cum
1559 1126 1938 1186 paupertatem,
1965 1125 2074 1168 tum

497 1212 775 1265 adversam
819 1209 1170 1263 valetudinem
1218 1208 1442 1263 faciebat
1489 1208 1833 1261 acerbiorem.
1877 1207 2075 1260 llorum

499 1317 727 1368 namque
743 1300 945 1369 singula
971 1314 1064 1368 per
1087 1314 1143 1353 se
1157 1312 1368 1368 quoque
1389 1299 1608 1352 molesta
1623 1307 1744 1350 sunt
1769 1313 1781 1360 ;
1809 1311 1927 1350 cum
1951 1311 2077 1349 vero

501 1408 673 1460 neque
713 1393 799 1460 qui
848 1391 1169 1454 ministrent,
1225 1388 1440 1455 adsunt,
1479 1387 1651 1456 major
1689 1389 1743 1439 lit
1785 1387 2075 1446 calamitas,

503 1485 696 1537 saevior
742 1484 976 1546 llamma,
1023 1481 1176 1535 dolor
1206 1480 1465 1544 acerbior,
1505 1488 1788 1547 tempestas
1825 1480 2076 1543 atrocior,

504 1576 694 1629 ﬂuctus
712 1575 1156 1635 vehementiores,
1177 1571 1412 1626 caminus
1430 1569 1718 1624 ardentior.
1737 1569 1884 1636 Quod
1902 1570 1945 1623 si
1963 1570 2081 1637 quis

504 1678 751 1721 accurate
775 1667 1184 1735 circumspiciat,
1231 1663 1373 1718 aliud
1401 1664 1558 1716 etiam
1591 1661 1673 1715 his
1701 1671 1944 1731 quartum
1989 1675 2080 1714 ac-

505 1758 748 1820 cedebat,
780 1772 971 1825 nempe
1009 1755 1187 1810 divitis
1225 1755 1277 1809 in
1318 1754 1508 1808 vicinia
1544 1752 1830 1807 habitantis
1869 1751 2081 1806 licentia

505 1858 560 1901 et
582 1849 759 1900 luxus.
791 1848 884 1901 Sin
912 1846 1053 1901 aliud
1083 1847 1242 1900 etiam
1276 1846 1518 1916 quintum
1545 1843 1624 1897 vis
1649 1842 1911 1907 invenire,
1941 1841 2082 1895 llam-

508 1958 606 1994 mte
637 1941 774 1994 illius
801 1939 1058 2003 fomitem,
1090 1939 1140 1992 id
1162 1952 1373 2008 quoque
1396 1938 1446 1991 in
1465 1952 1529 1991 eo
1549 1936 1829 2006 perspicue
1856 1933 2082 1989 videbis.

506 2033 621 2086 Non
653 2034 788 2086 enim
814 2033 1094 2086 dumtaxat
1142 2033 1297 2101 genio
1331 2030 1634 2098 indulgebat
1661 2028 1811 2082 dives
1853 2028 1962 2091 ille,
1992 2043 2086 2080 ve-

509 2141 624 2176 rum
648 2125 806 2178 etiam
850 2124 950 2178 etsi
991 2125 1202 2188 iterum,
1237 2125 1474 2186 tertium,
1512 2121 1618 2175 imo
1645 2135 1771 2174 vero
1800 2121 1994 2188 smpius
2033 2120 2084 2171 in

507 2214 595 2268 die
624 2231 744 2267 cum
778 2214 1024 2268 videbat:
1051 2214 1198 2282 juxta
1255 2213 1551 2281 ingressum
1595 2225 1822 2278 namque
1854 2210 2082 2278 iacebat,

511 2305 867 2374 spectaculum
891 2305 1062 2357 dirum
1102 2303 1418 2357 miserabilis
1451 2302 1776 2370 tragcedim',
1810 2299 1970 2369 etqui
1999 2313 2088 2352 as-

513 2404 669 2464 pectu
690 2396 804 2450 solo
827 2395 906 2448 vel
931 2394 1192 2463 lapideum
1207 2403 1393 2462 pectus
1407 2401 1612 2462 poterat
1627 2392 1893 2446 emollire:
1914 2402 2090 2443 tamen

519 2504 687 2556 neque
717 2490 816 2542 hoc
845 2487 1188 2541 inlmmanum
1221 2486 1364 2539 illum
1385 2485 1450 2538 ad
1483 2500 1597 2540 cam
1626 2492 1986 2554 paupertatem
2018 2482 2090 2535 le-

517 2581 741 2634 vandam
783 2581 1042 2650 permovit
1085 2597 1098 2634 :
1141 2579 1232 2634 sed
1277 2579 1363 2632 ille
1413 2577 1750 2648 sybariticam
1796 2573 2092 2644 apponebat

517 2687 779 2736 mensam,
811 2681 1044 2725 crateras
1080 2670 1308 2724 habebat
1352 2669 1555 2740 plenas,
1588 2683 1792 2722 merum
1823 2667 1967 2736 large
1993 2665 2092 2719 dif-

517 2761 869 2827 fundeudum,
910 2762 1104 2815 nitidos
1127 2777 1413 2830 coquorum
1439 2760 1724 2824 exercitus,
1756 2758 2014 2828 parasitos
2041 2768 2094 2811 et

517 2852 817 2905 adulatores
845 2853 1011 2920 prima
1037 2852 1173 2914 luce,
1204 2861 1258 2904 et
1291 2851 1485 2904 choros
1507 2850 1828 2914 canentium,
1860 2848 1978 2902 vina
2011 2847 2093 2900 in—

519 2943 862 3003 fumlentium,
894 2943 1032 2996 risus
1080 2943 1399 2995 moventium
1431 2958 1444 2991 :
1473 2955 1630 2994 omne
1677 2955 1843 3010 genus
1889 2938 2094 2993 hellua-

520 3033 676 3086 tionis
709 3034 1058 3102 excogitabat,
1114 3032 1498 3095 inebriabatur,
1551 3030 1986 3101 ingurgitabatur,
2043 3029 2092 3081 in

518 3123 646 3176 luxu
664 3123 910 3187 vestium,
942 3138 1138 3177 mensae
1163 3123 1490 3192 aliarumque
1515 3121 1738 3190 plurium
1780 3134 1955 3174 rerum
1981 3134 2098 3187 per-

518 3226 680 3285 pettto
705 3214 938 3268 vivebat.
970 3213 1130 3266 Istum
1170 3227 1314 3278 vero,
1343 3229 1499 3283 quem
1543 3213 1688 3283 gravi
1719 3211 1878 3273 fame,
1911 3210 2097 3268 morbo

520 3305 883 3370 acerbissimo,
935 3305 1208 3359 obsidione
1249 3313 1325 3359 tot
1376 3303 1635 3368 ulcerum,
1684 3301 1984 3364 solitudine,
2044 3310 2098 3355 et

523 3396 674 3449 malis
700 3395 822 3450 inde
851 3395 1293 3464 consequentibus
1333 3394 1384 3448 in
1411 3394 1524 3449 dies
1551 3393 1786 3464 singulos
1811 3393 1979 3464 premi
2021 3394 2100 3446 vi-

522 3489 701 3551 debat,
727 3503 794 3543 ne
824 3489 1134 3542 inanimum
1163 3487 1371 3557 quidem
1412 3487 1696 3558 aliquando
1720 3485 1930 3540 admisit
1962 3503 1975 3540 :
2009 3501 2100 3554 pa-

523 3581 670 3635 rasiti
691 3589 743 3634 et
766 3579 1068 3634 adulatores
1082 3581 1257 3635 nimiis
1271 3580 1440 3650 epulis
1462 3595 1597 3650 pene
1612 3578 2096 3649 disrumpebantur;
2123 3623 2126 3632 .

521 3682 577 3726 at
603 3673 701 3726 iste
726 3687 946 3742 pauper,
972 3681 1024 3727 et
1052 3671 1184 3726 adeo
1215 3687 1432 3741 pauper,
1466 3679 1542 3725 tot
1571 3670 1722 3725 malis
1747 3670 1971 3732 cinctus,
2001 3685 2102 3724 nec

521 3763 686 3818 micas
725 3779 792 3816 ex
849 3763 934 3817 illa
971 3777 1153 3816 mensa
1183 3763 1441 3825 obtinuit,
1487 3762 1584 3816 etsi
1626 3761 1778 3816 valde
1828 3760 2050 3829 cupidus
2082 3777 2096 3814 :

525 3870 695 3924 neque
726 3855 912 3908 horum
960 3855 1242 3924 quidquam
1265 3869 1385 3908 eum
1415 3854 1566 3918 lmsit,
1597 3869 1702 3907 non
1729 3851 1946 3907 verbum
1976 3867 2100 3922 pro-

526 3949 643 4000 tulit
667 3949 968 4016 asperum',
999 3962 1102 4001 non
1150 3961 1334 4001 vocem
1376 3945 1541 4001 edidit
1569 3944 1933 4014 blaSphemam
1965 3963 1980 3998 :
2007 3943 2100 3997 sed

527 4047 585 4091 ut
626 4052 812 4092 aurum
873 4036 1270 4092 vehementiore
1318 4036 1561 4090 incendio
1614 4035 1780 4105 magis
1826 4043 2100 4104 purgatum

528 4128 869 4196 splendescit,
899 4129 979 4182 sic
1002 4129 1159 4182 etiam
1193 4128 1280 4181 ille
1303 4127 1676 4182 afﬂictionibus
1720 4126 1835 4180 istis
1860 4134 2100 4191 vexatus,

527 4217 773 4271 erunibus
797 4217 895 4271 fuit
929 4217 1170 4286 superior
1197 4227 1302 4271 tam
1351 4217 1538 4287 plagis,
1570 4232 1749 4286 quam,
1781 4232 1898 4286 qua:
1925 4216 2104 4270 multis

533 4317 818 4362 nascuntur
864 4309 1007 4373 inde,
1058 4309 1562 4378 perturbationibus.
1608 4309 1664 4364 Si
1701 4309 1842 4362 enim
1886 4309 2105 4370 omnino

530 4413 809 4469 pauperes,
837 4414 956 4454 cum
1005 4399 1196 4454 divites
1229 4399 1428 4466 vident,
1479 4400 1752 4454 tabescunt
1793 4398 2007 4461 invidia,
2053 4407 2106 4453 et

529 4492 866 4546 arinulatione
894 4490 1262 4555 conficiuntur,
1311 4506 1375 4545 ac
1397 4491 1556 4544 vitam
1613 4490 1714 4545 sibi
1743 4505 1846 4544 non
1874 4505 1994 4545 esse
2023 4490 2106 4542 vi-

531 4584 688 4636 talem
719 4583 1042 4647 existimant,
1095 4581 1252 4651 idque
1295 4597 1414 4634 cum
1460 4583 1788 4635 necessarius
1833 4581 1909 4634 eis
1938 4581 2107 4634 victus

531 4677 782 4744 suppetit,
815 4689 1018 4730 necnon
1040 4675 1127 4744 qui
1155 4674 1460 4729 ministrent
1487 4690 1499 4727 :
1533 4673 1630 4727 iste
1657 4687 1873 4741 pauper,
1911 4681 1967 4726 et
1993 4672 2110 4740 qui-

531 4766 651 4821 dem
681 4782 879 4836 pauper
907 4777 961 4822 ut
989 4768 1162 4822 nullus
1181 4767 1334 4833 alios,
1369 4781 1466 4821 nec
1495 4781 1693 4836 pauper
1721 4765 1900 4830 modo,
1924 4779 2107 4819 verum

534 4844 691 4910 etiam
721 4871 880 4926 mger,
905 4859 1098 4928 quique
1123 4875 1228 4913 non
1260 4859 1488 4913 habebat
1516 4859 1602 4928 qui
1633 4857 1866 4912 adstaret
1909 4865 1999 4910 aut
2024 4872 2111 4911 so-

538 4949 718 5002 latium
745 4949 912 5010 daret,
932 4950 1024 5004 sed
1056 4951 1105 5005 in
1135 4950 1304 5005 media
1339 4951 1472 5004 urbe
1497 4951 1643 5004 velut
1679 4950 1730 5002 in
1756 4957 1991 5003 extrema
2030 4949 2112 5017 ja-

536 5040 689 5093 cebat
742 5040 1041 5106 solitudine,
1073 5042 1208 5097 fame
1259 5041 1562 5096 tabescebat
1605 5041 1982 5105 acerbissima,
2039 5040 2110 5094 illi

537 5132 712 5184 omnia
759 5140 1019 5199 tamquam
1051 5149 1114 5188 ex
1166 5135 1394 5188 fontibus
1441 5133 1660 5187 afﬂuere
1703 5133 1929 5195 videbat,
1967 5133 2110 5186 omni

477 5217 491 5233 ’
543 5225 773 5276 humano
795 5224 984 5277 solatio
1003 5223 1303 5288 destitutus,
1325 5224 1715 5294 cauumlingnis
1739 5241 1837 5280 ceu
1862 5233 2113 5294 perpetua

541 5312 780 5381 quazdam
836 5329 1018 5368 mensa
1067 5317 1364 5383 propositus
1425 5316 1543 5387 (ita
1594 5317 1735 5370 enim
1778 5317 1952 5368 omnia
1999 5315 2114 5381 ejus

543 5406 776 5462 membra
812 5406 985 5460 luxata
1012 5422 1074 5461 ac
1095 5407 1345 5462 dissoluta
1377 5417 1546 5472 erant,
1571 5417 1627 5462 ut
1663 5423 1758 5462 nec
1788 5409 1904 5460 illos
1931 5422 2114 5461 arcere

544 5498 786 5566 posset),
815 5513 970 5566 quam
1001 5498 1181 5566 iniquo
1210 5498 1387 5551 animo
1419 5498 1620 5563 fuisset,
1651 5499 1747 5552 nisi
1773 5499 1922 5552 valde
1949 5513 2114 5566 gene-

543 5604 697 5644 rosus
724 5605 788 5643 ac
807 5591 1018 5658 sapiens
1042 5589 1370 5645 exstitisset?
1393 5588 1596 5654 Cernis,
1625 5592 1792 5660 quise
1811 5607 1914 5645 non
1938 5589 2114 5656 laedat,

609 5729 626 5795 ξ
662 5731 788 5795 tinus
811 5731 946 5795 Reg...
970 5722 1294 5788 spectaculum
1315 5738 1446 5789 (egre
1467 5725 1872 5795 conspiciendum.

609 5787 626 5816 ³
662 5792 777 5844 Duo,
799 5785 916 5836 nihil
937 5785 1018 5838 aut
1039 5798 1243 5851 partum:
1264 5795 1344 5837 aut
1358 5785 1595 5856 'magnum
1619 5787 1798 5838 locutus
1821 5793 1905 5839 est.

1244 366 1298 421 S.
1338 365 1612 421 JOANNIS
1649 360 2120 418 CIIRYSOSTOMI
2159 361 2472 420 ARClllEP.
2511 365 3042 446 CONSTANTINOP.

3657 378 3750 430 47‘!

2181 477 2279 531 etsi
2310 476 2379 531 ab
2401 479 2648 534 omnibus
2684 479 2924 546 laedatur,
2950 479 3079 534 nihil
3107 480 3226 535 mali
3253 483 3452 554 perpeti
3478 484 3502 537 ?
3528 497 3751 555 repetam

2176 566 2317 624 enim
2348 567 2588 623 eamdem
2617 569 2935 625 orationem.

2248 658 2335 712 ll.
2376 657 2515 723 Quid
2544 673 2770 728 namque
2791 659 3014 714 adversa
3042 660 3329 718 valetudo?
3355 663 3486 732 quid
3530 663 3756 719 solitudo

2176 763 2361 803 eorum
2407 749 2496 819 qui
2536 749 3002 821 adstarent?quid
3047 766 3293 808 accessus
3341 753 3593 809 canum?
3637 757 3757 825 quid

2177 842 2319 896 mala
2345 842 2524 897 divitis
2554 844 2796 897 vicinitas
2822 844 2846 898 ?
2875 844 3000 914 quid
3050 861 3273 915 magnus
3313 846 3493 912 luxus,
3521 849 3759 918 superbia

2151 989 2156 994 _
2178 943 2230 986 et
2249 933 2547 1000 arrogantia
2575 932 2714 986 illius
2739 933 2953 988 athleta:
2979 934 3101 988 huic
3130 935 3470 990 nocuerunt?
3499 953 3624 990 num
3647 954 3758 993 eum
3822 971 3830 990 -.

2178 1026 2244 1080 ad
2271 1025 2578 1081 sustinenda
2600 1041 2697 1096 pro
2728 1027 2921 1080 virtute
2953 1027 3241 1081 certamina
3268 1027 3618 1084 reddiderunt
3639 1029 3766 1082 mol-

2179 1117 2404 1172 liorem?
2429 1117 2557 1186 quid
2602 1131 2730 1172 vero
2760 1117 3113 1171 constantiam
3146 1117 3262 1186 ejus
3309 1118 3478 1172 lmsit?
3511 1117 3650 1172 Nihil
3683 1135 3764 1172 ns-

2180 1225 2357 1279 quam,
2388 1209 2480 1264 sed
2513 1225 2632 1264 eum
2659 1211 2820 1264 etiam
2845 1211 3012 1280 magis
3035 1211 3426 1275 corroboravit,
3459 1220 3514 1264 et
3537 1211 3764 1264 infinita-

2181 1316 2298 1354 rum
2356 1301 2405 1354 ei
2450 1304 2670 1354 materia
2721 1315 3062 1365 coronarum,
3115 1301 3351 1356 accessio
3403 1301 3760 1370 praemiorum,

2182 1393 2563 1446 incrementum
2582 1392 2865 1458 mercedis,
2894 1407 3049 1462 seges
3080 1392 3294 1462 majoris
3322 1394 3763 1448 remunerationis

2183 1485 2384 1538 exstitit
2410 1484 2497 1538 illa
2537 1485 2798 1538 malorum
2826 1483 3128 1549 multitudo,
3158 1483 3440 1552 divitisque
3460 1483 3761 1538 crudelitas.

2183 1573 2364 1643 Neque
2393 1574 2533 1628 enim
2560 1574 2630 1628 ob
2675 1582 3040 1644 paupertatem
3085 1583 3370 1628 coronatus
3414 1583 3504 1629 est
3546 1583 3762 1639 tantum,

2186 1681 2356 1736 neque
2381 1666 2450 1720 ob
2476 1665 2690 1732 famem,
2723 1681 2895 1737 neque
2922 1665 2992 1720 ob
3043 1666 3242 1732 ulcera,
3271 1681 3444 1736 neque
3473 1667 3544 1721 ob
3573 1667 3765 1738 linguas

2184 1774 2397 1822 canum,
2429 1758 2520 1813 sed
2545 1759 2685 1828 quod
2707 1759 2863 1812 talem
2892 1759 3118 1812 vicinum
3133 1773 3253 1812 cum
3275 1759 3517 1825 haberet,
3538 1773 3567 1812 a
3593 1774 3694 1829 quo
3717 1759 3764 1812 in

2186 1850 2301 1903 dies
2325 1849 2651 1918 aspiceretur
2678 1859 2730 1903 et
2746 1848 3112 1917 despiceretur
3140 1857 3418 1917 perpetuo,
3449 1863 3570 1902 eam
3601 1858 3762 1902 tenta-

2190 1942 2388 1996 tionem
2419 1955 2680 2010 generoso
2714 1941 2891 1994 tulerit
2924 1941 3103 1994 animo
3131 1955 3428 2010 magnath
3455 1939 3764 2006 constantia,

2189 2048 2307 2102 qua:
2333 2031 2544 2102 quidem
2574 2032 2796 2086 tentatio
2821 2039 2876 2085 et
2904 2031 3198 2099 paupertati
3221 2038 3276 2084 et
3297 2029 3544 2084 adversa:
3569 2030 3764 2083 valetu-

2189 2125 2320 2190 dini,
2354 2133 2408 2179 et
2435 2122 2706 2178 solitudini
2736 2137 2840 2177 non
2869 2122 3134 2192 exiguam,
3161 2121 3253 2176 sed
3279 2121 3598 2176 acerrimam
3628 2118 3767 2173 llam-

2191 2231 2331 2269 mam
2354 2213 2601 2269 addebat.

2261 2305 2562 2376 Ampliﬁcat
2590 2305 2815 2359 eamdem
2840 2303 3137 2358 sententiam
3167 2300 3394 2371 exemplo
3425 2299 3585 2354 Pauli
3614 2308 3766 2354 osten-

2193 2397 2316 2450 dens
2341 2397 2586 2449 neminem
2612 2395 2674 2449 ab
2691 2393 3038 2465 afﬂictionibus
3058 2391 3410 2459 (cedi—Quid
3438 2407 3570 2446 vero
3595 2391 3767 2446 beatus

2195 2488 2414 2553 Paulus,
2445 2486 2530 2542 dic
2559 2486 2724 2540 mihi?
2749 2485 2878 2539 nihil
2909 2485 3050 2538 enim
3077 2482 3324 2554 prohibet
3367 2483 3564 2536 iterum
3591 2481 3766 2536 memi-

2195 2580 2339 2634 nisse
2370 2579 2488 2632 viri.
2540 2579 2732 2632 Annon
2761 2576 2996 2630 infinitos
3016 2575 3366 2629 tentationum
3398 2582 3668 2643 tamquam
3693 2572 3767 2626 ni-

2193 2672 2335 2725 vium
2360 2670 2554 2725 imbres
2583 2668 2869 2724 sustinuit?
2889 2667 3024 2734 Quid
3048 2681 3174 2736 ergo
3202 2664 3325 2720 tnde
3341 2665 3524 2720 damni
3545 2663 3764 2730 accepit?

2196 2764 2385 2816 Annon
2411 2771 2686 2832 propterea
2711 2759 3002 2829 majoribus
3021 2757 3248 2812 donatus
3285 2766 3367 2811 est
3385 2757 3622 2822 coronis,
3638 2753 3764 2826 quod

2195 2853 2488 2913 csuriisset,
2537 2850 2678 2920 quod
2712 2851 2892 2920 algore
2940 2863 3002 2904 ac
3033 2848 3272 2902 nuditate
3309 2846 3606 2912 confectus,
3638 2845 3765 2916 quod

2196 2944 2510 2998 verberibus
2569 2957 2936 3012 sarpenumero
2981 2941 3227 2996 concisus
3255 2980 3270 3004 ,
3319 2938 3461 3010 quod
3520 2938 3766 3010 lapidibus

2198 3036 2481 3103 appetitus,
2526 3034 2668 3104 quod
2715 3035 2766 3087 in
2815 3048 2961 3087 mare
3004 3031 3283 3087 demersus
3338 3030 3562 3085 fuisset?
3597 3028 3766 3084 Atille

2199 3124 2394 3179 Paulus
2419 3135 2551 3187 erat,
2585 3125 2775 3193 inquit,
2803 3131 2857 3176 et
2878 3131 3096 3175 vocatus
3121 3136 3149 3174 a
3177 3121 3409 3175 Christo.
3435 3119 3598 3188 Atqui
3616 3117 3766 3193 _Judas

2197 3219 2410 3275 quoque
2442 3216 2576 3257 unus
2615 3190 2729 3254 erat
2757 3213 2822 3252 ex
2849 3197 3152 3258 duodecim,
3183 3198 3400 3245 vocatus
3421 3193 3584 3242 etiam
3612 3190 3715 3254 ipse
3739 3195 3765 3234 a

2191 3298 2442 3361 Christo;
2472 3308 2654 3348 verum
2679 3305 2850 3360 neque
2867 3286 3006 3358 quod
3035 3293 3178 3340 esset
3193 3299 3258 3337 ex
3288 3279 3592 3342 duodecim,
3610 3289 3766 3345 neque

2193 3391 2401 3446 vocatio
2428 3384 2625 3441 Christi
2673 3382 2959 3454 quidquam
3012 3378 3060 3432 ei
3105 3374 3319 3445 profuit,
3367 3372 3618 3442 quoniam
3661 3365 3767 3422 ani.-

2195 3497 2340 3538 mum
2370 3479 2436 3534 ad
2465 3478 2712 3532 virtutem
2743 3481 2982 3545 paratum
3012 3483 3118 3524 non
3155 3465 3402 3520 habebat.
3440 3461 3553 3516 Sed
3591 3457 3770 3515 Paulus

2195 3574 2411 3647 quidem
2442 3581 2496 3627 et
2521 3585 2641 3624 cum
2671 3571 2809 3623 fame
2832 3565 3060 3627 luctans,
3088 3569 3142 3616 et
3167 3557 3468 3614 necessario
3495 3565 3656 3625 egens
3679 3547 3770 3601 ali-

2196 3677 2400 3733 mento,
2419 3674 2472 3720 et
2493 3671 2635 3718 tanta
2666 3662 2718 3716 in
2745 3661 2860 3715 dies
2882 3657 3115 3726 singulos
3132 3651 3424 3724 perferens,
3447 3660 3639 3717 magna
3661 3655 3770 3697 cum

2197 3759 2473 3814 alacritate
2517 3754 2656 3808 viam
2713 3765 2832 3822 qua:
2881 3747 2947 3802 ad
2989 3745 3176 3800 caelum
3216 3741 3383 3807 ducit,
3415 3736 3772 3822 currebatzat

2200 3851 2292 3906 ille
2312 3860 2367 3905 et
2385 3857 2510 3902 ante
2536 3845 2677 3899 hunc
2697 3819 2938 3905 vocatus,
2958 3846 3011 3893 et
3029 3836 3237 3898 iisdem,
3262 3829 3452 3902 quibus
3473 3828 3608 3898 ipse,
3632 3819 3769 3879 bonis

2200 3943 2660 4012 potius,suprema
2679 3930 3021 4006 philosophia
3045 3927 3310 3988 initiatus,
3326 3921 3592 3993 particeps
3633 3927 3771 4015 meu-

2200 4050 2276 4091 δίε
2314 4047 2481 4090 εδει-ω
2506 4045 2582 4092 _ac
2609 4025 2900 4083 tremendae
2926 4021 3067 4076 illius
3112 4030 3300 4080 coenae,
3336 4021 3534 4068 tantam
3564 4015 3770 4079 gratiam

2203 4129 2446 4198 adeptus,
2496 4131 2554 4176 ut
2590 4121 2750 4175 etiam
2781 4124 3023 4172 mortuos
3063 4110 3339 4172 excitaret,
3370 4106 3611 4198 leprosos
3637 4109 3774 4152 mun-

2202 4195 2377 4279 daret,
2401 4225 2456 4271 et
2484 4214 2756 4269 daemonas
2782 4205 3095 4278 expelleret,
3123 4199 3329 4257 crebris
3375 4195 3443 4250 de
3481 4195 3771 4263 paupertate

2203 4309 2539 4368 sermonibus
2585 4304 2799 4369 auditis,
2838 4310 2946 4355 tam
2997 4296 3088 4352 diu
3135 4301 3373 4348 versatus
3402 4301 3528 4342 cum
3556 4281 3772 4339 Christo,

2203 4407 2396 4475 cuique
2450 4413 2738 4472 pauperum
2790 4391 3029 4464 pecuniae
3066 4385 3284 4442 creditae
3323 4381 3552 4475 fuerant,
3584 4383 3640 4429 ut
3667 4369 3776 4472 inde

2207 4471 2533 4566 :egritudiiiis
2554 4489 2800 4545 solatium
2826 4492 3042 4553 caperet
3071 4479 3190 4549 (fur
3210 4477 3350 4532 enim
3381 4479 3498 4527 erat
3521 4471 3540 4534 )
3560 4510 3575 4536 ,
3618 4481 3681 4521 ne
3704 4471 3776 4566 sic

2207 4562 2418 4658 quidem
2445 4583 2616 4637 factus
2643 4589 2724 4634 est
2745 4577 2954 4638 melior,
2977 4584 3295 4644 quamquam
3316 4573 3513 4619 tantam
3540 4562 3776 4627 expertus

2209 4678 2610 4749 indulgentiam.
2632 4673 2764 4729 Cum
2787 4671 2927 4727 enim
2956 4669 3120 4723 sciret
3145 4663 3386 4719 Christus
3409 4673 3532 4713 eum
3573 4661 3774 4749 avarum

2209 4743 2432 4838 esse,'et
2477 4784 2660 4824 amore
2707 4767 2945 4836 pecunia:
2997 4758 3314 4830 periturum,
3361 4767 3465 4808 non
3494 4748 3650 4805 modo
3673 4743 3778 4838 ejus

2211 4867 2287 4922 rei
2316 4877 2425 4920 tum
2454 4864 2521 4918 ab
2546 4879 2612 4918 eo
2635 4874 2820 4932 poenas
2847 4872 2952 4912 non
2984 4849 3308 4924 repoposcit,
3338 4859 3523 4901 verum
3548 4851 3602 4896 ut
3631 4837 3780 4908 ipsius

2211 4959 2577 5031 aegritudinem
2630 4954 2898 5015 deliniret,
2956 4958 3012 5031 e_t
3056 4945 3249 5031 minori
3302 4940 3448 5031 male

2219 5018 2408 5106 majus,
2440 5034 2599 5088 etiam
2629 5041 2920 5098 pauperum
2949 5024 2998 5077 ei
3024 5020 3276 5092 pecunias
3303 5018 3553 5082 credidit,
3582 5021 3636 5068 ut
3663 5022 3772 5106 cum

2220 5096 2436 5182 haberet
2458 5122 2597 5178 unde
2623 5096 2862 5190 pecuniae
2889 5113 3232 5184 cupiditatem
3273 5108 3512 5174 satiaret,
3531 5105 3590 5169 ,in
3612 5096 3776 5157 horri-

2220 5220 2324 5274 bile
2349 5217 2474 5272 illud
2499 5212 2804 5268 barathrum
2836 5223 2939 5262 non
2967 5211 3259 5260 corrueret.

2291 5313 2378 5367 12.
2393 5311 2495 5367 Cur
2515 5309 2662 5363 etiam
2677 5298 3016 5373 improbdrum
3038 5298 3209 5366 lapsus
3225 5295 3471 5363 exprimat
3489 5287 3772 5353 Scriptura;

2224 5403 2465 5475 parabola
2505 5397 2868 5467 wdiﬁcantium
2911 5389 3210 5458 explicatur.
3243 5412 3312 5475 ——_
3339 5383 3489 5475 Adeo
3533 5381 3774 5475 nusquam

2223 5459 2500 5564 quisquam
2546 5459 2740 5542 laedere
2783 5481 2978 5552 poterit
3021 5491 3182 5541 eum,
3227 5472 3315 5542 qui
3344 5459 3776 5564 seipsumlteders

2196 5578 2200 5582 ’
2225 5559 2397 5648 nolit;
2445 5583 2494 5637 ei
2523 5596 2646 5634 vero
2669 5578 2757 5648 qui
2783 5573 3006 5644 vigilans
3027 5585 3091 5625 ac
3121 5567 3326 5622 sobrius
3353 5576 3472 5617 esse
3492 5601 3507 5625 ,
3543 5559 3776 5648 suamque

2227 5692 2442 5749 operam
2472 5672 2716 5728 conferre
2745 5668 2897 5732 nolit,
2920 5678 3079 5720 nemo
3105 5671 3354 5728 umquam
3380 5649 3630 5749 proderit.

2230 5738 2407 5841 pterea
2451 5767 2543 5822 tibi
2595 5761 2848 5820 mirabilis
2903 5770 3113 5830 quoque
3139 5750 3532 5820 Scripturarum
3576 5738 3776 5793 historia
