4036 6394
177 280 273 341 ιη

173 397 584 469 παρασκευάζει
663 396 1063 470 δυσχεραίνειν,
1107 398 1202 452 καὶ
1249 397 1508 463 πολλάκις
1557 399 1649 456 καὶ
1693 401 1854 472 βλάσ-

181 501 335 560 φημα
399 487 629 556 ῥήματα
695 485 980 539 ἐκϐάλλειν
1034 485 1130 538 καὶ
1180 484 1511 556 ἀνελεύθερα
1556 486 1856 557 πράγματα

178 567 490 638 ὑπομένειν.
523 569 642 640 οὐχ
671 570 706 640 ἡ
741 569 926 634 πενία,
957 568 1072 622 ἀλλ’
1099 570 1134 640 ἡ
1169 569 1498 640 μικροψυχία
1519 585 1534 600 ⁸
1565 570 1688 622 ἐπεὶ
1707 570 1800 622 καὶ
1825 570 1852 622 ὁ

176 655 420 727 Λάζαρος
448 655 627 728 πένης
653 653 744 728 ἦν,
775 657 870 712 καὶ
905 656 1111 728 σφόδρα
1133 673 1198 725 γε
1247 657 1444 728 πένης·
1480 656 1574 710 καὶ
1603 659 1671 728 τῇ
1699 655 1859 726 πενίᾳ

176 743 388 815 προσῆν
414 743 513 798 καὶ
537 743 826 815 ἀρρωστία
869 743 1062 804 πενίας
1088 743 1308 814 ἀπάσης
1347 743 1666 814 πικροτέρα,
1699 743 1734 815 ἡ
1763 743 1858 796 καὶ

176 830 273 901 τὴν
299 831 494 885 πενίαν
518 832 726 901 ταύτην
755 831 1142 903 χαλεπωτέραν
1165 830 1398 886 ποιοῦσα
1415 847 1432 863 ·
1463 831 1558 884 καὶ¹
1577 833 1644 902 τῇ
1675 830 1858 900 ἀρρω-

179 922 300 994 στίᾳ
329 922 540 994 ἐρημία
553 922 667 976 τῶν
695 921 1174 994 προστησομένων,
1198 921 1294 975 καὶ
1335 919 1671 994 ἀπορία“τῶν
1697 920 1858 993 θερα-

175 1007 476 1072 πευόντων,
513 1009 637 1078 ῆτις
674 1007 772 1062 καὶ
809 1007 907 1079 τὴν
953 1009 1145 1062 πενίαν
1179 1009 1272 1062 καὶ
1299 1007 1400 1079 τὴν
1433 1009 1744 1080 ἀρρωστίαν
1768 1025 1859 1061 πιρ

176 1093 448 1165 κρατέραν
465 1094 768 1165 εἰργάζετο.
803 1094 1020 1148 Τούτων
1045 1095 1154 1166 γάρ
1179 1095 1409 1150 ἕκαστον
1429 1097 1522 1150 καὶ
1547 1095 1667 1150 καθ’
1698 1096 1859 1150 ἐαυτὸ

178 1181 278 1252 μὲν
309 1181 598 1252 ὀδυνηρὸν,
632 1182 761 1235 ὅταν
778 1181 836 1236 δὲ
858 1182 994 1254 μηδέ
1018 1183 1072 1236 οί
1105 1182 1498 1254 θεραπεύοντες
1523 1177 1643 1245 ὦσι,
1675 1183 1858 1254 μεῖζον

176 1268 392 1336 γίνεται
437 1267 504 1320 τὺ
543 1266 737 1332 δεινὸν,
786 1267 1141 1340 χαλεπωτέρα
1193 1271 1226 1338 ἡ
1286 1269 1437 1338 φλὸξ,
1472 1269 1776 1340 πικροτέρα
1819 1270 1853 1340 ἡ

173 1353 360 1424 ὀδύνη,
388 1352 728 1426 ἀγριώτερος
759 1355 788 1407 ὁ
817 1353 1045 1426 χειμὼν,
1078 1354 1432 1428 σφοδρότερον
1451 1355 1513 1408 τὸ
1543 1355 1856 1423 κλυδώνιον,

177 1441 598 1512 φλογωδεστέρα
627 1441 933 1513 ἡκάμινος.
965 1442 1030 1497 El
1065 1442 1124 1497 δέ
1153 1460 1237 1508 τις
1279 1443 1521 1514 ἀκριϐῶς
1557 1443 1855 1511 ἐξετάσειε,

176 1529 272 1583 καὶ
292 1531 490 1600 ἔτερον
514 1528 722 1584 τούτοις
761 1529 1018 1600 τέταρτον
1047 1531 1278 1602 προσῆν,
1313 1531 1346 1602 ή
1379 1530 1473 1584 τοῦ
1503 1528 1857 1596 πλουτοῦντος

178 1617 243 1670 ἐκ
269 1617 536 1684 γειτόνων
560 1615 835 1680 οἰκοῦντος
883 1616 1032 1671 άδεια
1056 1617 1153 1671 καὶ
1183 1619 1382 1688 τρυφή.
1419 1617 1482 1670 El
1512 1617 1570 1670 δὲ
1599 1617 1778 1688 βούλει
1801 1635 1856 1672 τι

178 1705 274 1760 καὶ
307 1705 566 1775 πέμπτον
618 1703 748 1758 ἄλλο
787 1704 989 1774 εὑρεῖν,
1025 1704 1354 1775 ὑπέκκαυμα
1379 1705 1479 1776 τῆς
1515 1703 1732 1775 φλογὸς,
1762 1704 1856 1760 καὶ

177 1792 340 1846 τοῦτο
369 1791 493 1862 δψει
523 1791 709 1860 σαφῶς
737 1790 888 1863 αὐτῷ
915 1791 1318 1864 περικείμενον.
1348 1792 1423 1846 Οὐ
1447 1791 1556 1864 γάρ
1595 1791 1655 1864 δὴ
1695 1792 1855 1863 μόνον

179 1880 392 1954 ἐτρύφα
421 1881 454 1934 ὁ
485 1879 738 1943 πλούσιος
775 1881 1000 1943 ἐκεῖνος,
1033 1878 1169 1934 ἀλλά
1202 1880 1298 1934 καὶ
1329 1879 1580 1952 δεύτερον
1609 1881 1704 1934 καὶ
1735 1879 1856 1951 τρί-

177 1985 290 2032 τον,
322 1967 528 2040 μᾶλλον
554 1967 611 2021 δέ
645 1967 743 2020 καὶ
779 1965 1064 2030 πλεονάκις
1101 1967 1202 2038 τῆς
1237 1965 1451 2040 ἡμέρας
1483 1966 1646 2020 αὑτὸν
1671 1967 1816 2037 ὁρῶν
1835 1982 1852 1998 ⁶

179 2056 335 2129 παρά
365 2055 480 2128 γάρ
503 2054 604 2127 τὴν
631 2055 836 2108 εἴσοδον
853 2053 1098 2128 ἔρριπτο,
1123 2053 1348 2126 θέατρον
1365 2053 1595 2126 χαλεπὸν
1617 2053 1856 2126 ἐλεεινῆς

179 2143 496 2216 τραγῳδίας
518 2142 594 2196 ὢν
630 2153 682 2208 ι,
727 2141 824 2196 καὶ
869 2144 935 2212 τῇ
964 2139 1084 2210 ὄψει
1117 2140 1276 2212 μόνον
1311 2143 1406 2195 καὶ
1433 2139 1642 2212 λιθίνην
1671 2139 1855 2204 ἱκανὸς

178 2228 573 2300 καταμαλάξαι
605 2228 787 2300 ψυχήν
804 2245 818 2258 ·
847 2229 941 2283 καὶ
972 2229 1122 2300 ὅμως
1159 2228 1281 2282 οὑδέ
1321 2228 1481 2283 τοῦτο
1507 2227 1856 2283 ἐπεσπάσατο

179 2318 271 2372 τὸν
302 2317 673 2388 ἀπάνθρωπον
695 2317 901 2371 ἐκεῖνον
926 2318 1008 2380 είς
1028 2315 1128 2387 τὴν
1155 2317 1255 2388 τῆς
1266 2317 1454 2380 πενίας
1472 2316 1688 2390 ἐκείνης
1703 2316 1855 2371 ἀντί-

178 2403 344 2476 ληψιν
376 2421 390 2436 ·
425 2403 539 2457 ἀλλ’
571 2404 600 2458 ὁ
637 2403 735 2475 μέν
763 2402 1118 2476 συϐαριτικὴν
1165 2402 1490 2475 παρετίθετο
1539 2403 1854 2476 τράπεζαν,

180 2491 279 2545 καὶ
308 2489 597 2562 κρατῆρας
632 2485 776 2561 εἶχεν
805 2489 1194 2560 ἐστεμμένους,
1230 2487 1326 2543 καὶ
1377 2489 1616 2560 ἄκρατον
1669 2489 1856 2556 ἁπλῶς

181 2577 536 2649 ἐκχεόμενον,
585 2576 680 2630 καὶ
746 2573 1082 2647 στρατόπεδα
1133 2575 1414 2648 μαγείρων
1454 2575 1705 2648 λαμπρά,
1762 2579 1858 2631 καὶ

180 2664 524 2736 παρασίτους
556 2664 651 2719 καὶ
689 2663 927 2728 κόλακας
977 2659 1092 2734 ἃμα
1155 2661 1304 2736 [456]
1330 2663 1494 2736 πρωῒ,
1526 2667 1621 2719 καὶ
1661 2667 1857 2737 χοροὺς

179 2753 440 2827 ᾀδόντων,
471 2751 865 2823 οἰνοχοούντων,
893 2751 1396 2821 γελωτοποιούντων
1415 2769 1426 2783 ·
1463 2753 1555 2806 καὶ
1585 2754 1694 2806 πᾶν
1718 2748 1856 2818 εἶδος

181 2839 417 2893 ἐπινοῶν
439 2838 697 2902 ἀσωτίας,
726 2839 820 2893 καὶ
853 2838 1064 2910 μεθύων
1089 2839 1181 2894 καὶ
1211 2839 1547 2912 κραιπαλῶν,
1574 2841 1668 2895 καὶ
1696 2841 1854 2912 στολῇ

180 2928 279 2981 καὶ
294 2925 570 2999 τραπέζῃ,
595 2927 690 2979 καὶ
710 2926 914 2998 ἐτέροις
931 2926 1140 2982 πλείοσι
1167 2927 1386 2999 τρυφῶν
1411 2929 1622 2985 ἅπαντα
1635 2929 1858 2984 διετέλει

180 3015 274 3069 τὴν
321 3015 534 3086 χρόνον.
566 3012 767 3068 Τοῦτον
810 3014 866 3068 δέ
890 3013 1042 3091 ¹λιμῷ
1067 3013 1288 3087 χαλεπῷ
1325 3015 1420 3069 καὶ
1454 3015 1735 3090 ἀρρωστίᾳ
1769 3035 1859 3072 πι-

183 3103 449 3176 κροτάτῃ,
506 3102 600 3156 καὶ
659 3101 942 3174 πολιορκίᾳ
985 3103 1256 3158 τοσούτων
1283 3103 1480 3169 ἐλκῶν,
1509 3105 1604 3159 καὶ
1631 3105 1858 3179 ἐρημίᾳ,

181 3191 280 3245 καὶ
306 3192 422 3254 τοῖς
445 3189 510 3243 ἐκ
541 3188 744 3244 τούτων
781 3193 968 3254 κακοῖς
999 3191 1141 3264 δρῶν
1182 3190 1304 3246 καθ’
1335 3191 1571 3262 ἑκάστην
1601 3209 1859 3247 κατατει-

182 3273 411 3347 νόμενον
434 3272 531 3344 τὴν
553 3275 788 3345 ἡμέραν,
827 3275 950 3328 οὑδέ
977 3275 1058 3339 είς
1091 3274 1217 3329 νοῦν
1249 3293 1379 3330 ποτε
1410 3276 1664 3332 ἐϐάλλετο
1683 3294 1698 3309 ο
1744 3276 1860 3332 ἀλλ’

181 3365 235 3418 οἱ
268 3363 373 3435 μὶν
398 3361 712 3434 παράσιτοι,
744 3362 838 3415 καὶ
887 3363 937 3415 οἱ
971 3361 1201 3427 κόλακες
1227 3364 1320 3418 καὶ
1353 3364 1492 3436 ὑπὲρ
1523 3363 1624 3436 τὴν
1673 3365 1861 3436 χρείαν

183 3451 576 3523 διερρήγνυντο
594 3465 609 3480 ο
629 3449 658 3504 ὁ
682 3449 739 3503 δέ
767 3449 954 3520 πένης,
987 3450 1082 3504 καὶ
1095 3449 1238 3505 οῦτω
1257 3451 1446 3523 πένης,
1463 3453 1558 3506 καὶ
1587 3455 1646 3508 ἐν
1675 3453 1863 3506 τοσού-

181 3554 298 3600 τοις
341 3536 598 3608 κείμενος
631 3538 744 3600 τοῖς
788 3539 995 3602 κακοῖς,
1029 3537 1150 3592 οὐδὲ
1179 3537 1376 3609 ψιχίων
1404 3541 1470 3593 ἐκ
1510 3539 1612 3610 τῆς
1652 3540 1859 3612 τραπέ-

181 3625 286 3697 ζης
318 3624 604 3696 ἀπήλαυεν
629 3623 866 3696 ἐκείνης,
889 3625 984 3678 καὶ
1006 3625 1180 3678 ταῦτα
1209 3626 1413 3698 σφόδρα
1433 3627 1714 3698 ἐπιθυμῶν
1737 3628 1862 3682 ⁸καί

180 3715 337 3783 ὅμως
364 3712 518 3768 οὐδὲν
545 3713 710 3766 αὑτὸν
736 3711 940 3766 τούτων
970 3712 1340 3785 παρέϐλαψεν,
1373 3714 1436 3768 οὑ
1485 3715 1636 3787 ῥῆμα
1665 3715 1862 3788 πικρὸν

181 3799 444 3866 ἐξέϐαλεν
473 3799 523 3864 ι),
549 3799 608 3853 οὑ
631 3797 950 3870 βλάσφημον
973 3797 1274 3868 ἐφθέγξατο
1305 3799 1463 3868 λόγον
1483 3815 1498 3830 ·
1531 3801 1647 3855 ἀλλ’
1674 3801 1862 3875 ὥσπερ

181 3888 498 3961 χρυσίοντῇ
538 3887 873 3960 σφοδροτέρᾳ
902 3886 1148 3959 πυρώσει
1183 3888 1442 3959 μειζόνως
1470 3889 1862 3961 καθαιρόμενον

181 3976 590 4048 λαμπρύνεται,
625 3974 770 4030 οῦτω
795 3974 860 4047 δὴ
891 3975 986 4029 καὶ
1019 3975 1228 4040 ἐκεῖνος
1257 3975 1362 4030 ὑπὸ
1386 3976 1496 4030 τῶν
1523 3977 1862 4050 παθημάτων

181 4063 395 4117 τούτων
433 4061 838 4134 ἐνοχλούμενος,
891 4062 1110 4118 πάντων
1150 4062 1478 4136 ὑψηλότερος
1511 4059 1580 4138 ἦν
1619 4066 1712 4122 καὶ
1755 4065 1864 4121 τῶν

185 4149 380 4205 παθῶν
399 4189 416 4212 ,
467 4149 566 4204 καὶ
623 4149 804 4204 αὐτῶν
843 4149 954 4204 τῶν
993 4149 1248 4204 ἐντεῦθεν
1281 4151 1496 4216 πολλοῖς
1531 4155 1864 4226 τικτομένων

183 4237 459 4308 θορύϐων.
524 4237 592 4291 Εἰ
641 4235 752 4308 γάρ
807 4236 995 4302 ἁπλῶς
1029 4235 1264 4308 πένητες
1311 4239 1600 4305 πλουσίους
1631 4242 1865 4314 ὁρῶντες

181 4326 452 4396 τήκονται
479 4324 556 4394 τῷ
594 4323 793 4396 φθόνῳ,
826 4324 920 4378 καὶ
945 4325 1352 4380 κατατείνονται
1377 4329 1442 4398 τῇ
1463 4328 1750 4400 βασκανίᾳ,
1771 4331 1864 4384 καὶ

179 4411 278 4465 τὸν
310 4411 428 4482 βίον
457 4411 686 4466 ἀϐίωτον
726 4411 1038 4483 νομίζουσιν
1071 4407 1232 4478 εἶναι,
1259 4413 1354 4467 καὶ
1381 4413 1556 4468 ταῦτα
1582 4415 1680 4486 τῆς
1705 4416 1865 4487 ἀναγ-

182 4499 352 4563 καίας
378 4498 736 4572 εὐποροῦντες
773 4501 998 4570 τροφῆς,
1041 4501 1137 4555 καὶ
1189 4487 1590 4572 θεραπεύοντας
1615 4502 1864 4574 ἔχοντεςο

181 4589 214 4642 ὁ
242 4587 418 4658 πένης
449 4581 602 4652 οὗτος
625 4589 702 4653 ὡς
719 4587 897 4652 οὐδεὶς
920 4587 1106 4660 ἕτερος
1125 4587 1292 4658 πένης
1318 4586 1414 4650 ὣν,
1436 4590 1530 4642 καὶ
1556 4589 1677 4662 οὐχὶ
1699 4591 1867 4662 πένης

186 4675 378 4744 μόνον,
411 4673 546 4728 ἀλλὰ
576 4675 673 4729 καὶ
699 4674 951 4746 ἀσθενὴς,
981 4675 1078 4730 καὶ
1112 4675 1315 4746 μηδένα
1345 4675 1483 4746 ἔχων
1506 4676 1598 4730 τὸν
1628 4695 1860 4751 προστη⁸

187 4762 424 4832 σύμενον
481 4763 576 4816 καὶ
635 4763 1110 4836 παρακαλέσοντα,
1149 4761 1263 4816 ἀλλ’
1323 4764 1382 4816 ἐν
1428 4764 1568 4837 μέσῃ
1605 4767 1670 4838 τῇ
1714 4767 1865 4822 πόλει

183 4848 447 4920 καθάπερ
472 4849 530 4903 ἐν
553 4850 757 4922 ἐσχάτῃ
775 4849 1024 4922 κείμενος
1051 4849 1282 4922 ἐρημίᾳ,
1324 4851 1420 4904 καὶ
1464 4852 1607 4924 λιμῷ
1637 4852 1869 4926 τηκόμε-

183 4952 278 5000 νος
301 4935 634 5008 πικροτάτῳ,
667 4937 761 4990 καὶ
795 4937 973 4992 πάντα
995 4936 1136 5008 ὁρῶν
1167 4937 1360 5008 ἐκείνῳ
1393 4937 1644 5009 καθάπερ
1670 4941 1736 4993 ἐκ
1769 4959 1868 5012 πη-

184 5022 303 5090 γῶν
330 5022 675 5094 ἐπιρρέοντα,
697 5023 790 5078 καὶ
815 5022 1162 5096 ἀνθρωπίνης
1179 5023 1278 5094 μὲν
1307 5023 1562 5096 οὐδεμιᾶς
1575 5026 1866 5082 ἀπολαύων

187 5110 566 5182 παραμυθίας,
602 5114 723 5174 ταῖς
749 5111 806 5165 δὲ
835 5110 944 5165 τῶν
979 5109 1158 5166 κυνῶν
1206 5109 1479 5180 γλώσσαις
1507 5113 1868 5186 προκείμενος

185 5197 440 5268 τράπεζα
459 5197 708 5269 διηνεκὴς
737 5196 902 5268 (οὕτω
923 5197 1031 5270 γὰρ
1049 5191 1117 5270 ἦν
1139 5197 1202 5252 τὺ
1231 5197 1390 5270 σῶμα
1416 5187 1748 5272 παρειμένος
1773 5205 1868 5258 καὶ

182 5284 596 5356 διαλελυμένος,
639 5285 716 5350 ὡς
775 5285 909 5357 μηδὲ
956 5286 1198 5350 ἐκείνους
1244 5287 1533 5341 ἀποσοϐεῖν
1563 5288 1866 5364 δύνασθαι),

183 5373 241 5427 τί
265 5374 370 5427 οὐκ
408 5372 474 5426 ἂν
503 5371 723 5436 ἔπαθεν,
747 5373 796 5426 εί
841 5373 916 5444 μὴ
947 5373 1150 5444 σφόδρα
1175 5376 1422 5444 γενναῖος
1448 5377 1544 5430 καὶ
1579 5376 1868 5450 φιλόσοφος

182 5457 291 5532 ἧν;
337 5461 499 5534 Ὁρᾷς
536 5462 619 5532 ὅτι
657 5463 684 5514 6
731 5462 924 5516 ἐαυτὸν
949 5463 1022 5534 μὴ
1065 5462 1286 5528 ἀδικῶν,
1327 5463 1429 5518 κᾶν
1463 5465 1615 5536 παρά
1651 5466 1867 5523 πάντων

249 5605 595 5680 f‘lznusﬁeg'.
635 5607 828 5680 Θέατρον
858 5607 1067 5670 χαλεπῆς
1110 5609 1305 5674 θεωρίας
1329 5609 1414 5672 ὤν,
1451 5611 1550 5662 duo
1571 5610 1656 5663 alii
1673 5613 1868 5680 θέατρον

185 5671 269 5734 ηιξ
660 5669 745 5716 ὧν.

249 5731 279 5768 ³
303 5732 415 5782 Duo
441 5730 558 5782 mss}
583 5730 794 5797 οὖρῆαά
819 5747 864 5779 τι
885 5730 940 5778 ού
965 5731 1130 5793 μικρὸν
1153 5732 1210 5780 οὑ
1235 5732 1356 5796 μέγα
1377 5734 1495 5790 ἐξέϐ.

593 5825 873 5890 Ρλπιοι.
918 5823 1038 5887 Gn.
1085 5823 1218 5895 LII.

1257 278 1446 350 QUOD
1483 278 1673 339 ΝΕΜο
1709 277 2042 339 LEDITUR
2083 277 2213 335 NISI
2251 277 2295 334 A
2333 275 2605 334 SEIPSO.

3527 276 3632 332 ΠΩ.

1955 411 2224 482 ἀδικῆται,
2257 409 2408 463 οὐδὲν
2432 407 2633 478 πάσχει
2648 405 2818 460 δεινόν
2842 421 2858 473 ;
2891 405 3052 460 πάλιν
3073 401 3184 476 γὰρ
3205 403 3294 460 τὸν
3321 404 3482 460 αὑτὸν
3507 407 3632 464 ἀνα-

1957 498 2197 570 λήψομαι
2217 497 2396 564 λόγον.

2034 593 2200 649 ια’.Τί
2221 595 2331 664 γὰρ
2351 593 2384 663 ἡ
2408 591 2690 664 ἀρρωστία
2713 607 2728 656 ;
2755 590 2807 644 τί
2829 589 2885 644 δέ
2914 591 2948 660 ὴ
2975 589 3178 664 ἐρημία
3205 589 3316 644 τῶν
3335 606 3635 664 προστησοο

1961 680 2172 752 μένων;
2206 680 2258 734 τί
2309 677 2366 734 δέ
2394 679 2428 750 ἡ
2461 677 2645 748 ἔφοδος
2667 677 2776 732 τῶν
2823 677 3034 741 κυνῶνς
3059 679 3112 731 τί
3143 677 3200 732 δέ
3237 679 3298 732 τὸ
3336 677 3634 750 γειτόνημα

1957 766 2051 822 τοῦ
2077 766 2331 822 πλουσίου
2363 766 2426 820 τὸ
2449 765 2720 838 πονηρόν;
2751 763 2877 819 τίδὲ
2901 766 2934 837 ἡ
2966 764 3133 836 πολλή
3159 764 3313 836 χλιδὴ
3336 767 3429 819 καὶ
3461 767 3632 837 ὑπερ-

1958 855 2182 927 ηφανία,
2211 859 2308 909 καὶ
2332 855 2367 925 ἡ
2397 852 2625 909 ἀπόνοια
2671 851 2878 906 ἐκείνου
2907 852 2998 906 τὸν
3027 851 3265 924 ἀθλητὴν
3288 851 3478 906 τοῦτον
3497 868 3636 925 παρ-

1958 941 2254 1012 έϐλαψεν;ἢ
2272 939 2657 1012 μαλακώτερον
2677 939 2812 1012 πρὸς
2828 939 2898 993 τά
2909 937 3051 1011 ὑπὲρ
3067 939 3166 1011 τῆς
3181 938 3386 1010 ἀρετῆς
3405 938 3634 1012 ἐποίησε

1961 1031 2258 1100 σκάμματα
2277 1045 2292 1093 ;
2309 1027 2363 1082 τί
2404 1027 2464 1082 δὲ
2509 1024 2678 1080 αὑτοῦ
2701 1025 2801 1097 τὴν
2829 1025 3073 1079 εὐτονίαν
3097 1025 3436 1097 ἐλυμήνατο;
3468 1027 3634 1082 Οὐδέν

1957 1116 2218 1188 οὐδαμοῦ,
2245 1113 2487 1169 ἀλλὰκαὶ
2521 1112 2720 1186 μᾶλλον
2757 1111 2921 1168 αὑτὸν
2956 1112 3264 1186 ἐπέρρωσε,
3294 1113 3389 1167 καὶ
3424 1113 3634 1186 μυρίων

1958 1203 2108 1276 αὑτῷ
2123 1202 2404 1272 στεφάνων
2427 1201 2682 1266 ὑπόθεσις
2696 1199 2907 1269 γέγονε,
2925 1198 3020 1254 καὶ
3035 1199 3318 1272 προσθήκη
3341 1199 3632 1272 βραϐείων,

1958 1290 2052 1344 καὶ
2083 1287 2418 1360 πλεονασμὸς
2435 1286 2778 1352 ἀντιδόσεως,
2815 1285 2911 1340 κα)⁵
2947 1283 3214 1356 μειζόνων
3241 1285 3487 1357 ἀμοιϐῶν
3507 1286 3640 1340 ὑπό-

1958 1377 2108 1441 θεσις
2118 1375 2228 1431 τῶν
2250 1373 2440 1429 δεινῶν
2466 1373 2529 1428 τὸ
2551 1373 2750 1446 πλῆθος
2771 1373 2969 1438 ἐκεῖνο,
2991 1373 3084 1426 καὶ
3107 1375 3141 1444 ἡ
3159 1371 3256 1426 τοῦ
3278 1372 3635 1438 πλουτοῦντος

1957 1463 2198 1536 ὠμότης.
2232 1465 2308 1518 Ού
2334 1462 2444 1535 γὰρ
2475 1461 2540 1534 δὴ
2587 1461 2676 1515 διὰ
2699 1460 2800 1532 τὴν
2829 1458 3018 1514 πενίαν
3051 1458 3414 1531 ἐστεφανοῦτο
3449 1461 3630 1533 μόνον,

1956 1552 2078 1606 οὐδὲ
2102 1552 2190 1606 διὰ
2211 1551 2304 1606 τὸν
2318 1551 2498 1621 λιμὸν,
2525 1549 2644 1604 οὑδέ
2691 1548 2780 1602 διὰ
2799 1548 2870 1602 τά
2897 1547 3054 1620 ἐλκη,
3077 1547 3200 1602 οὑδὲ
3231 1548 3319 1604 διά
3338 1547 3436 1614 τὰς
3459 1547 3636 1620 γλώσ-

1956 1655 2057 1703 σας
2094 1639 2204 1692 τῶν
2257 1638 2436 1693 κυνῶν
2461 1652 2477 1668 ·
2534 1637 2648 1692 ἀλλ’
2675 1637 2757 1690 ὅτι
2818 1635 3062 1689 τοιοῦτον
3096 1634 3314 1704 γείτονα
3348 1633 3508 1706 ἔχων,
3537 1633 3636 1691 καὶ

1955 1727 2079 1782 καθ’
2099 1727 2336 1796 ἐκάστην
2356 1724 2635 1799 ὁρώμενος
2663 1723 2756 1777 ὑπ’
2787 1721 2952 1776 αὑτοῦ
2973 1723 3070 1795 τὴν
3089 1721 3324 1794 ἡμέραν,
3349 1723 3446 1776 καὶ
3465 1723 3636 1792 ὑπερ-

1957 1813 2232 1886 ορώμενος
2257 1812 2544 1885 διηνεκῶς,
2567 1811 2756 1865 τοῦτον
2789 1810 2988 1882 ἤνεγκε
3017 1810 3283 1882 γενναίως
3313 1809 3406 1864 τὸν
3435 1827 3628 1882 πειρα-

1957 1901 2115 1976 σμὸν,
2149 1901 2242 1956 καὶ⁵
2278 1901 2418 1972 μετά
2442 1899 2642 1970 πολλῆς
2669 1899 2767 1969 τῆς
2793 1897 3112 1970 καρτερίας,
3141 1895 3238 1949 καὶ
3259 1899 3325 1966 τῇ
3357 1896 3518 1968 πενίᾳ
3538 1897 3634 1950 καὶ

1955 1993 2023 2062 τῇ
2044 1977 2346 2063 ἀρρωστίᾳ,
2379 1987 2474 2042 καὶ
2497 1990 2564 2059 τῇ
2593 1987 2818 2057 ἐρημίᾳ,
2833 1986 2894 2038 οὑ
2917 1982 3292 2056 μικρὰν,άλλά
3313 1984 3407 2038 καὶ
3430 1985 3636 2058 σφόδρα

1955 2077 2326 2148 εὑτονωτάτην
2359 2074 2778 2147 συνεισφέροντα
2803 2071 2901 2144 τὴν
2919 2071 3116 2142 φλόγα.

2026 2174 2091 2228 Τί
2127 2174 2185 2230 δὲ
2215 2177 2244 2228 ὁ
2267 2173 2536 2245 μακάριος
2563 2169 2799 2237 Παῦλος,
2823 2167 2946 2223 εἰπέ
2975 2184 3065 2239 μοι
3091 2183 3106 2234 ;
3136 2167 3286 2223 οὐδὲν
3307 2167 3416 2241 γάρ
3437 2165 3636 2222 κωλύει

1956 2261 2124 2317 πάλιν
2178 2259 2582 2332 ἐπιμνησθῆναι
2641 2255 2738 2311 τοῦ
2797 2255 3008 2328 ἀνδρός.
3071 2257 3206 2329 Οὐχὶ
3246 2255 3394 2330 [457]
3435 2258 3637 2328 μυρίας

1957 2347 2178 2416 ἐδέξατο
2232 2345 2555 2418 πειρασμῶν
2605 2343 2870 2416 νιφάδας;
2909 2343 2975 2396 Τί
2999 2337 3090 2397 οῦν
3123 2342 3371 2397 ἐντεῦθεν
3395 2343 3634 2416 ἐϐλά6η;

1956 2437 2071 2492 Οὐκ
2135 2433 2386 2489 ἐντεῦθεν
2416 2433 2516 2504 μὲν
2557 2427 2650 2486 οῦν
2681 2430 2778 2484 καὶ
2830 2429 3091 2501 μειζόνως
3133 2431 3638 2500 ἐστεφανοῦτο,⁶ὂτι

1956 2524 2274 2594 ἐλίμωττεν,
2304 2523 2386 2575 ὅτι
2421 2519 2616 2594 κρυμῷ
2645 2519 2739 2573 καὶ
2765 2517 3064 2589 γυμνότητι
3111 2521 3442 2590 κατετήκετο
3477 2530 3524 2585 ο,
3556 2521 3640 2574 ὅτι

1961 2611 2180 2686 μάστιξι
2212 2611 2472 2672 πολλάκις
2530 2607 2896 2674 κατεξαίνετο,
2926 2608 3008 2660 ὅτι
3055 2605 3221 2672 λίθοις
3251 2608 3522 2673 ἐϐάλλετο,
3557 2609 3639 2662 ὅτι

1956 2695 2400 2761 κατεποντίζετο;
2430 2694 2571 2748 Ἀλλ’
2600 2697 2806 2758 ἐκεῖνος
2831 2692 3044 2758 Παῦλος
3077 2689 3168 2764 ἦν,
3194 2695 3349 2764 φησὶ,
3379 2695 3473 2748 καὶ
3503 2693 3639 2764 κλη-

1955 2788 2046 2853 τὸς
2074 2785 2169 2841 τοῦ
2189 2783 2448 2858 Χριστοῦ.
2477 2777 2674 2836 Καίτοι
2704 2781 2798 2835 καὶ
2828 2781 3028 2844 Ἰούδας
3051 2777 3131 2843 είς
3168 2781 3276 2834 τῶν
3305 2780 3514 2835 δώδεκα
3544 2777 3638 2855 ἦν,

1959 2876 2055 2929 καὶ
2111 2873 2306 2944 κλητὸς
2340 2871 2434 2924 καὶ
2468 2869 2631 2932 αὑτὸς
2667 2869 2759 2922 τοῦ
2792 2867 3030 2941 Χριστοῦ
3057 2883 3071 2898 ο
3109 2868 3220 2923 ἀλλ’
3251 2867 3374 2922 οὔτε
3402 2869 3463 2922 τὸ
3500 2865 3640 2926 εἶναι

1956 2963 2064 3033 τῶν
2087 2961 2312 3026 δώδεκα,
2342 2956 2465 3012 οὔτε
2482 2958 2516 3028 ἡ
2533 2956 2726 3026 κλῆσις
2747 2955 2910 3010 αὑτὸν
2932 2953 3160 3024 ὤνησεν,
3193 2953 3382 3028 ἐπειδὴ
3413 2956 3638 3028 γνώμην

1959 3052 2060 3105 οὐκ
2084 3045 2200 3121 εἶχε
2249 3046 2388 3118 πρὸς
2443 3044 2646 3118 ἀρετὴν
2695 3043 3244 3116 παρεσκευασμένην.
3295 3043 3434 3097 Ἀλλ’
3479 3045 3508 3098 ὁ
3539 3045 3638 3116 μὲν

1962 3137 2174 3202 Παῦλος
2211 3136 2305 3190 καὶ
2336 3132 2492 3204 λιμῷ
2521 3131 2789 3197 παλαίων,
2821 3132 2916 3184 καὶ
2948 3131 3049 3202 τῆς
3087 3131 3394 3202 ἀναγκαίας
3415 3133 3638 3204 ἀπορῶν

1959 3225 2184 3298 τροφῆς,
2211 3223 2308 3278 καὶ⁸
2328 3221 2565 3276 τοσαῦτα
2593 3219 2716 3274 καθ’
2743 3219 2980 3290 ἑκάστην
3018 3219 3244 3291 πάσχων
3281 3219 3380 3291 τὴν
3407 3220 3637 3292 ἡμέραν,

1964 3313 2104 3386 μετά
2130 3311 2330 3382 πολλῆς
2377 3309 2476 3380 τῆς
2525 3306 2836 3380 προθυμίας
2869 3307 2967 3380 τὴν
3006 3308 3087 3372 είς
3114 3308 3341 3379 οὐρανὸν
3368 3309 3640 3380 φέρουσαν

1964 3402 2186 3474 ἔτρεχεν
2229 3398 2346 3453 ὁδόν
2370 3415 2386 3430 ·
2438 3399 2646 3460 ἐκεῖνος
2681 3395 2738 3448 δὲ
2781 3399 2878 3450 καὶ
2919 3396 3026 3467 πρὸ
3055 3395 3246 3448 τούτου
3277 3395 3520 3466 κληθεὶς,
3545 3397 3640 3450 καὶ
3693 3406 3704 3414 ·

1959 3487 2070 3542 τῶν
2094 3485 2275 3540 αὐτῶν
2305 3484 2620 3547 ἀπολαύσας
2643 3477 2830 3556 ὧνπερ
2861 3483 2954 3536 καὶ
2973 3482 3155 3549 αὐτὸς,
3173 3485 3268 3538 καὶ
3291 3483 3517 3555 μυηθεὶς
3541 3484 3640 3556 τὴν

1962 3573 2224 3630 ἀνωτάτω
2254 3569 2594 3642 φιλοσοφίαν,
2627 3570 2722 3623 καὶ
2747 3567 3029 3641 τραπέζης
3059 3570 3342 3640 μετασχὼν
3373 3571 3525 3640 ἱερᾶς
3545 3573 3637 3627 καὶ

1961 3662 2070 3716 τῶν
2115 3657 2566 3732 φρικωδεστάτων
2609 3655 2833 3708 ἐκείνων
2855 3655 3106 3720 δείπνων,
3138 3655 3233 3709 καὶ
3270 3656 3430 3726 χάριν
3457 3657 3635 3712 λαϐὼν

1959 3756 2229 3829 τοσαύτην
2259 3754 2336 3818 ὡς
2371 3753 2467 3808 καὶ
2515 3752 2742 3822 νεκροὺς
2765 3751 3020 3822 ἐγείρειν,
3051 3753 3146 3805 καὶ
3173 3751 3409 3824 λεπροὺς
3444 3753 3632 3808 καθαί.

1964 3867 2100 3924 ρειν,
2133 3848 2230 3904 καὶ
2261 3847 2522 3920 δαίμονας
2543 3845 2808 3912 ἐλαύνειν,
2841 3844 2936 3898 καὶ
2965 3844 3090 3907 τοὺς
3107 3845 3234 3915 περὶ
3255 3845 3392 3916 ἀκτη
3401 3829 3638 3919 μοσύνης

1963 3941 2222 4006 πολλάκις
2245 3939 2482 4002 ἀκούσας
2518 3937 2710 4006 λόγους
2739 3935 2833 3990 καὶ
2847 3934 2995 4006 αὑτῷ
3013 3935 3266 3988 τοσοῦτον
3291 3936 3480 4008 χρόνον
3491 3931 3636 4008 ’συγο

1961 4034 2252 4106 γενόμενος
2291 4029 2369 4102 τῷ
2403 4029 2643 4103 Χριστῷ,
2701 4027 2796 4082 καὶ
2841 4027 2949 4080 τῶν
2997 4029 3242 4099 πενήτων
3278 4028 3346 4082 τά
3382 4031 3635 4101 χρήματα

1963 4125 2294 4191 πιστευθεὶς,
2327 4123 2471 4177 ὥστε
2507 4121 2602 4176 τοῦ
2633 4120 2841 4184 πάθους
2865 4119 3082 4198 ἐκεῖθεν,
3111 4119 3254 4191 ἔχειν
3285 4121 3637 4192 παραμυθίαν

1965 4217 2226 4288 (καὶγὰρ
2272 4215 2511 4288 κλέπτης
2555 4211 2670 4286 ἦν),
2727 4213 2848 4266 οὐδὲ
2896 4213 3068 4276 οῦτως
3121 4212 3338 4280 ἐγένετο
3392 4212 3638 4284 βελτίων,

1962 4311 2142 4367 καίτοι
2191 4307 2460 4379 τοσαύτης
2511 4303 2970 4374 συγκαταϐἀσεως
3040 4303 3372 4368 ἀπολαύσας.
3423 4305 3640 4379 Ἐπειδὴ

1963 4403 2070 4477 γὰρ
2101 4402 2218 4475 ᾔδει
2245 4403 2274 4454 ὁ
2308 4401 2563 4473 Χριστὸς,
2614 4399 2696 4452 ὅτι
2737 4398 3069 4468 φιλάργυρος
3105 4391 3193 4466 ἦν,
3235 4397 3329 4449 καὶ
3370 4397 3458 4450 διὰ
3501 4417 3638 4470 χρη-

1967 4495 2154 4566 μάτων
2181 4493 2358 4566 ἔρωτα
2405 4492 2629 4564 ἔμελλεν
2651 4489 3000 4552 ἀπόλλυσθαι,
3048 4491 3108 4541 οὑ
3158 4489 3318 4558 μόνον
3347 4489 3508 4542 αὑτὸν
3537 4494 3642 4546 οὐκ

1963 4583 2211 4655 ἀπῄτησε
2237 4583 2426 4636 τούτου
2451 4581 2603 4644 δίκας
2627 4579 2771 4642 τότε,
2805 4579 2918 4631 ἀλλ’
2949 4577 3085 4630 ὥστε
3110 4576 3276 4630 αὐτοῦ
3309 4579 3638 4634 καταλεᾶναι

1964 4677 2027 4731 τὸ
2055 4675 2246 4740 πάθος,
2287 4673 2382 4729 καὶ
2409 4673 2476 4728 τὰ
2509 4672 2764 4743 χρήματα
2791 4667 2940 4738 αὑτῷ
2971 4667 3080 4720 τῶν
3113 4669 3358 4740 πενήτων
3389 4670 3640 4726 ἐπίστευ-

1966 4783 2080 4834 σεν,
2101 4767 2168 4824 ἶν’
2199 4767 2336 4839 ἔχων
2357 4765 2480 4820 ὅθεν
2511 4764 2713 4835 κορέσῃ
2754 4761 2852 4832 τὴν
2887 4759 3338 4831 φιλοχρηματίαν,
3365 4763 3438 4834 μὴ
3467 4781 3635 4820 καταο

1965 4859 2108 4936 πέσῃ
2134 4861 2214 4922 είς
2241 4857 2302 4912 τὸ
2337 4855 2606 4930 φρικῶδες
2639 4853 2910 4926 βάραθρον
2949 4854 3145 4918 ἐκεῖνο,
3190 4855 3432 4909 ἐλάττονι
3483 4857 3638 4929 κακῷ

1964 4953 2026 5008 τὺ
2053 4949 2235 5026 μεῖξον
2263 4947 2730 5022 προαναστέλλων.

2032 5040 2258 5116 ιβῖυῦτω
2273 5038 2550 5110 πανταχοῦ
2569 5039 2660 5092 τὸν
2675 5037 2772 5108 μὲν
2789 5037 2980 5092 ἑαυτὸν
3000 5036 3074 5110 μὴ
3093 5036 3412 5110 βουλόμενον
3428 5041 3638 5096 ἀδικεῖν

1965 5137 2143 5201 οὐδεὶς
2178 5135 2366 5208 ἐτερος
2416 5135 2673 5206 ἀδικῆσαι
2699 5133 3014 5204 δυνήσεται*
3039 5133 3132 5187 τὸν
3162 5134 3220 5187 δέ
3251 5134 3351 5187 οὑκ
3387 5134 3638 5193 ἐθέλοντα

1966 5231 2176 5300 νήφειν,
2205 5229 2302 5284 καὶ
2326 5229 2395 5280 τά
2422 5229 2550 5298 παρ’
2579 5227 2768 5280 ἐαυτοῦ
2803 5227 3175 5298 συνεισφέρειν
3203 5227 3436 5292 οίκοθεν,
3465 5230 3638 5294 οὐδεὶς

1967 5325 2221 5378 οὐδέποτε
2259 5321 2550 5393 ὠφελήσει.
2581 5320 2678 5374 Διά
2710 5319 2868 5374 τοῦτό
2909 5337 2994 5374 σοι
3034 5321 3128 5374 καὶ
3156 5322 3190 5392 ἡ
3222 5320 3500 5392 θαυμασία
3527 5323 3637 5376 τῶν

1968 5412 2200 5486 Γραφῶν
2226 5413 2458 5484 ἱστορία,
2487 5411 2737 5484 καθάπερ
2775 5413 2833 5465 ἐν
2863 5411 3032 5466 είκόνι
3063 5411 3171 5466 τινί
3205 5411 3382 5484 ὑψηλῇ
3415 5415 3510 5468 καὶ
3544 5432 3610 5487 με

1969 5507 2112 5581 γάλῃ
2143 5507 2237 5561 καὶ
2276 5505 2411 5560 πολὺ
2435 5506 2497 5560 τὸ
2541 5501 2698 5579 εῦρος
2727 5505 2946 5577 ἐχούσῃ,
2985 5504 3096 5561 τῶν
3138 5505 3388 5560 παλαιῶν
3413 5508 3639 5579 ἀνεγράι

2033 5739 2174 5807 {Alii
2192 5741 2498 5792 κατεπίνετο.
