4002 6412
455 374 567 429 475

454 489 595 559 ψατο
624 486 750 551 τοὺς
786 485 957 559 βίους,
980 485 1089 542 ἀπὸ
1116 487 1207 539 τοῦ
1245 484 1415 556 ’Λδὰμ
1442 484 1604 556 μέχρι
1628 483 1724 554 τῆς
1761 480 1856 536 τοῦ
1890 480 2129 553 Χριστοῦ

456 573 762 646 παρουσίας
789 573 1078 627 ἐκτείνασα
1099 573 1197 643 τὴν
1225 571 1478 641 διήγησιν
1503 587 1515 600 ’
1550 571 1645 624 καί⁵
1675 567 1914 623 δείκνυσί
1935 585 2018 621 σοι
2037 567 2131 621 καὶ

455 662 582 726 τούς
618 658 1138 732 ὑποσκελιζομένους
1170 672 1220 724 δ,
1250 660 1345 712 καὶ
1371 659 1498 723 τούς
1523 656 2011 728 στεφανουμένους,
2047 656 2132 710 ἶνα

460 767 519 805 σε
543 748 631 804 διὰ
660 749 878 804 πάντων
901 748 1186 820 παιδεύσῃ,
1216 749 1296 802 ὅτι
1322 748 1413 802 τὸν
1440 747 1569 819 παρ’
1594 746 1787 801 ἐαυτοῦ
1818 746 1895 818 μή
1921 744 2133 800 ἀδικού-

461 855 622 909 μενον
658 838 832 901 οὐδεὶς
887 837 1072 909 ἔτερος
1118 836 1376 907 ἀδικῆσαι
1430 837 1738 908 δυνήσεται,
1785 836 1889 888 κᾶν
1920 834 2131 905 πᾶσαὴ

456 924 746 996 οἰκουμένη
804 925 941 996 πρὸς
997 925 1158 979 αὐτὸν
1210 924 1447 995 χαλεπὸν
1510 922 1842 997 ἀναῤῥιπίζῃ
1876 922 2131 992 πόλεμον.

458 1013 593 1069 Οὐτε
618 1014 726 1087 γὰρ
752 1014 1009 1068 δυσκολία
1038 1014 1404 1086 πραγμάτων,
1424 1011 1548 1066 οὐτε
1583 1012 1791 1085 καιρῶν
1819 1011 2131 1083 μεταϐολαὶ,

457 1101 578 1155 οὐτε
610 1102 1045 1157 δυναστευόντων
1074 1103 1351 1173 ἐπήρειαι,
1381 1100 1506 1154 οὐτε
1555 1099 1857 1154 ἐπιϐουλῶν
1890 1099 2132 1168 νιφάδες,

457 1190 581 1245 οὔτε
631 1192 928 1264 συμφορῶν
973 1192 1150 1262 ϐχλος,
1198 1191 1321 1244 οὔτε
1359 1192 1575 1246 πάντων
1607 1190 1714 1244 τῶν
1745 1191 1802 1243 ἐν
1829 1189 2135 1262 ἀνθρώποις

460 1279 645 1332 κακῶν
722 1278 1113 1349 συλλεγόμενος
1162 1281 1191 1333 6
1234 1279 1467 1351 φορυτδς
1515 1277 1928 1350 παρασαλεῦσαί
1956 1277 2134 1331 τικᾶν

460 1367 656 1438 μικρὸν
682 1367 969 1437 δυνήσεται
990 1367 1080 1420 τὸν
1118 1368 1385 1434 γενναῖον,
1418 1368 1513 1420 καὶ
1540 1369 1800 1436 νήφοντα,
1839 1367 1935 1441 καὶ
1963 1367 2132 1436 ἐγρη-

457 1454 656 1527 γορότα
675 1469 689 1483 ⁸
715 1453 905 1525 ὥσπερ
933 1450 1000 1508 αὖ
1026 1453 1118 1509 τὸν
1153 1454 1415 1526 ῥᾴθυμον,
1442 1456 1539 1507 καὶ
1563 1454 2013 1518 ἀναπεπτωκότα,
2040 1454 2136 1507 καί⁸

454 1542 668 1596 οἴκοθεν
717 1542 1134 1614 προδεδομένον,
1192 1541 1294 1596 κᾶν
1336 1541 1524 1614 μυρίαι
1558 1541 1940 1614 προσάγιυνται
1972 1541 2135 1613 θερα-

450 1632 631 1692 ⁶ττεῖαι,
659 1631 812 1684 οὐδὲν
835 1629 1044 1701 ἀμείνω
1072 1629 1299 1684 ποιοῦσι.
1339 1630 1510 1683 Τοῦτο
1534 1630 1665 1699 γοῦν
1692 1630 1786 1686 καὶ
1802 1632 1836 1702 ή
1854 1629 2137 1701 παραϐολὴ

462 1719 493 1786 ή
524 1719 649 1787 περί
680 1717 787 1770 τῶν
819 1716 1123 1789 ἀνθρώπων
1150 1717 1373 1772 ἐκείνων
1416 1717 1795 1790 παρεδήλωσεν
1822 1720 1977 1790 ἡμῖν,
2005 1710 2081 1771 ὧν
2109 1720 2138 1771 6

461 1804 558 1873 μὲν
590 1803 682 1858 ἐπὶ
709 1804 809 1873 τῆς
849 1804 1076 1875 πέτρας,
1122 1806 1152 1859 6
1191 1804 1248 1859 δὲ
1282 1806 1376 1860 ἐπὶ
1404 1806 1503 1877 τῆς
1543 1807 1771 1878 ψάμμου
1818 1807 1916 1877 τὴν
1959 1805 2138 1860 οἰκίαν

454 1887 769 1961 ᾠκοδόμησε
813 1890 909 1962 τὴν
959 1892 1155 1946 ἐαυτοῦ
1181 1910 1194 1924 ·
1239 1894 1338 1964 οὐχ
1373 1893 1462 1948 ἵνα
1507 1893 1734 1964 ψάμμον
1793 1893 1888 1948 καὶ
1933 1891 2137 1963 πέτραν

455 1977 759 2047 νοήσωμεν,
803 1977 917 2031 οὐθ’
962 1978 1048 2032 ἵνα
1084 1980 1374 2050 οἰκοδομὴν
1405 1979 1591 2045 λίθων,
1614 1980 1709 2033 καὶ
1753 1979 1972 2051 ὄροφον,
2024 1971 2145 2033 οὐθ’

456 2064 543 2117 ἵνα
586 2066 880 2136 ποταμοὺς,
948 2065 1103 2138 [4581
1139 2069 1237 2121 καὶ
1294 2067 1471 2133 ὐετὸν,
1511 2067 1606 2121 καί
1630 2067 1918 2139 πνεύματα
1972 2067 2138 2139 ἄγρια

455 2152 866 2221 προσπίπτοντα
917 2157 1036 2219 ταῖς
1091 2155 1432 2226 οἰκοδομαῖς,
1494 2154 1613 2209 ἀλλ’
1656 2155 1745 2209 ἵνα
1792 2154 1998 2227 ἀρετὴν
2043 2156 2141 2211 καὶ

454 2240 653 2294 κακίαν
699 2242 763 2294 ἐκ
810 2241 1016 2296 τούτων
1058 2242 1397 2313 ἐκλάϐωμεν,
1448 2243 1543 2296 καὶ
1589 2242 1788 2313 ίδωμεν
1846 2242 2139 2297 κάντεῦθεν

453 2327 536 2381 ὃτι
589 2328 678 2381 τὸν
738 2329 930 2383 ἐαυτὸν
990 2330 1065 2401 μὴ
1131 2329 1417 2385 ἀδικοῦντα
1465 2329 1639 2393 οὐδεὶς
1695 2326 1889 2384 ἀδικεῖ.
1931 2330 2140 2385 Οὐκοῦν

454 2413 578 2469 οὐτε
599 2417 627 2470 ό
658 2416 811 2481 ὑετὸς
841 2416 1017 2470 καίτοι
1067 2417 1338 2491 ῥαγδαίως
1376 2418 1695 2488 φερόμενος,
1726 2416 1851 2471 οὐτε
1878 2420 1929 2473 οί
1966 2436 2137 2474 ποτα-

460 2504 552 2571 μοὶ
602 2502 778 2574 πολλῷ
820 2503 983 2575 ῥοθίῳ
1013 2504 1469 2578 προσπίπτοντες,
1504 2504 1627 2560 οὐτε
1662 2505 1732 2559 τά
1761 2506 2044 2579 πνεύματα
2068 2509 2139 2563 τά

456 2589 623 2660 ἄγρια
657 2592 795 2661 μετὰ
841 2592 1074 2663 σφοδρᾶς
1111 2593 1211 2663 τῆς
1244 2593 1424 2665 ῥύμης
1458 2594 1863 2667 προσϐάλλοντα
1897 2598 2140 2669 παρεσά-

456 2676 653 2732 λευσάν
672 2696 725 2732 τι
759 2677 857 2749 τὴν
885 2679 1069 2735 οἰκίαν
1094 2681 1310 2753 ἐκείνην
1336 2680 1678 2753 ’ἀλλ’ἔμεινε
1700 2684 1795 2737 καὶ
1819 2684 2136 2757 ἀχείρωτος,

456 2764 552 2815 καὶ
580 2763 837 2835 ἀκίνητος
863 2781 877 2794 ·
913 2766 1001 2819 ἵνα
1041 2766 1239 2838 μάθῃς,
1271 2768 1353 2821 ὅτι
1386 2768 1477 2821 τὸν
1509 2769 1703 2824 ἐαυτὸν
1735 2771 1796 2824 οὐ
1821 2772 2137 2843 προδιδόντα

454 2851 627 2915 οὐδεὶς
657 2852 959 2924 πειρασμὸς
1009 2854 1419 2923 παρασαλεῦσαι
1447 2855 1690 2912 δύναται.
1729 2860 1790 2912 Ἦ
1815 2859 1873 2913 δὲ
1905 2858 1997 2913 τοῦ
2017 2861 2141 2914 -ἐτέ‹

458 2956 551 3010 ρου
592 2939 924 3010 κατεφέρετο
986 2941 1219 3012 ῥαδίως,
1253 2942 1318 2997 οὐ
1378 2942 1465 2996 διὰ
1508 2943 1608 3016 τὴν
1651 2945 1763 3001 τῶν
1815 2948 2138 3018 πειρασμῶν

455 3026 711 3097 ἐπιϐολήν
762 3022 820 3098 (ἦ
857 3028 885 3068 ι)
924 3026 1033 3098 γὰρ
1066 3028 1132 3082 ἂν
1174 3029 1270 3083 xal
1304 3030 1338 3100 ή
1376 3030 1537 3102 ἐτὲρα
1600 3033 1663 3085 τὸ
1717 3033 1850 3086 αὐτὸ
1890 3034 2135 3106 ἔπαθεν),

453 3112 591 3168 ἀλλὰ
630 3113 721 3167 διά
778 3114 878 3185 τὴν
941 3114 1148 3169 οἰκείαν
1201 3113 1418 3170 ἄνοιανο
1472 3116 1533 3169 οὐ
1566 3120 1674 3188 γάρ
1705 3119 1892 3191 ἐπειδὴ
1937 3120 2136 3191 ἄνεμος

456 3200 886 3272 προσέπνευσεν,
948 3201 1036 3255 διὰ
1094 3201 1253 3256 τοῦτο
1297 3202 1513 3269 ἔπεσεν,
1555 3205 1671 3258 ἀλλ’
1704 3204 1890 3279 ἐπειδὴ
1918 3209 2011 3262 ἐπὶ
2036 3209 2137 3279 τῆς

453 3290 684 3362 ψάμμου
707 3286 775 3364 ἦν
811 3292 1248 3364 οἰκοδομηθεῖσα,
1277 3290 1421 3347 τοῦτ’
1455 3294 1601 3351 ἐστιν
1630 3296 1723 3350 ἐπὶ
1743 3296 2017 3368 ῥᾳθυμίας
2042 3300 2137 3354 καὶ

455 3379 741 3451 πονηρίας,
772 3379 930 3434 τοῦτο
981 3381 1237 3436 πέπονθε.
1278 3382 1388 3436 Kal
1412 3384 1518 3454 γὰρ
1561 3383 1658 3437 καὶ
1685 3385 1814 3455 πρὶν
1848 3385 1996 3456 ἢτὸν
2021 3405 2136 3458 χει-

466 3468 614 3535 μῶνα
636 3466 960 3537 προσϐαλεῖν
986 3469 1210 3535 ἐκεῖνον,
1240 3468 1473 3542 ἀσθενής
1495 3488 1554 3525 τε
1581 3467 1650 3542 ἧν
1675 3472 1769 3527 καὶ
1791 3473 1925 3545 πρὸς
1942 3474 2003 3528 τὸ
2033 3492 2134 3529 πε-

462 3559 573 3610 σεῖν
603 3554 816 3626 ἐτοίμη.
855 3556 921 3608 Δί
948 3555 1057 3629 γάρ
1083 3556 1328 3611 τοιαῦται
1351 3559 1650 3630 οἰκοδομαίη
1683 3560 1777 3615 καὶ
1793 3561 2021 3632 μηδενὸς
2050 3564 2136 3617 ἐν·

457 3645 757 3717 οχλοῦντος,
773 3646 1069 3718 αὐτόματοι
1084 3651 1500 3721 καταφέρονται,
1519 3651 1929 3725 ὐποσυρομένης
1945 3654 2136 3719 αὐταῖς

453 3735 553 3805 τῆς
575 3734 838 3806 κρηπῖδος
888 3736 983 3789 καὶ
1012 3736 1192 3807 πάντη
1218 3736 1598 3811 διαρρεούσης.
1642 3740 1754 3793 Kal
1801 3739 2050 3814 καθάπερ
2076 3744 2136 3797 αί

458 3821 558 3890 μὲν
594 3821 827 3895 ἀράχναι
860 3822 1156 3893 αὐτόματοι
1195 3823 1550 3890 διασπῶνται,
1571 3825 1798 3899 μηδενὸς
1817 3827 2007 3893 αὐταῖς
2048 3832 2136 3884 ἐν-

454 3907 760 3978 οχλοῦντος,
788 3911 818 3964 6
849 3910 906 3964 δὲ
931 3911 1148 3982 ἀδάμας
1188 3913 1283 3967 καὶ
1312 3913 1606 3985 παιόμενος
1639 3915 1922 3981 άδιάλυτος
1948 3917 2127 3987 μένει·

454 3994 598 4050 οὕτω
619 3996 682 4068 δὴ
708 3998 802 4051 καί⁵
824 3998 875 4051 οἱ
907 3998 982 4070 μὴ
1014 3999 1239 4063 ἐαυτοὺς
1271 4000 1603 4068 ἀδικοῦντες,
1642 4002 1744 4057 κᾶν
1782 4003 1887 4058 ὐπὸ
1923 4006 2132 4077 μυρίων

456 4083 746 4151 παίωνται,
781 4086 1119 4157 ἰσχυρότεροι
1151 4087 1419 4155 γίνονταιο
1447 4089 1496 4141 οί
1530 4088 1586 4142 δὲ
1612 4090 1837 4154 ἐαυτοὺς
1855 4092 2132 4163 προδιδόν-

453 4186 569 4236 τες,
603 4171 708 4225 κᾶν
739 4172 927 4243 μηδεὶς
956 4174 986 4226 ό
1026 4174 1257 4244 ἐνοχλῶν
1289 4171 1347 4249 ᾖ,
1387 4176 1680 4247 αὐτόματοι
1715 4178 1991 4249 φέρονται,
2036 4183 2133 4236 καὶ

454 4257 788 4330 διαρρέουσι,
814 4259 908 4312 καὶ⁹
931 4259 1276 4316 ἀπόλλυνται.
1303 4264 1512 4335 Ὥσπερ
1538 4265 1631 4319 καὶ
1662 4267 1692 4318 6
1720 4266 2015 4334 Ἰούδας,οὐ
2038 4271 2133 4341 μό-

455 4361 545 4399 νον
569 4344 780 4408 οὐδενὸς
830 4346 1216 4417 ἐνοχλήσαντος
1246 4353 1553 4423 πειρασμοῦ
1571 4354 1835 4421 τοιούτου,
1873 4355 2010 4411 ἀλλά
2038 4359 2132 4413 καὶ

456 4432 663 4503 πολλῆς
681 4432 1004 4495 ἀπολαύσας
1035 4434 1135 4505 τῆς
1166 4435 1483 4506 θεραπείας,
1513 4440 1777 4497 ἀπώλετο.

509 4526 577 4590 ιγ’
583 4561 597 4576 .
627 4520 815 4575 Βούλει
831 4539 911 4576 σοι
923 4520 1110 4577 τοῦτον
1123 4525 1214 4577 καί
1225 4525 1317 4578 ἐπὶ
1333 4525 1394 4598 δή
1403 4544 1518 4597 μων
1529 4527 1720 4600 όλοκλή
1727 4531 2004 4601 ρωνσδείξω
2017 4533 2131 4588 διαο

456 4606 741 4678 λάμποντα
770 4609 860 4673 τόν
886 4608 1044 4680 λόγον
1069 4627 1083 4672 ;
1107 4610 1289 4684 Πόσης
1305 4613 1333 4666 6
1362 4613 1628 4668 Ἰουδαίων
1653 4615 1825 4686 δῆμος
1846 4619 2129 4692 ἀπήλαυσε

455 4695 747 4766 προνοίας;
807 4699 882 4751 Οὐ
917 4698 1070 4752 πᾶσα
1100 4699 1404 4771 ήόρωμένη
1444 4701 1621 4768 κτίσις
1658 4704 1796 4776 πρὸς
1825 4706 2129 4779 ὑπηρεσίαν

454 4782 637 4836 αὐτῶν
666 4787 1145 4856 παρεσκευάζετο;
1180 4789 1276 4843 καὶ
1311 4790 1497 4854 καινός
1528 4808 1613 4856 τις
1652 4794 1834 4860 αὐτοῖς
1860 4797 1954 4850 καὶ
1980 4798 2131 4864 ξένος

456 4869 707 4939 εἰσήγετο
732 4869 1012 4942 διαγωγῆς
1047 4874 1164 4945 βίου
1193 4878 1428 4949 τρόπος;
1478 4880 1612 4933 Οὐδὲ
1644 4880 1755 4953 γὰρ
1796 4885 1878 4948 είς
1921 4886 2129 4957 ἀγοράν

455 4957 760 5049 ἐνέϐαλλον,
796 4963 886 5014 καὶ
915 4962 1057 5017 οὕτω
1085 4965 1194 5021 τῶν
1220 4969 1397 5022 ὠνίων
1416 4969 1715 5042 άπήλαυον,
1738 4974 1839 5029 οὐκ
1866 4976 2129 5049 ἀργύριον

454 5047 834 5135 κατατιθέντες
847 5065 861 5078 ·
876 5050 998 5104 οὐδὲ
1015 5052 1257 5119 αὔλακας
1271 5056 1514 5129 ἔτεμνον,
1541 5060 1661 5114 οὐδὲ
1678 5062 1909 5135 ἄροτρον
1925 5047 2127 5134 εἷλκον,

453 5133 575 5188 οὐδὲ
605 5135 711 5205 γῆν
743 5136 1105 5208 ἐσπάραττον,
1146 5144 1267 5198 οὐδὲ
1305 5146 1595 5217 σπέρματα
1622 5133 1972 5222 κατέϐαλλον,
2007 5133 2129 5210 οὐδὲ

454 5222 859 5315 ὐετῶνὲὲδέοντο
886 5231 982 5282 καὶ
1008 5231 1233 5303 ἀνέμων¹
1249 5237 1344 5290 καὶ
1369 5237 1477 5292 τῶν
1507 5238 1603 5292 τοῦ
1647 5240 1801 5307 ἔτους
1826 5242 2004 5315 ὡρῶν,
2033 5246 2129 5315 οὐχ

451 5309 688 5400 ήλιακῆς
738 5313 987 5382 ἀκτῖνος,
1036 5320 1099 5373 οὐ
1154 5321 1456 5393 σεληνιαίου
1506 5325 1742 5399 δρόμου,
1801 5309 1887 5384 οὐ-
1916 5309 2130 5400 φύσεως

452 5397 634 5470 ἀέρος,
664 5401 764 5454 οὐκ
784 5402 947 5458 ἄλλου
969 5406 1077 5463 τῶν
1105 5409 1357 5465 τοιούτων
1384 5397 1633 5479 οὐδενός-⁸
1659 5418 1756 5489 οὐχ
1785 5397 1966 5472 ἆλωνα
1987 5434 2131 5491 παρ-

451 5486 770 5581 εσκεύαζον,
817 5491 878 5543 οὐ
927 5494 1139 5564 καρπὸν
1172 5496 1405 5569 ἔτριϐον,
1442 5503 1507 5556 οὐ
1548 5486 1875 5578 πνευμάτων
1899 5486 2130 5581 ἔχρῃζον

453 5574 591 5644 πρὸς
642 5575 704 5628 τὸ
746 5577 1017 5651 διακρῖναι
1042 5587 1168 5650 coire
1198 5588 1408 5660 πυροὺς
1447 5591 1556 5646 τῶν
1589 5574 1830 5667 ἀχύρων,
1852 5574 2128 5671 οὐμύλην

518 5694 545 5778 ζ
568 5694 1138 5778 ἑίἰί-ὐιποσλιελισθέντας,
1149 5712 1240 5778 ’καὶ
1261 5711 1372 5768 τοὺς
1386 5718 1787 5778 στεφανωθέντας.

451 5753 545 5863 har
558 5756 791 5871 ἑίιιέιυρτει
817 5753 967 5814 ιἐςιίο
990 5753 1962 5839 Μοὲὲίιῖἷι’ἑόιῖλέὲῐῦἶΓέΞὶ-ἶῖῗΜοιιιι.
1989 5787 2131 5850 lege-

1125 411 1131 417 .
1231 372 1288 425 S.
1332 368 1616 425 JOANNIS
1653 365 2141 423 CllllYSOSTOSII
2181 364 2512 419 ARCIIIEI’.
2560 364 3107 421 (ZONSTANTINOP.
3192 348 3195 357 V
3774 376 3857 434 57;

2234 480 2510 550 ἔστρεφον,
2570 483 2631 535 οὐ
2689 481 2939 536 κλίϐανον
2986 481 3322 552 ᾠκοδόμουν,
3376 480 3436 533 οὐ
3486 480 3612 549 ξύλα
3652 487 3732 539 καὶ
3771 492 3860 561 πῦρ

2234 572 2314 634 εἰς
2368 571 2466 636 τὴν
2517 572 2695 626 οἰκίαν
2721 571 2962 641 εἰσῆγον,
2994 572 3095 624 οὐκ
3134 571 3551 643 ἀρτοποιητικῆς
3589 573 3774 630 ἐδέοντο
3790 579 3861 633 τέ-

2234 678 2388 732 χνης,
2450 661 2513 715 οὐ
2554 657 2830 730 μάκελλαν
2893 660 3297 732 μετεχείριζον,
3351 661 3414 715 οὐ
3457 661 3717 734 δρεπάνην
3757 667 3863 737 ἠκό-

2234 766 2362 815 νων,
2392 748 2493 802 οὐκ
2521 748 2689 819 ἄλλης
2715 748 2862 810 τινὸς
2889 748 3099 802 ἐδέοντο
3141 748 3358 820 τέχνης,
3417 750 3704 823 ὑφαντικῆς
3746 754 3867 824 λέγω

2238 838 2331 890 καὶ
2372 836 2723 907 οἰκοδομικῆς
2747 876 2762 899 ,
2814 837 2910 889 καὶ
2966 837 3066 908 τῆς
3124 836 3193 890 τὰ
3258 837 3578 909 ὑποδήματα
3634 844 3866 912 παρεχού-

2238 942 2338 997 σης
2357 935 2378 964 ε
2396 940 2410 955 '
2430 924 2567 979 ἀλλά
2599 924 2778 978 πάντα
2802 919 2871 995 ἦν
2902 923 3086 988 αὐτοῖς
3107 926 3137 978 6
3157 924 3252 978 τοῦ
3272 924 3411 979 Θεοῦ
3425 924 3598 996 λόγος.
3620 928 3723 982 Καὶ
3742 931 3867 1001 ἐσχο·

2235 1012 2535 1084 διασμένην
2587 1008 2732 1083 εἶχον
2775 1013 3078 1082 τράπεζαν,
3131 1012 3228 1067 καὶ
3291 1012 3530 1085 ἱδρώτων
3581 1017 3673 1070 καὶ
3719 1018 3868 1072 πόνων

2236 1100 2687 1173 ἀπηλλαγμένην.
2716 1100 2955 1171 Τοιαύτη
2986 1099 3096 1173 γὰρ
3125 1102 3157 1171 ή
3182 1100 3276 1154 τοῦ
3318 1102 3495 1173 μάννα
3525 1101 3678 1174 φύσις
3695 1119 3708 1133 ·
3729 1107 3868 1176 νεαρὰ

2237 1206 2297 1244 τε
2326 1192 2421 1244 καὶ
2462 1190 2795 1261 πρόσφατος,
2821 1188 2918 1243 καὶ
2945 1188 3184 1259 οὐδαμοῦ
3209 1189 3523 1260 παρέχουσα
3549 1191 3722 1255 αὐτοῖς
3749 1194 3867 1262 πρά-

2238 1295 2446 1349 γματα,
2483 1278 2605 1331 οὐδὲ
2635 1276 3029 1332 κατατείνουσα
3061 1278 3227 1347 πόνῳ.
3257 1278 3368 1331 Kal
3405 1278 3474 1331 τὰ
3503 1278 3684 1349 ἰμάτια
3712 1278 3764 1332 δὲ
3787 1281 3867 1334 αὐ-

2239 1370 2373 1432 τοῖς,
2402 1367 2499 1420 καί.
2517 1367 2585 1421 τὰ
2611 1367 2959 1437 ὑποδήματα,
3008 1367 3103 1420 καὶ
3128 1367 3267 1437 αὐτὴ
3297 1367 3329 1437 ἡ
3360 1366 3455 1420 τοῦ
3481 1366 3718 1437 σώματος
3737 1367 3868 1437 φύσις

2239 1455 2337 1526 τῆς
2365 1454 2579 1520 οἰκείας
2604 1454 3000 1512 ἐπελανθάνετο
3018 1454 3332 1533 ἀσθενείαςο
3357 1457 3417 1510 ἐν
3439 1454 3550 1526 γὰρ
3569 1455 3733 1527 χρόνῳ
3753 1455 3869 1509 οὕτω

2243 1542 2441 1616 μακρῷ
2464 1542 2588 1597 οὐτε
2614 1544 2799 1597 ἐκεῖνα
2823 1542 3089 1615 ἐτρίϐετο,
3114 1542 3240 1597 οὐτε
3274 1544 3324 1597 οἰ
3354 1543 3514 1607 πόδες
3534 1543 3706 1598 αὐτῶν
3723 1544 3868 1599 καίτοι

2239 1631 2475 1688 τοσαῦτα
2505 1631 2656 1705 [459]
2691 1630 3017 1705 βαδιζόντων
3054 1631 3424 1704 ἐτυλώθησαν.
3463 1632 3678 1703 ’ἰατρῶν
3721 1634 3867 1697 αὐτοῖς

2242 1722 2337 1775 καὶ
2364 1723 2693 1794 φαρμάκων,
2718 1722 2935 1789 καὶτῆς
2966 1719 3132 1791 ἄλλης
3159 1720 3259 1792 τῆς
3283 1721 3413 1792 περὶ
3436 1720 3683 1791 τοιαύτην
3706 1719 3866 1791 τέχνην

2242 1806 2501 1877 σπουδῆς,
2539 1805 2661 1859 οὐδὲ
2696 1806 2884 1878 μνήμη
2906 1823 2992 1870 τις
3015 1802 3085 1879 ἦν
3122 1806 3182 1857 ἐν
3216 1804 3433 1868 αὐτοῖς’
3468 1803 3610 1857 οὕτω
3642 1803 3774 1855 πᾶσα
3794 1804 3864 1855 ἐκ·

2243 1887 2419 1943 ποδὼν
2449 1889 2733 1962 ἀρῥωστία
2767 1885 2857 1962 ἦν.
2906 1890 3188 1959 Ἐ’ξήγαγε
3221 1889 3333 1960 γὰρ
3368 1887 3591 1954 αὐτοὺς
3622 1887 3688 1940 ἐν
3723 1886 3865 1955 ἀργυ-

2233 1972 2346 2040 ρίῳ
2378 1971 2477 2028 καὶ
2528 1973 2780 2042 χρυσίῳ,
2817 1974 2983 2046 φησί·
3015 1975 3113 2028 καὶ
3161 1976 3274 2028 οὐκ
3315 1969 3393 2044 ἦν
3433 1972 3505 2026 ἐν
3538 1972 3659 2035 ταῖς
3685 1969 3867 2040 φυλαῖς

2241 2054 2442 2109 αὐτῶν
2481 2057 2515 2109 ό
2552 2055 2848 2112 ἀσθενῶν.
2903 2056 3043 2111 Ἀλλ’
3088 2056 3281 2128 ὥσπερ
3329 2056 3423 2111 τὸν
3474 2056 3673 2125 κόσμον
3716 2054 3865 2107 τοῦτον

2241 2137 2491 2207 ἀφέντες,
2519 2138 2771 2211 καὶπρὸς
2796 2140 2991 2211 ἑτέραν
3017 2139 3260 2211 βελτίονα
3283 2138 3707 2212 μετοικισθέντες
3728 2140 3868 2190 οἰκου-

2246 2222 2435 2293 μένην,
2468 2222 2641 2287 οὖτως
2686 2222 2891 2294 ήσθιον,
2928 2223 3104 2289 οὕτως
3146 2223 3350 2290 ἔπινον,
3391 2223 3489 2278 καὶ
3522 2221 3642 2276 οὔτε
3678 2224 3708 2293 ή
3743 2219 3864 2281 ἀκτὶς

2242 2305 2547 2379 θερμοτέρα
2573 2307 2834 2385 γινομένη
2870 2308 2969 2371 τίις
3001 2307 3244 2378 κεφαλὰς
3268 2307 3505 2378 ἐπληττε
3532 2307 3627 2371 τὰς
3650 2306 3836 2361 ἐκείνων
3852 2321 3863 2333 ο

2241 2387 2523 2459 διετείχιζε
2543 2388 2652 2460 γὰρ
2674 2390 2772 2462 τὴν
2792 2390 2971 2460 φλόγα
2991 2391 3189 2462 νεφέλη
3213 2391 3483 2445 πάντοθεν
3506 2390 3816 2463 αἰωρουμένη
3826 2387 3864 2451 δν

2243 2473 2339 2526 καὶ
2394 2473 2738 2545 περιφορητὴ
2778 2474 3035 2546 γινομένη
3089 2475 3257 2545 στέγη
3307 2478 3420 2538 τοῖς
3484 2475 3668 2546 δήμοις
3704 2475 3865 2529 ἅπασιν

2241 2556 2489 2621 ἐκείνοις.
2527 2558 2665 2611 Ἀλλ’
2694 2557 2817 2612 οὐτε
2836 2561 2894 2613 ἐν
2920 2559 3077 2613 νυκτὶ
3100 2558 3381 2629 λαμπάδος
3410 2560 3623 2613 ἐδέοντο
3650 2558 3738 2631 τῆς
3760 2558 3866 2611 6m-

2243 2641 2445 2713 ρούσης
2477 2643 2539 2697 τὸ
2589 2644 2796 2707 σκότος,
2836 2643 2953 2697 ἀλλ’
2987 2639 3056 2716 ἦν
3096 2645 3279 2707 αὐτοῖς
3323 2646 3352 2698 ό
3387 2644 3582 2709 στῦλος
3611 2643 3697 2698 τοῦ
3733 2641 3866 2723 πυρὸς

2243 2725 2394 2797 πηγὴ
2429 2727 2606 2797 φωτὸς
2637 2727 2870 2797 ἀφάτου,
2912 2726 3007 2781 δύο
3037 2728 3229 2799 χρείας
3267 2728 3549 2800 παρέχων,
3588 2729 3683 2800 τήν
3715 2744 3764 2780 τε
3784 2726 3867 2779 ἀπὸ

2240 2810 2334 2862 τοῦ
2366 2810 2598 2878 φαίνειν,
2628 2813 2725 2882 τήν
2744 2827 2805 2863 τε
2834 2809 2944 2863 ἀπὸ
2962 2810 3057 2864 τοῦ
3082 2810 3432 2865 κατευθύνειν
3460 2813 3639 2875 αὐτοῖς
3657 2811 3744 2881 τὴν
3761 2811 3866 2863 am.

2239 2891 2461 2963 δημεανο
2503 2894 2577 2947 Οὐ
2616 2895 2727 2965 γὰρ
2756 2893 3049 2966 φωτοειδὴς
3096 2894 3256 2965 μόνον
3287 2890 3375 2967 ἦν,
3411 2896 3556 2950 ἀλλὰ
3583 2897 3670 2949 καί
3713 2895 3867 2967 ὁδηγοῦ

2241 2974 2444 3038 παντὸς
2494 2976 2886 3048 ἀκριϐέστερον
2931 2976 3291 3048 ἐχειραγώγει
3333 2979 3480 3034 κατὰ
3512 2980 3608 3052 τὴν
3648 2980 3822 3052 ἔρημον
3849 2990 3868 3018 ο

2242 3060 2456 3129 ἐκείνην
2493 3060 2584 3115 τὸν
2629 3061 2856 3133 ἄπειρον
2887 3060 3057 3132 δῆμον
3095 3063 3324 3118 ἐκεῖνον.
3369 3064 3648 3128 Ἐϐάδιζον
3689 3065 3756 3130 δὲ,
3794 3063 3867 3115 οὐκ

2241 3144 2333 3197 ἐπὶ
2356 3145 2460 3213 γῆς
2489 3144 2667 3214 μόνον,
2701 3144 2839 3198 ἀλλά
2875 3146 2969 3198 καὶ
2997 3146 3091 3198 ἐπὶ
3122 3145 3223 3217 τῆς
3250 3145 3531 3218 θαλάσσης
3554 3148 3628 3211 ὼς
3658 3147 3742 3201 ἐπὶ
3761 3146 3864 3215 γῆς·

2239 3227 2336 3280 καὶ
2380 3224 2489 3281 τῶν
2540 3227 2682 3298 ὅρων
2732 3228 2830 3299 τῆς
2882 3227 3100 3297 φύσεως
3148 3230 3521 3301 κατετόλμων,
3574 3231 3634 3285 τὸ
3678 3228 3866 3302 χαλεπὸν

2240 3312 2416 3364 ἐκεῖνο
2446 3309 2767 3375 πεζεύοντες
2805 3311 3065 3380 πέλαγος,
3098 3312 3174 3376 ὡς
3206 3313 3294 3367 διὰ
3323 3316 3540 3387 πέτρας
3568 3317 3778 3388 στερρᾶς
3797 3313 3869 3365 καὶ

2239 3388 2535 3448 ἀντιτύπου
2560 3393 2704 3458 τινὸς
2733 3394 3167 3468 ὁδοιποροῦντες·
3199 3399 3295 3450 καὶ
3335 3398 3423 3451 ὅτε
3457 3398 3558 3470 μὲν
3592 3399 3759 3462 αὐτοῖς
3790 3397 3867 3449 ὐπ-

2240 3480 2550 3551 εστόρεστο,
2578 3481 2681 3552 γῆν
2701 3482 2956 3551 ἐμιμεῖτο
2986 3480 3222 3555 στερῥάν
3242 3481 3305 3535 τὸ
3336 3485 3624 3555 στοιχεῖον,
3642 3483 3729 3538 καὶ
3745 3481 3868 3534 πεδία

2241 3561 2424 3626 ὕπτια,
2454 3562 2548 3617 καὶ
2582 3564 2855 3636 ἀρούρας·
2890 3565 2980 3618 ὅτε
3016 3565 3074 3618 δὲ
3108 3565 3237 3629 τούς
3282 3565 3518 3637 ἐχθροὺς
3557 3566 3785 3630 ἐπέλαϐε,
3813 3566 3865 3615 τὰ

2239 3645 2511 3715 θαλάττης
2544 3649 2964 3719 κατειργάζετο*
2999 3648 3094 3703 καὶ
3124 3649 3308 3714 αὐτοῖς
3341 3649 3441 3719 μὲν
3468 3650 3681 3719 ἐγένετο
3702 3649 3866 3720 δχημα,

2237 3734 2351 3796 τοῖς
2380 3731 2439 3785 δὲ
2472 3731 2799 3804 πολεμοῦσιν
2837 3733 3034 3797 αὐτοὺς
3064 3734 3235 3803 τάφος
3253 3749 3267 3763 ⁸
3296 3734 3427 3798 τοὺς
3474 3736 3574 3806 μὲν
3602 3735 3715 3807 μετ’
3744 3734 3867 3785 εὐκο-

2237 3816 2358 3880 λίας
2389 3816 2857 3887 παραπέμπουσα,
2888 3817 3015 3881 τοὺς
3044 3816 3101 3871 δέ
3134 3818 3272 3888 μετά
3315 3817 3521 3891 πολλῆς
3555 3819 3652 3890 τῆς
3686 3816 3868 3888 σφοδρό-

2235 3916 2396 3970 τητος
2426 3899 2919 3965 καταποντίζουσα.
2938 3900 3050 3955 Kal
3070 3902 3104 3972 ή
3133 3901 3365 3964 ἄτακτος
3381 3902 3498 3958 τῶν
3512 3903 3713 3959 ὑδάτων
3733 3901 3867 3973 ῥύμη.

2238 3982 2446 4053 ἀνδρῶν
2475 3982 2710 4051 λογικῶν
2731 3984 2828 4036 καὶ
2853 3984 3240 4037 συνετωτάτων
3272 3983 3367 4038 καὶ
3393 3984 3649 4053 εὐταξίαν
3677 3984 3760 4037 καὶ
3791 3983 3860 4034 ὐπ-

2238 4070 2408 4138 ακοὴν
2436 4066 2801 4131 ἐπεδείκνυτο,
2833 4066 2929 4121 νῦν
2951 4065 3052 4138 μὲν
3075 4066 3335 4136 φύλακος,
3377 4067 3479 4122 νῦν
3508 4068 3565 4123 δέ
3588 4067 3766 4139 δημίου
3796 4066 3848 4118 τά

2238 4147 2320 4215 ξιν
2349 4151 2647 4220 ἐπέχουσα,
2686 4149 2782 4203 καὶ
2815 4150 2874 4203 ἐν
2898 4149 3084 4221 ἡμέρᾳ
3110 4151 3210 4220 μιᾷ
3235 4151 3303 4203 τὰ
3327 4150 3551 4206 ἐναντία
3575 4151 3756 4223 ἀθρόον
3775 4152 3847 4202 ἐπι

2236 4235 2583 4305 δεικνυμένη.
2618 4234 2684 4288 Τί
2711 4234 2778 4288 ἄν
2808 4249 2893 4298 τις
2942 4236 3087 4287 εἴποι
3130 4235 3231 4298 τὰς
3262 4235 3494 4305 πέτρας,
3528 4236 3585 4292 αἳ
3634 4235 3839 4305 ποταμοὶ

2236 4318 2470 4393 ῂφίεσαν
2497 4319 2737 4393 ὐδάτων;
2764 4317 2817 4370 τί
2841 4317 2900 4393 δὲ
2923 4317 3150 4393 τὰκνέφη
3174 4317 3286 4393 τῶν
3313 4318 3568 4393 όρνίθων,
3600 4320 3648 4373 οἳ
3673 4319 3743 4390 τῷ

2237 4387 2320 4444 θει
2353 4390 2462 4444 τῶν
2494 4392 2764 4460 σωμάτων
2813 4389 2913 4459 τὴν
2951 4389 3051 4460 γῆν
3090 4387 3419 4459 ἀπέκρυψαν
3466 4387 3788 4456 άπασανξτί
3816 4392 3868 4439 τα

2234 4475 2294 4531 ἐν
2339 4473 2602 4545 Αἰγύπτῳ
2652 4471 2942 4543 θαύματα;
2970 4472 3024 4525 τί
3054 4473 3125 4525 τὰ
3173 4473 3231 4525 ἐν
3268 4474 3463 4545 ἐρήμῳ
3514 4473 3801 4546 παράδοξα;
3827 4470 3869 4521 τί

2235 4562 2305 4615 τὰ
2330 4560 2568 4632 τρόπαια
2594 4559 2688 4613 καὶ
2723 4560 2823 4622 τάς
2856 4557 3010 4621 νίκας
3046 4558 3146 4620 τὰς
3170 4556 3441 4627 ἀναιμωτὶ
3472 4558 3771 4630 γινομένας;
3800 4556 3867 4613 Ὠς

2234 4643 2343 4716 γάρ
2380 4643 2715 4716 χορεύοντες,
2751 4643 2850 4713 οὐχ
2894 4642 2970 4705 ὡς
3008 4639 3368 4712 πολεμοῦντες
3393 4644 3523 4707 τοὺς
3566 4642 3880 4696 ἀντιπίπτον-

2232 4745 2333 4791 τας
2373 4725 2700 4800 ἐχειροῦντο.
2739 4727 2850 4781 Kal
2889 4724 2998 4779 τῶν
3032 4725 3132 4795 μὲν
3175 4724 3389 4779 οἰκείων
3430 4725 3702 4780 δεσποτῶν
3733 4725 3871 4795 χωρὶς

2235 4812 2417 4867 ὃπλων
2447 4813 2789 4884 ἐκράτησαν·
2827 4810 2936 4863 τῶν
2960 4808 3016 4863 δὲ
3048 4808 3189 4881 μετά
3225 4809 3325 4880 τήν
3353 4809 3630 4880 Αἴγυπτον
3662 4807 3868 4883 μαχομ-

2234 4914 2343 4952 νων
2371 4898 2575 4963 αὐτοῖς,
2618 4894 2968 4960 σαλπίζοντες
3000 4893 3096 4947 καὶ
3139 4892 3453 4964 ψάλλοντες,
3488 4892 3633 4949 οὕτω
3659 4889 3869 4965 περιεγέ-

2235 4996 2419 5041 νοντο·
2449 4983 2543 5036 καὶ
2595 4977 2663 5054 ἦν
2694 4981 2881 5054 χορεία
2934 4979 3198 5052 μᾶλλονῆ
3243 4979 3481 5051 πόλεμος
3518 4997 3587 5036 τα
3627 4981 3868 5051 γινόμενα,

2239 5067 2601 5139 μυσταγωγία
2626 5065 2878 5137 μᾶλλονῆ
2906 5065 3075 5137 μάχη.
3099 5065 3210 5119 Kal
3234 5064 3341 5136 γάρ
3363 5066 3542 5121 πάντα
3565 5066 3631 5121 τά
3647 5066 3870 5136 τεράστια

2233 5149 2407 5204 ταῦτα
2433 5150 2495 5203 οὐ
2529 5150 2618 5204 διὰ
2641 5149 2802 5204 τοῦτο
2829 5151 3044 5220 ἐγένετο
3072 5149 3252 5220 μόνον,
3289 5150 3375 5203 ἵνα
3395 5150 3495 5221 τὴν
3516 5152 3702 5223 χρείαν
3723 5150 3872 5207 αὐτοῖς

2236 5234 2522 5308 πληρώσῃ,
2571 5234 2687 5289 ἀλλ’
2736 5235 2823 5290 ἵνα
2862 5235 2960 5289 καὶ
2995 5233 3095 5305 τὴν
3136 5232 3510 5299 διδασκαλίαν,
3542 5237 3611 5307 ῆν
3650 5234 3873 5304 ἐνέθηκεν

2233 5324 2420 5385 αὐτοῖς
2455 5324 2485 5375 6
2517 5320 2777 5393 Μωῦσῆς,
2817 5315 2917 5391 τῆς
2945 5320 3275 5390 θεογνωσίας
3314 5320 3701 5394 ἀκριϐέστερον
3720 5321 3872 5388 διατη-

2238 5408 2477 5478 ρήσωσιο
2508 5406 2602 5460 καί.
2630 5406 2805 5475 φωναί
2843 5405 3181 5476 πανταχόθεν
3218 5405 3473 5478 ἐφέροντο
3514 5407 3605 5460 τὸν
3633 5404 3871 5471 Δεσπότην

2235 5491 2731 5564 ἀνακηρύττουσαι.
2785 5491 2898 5545 Kal
2922 5490 3032 5562 γὰρ
3071 5491 3107 5561 ή
3138 5490 3376 5545 θάλαττα
3413 5490 3593 5545 ταῦτα
3637 5491 3776 5555 ἐϐόα,
3796 5487 3871 5542 νῦν

2300 5602 2322 5631 ε
2365 5597 2685 5658 Manuscripli
2722 5603 2779 5659 el
2820 5597 2972 5649 Savil.
3019 5599 3070 5646 in
3112 5609 3267 5659 marg.
3311 5597 3368 5647 οὗ
3397 5604 3482 5658 τῆς
3521 5599 3583 5647 τὰ
3619 5599 3874 5659 ὑποδήματα

2233 5679 2366 5725 περιε
2399 5661 2564 5721 ούσης,
2589 5660 2740 5709 Βεγίἰ.
2767 5658 2817 5708 in
2845 5667 2985 5710 textu
3008 5660 3092 5708 καὶ
3112 5665 3196 5718 τῆς
3226 5658 3339 5724 περὶ
3373 5660 3432 5708 τά
3469 5662 3746 5723 ὑποδήματα
3761 5666 3872 5720 εισι-

2236 5741 2341 5784 σης,
2364 5680 2537 5772 ;iorel.
2559 5723 2640 5770 καὶ
2660 5729 2745 5781 τῆς
2766 5724 2827 5771 τὰ
2846 5723 3134 5784 ὑποδήματα
3150 5720 3466 5785 παρεχούσης.
3801 5781 3810 5785 _

2299 5777 2448 5849 εἶἈΙίἰ
2472 5777 2854 5849 ἀπαιωρουμένη,
2879 5785 2963 5835 alii
2986 5777 3365 5848 ἐπαιωρουμὲνη,
3391 5777 3564 5835 ﬂore].
3591 5781 3867 5846 αἰωρουμένη-

2303 5852 2327 5878 ⁹
2346 5845 2445 5898 Alii
2466 5849 2588 5895 κατὰ
2609 5845 2693 5906 τὴν
2708 5845 2920 5913 ἤπειρον.
