4002 6448
317 437 423 495 473

315 553 461 609 velut
490 553 545 608 in
567 550 741 624 effigie
769 551 993 624 quadam
1022 551 1232 608 sublimi
1257 566 1555 623 magnaque
1578 592 1592 618 ,
1618 560 1673 607 et
1699 550 1752 605 in
1780 564 1894 604 ma-

318 658 475 711 gnam
502 643 836 699 latitudinem
862 652 1079 699 extensa
1104 684 1120 709 ,
1158 651 1395 698 veterum
1425 642 1562 698 vitas
1588 640 1896 710 descripsit,

321 734 629 790 narratione
656 734 727 789 ab
748 735 917 790 Adam
949 749 1116 805 usque
1145 732 1213 789 ad
1238 733 1435 789 Christi
1468 732 1751 788 adventum
1781 745 1903 801 pro-

323 825 477 881 ducta
502 843 518 881 :
547 825 883 896 ostenditque
910 825 1003 880 tibi
1030 833 1137 880 tam
1176 825 1539 895 supplantatos
1562 864 1577 887 ,
1624 836 1783 893 quam
1811 834 1904 875 co-

323 927 582 985 ronatos,
631 928 689 974 ut
735 919 971 974 omnium
1000 916 1266 986 exemplis
1293 925 1342 972 te
1370 914 1593 981 doceat,
1638 929 1759 970 cum
1811 913 1902 984 qui

321 1011 559 1078 seipsum
585 1023 693 1063 non
716 1008 895 1076 laedat,
926 1024 956 1063 a
979 1009 1193 1064 nemine
1217 1009 1324 1062 alio
1352 1006 1469 1062 lredi
1499 1021 1677 1077 posse,
1695 1005 1902 1061 etiamsi

324 1108 468 1153 totus
490 1098 636 1172 orbis
655 1114 816 1170 grave
835 1109 1019 1158 contra
1045 1100 1192 1155 illum
1217 1099 1447 1155 concitet
1470 1098 1692 1154 bellum.
1721 1096 1904 1167 Neque

325 1190 472 1245 enim
511 1189 795 1249 difficultas
816 1205 993 1246 rerum
1017 1230 1034 1258 ,
1079 1205 1179 1246 nec
1217 1198 1515 1260 temporum
1546 1188 1900 1253 mutationes,

325 1295 429 1337 nec
473 1290 747 1352 potentum
781 1279 1027 1351 injuriae,
1071 1296 1245 1351 neque
1287 1280 1598 1337 insidiarum
1636 1288 1902 1350 tamquam

327 1371 529 1427 nivium
558 1372 776 1439 imbres,
807 1387 979 1443 neque
1004 1372 1364 1428 calamitatum
1392 1372 1702 1438 multitudo,
1732 1385 1905 1441 neque

324 1463 565 1517 omnium
584 1502 600 1528 ,
638 1462 828 1534 quibus
853 1462 1096 1519 homines
1120 1473 1433 1534 premuntur
1457 1505 1472 1529 ,
1508 1462 1771 1518 malorum
1797 1462 1905 1517 col-

328 1553 500 1609 lectus
542 1568 765 1609 acervus
788 1596 804 1622 ,
855 1569 1173 1626 generosum
1198 1596 1213 1620 ,
1260 1552 1491 1610 sobrium
1518 1569 1581 1609 ac
1600 1554 1905 1624 vigilantem

330 1644 413 1700 vel
435 1660 620 1714 parum
649 1644 969 1702 labefactare
993 1646 1192 1716 poterit
1217 1662 1231 1700 :
1258 1644 1708 1716 quemadmodum
1739 1644 1901 1701 vicis-

334 1737 438 1791 sim
490 1738 733 1806 ignavum
758 1777 775 1805 ,
819 1736 1110 1808 collapsum
1134 1777 1152 1803 ,
1199 1747 1255 1795 et
1305 1754 1337 1794 a
1379 1739 1557 1809 seipse
1604 1737 1903 1808 proditum,

330 1825 547 1881 etiamsi
584 1827 805 1882 infinita:
838 1829 1142 1884 curationes
1171 1828 1586 1899 admoveantur,
1627 1828 1794 1884 nihilo
1832 1828 1908 1883 fa-

328 1917 480 1971 ciunt
507 1917 802 1974 meliorem.
830 1919 944 1974 Hoc
965 1919 1224 1988 siquidem
1252 1920 1413 1975 etiam
1441 1920 1729 1976 insinuavit
1754 1920 1908 1975 nobis

328 2008 422 2064 illa
450 2009 702 2079 parabola
729 2010 798 2067 de
826 2012 1130 2069 hominibus
1157 2012 1291 2081 illis,
1319 2029 1545 2084 quorum
1585 2012 1722 2069 alter
1748 2028 1911 2082 super

328 2108 538 2170 petram
562 2142 580 2167 ,
616 2116 777 2171 super
800 2118 1014 2158 arenam
1045 2104 1181 2159 alter
1226 2118 1376 2159 suam
1421 2103 1638 2160 domum
1682 2104 1913 2159 aedifica—

333 2190 410 2245 vit
440 2191 666 2263 (Matth.
696 2194 747 2247 7.
776 2192 866 2250 24.
900 2196 1050 2265 sqq.)
1079 2212 1093 2251 :
1121 2211 1226 2251 non
1259 2205 1317 2251 ut
1350 2212 1567 2251 arenam
1609 2206 1663 2252 et
1703 2205 1910 2267 petram

335 2281 730 2353 intelligamus,
778 2299 878 2341 nec
919 2294 1244 2343 structuram
1283 2287 1552 2359 lapidum,
1594 2297 1649 2345 et
1676 2298 1905 2352 tectum,

331 2388 511 2444 neque
535 2382 593 2430 ut
619 2374 832 2431 ﬂumina
856 2417 873 2443 ,
912 2387 967 2434 et
1008 2379 1241 2449 pluviam
1264 2420 1281 2446 ,
1316 2388 1371 2435 et
1404 2394 1580 2435 saevos
1612 2380 1829 2450 spiritus
1855 2381 1907 2435 in

332 2464 559 2520 :cdificia
586 2466 885 2534 irruentes;
915 2469 1008 2524 sed
1049 2479 1107 2525 ut
1143 2472 1394 2526 virtutem
1423 2480 1478 2527 et
1502 2471 1685 2527 vitium
1725 2487 1790 2528 ex
1828 2471 1910 2527 his

329 2555 648 2626 colligamus
666 2597 684 2625 ,
713 2566 871 2629 atque
894 2561 1055 2616 etiam
1081 2561 1207 2619 hinc
1231 2564 1612 2633 perspiciamus
1630 2606 1647 2632 ,
1669 2580 1790 2620 eum
1820 2566 1910 2637 qui

330 2660 395 2703 se
434 2647 548 2716 ipse
583 2663 685 2703 non
718 2649 875 2705 laedat
902 2666 933 2705 a
959 2653 1172 2709 nemine
1216 2654 1358 2709 laedi.
1405 2653 1546 2725 Ergo
1584 2671 1684 2711 nec
1722 2657 1912 2727 pluviae

330 2751 525 2807 magna
552 2753 869 2811 quamquam
901 2743 951 2796 vi
988 2742 1214 2811 delata},
1258 2759 1434 2816 neque
1468 2743 1686 2800 ﬂumina
1719 2762 1912 2817 magno

332 2829 536 2900 impetu
566 2834 842 2900 irruentia,
872 2850 1043 2905 neque
1062 2836 1187 2891 saevi
1217 2837 1436 2908 spiritus
1463 2840 1762 2895 vehementi
1788 2856 1909 2896 cum

322 2921 536 2979 insultu
566 2923 775 2990 adorti,
824 2935 1031 2996 partem
1057 2929 1217 2983 ullam
1245 2930 1435 2986 domus
1462 2930 1602 2987 illius
1626 2931 1911 2988 labefacta-

332 3024 493 3081 runt;
541 3015 634 3071 sed
660 3018 853 3073 mansit
877 3028 931 3075 et
971 3021 1421 3092 inexpugnabilis,
1463 3034 1517 3081 et
1561 3025 1776 3081 immota
1809 3045 1823 3081 :
1856 3035 1913 3082 ut

332 3103 533 3172 discas,
565 3107 655 3177 qui
685 3109 881 3179 seipse
907 3126 1014 3166 non
1042 3114 1261 3183 prodat,
1294 3131 1415 3170 eum
1448 3116 1590 3171 nulla
1623 3118 1913 3174 tentatione

302 3188 495 3268 ‘posse
520 3197 846 3255 labefactari.
886 3202 956 3258 At
983 3203 1072 3259 illa
1116 3205 1335 3261 alterius
1383 3207 1540 3263 facile
1579 3224 1764 3264 eversa
1794 3218 1910 3277 est,

333 3302 442 3342 non
469 3289 539 3345 ob
570 3292 917 3348 tentationum
940 3294 1193 3366 impetum
1212 3297 1479 3369 (alioquin
1516 3301 1666 3355 alteri
1694 3317 1906 3373 quoque

333 3379 476 3433 idem
504 3382 844 3455 accidisset),
876 3385 971 3440 sed
1000 3387 1070 3442 ob
1096 3388 1260 3457 ipsius
1284 3391 1618 3446 vecordiam:
1644 3407 1749 3448 non
1770 3397 1912 3451 enim

331 3474 458 3543 quia
485 3484 675 3530 ventus
694 3475 914 3543 afﬂavit,
937 3479 1058 3535 ideo
1078 3480 1291 3550 cecidit,
1320 3483 1412 3538 sed
1440 3484 1581 3554 quod
1606 3500 1768 3557 super
1794 3502 1912 3542 are-

334 3578 483 3629 nam,
513 3563 615 3620 hoc
641 3575 747 3633 est,
778 3581 938 3637 super
963 3569 1224 3641 ignaviam
1253 3583 1309 3628 et
1337 3577 1621 3646 nequitiam
1654 3577 1912 3633 mdificata

333 3653 472 3720 fuit,
511 3656 716 3712 ruinam
758 3657 900 3714 fecit.
941 3660 1070 3716 Nam
1114 3664 1261 3733 prius
1290 3666 1450 3720 etiam
1480 3682 1637 3737 quam
1664 3668 1751 3723 illa
1779 3677 1913 3724 tem-

332 3753 515 3814 pestas
554 3747 855 3818 ingrueret,
906 3751 1114 3807 infirma
1153 3763 1269 3810 erat
1305 3764 1359 3811 et
1398 3756 1464 3812 ad
1500 3772 1679 3813 casum
1708 3769 1910 3829 parata.

335 3835 714 3904 llujuseemodi
737 3840 879 3896 enim
906 3843 1150 3910 rediflcia,
1180 3846 1338 3901 etiam
1368 3848 1583 3903 nemine
1610 3850 1911 3915 infestante,

333 3926 464 3982 dum
492 3928 821 3987 subtrahitur
847 3948 910 3988 ac
929 3933 1119 3991 difﬂuit
1139 3935 1538 3994 fundamentum
1564 3983 1579 4008 ,
1608 3956 1701 3995 sua
1725 3953 1915 4010 sponte

332 4031 610 4077 corruunt.
644 4023 714 4078 At
734 4032 792 4079 ut
828 4039 1037 4082 aranea:
1060 4028 1234 4094 ultro,
1283 4031 1495 4086 nemine
1525 4032 1654 4101 ipsis
1682 4033 1872 4089 infesto
1896 4074 1910 4098 ,

333 4109 743 4178 distrahuntur,
784 4114 1000 4185 adamas
1049 4129 1233 4172 contra
1276 4121 1437 4175 etiam
1486 4135 1768 4191 percussus
1806 4139 1911 4178 non

335 4200 597 4273 frangitur
624 4221 639 4257 :
669 4205 747 4261 sic
775 4207 934 4261 etiam
956 4208 1043 4277 qui
1064 4210 1336 4279 semetipsi
1365 4226 1473 4266 non
1496 4212 1914 4278 lazduut,etsiab

336 4293 557 4350 infinitis
580 4296 854 4365 feriantur,
884 4300 1126 4361 fortiores
1154 4302 1388 4356 evadunt
1420 4320 1433 4355 :
1460 4304 1548 4373 qui
1567 4320 1693 4359 vero
1718 4316 1915 4362 semct-

335 4386 484 4455 ipsos
511 4387 761 4456 produnt,
790 4390 890 4445 etsi
912 4405 1069 4447 nemo
1094 4393 1162 4447 sit
1187 4392 1409 4448 infestus
1434 4435 1449 4457 ,
1489 4409 1581 4449 sua
1604 4407 1793 4465 sponte
1823 4397 1916 4451 de-

332 4476 637 4546 volvuntur,
655 4479 901 4537 difﬂuuut
918 4497 981 4537 ac
1004 4493 1248 4553 pereunt.
1271 4486 1726 4553 Quemadmodum
1750 4487 1914 4543 Jndas

332 4585 577 4640 quoque,
626 4588 731 4627 non
754 4574 912 4629 modo
932 4576 1075 4629 nulla
1103 4577 1384 4632 infestante
1411 4576 1712 4648 hujusmodi
1741 4590 1914 4634 tenta-

333 4662 515 4727 tiune,
547 4662 638 4717 sed
667 4679 853 4734 magna
883 4666 1043 4720 etiam
1070 4667 1341 4722 curatione
1371 4668 1633 4736 adhibita,
1665 4671 1840 4739 periit.

407 4754 497 4807 15.
524 4752 846 4810 Providentia
870 4754 966 4810 Dei
991 4773 1109 4828 erga
1137 4758 1346 4814 Judwos
1366 4776 1386 4823 ;
1412 4761 1654 4815 miracula
1688 4763 1824 4817 edita
1860 4765 1913 4819 in

332 4848 473 4899 exitu
501 4862 565 4899 ea:
585 4845 659 4900 1E
661 4858 836 4918 gypto.
854 4879 925 4889 —
940 4848 1031 4904 Vis
1058 4851 1380 4921 integrarum
1407 4853 1638 4921 gentium
1655 4857 1914 4925 exemplis

332 4940 473 4994 hanc
506 4940 801 4995 orationem
834 4941 1089 4996 illustrem
1112 4944 1137 4996 ?
1162 4942 1369 5011 Quanta
1395 4944 1697 5001 Judreorum
1740 4949 1914 5017 gentis

329 5030 434 5085 fuit
475 5033 846 5101 providentia?
888 5037 1078 5090 Annon
1122 5044 1230 5091 tota
1272 5052 1391 5106 qua:
1436 5038 1643 5094 videtur
1671 5046 1914 5096 creatura

327 5125 401 5178 ad
429 5140 613 5181 eorum
643 5127 954 5197 obsequium
1005 5127 1098 5182 fuit
1136 5130 1477 5198 comparata?
1518 5142 1572 5186 et
1611 5147 1742 5185 nova
1768 5148 1915 5201 qua:-

323 5218 457 5273 dam
484 5220 612 5288 ipsis
647 5233 709 5274 ac
736 5220 868 5274 mira
916 5221 1124 5276 vivendi
1173 5222 1308 5276 ratio
1350 5222 1691 5277 introducta?
1730 5222 1913 5292 Neque

325 5312 476 5366 enim
507 5311 572 5366 ad
616 5312 787 5366 forum
810 5313 1126 5379 mittebant,
1176 5314 1354 5384 itaque
1385 5328 1489 5369 non
1514 5321 1789 5369 numerata
1814 5330 1914 5385 pc-

325 5401 487 5456 eunia
511 5402 786 5457 venalibus
816 5402 976 5458 rebus
1019 5403 1330 5460 fruebantur
1356 5422 1371 5458 :
1404 5419 1504 5459 nec
1539 5405 1717 5460 sulcos
1745 5405 1911 5461 ﬁnde-

321 5491 475 5557 bant,
505 5490 680 5563 neque
704 5502 937 5549 aratrum
967 5494 1285 5563 trahebant,
1318 5510 1417 5550 nec
1442 5503 1637 5549 terram
1666 5497 1908 5566 proscin-

322 5581 556 5649 debant,
603 5598 704 5639 nec
732 5585 936 5639 semina
966 5586 1264 5656 iaciebant,
1296 5602 1467 5657 neque
1492 5586 1687 5657 pluviis
1713 5588 1913 5657 indige-

322 5674 456 5727 bant
496 5683 550 5729 et
582 5675 758 5729 ventis
776 5684 828 5730 ct
854 5678 977 5731 anni
1010 5678 1336 5747 temporibus
1357 5721 1372 5744 ,
1415 5694 1520 5732 non
1549 5678 1680 5733 solis
1708 5680 1869 5733 radiis
1893 5721 1908 5746 ,

323 5779 433 5821 non
463 5782 620 5822 cursu
650 5768 791 5824 lunae
810 5812 827 5838 ,
869 5787 974 5826 non
1010 5774 1150 5828 aeris
1193 5782 1380 5827 natura
1406 5813 1422 5838 ,
1467 5788 1571 5827 non
1597 5773 1702 5828 ulla
1730 5771 1912 5840 hujus-

324 5862 469 5919 modi
510 5881 571 5923 re
599 5866 747 5929 alia;
792 5879 898 5919 non
928 5878 1107 5920 aream
1137 5864 1538 5935 prmparahant,
1589 5880 1694 5920 non
1730 5864 1904 5931 fruges

1339 436 1523 505 QUOD
1558 433 1749 492 neno
1785 431 2105 490 menon
2146 433 2273 492 NlSl
2312 436 2354 491 Α
2393 412 2646 493 seipse.

3477 437 3596 494 uti

2013 550 2357 619 triturabant,
2391 569 2495 608 non
2523 564 2711 608 ventos
2734 550 3111 609 desiderabant
3148 550 3214 607 ad
3258 553 3582 608 secernenda

2005 656 2166 711 grana
2195 656 2224 695 a
2258 644 2456 711 paleis,
2484 659 2589 698 non
2618 643 2812 699 molam
2843 643 3122 699 versabant
3146 683 3161 707 .
3189 657 3293 699 non
3319 643 3585 699 clibanum

2004 730 2335 786 tedificabant
2357 772 2374 799 ,
2420 748 2525 787 non
2554 734 2692 803 ligna
2719 742 2773 787 et
2796 734 2969 804 ignem
2997 733 3213 789 domum
3248 732 3583 799 inferebant,

2004 838 2109 879 non
2136 824 2361 895 panifica
2389 826 2613 895 egebant
2648 834 2763 881 arte
2784 867 2797 891 ,
2830 842 2933 880 nun
2983 825 3213 896 ligonem
3246 825 3580 890 tractabant,

2006 906 2113 971 non
2142 917 2326 972 falcem
2352 917 2631 984 acuebant,
2658 932 2764 972 non
2790 918 2962 988 aliqua
2991 918 3093 972 alia
3117 917 3425 988 indigebant
3449 924 3585 982 arte,

2006 1008 2231 1061 textoria
2253 1045 2269 1070 ,
2319 1006 2531 1077 inquam
2557 1048 2573 1074 ,
2625 1006 3034 1062 architectonica
3057 1049 3074 1076 ,
3129 1017 3183 1062 et
3221 1007 3418 1062 soteria
3442 1021 3462 1062 :
3490 1005 3589 1063 sed

2005 1098 2183 1153 omnia
2212 1078 2433 1153 eis/erat
2465 1098 2686 1154 verbum
2720 1099 2834 1154 Dei.
2883 1098 3118 1154 Mensam
3148 1098 3412 1155 habebant
3438 1113 3590 1170 para-

2010 1199 2116 1245 tam
2163 1206 2225 1246 ex
2275 1200 2544 1262 tempore,
2593 1192 2876 1249 sudoribus
2917 1205 2973 1249 et
3022 1193 3293 1250 laboribus
3341 1207 3584 1249 vacuam.

2008 1282 2135 1352 Ejus
2155 1282 2295 1338 enim
2319 1294 2519 1339 natura:
2540 1295 2655 1340 erat
2671 1299 2892 1352 manna;
2917 1299 3070 1350 nova,
3097 1298 3306 1350 recens,
3329 1298 3588 1355 nusquam

2008 1374 2138 1444 ipsis
2159 1376 2366 1446 negotia
2400 1373 2688 1441 facessens,
2718 1390 2891 1446 neque
2919 1374 3106 1432 labore
3130 1374 3442 1431 conficiens.
3471 1372 3591 1429 Jam

2006 1466 2324 1520 vestimenta
2366 1482 2551 1520 eorum
2593 1476 2646 1522 et
2674 1466 2839 1523 calcei
2880 1475 2934 1522 et
2960 1466 3071 1536 ipsa
3115 1466 3356 1537 corporis
3403 1473 3592 1521 natura

2007 1557 2402 1628 quodammodo
2428 1573 2538 1614 suae
2566 1558 2865 1629 fragilitatis
2894 1558 3344 1615 obliviscebantur
3395 1574 3410 1611 :
3455 1568 3593 1613 tem-

2009 1661 2139 1717 pore
2162 1647 2305 1701 enim
2334 1649 2404 1702 ita
2429 1648 2588 1719 longo
2614 1664 2786 1719 neque
2810 1649 2901 1703 illa
2930 1648 3239 1705 terebautur
3258 1688 3273 1714 ,
3301 1662 3475 1718 neque
3503 1662 3595 1717 pc-

2011 1736 2108 1793 des
2135 1753 2318 1793 eorum
2342 1746 2420 1792 tot
2445 1747 2694 1809 tantaque
2719 1739 2846 1794 licet
2869 1739 3055 1794 itinera
3080 1738 3477 1794 decurrentium
3499 1751 3592 1792 oc-

2009 1828 2328 1884 calluerunt.
2366 1829 2687 1885 Medicorum
2712 1869 2730 1897 ,
2769 1828 3128 1885 remediorum
3179 1837 3495 1897 cartereeque
3540 1826 3595 1881 in

2011 1919 2112 1973 hac
2135 1927 2251 1974 arte
2285 1933 2426 1974 curae
2463 1935 2532 1975 ne
2575 1920 2833 1976 memoria
2874 1919 3085 1989 quidem
3115 1917 3254 1988 apud
3293 1932 3389 1974 eos
3427 1926 3543 1972 erat
3576 1935 3591 1971 :

2012 2011 2147 2066 adeo
2175 2010 2331 2082 longe
2361 2011 2545 2067 aberat
2573 2011 2747 2067 omnis
2773 2010 3097 2065 invaletudo.
3134 2008 3327 2063 Eduxit
3355 2008 3486 2062 enim
3513 2023 3597 2062 eos

2013 2105 2066 2158 in
2093 2120 2219 2159 auro
2244 2114 2289 2159 et
2314 2116 2548 2175 argento,
2592 2105 2755 2174 inquit
2779 2120 2794 2170 ;
2837 2114 2885 2158 et
2912 2121 3013 2158 non
3041 2111 3147 2158 erat
3171 2103 3224 2155 in
3254 2100 3475 2156 tribubus
3507 2117 3596 2153 eo-

2012 2213 2128 2250 rum
2173 2196 2407 2264 inﬁrmus
2433 2195 2616 2268 (Psal.
2657 2197 2781 2252 104.
2822 2195 2952 2267 57).
2984 2194 3181 2250 Verum
3225 2193 3376 2263 quasi
3410 2192 3597 2247 relicto

2016 2287 2116 2344 hoc
2139 2286 2338 2342 mundo
2361 2329 2376 2355 ,
2409 2297 2462 2342 et
2492 2288 2545 2343 in
2569 2287 2732 2343 alium
2761 2287 3035 2342 meliorem
3071 2286 3257 2341 orbem
3301 2283 3599 2340 inhabitan-

2015 2379 2138 2433 dum
2167 2378 2438 2445 translati,
2468 2379 2546 2433 sic
2574 2376 2958 2441 comedebant,
2991 2379 3069 2433 sic
3092 2376 3371 2441 bibebant,
3411 2389 3473 2429 ae
3497 2389 3598 2429 ne—

2014 2487 2118 2542 que
2142 2471 2582 2527 radiicalidiores
2610 2470 2786 2526 effecti
2816 2471 2988 2540 capita
3036 2469 3245 2524 illorum
3300 2467 3557 2522 feriebant
3582 2484 3595 2519 :

2015 2564 2416 2620 disterminabat
2442 2565 2582 2620 enim
2620 2563 2888 2618 ﬂammam
2918 2562 3091 2617 nubes
3117 2560 3349 2631 undique
3386 2560 3595 2630 impen-

2016 2656 2183 2722 dens,
2228 2665 2284 2711 et
2307 2656 2555 2711 omnibus
2587 2654 2692 2710 illis
2719 2654 2932 2709 familiis
2960 2653 3233 2725 gestatorii
3271 2652 3395 2708 tecti
3436 2651 3600 2705 instar

2016 2756 2150 2801 erat.
2180 2746 2364 2816 Neque
2389 2762 2516 2802 vero
2542 2755 2702 2801 noctu
2730 2746 2845 2802 face
2876 2746 3185 2817 indigebant
3209 2759 3328 2816 qum
3352 2741 3602 2798 tenebras
3630 2742 3631 2745 “

2014 2838 2342 2903 discuteret,
2388 2837 2484 2892 sed
2514 2848 2630 2891 erat
2671 2838 2750 2891 eis
2789 2837 3036 2892 columna
3078 2836 3256 2906 ignis,
3307 2834 3424 2888 fons
3468 2834 3603 2888 lucis

2017 2929 2297 2984 inc-ﬂabilis
2326 2931 2377 2983 in
2401 2929 2667 2999 duplicem
2696 2944 2873 2996 usum,
2908 2938 3015 2982 tum
3046 2938 3101 2982 ut
3128 2929 3364 2992 luceret,
3395 2935 3507 2980 tum
3536 2933 3591 2978 ut

2019 3022 2120 3077 iter
2145 3022 2417 3092 dirigeret.
2445 3022 2629 3092 Neque
2659 3021 2799 3076 enim
2828 3020 2999 3075 lucida
3028 3019 3301 3074 dumtaxat
3325 3027 3476 3084 erat,
3507 3033 3600 3072 vc-

2017 3128 2132 3167 rnm
2154 3113 2312 3167 etiam
2342 3113 2487 3167 omni
2518 3112 2617 3167 via:
2637 3113 2771 3167 duce
2800 3112 2998 3167 certius
3028 3110 3289 3165 infinitum
3317 3110 3463 3164 illum
3491 3123 3592 3179 po-

2019 3206 2199 3275 pulum
2221 3220 2319 3275 per
2341 3205 2681 3261 solitudinem
2710 3204 2854 3259 illam
2875 3202 3122 3259 ducebat.
3152 3202 3305 3257 Ibant
3331 3216 3435 3255 non
3460 3209 3598 3255 terra

2017 3298 2189 3353 solum
2211 3339 2227 3361 ,
2274 3296 2368 3351 sed
2392 3296 2551 3351 etiam
2592 3296 2725 3349 mari
2765 3294 2913 3365 quasi
2946 3304 3106 3349 terra.
3156 3295 3283 3348 Ausi
3312 3302 3434 3347 sunt
3460 3299 3603 3345 tran-

2017 3390 2274 3446 scendere
2302 3390 2434 3444 fines
2461 3398 2685 3455 naturae,
2713 3402 2833 3442 cum
2864 3402 3069 3443 Saevum
3100 3386 3226 3440 illud
3249 3386 3468 3456 pelagus
3487 3399 3602 3438 am-

2016 3483 2297 3549 bularent,
2343 3482 2497 3551 quasi
2536 3496 2631 3550 per
2659 3480 2886 3535 solidam
2917 3494 2980 3534 ac
3008 3479 3212 3534 firmam
3253 3490 3455 3548 petram
3501 3477 3602 3531 iter

2019 3573 2291 3638 facerent;
2319 3587 2548 3643 cumque
2596 3572 2699 3626 illis
2742 3571 3066 3625 substratum
3104 3579 3243 3625 esset
3276 3570 3599 3625 elementum

2019 3663 2169 3729 illud,
2197 3663 2425 3717 solidam
2457 3672 2651 3719 terram
2675 3703 2690 3728 ,
2714 3677 3039 3732 camposque
3068 3664 3318 3729 supinos,
3358 3669 3411 3714 et
3446 3674 3603 3728 agros

2017 3756 2324 3810 imitabatur
2352 3773 2364 3807 :
2396 3769 2516 3808 cum
2540 3769 2669 3810 vero
2705 3754 2884 3808 hostes
2913 3754 3239 3822 excepisset,
3288 3752 3449 3805 maris
3485 3766 3600 3802 mu-

2017 3864 2119 3903 nus
2167 3847 2557 3917 exsequebatur
2598 3863 2611 3900 :
2659 3847 2761 3901 illis
2825 3846 2921 3900 fuit
2966 3845 3306 3908 vehiculum,
3362 3841 3602 3895 hostibus

2018 3941 2254 4009 ipsorum
2284 3940 2624 4008 sepulcrum;
2656 3938 2775 3991 illos
2808 3936 2963 3992 facile
2994 3935 3320 3995 transmisit,
3369 3935 3465 3986 bos
3493 3947 3603 3984 ma-

2016 4046 2119 4100 gna
2167 4046 2287 4084 cum
2332 4029 2670 4085 vehementia
2716 4028 3019 4083 submersit.
3060 4024 3395 4081 lnordiuatus
3438 4038 3602 4091 aqua-

2019 4138 2135 4177 rum
2168 4123 2415 4190 impetus,
2446 4121 2682 4175 virorum
2711 4121 2915 4174 ratione
2939 4118 3278 4188 prmditorum
3301 4126 3455 4186 atque
3478 4131 3602 4185 prn-

2018 4212 2452 4267 dentissimorum
2479 4212 2720 4266 ordinem
2747 4220 2800 4264 et
2825 4209 3180 4265 obedientiam
3220 4223 3328 4276 prae
3359 4222 3416 4261 se
3461 4205 3619 4285 fere“

2019 4305 2129 4369 bat,
2157 4305 2398 4372 cumjam
2428 4302 2683 4369 custodis,
2704 4302 2812 4373 jam
2841 4301 3103 4356 carnificis
3121 4300 3287 4356 vicem
3308 4298 3598 4359 obtineret,

2020 4412 2231 4466 unoque
2256 4397 2343 4467 die
2372 4396 2640 4450 contraria
2677 4402 2897 4464 repente
2934 4399 3229 4463 praestaret.
3279 4390 3415 4456 Quid
3458 4405 3605 4441 com.

2020 4504 2311 4543 memorem
2343 4498 2553 4557 petrus,
2587 4503 2703 4555 qtne
2741 4486 2932 4539 fluvios
2969 4482 3267 4539 effuderunt
3307 4480 3602 4548 aquarum?

2019 4580 2145 4651 quid
2189 4579 2356 4633 nubes
2401 4579 2672 4632 volucrum
2700 4618 2715 4641 ,
2784 4591 2899 4646 qua:
2940 4588 3224 4644 corporum
3268 4571 3601 4624 multitudine

2022 4681 2184 4725 totam
2232 4678 2425 4723 terram
2477 4667 2763 4722 texerunt?
2809 4665 2932 4734 quid
2978 4662 3233 4717 miracula
3289 4668 3494 4729 patrata
3546 4660 3597 4712 iu

2020 4761 2286 4832 IEgypto?
2311 4759 2434 4829 quid
2458 4758 2691 4828 prodigia
2718 4772 2834 4825 qua:
2851 4754 3186 4823 contigerunt
3206 4750 3599 4805 insulitudiue‘!

2021 4852 2147 4921 quid
2180 4860 2378 4920 tropzea
2415 4859 2467 4904 et
2494 4850 2797 4904 incruentas
2820 4845 3104 4900 victorias?
3133 4843 3423 4910 Tamquam
3456 4841 3599 4895 enim

2019 4942 2242 4997 choreas
2271 4943 2546 5003 ducerent,
2579 4955 2682 4994 non
2713 4938 2911 4993 bellum
2933 4946 3213 5007 gererent,
3242 4936 3311 4987 ita
3342 4934 3564 4988 adversa
3585 4967 3598 4974 -

2020 5037 2131 5089 rios
2156 5035 2498 5087 domuerant.
2533 5033 2608 5086 Ac
2632 5030 2876 5084 dominos
2903 5029 3116 5098 quidem
3147 5043 3271 5081 suos
3296 5026 3414 5081 sine
3437 5027 3602 5079 armis

2021 5135 2374 5196 superarunt;
2414 5106 2517 5196 qui
2530 5140 2659 5180 vero
2685 5132 2832 5179 extra
2860 5121 3151 5193 Egyptum
3195 5136 3315 5174 cum
3348 5120 3477 5189 ipsis
3505 5133 3603 5187 pu-

2019 5228 2281 5289 gnarunt,
2324 5233 2420 5272 eos
2456 5216 2594 5271 tubis
2619 5215 2860 5271 cauendo
2906 5213 3283 5283 psallendoque
3320 5212 3557 5265 vicerunt
3588 5225 3599 5260 :

2021 5326 2216 5380 resque
2237 5309 2347 5375 illa,
2379 5308 2572 5364 chorea
2600 5307 2777 5377 potius
2802 5313 2921 5360 erat
2947 5319 3105 5375 quam
3127 5303 3348 5366 bellum,
3378 5300 3602 5355 initiatio

2017 5404 2195 5473 potius
2219 5417 2375 5471 quam
2406 5415 2602 5470 pugna.
2626 5397 2812 5452 Omnia
2841 5410 3069 5467 namque
3101 5397 3199 5449 ista
3227 5392 3460 5463 prodigia
3490 5406 3594 5445 non

2017 5495 2087 5547 ob
2117 5492 2167 5546 id
2214 5492 2387 5546 solum
2435 5488 2744 5543 acciderunt
2780 5497 2841 5541 ut
2890 5474 2967 5540 cis
3007 5484 3361 5540 necessarium
3403 5480 3603 5534 ferrent

2017 5586 2311 5641 subsidium
2338 5626 2351 5651 ,
2403 5599 2589 5639 verum
2630 5591 2688 5636 ut
2727 5580 3024 5635 doctrinam
3050 5592 3258 5647 quoque
3284 5572 3603 5643 cognitionis.

2019 5678 2135 5743 Dei,
2160 5692 2261 5746 qua
2281 5689 2374 5731 eos
2395 5675 2603 5745 Moyses
2623 5673 2941 5738 instituerat,
2971 5670 3166 5724 certius
3185 5671 3564 5723 conservarent
3585 5679 3600 5727 ;

2017 5770 2249 5839 undique
2297 5782 2458 5823 voces
2498 5765 2828 5827 edebantur,
2872 5777 2990 5832 quae
3035 5758 3312 5813 Dominum
3340 5753 3600 5825 przediea-

2019 5873 2154 5920 rent.
2192 5862 2314 5919 Ιιιηο
2344 5862 2484 5917 enim
2512 5874 2659 5919 mare
2687 5856 3055 5919 declamabat,
3106 5867 3226 5907 cum
3268 5863 3406 5905 nunc
3433 5846 3598 5918 pede.
