4002 6406
454 367 557 424 175

453 483 549 537 stri
593 483 785 541 itinere
825 484 1345 556 trajiceretur,_nunc
1380 482 1445 536 ad
1489 480 1754 551 ingenium
1794 478 2035 542 rediret;

453 572 592 628 hanc
618 590 802 631 vocem
824 577 1049 633 edebant
1081 576 1234 630 nndm
1254 574 1352 629 Nili
1381 575 1432 628 in
1459 572 1769 642 sanguinem
1797 579 2036 637 mutatm,

451 677 598 718 rana:
623 712 639 738 ,
672 667 990 721 locustarum
1022 667 1110 722 ille
1137 665 1401 721 exercitus
1419 706 1433 729 ,
1461 679 1635 718 erucm
1656 704 1671 731 ,
1720 672 1774 716 et
1818 661 2035 731 rubigo,

454 752 572 809 hcce
592 758 737 811 omni
783 757 974 827 populo
1011 757 1404 827 loquebantur:
1446 754 1682 826 prodigia
1726 768 1936 823 quoque
1984 751 2034 805 in

452 844 771 911 solitudine,
805 862 1031 914 manna,
1075 847 1350 909 columna,
1396 845 1596 911 nubes,
1638 852 2032 916 ortygometra,

451 945 645 991 caetera
674 939 850 992 omnia
873 939 1085 995 fuerunt
1113 939 1192 994 eis
1221 938 1335 993 vice
1360 937 1479 992 libri
1505 945 1560 991 et
1583 937 1854 991 literarum
1872 977 1887 1001 ,
1918 950 2037 1004 qua:

447 1038 745 1095 numquam
760 1027 1030 1090 delentur,
1049 1045 1173 1085 cum
1197 1029 1507 1085 memoriam
1534 1028 1612 1084 eis
1638 1027 1871 1097 quotidie
1886 1026 2037 1082 refri-

449 1131 671 1187 earent,
710 1130 766 1177 et
808 1123 1047 1193 ipsorum
1076 1123 1257 1177 animo
1287 1123 1613 1177 insonareut.
1662 1122 2033 1176 Verumtamen

449 1222 571 1280 post
600 1223 799 1269 tantam
831 1225 1045 1286 tamque
1087 1215 1435 1285 multiplicem
1483 1213 1871 1284 provisionum,
1917 1225 2036 1281 post

452 1304 738 1359 ineffabilia
765 1306 850 1360 illa
878 1306 1155 1373 beneficia,
1179 1316 1298 1376 post
1321 1314 1461 1360 tanta
1490 1303 1761 1366 tniracula,
1787 1311 1907 1373 post
1926 1302 2036 1359 ine-

450 1394 774 1449 narrabilcm
803 1411 987 1451 curam
1009 1438 1022 1461 ,
1054 1406 1174 1467 post
1222 1396 1433 1465 longam
1463 1394 1879 1463 institutionem,
1917 1404 2036 1465 post

454 1486 860 1544 instructionem
883 1489 1189 1556 verborum,
1213 1499 1332 1560 post
1352 1490 1777 1544 adhortationem
1801 1489 2031 1558 ipsarum

453 1594 660 1645 rerum,
702 1589 823 1649 post
849 1582 1078 1652 insignes
1104 1581 1381 1646 victorias,
1413 1590 1532 1651 post
1559 1579 1893 1635 admirabilia
1923 1589 2033 1636 tro-

452 1684 586 1737 pina,
652 1682 769 1739 post
793 1671 1048 1727 lautitiam
1076 1686 1381 1725 mensarum
1403 1710 1419 1736 ,
1454 1680 1571 1739 post
1598 1670 1893 1727 ubertatem
1922 1671 2035 1727 illa-

451 1775 569 1813 rmn
599 1775 853 1830 aquarum
881 1803 895 1827 ,
939 1770 1059 1831 post
1088 1761 1405 1817 ineffabilem
1431 1762 1676 1832 gloriam,
1708 1777 1868 1831 quam
1893 1762 2032 1833 apud

449 1847 724 1904 hominum
767 1862 936 1920 genus
975 1851 1280 1907 universum
1319 1850 1528 1906 fuerant
1565 1854 1917 1923 consequuti,
1947 1853 2032 1907 in-

446 1939 580 2007 grati
606 1946 663 1994 et
689 1940 881 2010 stupidi
911 1954 1032 1994 cum
1064 1950 1273 2006 essent,
1315 1941 1532 1995 vitulum
1560 1940 1948 2009 adoraverunt,
1980 1952 2037 1999 et

451 2027 601 2083 bovis
626 2039 786 2099 caput
810 2029 1110 2096 coluerunt,
1138 2029 1373 2100 deosque
1402 2030 1502 2086 sibi
1531 2030 1643 2086 ﬁeri
1672 2032 2032 2101 postularunt,

446 2133 567 2171 cum
596 2120 830 2175 recentia
878 2120 1256 2176 beneﬁciorum
1302 2122 1395 2176 Dei
1424 2122 1474 2176 in
1514 2121 1749 2194 Egypto
1782 2134 2032 2195 accepto-

446 2224 563 2263 rum
588 2220 931 2267 monumenta
965 2222 1227 2279 tenerent,
1258 2226 1320 2268 ac
1343 2212 1522 2269 multis
1541 2215 1699 2269 etiam
1723 2214 1842 2270 aliis
1860 2216 2032 2273 adhuc

449 2301 774 2357 fruerentur.

522 2398 608 2451 H.
658 2397 815 2451 Aliud
844 2398 1124 2469 exemplum
1148 2397 1490 2453 Ninivitarum
1515 2401 1781 2467 conﬁrmat
1805 2402 2033 2473 a/ﬂictio-

422 2495 534 2545 'nes
563 2490 754 2545 homini
773 2508 949 2547 nocere
972 2510 1072 2547 non
1100 2509 1263 2564 posse.
1290 2523 1362 2534 —
1385 2492 1734 2548 Ninivitarum
1779 2509 1906 2549 vero
1940 2510 2034 2564 po-

448 2583 625 2653 pulus,
658 2582 915 2641 barbarus
949 2602 1070 2641 cum
1093 2595 1237 2641 esset
1260 2595 1418 2657 atque
1447 2585 1765 2658 alienigena,
1797 2586 2032 2658 nihilque

448 2676 638 2730 horum
664 2676 1048 2747 participasset,
1083 2693 1187 2732 non
1218 2693 1458 2748 parvum,
1493 2694 1597 2731 non
1624 2693 1892 2749 magnum,
1926 2694 2031 2734 nor.

444 2769 735 2835 orationes,
772 2784 875 2822 non
906 2769 1182 2835 miraCela,
1219 2784 1321 2823 non
1355 2784 1467 2834 res,
1501 2784 1607 2824 non
1638 2770 1792 2824 verba
1820 2786 1834 2835 ;
1868 2769 2031 2825 vidis—

443 2871 630 2930 setque
655 2860 921 2915 hominem
945 2877 1008 2915 ex
1034 2860 1305 2931 naufragio
1326 2868 1718 2925 conservatum,
1742 2878 2029 2933 numquam

442 2968 623 3008 secum
655 2963 809 3007 antea
839 2963 1103 3008 versatum
1125 2995 1138 3017 ,
1174 2953 1269 3009 sed
1304 2963 1409 3007 ttun
1439 2954 1664 3023 primum
1697 2956 1865 3010 visum
1895 2999 1908 3020 ,
1952 2957 2031 3010 in-

439 3060 679 3113 gressum
703 3086 717 3111 ,
758 3059 823 3101 ac
854 3045 1118 3100 dicentem
1162 3063 1175 3099 :
1226 3044 1407 3097 Adhuc
1449 3055 1546 3099 (res
1575 3045 1716 3113 dies,
1763 3057 1809 3099 et
1846 3045 2032 3101 Ninive

439 3136 746 3190 subvertetur
778 3134 933 3206 (Jan.
967 3136 1019 3189 5.
1052 3133 1116 3205 4)
1153 3152 1167 3188 :
1197 3134 1330 3189 adeo
1359 3135 1515 3189 nudis
1538 3134 1685 3189 hisce
1711 3135 1886 3192 verbis
1914 3153 2033 3191 mu.

442 3229 536 3282 tati
562 3244 625 3282 ac
649 3228 898 3283 meliores
928 3226 1050 3282 facti
1072 3236 1196 3282 sunt
1219 3266 1234 3292 ,
1284 3235 1337 3281 et
1366 3227 1605 3296 deposita
1631 3227 1796 3299 priori
1827 3229 2032 3285 vitiosi-

442 3331 549 3375 tate
595 3319 659 3374 ad
706 3319 951 3374 virtutem
979 3334 1075 3389 per
1112 3318 1479 3389 paenitentiam
1510 3318 1932 3384 contenderunt,
1975 3332 2031 3377 ut

441 3415 715 3469 decretum
746 3412 839 3467 Dei
867 3423 1196 3476 revocarent,
1232 3419 1507 3466 nutantem
1540 3412 1724 3467 urbem
1755 3412 2023 3480 sisterent,

442 3504 695 3557 divinitus
724 3502 1115 3572 impendentem
1153 3501 1285 3556 iram
1331 3502 1736 3572 propulsarent,
1779 3504 2030 3573 omnique

431 3595 728 3651 afﬂictione
757 3595 1132 3650 liberarentur.
1167 3593 1302 3648 Vidit
1325 3595 1466 3649 enim
1507 3593 1657 3659 Deus,
1694 3595 1883 3665 inquit,
1908 3598 2029 3659 quia

434 3705 645 3743 auersus
681 3698 755 3744 est
783 3689 1127 3759 unusquisque
1167 3687 1231 3743 de
1248 3688 1330 3743 via
1355 3704 1448 3741 sua
1478 3686 1614 3741 mala
1633 3729 1649 3755 ,
1690 3696 1737 3740 et
1762 3705 2029 3743 conversus

437 3793 511 3837 est
539 3782 609 3836 ad
640 3779 909 3837 Dominum
940 3781 1046 3853 (Ib.
1080 3798 1126 3835 v.
1162 3781 1274 3852 10).
1302 3779 1579 3848 Quomodo
1602 3795 1894 3835 conversus
1923 3789 2025 3847 est,

431 3874 526 3929 die
554 3873 724 3928 mihi?
752 3873 913 3943 Atqui
943 3888 1133 3944 magna
1163 3878 1351 3927 eorum
1373 3881 1492 3927 erat
1513 3873 1743 3937 malitia,
1779 3871 2025 3927 ineffabi-

432 3966 512 4021 Jis
540 3965 796 4036 nequitia,
826 3964 1002 4021 ulcera
1043 3974 1229 4020 curatu
1256 3964 1488 4020 difﬁcilia
1512 3981 1525 4029 ;
1556 3964 1716 4035 idque
1741 3973 1797 4019 ut
1821 3964 2026 4020 indica-

434 4066 521 4112 ret
548 4057 805 4126 preplteta
826 4098 842 4122 ,
868 4057 1003 4111 dixit
1030 4074 1042 4110 :
1076 4055 1312 4110 Ascendit
1341 4056 1537 4109 malitia
1563 4072 1738 4110 earunt
1777 4073 1934 4127 usque
1960 4058 2029 4111 ad

431 4149 617 4202 calum
643 4145 787 4218 (Ion.
816 4149 869 4203 1.
895 4147 952 4218 2)
982 4165 993 4200 :
1026 4147 1274 4202 distantia
1313 4146 1415 4202 loci
1459 4147 1880 4217 magnitudinem
1913 4165 2027 4201 ma-

434 4242 567 4296 litiae
606 4241 841 4310 ipsorum
887 4240 1226 4310 significavit.
1264 4240 1368 4296 Sed
1403 4250 1579 4295 tamen
1612 4248 1810 4295 tantam
1838 4242 2025 4310 nequi—

433 4334 565 4387 tiam
584 4375 599 4401 ,
632 4347 803 4403 usque
826 4330 960 4387 adeo
984 4331 1177 4386 elatam
1207 4341 1257 4386 et
1286 4331 1568 4386 exaltatam
1589 4372 1603 4396 ,
1650 4340 1710 4385 ut
1745 4331 1812 4387 ad
1838 4332 2024 4387 caelum

432 4439 649 4496 quinque
682 4422 1039 4494 pertingeret,
1085 4420 1251 4476 tribus
1298 4420 1521 4486 diebus,
1571 4420 1718 4476 brevi
1766 4423 2024 4492 temporis

437 4526 729 4581 momento,
762 4516 943 4586 paucis
969 4514 1169 4580 verbis,
1202 4529 1321 4583 qua:
1345 4512 1412 4567 ab
1443 4529 1548 4568 uno
1578 4512 1795 4569 homine
1816 4513 2030 4569 audive-

436 4617 593 4673 rant,
626 4610 827 4680 ignoto,
862 4606 1072 4678 hospite
1094 4646 1110 4674 ,
1155 4604 1485 4674 naufragium
1516 4618 1671 4673 passo
1692 4645 1706 4667 ,
1742 4606 1810 4658 ita
1851 4604 2031 4674 proﬁi-

435 4706 695 4769 gaverunt
714 4740 730 4765 ,
762 4701 832 4752 ita
861 4697 1213 4753 aboleverunt
1232 4736 1247 4764 ,
1295 4695 1366 4749 ita
1397 4710 1428 4749 e
1459 4694 1636 4749 medio
1664 4695 1989 4750 sustulerunt
2011 4739 2025 4760 ,

440 4802 499 4844 ut
525 4790 621 4843 tali
646 4803 777 4844 voce
802 4797 1177 4845 recrearentur
1207 4805 1223 4842 :
1260 4785 1399 4840 Vidit
1431 4785 1563 4840 Deus
1589 4788 1708 4854 quia
1726 4800 1931 4840 aversus
1957 4797 2031 4841 est

437 4879 781 4950 unusquisque
821 4878 884 4932 de
919 4881 998 4933 via
1035 4896 1130 4934 sua
1170 4878 1306 4933 mala
1331 4919 1346 4944 ,
1388 4886 1436 4931 et
1480 4878 1713 4947 paenituit
1741 4893 1854 4930 eum
1880 4893 2031 4947 super

438 4972 634 5026 malitia
653 5011 669 5038 ,
697 4987 848 5038 quam
876 4971 1107 5041 loquutus
1128 4975 1299 5044 fuerat
1328 4969 1468 5025 Deus
1497 4980 1550 5023 ut
1587 4968 1774 5038 faceret
1818 4969 1907 5023 eis.
1942 4969 2031 5023 Vi-

442 5065 608 5118 desne
629 5062 867 5116 sobrium
890 5077 954 5117 ac
975 5063 1276 5134 vigilantem
1309 5077 1413 5116 non
1443 5060 1603 5115 modo
1628 5059 1696 5114 ab
1726 5058 2031 5116 hominibus

439 5173 544 5212 non
572 5154 690 5210 laedi
717 5195 734 5221 ,
780 5169 964 5209 verum
992 5156 1155 5210 etiam
1193 5155 1325 5209 iram
1352 5154 1604 5209 divinitus
1633 5152 2027 5225 impendentem

434 5248 723 5308 avertere?
753 5247 841 5318 qui
869 5262 996 5303 vero
1032 5246 1377 5317 semetipsum
1408 5245 1598 5316 prodat
1626 5260 1689 5299 ac
1719 5243 1897 5311 laedat,
1929 5245 2030 5299 etsi

438 5342 644 5398 inﬁnita
675 5339 903 5409 accipiat
931 5338 1184 5394 beneﬁcia
1204 5380 1219 5404 ,
1255 5353 1361 5392 non
1390 5338 1613 5392 nmltum
1642 5337 1773 5391 lucri
1804 5335 1983 5391 facere
2005 5338 2030 5390 ?

437 5434 524 5490 Sic
549 5433 688 5488 enim
714 5447 887 5501 neque
913 5430 1019 5484 illis
1048 5427 1360 5498 profuerunt
1387 5435 1528 5483 tanta
1557 5436 1822 5498 portenta,
1858 5444 2032 5498 neque

440 5522 524 5577 his
551 5521 722 5578 obfuit
749 5521 940 5578 iisdem
971 5519 1210 5573 caruisse
1238 5537 1250 5573 :
1284 5534 1462 5572 verum
1492 5533 1615 5574 eum
1638 5529 1825 5573 natura
1857 5518 2031 5572 forent

437 5610 649 5666 candidi
674 5654 690 5679 ,
719 5615 971 5683 exiguum
999 5610 1141 5665 nacti
1169 5618 1494 5664 ammentum
1516 5651 1531 5675 ,
1564 5608 1817 5664 meliores
1841 5623 2027 5663 evase-

439 5713 610 5768 runt,
653 5721 974 5778 quamquam
1021 5704 1230 5760 barbari
1279 5712 1333 5759 et
1377 5702 1688 5772 alienigena:
1717 5744 1732 5769 ,
1778 5702 2029 5757 inauditis

435 5795 687 5854 omnibus
706 5802 900 5858 divinis
922 5799 1174 5867 oraculis,
1198 5799 1457 5871 longeque
1477 5813 1507 5853 a
1528 5796 1808 5854 Palaestina
1829 5795 2024 5853 dissiti.

1133 367 1187 424 S.
1227 363 1503 422 JOANNIS
1536 357 2001 418 CllRYSOSTOMl
2045 353 2352 414 ARCHIEP.
2393 358 2919 419 CONSTANTINOP.
3603 364 3697 425 ιῖσ

2221 480 2306 535 15.
2334 480 2409 534 De
2437 482 2596 536 tribus
2618 483 2789 552 pueris
2821 482 3047 537 Danielis
3076 481 3238 537 sociis.
3267 511 3336 527 —-
3357 479 3489 550 Quid
3515 497 3634 539 vero
3654 485 3700 540 il-

2144 567 2317 624 lorum
2365 571 2521 625 trium
2570 587 2901 641 puerorum,
2952 572 3038 626 dic
3069 572 3231 638 mihi,
3261 572 3697 643 virtutisupervc-

2145 660 2347 714 nientia
2377 662 2517 716 mala
2560 662 2899 717 effecerunt?
2923 663 3118 717 Annon
3149 662 3324 717 adhuc
3360 661 3577 733 juvenes
3597 704 3613 731 ,
3652 675 3701 719 et

2142 749 2426 807 admodum
2453 753 2665 823 quidem
2686 755 2932 822 juvenes,
2964 754 3017 808 in
3062 754 3340 809 immatura
3367 762 3519 808 :etate
3559 768 3702 824 grave

2146 842 2279 897 illud
2310 845 2522 900 subiere
2543 846 2860 916 supplicium
2888 855 2944 902 et
2970 847 3353 917 captivitatem,
3389 845 3592 916 longam
3617 861 3703 915 pc-

2142 934 2557 1003 regrinatiouem
2583 935 2904 1006 peregrinati
2946 945 3071 990 sunt
3094 950 3123 990 a
3151 935 3318 1005 patria
3343 976 3359 1001 ,
3385 935 3562 1002 domo,
3590 944 3704 991 tem-

2142 1025 2251 1093 plo,
2282 1024 2456 1090 altari,
2488 1026 2784 1091 sacriﬁciis,
2818 1026 3172 1082 oblationibus
3195 1068 3211 1092 ,
3241 1026 3577 1082 libationibus
3601 1068 3616 1093 ,
3643 1028 3705 1081 ab

2141 1116 2258 1186 ipso
2285 1131 2497 1187 quoque
2522 1117 2848 1187 psalmorum
2866 1129 3049 1182 cantu,
3078 1118 3165 1172 ubi
3203 1116 3256 1172 in
3288 1117 3512 1171 alienam
3541 1117 3702 1188 regio-

2141 1224 2261 1265 nem
2289 1217 2546 1265 venerunt
2575 1250 2590 1276 ,
2632 1210 2864 1279 separati
2891 1210 3059 1263 sunt?
3089 1207 3207 1264 Non
3247 1208 3388 1264 enim
3418 1207 3608 1263 domus
3633 1209 3706 1261 eis

2139 1300 2420 1356 dumtaxat
2447 1315 2566 1356 eam
2595 1300 2665 1355 ob
2703 1314 2919 1356 causam
2951 1300 3219 1354 inaccessa
3251 1308 3387 1364 erat,
3414 1297 3508 1352 sed
3551 1297 3704 1353 multa

2139 1406 2350 1463 quoque
2371 1391 2535 1446 divini
2564 1392 2734 1446 cultus
2760 1405 2977 1461 genera.
3010 1392 3203 1445 Annon
3233 1387 3575 1445 barbarorum
3605 1402 3685 1441 ma

2140 1487 2296 1541 nibus
2320 1484 2486 1542 dediti
2512 1493 2657 1552 sunt,
2687 1484 2825 1554 lupis
2876 1483 3057 1555 potius
3101 1497 3263 1553 quam
3301 1480 3633 1547 hominibus,
3658 1489 3705 1534 et

2139 1577 2279 1649 quod
2301 1585 2383 1633 est
2411 1576 2807 1648 gravissimum,
2837 1575 2890 1630 in
2915 1584 3021 1630 tam
3045 1574 3203 1644 longe
3228 1571 3469 1629 dissitam
3511 1588 3572 1629 ac
3599 1575 3705 1628 bar-

2139 1672 2322 1728 baram
2352 1669 2566 1726 abducti
2596 1678 2814 1736 terram,
2870 1677 2925 1724 et
2954 1668 3264 1722 servitutem
3291 1667 3645 1737 gravissimam
3668 1668 3704 1732 ί,

2139 1780 2247 1821 non
2268 1765 2579 1835 magistrum
2610 1761 2878 1819 habebant
2901 1802 2917 1826 ,
2949 1778 3055 1816 non
3083 1761 3418 1831 prophetam,
3447 1777 3550 1815 non
3579 1762 3709 1831 prin-

2137 1855 2361 1926 cipem?
2393 1854 2513 1908 Non
2556 1853 2696 1909 enim
2740 1862 2815 1908 est
2840 1893 2857 1920 ,
2888 1853 3077 1922 inquit,
3109 1853 3343 1923 princeps
3367 1892 3382 1916 ,
3418 1869 3570 1922 neque
3597 1868 3708 1922 pro-

2138 1949 2313 2020 pheta,
2330 1962 2489 2017 neque
2511 1945 2638 2010 dux,
2668 1960 2827 2014 neque
2854 1943 2993 1999 locus
3020 1942 3344 2009 sacriﬁcandi
3366 1958 3535 1995 coram
3563 1950 3637 2005 te,
3667 1950 3708 1995 et

2136 2037 2423 2094 inveniendi
2451 2035 2849 2091 misericordiam
2870 2033 3032 2105 (Dan.
3087 2033 3137 2088 5.
3170 2032 3285 2102 58).
3317 2033 3454 2101 Quin
3484 2033 3636 2087 etiam
3661 2033 3706 2086 iu

2138 2132 2358 2187 domum
2387 2129 2614 2198 regiam,
2660 2135 2934 2198 tamquam
2964 2125 3017 2180 in
3046 2124 3326 2195 scopulum
3349 2125 3629 2195 quemdam
3653 2140 3708 2180 ac

2136 2221 2508 2294 praecipitium,
2543 2228 2599 2274 et
2637 2218 2856 2289 pelagus
2900 2212 3044 2272 saxis
3064 2218 3333 2287 petrisque
3359 2219 3460 2273 sub
3484 2232 3611 2288 aqua
3640 2216 3713 2270 la-

2139 2312 2376 2371 tentibus
2406 2311 2684 2378 refertum,
2717 2309 3004 2365 introducti
3033 2318 3179 2374 sunt,
3208 2309 3325 2363 sine
3345 2308 3706 2380 gubernatore,

2136 2408 2253 2463 sine
2274 2412 2507 2475 proreta,
2525 2402 2643 2458 sine
2672 2400 2866 2467 nautis,
2890 2400 3005 2456 sine
3027 2399 3177 2465 velis,
3208 2413 3410 2454 saevum
3437 2397 3561 2455 illud
3574 2414 3709 2453 mare

2137 2500 2389 2571 navigare
2411 2495 2616 2562 coacti;
2646 2503 2807 2565 atque
2835 2494 2887 2548 in
2916 2493 3035 2547 aula
3053 2493 3196 2563 regia
3222 2501 3490 2562 tamquam
3517 2492 3567 2546 in
3603 2505 3709 2546 car-

2136 2610 2261 2651 cere
2288 2594 2497 2649 inclusi.
2522 2595 2653 2650 Cum
2675 2595 2817 2649 enim
2844 2590 3207 2664 philosophari
3229 2598 3475 2651 nossent.
3499 2598 3553 2645 et
3567 2589 3709 2644 rebus

2136 2685 2482 2741 saecularibus
2512 2694 2693 2741 essent
2710 2684 3034 2754 superiores,
3059 2696 3275 2737 onmem
3305 2696 3517 2752 quoque
3537 2680 3708 2734 buma-

2137 2794 2263 2835 aum
2313 2777 2505 2832 fastum
2542 2777 2968 2843 conculcassent,
3000 2775 3217 2845 alasque
3248 2774 3348 2829 sibi
3381 2774 3525 2829 leves
3543 2771 3708 2828 reddi-

2138 2868 2369 2937 dissent,
2402 2870 2769 2923 accessionem
2824 2868 3085 2923 malorum
3112 2866 3274 2921 etiam
3317 2864 3466 2919 illam
3491 2877 3709 2919 commo~

2136 2962 2398 3016 rationem
2420 2973 2541 3015 esse
2567 2958 2959 3014 existimabant.
2990 2957 3044 3013 Si
3070 2958 3212 3013 enim
3239 2956 3370 3011 foris
3399 2955 3635 3019 fuissent,
3662 2964 3710 3008 et

2136 3054 2189 3108 in
2221 3052 2382 3108 domo
2424 3053 2627 3121 privata
2654 3093 2669 3117 ,
2699 3049 2886 3120 majori
2926 3049 3171 3104 libertate
3225 3046 3441 3104 fruituri
3468 3053 3708 3103 erant:at

2137 3158 2267 3199 vero
2295 3141 2587 3197 introducti
2629 3140 2682 3196 in
2736 3141 2884 3196 illum
2915 3154 3186 3195 carcerem
3212 3140 3468 3209 (carcere
3499 3151 3710 3207 namque

2135 3251 2350 3292 omnem
2380 3234 2523 3288 illam
2542 3232 2846 3303 splendoris
2873 3240 2927 3287 et
2956 3230 3364 3301 magniﬁcentia:
3395 3228 3642 3300 speciem,
3658 3235 3705 3281 et

2136 3328 2443 3398 praecipitiis
2473 3326 2815 3396 scopulisque
2844 3324 3012 3380 nihilo
3041 3324 3335 3379 censebant
3382 3338 3506 3379 esse
3534 3322 3708 3377 melio-

2138 3420 2300 3489 rem),
2330 3418 2585 3473 continuo
2610 3431 2827 3488 gravem
2854 3414 3219 3470 diflicultatem
3251 3414 3576 3468 sustinuere.
3603 3411 3702 3465 Rex

2133 3513 2278 3566 enim
2306 3526 2402 3566 eos
2442 3510 2583 3564 illius
2634 3507 2969 3578 voluptuosa:
3021 3507 3351 3576 impuneque
3401 3515 3457 3560 et
3495 3503 3710 3575 profana:

2134 3616 2335 3657 mensae.
2376 3615 2485 3655 sum
2520 3598 2679 3668 jussit
2712 3612 2832 3653 esse
2882 3596 3059 3652 socios
3083 3637 3097 3661 ,
3130 3595 3182 3650 id
3226 3594 3368 3665 quod
3406 3595 3485 3649 eis
3510 3591 3711 3648 interdi-

2134 3703 2278 3748 ctum
2298 3702 2432 3757 erat,
2466 3700 2519 3745 et
2562 3699 2736 3745 morte
2764 3689 2977 3759 gravius
3006 3688 3285 3742 videbatur
3316 3705 3329 3741 :
3364 3702 3429 3742 ac
3457 3686 3553 3742 soli
3579 3684 3711 3740 velut

2133 3784 2253 3855 agni
2281 3784 2334 3837 in
2373 3782 2549 3837 medio
2572 3791 2649 3835 tot
2677 3781 2921 3851 luporum
2946 3778 3327 3835 erantiuclusi.
3362 3778 3711 3834 Necesseerat

2134 3884 2226 3930 aut
2272 3874 2408 3928 fame
2452 3873 2743 3935 tabescere,
2781 3872 2888 3926 imo
2916 3882 3045 3926 Vero
3094 3870 3161 3923 ad
3205 3879 3436 3924 mortem
3464 3869 3595 3937 rapi,
3629 3874 3712 3919 aut

2133 3967 2402 4040 prohibita
2446 3964 2621 4020 edulia
2668 3964 2973 4035 degustare.
3004 3962 3141 4029 Quid
3174 3977 3302 4031 ergo
3332 3960 3534 4017 faciunt
3572 3959 3709 4029 juve-

2136 4076 2253 4124 nes,
2283 4058 2534 4129 orphani,
2585 4057 2804 4126 captivi,
2845 4056 3133 4126 peregrini,
3186 4053 3325 4109 servi
3366 4054 3578 4107 illorum
3627 4049 3709 4120 qui

2135 4150 2251 4204 btec
2282 4148 2652 4218 imperabant?
2682 4146 2797 4201 Non
2817 4146 3194 4201 existimarunt
3219 4145 3595 4200 necessitatem
3616 4140 3707 4195 sibi

2134 4240 2202 4294 ad
2232 4239 2633 4294 excusationem
2666 4235 2916 4292 sufliccre
2940 4278 2954 4301 ,
2999 4252 3174 4307 neque
3202 4235 3537 4307 tyrannidem
3564 4232 3670 4303 ejus
3693 4272 3709 4295 ,

2133 4331 2224 4401 qui
2273 4330 2459 4385 urbem
2528 4327 2966 4395 obtinebat;st
3031 4327 3209 4382 omnia
3285 4324 3711 4381 machinabantur

2136 4423 2622 4491 moliebanturque,
2666 4431 2724 4475 ut
2772 4430 3053 4491 peccatum
3079 4419 3395 4488 effugerent,
3427 4407 3570 4471 omni
3599 4414 3713 4468 licet

2135 4533 2199 4572 ex
2228 4526 2378 4587 parte
2403 4515 2623 4570 deserti.
2652 4513 2835 4584 Neque
2855 4513 2998 4569 enim
3032 4511 3268 4581 pecuniis
3292 4510 3611 4580 persuadere
3630 4521 3713 4575 po-

2138 4618 2311 4664 terant
2335 4649 2350 4675 ,
2385 4615 2569 4676 utpote
2599 4604 2791 4676 captivi
2818 4619 2832 4669 ;
2860 4619 2966 4658 non
2992 4602 3223 4658 amicitia
3248 4612 3301 4656 et
3330 4598 3709 4657 familiaritate,

2136 4711 2320 4771 utpote
2349 4698 2615 4770 peregrini
2647 4714 2662 4764 ;
2708 4712 2813 4752 non
2843 4697 3077 4766 potentia
3101 4710 3375 4766 superare,
3406 4703 3584 4763 utpote
3603 4703 3710 4745 ser-

2138 4799 2228 4863 vi;
2280 4812 2385 4851 non
2431 4793 2772 4850 multitudine
2819 4792 3055 4855 vincere,
3111 4799 3295 4860 utpote
3346 4798 3454 4842 tres
3498 4792 3711 4841 tantum.

2136 4888 2417 4945 Accedunt
2459 4886 2620 4957 igitur
2661 4885 2729 4939 ad
2749 4883 3055 4939 eunuchum
3086 4924 3101 4948 ,
3141 4882 3231 4951 qui
3258 4896 3377 4936 eam
3404 4882 3711 4951 potestatem

2137 4980 2435 5047 obtinebat,
2462 4978 2620 5048 eique
2646 4976 2825 5031 verbis
2851 4973 3195 5046 persuadent.
3241 4971 3377 5028 Cum
3406 4970 3547 5025 enim
3579 4967 3714 5022 inve-

2138 5076 2345 5129 nissent
2367 5087 2488 5129 eum
2523 5071 2788 5141 trepidum
2812 5083 2877 5124 ac
2908 5067 3153 5123 timidum
3174 5108 3189 5131 ,
3218 5066 3390 5136 deque
3414 5065 3583 5121 salute
3627 5073 3712 5113 sua

2137 5165 2423 5220 sollicitum
2445 5206 2458 5228 ,
2483 5172 2536 5217 et
2557 5173 2732 5217 metus
2753 5160 2941 5214 mortis
2971 5157 3340 5214 intolerandus
3358 5154 3588 5210 animum
3609 5149 3717 5219 ejus

2138 5265 2447 5314 concuteret
2478 5272 2493 5310 :
2529 5254 2700 5309 Timeo
2735 5253 2879 5309 enim
2905 5268 3016 5323 ego,
3046 5250 3249 5320 inquit,
3273 5248 3531 5302 dominum
3560 5254 3714 5296 meum

2137 5371 2325 5424 regem;
2355 5350 2624 5421 nequando
2650 5349 2812 5404 rideat
2832 5347 2997 5401 vultus
3018 5353 3204 5398 vestros
3235 5338 3601 5397 macilentiorcs
3620 5345 3715 5403 prce

2138 5444 2330 5500 caneris
2353 5441 2740 5497 adolescentulis
2763 5439 2943 5493 catenis
2964 5435 3161 5501 vestris,
3190 5444 3234 5488 et
3260 5427 3596 5487 condemnetis
3636 5438 3716 5476 ca-

2141 5545 2229 5604 put
2251 5550 2417 5589 meum
2435 5534 2542 5604 regi
2564 5532 2727 5602 (Dan.
2760 5531 2813 5585 1.
2848 5528 2939 5600 10)
2967 5547 2980 5582 :
3010 5543 3076 5583 eo
3107 5527 3303 5582 timore
3333 5524 3611 5579 liberatum
3637 5515 3711 5569 in-

2140 5627 2365 5691 ducunt,
2412 5633 2473 5679 ut
2501 5624 2652 5679 daret
2681 5623 2814 5694 ipsis
2842 5634 2961 5676 eam
3005 5618 3257 5690 gratiam.
3321 5616 3397 5671 Ac
3446 5617 3713 5683 postquam

2207 5804 2223 5834 ί
2260 5800 2373 5865 Alii,
2397 5806 2441 5850 et
2465 5805 2777 5851 durisszmmn
2800 5793 3042 5849 servitutis
3065 5792 3237 5857 legent.
