4002 6430
307 458 407 518 ιτε

311 578 405 648 μὲν
424 576 804 650 πεζευομένη,
834 580 931 636 νῦν
967 579 1026 635 δὲ
1061 577 1297 635 θάλαττα
1321 581 1581 652 γινομένη
1600 598 1615 613 ο
1647 579 1739 634 ml
1766 578 1836 633 τά
1859 579 1988 631 Νει-

310 663 417 735 λῷα
450 664 680 735 νάματα
715 666 926 739 ταύτην
953 668 1101 740 ήφίει
1131 667 1230 740 τὴν
1251 669 1435 740 φωνὴν
1459 667 1597 740 πρὸς
1633 668 1862 738 αἵματος
1891 683 1988 736 με·

309 751 687 824 ταϐαλλόμενα
726 755 921 826 φύσιν
949 758 1045 812 καὶ
1080 758 1131 811 οἰ
1165 756 1449 830 βάτραχοι,
1477 758 1572 811 ml
1604 757 1667 811 τὸ
1691 756 1802 811 τῶν
1827 756 1987 828 ἀκρί-
2046 824 2063 839 ί

309 838 409 893 δων
436 841 809 915 στρατόπεδον
855 844 1051 911 ἐκεῖνο,
1084 845 1178 900 ml
1225 847 1259 918 ή
1307 847 1525 917 κάμπη,
1556 845 1654 900 ml
1694 847 1729 917 ή
1757 844 1986 918 ὲρυσίϐη

310 927 479 983 ταῦτα
523 929 803 997 διελέγετο
839 931 919 1004 τῷ
954 933 1111 1005 δήμῳ
1139 933 1330 988 παντί·
1368 934 1463 988 καὶ
1498 933 1567 987 τὰ
1603 933 1698 989 ἐπὶ
1723 935 1825 1005 τῆς
1854 934 1985 1006 ὲρή-

311 1035 412 1088 μου
446 1019 737 1091 τεράστια,
772 1022 834 1076 τδ
879 1024 1072 1095 μάννα,
1113 1025 1143 1078 ό
1172 1023 1384 1090 στῦλος,
1416 1027 1449 1097 ή
1495 1026 1715 1098 νεφέλη,
1756 1028 1790 1097 ή
1821 1018 1985 1097 ὀρτυ-

311 1108 585 1180 γομήτρα,
615 1110 684 1165 τά
713 1109 848 1165 ἄλλα
890 1111 1066 1167 πάντα
1106 1113 1228 1167 ἀντὶ
1255 1113 1458 1185 βιϐλίου
1484 1114 1606 1168 τότε
1635 1115 1822 1179 αὐτοῖς
1862 1114 1987 1185 ὲγέ-

309 1212 430 1252 νετο
462 1197 561 1251 καὶ
590 1199 933 1270 γραμμάτων
978 1200 1233 1256 οὐδέποτε
1273 1202 1724 1275 ὲξαλειφομένων,
1766 1201 1984 1258 ἔναυλον

310 1283 429 1338 καθ’
454 1285 698 1357 ἑκάστην
733 1287 949 1357 ἡμέραν
984 1289 1338 1361 παρεχόμενα
1387 1292 1571 1355 αὐτοῖς
1596 1291 1696 1362 τὴν
1736 1292 1980 1363 μνήμην,

308 1370 400 1423 καὶ
433 1370 733 1442 ὲνηχοῦντα
774 1374 955 1429 αὐτῶν
999 1374 1149 1448 [460]
1192 1377 1291 1448 τὴν
1338 1378 1596 1432 διάνοιαν.
1646 1379 1791 1431 Ἀλλ’
1831 1380 1982 1450 ὅμως

309 1458 450 1529 μετά
474 1461 746 1534 τοσαύτην
767 1465 861 1518 καὶ
886 1464 1219 1539 τηλικαύτην
1241 1468 1520 1538 πρόνοιαν,
1546 1470 1686 1541 μετὰ
1704 1471 1803 1534 τάς
1827 1471 1983 1542 εὐερ-

306 1547 502 1615 γεσίας
527 1549 628 1615 τάς
659 1552 901 1620 άφάτους
926 1553 1163 1621 ὲκείνας,
1201 1556 1338 1627 μετά
1366 1555 1427 1610 τὺ
1450 1557 1683 1627 μέγεθος
1710 1559 1819 1613 τῶν
1849 1557 1981 1612 θαυ-

307 1636 520 1704 μάτων,
578 1640 718 1710 μετά
750 1640 849 1711 τὴν
886 1641 1211 1713 κηδεμονίαν
1260 1645 1360 1714 τὴν
1406 1644 1665 1718 ἄρρητον,
1709 1645 1848 1718 μετά
1880 1647 1979 1720 τὴν

298 1723 657 1782 διδασκαλίαν
687 1729 789 1800 τὴν
820 1730 1069 1802 διηνεκῆ,
1107 1731 1245 1803 μετὰ
1277 1733 1376 1804 τὴν
1409 1737 1713 1806 κατήχησιν
1746 1735 1846 1807 τὴν
1870 1737 1980 1792 ἀπὸ

302 1811 415 1865 τῶν
444 1814 734 1885 ῥημάτων,
787 1817 925 1888 μετά
956 1818 1055 1889 τὴν
1099 1820 1420 1891 παραίνεσιν
1464 1821 1563 1893 τὴν
1595 1822 1704 1876 ἀπὸ
1735 1823 1845 1877 τῶν
1887 1823 1981 1896 έρ-

301 1916 439 1967 γων,
480 1901 619 1971 μετά
642 1903 742 1966 τάς
767 1904 924 1969 νίκας
946 1904 1046 1969 τὰς
1073 1905 1356 1979 λαμπρὰς,
1390 1909 1529 1980 μετά
1552 1910 1620 1963 τά
1643 1911 1881 1981 τρόπαια
1908 1911 1978 1965 τά

300 1987 604 2058 παράδοξα,
640 1990 778 2060 μετά
804 1991 903 2062 τὴν
925 1991 1036 2046 τῶν
1067 1996 1355 2063 τραπεζῶν
1392 1996 1672 2065 ἀφθονίαν,
1701 2000 1842 2069 μετά
1877 1999 1979 2071 τὴν

299 2076 587 2146 δαψίλειαν
604 2078 713 2131 τῶν
731 2081 987 2151 ναμάτων
1009 2083 1256 2151 ἐκείνων,
1286 2085 1424 2156 μετά
1442 2087 1541 2158 τὴν
1567 2086 1775 2156 ἄφατον
1795 2086 1976 2156 δόξαν,

298 2162 368 2233 ἣν
401 2165 823 2236 περιεϐάλλοπο
854 2169 1004 2241 παρά
1042 2172 1205 2225 παντί
1232 2172 1311 2241 τῷ
1339 2172 1450 2228 τῶν
1477 2174 1781 2247 ἀνθρώπων
1807 2176 1975 2245 γένει,

298 2252 493 2323 ἐπειδὴ
534 2253 851 2325 ἀγνώμονες
880 2252 1018 2326 ἦσαν
1067 2260 1161 2313 καὶ
1198 2261 1535 2333 ἀναίσθητοι,
1567 2264 1769 2335 μόσχον
1810 2284 1978 2337 προσ-

296 2339 598 2411 εκύνησαν,
632 2343 724 2396 ml
754 2343 878 2414 βοὸς
914 2346 1157 2418 κεφαλὴν
1182 2348 1534 2421 ἐθεράπευον,
1554 2352 1648 2404 ml
1667 2352 1823 2418 θεοὺς
1847 2355 1976 2408 ἐπε-

299 2427 505 2498 ζήτουν
538 2432 720 2496 αὐτοῖς
776 2432 1050 2502 γενέσθαι,
1081 2436 1254 2507 νεαρά
1281 2437 1350 2492 τά
1373 2438 1739 2511 ὑπομνήματα
1773 2442 1882 2496 τῶν
1916 2443 1975 2496 ἐν

295 2516 568 2589 Αἰγύπτῳ
602 2520 937 2590 εὐεργεσιῶν
971 2522 1185 2593 ἔχοντες
1212 2524 1303 2579 τοῦ
1334 2525 1491 2595 Θεοῦ,
1521 2529 1616 2582 ml
1641 2529 1851 2583 πολλῶν
1879 2531 1974 2587 ml

294 2604 479 2658 ἄλλων
512 2606 876 2672 ἀπολαύοντες
905 2608 1004 2664 ἔτι.

374 2692 457 2747 ιδ’.
500 2695 557 2748 '0
578 2695 635 2747 δὲ
654 2695 765 2749 τῶν
781 2697 831 2749 Ν
837 2697 1079 2751 ινευῖτῶν
1103 2698 1298 2770 δῆμος,
1324 2699 1599 2773 βάρϐαρος
1614 2702 1689 2757 ὢν
1706 2705 1802 2759 καὶ
1818 2706 1964 2761 ἀλλό-

295 2782 493 2851 φυλος,
527 2783 739 2848 οὐδενὸς
780 2785 987 2839 τούτων
1017 2788 1389 2859 μετεσχηκὼς,
1422 2790 1484 2843 ού
1523 2792 1743 2863 μικροῦ,
1775 2795 1835 2847 ού
1879 2813 1976 2866 με·

295 2869 493 2937 γάλου,
523 2871 584 2924 ού
606 2871 802 2940 λόγων,
826 2873 887 2925 ού
910 2872 1225 2945 θαυμάτων,
1251 2877 1352 2929 οὐκ
1368 2876 1569 2949 ἔργων,
1598 2881 1657 2932 οὐ
1689 2881 1972 2952 ῥημάτων,

295 2956 492 3028 ἐπειδὴ
520 2958 807 3031 ἄνθρωπον
851 2956 989 3019 εἶδον
1026 2964 1091 3015 ὲκ
1136 2963 1398 3033 ναυαγίου
1431 2965 1785 3034 διασωθέντα,
1825 2970 1976 3024 οὐδέ-

296 3060 432 3099 ποτε
464 3044 651 3108 αὐτοῖς
678 3047 1077 3118 συγγενόμενον
1113 3048 1446 3123 ἔμπροσθεν,
1484 3053 1623 3109 ἀλλὰ
1670 3055 1790 3113 τότε
1824 3058 1975 3129 πρῶ-

293 3147 391 3185 τον
410 3132 668 3201 ὀφθέντα,
694 3134 1006 3191 εἰσελθόντα
1026 3138 1121 3192 καὶ
1148 3140 1393 3204 εἰπόντα,
1421 3142 1542 3196 Ἔτι
1563 3146 1719 3212 τρεῖς
1740 3145 1972 3216 ἡμέραι,

295 3221 401 3279 ηιί
424 3222 649 3291 Νινευὴ
676 3226 1240 3296 καταστραφήσεται
1259 3248 1272 3261 ·
1305 3231 1477 3295 οὕτως
1517 3234 1625 3287 ἀπὸ
1656 3235 1765 3289 τῶν
1801 3237 1975 3307 ψιλῶν

292 3309 505 3365 τούτων
528 3312 790 3382 ῥημάτων
816 3314 1178 3385 μετεϐάλοντο
1200 3319 1295 3372 ml
1317 3319 1559 3390 βελτίους
1584 3324 1851 3391 ἐγένοντο,
1880 3328 1977 3381 ml

292 3397 398 3468 τὴν
414 3399 689 3470 προτέραν
716 3401 1044 3473 ἀποθέμενοι
1070 3407 1288 3472 κακίαν,
1314 3408 1450 3479 πρὸς
1469 3409 1679 3483 ἀρετὴν
1695 3411 1782 3465 διά
1815 3431 1977 3484 μετα-

294 3487 447 3551 νοίας
477 3487 740 3553 ὥδευσαν,
787 3490 865 3555 ὡς
898 3492 1172 3562 ἀπόφασιν
1209 3496 1648 3552 ἀνακαλέσασθαι
1685 3500 1841 3567 Θεοῦ,
1882 3504 1977 3556 ml

297 3576 590 3649 σειομένην
622 3579 821 3649 στῆσαι
858 3580 1034 3644 πόλιν,
1063 3583 1157 3634 ml
1199 3581 1459 3655 θεήλατον
1490 3586 1659 3659 ὀργὴν
1702 3589 1976 3662 ἀποκρού-

296 3662 520 3731 σασθαι,
572 3665 670 3718 ml
714 3667 897 3739 πάσης
936 3668 1317 3741 ἀπαλλαγῆναι
1361 3674 1579 3737 κακίας.
1618 3676 1756 3730 Εϊὸε
1796 3678 1911 3750 γὰρ
1941 3683 1975 3734 ὸ

297 3750 469 3817 Θεὸς,
508 3754 698 3822 φηοὶν,
727 3754 818 3809 ὅτι
852 3757 1087 3826 ἀπέστη
1123 3758 1378 3825 ἕκαστος
1415 3762 1531 3816 ἀπὸ
1559 3763 1672 3832 τῆς
1704 3764 1849 3820 ὁδοῦ
1869 3769 1976 3822 αὐ-

294 3838 406 3892 τοῦ
430 3838 543 3907 τῆς
567 3841 857 3910 πονηρᾶς,
896 3844 995 3898 καί
1033 3845 1410 3917 ἐπέστρεψεν
1452 3849 1551 3901 ἐπὶ
1591 3852 1700 3904 τὸν
1734 3854 1972 3923 Κύριον.

296 3925 426 4013 Πῶς
456 3927 690 4001 ἀπέστη,
727 3930 849 3984 εἰπέ
884 3948 1005 4002 μοι;
1034 3933 1227 3988 Καίτοι
1259 3935 1467 4008 μεγάλη
1504 3932 1573 4008 ἦν
1604 3939 1838 4013 αὐτῶνή
1876 3959 1976 3996 κα-

296 4012 415 4079 κία,
447 4014 651 4085 ἄφατος
676 4018 709 4088 ὴ
740 4020 998 4090 πονηρία,
1025 4020 1249 4075 δυσίατα
1281 4022 1352 4076 τά
1379 4023 1544 4095 ἓλκηο
1573 4012 1846 4082 καὶτοῦτο
1879 4030 1974 4101 δη-

295 4102 409 4155 λῶν
435 4103 466 4156 ό
492 4106 780 4177 προφήτης
797 4106 1010 4176 ἕ-λεγενο
1042 4110 1238 4180 Ἀνέϐη
1261 4113 1299 4182 ἠ
1321 4115 1502 4169 κακία
1517 4115 1719 4171 αὐτῶν
1736 4117 1848 4185 ἕως
1866 4120 1974 4175 τοῦ

294 4191 591 4260 οὐρανοῦ·
626 4194 704 4263 τῷ
728 4194 1059 4268 διαστήματι
1092 4197 1186 4252 τοῦ
1218 4200 1386 4254 τόπου
1415 4201 1479 4255 τὺ
1511 4204 1740 4273 μέγεθος
1759 4206 1859 4276 τῆς
1880 4223 1978 4262 κα-

298 4280 424 4344 κίας
471 4280 650 4336 αὐτῶν
697 4283 1125 4357 ἐνδεικνύμενος.
1170 4288 1312 4342 Ἀλλ’
1362 4290 1512 4361 ὅμως
1558 4293 1659 4361 τὴν
1706 4295 1976 4367 τοσαύτην

294 4370 585 4441 ¹πονηρίαν,
622 4371 722 4440 τὴν
753 4372 897 4427 οῦτω
945 4376 1358 4446 κορυφωθεῖσαν
1381 4379 1475 4433 καὶ
1521 4380 1850 4449 ὑψωθεῖσαν,
1899 4383 1978 4445 ὡς

296 4460 396 4512 ml
429 4457 535 4523 ἕως
558 4459 653 4514 τοῦ
679 4459 911 4532 ούρανοῦ
938 4463 1164 4532 φθάσαι,
1192 4465 1397 4537 ταύτην
1419 4468 1478 4520 ἐν
1513 4468 1691 4539 τρισὶν
1713 4469 1970 4541 ἡμέραις,

294 4548 358 4602 ιν
389 4547 624 4619 βραχείᾳ
653 4549 850 4620 καιροῦ
894 4553 1058 4623 ῥοπῇ,
1103 4551 1193 4606 διά
1237 4553 1498 4626 ῥημάτων
1534 4553 1750 4623 ὀλίγων,
1776 4557 1813 4612 δι
1847 4560 1977 4631 παρ’

293 4637 422 4702 ἑνὸς
450 4639 690 4710 ήκουσαν
720 4640 1032 4711 ἀνθρώπου,
1065 4640 1368 4711 ἀγνώστου,
1399 4643 1574 4710 ξένου,
1614 4646 1855 4715 ναυαγοῦ
1878 4664 1974 4716 γε-

294 4726 627 4796 γενημένου,
656 4727 800 4782 οὕτω
820 4728 1143 4796 κατέλυσαν,
1158 4729 1332 4795 οὔτως
1361 4730 1655 4802 ἠφάνισαν,
1678 4732 1855 4799 οὕτως
1884 4737 1977 4789 ὲκ-

297 4812 478 4866 ποδὼν
494 4815 776 4887 ἐποίησαν,
794 4816 869 4880 ὡς
882 4818 1137 4890 τοιαύτης
1152 4819 1458 4875 ἀπολαῦσαι
1481 4821 1687 4892 φωνῆς,
1701 4823 1783 4899 δτι
1801 4820 1978 4879 Εἴδεν

297 4900 335 4953 ό
358 4902 527 4966 Θεὸς,
574 4902 667 4957 ὅτι
693 4903 931 4973 ἀπέστη
969 4904 1230 4973 ἕκαστος
1268 4907 1389 4962 ἀπὸ
1433 4906 1542 4977 τῆς
1578 4909 1724 4964 ὁδοῦ
1779 4908 1979 4965 αὐτῶν

297 4984 412 5054 τῆς
453 4988 744 5058 πονηρᾶς,
782 4990 882 5045 καὶ
919 4994 1291 5062 μετενόησεν
1332 4994 1449 5049 ἀπὸ
1502 4995 1613 5065 τῆς
1657 4997 1876 5063 κακίας
1902 4992 1979 5067 ἧς

293 5070 472 5128 εἶπεν
505 5078 537 5129 ὁ
570 5076 718 5144 Θεὸς
747 5078 997 5147 ποιῆσαι
1026 5080 1252 5148 αὐτοῖς.
1296 5082 1460 5154 Ὁρᾷς
1491 5083 1575 5137 ὅτι
1599 5086 1628 5138 ό
1665 5085 1765 5156 μὲν
1790 5086 1978 5157 νήφων

298 5164 397 5216 καὶ
424 5165 742 5238 ἐγρηγορὼς
772 5168 834 5220 ού
860 5169 1022 5240 μόνον
1055 5170 1207 5242 παρὰ
1241 5171 1546 5244 ἀνθρώπων
1591 5174 1744 5228 οὐδὲν
1769 5175 1974 5230 ἀδικεῖ-

298 5266 417 5315 ται,
444 5252 581 5307 ἁλλὰ
610 5256 706 5309 ml
748 5256 1010 5328 θεήλατον
1037 5259 1208 5331 ὀργὴν
1245 5259 1573 5331 άνατρέπει;
1610 5262 1638 5314 ό
1666 5260 1724 5314 δὲ
1763 5263 1976 5318 οἴκοθεν

300 5340 495 5395 ἑαυτὸν
529 5343 813 5414 προδιδοὺς
850 5345 946 5399 καί¹
989 5347 1408 5410 καταϐλάπτων,
1434 5347 1539 5401 κᾶν
1577 5349 1779 5419 μυρίας
1823 5350 1977 5423 εὐερ-

297 5429 494 5497 γεσίας
539 5431 790 5507 ἀπολάϐῃ
819 5445 869 5497 ιι,
917 5434 1071 5489 οὐδὲν
1122 5435 1270 5507 μέγα
1314 5435 1615 5506 κερδαίνει;
1656 5437 1813 5491 Οὕτω
1844 5437 1975 5509 γοῦν

298 5516 455 5570 οὐδὲν
476 5520 718 5585 ἐκείνους
739 5522 992 5594 ὠφέλησε
1019 5524 1089 5579 τὰ
1117 5523 1355 5578 τοσαῦτα
1384 5528 1608 5596 σημεῖα,
1643 5528 1752 5581 οὐδ’
1778 5531 1978 5595 αὐτοὺς

298 5604 526 5669 τούτους
572 5608 636 5661 τὸ
694 5609 769 5681 μὴ
821 5613 1110 5682 μετασχεῖν
1166 5612 1372 5666 τούτων
1423 5614 1806 5686 παρέϐλαψεν·
1860 5616 1976 5672 ἀλλ’

300 5692 493 5765 ἐπειδὴ
516 5694 728 5751 οἴκοθεν
771 5692 915 5769 ἦσαν
947 5699 1312 5771 εὐγνώμονες,
1344 5704 1548 5773 μικρᾶς
1592 5704 1977 5777 ἐπιλαϐόμενοι

300 5780 502 5854 ῥοπῆς,
558 5782 801 5854 βελτίους
846 5787 1114 5863 ἐγένοντο,
1161 5790 1338 5844 καίτοι
1370 5790 1638 5866 ϐάρϐαροι
1666 5793 1841 5861 ὄντες,
1883 5796 1977 5850 καὶ

369 5945 398 5977 ⁸
421 5947 570 6000 Savil.
603 5955 795 6005 elunus
817 5954 904 6005 κᾶν
928 5954 1104 6019 μυρίων
1128 5956 1407 6020 εὐεργεσιῶν
1434 5955 1652 6020 ἀπολαύῃ

1381 460 1573 531 QUOD
1611 459 1804 518 NEMO
1842 457 2178 517 LA‘ZDITUR
2212 461 2349 519 NlSl
2388 462 2431 517 A
2474 463 2734 523 SEIPSO.

3657 465 3761 518 436

2091 577 2401 647 ἀλλόφυλοι,
2428 581 2523 633 καὶ
2547 580 2771 634 πάντων
2786 580 3008 653 ἀνήκοοι
3029 581 3139 636 τῶν
3166 582 3328 637 θείων
3362 576 3643 655 χρησμῶν,
3672 586 3766 636 ml

2093 665 2285 739 πόρρω
2320 685 2424 721 που
2456 667 2559 738 τῆς
2595 667 2958 738 Παλαιστίνης
2985 670 3407 741 ἀπῳκισμένοι.-

2163 760 2244 808 ιεν.
2272 753 2338 806 Τί
2357 754 2415 808 δὲ
2444 755 2552 809 τῶν
2572 755 2776 810 παίδων
2798 756 3122 828 τῶν-τριῶν,
3153 759 3277 812 εἰπέ
3297 774 3409 830 μοι,
3440 759 3542 829 τὴν
3564 758 3765 831 ἀρετήν
3812 784 3837 799 ί

2092 840 2160 896 τά
2186 841 2480 896 ἐπελθόντα
2505 844 2652 897 κακά
2687 843 3024 915 ὲλυμήνατο;
3060 845 3303 917 Οὐχὶ·ἐτι
3335 846 3446 900 νέοι
3489 846 3642 910 ὄντες
3668 848 3764 900 καὶ

2093 929 2204 984 νέοι
2229 930 2453 1001 κομιδῆ,
2482 931 2543 985 ὲν
2578 929 2766 1002 ήλικίᾳ
2789 930 2953 1003 ἀώρῳ
2980 933 3078 1004 τὴν
3110 932 3354 1005 χαλεπὴν
3381 936 3597 1007 ἐκείνην
3629 934 3763 989 ὑπέ-

2095 1034 2286 1089 μειναν
2308 1018 2578 1091 τιμωρίαν
2599 1019 2695 1073 καὶ
2724 1020 3121 1091 αἰχμαλωσίαν,
3148 1023 3241 1075 καὶ
3259 1023 3359 1094 τὴν
3386 1023 3606 1096 μακρὰν
3626 1026 3764 1079 ἀπε-
3837 1021 3851 1039 ⁸

2087 1109 2338 1182 δήμησαν
2372 1109 2704 1181 ἀποδημίαν,
2734 1111 2829 1165 καὶ
2859 1112 3117 1184 πατρίδος
3148 1115 3249 1168 ml
3278 1115 3476 1181 οἰκίας,
3504 1116 3601 1170 ml
3626 1116 3757 1171 ναοῦ

2090 1199 2186 1252 ml
2212 1197 2395 1271 βωμοῦ
2424 1199 2519 1252 ml
2543 1198 2765 1265 θυσιῶν,
2801 1199 2957 1272 [461]
2992 1202 3088 1254 ml
3114 1203 3440 1274 προσφορῶν
3476 1204 3568 1258 ml
3598 1221 3760 1257 σπον-
3807 1198 3817 1242 ἐ

2089 1285 2218 1353 δῶν,
2267 1287 2362 1341 ml
2399 1287 2563 1341 αὗτοῦ
2598 1287 2656 1341 δὲ
2686 1286 2779 1341 τοῦ
2817 1287 3062 1359 ψάλλειν,
3092 1291 3172 1353 εἰς
3212 1291 3311 1361 τὴν
3354 1290 3639 1364 ἀλλοτρίαν
3673 1292 3760 1345 ὲλ-

2090 1372 2275 1438 θόντες
2299 1372 2423 1446 γῆν,
2460 1374 2864 1446 ὲχωρίσθησαν;
2910 1377 2985 1431 Οὐ
3014 1375 3124 1449 γὰρ
3151 1379 3184 1449 ή
3216 1378 3363 1433 οἰκία
3392 1379 3575 1444 αὐτοῖς
3600 1380 3759 1450 μόνον

2088 1460 2287 1526 ἄϐατος
2309 1457 2398 1533 ἦν,
2430 1462 2566 1516 ἀλλὰ
2605 1463 2697 1517 ml
2726 1463 2895 1518 πολλά
2914 1465 3014 1535 τῆς
3046 1463 3298 1537 λατρείας
3346 1466 3593 1520 ἐντεῦθεν
3619 1467 3756 1536 εἴδη.

2089 1548 2225 1618 Οὐχὶ
2259 1547 2625 1621 βαρϐαρικαῖς
2653 1549 2971 1622 ἐξεδόθησαν
2999 1553 3175 1624 χερσὶ,
3211 1553 3306 1606 καὶ
3343 1552 3528 1617 λύκοις
3559 1553 3760 1624 μᾶλλον

2086 1634 2120 1705 ἢ
2157 1635 2483 1708 ἀνθρώποις,
2515 1638 2630 1702 ml,
2660 1639 2722 1691 τὸ
2744 1638 2808 1709 δὴ
2835 1638 3237 1710 χαλεπώτατον,
3270 1640 3350 1704 εἰς
3379 1641 3595 1712 μακρὰν
3616 1638 3761 1695 οῦτω

2086 1723 2349 1796 κειμένην
2378 1725 2472 1777 καὶ
2507 1724 2780 1797 βάρϐαρον
2822 1714 3236 1791 ἀποικισθέντες
3270 1730 3395 1801 γῆν,
3428 1729 3523 1782 καὶ
3553 1729 3758 1800 αἰχμαοο

2085 1810 2286 1867 λωσίαν
2336 1813 2726 1884 χαλεπωτάτην
2759 1822 2810 1879 b,
2851 1815 2911 1869 οὐ
2959 1816 3277 1870 διδάσκαλον
3317 1812 3484 1888 εἶχον,
3527 1816 3588 1871 οὐ
3630 1832 3760 1888 προ-

2085 1899 2284 1971 φήτην,
2320 1902 2420 1955 οὐκ
2476 1902 2747 1973 ἄρχοντας
2797 1906 2880 1958 Οὐ
2925 1904 3035 1975 γάρ
3090 1904 3243 1971 ἐστι,
3295 1904 3480 1975 φησὶν,
3534 1903 3759 1973 ἄρχων,

2083 1986 2591 2058 οὐδὲπροφήτης,
2615 1990 2713 2044 καί
2740 1991 3092 2061 ἡγούμενος,
3122 1992 3265 2047 οὐδὲ
3286 1996 3470 2058 τόπος
3490 1992 3597 2046 τοῦ
3627 2010 3760 2060 καρ-

2084 2074 2281 2130 πῶσαι
2312 2075 2569 2131 ἐνώπιόν
2600 2094 2739 2144 σου,
2783 2078 2880 2132 καί
2914 2079 3114 2146 εὑρεῖν
3144 2080 3337 2147 ἕλεος.
3373 2079 3535 2133 Ἀλλά
3556 2081 3652 2135 ml
3676 2084 3757 2146 εἰς

2084 2162 2368 2234 βασιλικὴν
2408 2164 2604 2230 οἰκίαν,
2646 2165 2724 2228 ὡς
2754 2166 2835 2229 εἰς
2873 2166 3134 2220 σκόπελόν
3178 2184 3298 2221 τινα
3347 2167 3444 2221 ml
3490 2169 3754 2240 κρημνὸν,

2083 2251 2177 2304 ml
2221 2251 2458 2320 πέλαγος
2499 2252 2718 2322 ὑφάλων
2754 2254 2926 2325 γέμον
2963 2253 3059 2308 καὶ
3098 2255 3390 2321 σπιλάδων,
3418 2254 3593 2320 οὕτως
3639 2258 3754 2309 εἰσ-

2082 2337 2347 2409 ήχθησαν,
2380 2339 2550 2410 χωρὶς
2578 2340 2940 2413 κυϐερνήτου,
2967 2342 3062 2395 ml
3082 2344 3368 2414 πρωρέως,
3402 2344 3495 2397 καὶ
3522 2344 3754 2407 ναυτῶν,

2081 2425 2175 2478 ml
2207 2426 2410 2490 ἰστίων,
2447 2426 2879 2498 ἀναγκαζόμενοι
2906 2428 3003 2500 τὴν
3035 2428 3278 2500 χαλεπὴν
3314 2429 3531 2500 ἐκείνην
3562 2429 3758 2484 θάλατ-

2078 2529 2179 2566 ταν
2212 2512 2366 2567 πλεῖν
2387 2529 2400 2544 °
2431 2515 2527 2568 ml
2558 2515 2808 2589 καθάπερ
2836 2518 2893 2570 ὲν
2919 2517 3277 2590 δεσμωτηρίῳ
3301 2520 3419 2582 ταῖς
3442 2518 3759 2597 βασιλικαῖς

2080 2602 2270 2666 αὐλαῖς
2291 2602 2772 2675 ὲναπειλημμένοι.
2817 2605 3037 2676 Ἐπειδὴ
3066 2605 3175 2677 γὰρ
3198 2605 3509 2676 φιλοσοφεῖν
3534 2606 3753 2677 ᾔδεσαν,

2079 2691 2173 2743 ml
2214 2690 2323 2745 τῶν
2355 2689 2624 2762 βιωτικῶν
2656 2687 2797 2764 ἦσαν
2845 2691 3107 2764 ἀνώτεροι
3145 2693 3508 2764 πραγμάτων,
3541 2693 3635 2746 ml
3664 2693 3758 2746 τὸν

2080 2777 2248 2848 τῦφον
2277 2778 2492 2833 ἅπαντα
2539 2780 2925 2851 κατεπάτησαν
2953 2779 3044 2834 τὸν
3086 2780 3445 2850 ἀνθρώπινον,
3492 2781 3588 2835 ml
3626 2782 3757 2835 κοῦ-

2080 2884 2181 2936 φον
2214 2868 2397 2933 αὐτοῖς
2420 2869 2481 2920 τὸ
2503 2869 2699 2937 πτερὸν
2730 2869 3072 2939 εἰργάσαντο,
3097 2870 3417 2942 προσθήκην
3449 2871 3633 2924 κακῶν
3664 2867 3758 2924 ml

2078 2954 2177 3026 τὴν
2209 2954 2398 3008 αὐτόθι
2426 2954 2707 3025 διατριϐὴν
2735 2955 2984 3025 ἐνόμιζον
3019 2951 3177 3009 εἶναι.
3216 2956 3360 3022 Ἐξω
3394 2957 3493 3026 μὲν
3533 2957 3642 3028 γὰρ
3669 2958 3759 3010 δνυ

2078 3060 2191 3108 τες,
2225 3043 2319 3096 ml
2347 3045 2404 3096 ὲν
2440 3043 2681 3114 ἰδιωτικῇ
2721 3043 2888 3114 οἰκίᾳ,
2927 3043 3169 3106 πλείονος
3203 3043 3426 3114 ἔμελλον
3454 3045 3758 3100 ἀπολαύσε-

2083 3130 2207 3185 σθαι
2245 3132 2347 3202 τῆς
2380 3130 2654 3197 ἐξουσίας·
2688 3133 2771 3195 εἰς
2808 3132 2866 3185 δὲ
2901 3132 2962 3185 τὸ
3000 3132 3375 3205 δεσμωτήριον
3410 3134 3756 3204 εἰσαχθέντες

2081 3221 2259 3272 ἐκεῖνο
2286 3218 2680 3291 (δεσμωτηρίου
2733 3218 2842 3291 γάρ
2870 3218 2969 3290 τὴν
3016 3222 3316 3286 φαντασίαν
3350 3221 3568 3274 ἃπασαν
3605 3222 3755 3275 ἐκεί-

2081 3324 2199 3379 νην,
2246 3307 2341 3361 ml
2385 3308 2666 3379 κρημνῶν,
2698 3307 2793 3360 καὶ
2841 3307 3127 3383 σκοπέλων
3142 3308 3293 3361 οὐδὲν
3343 3308 3564 3379 ἄμεινον
3616 3304 3757 3362 εἶναι

2081 3394 2376 3465 ἐνόμιζον),
2412 3394 2614 3458 εὐθέως
2633 3395 2919 3448 δυσκολίαν
2946 3394 3245 3466 ὑπέμειναν
3270 3395 3532 3466 χαλεπήν.
3571 3396 3631 3448 ὐ
3657 3396 3756 3466 μὲν

2080 3483 2189 3552 γὰρ
2223 3482 2476 3553 βασιλεὺς
2504 3482 2759 3537 ἐκέλευσε
2799 3484 3090 3547 κοινωνοὺς
3122 3484 3316 3546 αὐτοὺς
3343 3483 3444 3554 τῆς
3475 3484 3756 3555 τραπέζης

2080 3580 2218 3637 εἶναι
2244 3584 2346 3654 τῆς
2370 3583 2584 3647 ἑαυτοῦ,
2618 3583 2717 3654 τῆς
2741 3584 3097 3655 συϐαριτικῆς
3128 3585 3363 3655 ἐκείνης,
3389 3585 3484 3639 καὶ
3509 3585 3756 3656 ἁκαθάρ-
3804 3633 3807 3636 .

2078 3687 2173 3723 του
2208 3670 2305 3723 καὶ
2335 3670 2583 3741 βεϐήλου,
2618 3671 2804 3734 αὐτοῖς
2832 3671 2890 3724 δὲ
2919 3671 3296 3742 ἀπηγορεύετο
3324 3673 3501 3737 τοῦτο,
3529 3674 3622 3726 καὶ
3663 3673 3755 3727 θα-

2080 3759 2243 3811 νάτου
2292 3757 2673 3829 χαλεπώτερον
2716 3754 2856 3811 εἶναι
2907 3760 3118 3812 ἐδόκει·
3158 3760 3253 3812 ml
3300 3761 3450 3830 μόνοι
3505 3760 3756 3831 καθάπερ

2078 3845 2241 3916 ἀρνία
2270 3846 2450 3899 λύκων
2482 3844 2687 3917 μεταξὺ
2720 3845 2989 3900 τοσούτων
3017 3842 3155 3917 ἦσαν
3184 3846 3606 3917 ἀπειλημμένοι.
3645 3850 3759 3918 καὶ

2079 3934 2295 4004 ἀνάγκη
2322 3928 2411 4005 ἧν,
2440 3933 2473 4005 ἢ
2501 3932 2644 4005 λιμῷ
2668 3933 2954 4004 τήκεσθαι,
2984 3934 3183 4004 μᾶλλον
3207 3933 3263 3988 δὲ
3296 3936 3391 3988 ml
3416 3934 3514 4003 τὴν
3540 3936 3632 3988 ἐπὶ
3661 3936 3757 3991 θά-

2078 4039 2237 4076 νατον
2272 4021 2585 4093 ᾶγεσθαι,ἢ
2630 4021 2739 4075 τῶν
2791 4021 3186 4092 κεκωλυμένων
3234 4021 3601 4092 ἀπογεύεσθαι
3643 4023 3755 4076 ἑδευ

2082 4112 2323 4183 σμάτων.
2356 4111 2422 4165 Τί
2444 4107 2537 4165 οὖν
2561 4110 2806 4166 ποιοῦσιν
2827 4111 2876 4163 οἰ
2897 4110 3028 4175 νέοι,
3055 4111 3101 4163 οἱ
3125 4111 3182 4163 ἐν
3203 4110 3453 4183 ὀρφανίᾳ,
3477 4115 3525 4165 οἱ
3553 4113 3756 4181 αἰχμά-

2077 4202 2271 4264 λωτοι,
2325 4201 2374 4253 οἱ
2425 4198 2598 4265 ξένοι,
2659 4199 2711 4253 οἰ
2771 4197 2947 4252 δοῦλοι
3014 4197 3123 4251 τῶν
3169 4196 3341 4251 ταῦτα
3391 4199 3753 4265 κελευόντων;

2080 4291 2195 4343 Ούκ
2223 4287 2482 4359 ἐνόμισαν
2512 4287 2703 4359 ἀρκεῖν
2729 4287 2910 4349 αὐτοῖς
2939 4287 3019 4349 εἰς
3049 4285 3344 4356 ἀπολογίαν
3363 4285 3461 4359 τὴν
3484 4288 3751 4360 ἀνάγκην,

2080 4377 2200 4431 οὐδὲ
2235 4375 2334 4449 τήν
2368 4374 2656 4447 τυραννίδα
2693 4373 2788 4428 τοῦ
2818 4373 2916 4445 τὴν
2947 4374 3102 4428 πόλιν
3139 4373 3381 4445 ἔχοντας’
3415 4374 3550 4429 ἀλλὰ
3579 4377 3758 4431 πάντα

2083 4464 2454 4536 μηχανῶνται,
2495 4463 2590 4516 ml
2629 4460 3135 4533 πραγματεύονται,
3166 4460 3306 4514 ὥστε
3340 4460 3437 4529 τὴν
3486 4463 3758 4534 ἁμαρτίαν

2080 4554 2296 4621 φυγεῖν,
2327 4538 2505 4605 καίτοι
2534 4549 2871 4620 πανταχόθεν
2897 4548 3299 4620 προδεδομένοι.
3324 4549 3463 4602 Οὔτε
3488 4550 3599 4621 γὰρ
3622 4554 3758 4620 χρή-

2084 4656 2215 4709 μασι
2268 4637 2475 4691 πείθειν
2527 4636 2823 4706 ἠδύναντο·
2884 4635 3001 4698 πῶς
3047 4634 3156 4707 γὰρ
3196 4637 3245 4688 οἰ
3295 4636 3660 4706 αἰχμάλωτοι;
3694 4640 3755 4693 οὐ

2080 4725 2233 4797 φιλίᾳ
2278 4724 2701 4796 καὶσυνουσίᾳ·
2748 4723 2865 4787 πῶς
2899 4722 3009 4793 γὰρ
3044 4723 3093 4775 οἰ
3143 4720 3315 4787 ξένοι;
3360 4724 3420 4776 οὐ
3466 4723 3757 4799 δυναστείᾳ
3836 4790 3851 4805 ρ

2080 4822 2501 4897 περιγενέσθαιο
2532 4822 2651 4886 πῶς
2677 4821 2787 4892 γὰρ
2814 4821 2864 4874 οἱ
2890 4819 3098 4886 δοῦλοι;
3129 4821 3190 4874 οὺ
3222 4818 3419 4891 πλήθει
3446 4824 3751 4895 κρατῆσαι·
3841 4807 3865 4827 ⁸

2080 4919 2198 4985 πῶς
2231 4920 2342 4992 γὰρ
2379 4920 2428 4972 οἱ
2456 4921 2603 4991 τρεῖς
2637 4917 2822 4989 μόνοις
2853 4915 3253 4989 Προσελθόντες
3286 4920 3466 4974 τοίνυν
3508 4920 3756 4976 πείθουσι

2078 5016 2171 5071 τὸν
2199 5016 2454 5088 εὐνοῦχον
2479 5017 2685 5069 ἐκεῖνον
2710 5013 2910 5082 λόγοις,
2934 5012 3027 5068 τὸν
3055 5015 3262 5088 ταύτην
3284 5015 3478 5088 ἔχοντα
3497 5016 3595 5090 τήν
3614 5017 3757 5084 ἐξου-

2082 5113 2224 5169 σίαν.
2271 5110 2489 5183 Ἐπειδὴ
2531 5110 2640 5183 γάρ
2677 5104 2837 5183 εὗρον
2867 5109 3031 5164 αὐτὸν
3059 5111 3286 5184 περιδεῆ
3334 5113 3428 5167 ml
3460 5114 3762 5186 τρέμοντα,

2081 5208 2179 5264 ml
2208 5209 2337 5280 περί
2377 5206 2479 5278 τῆς
2524 5206 2730 5270 οἰκείας
2760 5206 3035 5278 σωτηρίας
3080 5208 3423 5277 ἀγωνιῶντα,
3470 5210 3564 5263 καὶ
3593 5210 3761 5280 φόϐος

2080 5305 2353 5377 ἀφόρητος
2398 5293 2519 5374 ἦνό
2560 5302 2690 5373 περὶ
2721 5301 2818 5356 τοῦ
2854 5301 3085 5356 θανάτου
3121 5302 3425 5357 κατασείων
3462 5304 3627 5359 αὐτοῦ
3658 5306 3757 5377 τὴν

2079 5402 2286 5474 ψυχήνο
2315 5399 2612 5471 Φοϐοῦμαι
2636 5398 2745 5471 γάρ
2770 5398 2903 5469 ἐγὼ,
2932 5400 3086 5470 φησὶ,
3117 5400 3224 5455 τὸν
3251 5400 3460 5469 κύριόν
3482 5418 3603 5470 μου
3648 5405 3757 5459 τόν

2078 5494 2362 5562 βασιλέα,
2385 5492 2472 5565 μή
2494 5509 2638 5547 ποτε
2668 5492 2765 5562 ἴδῃ
2790 5494 2865 5548 τὰ
2901 5497 3194 5563 πρόσωπα
3233 5493 3405 5564 ὑμῶν
3429 5496 3757 5564 σκυθρωπὰ

2078 5594 2232 5663 ὑπὲρ
2257 5593 2330 5647 τὰ
2356 5590 2637 5660 παιδάρια
2660 5590 2734 5644 τὰ
2769 5590 3077 5656 συνήλικα
3103 5590 3290 5662 ὑμῶν,
3312 5590 3413 5645 καὶ
3439 5591 3755 5648 καταδίκα·

2079 5703 2231 5758 σητε
2266 5686 2380 5757 τὴν
2426 5686 2706 5757 κεφαλήν
2746 5705 2868 5757 μου
2913 5688 2993 5752 τῷ
3036 5687 3317 5750 ,βασιλεῖ’
3348 5688 3757 5756 ἀπαλλάξαντες

2081 5790 2244 5845 αὑτὸν
2269 5787 2461 5844 τούτου
2498 5788 2595 5846 τοῦ
2627 5788 2779 5853 δέους
2806 5788 3053 5842 πείθουσι
3081 5786 3266 5844 δοῦναι
3305 5791 3406 5864 τὴν
3440 5792 3616 5867 χάριν.
3647 5793 3759 5849 Καὶ

2147 5952 2175 5995 ιι
2197 5951 2294 6006 Alii
2324 5955 2402 6004 καὶ
2422 5955 2754 6021 αἰχμαλωσίας
2775 5950 3269 6028 νόμφηχα).εῖιυξτρτῳε
