4002 6416
285 379 384 434 ΓΠ

281 494 470 562 ἐπειδη
508 491 692 547 πάντα
718 489 849 560 παρ’
888 483 1096 541 ἑαυτῶν
1137 473 1607 564 εἰσήνεγκανᾌκαῖ
1646 474 1675 526 ὁ
1714 470 1851 564 Θεὸς
1879 464 1948 564 τά

281 578 413 650 παρ’
440 554 636 630 ἐαυτοῦ
666 554 818 646 [462]
850 568 1036 623 λοιπὸν
1067 564 1367 650 εἰσέφερεν.
1389 559 1530 650 Ορδέ
1686 554 1782 650 τοῦ
1811 554 1949 650 Θεοῦ

284 637 448 732 μόνον
476 659 538 714 τὸ
562 637 890 729 κατόρθωμα
917 653 1010 707 ἐπὶ
1034 648 1242 732 τούτοις
1282 640 1374 717 ἦν,
1398 637 1480 732 οἷς
1506 639 1729 732 ἔμελλον
1753 638 1950 732 ἐκεῖνοι

285 719 478 814 μισθὸν
502 719 829 813 λαμϐάνειν,
848 737 985 793 ἀλλά
1002 734 1102 804 τῆς
1127 730 1350 787 ἐκείνων
1370 725 1597 814 γνώμης
1616 723 1662 814 μή
1686 720 1831 814 ἀρχὴ
1846 719 1952 814 ,καὶ

280 804 352 881 τὰ
382 804 665 898 προοίμια,
696 823 763 895 ῆν
809 804 1218 892 παρασχόμενοι
1246 811 1503 884 γενναίαν
1544 810 1640 898 καί
1675 804 1951 898 ἀνδρείαν,

282 894 664 965 ἐπεσπάσαντο
690 894 785 962 τοῦ
810 905 947 961 Θεοῦ
978 904 1077 975 τὴν
1104 901 1298 973 ῥοπὴν,
1326 898 1424 954 καὶ
1450 898 1531 961 εἰς
1563 895 1715 959 τέλος
1746 894 1953 965 ήγαγον

282 998 419 1063 ὅπερ
446 991 796 1055 ἐσπούδαζον.

347 1058 443 1137 ις’.
497 1069 655 1145 Ὁρᾷς
679 1072 762 1126 ὅτι
790 1071 883 1126 τὸν
917 1070 994 1141 μὴ
1022 1067 1217 1122 ἐαυτὸν
1243 1062 1533 1120 ἀδικοῦντα
1563 1060 1737 1145 οὐδεὶς
1766 1058 1953 1145 ἔτερος

287 1142 636 1228 ωραϐλάῴαι
679 1155 1002 1226 δυνήσεταις
1047 1151 1179 1205 Ἰδοὺ
1206 1147 1336 1218 γοῦν
1370 1145 1464 1201 καὶ
1496 1144 1715 1229 νεότης,
1747 1142 1843 1229 καὶ
1868 1142 1956 1229 αἰξ

287 1226 594 1309 χμαλωσία,
614 1238 711 1293 καὶ
734 1238 991 1311 ὀρφανία,
1008 1236 1102 1290 καὶ
1118 1237 1198 1299 εἰς
1220 1231 1506 1302 ἀλλοτρίαν
1534 1226 1828 1311 ἀπαγωγὴ,
1858 1227 1956 1281 καὶ

292 1319 555 1393 μόνωσιςν
567 1321 663 1376 καὶ
685 1308 891 1394 ἐρημία
908 1318 1017 1373 τῶν
1038 1314 1454 1389 προστησόντων
1477 1323 1527 1377 ι,
1550 1310 1647 1394 καὶ
1673 1308 1953 1394 ἐπίταγμα

286 1392 543 1473 χαλεπὸν,
574 1405 670 1459 καὶ
702 1392 864 1474 φόϐος
898 1401 1128 1455 θανάτου
1163 1399 1330 1461 πολὺς
1363 1393 1706 1466 ἐπιτειχίζων
1732 1392 1828 1447 τοῦ
1860 1394 1953 1447 εύ-

290 1485 482 1558 νούχου
515 1487 614 1557 τὴν
652 1486 909 1549 διάνοιαν,
931 1484 1027 1538 καὶ
1063 1482 1245 1545 πενία,
1271 1481 1367 1536 καὶ
1393 1478 1661 1548 ὀλιγότης,
1692 1477 1789 1533 καὶ
1808 1476 1868 1529 τὸ
1896 1478 1956 1530 ἐν

293 1567 444 1639 μέσῳ
475 1568 765 1643 βαρϐάρων
793 1565 952 1633 εἶναι,
991 1571 1085 1621 καὶ
1119 1565 1179 1620 τὸ
1203 1566 1329 1627 τοὺς
1350 1562 1573 1634 ἐχθροὺς
1596 1561 1739 1632 ἔχειν
1764 1559 1956 1643 δεσπό-

288 1668 411 1719 τας,
437 1652 535 1706 καὶ¹
561 1652 622 1706 τδ
642 1654 723 1715 εἰς
749 1651 919 1715 αὐτάς
944 1647 1252 1704 ἐκδεδόσθαι
1274 1647 1373 1712 τὰς
1407 1648 1597 1718 χεῖρας
1623 1645 1722 1709 τὰς
1747 1642 1956 1715 βασιλι-

290 1740 416 1799 κάς,
444 1731 540 1791 καί⁵
574 1731 684 1786 τῶν
707 1733 923 1788 οἰκείων
950 1732 1203 1788 ἀπάντων
1236 1733 1265 1784 ὁ
1304 1728 1601 1802 χωρισμὸς,
1631 1730 1727 1783 καὶ
1765 1728 1958 1799 ίερέων

292 1818 387 1869 καὶ
416 1817 730 1887 προφητῶν,
765 1815 859 1869 καὶ
882 1814 993 1871 τῶν
1028 1813 1202 1868 ἄλλων
1231 1813 1343 1868 τῶν
1371 1812 1817 1884 ἐπιμελουμένων
1854 1810 1954 1863 αύ-

289 1899 401 1954 τῶν
439 1898 809 1965 ἀλλοτρίωσις,
843 1890 951 1952 καῖ’
969 1897 1212 1952 σπονδῶν
1259 1896 1357 1951 καὶ
1391 1895 1593 1950 θυσιῶν
1638 1894 1828 1966 ἀργία,
1861 1892 1958 1947 καὶ

291 1982 419 2037 ναοῦ
452 1983 549 2037 καὶ
588 1982 820 2052 ψαλμῶν
859 1982 1170 2053 ἀφαίρεσις,
1201 1979 1297 2035 καὶ
1340 1979 1492 2034 οὐδὲν
1523 1977 1730 2033 τούτων
1762 1976 1961 2039 αὐτοὺς

291 2063 676 2135 οιταρέϐλαιιαεν⁸
717 2062 855 2118 ἀλλά
901 2062 1023 2117 τότε
1072 2061 1333 2134 μειζόνως
1382 2060 1766 2130 εὐδοκίμησαν,
1801 2058 1834 2129 ἢ
1869 2058 1960 2111 ὅτε

289 2148 495 2204 τούτων
548 2147 828 2217 ἀπήλαυον
862 2146 956 2201 ἐπὶ
1002 2146 1105 2217 τῆς
1130 2145 1389 2218 πατρίδος
1425 2145 1529 2215 τῆς
1573 2141 1801 2197 ἑαυτῶν.
1849 2142 1962 2196 Kak

290 2232 510 2303 πρῶτον
538 2227 700 2286 ἆθλον
731 2229 1027 2295 ἀνύσαντες
1053 2229 1264 2294 τοῦτον,
1297 2228 1392 2281 καὶ
1415 2226 1667 2297 λαμπρὸν
1690 2225 1964 2297 ἀναδησά-

292 2331 446 2385 μενοι
479 2314 572 2368 τδν
606 2314 889 2383 στέφανον,
918 2314 1015 2368 καὶ
1036 2312 1127 2366 τὸν
1159 2311 1322 2382 νόμον
1360 2311 1453 2364 καί
1492 2312 1550 2364 ἐν
1570 2308 1827 2381 ἀλλοτρίᾳ
1858 2326 1961 2379 τη-

293 2399 582 2469 ρήσαντες,
634 2396 730 2450 καὶ
771 2395 1050 2465 ἐπίταγμα
1093 2395 1576 2465 καταπατήσαντες
1619 2394 1957 2464 τυραννικὸν,

290 2481 387 2535 καὶ
414 2479 579 2549 φόϐον
607 2479 929 2549 νικήσαντες
956 2476 1049 2532 τοῦ
1092 2477 1412 2549 ἀλάστορος,
1446 2479 1542 2531 καὶ
1579 2478 1745 2549 μηδὲν
1789 2479 1962 2549 μηδα-

293 2564 457 2634 μόθεν
477 2560 942 2635 παραϐλαϐέντες,
975 2560 1165 2633 ὥσπερ
1189 2560 1328 2615 οίκοι
1356 2561 1675 2633 καθήμενοι,
1701 2563 1796 2616 καὶ
1824 2565 1961 2616 πᾶν·

289 2664 399 2700 των
440 2646 664 2699 ἐκείνων
705 2643 1091 2709 ἀπολαύοντες,
1114 2643 1258 2698 οὕτω
1300 2643 1362 2698 τὸ
1402 2642 1562 2715 ἔργον
1604 2644 1741 2716 μετά
1778 2644 1961 2710 ἀδείας

291 2729 611 2794 ἀνύσαντες,
634 2730 719 2799 ἐφ’
761 2727 923 2798 ἕτερα
959 2726 1119 2782 πάλιν
1153 2726 1442 2781 ἐκαλοῦντο
1490 2728 1808 2800 σκάμματα.
1850 2730 1960 2783 Καὶ

289 2813 452 2867 πάλιν
476 2807 616 2883 ἦσαν
643 2811 693 2864 οἰ
735 2809 889 2865 αύτοί
909 2828 923 2842 ο
956 2809 1051 2864 καὶ
1087 2807 1236 2877 ἀγὼν
1274 2809 1367 2862 τοῦ
1401 2810 1666 2882 προτέρου
1707 2810 1958 2882 χαλεπώ-

293 2912 447 2967 τερος
484 2896 667 2959 αύτοῖς
692 2893 992 2959 ἐπετίθετο,
1025 2893 1119 2945 καὶ
1145 2892 1374 2962 κάμινος
1400 2894 1690 2965 άνήπτετο,
1718 2896 1811 2949 καὶ
1833 2895 1961 2967 βαρ-

288 2977 516 3051 ϐαρικδν
560 2978 699 3048 πρὸς
741 2978 939 3040 αὑτοὺς
978 2976 1336 3049 στρατόπεδον
1384 2977 1524 3048 μετά
1558 2976 1653 3032 τοῦ
1692 2978 1961 3049 βασιλέως

288 3061 686 3142 παρετάττετοο
712 3060 825 3142 καὶ.
859 3061 910 3142 ἡ.
950 3060 1193 3142 Περσική
1246 3061 1401 3142 πᾶσα
1435 3059 1679 3142 Δδύναμις
1706 3064 1957 3142 ἐκινεῖτο,

288 3129 386 3185 καϊ
426 3134 604 3186 πάντα
632 3130 771 3202 πρὸς
800 3129 1235 3201 ἀπάτηναύτῶν
1261 3129 1636 3198 ἐπετηδεύετο,
1662 3132 1759 3185 καὶ
1804 3131 1955 3203 βίαν·

285 3216 382 3268 καὶ
409 3214 674 3286 μουσικῆς
704 3213 819 3285 είδη
852 3212 1107 3284 διάφορα,
1129 3213 1226 3266 καὶ
1253 3211 1528 3266 κολάσεων
1563 3213 1797 3268 ποικίλοι
1826 3215 1957 3286 τρό-

286 3314 401 3362 ποι,
434 3297 531 3351 καὶ⁵
561 3295 802 3357 ἀπειλαὶ,
827 3295 922 3349 καὶ
940 3294 1061 3365 ὄψις
1083 3295 1345 3350 πάντοθεν
1370 3292 1437 3368 ἦν
1475 3297 1704 3368 φοϐερά,
1734 3298 1828 3352 καὶ
1858 3300 1958 3370 ῥή-

290 3396 436 3452 ματα
474 3376 652 3447 ὅψεως
689 3375 1065 3448 φοϐερώτεραο
1105 3376 1221 3430 ἀλλ’
1249 3377 1400 3449 ὅμως
1424 3379 1611 3450 ἐπειδὴ
1641 3380 1869 3444 ἑαυτοὺς
1894 3383 1956 3435 οὑ

285 3462 627 3535 προέδωκαν,
677 3460 814 3514 ά).λά
851 3459 921 3513 τὰ
973 3461 1103 3532 παρ’
1142 3461 1350 3515 ἐαυτῶν
1382 3461 1560 3515 πάντα
1606 3464 1954 3535 εἰσήνεγκαν,

284 3546 440 3601 οὐδὲν
466 3544 721 3597 οὐδέποτε
753 3542 1176 3615 παρεϐλάϐησαν
1200 3559 1217 3576 ο
1256 3543 1392 3597 ἀλλὰ
1413 3545 1508 3599 καὶ
1544 3544 1957 3619 λαμπροτέρους

282 3628 395 3682 τῶν
430 3626 713 3698 προτέρων
750 3625 1080 3697 ἀνεδήσαντο
1106 3627 1242 3695 ίτοὺς
1274 3627 1587 3696 στεφάνους.
1623 3628 1822 3699 Ἔδησε
1857 3629 1958 3700 μὲν

283 3711 395 3783 γὰρ
426 3711 623 3774 αὐτοὺς
649 3713 678 3764 ὀ
704 3709 1194 3782 Ναϐουχοδονόσορ,
1219 3711 1313 3765 καὶ
1339 3710 1590 3764 ἐνέϐαλεν
1614 3713 1695 3775 εἰς
1727 3713 1824 3783 τὴν
1855 3714 1955 3768 κά-

288 3811 463 3865 μινον,
489 3795 550 3847 ού
584 3794 682 3866 μὲν
708 3792 1080 3866 παρέϐλαψεν,
1116 3793 1254 3847 ἀλλά
1280 3793 1374 3847 καὶ
1399 3794 1660 3863 μειζόνως
1683 3795 1956 3867 ὠφέλησε,

285 3876 379 3929 καὶ
423 3874 796 3947 ἐνδοξοτέρους
824 3875 1136 3946 εἰργάσατο.
1169 3876 1279 3929 Καὶ
1319 3874 1443 3930 οὔτε
1488 3876 1616 3931 ναὸν
1639 3877 1824 3949 (πάλιν
1847 3880 1957 3952 γὰρ

282 3957 354 4013 τὰ
393 3957 535 4014 αὐτὰ
583 3959 742 4029 ἐρῶ),
792 3958 916 4014 οὔτε
978 3959 1381 4032 θυσιαστήριον,
1426 3960 1488 4013 ού
1548 3962 1804 4035 πατρίδα,
1858 3964 1957 4035 οὐχ

289 4039 488 4112 ίερέας,
511 4041 573 4094 ού
612 4042 897 4113 προφήτας
922 4039 1157 4112 ἔχοντες,
1189 4042 1247 4095 ἐν
1284 4042 1540 4116 ἀλλοτρίᾳ
1563 4044 1658 4099 καὶ
1695 4044 1957 4120 βαρϐάρῳ

283 4127 459 4195 χώρᾳ,
492 4127 551 4177 ἐν
591 4123 728 4195 αὐτῇ
761 4124 863 4196 μέν
897 4121 993 4178 οὖν
1034 4123 1175 4198 μέσῃ
1218 4127 1286 4197 τῇ
1333 4126 1566 4198 καμίνῳ,
1612 4128 1816 4199 μεταξὺ
1859 4129 1955 4184 τοῦ

286 4205 652 4276 στρατοπέδου
698 4205 898 4269 παντὸς
948 4207 1179 4271 ἐκείνου,
1215 4207 1382 4262 αὐτοῦ
1422 4207 1517 4262 τοῦ
1556 4209 1819 4279 βασιλέως
1860 4212 1955 4266 τοῦ

280 4287 460 4342 ταῦτα
500 4287 870 4358 ἐργαζομένου
912 4287 1263 4361 θεωροῦντος,
1301 4289 1553 4362 λαμπρὸν
1590 4287 1958 4364 ἀνεστήσαντο

279 4370 566 4441 τρόπαιον,
597 4370 693 4425 καὶ
741 4372 1016 4442 περιφανῆ
1049 4372 1206 4443 νίκην
1233 4375 1455 4444 ἤραντο,
1486 4373 1587 4446 τὴν
1632 4375 1956 4449 θαυμαστὴν

280 4452 501 4527 ἐκείνην
523 4453 618 4508 καὶ
645 4451 950 4526 παράδοξον
978 4454 1209 4525 ᾄσαντες
1230 4455 1394 4528 ᾠδὴν,
1426 4456 1526 4529 τὴν
1548 4458 1643 4513 καὶ
1676 4459 1840 4530 μέχρι
1859 4460 1954 4516 τοῦ

228 4536 231 4545 ‘
279 4535 378 4589 νῦν
407 4535 467 4604 ἐξ
493 4535 701 4592 ἐκείνου
731 4534 1004 4608 πανταχοῦ
1040 4538 1141 4608 τῆς
1177 4537 1502 4610 οἰκουμένης
1537 4539 1825 4612 ᾀδομένην,
1862 4545 1956 4597 καὶ

280 4619 660 4692 ᾁσθησομένην
686 4620 745 4674 δὲ
772 4622 867 4675 καὶ
909 4622 989 4685 είς
1013 4620 1112 4685 τὰς
1140 4623 1277 4692 μετά
1315 4621 1490 4677 ταῦτα
1524 4624 1737 4693 γενεάς.
1767 4625 1954 4692 Οὕτως

280 4699 374 4758 οὖν
398 4705 527 4759 ὅταν
563 4706 753 4778 μηδεὶς
790 4705 982 4760 ἐαυτὸν
1012 4705 1195 4775 ἀδικῇ,
1229 4706 1382 4760 οὐδὲν
1420 4708 1551 4780 παρ’
1601 4709 1790 4781 ἐτέρου
1823 4709 1955 4780 βλα-

281 4786 445 4856 ϐῆναι
470 4787 795 4859 δυνήσεται⁶
821 4790 884 4843 ού
915 4788 1025 4861 γὰρ
1055 4789 1339 4860 παύσομαι
1388 4792 1632 4862 συνεχῶς
1668 4791 1828 4846 τοῦτο
1854 4794 1955 4846 ἐπ-

280 4871 422 4942 ᾴδων
448 4869 512 4924 τὸ
537 4872 710 4943 ῥῆμα.
729 4872 793 4925 Εἰ
818 4872 926 4944 γὰρ
953 4874 1322 4944 αἰχμαλωσία,
1349 4874 1444 4929 και)⁸
1473 4875 1705 4942 δουλεία,
1737 4879 1831 4931 καὶ
1857 4879 1953 4949 μόο

278 4970 465 5018 νωσις,
492 4954 586 5007 καὶ
608 4955 866 5025 πατρίδος
891 4956 1129 5027 ἀποϐολὴ
1158 4959 1252 5012 καὶ
1277 4957 1387 5011 τῶν
1423 4958 1639 5013 οἰκείων
1669 4961 1949 5026 ἁπάντων,

280 5036 377 5092 καὶ
414 5034 669 5119 θάνατος,
714 5036 809 5089 καὶ
854 5038 1204 5110 ἐμπρησμὸς,
1248 5041 1344 5094 καὶ
1393 5042 1748 5113 στρατόπεδον
1799 5043 1951 5119 [46⁸5]

278 5116 557 5183 τοσοῦτον,
585 5118 681 5172 καὶ
710 5120 972 5191 τύραννος
1005 5121 1178 5187 οὑτως
1216 5123 1390 5194 ὠμὸς,
1431 5126 1534 5179 οὐκ
1574 5116 1952 5199 ῖσχυσανίπαῖξ

278 5200 374 5266 δας
395 5202 550 5272 τρεῖς
572 5201 749 5267 νέους,
791 5203 1191 5274 αἰχμαλώτους,
1215 5205 1456 5273 δούλους,
1493 5208 1697 5276 ξένους,
1740 5211 1828 5265 ἐπ’
1855 5213 1952 5266 ἀλ-

278 5281 508 5368 λοτρίας
527 5283 687 5368 δντας
719 5283 1059 5356 λυμήνασθαι
1078 5303 1132 5340 τι
1165 5291 1245 5351 εἰς
1268 5289 1368 5361 τὴν
1389 5291 1595 5345 οἰκείαν
1616 5293 1797 5348 αὐτῶν
1828 5297 1953 5368 ἀρε-

275 5367 397 5438 τὴν,
430 5365 570 5453 ἀλλὰ
614 5368 717 5453 καὶ,
738 5368 979 5453 μείζονος
1008 5371 1192 5435 αὐτοῖς
1224 5375 1536 5446 παρρησίας
1574 5377 1765 5446 γέγονε
1813 5365 1952 5453 πρός

277 5468 442 5533 φασις
458 5453 492 5519 ἡ
518 5452 805 5523 ἐπιϐουλή·
830 5453 988 5506 τίτὺν
999 5455 1234 5524 νήφοντα
1260 5452 1947 5533 παραϐλάψαιδυνήσεται;

276 5534 391 5617 Οὐκ
419 5532 569 5617 ἐστιν
602 5534 777 5617 ούδέν,
810 5535 912 5617 κᾶν
953 5538 1136 5590 πᾶσαν
1163 5537 1263 5608 τὴν
1296 5540 1621 5612 οἰκουμένην
1653 5532 1753 5617 ἔχῃ
1787 5548 1947 5600 πολε-

279 5615 489 5687 μοῦσαν
515 5615 684 5681 αύτῷ.
715 5615 854 5670 Ἀλλ’
882 5621 909 5672 ὁ
941 5619 1071 5682 Θεὸς
1104 5619 1242 5687 τότε,
1272 5622 1427 5692 φησὶ,
1463 5627 1709 5699 παρέστη
1729 5615 1945 5699 αὐτοῖς,

340 5796 364 5824 ﬁ
387 5791 493 5844 Alii
520 5791 612 5836 τῶν
633 5792 940 5852 βοηθούντων.
966 5794 1093 5847 Infra
1114 5799 1267 5863 aliqui
1292 5799 1374 5852 τοῦ
1398 5802 1622 5860 εὐνούχου
1644 5806 1946 5873 τήνδειλίαν.

1083 368 1141 423 S.
1180 360 1464 421 JOANNIS
1506 352 1995 416 CHRYSOSTOMI
2043 351 2359 410 ARCIIIEP.
2403 354 2948 415 CONSTANTINOP.

3651 353 3762 409 478

2054 467 2150 522 καὶ
2192 468 2506 543 ἐξήρπασεν
2550 474 2750 538 αὐτοὺς
2789 475 2891 545 τῆς
2935 471 3153 543 φλογός.
3191 470 3461 527 Μάλιστα
3495 469 3603 540 μὲν
3623 464 3760 523 οὗν·

2054 554 2150 607 καὶ
2181 556 2247 610 σὺ
2279 555 2351 610 τά
2385 557 2517 630 παρ’
2551 558 2745 612 ἐαυτοῦ
2778 559 2957 613 πάντα
2984 556 3082 612 ἐὰν
3121 556 3447 628 παράσχῃς,
3489 556 3569 608 τὰ
3609 555 3765 624 παρὰ

2054 635 2148 690 τοῦ
2182 637 2319 692 Θεοῦ
2348 639 2534 710 ἐψεται
2565 641 2809 706 πάντως.

2127 722 2213 789 ιζ’.
2255 722 2402 794 Πλὴν
2430 723 2546 777 ἀλλ’
2571 722 2686 793 ἐγὼ
2715 723 2842 788 τοὺς
2865 722 3064 787 παῖδας
3087 722 3327 786 ἐκείνους
3353 720 3429 776 οῦ
3465 718 3566 773 διὰ
3600 717 3770 774 τοῦτο

2055 805 2322 877 θαυμάζω
2358 808 2455 862 καὶ
2483 805 2797 879 μακαρίζω,
2836 806 2935 860 καὶ
2959 804 3235 878 ζηλωτοὺς
3261 799 3412 860 εἷναί
3462 821 3646 875 φημι,
3679 805 3767 858 ὅτι

2053 887 2153 960 τήν
2184 888 2360 958 φλόγα
2394 890 2804 961 κατεπάτησαν,
2847 888 3071 960 καὶτῆς
3109 887 3207 942 τοῦ
3247 887 3432 961 πυρὸς
3469 886 3769 957 ἐνεργείας

2055 971 2339 1043 κρείττους
2361 971 2609 1043 ἐγένοντο
2626 989 2641 1004 ·
2664 972 2781 1027 ἀλλ’
2810 974 2894 1027 ὅτι
2919 972 3061 1044 ύπέρ
3091 970 3201 1026 τῶν
3227 969 3463 1042 ἀληθῶν
3490 968 3766 1041 ἐδέθησαν

2054 1054 2363 1128 δογμάτων,
2395 1056 2491 1111 καὶ
2531 1057 2613 1120 εἰς
2638 1056 2871 1127 κάμινον
2912 1053 3304 1126 ἐνεϐλήθησαν,
3350 1052 3464 1108 καὶ
3509 1050 3596 1122 τῷ
3628 1053 3768 1124 πυρὶ.

2058 1138 2455 1209 παρεδόθησαν.
2495 1138 2763 1194 Ἐνταῦθα
2812 1138 2923 1211 γάρ
2966 1137 3152 1202 αὐτοῖς
3191 1137 3338 1192 ἀπαν
3369 1135 3442 1189 τὸ
3489 1134 3765 1209 τρόπαιον

2057 1221 2413 1292 ἀπήρτισται,
2460 1222 2556 1276 καὶ
2594 1221 2733 1294 ὁμοῦ
2776 1222 3181 1294 κατενεχθεῖσιν
3229 1222 3312 1285 εἰς
3350 1220 3469 1291 τὴν
3522 1217 3765 1289 κάμινον

2060 1306 2335 1374 στέφανος·
2359 1305 2660 1374 ἐπετίθετο,
2694 1308 2791 1362 καὶ
2823 1307 2934 1362 ἀπὸ
2968 1307 3076 1361 τῶν
3110 1306 3375 1378 ῥημάτων
3411 1303 3480 1358 δέ
3527 1304 3764 1359 ἐκείνων

2058 1387 2263 1460 ήρξατο
2287 1389 2607 1452 πλέκεσθαι,
2629 1392 2728 1445 καὶ
2768 1390 2876 1462 πρὸ
2910 1391 3009 1462 τῆς
3033 1391 3142 1445 τῶν
3184 1390 3555 1462 πραγμάτων
3589 1387 3762 1442 ἐκϐά-

2061 1488 2222 1537 σεως,
2248 1472 2285 1527 ἀ
2318 1472 2459 1545 μετά
2485 1472 2688 1544 πολλῆς
2722 1474 2824 1545 τῆς
2852 1474 3170 1546 παρρησίας
3201 1474 3297 1530 καὶ
3323 1476 3437 1545 τῆς
3468 1471 3763 1543 ἐλευθερο-

2063 1556 2285 1628 στομίας
2330 1556 2467 1628 πρὸς
2516 1557 2610 1611 τὸν
2643 1556 2869 1628 βασιλέα
2904 1558 3162 1629 ἀχθέντες
3190 1559 3271 1621 εἰς
3319 1556 3505 1628 μέσον
3534 1554 3757 1624 ἔλεγονο

2065 1641 2148 1695 Οὐ
2181 1641 2392 1709 χρείαν
2431 1641 2653 1711 ἔχομεν
2692 1642 2864 1710 ἡμεῖς
2892 1643 3023 1712 περὶ
3067 1643 3184 1713 τοῦ⁸
3196 1642 3485 1712 ῥήματος
3538 1641 3761 1697 τούτου

2061 1723 2458 1793 ἀποκριθῆναί
2502 1741 2624 1780 σοι.
2656 1726 2831 1781 Ἔστι
2859 1726 2969 1798 γὰρ
2997 1730 3032 1782 ό
3069 1727 3214 1792 Θεὸς
3249 1724 3430 1795 ἡμῶν
3463 1725 3542 1780 ἐν
3581 1726 3758 1795 οὐρα-

2061 1806 2209 1875 νοῖς,
2232 1800 2283 1875 ᾧ
2306 1807 2478 1878 ἡμεῖς
2505 1810 2891 1878 λατρεύομεν,
2918 1811 3121 1877 ἱκανὸς
3151 1808 3480 1875 ἐξελέσθαι
3499 1805 3669 1879 ἡμᾶς
3689 1809 3757 1862 ἐκ

2062 1887 2172 1957 τῆς
2202 1891 2459 1960 καμίνου
2486 1892 2595 1947 τοῦ
2625 1891 2815 1960 πιφὸς
2842 1891 2952 1962 τῆς
2977 1892 3328 1963 καιομένης·
3363 1892 3478 1948 καὶ
3519 1892 3595 1947 ἐκ
3638 1892 3757 1947 τῶν

2064 1971 2279 2042 χειρῶν
2300 1989 2439 2041 σου,
2478 1975 2767 2039 βασιλεῦ,
2805 1976 3057 2044 ῥύσεταί
3103 1975 3281 2048 ἡμᾶς.
3318 1974 3443 2033 Kal
3484 1973 3603 2030 ἐὰν
3644 1975 3752 2044 μὴ,

2064 2057 2333 2126 γνωστὸν
2358 2057 2516 2113 ἔστω
2557 2073 2678 2121 σοι,
2717 2059 3002 2124 βασιλεῦ,
3031 2059 3121 2113 ὅτι
3148 2057 3274 2127 τοῖς
3319 2059 3494 2125 θεοῖς
3523 2072 3649 2113 σου
3681 2059 3754 2112 οὐ

2063 2142 2450 2210 λατρεύομεν,
2473 2142 2572 2197 καί
2603 2141 2680 2211 τῇ
2707 2143 2893 2199 εἰκόνι
2913 2142 2990 2213 τῇ
3020 2141 3244 2214 χρυσῆ,
3273 2136 3314 2215 ᾖ
3340 2142 3657 2209 ἕστησας,
3680 2141 3751 2195 οὐ

2064 2225 2550 2295 προσκυνοῦμεν.
2610 2225 2746 2279 Ἀπὸ
2798 2225 3002 2282 τούτων
3051 2226 3250 2290 αὐτοὺς
3303 2225 3420 2280 τῶν
3485 2224 3752 2295 ῥημάτων

2065 2306 2456 2378 ἀνακηρύττω·
2485 2306 2593 2361 ἀπὸ
2618 2306 2825 2362 τούτων
2864 2307 2925 2361 τδ
2956 2307 3209 2379 βραϐεῖον
3246 2306 3349 2378 τῆς
3377 2307 3552 2379 νίκης
3574 2306 3749 2377 ἀρπάο

2066 2406 2279 2454 σαντες,
2305 2390 2399 2444 ἐπὶ
2422 2390 2515 2444 τὸν
2550 2389 2801 2464 λαμπρὸν
2833 2392 3070 2463 ἔδραμον
3091 2392 3186 2447 τοῦ
3218 2391 3537 2464 μαρτυρίου
3558 2391 3749 2461 στέφα-

2064 2491 2175 2539 νον,
2203 2475 2272 2544 τῇ
2297 2473 2406 2528 τῶν
2437 2474 2698 2546 ῥημάτιον
2725 2474 2987 2547 ὁμολογίᾳ
3013 2479 3115 2549 τὴν
3136 2476 3226 2532 διά
3253 2474 3743 2547 τῶν’πραγμάτων

2065 2557 2468 2629 προστιθέντες.
2503 2559 2567 2613 Εἰ
2606 2558 2664 2613 δέ
2694 2558 3074 2630 ἐμϐληθέντων
3109 2559 3139 2601 ιι
3170 2560 3369 2632 ᾐδέσθη
3403 2560 3472 2616 τὸ
3509 2558 3625 2632 πῦρ
3652 2559 3746 2613 αύ-

2063 2640 2172 2694 τῶν
2198 2641 2265 2695 τά
2291 2641 2544 2712 σώματα,
2575 2642 2670 2695 καὶ
2693 2641 2763 2695 τὰ
2787 2641 2961 2713 δεσμά
2983 2642 3166 2705 ἐλυσε,
3195 2648 3291 2698 καὶ
3312 2643 3573 2715 παρέσχε
3599 2642 3742 2697 κάτω

2068 2721 2206 2792 μετὰ
2235 2723 2420 2789 ἀδείας
2472 2722 2730 2794 βαδίζειν,
2766 2725 2987 2796 καὶτῆς
3012 2727 3222 2790 οἰκείας
3271 2726 3567 2799 ἐνεργείας
3614 2726 3739 2779 ἐπε-

2063 2805 2276 2873 λάθετο,
2310 2808 2407 2861 καὶ
2450 2807 2603 2879 πηγὴ
2645 2808 2870 2880 ψυχρῶν
2903 2810 3110 2864 ὑδάτων
3145 2810 3336 2879 γέγονε
3360 2808 3466 2866 τοῦ
3511 2809 3738 2881 πυρόςή

2064 2887 2321 2959 κάμινοςο
2350 2888 2511 2943 τοῦτο
2549 2889 2736 2945 λοιπὸν
2760 2891 2859 2962 τῆς
2890 2890 2984 2945 τοῦ
3016 2891 3151 2946 Θεοῦ
3191 2893 3418 2965 χάριτος
3468 2894 3532 2947 τὸ
3561 2892 3737 2961 θαῦμα

2060 2970 2151 3045 ἦν,
2180 2977 2277 3030 καὶ
2308 2975 2409 3045 τῆς
2428 2976 2634 3031 ἀνωθεν
2660 2973 3132 3050 παραδόξοποιίας.
3172 2980 3260 3044 Ὦς
3285 2980 3341 3033 οῖ
3356 2997 3427 3048 γε
3461 2979 3692 3049 ἀθληταὶ
3710 2988 3733 3018 ο

2063 3062 2159 3115 καὶ
2181 3062 2313 3130 πρὶν
2343 3062 2377 3134 ἢ
2409 3063 2583 3118 ταῦτα
2612 3065 2887 3133 γενέσθαι,
2916 3064 3049 3135 ὁμοῦ
3071 3066 3170 3134 τῆς
3202 3066 3403 3134 φλογὸς
3431 3066 3731 3130 ἐπιϐάντες,

2062 3144 2159 3198 καὶ
2194 3144 2257 3197 τὸ
2300 3145 2561 3216 τρόπαιον
2611 3147 2867 3218 ἔστησαν,
2910 3148 3004 3201 καὶ
3040 3148 3140 3220 τὴν
3171 3149 3330 3220 νίκην
3375 3150 3610 3222 ἤραντο,
3644 3148 3734 3203 καὶ

2060 3225 2155 3280 τὸν
2187 3226 2453 3295 στέφανον
2476 3229 2825 3299 ἀνεδήσαντο,
2860 3231 2956 3284 καί⁵
2988 3231 3047 3284 ἐν
3088 3231 3338 3300 οὐρανοῖς
3377 3233 3482 3286 καὶ
3512 3233 3604 3286 ἐπὶ
3635 3229 3734 3300 γῆς

2062 3308 2537 3380 ἀνεκηρύχθησαν,
2571 3312 2666 3365 καὶ
2711 3313 2771 3366 τὸ
2800 3312 2985 3367 λεῖπον
3033 3313 3216 3378 αὐτοῖς
3252 3315 3335 3378 εἰς
3381 3313 3731 3385 εὐδοκίμησιν

2061 3391 2212 3446 ούδέν
2234 3386 2323 3463 ἦν.
2359 3391 2425 3446 Τί
2450 3389 2546 3448 οῦν
2580 3394 2647 3449 ἂν
2679 3394 2825 3465 ἔχοις
2850 3397 2989 3468 πρὸς
3018 3396 3190 3451 ταῦτα
3220 3398 3431 3465 εἰπεῖν;
3457 3399 3556 3460 Εἰς
3574 3397 3731 3467 ὑπερ-

2063 3474 2247 3552 ορίανγ
2278 3476 2616 3549 ἀπηνέχθης,
2660 3479 2755 3534 καὶ
2792 3479 2894 3548 τῆς
2937 3479 3196 3549 πατρίδος
3230 3479 3566 3552 ἐξεϐλήθηςς
3607 3479 3727 3534 ’1δοὺ

2062 3559 2156 3612 καὶ
2190 3551 2359 3613 οὗτοι.
2402 3559 2788 3632 Αἰχμαλωσίαν
2822 3562 3139 3633 ὑπέμεινας,
3172 3562 3268 3616 καὶ
3302 3551 3422 3617 ὑπὺί
3440 3551 3728 3635 βαρϐάροις

2061 3641 2251 3709 ἐγένου
2296 3641 2664 3709 δεσπόταιςάς
2712 3643 2875 3698 Ἀλλὰ
2906 3645 3001 3698 καὶ
3038 3644 3195 3699 τοῦτο
3231 3645 3496 3717 εὑρήσεις
3526 3646 3725 3705 τούτοις

2063 3723 2298 3795 συμϐάν.
2356 3724 2496 3779 Ἀλλ’
2529 3726 2719 3780 οὐδένα
2760 3726 2905 3798 ἐχεις
2936 3729 3054 3781 ἐκεῖ
3091 3729 3336 3799 παρόντα
3373 3729 3475 3784 καὶ
3497 3725 3727 3800 διορθού-

2064 3821 2225 3874 μενον
2276 3805 2345 3860 τά
2390 3806 2482 3875 σά,
2527 3808 2649 3861 οὐδὲ
2693 3808 3045 3864 νουθετοῦντα
3090 3811 3186 3865 καὶ
3232 3810 3591 3877 διδάσκοντα;
3623 3807 3725 3862 Καὶ

2059 3885 2264 3958 ταύτης
2315 3879 2460 3943 οὗτοι
2506 3890 2609 3960 τῆς
2644 3889 2963 3961 ἐπιμελείας
2997 3888 3140 3964 ἦσαν
3181 3893 3561 3965 ἐστερημένοι.
3595 3889 3722 3946 Ἀλλ’

2060 3970 2280 4042 ἐδέθης;
2314 3971 2430 4026 ἀλλ’
2478 3973 2862 4045 ἐνεπρήσθης;
2918 3973 3034 4029 ἀλλ’
3084 3974 3381 4038 ἀπέθανεςς
3416 3977 3574 4033 οὐδὲν
3624 3971 3722 4043 γάρ

2064 4072 2154 4125 μοι
2182 4055 2387 4129 τούτων
2432 4056 2811 4129 χαλεπώτερον
2843 4057 2989 4129 ἐχεις
3041 4059 3236 4115 εἰπεῖν.
3273 4059 3439 4117 Ἀλλά
3489 4061 3596 4116 ἰδοὺ
3634 4055 3721 4112 καὶ

2061 4134 2210 4196 οῦτοι
2260 4141 2350 4197 διὰ
2397 4144 2615 4199 πάντων
2662 4143 2930 4208 ἐλθόντες,
2972 4142 3346 4217 λαμπρότεροι
3382 4139 3476 4199 δι’
3499 4142 3722 4198 ἑκάστου

2060 4225 2267 4279 τούτων
2299 4225 2570 4294 ἐγένοντο,
2595 4227 2691 4281 καί
2729 4227 2849 4281 λίαν
2878 4228 3354 4301 περιφανέστεροι,
3381 4234 3480 4284 καὶ
3512 4222 3720 4300 μείζονα

2058 4307 2159 4379 τὴν
2190 4308 2465 4381 ἐμπορίαν
2489 4308 2589 4381 τὴν
2626 4310 2686 4363 ἐν
2726 4311 2975 4381 οὐρανοῖς
3007 4311 3331 4382 συνήγαγον.
3362 4313 3476 4369 Καὶ
3501 4313 3551 4367 οἰ
3570 4306 3717 4389 μϐί]

2063 4392 2161 4464 μὲν
2208 4393 2450 4447 Ἰουδαῖοι
2483 4394 2579 4448 καὶ
2616 4394 2744 4450 ναὸν
2786 4394 3019 4466 ἔχοντες,
3066 4394 3161 4450 καί
3198 4397 3598 4473 θυσιαστήριον,
3627 4395 3715 4448 καὶ

2066 4475 2321 4541 κιϐωτὸν,
2347 4476 2445 4529 καὶ
2485 4473 2565 4534 τά
2595 4477 2882 4548 χερουϐὶμ,
2924 4477 3023 4533 καὶ
3063 4476 3126 4531 τδ
3170 4478 3503 4554 ἱλαστήριον,
3531 4476 3623 4533 καί
3656 4474 3711 4529 τὸ

2058 4558 2476 4630 καταπέτασμα,
2511 4559 2607 4614 καὶ
2649 4559 2711 4613 τὸ
2742 4558 2967 4631 ἄπειρον
2999 4560 3107 4615 τῶν
3137 4560 3326 4635 ἰερέων
3375 4562 3595 4633 πλῆθος,
3625 4558 3710 4612 καὶ

2056 4641 2155 4707 τὰς
2183 4642 2558 4714 καθημερινάς
2585 4641 2857 4714 λατρείας,
2881 4643 2978 4697 καὶ
3004 4644 3101 4708 τὰς
3125 4643 3312 4708 θυσίας
3342 4645 3446 4710 τὰς
3476 4639 3706 4704 ἑωθινὰς,

2054 4726 2154 4790 τὰς
2185 4725 2500 4798 ἐσπερινάς,
2534 4726 2629 4780 καὶ
2671 4725 2911 4797 συνεχῶς
2939 4726 3050 4780 τῶν
3094 4727 3393 4799 προφητῶν
3437 4725 3709 4785 ἀκούοντες

2054 4810 2166 4863 τῶν
2194 4808 2436 4875 ζώντων,
2466 4799 2582 4864 τῶν
2623 4808 2984 4880 τεθνηκότων,
3023 4809 3361 4882 ἐνηχούντων
3398 4810 3574 4865 αὐτῶν
3598 4807 3708 4869 ταῖς

2057 4894 2271 4959 ἀκοαῖς,
2301 4894 2396 4947 καὶ
2444 4893 2555 4947 τῶν
2599 4893 2895 4964 θαυμάτων
2927 4893 3028 4965 τὴν
3074 4895 3294 4966 μνήμην
3335 4894 3707 4965 περιφέροντες

2055 4977 2165 5031 τῶν
2195 4979 2263 5031 ἐν’
2288 4976 2572 5048 Αἰγύπτῳ,
2605 4977 2715 5031 τῶν
2753 4979 2812 5032 ἐν
2845 4979 3060 5049 ἐρήμῳ,
3093 4978 3202 5032 τῶν
3242 4978 3420 5035 ἀλλων
3447 4978 3699 5036 ἁπάντων,

2055 5062 2150 5115 καὶ
2177 5061 2404 5116 ἐπὶτῶν
2443 5061 2644 5133 χειρῶν
2670 5061 2843 5115 ταῦτα
2884 5054 3223 5127 σαλεύοντες,
3266 5064 3360 5119 ἐπὶ
3407 5064 3515 5120 τῶν
3551 5055 3702 5130 φλιῶν

2061 5142 2282 5213 ἔχοντες
2331 5144 2778 5215 ἐγγεγραμμένα,
2848 5145 2946 5201 καὶ
3008 5144 3217 5216 πολλῆς
3267 5147 3367 5218 τῆς
3416 5148 3535 5202 τότε
3584 5142 3701 5195 θαυο

2057 5230 2394 5300 ματουργίας
2413 5228 2801 5294 ἀπολαύοντες,
2821 5229 2916 5282 καὶ
2929 5230 3122 5301 ἐτέρας
3136 5229 3471 5299 ἐπιμελείας,
3483 5229 3542 5284 οὐ
3559 5224 3703 5299 μόνον

2052 5310 2203 5363 οὐδὲν
2251 5309 2631 5382 ὠφελήθησαν,
2662 5310 2800 5364 ἀλλὰ
2845 5312 2940 5365 καὶ
2989 5313 3437 5383 παρεϐλάϐησαν,
3475 5316 3531 5367 ἐν
3567 5303 3699 5373 αὐτῷ

2052 5393 2132 5464 τῷ
2156 5392 2270 5463 ναῷ
2294 5393 2486 5448 εἴδωλα
2518 5396 2832 5466 στήσαντες,
2860 5396 2953 5448 καὶ
2975 5398 3098 5460 τοὺς
3125 5398 3275 5461 υἱοὺς
3300 5398 3476 5453 αὐτῶν
3505 5388 3699 5450 καὶτὰς

2054 5475 2357 5547 θυγατέρας
2391 5476 2692 5544 σφάξαντες
2722 5477 2826 5531 ὑπὸ
2868 5478 3080 5551 δένδρα,
3109 5480 3203 5533 καὶ
3233 5479 3506 5552 πανταχοῦ
3535 5471 3696 5547 σχεδδν

2051 5557 2152 5628 τῆς
2179 5557 2362 5629 χώρας
2386 5558 2488 5629 τῆς
2528 5561 2586 5614 ἐν
2616 5560 2949 5631 Παλαιστίνῃ
2982 5561 3081 5626 τὰς
3115 5564 3466 5636 παρανόμους
3507 5564 3693 5619 ἐκείνων

2115 5688 2145 5727 b
2168 5686 2270 5750 Alji
2308 5687 2636 5747 ἐμϐληθέντας,
2661 5687 2744 5737 alii
2765 5689 3103 5750 ἐμϐληθέντων.

2115 5752 2138 5780 ε
2158 5746 2254 5797 Alii
2283 5751 2409 5796 ὥστε
2429 5754 2472 5798 οἱ
2496 5751 2707 5806 ἀθληταί.

2108 5810 2146 5881 ,ά
2173 5810 2324 5861 Savu.
2356 5809 2407 5860 in
2432 5817 2575 5863 lcxlu
2599 5813 2866 5874 δεσμώτης,
2893 5813 2944 5862 in
2970 5826 3124 5875 marg.
3149 5810 3415 5871 δεσπόταις.
