4002 6382
344 452 436 510 4η

334 578 492 623 onme
514 560 756 619 officium
777 572 934 614 suum
962 554 1234 615 fecissent,
1264 550 1405 605 Deus
1427 560 1638 619 quoque
1665 543 1919 611 deinceps

336 657 458 714 fecit
475 669 654 713 suum.
681 651 871 722 Neque
915 649 1058 705 enim
1087 644 1254 701 solius
1299 641 1396 697 Dei
1439 646 1558 721 erat
1604 635 1922 708 prmclarum

336 745 464 803 illud
504 743 718 802 facinus
761 742 815 796 in
871 739 938 794 iis
961 779 976 805 ,
1020 748 1247 812 quorum
1288 730 1462 802 gratia
1512 725 1813 787 mercedem
1843 723 1923 778 illi

336 843 489 892 erant
517 832 812 904 accepturi,
842 831 937 887 sed
961 826 1278 899 principium
1299 830 1351 877 et
1378 817 1598 877 exordia
1618 815 1923 888 proﬁcisce-

338 927 533 983 bantur
567 925 636 980 ab
687 923 900 989 illorum
945 918 1159 984 animo,
1208 927 1368 986 quem
1409 924 1531 965 cum
1558 906 1928 985 praestitissent

336 1031 661 1090 generosum
684 1030 749 1078 ac
775 1014 995 1080 fortem,
1023 1009 1119 1065 Dei
1144 1006 1381 1063 favorem
1410 1002 1511 1060 sibi
1538 998 1887 1057 conciliarunt
1906 1036 1922 1063 ,

336 1121 391 1166 et
415 1108 488 1166 ad
506 1108 673 1165 ﬁnem
700 1104 842 1179 quod
866 1103 1228 1173 moliebantur
1257 1095 1665 1169 perduxerunt._

412 1200 505 1257 16.
529 1197 715 1266 Vides,
732 1195 824 1267 qui
853 1195 1090 1266 seipsum
1104 1205 1214 1247 non
1227 1187 1394 1253 lmdit,
1412 1184 1463 1242 ei
1477 1183 1745 1240 neminem
1762 1179 1927 1236 alium

340 1303 505 1361 posse
534 1287 767 1346 nocere?
793 1286 938 1342 Ecce
978 1283 1124 1353 enim
1171 1295 1273 1336 nec
1315 1277 1588 1350 juventus,
1624 1286 1799 1343 neque
1843 1284 1932 1325 ca-

341 1382 583 1453 ptivitas,
607 1394 781 1450 neque
811 1375 1035 1443 orbitas,
1075 1386 1250 1444 neque
1279 1368 1529 1426 abtluctio
1557 1366 1613 1420 in
1653 1361 1929 1434 regionem

342 1452 599 1539 alienam,
630 1486 735 1529 nec
777 1467 1010 1533 solitudo
1038 1473 1096 1522 et
1140 1462 1417 1539 destitutio
1467 1473 1652 1516 eorum
1679 1497 1694 1523 ,
1744 1454 1836 1539 qui
1864 1452 1932 1506 ab

346 1565 482 1636 ipsis
532 1570 773 1630 starent,
809 1574 910 1622 nec
958 1538 1273 1614 mandatum
1327 1566 1526 1624 grave,
1568 1564 1669 1604 nec
1709 1538 1934 1618 magnus

344 1657 539 1713 mortis
569 1657 727 1711 timor
749 1695 766 1723 ,
811 1653 903 1724 qui
937 1650 1167 1708 eunuchi
1194 1646 1439 1718 cingebat
1479 1643 1717 1698 animum
1746 1641 1786 1706 ί,
1834 1652 1935 1693 nec

346 1755 656 1821 paupertas,
695 1760 796 1802 nec
822 1741 1081 1815 paucitas,
1124 1754 1233 1795 non
1256 1734 1401 1808 quod
1425 1733 1482 1789 in
1532 1731 1710 1821 medio
1738 1727 1934 1821 barba-

344 1819 535 1897 rorum
561 1844 766 1903 essent,
794 1850 900 1889 non
942 1831 1086 1904 quod
1133 1829 1316 1884 hostes
1342 1824 1602 1881 haberent
1639 1819 1887 1876 dominos
1914 1858 1929 1882 ,

346 1946 458 1988 non
483 1928 624 2002 quod
651 1929 704 1982 in
735 1927 901 1998 ipsius
924 1924 1067 1995 regis
1090 1935 1281 1977 manus
1317 1925 1502 1975 essent
1527 1913 1729 1977 traditi,
1760 1925 1935 1980 neque

344 2032 697 2094 cognatorum
722 2019 963 2076 omnium
995 2013 1285 2086 separatio,
1320 2024 1495 2080 neque
1520 2006 1855 2064 sacerdotum
1884 2013 1939 2061 et

348 2115 731 2187 prepbetarum
749 2153 765 2180 ,
793 2118 848 2168 et
874 2108 1126 2172 aliorum,
1155 2103 1247 2177 qui
1276 2116 1460 2169 curam
1504 2100 1746 2177 ipsorum
1778 2110 1936 2168 gere-

348 2208 484 2263 bant
504 2246 522 2275 ,
548 2203 821 2266 alienatio,
868 2217 969 2277 nec
1003 2199 1319 2256 libationum
1340 2203 1396 2252 et
1419 2192 1803 2250 sacrificiorum
1823 2202 1938 2244 ces-

348 2302 510 2365 satio,
542 2314 717 2370 neque
741 2295 925 2367 templi
970 2302 1026 2351 et
1071 2293 1401 2364 psalmorum
1430 2285 1701 2357 ademptio
1722 2325 1738 2351 ,
1767 2298 1941 2354 neque

348 2393 643 2464 quidquam
661 2391 853 2445 horum
878 2388 957 2444 eis
985 2384 1198 2450 nocuit;
1225 2381 1321 2438 sed
1349 2390 1458 2436 tum
1479 2380 1533 2435 in
1559 2376 1747 2446 majori
1772 2374 1941 2446 gloria

351 2486 775 2554 fuerunt,quam
799 2494 921 2536 cum
948 2479 1014 2535 iis
1055 2476 1220 2533 rebus
1264 2474 1320 2529 in
1361 2471 1530 2544 patria
1558 2483 1657 2525 sua
1700 2468 1942 2527 frueren-

353 2591 462 2635 tur.
493 2578 608 2639 ﬂoe
659 2576 834 2647 primo
858 2572 1156 2637 certamine
1200 2569 1438 2638 perfecto
1462 2607 1477 2633 ,
1509 2563 1705 2634 insigni
1744 2575 1945 2621 corona

354 2673 591 2745 redimiti
612 2714 629 2741 ,
682 2671 803 2741 lege
830 2669 885 2725 in
932 2667 1108 2724 aliena
1145 2676 1358 2735 quoque
1401 2656 1625 2730 regione
1679 2660 1892 2711 servata
1923 2693 1941 2719 ,

355 2754 669 2822 eoneuléato
712 2759 927 2833 tyranni
966 2756 1240 2819 mandato,
1272 2751 1414 2808 vieto
1438 2746 1701 2804 dzemonis
1717 2754 1943 2810 terrore,

356 2850 538 2926 neque
567 2853 675 2910 ullo
710 2832 819 2907 ulla
867 2855 1111 2923 exparte
1147 2845 1345 2902 damno
1387 2839 1584 2907 affecti,
1613 2835 1766 2908 quasi
1803 2832 1948 2890 domi

356 2924 633 3012 sederent,
658 2951 712 2999 et
737 2941 987 2998 omnibus
1012 2939 1120 2995 illis
1146 2936 1477 2999 fruerentur,
1507 2944 1675 3001 opere
1698 2929 1771 2984 ita
1815 2924 1949 2980 libe-

359 3054 420 3095 re
447 3036 709 3111 perfecto,
736 3034 806 3091 ad
830 3034 970 3089 alios
995 3044 1183 3089 rursus
1220 3041 1419 3100 agones
1464 3032 1589 3079 sunt
1615 3019 1813 3076 vocati.
1846 3016 1950 3072 lte-

360 3108 481 3186 rum
505 3137 661 3184 erant
679 3125 873 3191 iidem;
897 3131 952 3195 et
975 3129 1247 3179 certamen
1280 3117 1457 3189 priore
1500 3111 1771 3169 difficilius
1820 3108 1951 3180 ipsis

363 3221 782 3292 proponebatur,
811 3217 1052 3273 caminus
1082 3212 1489 3275 incendebatur,
1514 3205 1822 3264 barbaricus
1850 3202 1949 3259 ad-

364 3327 584 3369 versum
611 3325 704 3366 eos
727 3308 996 3366 exercitus
1028 3320 1152 3362 cum
1180 3318 1305 3374 rege
1333 3299 1699 3356 instruebatur
1723 3294 1872 3351 velut
1894 3293 1949 3347 in

362 3405 519 3460 acie:
548 3412 659 3458 tota
707 3399 924 3456 Persica
976 3394 1214 3467 potentia
1248 3391 1587 3455 incitabatur,
1647 3385 1825 3441 omnia
1884 3381 1955 3436 ad

364 3493 721 3551 fraudemac
773 3491 881 3547 vim
924 3487 1056 3559 ipsis
1105 3482 1434 3541 aifercndam
1464 3478 1955 3549 comparabantur;

364 3587 579 3643 diversa
606 3582 914 3639 cantionum
959 3592 1178 3650 genera,
1215 3574 1381 3630 varia:
1424 3569 1805 3642 suppliciorum
1846 3568 1958 3622 for-

367 3698 493 3747 mae,
516 3681 696 3747 minae,
719 3685 969 3748 aspectus
991 3671 1139 3730 omni
1160 3687 1226 3726 ex
1250 3678 1403 3740 parte
1428 3665 1703 3731 terribilis,
1723 3672 1777 3718 et
1792 3661 1958 3717 verba

369 3783 593 3843 aspectu
621 3767 939 3825 terribiliora
972 3783 986 3820 :
1019 3763 1118 3820 sed
1153 3771 1332 3817 tamen
1361 3757 1614 3830 quoniam
1640 3754 1962 3824 semetipsos

370 3883 479 3920 non
534 3861 905 3935 prodiderunt,
952 3857 1050 3914 sed
1093 3870 1308 3912 omnem
1343 3866 1493 3906 suam
1535 3864 1752 3920 operam
1780 3858 1964 3904 contu-

374 3960 572 4023 lerunt,
596 3954 729 4011 nihil
754 3966 1009 4023 umquam
1043 3948 1228 4005 damni
1247 3951 1573 4015 acceperunt
1604 3960 1619 3997 :
1649 3942 1775 4012 quin
1801 3941 1962 3995 etiam

372 4050 595 4106 coronis
612 4089 629 4116 ,
657 4060 817 4119 quam
842 4044 1049 4115 priores
1071 4041 1303 4105 fuerant,
1334 4032 1711 4092 illustrior-ibus
1733 4031 1964 4087 redimiti

375 4150 525 4197 sunt.
572 4140 750 4195 Vinxit
777 4137 918 4194 enim
945 4150 1040 4192 eos
1082 4128 1573 4188 Nabuchodonosor
1596 4166 1612 4192 ,
1641 4132 1697 4180 et
1723 4122 1776 4178 in
1804 4121 1967 4215 cami:

379 4249 509 4289 num
553 4230 807 4302 conjecit,
836 4244 943 4284 non
973 4237 1150 4283 tamen
1178 4224 1396 4285 damno,
1424 4218 1553 4290 quin
1585 4218 1760 4287 potius
1805 4214 1967 4270 etiam

376 4322 664 4381 commodo
685 4319 887 4387 an‘ecit,
909 4325 967 4375 et
985 4315 1305 4372 illustriores
1324 4309 1574 4367 reddidit.
1605 4307 1846 4377 Cumque
1869 4320 1970 4361 nec

381 4416 641 4487 templum
670 4414 889 4485 (iterum
909 4410 1055 4468 enim
1079 4407 1271 4463 eadem
1296 4406 1519 4475 dicam),
1550 4415 1726 4470 neque
1753 4399 1920 4453 altare
1952 4439 1967 4464 ,

381 4521 492 4565 non
525 4507 750 4578 patriam
779 4545 798 4573 ,
832 4518 943 4558 non
972 4499 1281 4557 sacerdotes
1305 4539 1320 4565 ,
1353 4510 1460 4551 non
1491 4492 1781 4564 prophetas
1808 4489 1974 4543 habe-

382 4608 526 4667 rent,
553 4600 605 4655 iu
635 4600 815 4655 aliena
841 4604 901 4653 et
924 4594 1152 4651 barbara
1181 4591 1423 4663 regione,
1456 4589 1508 4642 in
1539 4584 1719 4641 medio
1741 4580 1974 4651 camini,

383 4695 657 4764 totiusque
687 4691 834 4747 illius
857 4688 1145 4753 exercitus,
1178 4699 1305 4754 rege
1330 4685 1525 4737 harum
1555 4693 1734 4734 rerum
1756 4684 1977 4731 auctore

382 4792 698 4856 spectante,
721 4779 1059 4853 splendidum
1102 4782 1406 4833 statuerunt
1460 4781 1720 4842 tropreum
1761 4778 1814 4823 et
1844 4765 1976 4822 insi-

382 4893 548 4951 gnem
572 4883 917 4948 reportaruut
943 4871 1241 4934 victoriam,
1283 4863 1585 4922 admirabili
1606 4862 1698 4917 illa
1727 4869 1782 4916 et
1807 4859 1982 4929 inopi-

384 4980 513 5028 nata
542 4970 794 5026 cautione
812 4967 1114 5031 decantata,
1147 4977 1268 5034 qua:
1315 4975 1381 5015 ex
1419 4958 1510 5014 illo
1531 4957 1823 5012 etiamnum
1861 4951 1981 5006 ubi-

384 5078 501 5134 que
526 5073 794 5119 terrarum
814 5068 1079 5122 cantatur,
1110 5065 1165 5111 et
1201 5051 1502 5110 cantabitur
1526 5049 1689 5103 etiam
1716 5046 1771 5101 in
1798 5056 1981 5115 postc-

388 5169 451 5210 ra
480 5154 695 5210 stecula.
728 5152 818 5208 Sic
842 5165 973 5221 ergo
1010 5149 1057 5204 si
1087 5162 1247 5203 nemo
1291 5144 1527 5214 seipsum
1558 5139 1736 5206 Imdal,
1785 5138 1853 5193 ab
1881 5137 1987 5192 alio

391 5246 515 5301 laedi
545 5261 652 5300 non
680 5243 915 5315 poterit:
940 5259 1046 5297 non
1072 5241 1213 5296 enim
1241 5237 1463 5294 cessabo
1485 5235 1588 5289 hoc
1617 5233 1819 5288 dictum
1853 5246 1987 5286 con—

398 5340 633 5395 tinenter
658 5338 968 5395 decantare.
998 5335 1133 5390 Nam
1157 5333 1201 5388 si
1228 5319 1513 5402 captivitas
1535 5369 1552 5394 ,
1584 5327 1832 5391 servitus,
1855 5324 1988 5380 soli-

401 5429 530 5486 tudo
548 5471 565 5497 ,
590 5431 778 5501 patria:
804 5427 1042 5493 amissio,
1074 5435 1132 5482 et
1151 5423 1392 5479 omnium
1420 5428 1790 5492 cognatorum,
1820 5431 1987 5482 mors,

399 5519 729 5587 incendium,
756 5528 937 5575 tantus
963 5517 1254 5582 exercitus,
1286 5523 1547 5586 tyrannus
1576 5519 1682 5565 tam
1707 5507 1942 5565 crudelis
1973 5545 1991 5575 ,

408 5629 518 5671 non
542 5614 830 5670 valuerunt
854 5612 1026 5669 tribus
1053 5611 1255 5683 pueris,
1279 5607 1585 5680 juvenibus,
1607 5604 1853 5675 captivis,
1882 5618 1996 5658 ser-

406 5705 509 5771 vis,
541 5705 841 5778 peregrinis
867 5745 882 5772 ,
916 5705 970 5759 in
999 5705 1173 5762 aliena
1216 5700 1436 5771 regione
1472 5696 1813 5755 versantibus
1836 5694 1996 5765 quid-

407 5812 567 5869 quam
590 5813 783 5854 nocere
807 5796 983 5868 quoad
1002 5810 1155 5852 suam
1179 5792 1453 5861 virtutem,
1482 5788 1577 5847 sed
1597 5788 1820 5860 majoris
1837 5786 1995 5845 etiam

475 5908 507 5973 ⁸.
527 5887 707 5973 Aiiqm,
730 5904 1053 5961 timiditatem.

1337 432 1522 502 QUOD
1558 428 1749 486 ΝΕΜο
1788 424 2114 482 ιΑῑοιτυιὶ
2150 425 2281 484 ΝΙΞΙ
2320 427 2367 485 Α
2405 426 2659 485 SEIPSO.

3503 419 3608 477 ιτθ

2035 540 2284 612 loquendi
2310 542 2571 597 libertatis
2592 541 2805 596 occasio
2845 541 3056 597 fuerunt
3085 542 3188 597 illa:
3210 541 3415 598 insidiae
3443 555 3460 594 '.
3484 545 3607 612 quid

2031 633 2269 688 sobrium
2297 631 2494 688 laedere
2514 633 2747 704 poterit?
2772 632 2889 688 Non
2914 643 2996 689 est
3036 632 3345 704 quidquam,
3389 637 3489 690 etsi
3534 646 3612 691 to-

2031 729 2141 776 tum
2189 721 2376 777 orbem
2419 723 2784 778 adversarium
2837 722 3079 778 haberet.
3148 724 3218 778 At
3279 724 3421 780 Deus
3472 734 3610 793 tum,

2030 810 2219 882 inquit,
2242 812 2322 868 eis
2342 811 2565 879 adstitit,
2588 827 2787 883 eosque
2802 828 2869 868 ex
2889 811 3103 868 flamma
3132 815 3346 883 eripuit.
3371 814 3607 870 Maxime

2032 901 2084 956 id
2113 901 2364 973 quidem:
2423 911 2480 958 tu
2503 918 2715 974 quoque
2738 903 2783 959 si
2811 904 3010 971 omnia,
3034 919 3152 974 qua:
3179 919 3211 959 a
3238 915 3288 960 te
3337 906 3616 975 requirun-

2035 1002 2140 1058 tur,
2163 993 2497 1064 prxestiteris,
2526 994 2763 1050 divinum
2792 994 3047 1051 auxilium
3089 1004 3345 1067 sequetur
3371 997 3611 1053 omnino.

2105 1087 2194 1142 17.
2222 1086 2600 1144 Verumtamen
2626 1102 2726 1160 ego
2756 1102 2950 1159 pueros
2977 1102 3085 1157 non
3110 1102 3175 1144 eo
3192 1088 3378 1155 miror,
3398 1088 3606 1147 beatos-

2034 1193 2138 1250 que
2164 1193 2228 1234 ac
2256 1176 2442 1237 felices
2477 1179 2707 1244 mstimo,
2734 1179 2878 1249 quod
2917 1178 3185 1235 flammam
3213 1181 3612 1249 conculcaruut,

2036 1278 2090 1324 et
2115 1268 2222 1324 vim
2255 1268 2392 1340 ignis
2421 1270 2664 1326 vicerunt
2689 1286 2703 1336 ;
2735 1270 2829 1326 sed
2856 1270 3000 1341 quod
3032 1284 3280 1325 verorum
3308 1270 3617 1343 dogmatum

2035 1374 2195 1416 causa
2224 1361 2403 1427 vincti,
2432 1361 2485 1417 in
2513 1363 2780 1418 caminum
2808 1362 3034 1431 conjecti
3059 1373 3114 1418 et
3140 1362 3245 1434 igni
3273 1366 3447 1421 traditi
3469 1375 3615 1421 sunt.

2039 1451 2136 1507 llic
2160 1453 2302 1508 enim
2328 1453 2409 1509 eis
2440 1462 2609 1510 totum
2633 1464 2892 1524 tropmum
2918 1454 3219 1509 absolutum
3249 1464 3353 1523 est,
3377 1465 3432 1512 et
3457 1457 3615 1513 simul

2037 1545 2270 1614 atquein
2295 1547 2566 1601 caminum
2595 1545 2826 1615 conjecti
2859 1555 3003 1613 sunt,
3034 1544 3281 1616 imposita
3305 1561 3501 1602 corona
3520 1589 3536 1614 ,
3565 1554 3620 1604 et

2037 1635 2106 1691 ab
2134 1635 2239 1692 illis
2260 1636 2436 1693 verbis
2455 1636 2562 1692 texi
2588 1645 2768 1706 coepta
2797 1636 2955 1695 etiam
2994 1646 3121 1691 ante
3149 1651 3328 1692 rerum
3349 1648 3617 1704 eventum,

2039 1740 2157 1796 quae
2178 1742 2368 1797 magna
2419 1742 2541 1783 cum
2591 1716 2787 1783 ﬁducia
2833 1727 3184 1799 libertateque
3235 1728 3489 1799 loquendi
3552 1728 3620 1785 ad

2040 1832 2220 1888 regem
2248 1817 2392 1874 ducti
2423 1818 2477 1873 in
2508 1818 2741 1875 medium
2763 1819 3099 1889 protulerunt
3130 1839 3144 1875 :
3177 1819 3300 1875 Non
3328 1830 3525 1891 oportet
3552 1822 3617 1876 de

2042 1911 2138 1964 hac
2162 1928 2216 1965 re
2236 1911 2540 1980 respondere
2568 1912 2676 1966 tibi.
2704 1910 2880 1967 Potest
2904 1911 3036 1966 enim
3074 1909 3215 1967 Deus
3241 1921 3407 1966 noster
3431 1913 3518 1983 qui
3552 1924 3626 1969 est

2040 2001 2269 2066 iucwlis,
2300 2018 2448 2072 quem
2468 2018 2561 2057 nos
2574 2001 2809 2068 colimus,
2837 2004 3030 2072 eripere
3052 2018 3144 2056 nos
3175 2018 3239 2058 ea:
3263 2003 3463 2057 camino
3492 2005 3627 2077 ignis

2043 2092 2270 2149 ardentis
2291 2109 2310 2158 ;
2330 2102 2378 2147 et
2412 2093 2475 2148 de
2501 2095 2599 2148 tuis
2634 2093 2888 2160 manibus,
2916 2109 2947 2147 ο
2987 2109 3099 2161 rex,
3124 2091 3355 2147 liberabit
3383 2109 3475 2148 nos
3503 2108 3522 2146 :
3549 2094 3628 2148 sin

2042 2183 2235 2251 minus,
2266 2193 2443 2238 notum
2460 2184 2526 2239 sit
2546 2183 2655 2250 tibi,
2682 2199 2790 2249 rex,
2821 2183 2944 2254 quia
2966 2183 3088 2238 deos
3109 2191 3221 2238 tuos
3242 2197 3343 2236 non
3370 2183 3580 2237 colimus
3607 2225 3625 2250 ,

2042 2284 2091 2329 et
2109 2284 2329 2329 statuam
2356 2291 2588 2342 auream,
2609 2291 2763 2346 quam
2787 2275 3009 2342 erexisti,
3033 2290 3137 2329 non
3162 2274 3434 2328 adoramus
3458 2272 3626 2344 (Dan.

2045 2368 2100 2424 5.
2127 2367 2367 2438 1ϐ.-18).
2396 2366 2515 2423 Jam
2541 2366 2666 2422 inde
2693 2367 2762 2423 ab
2788 2366 2893 2421 illis
2920 2365 3096 2423 verbis
3114 2380 3211 2421 eos
3251 2365 3481 2420 victores
3516 2380 3633 2435 pro-

2046 2458 2271 2526 nuntio;
2295 2457 2407 2529 jam
2453 2457 2577 2513 inde
2598 2457 2665 2513 ab
2708 2457 2814 2512 illis
2838 2463 3111 2527 reportato
3138 2456 3374 2513 victorize
3413 2454 3639 2525 prmmio

2046 2552 2115 2608 ad
2140 2552 2403 2623 insignem
2428 2551 2669 2622 martyrii
2692 2565 2970 2617 coronam,
2998 2548 3319 2605 confessioni
3350 2548 3633 2604 verborum

2050 2642 2232 2699 addita
2258 2641 2598 2698 confessione
2632 2657 2833 2708 rerum,
2856 2648 3225 2696 cucurrerunt.
3267 2638 3362 2695 Sin
3394 2639 3531 2711 ignis
3550 2653 3635 2695 re-

2050 2736 2252 2792 veritus
2277 2743 2361 2791 est
2386 2734 2627 2790 immissa
2652 2749 2843 2797 eorum
2856 2748 3084 2804 corpora
3112 2742 3165 2788 et
3192 2732 3401 2788 vincula
3436 2732 3635 2800 solvit,

2049 2844 2295 2886 securum
2317 2826 2637 2884 descensum
2666 2827 2893 2897 praebuit
2911 2867 2926 2892 ,
2950 2843 3062 2882 sua:
3087 2826 3297 2883 virtutis
3321 2825 3515 2887 oblitus
3541 2865 3557 2892 ,
3583 2833 3640 2882 et

2051 2920 2293 2977 caminus
2314 2919 2453 2991 ignis
2477 2918 2649 2974 factus
2669 2925 2755 2976 est
2774 2918 2894 2974 fons
2931 2918 3241 2989 frigidarum
3269 2933 3560 2989 aquarum:
3584 2918 3641 2975 id

2048 3014 2158 3084 jam
2202 3013 2398 3068 divinae
2441 3013 2648 3084 gratim,
2678 3021 2733 3068 et
2760 3028 3005 3082 superna:
3043 3012 3425 3083 stupendarum
3459 3029 3639 3069 rerum

2052 3103 2380 3174 operationis
2421 3102 2736 3158 miraculum
2777 3103 2894 3157 fuit.
2940 3102 3117 3172 Quare
3161 3102 3378 3158 athletae
3425 3103 3640 3172 quidem

2053 3196 2207 3268 prius
2235 3196 2395 3252 etiam
2424 3210 2587 3267 quam
2631 3195 2748 3251 haec
2792 3195 3011 3263 fierent,
3057 3194 3214 3249 simul
3264 3206 3328 3249 ac
3372 3194 3642 3249 ﬂammam

2057 3288 2286 3360 ingressi
2329 3296 2476 3354 sunt,
2515 3295 2570 3342 et
2609 3295 2869 3357 tropaeum
2918 3294 3234 3351 statuerunt,
3276 3295 3333 3342 et
3356 3286 3636 3341 victoriam

2058 3386 2422 3450 reportarunt,
2440 3386 2496 3434 et
2522 3391 2724 3434 corona
2750 3376 3006 3442 redimiti,
3051 3385 3105 3431 ct
3138 3377 3194 3431 in
3242 3375 3375 3432 caelo
3399 3385 3647 3446 terraque

2059 3469 2402 3541 depraidicati
2427 3476 2586 3537 sunt,
2629 3475 2687 3524 et
2725 3467 2855 3522 nihil
2892 3466 2970 3522 eis
2994 3467 3059 3521 ad
3104 3466 3329 3539 gloriam
3360 3478 3475 3523 erat
3522 3467 3648 3523 reli-

2060 3576 2245 3631 quum.
2267 3559 2403 3629 Quid
2419 3574 2548 3630 ergo
2568 3558 2747 3615 dicere
2766 3559 3006 3629 poteris?
3032 3558 3090 3613 lu
3112 3560 3360 3615 exsilium
3383 3561 3649 3631 relegatus

2061 3667 2141 3720 es,
2170 3662 2225 3707 et
2253 3652 2424 3721 patria
2450 3651 2698 3721 ejectus?
2735 3651 2874 3707 Ecce
2917 3655 3079 3707 etiam
3124 3653 3233 3707 isti.
3264 3652 3643 3722 Captivitatem

2064 3743 2365 3801 sustinuisti
2391 3750 2449 3798 et
2491 3741 2594 3798 sub
2622 3741 2863 3798 barbaris
2888 3740 3122 3798 dominis
3154 3744 3171 3774 ¹
3212 3742 3392 3799 fuisti?
3436 3749 3506 3811 At
3548 3744 3652 3799 hoc

2064 3851 2279 3907 quoque
2324 3835 2442 3891 istis
2473 3834 2765 3903 contigisse
2808 3835 3068 3902 reperies.
3105 3835 3175 3888 At
3225 3848 3329 3888 non
3363 3833 3529 3889 habes
3578 3835 3652 3890 ibi

2066 3932 2156 4001 qui
2203 3929 2299 3985 tibi
2341 3928 2503 3992 adsit,
2531 3941 2728 3997 resque
2746 3934 2864 3981 tuas
2893 3924 3235 3992 moderetur,
3269 3941 3445 3996 neque
3471 3926 3561 3997 qui
3601 3937 3655 3983 te

2069 4023 2356 4078 admoneat
2400 4029 2456 4075 et
2505 4017 2733 4074 doceat?
2786 4017 2897 4073 Hac
2943 4032 3159 4088 quoque
3193 4016 3281 4072 isti
3330 4032 3457 4073 cura
3502 4028 3659 4074 erant

2071 4113 2320 4171 fraudati.
2352 4114 2423 4168 At
2467 4111 2678 4167 vinctus
2729 4111 2831 4167 es?
2860 4118 2918 4165 at
2952 4108 3262 4165 combustus
3302 4110 3395 4165 es?
3424 4119 3481 4166 at
3508 4126 3656 4166 mor-

2075 4217 2196 4263 tuus
2218 4222 2277 4263 es
2297 4206 2321 4260 ?
2349 4205 2480 4261 nihil
2505 4205 2650 4259 enim
2672 4203 2756 4258 bis
2783 4211 2936 4273 potes
2962 4202 3143 4257 dicere
3166 4202 3400 4273 gravius.
3435 4202 3505 4257 At
3532 4217 3659 4258 cccc

2078 4301 2166 4357 isti
2187 4315 2399 4371 quoque
2426 4313 2522 4369 per
2545 4297 2663 4354 haec
2682 4297 2861 4353 omnia
2885 4295 3248 4362 tetenderunt,
3273 4303 3328 4351 et
3353 4310 3449 4365 per
3475 4294 3663 4351 eoruni

2075 4395 2283 4466 singula
2306 4393 2625 4449 illustriores
2644 4392 2985 4456 exstiterunt,
3019 4391 3281 4461 longeque
3307 4389 3583 4452 clariores,
3607 4401 3663 4442 et

2077 4488 2325 4545 cxclestes,
2349 4500 2562 4541 merces
2582 4490 2867 4539 auxerunt.
2895 4482 3064 4538 Judaei
3093 4481 3308 4551 quidem
3336 4495 3456 4534 cum
3498 4478 3665 4532 habe-

2079 4587 2202 4633 rent
2231 4575 2509 4645 templum,
2540 4575 2731 4639 altare,
2760 4586 2963 4635 arcam,
2994 4570 3304 4633 Cherubim,
3338 4568 3650 4637 propitiato-

2082 4669 2243 4736 rium,
2272 4667 2451 4722 velum
2472 4707 2487 4732 ,
2518 4665 2781 4720 inﬁnitam
2829 4661 3168 4719 sacerdotum
3222 4659 3621 4714 multitudinem
3650 4702 3665 4719 ,

2083 4762 2285 4817 cultum
2336 4760 2432 4816 Dei
2479 4757 2885 4830 quotidianum,
2934 4752 3196 4809 sacriﬁcia
3237 4767 3357 4807 eum
3412 4754 3673 4807 matutina

2085 4866 2197 4912 tum
2223 4853 2555 4926 vespertina,
2584 4859 2640 4907 et
2667 4849 3010 4905 continenter
3050 4845 3341 4916 prophetas
3383 4845 3666 4908 audirent,

2086 4951 2258 5016 vivos,
2282 4958 2543 5014 mortuos,
2570 4944 2661 5016 qui
2682 4956 2845 4999 aures
2869 4942 3108 5012 ipsorum
3141 4938 3521 5009 personabant,
3575 4939 3678 4992 mi-

2088 5043 2390 5099 raculorum
2434 5039 2489 5093 in
2565 5035 2832 5108 Egypto,
2885 5033 2941 5087 in
3004 5030 3293 5088 solitudine
3359 5030 3623 5086 editorum
3662 5071 3679 5098 ,

2090 5135 2331 5190 omnium
2362 5131 2595 5188 aliorum
2624 5127 2940 5184 memoriam
2961 5131 3335 5191 renovarent,
3358 5137 3528 5192 eaque
3568 5136 3681 5175 ma-

2093 5228 2250 5283 nibus
2270 5229 2571 5287 versarent,
2602 5221 2656 5275 in
2684 5218 2927 5290 postibus
2973 5216 3233 5285 inscripta
3262 5213 3543 5279 baberent,
3588 5226 3676 5266 re-

2095 5318 2299 5388 busque
2328 5314 2510 5371 multis
2546 5321 2660 5367 tum
2692 5324 2853 5381 supra
2879 5307 3181 5364 naturalem
3204 5313 3525 5376 potestatem
3553 5318 3681 5357 cou-

2094 5410 2268 5476 fectis,
2292 5416 2593 5477 caeteraque
2617 5405 2702 5460 sui
2732 5418 2862 5459 cura
2882 5390 3211 5466 fruerentur,
3228 5413 3334 5453 non
3353 5396 3514 5451 modo
3539 5393 3686 5449 nullo

2098 5501 2486 5567 emolumento,
2509 5511 2697 5554 verum
2739 5494 2903 5549 etiam
2925 5493 3122 5550 damno
3152 5499 3277 5545 sunt
3304 5486 3499 5552 affecti,
3523 5485 3687 5540 simu-

2101 5594 2261 5651 lacris
2291 5593 2344 5648 in
2396 5593 2515 5662 ipso
2554 5588 2755 5660 templo
2789 5586 2971 5652 cultis,
3001 5583 3247 5639 mactatis
3280 5580 3401 5635 filiis
3446 5588 3502 5633 et
3555 5575 3687 5630 filia-

2103 5691 2204 5746 bus
2248 5683 2350 5743 s'ub
2382 5684 2664 5741 arboribus
2684 5723 2699 5747 ,
2728 5690 2783 5738 et
2812 5680 2916 5735 illis
2938 5678 3054 5748 lege
3097 5674 3276 5731 vetitis
3314 5667 3688 5727 exsecrandis-

2102 5774 2208 5854 quo
2231 5777 2400 5835 sacris
2438 5777 2492 5832 in
2542 5774 2692 5832 omni
2719 5770 3107 5846 propemodum
3138 5766 3252 5839 agri
3282 5764 3547 5821 Palaestini
3573 5762 3688 5819 loco

2176 5901 2189 5927 ι
2226 5889 2366 5947 Savil.
2392 5892 2443 5943 in
2467 5896 2625 5950 textu,
2652 5885 2883 5951 captivus,
2907 5878 3401 5957 inmarg.,_domints.
