4002 6384
439 459 544 516 479

435 569 610 636 tactis,
635 567 860 638 aliisque
885 566 1201 623 facinoribus
1221 565 1439 620 inﬁnitis
1464 565 1865 620 absurdioribus
1883 579 2009 636 per-

436 659 678 729 petratis.
702 660 772 712 At
796 673 925 714 vero
947 658 1035 712 iSti
1059 658 1112 712 in
1141 656 1315 711 media
1365 655 1631 720 barbaria,
1659 656 1711 710 in
1742 665 1883 710 terra
1919 654 2012 708 ho-

435 749 546 805 stili
569 758 624 804 et
665 749 898 814 inimica,
932 749 983 801 in
1011 747 1171 802 domo
1213 747 1484 818 tyrannica
1524 754 1822 811 versantes,
1868 743 2013 798 omni

442 841 535 895 illa
571 854 696 894 cura
728 839 988 902 destituti,
1020 837 1085 892 ad
1114 837 1433 908 supplicium
1463 835 1693 906 abrepti,
1725 835 1853 899 usti,
1907 849 2014 888 non

439 929 610 983 solum
642 927 764 982 hinc
787 927 898 982 laesi
926 943 1031 982 non
1052 935 1194 992 sunt,
1218 941 1322 981 non
1349 940 1537 996 parum
1563 966 1577 991 ,
1610 939 1714 979 non
1742 923 1965 977 multum
1994 939 2010 989 ;

438 1031 617 1072 rerum
646 1016 813 1088 magis
855 1017 1017 1072 etiam
1061 1015 1388 1071 claruerunt.
1417 1014 1512 1069 llis
1555 1015 1713 1084 igitur
1741 1013 1968 1083 cognitis
1994 1053 2011 1080 ,

439 1107 734 1178 horumque
780 1107 1047 1162 similibus
1072 1123 1104 1162 e
1154 1105 1426 1176 Scriptura
1465 1106 1719 1161 divinitus
1755 1105 2015 1182 inspirata

436 1197 674 1253 collectis
695 1197 880 1271 (multa
910 1199 1051 1254 enim
1073 1197 1440 1268 hujuscemodi
1467 1205 1754 1267 suppetunt
1772 1195 2013 1266 exempla

432 1292 488 1346 in
513 1289 741 1346 diversis
761 1291 920 1346 etiam
954 1291 1195 1361 personis
1224 1289 1365 1362 aliis)
1392 1331 1408 1357 ,
1450 1305 1625 1359 neque
1648 1288 2011 1343 difﬁcultatem

435 1393 732 1452 temporum
753 1390 845 1438 aut
871 1398 1049 1438 rerum
1075 1423 1090 1449 ,
1121 1397 1293 1453 neque
1323 1382 1698 1437 necessitatem
1725 1389 1780 1436 et
1813 1383 1921 1434 vim
1950 1393 2014 1433 ac

435 1472 771 1542 tyrannidem
793 1473 1086 1542 potentium
1115 1473 1359 1528 sufﬁcere
1385 1470 1540 1526 nobis
1554 1471 1917 1525 existimemus
1944 1469 2012 1525 ad

435 1562 835 1628 defensionem,
879 1563 1089 1634 quando
1141 1563 1537 1632 deliquerimus.
1585 1561 1738 1628 Quod
1785 1561 1929 1616 enim
1957 1562 2010 1614 in

1157 455 1210 511 S.
1249 454 1525 510 JOANNIS
1562 448 2039 509 CllRYSOSTOMl
2075 449 2392 506 ARCHIEP.
2433 451 2963 510 CONSTANTINOP.

3582 453 3679 511 480

2118 563 2296 629 nabo;
2323 563 2369 618 si
2413 564 2533 634 quis
2573 563 2827 620 damnum
2871 579 2934 620 ac
2965 564 3342 622 detrimentum
3379 564 3614 639 accipiat,
3649 587 3678 628 ι

2115 653 2294 722 seipso
2321 668 2540 723 prorsus
2560 654 2614 709 id
2635 695 2651 720 ,
2691 670 2796 709 non
2836 655 2904 710 ab
2929 655 3048 709 aliis
3072 656 3313 726 accipere
3337 699 3352 724 ,
3382 658 3484 712 etsi
3503 660 3680 715 inﬁniti

2114 742 2223 796 sint
2254 741 2344 812 qui
2383 743 2580 798 damna
2607 753 2662 799 et
2703 744 2924 812 injurias
2951 743 3199 800 inferant.
3232 745 3362 800 Nam
3389 747 3434 800 si
3479 747 3680 817 quidem

2115 831 2230 888 hmc
2252 847 2284 886 a
2316 837 2603 903 semetipso
2653 849 2759 889 non
2787 835 3034 904 accipiat,
3068 835 3112 890 si
3143 836 3300 890 totius
3323 847 3478 891 terrae
3505 839 3681 892 maris-

2113 939 2219 994 que
2266 916 2452 980 incola:
2509 927 2780 980 communi
2824 928 3046 983 consilio
3095 928 3298 983 irruant
3326 969 3342 995 ,
3393 945 3460 983 ne
3508 945 3680 999 parum

2113 1013 2328 1082 quidem
2351 1015 2545 1071 lardere
2568 1027 2819 1086 poterunt
2847 1033 2990 1084 eum,
3037 1019 3128 1088 qui
3167 1019 3220 1072 in
3252 1019 3479 1074 Domino
3517 1021 3685 1090 vigilat

2115 1118 2178 1158 ac
2204 1105 2413 1160 sobrius
2441 1114 2544 1161 est.
2566 1106 2744 1162 Simus
2771 1124 2920 1178 ergo,
2966 1124 3171 1178 quaeso,
3205 1109 3406 1173 sobrii,
3437 1119 3490 1164 et
3515 1111 3684 1180 vigile-

2115 1208 2236 1248 mus
2256 1209 2489 1264 semper,
2517 1206 2572 1252 et
2611 1199 2803 1254 acerba
2841 1201 3019 1254 omnia
3059 1215 3318 1269 generoso
3343 1201 3521 1255 animo
3553 1203 3682 1256 fera-

2114 1301 2256 1352 mus,
2283 1297 2340 1342 ut
2367 1290 2584 1344 aeternis
2606 1290 2708 1345 illis
2737 1301 2791 1345 et
2818 1292 3210 1346 immortalibus
3229 1292 3381 1346 bonis
3410 1293 3682 1362 potiantur,

2116 1377 2172 1432 in
2201 1376 2418 1434 Christo
2444 1379 2572 1435 Jesu
2605 1381 2830 1437 Domino
2879 1392 3085 1449 nostro,
3127 1385 3210 1438 cui
3256 1383 3424 1453 gloria
3448 1394 3504 1437 et
3529 1384 3683 1452 impe-

2118 1470 2291 1538 rium,
2335 1488 2477 1529 nunc
2529 1484 2584 1530 et
2627 1489 2859 1545 semper,
2923 1485 2978 1530 et
3023 1476 3076 1530 in
3119 1477 3316 1531 saecula
3355 1476 3681 1531 saeculorum.

2117 1561 2318 1622 Amen.

439 1654 702 1724 principio
727 1653 838 1708 dixi
865 1696 880 1720 ,
909 1653 958 1708 in
999 1669 1064 1708 eo
1091 1668 1229 1737 nunc
1255 1667 1467 1722 quoque
1495 1653 1797 1707 orationem
1830 1661 2014 1706 termi-

937 1876 1034 1887 ιι...
1049 1875 1764 1887 m_.————_—

1309 1886 1420 1901 ‘I‘..‘.
1435 1886 1465 1898 δ

1049 1876 1440 1891 ww

735 2140 816 2201 ΙΝ
860 2141 1151 2202 LIBRUM
1194 2141 1294 2202 AD
1336 2143 1478 2204 EOS
1517 2139 1650 2213 QUI
1689 2139 2224 2200 SCANDALIZATI
2261 2140 2459 2201 SUNT
2502 2139 2600 2200 OB
2640 2137 3240 2212 ADVERSITATES,
3291 2144 3460 2198 E'rc.!

517 2344 778 2403 Ordinem
809 2346 1092 2417 sequimur
1127 2347 1197 2402 ab
1227 2347 1347 2417 ipso
1374 2345 1767 2417 Chrysostomo
1799 2343 2019 2400 indicati

2134 2344 2275 2400 infra
2305 2359 2428 2416 cap.
2466 2347 2535 2402 15
2563 2364 2576 2401 :
2609 2347 2702 2418 Μὴ
2751 2345 2931 2400 τοίνυν
2977 2363 3068 2416 μοι
3117 2345 3242 2415 λέγε
3292 2347 3420 2410 τοὺς
3467 2344 3688 2402 ἀπολλυο

453 2459 667 2528 μένους·
711 2458 849 2530 ὅπερ
892 2459 1002 2531 γὰρ
1051 2459 1110 2512 ὲν
1154 2457 1233 2530 τῷ
1275 2457 1584 2529 ἔμπροσθεν
1612 2454 1762 2511 εἷπον
1790 2456 1956 2527 λόγῳ,
1979 2455 2156 2519 οὐδεὶς
2183 2455 2294 2512 τῶν
2324 2456 2554 2521 ἑαυτοὺς
2583 2458 2657 2530 μὴ
2700 2456 3029 2512 ἀδικούντων
3051 2457 3180 2530 παρ’
3209 2456 3415 2528 ἐτέρων
3441 2457 3688 2512 ἀδικεῖται

449 2549 727 2635 ποὶεμᾶν
755 2569 835 2633 εἰς
865 2569 998 2623 αὐτὸ
1029 2569 1090 2624 τὸ
1119 2569 1217 2641 ζῇν
1240 2569 1525 2642 κινδυνεύῃ
1555 2589 1568 2624 :
1602 2569 1733 2624 Noli
1761 2585 1885 2641 ergo
1915 2569 2019 2622 mih

2130 2584 2160 2624 is
2200 2585 2609 2625 commemorare
2642 2571 2734 2641 qui
2775 2580 2991 2640 pereunt
3029 2587 3047 2624 :
3090 2571 3229 2641 quod
3267 2586 3410 2626 enim
3451 2571 3507 2624 in
3530 2569 3689 2639 priore

449 2687 587 2741 libro
616 2686 754 2751 dixi,
786 2686 966 2741 nullus
995 2702 1059 2741 ea;
1083 2687 1172 2753 iis,
1204 2687 1295 2756 qui
1329 2689 1529 2758 seipso:
1555 2686 1757 2757 injuria
1785 2701 1891 2740 non
1918 2686 2176 2755 afﬁciunt,
2206 2688 2271 2739 ab
2303 2685 2429 2739 aliis
2461 2685 2587 2740 [cedi
2609 2695 2798 2756 potest,
2839 2687 3074 2756 quamvis
3104 2685 3168 2741 de
3196 2686 3307 2740 vita
3330 2687 3446 2756 ipsa
3469 2685 3537 2740 sit
3563 2683 3690 2753 peri-

451 2803 628 2858 culum
662 2805 1012 2860 subeundum.
1043 2805 1256 2872 Quibus
1286 2765 1571 2864 manifeste
1594 2806 1840 2863 declarat
1870 2806 2073 2862 librum
2107 2807 2286 2876 illum,
2319 2807 2472 2874 Quod
2496 2823 2644 2862 nemo
2673 2806 2888 2862 lwditur
2925 2809 3030 2864 nisi
3067 2825 3101 2862 a
3128 2809 3301 2878 seipso
3339 2805 3513 2880 [465],
3552 2805 3689 2877 prius

450 2920 519 2974 ab
549 2933 609 2975 se
630 2919 833 2976 factum
862 2936 1005 2988 esse,
1027 2937 1191 2995 quam
1222 2924 1370 2978 hunc
1402 2923 1606 2989 ederet,
1635 2931 1936 2995 utrumque
1971 2937 2101 2978 vero
2135 2923 2477 2981 continenter
2499 2924 2800 2993 eodemque
2830 2933 3074 2994 tempore
3099 2923 3482 2979 elucubratum
3513 2919 3688 2975 fuisse.

452 3029 651 3087 Verum
685 3033 851 3105 igitur
877 3035 1125 3092 ordinem
1150 3051 1259 3091 non
1297 3037 1470 3094 tenuit
1497 3035 1755 3101 Savilius,
1791 3036 1888 3106 qui
1921 3037 2068 3091 hunc
2097 3035 2334 3106 priorem
2367 3036 2586 3106 posuit;
2632 3035 2864 3091 alterum
2891 3050 3022 3090 vero
3044 3076 3058 3100 ,
3097 3035 3190 3105 qui
3218 3033 3475 3106 praemitti
3502 3031 3688 3086 debue-

450 3154 558 3207 rat,
593 3145 721 3200 huic
754 3146 1039 3216 subjunxit
1064 3163 1078 3213 ;
1109 3148 1204 3203 sed
1229 3147 1332 3203 hoc
1365 3155 1607 3203 erratum
1637 3148 1754 3218 ipse
1779 3156 1967 3218 postea
1989 3147 2398 3203 animadvertit.
2431 3145 2637 3202 Fronto
2667 3146 2895 3203 Ducasus
2921 3161 3015 3204 eos
3048 3147 3210 3218 longo
3238 3144 3524 3207 intervallo
3549 3155 3690 3212 sepa-

452 3262 613 3325 ravit,
649 3261 743 3332 qui
773 3263 1012 3332 priorem
1040 3265 1096 3318 in
1124 3263 1305 3319 medio
1336 3263 1509 3320 Tomo
1549 3273 1747 3335 quarto
1787 3265 2016 3330 locavit,
2055 3265 2411 3336 posteriorem
2443 3278 2593 3330 vero,
2645 3263 2760 3318 sive
2797 3262 2944 3317 hunc
2976 3260 3043 3316 de
3091 3277 3202 3332 quo
3247 3260 3483 3331 agimus,
3517 3269 3690 3312 versus

455 3381 620 3438 ﬁnem
653 3379 811 3438 Tomi
841 3384 1018 3454 quinti
1043 3387 1245 3455 posuit,
1279 3395 1373 3440 aut
1404 3386 1720 3456 ponendum
1747 3386 1987 3457 reliquit.

529 3495 791 3567 Georgius
819 3498 1223 3555 Alexandrinus
1258 3500 1312 3555 in
1347 3499 1465 3554 Vita
1494 3498 1890 3570 Chrysostomi,
1921 3514 2044 3571 quae
2067 3498 2207 3555 infra
2243 3494 2455 3569 edetur,
2492 3512 2548 3551 n.
2573 3495 2663 3563 67,
2699 3496 2774 3550 ait
2797 3496 2943 3550 hunc
2979 3492 3179 3549 librum
3209 3489 3414 3546 Cucusi
3453 3503 3484 3542 a
3518 3484 3574 3540 S.
3601 3483 3690 3539 do-

457 3623 609 3669 ctore
652 3612 858 3672 factum
914 3614 1088 3671 fuisse
1132 3615 1200 3671 ad
1252 3615 1681 3672 consolationem
1727 3613 2238 3684 institutionemque
2283 3612 2468 3684 p0puli
2517 3607 3129 3680 ConstantinOpolitani,
3175 3619 3408 3676 esseque
3453 3604 3506 3658 in
3531 3598 3692 3670 capita
3736 3667 3738 3670 ν

463 3731 652 3801 viginti
684 3745 922 3804 quatuor
955 3734 1212 3801 divisum,
1247 3748 1369 3805 quae
1391 3733 1590 3791 divisio
1619 3733 1687 3790 ad
1716 3735 1820 3790 hoc
1848 3747 2022 3804 usque
2049 3742 2264 3804 tempus
2285 3730 2341 3785 in
2377 3729 2768 3800 manuscriptis
2811 3727 3103 3784 Codicibus
3139 3734 3195 3782 et
3225 3724 3281 3780 in
3311 3722 3482 3779 Editis
3519 3719 3692 3775 obser-

463 3856 640 3904 vatur.

532 3959 823 4018 Existimat
853 3977 905 4017 v.
945 3962 1014 4018 cl.
1057 3961 1439 4018 Tillemontius
1469 3961 1616 4018 hunc
1658 3960 1857 4016 librum
1894 3958 2052 4033 quasi
2097 3955 2165 4011 ad
2207 3954 2582 4029 Olympiadem
2634 3953 2863 4008 missum
2910 3949 3330 4007 commemorari
3375 3949 3429 4003 in
3472 3940 3692 4015 Epistola

459 4089 654 4150 quarta
682 4081 749 4136 ad
783 4083 1053 4147 eamdem,
1087 4083 1180 4139 ubi
1201 4084 1440 4139 dicitur:
1479 4085 1744 4155 Ἐπεμψά
1773 4100 1853 4137 σοι
1876 4082 2019 4151 ἅπερ

2130 4081 2264 4150 satira
2294 4081 2506 4152 πρῴην,
2537 4081 2619 4134 ὅτι
2647 4079 2738 4134 τὸν
2780 4073 2973 4132 ἑαυτὸν
3017 4073 3306 4132 ἀδικοῦντα
3329 4069 3503 4135 οὐδεὶς
3525 4066 3692 4135 ἕτερος

2630 4349 3666 4378 __________________,_____

1594 4579 2131 4672 EJUSDEM
2208 4579 2564 4668 LIBER

473 4903 548 4944 Αι)
585 4890 703 4944 ‘EOS
746 4877 867 4952 QUI.
897 4900 1343 4946 SCANDALIZATI
1387 4897 1544 4940 SUNT
1587 4896 1666 4940 OB
1697 4891 2167 4938 ADVERSITATES
2197 4889 2338 4944 ρυλε
2369 4885 2834 4938 CONTIGERUNT,
2865 4882 3216 4934 POPULIQUE
3267 4882 3346 4923 ET
3379 4865 3705 4922 MULTORUM

542 5004 960 5048 SACEBDOTUM
1005 5003 1578 5056 PERSEQUUTIONEM
1620 5001 1697 5044 AC
1741 4996 2251 5052 PERVERSIONEM,
2299 4996 2379 5037 ET
2423 4994 2505 5035 DE
2549 4985 3218 5034 INCOMPREHENSIBILI,
3268 4983 3346 5025 ΕΤ
3409 4966 3705 5024 ADVEBSUs

542 5108 794 5151 animos
841 5091 948 5168 (α).

1927 5203 2327 5238 c—W

2152 5319 2346 5388 quippe
2376 5315 2508 5369 artis
2538 5313 2676 5368 illius
2701 5320 2783 5366 est
2813 5309 3068 5369 conditio,
3099 5322 3160 5361 ea
3188 5305 3487 5360 morborum
3519 5297 3704 5350 illorum

2155 5417 2362 5463 natura.
2391 5406 2498 5459 Nos
2524 5419 2672 5469 vero,
2702 5402 2792 5471 qui
2821 5415 2928 5454 non
2952 5414 3112 5454 unum
3141 5397 3366 5466 aliquem
3402 5393 3671 5445 alterumve
3691 5417 3704 5439 ν

2153 5500 2246 5555 sed
2274 5511 2459 5553 omnes
2487 5497 2576 5565 qui
2608 5503 2775 5549 totum
2806 5492 3040 5546 incolunt
3068 5489 3250 5543 orbem
3280 5495 3546 5540 terrarum,
3575 5485 3706 5528 scan-

2152 5591 2330 5646 dalum
2357 5601 2544 5658 passos
2571 5600 2761 5640 sanare
2787 5582 3087 5645 studemus,
3118 5578 3248 5632 nihil
3275 5577 3374 5630 tale
3397 5566 3704 5658 requirimus.

2153 5682 2334 5750 Neque
2362 5679 2505 5733 enim
2535 5676 2794 5746 petimus,
2823 5681 2882 5728 ut.
2934 5673 2987 5725 in
3013 5670 3154 5725 aedes
3179 5666 3398 5736 alicujus
3432 5659 3705 5750 exazgrONS

2155 5745 2331 5842 pateat
2359 5745 2560 5833 aditus,
2591 5775 2682 5820 aut
2704 5765 2791 5820 ubi
2813 5763 3024 5832 jaceant
3043 5803 3056 5824 ,
3105 5759 3368 5814 discamus
3389 5795 3402 5819 ,
3431 5745 3523 5805 sed
3556 5750 3704 5842 neﬁl‘f

2155 5837 2296 5936 ipsos
2315 5877 2482 5934 :rgros
2505 5860 2745 5931 cupimus
2769 5855 2980 5914 intueri.
2999 5853 3115 5910 Non
3136 5850 3375 5906 manibus
3392 5837 3702 5902 instrumenti

529 5335 716 5392 Medici
735 5333 967 5404 quidem,
992 5333 1035 5384 si
1051 5333 1262 5401 quando
1279 5332 1553 5401 quospiam
1579 5329 1723 5383 febre
1745 5334 2041 5394 correptos,

460 5439 548 5483 aut
573 5428 750 5498 aliquo
779 5425 883 5479 alio
911 5423 1095 5477 morbo
1117 5422 1418 5477 laborantes
1445 5420 1710 5476 sanandos
1734 5419 2043 5487 suscipiant,

463 5521 514 5574 id
543 5520 770 5590 primum
797 5514 1029 5581 student,
1053 5523 1111 5567 ut
1135 5527 1304 5582 aegros
1333 5512 1560 5577 videant,
1595 5510 1735 5581 quod
1767 5510 1951 5578 procul
1981 5509 2048 5563 ab

464 5611 540 5665 eis
566 5609 758 5678 positi,
790 5621 898 5675 ,suo
923 5619 1028 5658 non
1074 5610 1289 5674 possent
1325 5616 1418 5658 eos
1455 5601 1692 5657 subsidio
1726 5601 1913 5671 juvare
1942 5618 1955 5654 :
1984 5613 2045 5654 ea

476 5829 478 5831 -
527 5803 598 5864 (τι)
630 5800 804 5856 Collata
826 5813 936 5848 cum
961 5805 1063 5848 Mss.
1087 5797 1246 5862 Regiis
1274 5798 1405 5861 1819,
1442 5794 1580 5847 9.2M.
1615 5795 1905 5848 Colbcrtittis
1955 5807 2043 5845 vc-

467 5892 520 5933 το
539 5884 647 5946 365,
666 5879 773 5944 0'29,
792 5881 931 5950 3035:
