4002 6382
187 346 278 402 ικι
1003 333 1092 387 AD
1134 331 1257 388 EOS
1294 329 1412 398 QUI
1449 321 1940 385 SCANDALIZATI
1979 323 2180 382 SUNT.
2222 325 2350 382 LIB.
2395 327 2597 387 UNUS.
2673 383 2679 390 .

175 460 470 508 tractamus
497 450 516 482 ¹
543 491 560 518 ,
586 465 693 506 non
721 448 1060 520 pecuniarum
1086 455 1328 514 sumplus
1357 443 1576 503 facimus
1599 482 1614 506 ,
1646 439 1773 494 dum

183 551 246 596 ad
263 540 602 606 curationem
626 537 923 594 necessaria
949 551 1194 591 coemere
1213 535 1462 604 jubemus
1489 532 1727 586 inﬁrmos
1757 547 1772 583 :

183 633 274 689 sed
300 632 548 704 quamvis
590 631 759 702 ignoti
798 631 906 685 sint
943 629 1096 686 nobis
1121 669 1137 691 ,
1167 626 1408 698 quamvis
1450 623 1518 679 ad
1562 622 1776 678 ultimos

177 726 328 781 orbis
360 733 527 779 terrae
552 727 692 778 tineis
731 719 1008 776 amandati
1036 719 1169 785 sint,
1209 720 1464 789 quamvis
1490 719 1548 773 in
1577 717 1761 774 medio

180 814 575 877 barbarorum,
593 811 848 881 quamvis
862 810 919 864 in
938 811 1059 881 ipso
1077 809 1449 865 mendicitatis
1467 807 1631 863 fundo
1651 822 1766 864 ver-

178 917 393 968 sentur,
414 903 672 975 quamvis
687 909 837 956 tanta
858 909 1180 973 premantur
1200 901 1384 971 inepia
1405 909 1462 954 ut
1485 899 1647 955 etiam
1665 915 1766 956 ne-

178 995 439 1052 cessariis
468 994 841 1051 destituantur
869 993 1166 1056 alimentis,
1197 993 1412 1047 nullum
1444 999 1624 1047 tamen
1659 992 1764 1047 ista

179 1082 457 1137 curationi
479 1088 685 1137 nostra:
706 1080 965 1136 adhibent
979 1079 1427 1151 impedimentum
1448 1077 1570 1134 :sed
1584 1079 1638 1133 in
1655 1092 1766 1133 uno

181 1171 478 1228 constituti
494 1170 1308 1237 loco,sineinstrumentis,sine
1328 1168 1763 1234 medicamentis,

181 1267 302 1324 sine
317 1266 453 1322 cibo
472 1281 537 1322 ac
560 1264 802 1337 potu,vel
821 1263 1091 1334 pecuniis,
1110 1264 1194 1318 vel
1216 1262 1511 1333 longinqua
1533 1261 1767 1332 peregri-

181 1357 406 1412 natione
420 1358 672 1412 morbum
691 1356 852 1412 istum
865 1353 1560 1425 depellimus.Quotandem
1577 1351 1765 1406 modo?

185 1447 319 1503 Dum
346 1448 619 1504 orationis
645 1445 968 1502 medicinam
993 1446 1396 1516 componimus,
1427 1459 1548 1514 qua:
1566 1441 1764 1496 horum

184 1540 434 1598 omnium
451 1541 600 1595 vices
613 1539 752 1610 apud
767 1549 997 1609 aegrotos
1010 1554 1072 1594 su
1080 1537 1302 1608 pplebit,
1317 1538 1428 1591 imo
1441 1550 1560 1606 qua:
1572 1532 1765 1591 melior

188 1630 256 1685 sit
282 1630 395 1685 illis
427 1631 694 1685 omnibus.
722 1629 852 1685 Nam
882 1638 936 1684 et
957 1628 1187 1699 amplius
1214 1642 1371 1698 quam
1400 1625 1550 1696 panis
1573 1623 1690 1690 alit,
1723 1632 1780 1678 et

183 1720 410 1789 amplius
451 1721 698 1777 medetur
724 1735 882 1791 quam
909 1720 1257 1788 pbarmacum
1281 1756 1298 1786 ,
1327 1726 1381 1773 et
1409 1714 1778 1772 vehementius

181 1825 339 1880 quam
380 1811 519 1880 ignis
547 1811 692 1887 urit,
736 1826 838 1867 nec
868 1819 1041 1866 tamen
1069 1811 1236 1864 ullum
1281 1808 1522 1863 dolorem
1565 1804 1728 1860 inurit
1759 1833 1773 1871 ε

182 1918 466 1971 pravarum
483 1913 657 1959 autem
675 1904 1049 1974 cogitationum
1067 1901 1310 1957 fcetidum
1328 1901 1526 1956 ﬂuxum
1543 1898 1776 1954 adstrin-

181 1993 277 2061 git,
306 2003 363 2049 et
400 1995 608 2050 acutius
635 2009 795 2064 quam
824 1993 1026 2049 ferrum
1052 1993 1261 2062 putrida
1286 2001 1431 2047 secat
1459 1992 1636 2045 ulcera
1663 1988 1777 2044 sine

183 2086 370 2142 dolore
393 2103 410 2152 ;
437 2095 492 2142 et
520 2086 622 2141 hoc
643 2087 771 2142 dum
795 2087 919 2142 facit
941 2127 956 2151 ,
980 2087 1157 2142 nullos
1200 2086 1508 2156 impendere
1536 2093 1777 2154 sumptus

183 2177 344 2247 cogit,
370 2191 472 2231 nec
498 2177 566 2231 ad
587 2178 744 2233 ullam
774 2178 966 2247 redigit
994 2188 1307 2248 egestatem.
1337 2177 1448 2232 Hoc
1473 2176 1632 2247 igitur
1665 2191 1777 2230 me-

186 2265 488 2322 dicamento
524 2266 765 2322 confecto
787 2307 804 2334 ,
848 2267 915 2321 ad
938 2281 1125 2323 omnes
1164 2267 1296 2322 illud
1328 2266 1734 2322 transmittirnus
1758 2303 1773 2328 ,

185 2363 343 2424 atque
373 2371 560 2412 omnes
589 2356 808 2411 dubiant
835 2348 940 2411 non
976 2365 1060 2411 est
1085 2358 1213 2426 quin
1240 2358 1519 2412 sanitatem
1549 2373 1776 2427 recupe-

186 2448 354 2502 raturi
384 2447 514 2514 sint,
545 2447 834 2504 dummodo
865 2447 1042 2504 verbis
1067 2451 1266 2505 nostris
1293 2450 1552 2507 benevole
1575 2467 1637 2507 ac
1658 2453 1776 2508 dili-

185 2551 376 2608 genter
399 2539 695 2594 attendant.

254 2631 386 2688 CAP.
429 2632 468 2688 Ι.
509 2632 866 2687 Necessarium
903 2649 1009 2688 esse
1039 2641 1095 2688 ut
1127 2650 1280 2689 causa
1308 2636 1538 2699 dicatur,
1574 2653 1637 2690 ea:
1675 2653 1776 2705 qua

184 2725 483 2779 scandalum
507 2736 674 2779 ortum
710 2735 802 2781 est.
825 2756 894 2766 —
913 2727 1175 2793 Quoniam
1201 2738 1380 2782 autem
1409 2728 1461 2782 in
1489 2742 1772 2797 corporum

185 2815 345 2870 etiam
389 2816 664 2870 curatione
702 2830 808 2870 non
853 2817 1194 2872 mediocriter
1216 2857 1231 2880 ,
1263 2817 1372 2871 imo
1400 2817 1681 2887 plurimum
1707 2819 1774 2872 ad

184 2905 498 2975 abigendam
534 2907 901 2974 tegritudinem
921 2907 1163 2963 conferre
1178 2907 1348 2976 solet,
1369 2917 1424 2962 ut
1439 2909 1774 2963 occasionem

184 2995 515 3066 aegritudinis
555 2995 727 3052 discat
754 3007 984 3067 tngrotus
1014 2995 1228 3070 (neque
1266 3000 1408 3054 enim
1438 3009 1642 3055 tantum
1672 2998 1774 3054 hoc

184 3088 418 3158 cognito,
453 3089 765 3144 liberabitur
791 3091 978 3146 morbo
1006 3108 1110 3162 quo
1135 3093 1401 3148 detinetur
1423 3133 1438 3158 ,
1473 3092 1565 3148 sed
1597 3107 1695 3146 nec
1721 3092 1771 3145 in

184 3193 308 3232 eum
332 3189 516 3248 postea
543 3181 775 3246 incidet,
806 3182 896 3236 ubi
930 3197 1144 3237 causam
1175 3184 1532 3250 intellexerit,
1577 3200 1643 3240 ex
1672 3201 1773 3254 qua

183 3271 232 3324 in
256 3284 381 3325 eum
407 3271 570 3326 semel
594 3272 856 3339 inciderit,
879 3283 934 3328 et
951 3273 1051 3330 sibi
1077 3275 1143 3330 ab
1166 3289 1228 3330 ea
1251 3274 1530 3347 cavebit),
1561 3291 1656 3346 age
1677 3262 1776 3331 nos

184 3359 348 3414 etiam
390 3360 490 3416 hoc
531 3362 761 3432 primum
805 3378 975 3432 mgros
1001 3364 1288 3419 doceamus
1312 3407 1325 3429 ,
1371 3366 1510 3420 unde
1553 3367 1657 3421 illis
1689 3367 1774 3421 hic

195 3451 431 3505 scandali
472 3452 693 3507 morbus
720 3454 990 3509 acciderit.
1032 3456 1162 3511 Nam
1191 3458 1236 3511 si
1263 3457 1366 3512 hoc
1387 3459 1731 3528 cognoverint
1755 3501 1769 3525 ,

185 3553 239 3598 et
266 3545 334 3601 ab
361 3560 428 3600 eo
452 3545 550 3600 sibi
579 3545 860 3616 diligenter
884 3564 1072 3604 cavere
1091 3551 1372 3616 voluerint,
1404 3567 1507 3606 non
1531 3551 1631 3607 hac
1661 3562 1691 3606 t:
1714 3567 1774 3606 n-

187 3646 297 3689 tum
321 3677 336 3699 ,
363 3645 456 3692 aut
483 3654 624 3694 nunc
653 3647 855 3694 tanwm
903 3641 1215 3710 trgritudiue
1246 3641 1609 3696 liberabuntur
1631 3685 1646 3707 ,
1678 3643 1772 3696 sed

187 3739 240 3782 et
267 3729 320 3781 in
339 3741 671 3798 perpetuum,
700 3733 832 3787 etab
858 3733 955 3788 hac
981 3744 1036 3788 et
1057 3749 1088 3787 a
1113 3735 1350 3802 pluribus
1369 3737 1596 3790 cmtetis.
1625 3737 1775 3803 Ejus—

185 3819 330 3873 modi
367 3821 512 3876 enitn
556 3832 636 3876 cst
681 3823 839 3892 hujus
883 3825 1252 3879 medicamenti
1285 3835 1472 3879 natura
1498 3866 1512 3890 ,
1544 3833 1684 3880 utet
1717 3826 1767 3879 in

188 3911 434 3979 pnrsenti
472 3920 658 3976 sanet,
703 3922 757 3967 et
797 3915 912 3968 usui
957 3915 1026 3968 sit
1054 3915 1120 3967 ad
1162 3915 1392 3984 reliquas
1435 3915 1786 3983 aegritudines

190 4001 577 4068 pra-cavendas.
608 4002 790 4073 Neque
815 4004 956 4060 enim
999 4020 1162 4060 unum
1186 4046 1200 4071 ,
1233 4006 1320 4059 vel
1347 4004 1452 4059 duo
1477 4046 1492 4071 ,
1521 4006 1604 4059 vel
1635 4007 1730 4058 tria
1755 4046 1771 4070 ,

189 4091 281 4146 sed
317 4103 371 4146 et
415 4093 576 4148 multa
617 4104 740 4148 sunt
779 4095 831 4149 in
878 4095 978 4150 hac
1006 4095 1110 4149 vita
1135 4137 1150 4161 ,
1197 4111 1312 4165 qua:
1343 4093 1773 4150 imbecillioribus

194 4183 504 4238 scandalum
549 4185 811 4252 all‘erunt,
857 4193 912 4240 et
953 4185 1052 4240 hos
1097 4201 1284 4241 omnes
1327 4201 1386 4240 se
1433 4185 1772 4241 liberaturam

189 4281 418 4342 mgrotes
437 4275 608 4328 oratio
629 4285 806 4329 nostra
831 4275 1130 4344 pollicetur,
1162 4275 1207 4329 si
1235 4276 1518 4341 voluerint,
1538 4284 1597 4330 ut
1615 4275 1772 4330 etiam

190 4372 313 4416 ante
337 4363 469 4427 dixi,
501 4373 554 4418 et
580 4363 806 4430 discere,
833 4372 887 4418 et
915 4365 1200 4419 observare
1219 4380 1336 4434 quae
1367 4365 1623 4420 dicemus.
1651 4365 1775 4420 Haec

188 4464 365 4510 autem
390 4469 420 4508 a
440 4470 526 4509 me
542 4456 822 4512 adhibetur
849 4455 1130 4524 medicina,
1162 4472 1267 4511 non
1293 4473 1364 4518 ex,
1381 4459 1544 4512 sacris
1572 4467 1773 4513 tantum

186 4545 480 4615 Scripturis
504 4547 816 4616 composita,
841 4547 935 4602 sed
964 4547 1124 4602 etiam
1151 4562 1216 4602 ex
1241 4548 1305 4602 iis
1329 4563 1449 4618 quae
1470 4549 1524 4601 in
1552 4548 1651 4603 hac
1669 4550 1774 4604 vita

187 4639 339 4703 liunt,
375 4646 430 4692 et
448 4646 703 4707 perpetuo
722 4639 1034 4708 contingunt
1063 4654 1076 4692 :
1108 4639 1184 4693 sic
1206 4647 1262 4692 ut
1283 4638 1347 4692 iis
1368 4638 1525 4693 etiam
1553 4639 1602 4691 in
1625 4654 1774 4694 corn-

187 4745 348 4785 mune
377 4729 672 4797 medeatur,
701 4731 789 4800 qui
813 4731 1110 4800 Scripturas
1135 4745 1237 4784 non
1268 4731 1468 4800 legunt,
1496 4731 1651 4785 modo
1675 4746 1772 4784 vo-

185 4822 387 4878 lrerint
412 4839 427 4876 :
456 4837 628 4892 neque
651 4823 794 4877 enim
814 4821 916 4877 hoc
945 4822 1233 4878 identidem
1262 4822 1536 4877 inculcare
1563 4821 1772 4877 desino.

187 4911 302 4964 Non
323 4913 463 4966 enim
484 4909 599 4968 ﬁeri
621 4923 817 4984 potest,
834 4924 883 4968 ut
907 4915 1220 4969 necessitate
1238 4929 1299 4968 ac
1315 4914 1385 4972 vi.
1411 4921 1464 4968 et
1479 4914 1640 4967 invito
1661 4929 1777 4966 mc-

188 5002 379 5058 deatur
397 5021 642 5074 umquam
659 5005 773 5060 hmc
786 5006 1066 5073 medicina,
1084 5007 1165 5060 vel
1183 5006 1229 5060 ei
1247 5006 1334 5075 qui
1347 5005 1536 5060 divinis
1549 5004 1778 5059 oraculis

194 5108 300 5146 non
328 5096 563 5162 paruerit
586 5112 600 5148 :
629 5104 683 5150 et
706 5095 828 5149 inde
850 5103 1113 5160 sumetur,
1141 5105 1193 5149 et
1220 5096 1343 5150 inde
1375 5095 1597 5164 amplius
1621 5110 1776 5163 quam

194 5198 262 5240 ex
297 5185 402 5238 ulla
422 5195 705 5240 eventuum
730 5200 792 5240 ac
812 5202 989 5240 rermn
1009 5186 1479 5240 demonstratione.
1506 5185 1777 5253 Siquidem

194 5276 457 5345 prolatam
478 5292 508 5330 a
538 5278 647 5331 Deo
673 5277 990 5332 sententiam
1013 5276 1116 5331 fide
1133 5275 1424 5345 digniorem
1451 5290 1589 5337 esse,
1621 5289 1778 5343 quam

192 5381 315 5435 qua:
339 5366 507 5420 oculis
534 5381 849 5435 usurpamus
873 5367 1196 5421 credendum
1222 5374 1322 5420 est.
1355 5365 1522 5432 Quam
1553 5364 1622 5418 ob
1649 5379 1780 5418 cau-

191 5473 311 5512 sam
331 5468 387 5512 et
406 5458 489 5512 his
510 5459 721 5528 gravius
740 5458 1053 5526 supplicium
1076 5457 1335 5522 imminet,
1367 5457 1412 5510 si
1431 5455 1656 5510 correcti
1676 5471 1780 5510 non

193 5550 400 5606 fuerint
418 5591 433 5619 ,
471 5550 614 5621 quod
641 5566 763 5606 cum
793 5550 1093 5619 Scripturas
1119 5547 1444 5614 audiveriut,
1476 5545 1673 5600 nullam
1701 5555 1781 5600 ta-

241 5701 289 5815 u‘
315 5711 442 5762 Haec,
471 5717 565 5757 non
595 5699 812 5757 man’btts
854 5701 1165 5753 instrumenta
1209 5705 1486 5760 tractamus,
1530 5699 1710 5752 desunt
1733 5700 1782 5750 in

196 5771 242 5815 υ-
275 5778 352 5815 )ϋδ

275 5778 352 5816 ωε

3351 341 3460 396 48⁸1

1883 453 2004 494 men
2035 438 2159 495 inde
2185 441 2344 496 talem
2370 442 2651 500 utilitatem
2677 446 3030 516 perceperint.
3061 447 3139 504 Ne
3179 450 3334 520 igitur
3362 453 3464 508 illis

1880 529 1981 586 hoc
1998 531 2225 597 eveniat,
2251 546 2348 602 age
2361 531 2471 603 jam
2493 533 2559 589 ad
2580 537 2963 592 correctionem
2985 553 3082 594 nos
3098 539 3462 611 accingamus,

1877 631 2036 690 atque
2063 622 2116 676 in
2149 623 2332 692 primis
2355 638 2568 679 causam
2593 626 2924 696 mgritudinis
2948 628 3265 702 indicemus.

1947 711 2076 767 CAP.
2101 711 2164 766 ll.
2187 712 2536 768 Periculosum
2561 732 2666 770 esse
2680 732 2740 769 ac
2759 717 3023 773 dementia:
3048 723 3250 790 plenum
3269 721 3466 776 curiose

1875 803 2129 875 inquirere
2145 814 2192 859 et
2206 807 2423 860 scrutari
2436 823 2673 862 arcanam
2684 807 2782 863 Dei
2795 810 3112 880 sapientiam.
3127 841 3197 852 --
3207 813 3464 882 Quaenam

1878 893 2039 966 igitur
2061 904 2219 951 tantae
2241 895 2566 967 azgritudinis
2588 905 2672 954 est
2695 900 2887 955 causa?
2906 899 3184 958 Curiosum
3206 902 3460 959 nimirum

1875 995 1931 1041 et
1954 999 2405 1056 supervacaneum
2435 987 2660 1042 istorum
2689 989 2946 1056 studium,
2979 999 3034 1047 et
3055 993 3196 1062 quod
3220 994 3458 1050 omnium

1876 1091 1995 1146 quae
2021 1076 2173 1145 liunt,
2198 1077 2435 1148 singulas
2456 1079 2622 1134 velint
2643 1093 2830 1135 causas
2853 1096 3194 1152 cognoscere,
3222 1086 3364 1155 quod
3383 1086 3464 1141 in-

1876 1167 2417 1236 comprehensibilem
2458 1178 2513 1224 et
2540 1169 2858 1226 ineﬁ‘abilem
2894 1171 2989 1228 Dei
3031 1175 3419 1242 providentiam
3444 1217 3462 1243 ,

1878 1255 2158 1324 inﬁnitam,
2187 1267 2242 1314 et
2269 1260 2685 1330 investigabilem
2711 1264 2957 1331 scrutari,
2985 1273 3038 1319 et
3061 1264 3116 1320 in
3143 1280 3260 1320 eam
3288 1267 3462 1337 impu-

1877 1348 2066 1406 denter
2089 1365 2153 1406 ac
2172 1352 2381 1407 curiose
2407 1361 2667 1408 conentur
2687 1353 2974 1423 inquirere.
2996 1355 3324 1427 Quamquam
3344 1360 3463 1429 quis

1878 1456 2129 1511 umquam
2169 1442 2465 1512 sapientior
2507 1444 2709 1498 exstitit
2749 1445 2956 1500 Paulo?
2997 1447 3091 1501 Dic
3119 1446 3261 1502 enim
3292 1447 3460 1513 mihi,

1880 1545 2057 1585 nonne
2083 1545 2174 1585 vas
2201 1531 2472 1586 electionis
2492 1541 2606 1586 erat
2632 1532 2772 1588 iste?
2800 1548 2976 1589 nonne
2991 1550 3236 1606 magnam
3259 1546 3314 1592 et
3332 1537 3465 1593 inet-

1879 1622 2092 1678 fabilem
2134 1623 2235 1678 sibi
2279 1623 2506 1694 Spiritus
2548 1626 2776 1694 gratiam
2825 1627 3245 1682 conciliaverat?
3287 1644 3466 1685 nonne

1879 1713 2148 1770 Christum
2180 1715 2235 1769 in
2271 1729 2331 1771 se
2355 1715 2658 1784 loquentem
2685 1716 2953 1772 habebat?
2980 1733 3158 1774 nonne
3181 1719 3464 1774 verborum

1881 1805 2052 1862 factus
2069 1807 2335 1876 particeps
2361 1815 2416 1862 et
2434 1805 2527 1861 Dei
2552 1807 2718 1861 fuerat
2743 1809 3105 1863 arcanorum?
3132 1824 3310 1864 nonne
3346 1825 3466 1880 quas

1879 1897 2010 1952 nulli
2041 1897 2245 1952 homini
2266 1896 2408 1967 loqui
2429 1897 2640 1963 licebat,
2669 1897 2759 1953 ille
2779 1898 2923 1954 solus
2951 1898 3262 1954 audiverat?
3284 1916 3465 1956 nonne

1880 1991 1934 2045 in
1966 1990 2264 2060 paradisum
2287 2000 2468 2060 raptus
2485 1989 2700 2045 fuerat?
2727 2005 2902 2046 nonne
2920 1991 3158 2046 sublatus
3176 1993 3228 2046 in
3251 1992 3464 2048 tertium

1878 2083 2102 2150 cadum?
2148 2097 2325 2137 nonne
2356 2092 2550 2137 terram
2593 2091 2647 2137 et
2678 2097 2824 2137 mare
2853 2085 3236 2152 percurrerat?
3279 2101 3461 2141 nonne

1879 2174 2134 2229 barbaros
2156 2173 2516 2243 philosophari
2537 2172 2787 2228 docuerat
2806 2174 2830 2228 ?
2852 2189 3026 2229 nonne
3047 2177 3220 2232 varias
3239 2176 3467 2246 Spiritus

1879 2265 2217 2335 operationes
2262 2264 2587 2344 exhibebat?
2629 2280 2809 2320 nonne
2839 2268 3061 2336 populos
3105 2267 3341 2338 integros
3375 2284 3466 2323 ur-

1881 2357 2080 2427 besque
2122 2357 2539 2412 moderabatur?
2579 2371 2756 2412 nonne
2785 2367 2952 2414 totum
2991 2359 3175 2414 orbem
3203 2370 3466 2416 terrarum

1881 2450 2018 2504 Deus
2049 2450 2289 2504 manibus
2301 2449 2416 2520 ejus
2429 2449 3170 2506 commiserat?Verumtamen
3186 2450 3276 2507 ille
3292 2460 3468 2508 tantus

1877 2557 1939 2597 ac
1967 2543 2109 2610 talis,
2134 2543 2271 2600 adeo
2297 2543 2508 2612 sapiens
2529 2557 2590 2596 ac
2613 2551 2818 2612 potens,
2845 2558 2907 2599 ac
2935 2544 3222 2613 spiritualis
3249 2545 3337 2600 ille
3365 2545 3465 2611 vir,

1877 2631 1965 2701 qui
1993 2646 2098 2685 tam
2129 2634 2292 2685 multa
2332 2632 2669 2695 obtinuerat,
2697 2649 2819 2686 cum
2857 2633 2922 2687 ad
2945 2634 3339 2690 extendendam
3366 2637 3461 2691 Dei

1879 2723 2260 2795 providentiam
2297 2737 2356 2778 se
2389 2723 2689 2787 convertit,
2726 2731 2912 2779 etnon
2936 2724 3048 2793 jam
3094 2734 3254 2779 totam
3285 2727 3465 2794 provi-

1876 2816 2106 2871 dentiam
2134 2857 2147 2881 ,
2194 2814 2287 2869 sed
2319 2829 2473 2891 unam
2504 2814 2618 2884 ejus
2663 2815 2834 2869 solum
2873 2824 3078 2885 partem
3123 2819 3465 2885 considerat,

1877 2907 1997 2963 audi
2021 2922 2127 2977 quo
2156 2914 2310 2977 pacto
2337 2907 2558 2960 miretur
2580 2949 2594 2972 ,
2626 2923 2733 2976 quo
2761 2917 2917 2976 pacto
2945 2909 3203 2980 vertigine
3229 2910 3459 2976 laboret,

1876 3017 1981 3072 quo
2003 3009 2156 3070 pacto
2179 2998 2458 3054 confestim
2480 2998 2701 3063 resiliat,
2729 3014 2892 3069 seque
2917 2999 3059 3054 illam
3080 3001 3298 3056 minime
3316 3016 3464 3057 com-

1878 3095 2204 3166 prehendere
2221 3110 2374 3165 posse
2393 3094 2634 3151 tateatur.
2653 3091 2874 3160 Quando
2899 3094 3056 3164 igitur
3075 3093 3468 3164 contemplaba-

1880 3200 1966 3244 tur
1987 3229 2002 3252 ,
2032 3203 2138 3244 non
2169 3185 2437 3256 quomodo
2464 3183 2667 3254 angelis
2701 3183 3004 3254 provideret
3039 3193 3092 3239 et
3134 3183 3470 3254 archangelis

1880 3282 2037 3344 Deus,
2064 3287 2119 3334 et
2142 3276 2480 3342 Cherubinis,
2503 3284 2594 3329 aut
2615 3273 2944 3344 Seraphinis,
2971 3275 3284 3329 autcmteris
3313 3285 3467 3344 pote—

1874 3372 2104 3428 statibus
2127 3411 2142 3436 ,
2173 3386 2293 3438 qua:
2337 3369 2436 3423 sub
2460 3377 2730 3438 aSpectum
2777 3367 2995 3422 minime
3024 3367 3221 3421 cadunt
3245 3410 3260 3433 ,
3295 3383 3466 3437 neque

1876 3479 1980 3532 quo
2010 3472 2160 3532 pacto
2188 3460 2288 3516 soli
2314 3502 2328 3526 ,
2356 3459 2495 3514 lunae
2513 3500 2528 3526 ,
2557 3457 2690 3513 caelo
2710 3500 2725 3527 ,
2759 3468 2914 3512 terrm
2933 3499 2948 3524 ,
2981 3457 3136 3521 mari,
3170 3473 3341 3526 neque
3363 3474 3472 3527 quo

1880 3563 2033 3624 pacto
2055 3553 2288 3606 humano
2307 3551 2485 3622 generi
2507 3551 2775 3616 universo,
2805 3564 2978 3618 neque
2998 3563 3104 3619 quo
3123 3559 3275 3618 pacto
3298 3549 3470 3603 brutis

1878 3643 2264 3708 animantibus,
2296 3654 2350 3696 et
2379 3640 2572 3710 plantis
2592 3681 2606 3706 ,
2640 3649 2693 3694 et
2722 3639 3018 3695 seminibus
3037 3678 3051 3702 ,
3088 3647 3142 3692 et
3168 3637 3348 3692 herbis
3370 3679 3384 3703 ,
3413 3649 3468 3692 et

1877 3736 2014 3800 acri,
2048 3743 2101 3789 et
2129 3732 2334 3797 ventis,
2366 3740 2419 3786 et
2443 3729 2698 3797 fontibus,
2721 3737 2774 3784 et
2801 3728 3136 3792 ﬂuminibus,
3167 3743 3336 3797 neque
3360 3743 3470 3796 quo

1880 3836 2031 3897 pacto
2061 3825 2285 3880 naturali
2316 3837 2492 3878 rerum
2519 3821 2656 3876 ortui
2685 3828 2740 3875 et
2764 3820 3048 3874 aecretioni
3070 3861 3084 3884 ,
3113 3830 3164 3874 et
3204 3828 3470 3881 sustenta-

1879 3917 2030 3983 tioni,
2052 3931 2114 3970 ac
2136 3914 2351 3984 reliquis
2372 3911 2632 3982 ejusmodi
2659 3911 2782 3965 :sed
2806 3926 2962 3964 uuam
2984 3910 3099 3979 ejus
3119 3911 3470 3980 providentia:

1878 4017 2080 4078 partem
2109 4020 2387 4061 assumens
2406 4044 2422 4070 ,
2468 4002 2715 4056 nimirum
2745 4017 2870 4071 erga
2908 4000 3125 4057 Judzeos
3153 4013 3206 4056 et
3239 4002 3470 4071 gentiles

1878 4104 1894 4171 (
1920 4098 2179 4169 siquidem
2207 4105 2368 4151 totam
2395 4095 2462 4150 de
2488 4094 2590 4148 illis
2616 4095 2914 4149 orationem
2947 4104 3317 4163 pertexuerat,
3345 4108 3470 4147 cum

1879 4191 2097 4246 doceret
2122 4231 2138 4254 ,
2178 4203 2283 4258 quo
2327 4195 2480 4257 pacto
2523 4185 2658 4240 alios
2697 4193 2913 4239 vocarat
2954 4199 3017 4238 ex
3049 4183 3292 4253 gentibus
3317 4226 3331 4249 ,
3365 4199 3476 4254 quo

1881 4291 2032 4353 pacto
2058 4297 2123 4334 ex
2148 4281 2345 4336 Judmis
2373 4279 2640 4350 profectos
2661 4277 2939 4348 rejecerat,
2971 4287 3022 4333 et
3044 4293 3149 4347 quo
3181 4290 3334 4347 pacto
3366 4280 3472 4331 mi.

1882 4372 2171 4428 sericordia
2221 4381 2398 4425 motus
2443 4380 2794 4440 utrorumque
2835 4368 2991 4422 saluti
3038 4367 3477 4437 consuluerat),

1878 4464 2002 4520 audi
2031 4480 2149 4534 qua:
2187 4463 2352 4518 dicat.
2393 4460 2838 4516 Animadvertens
2878 4459 3018 4513 enim
3058 4473 3217 4528 quam
3247 4459 3476 4512 immen-

1879 4571 1996 4610 sum
2040 4569 2099 4608 se
2126 4554 2344 4623 pelagus
2387 4551 2618 4620 aperiret
2665 4551 2824 4604 etiam
2852 4549 2904 4602 in
2935 4549 3035 4602 hac
3065 4549 3177 4616 ipsa
3205 4557 3384 4616 parte,
3417 4554 3477 4602 et

1881 4647 1934 4700 in
1966 4644 2284 4715 profundum
2328 4643 2501 4713 ipsum
2533 4642 2649 4711 ejus
2689 4638 3032 4709 providentiae
3068 4638 3256 4692 volens
3291 4638 3478 4708 despi-

1881 4751 2024 4801 cere,
2054 4743 2317 4804 tamquam
2344 4732 2602 4802 vertigine
2620 4737 2895 4798 correptus
2914 4739 2967 4784 et
2989 4727 3236 4782 inell‘abili
3257 4727 3484 4796 dispen-

1881 4830 2104 4886 sationis
2141 4829 2299 4898 hujus
2335 4829 2590 4902 mysterio
2617 4834 2914 4882 commotus
2938 4867 2954 4893 ,
2999 4824 3269 4880 admirans
3293 4833 3348 4880 et
3373 4825 3473 4879 ob-

1882 4932 2191 4991 stupescens
2221 4923 2560 4986 immensam,
2592 4917 2914 4972 ineﬁ‘abilcm
2941 4926 2995 4972 et
3020 4916 3476 4985 incomprehensi-

1882 5013 2042 5067 bilem
2071 5010 2166 5067 Dei
2194 5011 2506 5082 sapientiam
2547 5025 2610 5064 ac
2645 5007 3031 5080 providentiam
3054 5047 3068 5073 ,
3110 5007 3334 5070 resiliit.
3377 5006 3475 5061 has

1883 5119 2043 5160 voces
2072 5102 2322 5156 emittens
2343 5139 2358 5166 ,
2391 5108 2446 5154 et
2485 5100 2647 5152 multa
2687 5111 2806 5150 cum
2837 5097 3018 5150 animi”
3043 5098 3477 5151 consternatione

1883 5198 1935 5252 in
1964 5195 2078 5251 hate
2102 5194 2263 5248 verba
2289 5192 2528 5262 prorupit
2551 5208 2564 5243 :
2593 5190 2636 5244 0
2661 5187 2877 5242 altitudo
2898 5189 3184 5242 divitiarum
3203 5197 3250 5241 et
3267 5190 3475 5258 sapien-

1885 5291 1968 5342 tia:
2005 5297 2050 5341 et
2083 5285 2304 5340 scicntia:
2332 5283 2429 5336 Dei
2455 5282 2643 5354 (Rom.
2668 5281 2757 5336 il.
2798 5279 2944 5349 5'5)!
2978 5279 3180 5334 Deinde
3205 5289 3262 5333 ut
3287 5289 3472 5333 osten-

1885 5380 2039 5434 deret
2082 5375 2412 5432 altitudinem
2452 5388 2511 5427 se
2539 5371 2750 5441 quidem
2793 5369 3013 5435 videre,
3057 5369 3150 5423 sed
3189 5379 3385 5438 quanta
3408 5370 3477 5422 sit

1888 5472 2093 5526 discere
2109 5467 2327 5523 minime
2346 5477 2524 5533 posse,
2543 5461 2795 5532 subjecit:
2815 5461 2978 5526 Quam
2997 5457 3341 5513 inscrutubilia
3361 5466 3476 5510 sunt

1880 5562 2078 5632 judicia
2097 5561 2224 5630 ejus,
2248 5566 2294 5610 et
2317 5554 2684 5625 investigabiles
2714 5553 2806 5606 via:
2825 5552 2976 5623 ejus!
2994 5550 3107 5606 Non
3128 5549 3260 5604 dixit
3283 5549 3476 5602 incern-

1833 5674 1841 5680 '
1891 5652 2269 5725 prehensibilia
2298 5649 2473 5704 solum
2496 5689 2511 5713 ,
2543 5645 2635 5702 sed
2665 5655 2718 5700 et
2743 5641 3101 5699 Inscrutabilia
3121 5640 3320 5709 judicia
3339 5641 3472 5710 eius.

1896 5747 2011 5804 Non
2039 5744 2179 5802 enim
2202 5744 2374 5800 solum
2397 5737 2851 5800 comprehendere
2872 5751 2977 5791 non
3002 5742 3174 5798 potest
3195 5731 3354 5792 ullus.
3384 5731 3479 5788 sed
