4002 6396
551 434 659 492 485

554 561 729 618 neque
768 535 1205 615 perscrutationis
1245 530 1559 602 principium
1601 527 1843 583 invenire
1874 543 1889 580 :
1922 525 1992 580 ita
2023 537 2129 578 non

552 613 714 692 modo
731 613 801 689 ad
818 632 980 687 ﬁnem
1004 625 1279 698 pervenire
1303 637 1408 676 non
1423 620 1584 687 valet,
1608 617 1702 673 sed
1723 629 1897 686 neque
1926 613 2134 668 initium

550 726 1006 799 dispensationum
1029 719 1147 790 ejus
1172 714 1511 784 investigare.
1529 711 1660 767 Cum
1687 716 1864 763 autem
1889 705 2132 771 dixisset,

554 796 718 885 ριιὶιηι
729 810 1073 870 inscrutabilia
1081 807 1281 879 judicia
1298 806 1427 875 ejus,
1449 812 1497 857 et
1514 797 1879 870 investigabiles
1894 796 1985 851 uia:
1996 797 2132 869 ejus,

550 919 607 965 et
625 907 918 963 admiratus
937 914 1104 969 esset,
1135 909 1188 955 et
1205 895 1587 965 obstupuisset,
1610 886 1996 962 glorificatione
2018 900 2138 942 sero

550 1014 766 1057 monem
812 993 1146 1058 terminavit,
1185 990 1302 1044 bzec
1341 986 1595 1057 adjiciens
1616 1023 1631 1048 ,
1661 996 1723 1036 ac
1754 980 1938 1035 dicens
1966 996 1981 1032 :
2011 978 2139 1046 Quis

550 1092 781 1165 cognouit
808 1102 1009 1143 sensum
1029 1082 1260 1150 Domini,
1281 1087 1370 1133 aut
1390 1077 1502 1149 quis
1521 1072 1840 1129 consiliarius
1867 1070 1979 1141 ejus
2002 1069 2140 1140 fuit?

548 1163 638 1241 aut
664 1184 775 1257 quis
799 1182 940 1254 prior
966 1177 1106 1233 dedit
1131 1175 1242 1243 illi,
1280 1181 1327 1228 et
1349 1171 1650 1227 retribuetur
1684 1167 1773 1223 ei?
1801 1163 2054 1230 Quoniam
2077 1177 2141 1216 ea:

551 1281 664 1348 ipso
676 1254 702 1344 1,
732 1287 778 1330 et
802 1290 890 1346 per
908 1273 1097 1343 ipsum,
1126 1279 1172 1323 et
1193 1268 1246 1333 in
1261 1266 1372 1337 ipso
1396 1275 1510 1319 sunt
1531 1262 1702 1317 omnia
1732 1274 1752 1315 :
1779 1257 1878 1329 ipsi
1905 1255 2069 1328 gloria
2086 1254 2142 1309 in

553 1365 764 1424 scutula.
794 1366 956 1420 Amen
981 1360 1172 1435 (Rom.
1200 1359 1287 1413 11.
1316 1354 1482 1411 54-56
1502 1353 1543 1423 ).
1572 1352 1770 1406 Horum
1815 1356 1992 1402 autem
2017 1359 2140 1399 ver-

553 1463 745 1515 borum
771 1456 858 1510 bic
883 1433 1072 1510 sensus
1095 1459 1176 1506 est
1208 1467 1222 1504 :
1251 1449 1367 1518 ipse
1391 1445 1513 1500 fons
1540 1450 1625 1497 est
1643 1482 1657 1506 ,
1689 1440 1803 1510 ipse
1828 1445 2015 1493 auctor
2042 1433 2141 1489 bo-

555 1564 770 1614 norum,
799 1545 948 1601 nullo
973 1542 1174 1612 indiget
1199 1536 1480 1610 participe,
1510 1531 1655 1588 nullo
1678 1526 2002 1593 consiliario;
2033 1539 2144 1581 non

555 1641 626 1695 ab
672 1640 844 1694 altero
898 1633 1192 1690 faeneratur
1231 1626 1589 1698 cognitionem
1621 1631 1714 1677 aut
1742 1617 2142 1689 intelligentiam

556 1730 674 1801 ipse
697 1727 891 1799 opifex,
921 1724 1037 1795 ipse
1065 1720 1242 1778 omnia
1270 1733 1392 1774 cum
1417 1731 1524 1771 non
1552 1719 1749 1776 essent,
1783 1708 2060 1781 produxit,
2090 1716 2146 1763 et

556 1797 671 1890 ipse
700 1797 958 1888 producta
985 1818 1271 1868 conservat
1298 1818 1354 1865 et
1383 1814 1562 1863 tuetur
1597 1814 1655 1858 ut
1685 1801 1787 1873 ipsi
1814 1801 2008 1872 placet.
2050 1797 2144 1852 Illa

554 1912 697 1967 enim
726 1909 887 1965 verba
912 1948 930 1973 ,
974 1905 1060 1960 Ea:
1102 1905 1214 1975 ipso
1258 1910 1305 1956 et
1337 1915 1430 1971 per
1457 1899 1625 1969 ipsum
1647 1903 1693 1949 et
1715 1895 1769 1947 in
1796 1893 1907 1964 ipso
1934 1890 2104 1946 omnia
2127 1928 2143 1955 ,

555 2004 689 2060 nihil
715 2001 860 2057 aliud
888 1998 1153 2061 indicant,
1201 1993 1303 2048 nisi
1329 2000 1605 2046 auctorem
1636 2001 1818 2041 rerum
1846 1991 2146 2039 creatarum

556 2096 705 2152 illum
733 2108 885 2157 esse,
916 2100 1075 2162 atque
1100 2088 1168 2142 ab
1208 2086 1300 2141 illo
1336 2081 1558 2139 retineri
1585 2085 1780 2134 cuncta
1800 2118 1816 2143 ,
1846 2085 1902 2132 et
1928 2088 2148 2130 conser-

555 2189 691 2246 vari.
715 2186 917 2244 Deinde
942 2198 1149 2240 memor
1177 2176 1413 2235 muneris
1448 2188 1557 2245 quo
1585 2186 1685 2229 nos
1720 2169 1977 2233 donavit,
2017 2165 2146 2221 alibi

557 2281 634 2336 ait
658 2298 672 2334 :
702 2277 904 2335 Gratias
924 2273 1033 2329 Deo
1061 2286 1212 2341 super
1236 2263 1565 2323 inenarrabili
1589 2262 1725 2315 dono
1764 2259 1874 2333 eius
1901 2255 1995 2327 (2.
2025 2255 2146 2311 Cor.

565 2376 622 2427 9.
654 2367 780 2440 15).
817 2365 937 2421 Jam
964 2377 1153 2434 pacem
1182 2371 1393 2429 quoque
1416 2396 1431 2419 ,
1465 2367 1624 2424 quam
1654 2349 1807 2405 nobis
1833 2347 2010 2414 dedit,
2042 2360 2149 2401 non

561 2459 723 2517 modo
739 2436 857 2513 non
881 2468 1039 2526 posse
1064 2465 1162 2507 nos
1186 2448 1430 2506 oratione
1455 2440 1755 2513 complecti,
1787 2452 1959 2509 neque
1982 2436 2153 2506 expli-

561 2566 706 2619 care,
734 2548 830 2604 sed
855 2557 911 2603 et
939 2558 1155 2601 omnem
1180 2547 1415 2596 mentem
1440 2533 1700 2590 excedere
1728 2529 2000 2594 declarat,
2028 2542 2150 2583 cum

562 2645 638 2701 ait
660 2661 675 2698 :
696 2641 815 2697 Pax
839 2638 968 2705 Dei,
1000 2651 1114 2706 qua:
1138 2637 1407 2702 exsuperat
1431 2641 1629 2682 omnem
1647 2639 1883 2687 sensum,
1909 2623 2154 2676 custodia

503 2788 511 2797 .
563 2734 719 2790 corda
754 2740 917 2786 uestra
946 2705 1215 2799 (Philipp.
1245 2722 1298 2777 4.
1324 2719 1427 2790 7).
1469 2716 1525 2772 Si
1565 2714 1724 2786 igitur
1759 2709 1981 2767 altitudo
2021 2705 2155 2764 divi-

565 2827 754 2883 tiarum
775 2832 831 2878 et
855 2798 1128 2889 sapientia:
1156 2823 1212 2870 et
1235 2811 1471 2867 scientia:
1491 2808 1657 2880 ipsius
1677 2806 1937 2861 immensa
1962 2809 2079 2865 est,
2109 2798 2156 2856 si

564 2913 923 2975 inscrutabilia
939 2909 1136 2982 judicia
1164 2906 1280 2977 ejus
1302 2945 1316 2972 ,
1350 2911 1407 2959 et
1427 2902 1530 2959 viae
1550 2900 1716 2970 ipsius
1737 2892 2151 2964 investigabiles,

563 3013 608 3067 si
627 3008 824 3066 donum
846 3004 961 3076 ejus
980 3012 1063 3059 est
1080 2996 1453 3061 inenarrabile,
1471 3004 1523 3051 et
1538 3008 1640 3064 pax
1656 2990 1772 3062 ejus
1788 3002 2002 3044 omnem
2027 2998 2156 3040 sen-

564 3119 682 3161 sum
707 3103 1014 3169 exsuperat,
1044 3109 1149 3147 non
1174 3105 1352 3146 meum
1383 3096 1617 3150 tantum,
1646 3093 1701 3139 et
1725 3091 1873 3139 tuum
1893 3122 1911 3149 ,
1941 3079 2027 3134 vel
2054 3078 2158 3133 ali-

563 3190 716 3264 cujus
744 3188 987 3252 alterius,
1014 3196 1187 3254 neque
1215 3178 1398 3243 Pauli,
1428 3175 1515 3231 vel
1542 3173 1687 3230 Petri
1712 3180 1915 3228 tantum
1934 3212 1950 3239 ,
1980 3170 2075 3226 sed
2104 3176 2159 3225 et

566 3263 739 3358 ipsum
755 3277 1197 3349 archangelorum
1217 3282 1271 3328 et
1285 3281 1632 3341 supernarum
1649 3277 1862 3320 sensum
1880 3263 2156 3332 virtutum,

566 3355 672 3449 qua
702 3384 757 3430 tu
808 3369 1154 3429 excusatione
1200 3365 1393 3436 dignus
1415 3402 1432 3428 ,
1474 3375 1578 3431 qua
1608 3357 1763 3414 venia
1787 3355 2111 3426 judicaberis
2138 3397 2158 3425 ,

566 3447 769 3541 quasso,
795 3464 886 3536 qui
911 3471 1056 3518 tanta
1081 3457 1348 3516 dementia
1370 3467 1611 3527 princeps
1638 3449 1829 3506 feraris
1855 3457 1910 3504 et
1930 3447 2157 3515 insania,

569 3539 630 3618 ut
647 3576 767 3632 qua:
784 3552 1168 3625 investigabilia
1189 3558 1335 3616 sunt,
1351 3545 1560 3602 curiose
1578 3541 1793 3598 studeas
1811 3539 2162 3610 comprehcn-

568 3627 698 3709 dere
717 3692 733 3716 ,
761 3650 935 3720 deque
960 3644 1108 3701 omni
1151 3640 1247 3697 Dei
1277 3635 1617 3710 providentia
1648 3634 1909 3688 rationem
1938 3627 2162 3698 exigas?

569 3747 700 3801 Nam
726 3744 770 3799 si
798 3743 845 3797 is
868 3739 960 3811 qui
987 3744 1137 3793 tanta
1163 3731 1383 3790 scientia
1408 3728 1639 3784 donatus
1662 3733 1747 3780 est
1765 3764 1780 3789 ,
1806 3723 2004 3794 quique
2046 3729 2159 3773 tam

569 3839 831 3909 immensa
868 3829 1007 3902 apud
1036 3829 1201 3883 Deum
1231 3822 1420 3878 ﬁducia
1449 3817 1680 3881 valebat,
1707 3823 1763 3870 et
1783 3813 1950 3884 gratia
1976 3819 2160 3880 totque

570 3901 936 3996 spiritualibus
961 3919 1118 3975 donis
1146 3916 1347 3971 ditatus
1374 3910 1581 3974 fuerat,
1608 3905 1786 3973 cedit,
1815 3912 1872 3958 et
1898 3917 1958 3958 se
1984 3901 2163 3956 scien-

571 3992 699 4074 tiam
728 4017 995 4087 inquirere
1038 4023 1197 4081 posse
1229 4003 1459 4072 difﬁdit,
1501 4008 1557 4057 et
1585 4014 1690 4056 non
1725 3994 1887 4053 modo
1927 3992 2166 4065 reperire

574 4126 681 4166 non
697 4083 893 4174 valere,
906 4104 1000 4160 sed
1012 4118 1079 4158 ne
1094 4117 1123 4155 a
1143 4095 1401 4169 principio
1411 4091 1630 4165 quidem
1648 4087 1896 4153 scrutari,
1917 4083 2156 4154 quando-

572 4201 790 4274 quidem
817 4206 872 4254 et
894 4196 997 4252 hoc
1020 4202 1104 4249 est
1132 4187 1485 4260 impossibile,
1515 4196 1695 4240 nonne
1716 4180 1955 4236 omnium
1984 4176 2164 4233 infeli-

574 4294 821 4352 cissimus
846 4305 928 4358 es,
955 4298 1011 4344 et
1036 4283 1359 4357 gravissimo
1386 4281 1564 4334 furore
1587 4281 1885 4343 correptus,
1915 4270 2005 4342 qui
2032 4285 2165 4326 con-

577 4387 793 4443 trariam
840 4382 917 4437 illi
963 4379 1102 4435 viam
1149 4371 1415 4429 insistas?
1457 4367 1643 4437 Neque
1688 4364 1833 4421 enim
1875 4362 2005 4417 dicit
2049 4360 2167 4416 hac

578 4674 757 4718 tamen
786 4657 976 4728 exigua
1016 4650 1175 4709 valde
1214 4662 1280 4704 ac
1302 4645 1526 4702 minima
1549 4649 1634 4698 est
1683 4637 1919 4696 scientias
1968 4643 2169 4691 nostrze

581 4727 937 4815 mensura,sic
950 4746 1025 4803 ait
1042 4743 1125 4799 :Si
1138 4741 1251 4811 quis
1261 4754 1316 4794 se
1325 4737 1578 4793 existimat
1589 4733 1717 4788 scire
1726 4727 2170 4801 aliquid,nondum

581 4843 809 4912 cognouit
830 4814 1253 4906 quemadmodum
1280 4833 1476 4899 oportet
1494 4839 1608 4879 eum
1630 4822 1759 4912 scire
1786 4820 1863 4892 (1.
1882 4819 2000 4873 Cor.
2016 4816 2069 4872 8.
2083 4814 2166 4885 2).

581 4911 719 4987 Tum
743 4927 1045 4998 signiﬁcans
1064 4923 1288 4978 multum
1308 4918 1463 4976 nobis
1489 4911 1727 4971 scientiae
1749 4911 1960 4974 deesse,
1983 4922 2171 4963 cumu-

584 5021 826 5077 latiorem
852 5031 980 5071 vero
1006 5023 1062 5070 et
1083 5013 1399 5084 ampliorem
1439 5018 1645 5078 partem
1687 5004 1742 5058 in
1771 5001 1949 5057 futuro
1974 4998 2171 5055 saeculo

586 5109 876 5175 reservari,
903 5116 1153 5162 cancrum
1179 5101 1523 5175 perexiguum
1549 5096 1677 5168 quid
1704 5093 1858 5150 nobis
1890 5105 2011 5147 esse
2036 5103 2168 5145 con-

584 5215 798 5259 cessum
820 5239 839 5266 ,
868 5197 1066 5267 adjecit
1096 5212 1113 5248 :
1146 5193 1229 5249 Ea:
1276 5188 1420 5263 parte
1442 5187 1787 5259 cognoscimus
1810 5224 1826 5249 ,
1866 5191 1913 5236 et
1938 5197 2001 5235 ea:
2028 5188 2183 5253 parte

587 5291 964 5364 prapltetamus.
993 5284 1122 5342 Cum
1157 5291 1328 5338 autem
1365 5279 1550 5335 uenerit
1577 5276 1713 5350 quod
1738 5274 2013 5346 perfectum
2058 5279 2131 5325 est
2152 5308 2169 5334 ,

585 5362 705 5439 luna
732 5378 1054 5436 evacuabitur
1079 5375 1213 5446 quod
1241 5389 1302 5428 ea:
1328 5380 1469 5443 parte
1489 5380 1560 5425 est
1583 5369 1678 5441 (1.
1704 5366 1825 5423 Cor.
1851 5366 1939 5421 l5.
1962 5363 2014 5420 9.
2049 5362 2170 5433 10).

586 5477 768 5547 Neque
784 5474 870 5528 hic
902 5468 1165 5535 subsistit,
1195 5465 1290 5522 sed
1305 5479 1427 5519 cum
1445 5463 1604 5518 vellet
1619 5460 1901 5518 ostendere
1916 5466 2173 5528 quantum

587 5570 727 5624 inter
745 5566 884 5621 hanc
902 5561 1180 5619 scientiam
1201 5565 1258 5615 et
1278 5556 1424 5612 illam
1450 5553 1679 5619 intersit,
1706 5551 2037 5619 multumque
2056 5560 2176 5602 esse

588 5656 886 5720 defectum,
918 5652 1023 5706 boc
1048 5648 1278 5704 diversis
1319 5641 1809 5714 comparationibus
1835 5636 2176 5695 manifestum

590 5744 806 5801 reddit:
839 5743 966 5798 Cum
994 5755 1151 5794 essent
1196 5736 1441 5810 paruulus
1465 5775 1481 5799 ,
1514 5733 1750 5805 loquebar
1790 5739 1846 5785 ut
1887 5726 2128 5801 paruulus
2158 5742 2179 5783 :

571 5829 845 5903 sapiebam
873 5841 925 5888 ut
955 5830 1230 5903 parvulus,
1262 5824 1543 5897 cogitabam
1584 5830 1637 5878 ut
1666 5818 1949 5896 paruulus;
1976 5817 2180 5892 quando

1203 419 1261 476 S.
1302 413 1581 475 JOANNIS
1615 406 2096 471 CHRYSOSTOMI
2137 404 2450 463 ARCIIIEP.
2491 405 3025 466 CONSTANTINOP.

3723 399 3818 456 881

2238 530 2409 574 autem
2455 525 2622 591 factus
2665 539 2779 578 sum
2814 524 2927 590 uir,
2975 523 3213 582 euacueui
3256 545 3384 599 qua:
3407 541 3567 589 "aut
3602 534 3820 605 paruuli.

2254 610 2486 666 Videmus
2513 614 2649 667 enim
2675 631 2810 669 nunc
2836 632 2926 687 per
2966 619 3225 687 speculum
3265 618 3329 672 in
3369 618 3644 689 mitigante
3663 662 3685 689 ,
3710 633 3816 677 tante

2240 714 2408 758 autem
2426 706 2556 776 facie
2572 706 2641 760 ad
2662 707 2846 777 {aciem
2872 706 2946 779 (l.
2967 706 3087 764 Cor.
3112 710 3198 765 15.
3224 710 3314 764 11.
3342 708 3638 781 12).Vides
3663 727 3816 783 quatt-

2242 808 2353 854 tum
2381 800 2635 856 intersit?
2657 802 2920 869 Quantum
2941 803 3081 858 inter
3102 803 3386 873 parvulum
3409 818 3657 873 puerum,
3677 819 3732 861 et
3749 823 3816 862 η-

2244 907 2363 951 rum
2398 892 2716 961 perfectum;
2738 906 2996 964 quantum
3023 895 3162 951 inter
3178 896 3487 965 speculum,
3508 904 3567 951 et
3588 897 3816 970 aenigma,

2242 982 2328 1036 vel
2352 981 2511 1036 aliam
2537 982 2820 1039 obscuram
2846 1000 3028 1040 rerum
3057 987 3344 1056 visionem,
3371 996 3431 1043 et
3454 990 3656 1046 claram
3683 993 3819 1049 visio-

2244 1086 2366 1126 nem
2400 1089 2413 1126 :
2443 1072 2545 1128 hoc
2572 1073 2714 1128 enim
2740 1083 2842 1140 est,
2873 1073 3033 1129 Facie
3061 1076 3131 1129 ad
3148 1076 3354 1145 faciem.
3385 1078 3499 1132 Cur
3527 1080 3683 1150 igitur
3704 1081 3819 1138 furis
3906 1087 3911 1101 '

2245 1171 2299 1266 et
2321 1162 2538 1266 insanis,
2560 1163 2687 1220 dum
2708 1179 2771 1220 ea
2787 1179 2905 1236 quae
2929 1166 3191 1235 prohibita
3212 1174 3343 1223 sunt
3365 1167 3626 1225 audacter
3642 1168 3817 1227 frustra
3906 1161 3913 1173 ’

2245 1264 2300 1309 et
2339 1258 2607 1310 incassum
2654 1258 3001 1328 aggrederis?
3025 1273 3121 1313 cur
3160 1273 3286 1314 vero
3336 1260 3512 1314 Paulo
3540 1276 3642 1316 non
3682 1278 3821 1333 pares
3905 1261 3908 1269 ’

2245 1344 2442 1401 dicenti
2471 1363 2487 1400 ε
2516 1344 2633 1400 Imo
2658 1363 2773 1400 vero
2816 1357 2869 1401 tu
2898 1349 2985 1417 qui
3025 1365 3078 1403 es
3097 1387 3113 1413 ,
3137 1364 3169 1403 ο
3197 1350 3352 1404 homo
3374 1390 3392 1417 ,
3420 1352 3510 1420 qui
3538 1354 3819 1421 respondeas

2249 1434 2392 1490 Deo?
2435 1435 2710 1506 Numquid.
2731 1438 2860 1492 dicet
2889 1439 3187 1510 ﬁgmentum
3238 1440 3285 1495 ei
3308 1480 3328 1509 ,
3372 1442 3466 1511 qui
3500 1458 3556 1496 se
3598 1444 3817 1513 ﬁnxerit,

2249 1526 2386 1594 Quid
2411 1544 2490 1583 me
2525 1528 2688 1599 fecisti
2714 1529 2787 1583 sic
2818 1527 2993 1598 (Rom.
3022 1529 3077 1585 9.
3105 1530 3197 1602 20)
3217 1531 3243 1585 τ

2316 1617 2554 1674 Liberum
2582 1620 2867 1674 arbitrium.
2886 1650 2961 1661 —
2988 1620 3150 1676 Vides
3186 1632 3451 1693 quantam
3480 1624 3815 1680 obedientiam

2246 1710 2507 1780 requirat?
2531 1718 2788 1780 quantum
2817 1710 3112 1766 silentium?
3138 1711 3253 1767 Non
3276 1714 3429 1769 enim
3453 1714 3596 1784 quod
3618 1715 3814 1770 liberum

2248 1800 2397 1855 tollat
2428 1800 2703 1856 arbitrium
2727 1841 2742 1867 ,
2775 1801 2877 1856 lioe
2913 1801 3075 1864 dicit;
3102 1802 3282 1858 absit:
3315 1804 3418 1859 sed
3464 1804 3569 1859 hoc
3610 1806 3812 1872 indicat,

2248 1906 2371 1947 cum
2401 1892 2490 1962 qui
2514 1892 2614 1948 ista
2642 1893 2865 1962 quaerit,
2891 1893 2961 1948 ita
2996 1903 3205 1949 mutum
3230 1908 3360 1951 esse
3400 1894 3606 1951 debere
3629 1937 3645 1964 ,
3675 1905 3724 1950 ut
3746 1906 3814 1951 est

2250 1984 2362 2054 ipsa
2390 1983 2487 2038 luti
2515 1992 2702 2039 natura
2721 2023 2739 2051 ,
2760 1999 2881 2055 quae
2920 1984 3177 2040 artiﬁcem
3216 1987 3487 2056 sequitur,
3512 2001 3815 2056 quocumque

2249 2074 2429 2140 ducat,
2461 2089 2634 2144 neque
2680 2076 2965 2140 resistere,
2988 2084 3083 2130 aut
3118 2076 3335 2132 curiose
3373 2076 3662 2146 inquirere.
3689 2075 3813 2143 Quo-

2251 2164 2393 2219 circa
2421 2173 2621 2219 nostrm
2669 2174 2874 2220 natura
2911 2179 3012 2221 nos
3052 2166 3307 2222 admonet
3331 2208 3349 2233 ,
3395 2176 3453 2222 et
3480 2166 3578 2221 luti
3612 2177 3665 2221 et
3694 2167 3813 2236 ﬁguli

2253 2257 2579 2312 mentionem
2601 2255 2746 2312 facit.
2778 2256 3011 2313 Tametsi
3041 2258 3185 2329 ﬁguli
3206 2268 3259 2314 et
3285 2261 3384 2313 luti
3413 2269 3497 2315 est
3525 2259 3701 2315 eadem
3717 2260 3813 2315 sul-

2254 2349 2476 2404 stantia.
2500 2348 2655 2417 Quod
2680 2350 2727 2404 si
2769 2350 2860 2405 ubi
2907 2350 3201 2406 substantia
3230 2362 3317 2407 est
3337 2352 3532 2408 eadem
3551 2393 3567 2417 ,
3596 2361 3724 2407 tanta
3747 2362 3813 2406 cst

2253 2438 2554 2495 obedientia
2586 2458 2600 2494 :
2632 2440 2722 2495 ubi
2749 2439 3038 2496 discrimen
3063 2449 3147 2496 est
3167 2442 3497 2498 immensum
3523 2451 3578 2498 et
3599 2443 3811 2498 substan-

2257 2531 2343 2585 tias
2366 2538 2422 2586 et
2449 2531 2688 2587 scientia:
2718 2547 2782 2588 ac
2801 2533 3130 2603 reliquorum
3152 2535 3420 2602 omnium,
3451 2550 3606 2606 quam
3630 2536 3809 2590 veniam

2256 2623 2539 2690 obtinebit,
2561 2624 2654 2695 qui
2673 2625 2808 2681 adeo
2833 2627 3150 2682 temerarius
3172 2635 3256 2681 est
3270 2637 3329 2681 et
3354 2627 3652 2697 impudens,
3671 2634 3721 2681 nt
3742 2640 3809 2680 res

2259 2713 2355 2770 Dei
2383 2715 2641 2770 creatoris
2660 2716 2742 2771 sui
2775 2716 2987 2771 curiose
3013 2725 3280 2772 scrutetur
3297 2718 3323 2772 ?
3347 2718 3554 2789 Cogita,
3582 2734 3615 2773 o
3642 2718 3804 2779 homo.

2255 2807 2374 2879 quis
2401 2808 2477 2863 sis
2509 2825 2523 2861 :
2557 2806 2660 2862 lioe
2692 2808 2834 2862 enim
2860 2807 3161 2878 signiﬁcant
3203 2824 3265 2864 ea
3291 2824 3420 2880 qua:
3448 2809 3603 2874 dicit,
3626 2807 3697 2862 Tu
3720 2807 3811 2878 quis

2258 2898 2351 2952 es?
2370 2896 2558 2953 Nonne
2587 2897 2756 2953 lutum
2779 2898 2803 2951 ?
2833 2912 3010 2953 nonne
3054 2898 3189 2955 cinis
3214 2908 3269 2953 et
3295 2900 3515 2969 pulvis?
3539 2913 3703 2953 nonne
3742 2896 3806 2950 fa-

2259 2987 2420 3043 villa?
2440 3002 2617 3043 nonne
2642 2987 2860 3044 fumus?
2883 3003 3063 3044 nonne
3087 2989 3286 3045 frenum
3302 2991 3331 3045 ’ἒ
3359 3006 3537 3045 ncnne
3564 2991 3657 3045 flos
3673 2988 3809 3044 fleui?

2260 3077 2369 3133 llas
2397 3079 2538 3135 enim
2566 3093 2756 3134 omnes
2783 3079 3161 3136 similitudines
3186 3079 3501 3151 frequenter
3536 3083 3585 3136 in
3610 3079 3806 3135 medium

2260 3168 2530 3225 adducunt
2574 3169 2850 3240 propheta:
2874 3210 2889 3235 ,
2921 3169 3049 3225 dum
3088 3178 3317 3226 naturae
3363 3180 3560 3227 nostra:
3607 3171 3808 3224 nituntur

2261 3259 2562 3331 exprimere
2584 3260 2862 3315 vilitatem.
2885 3262 3042 3331 Atqui
3073 3262 3118 3316 is
3140 3277 3300 3332 quem
3324 3262 3540 3318 curiose
3563 3258 3802 3324 scrutaris,

2262 3351 2580 3407 immortalis
2628 3359 2751 3417 est,
2775 3352 3120 3406 immutabilis
3141 3392 3159 3418 ,
3195 3367 3414 3423 semper
3433 3360 3551 3419 est,
3578 3361 3630 3407 et
3651 3349 3807 3406 eodem

2262 3442 2424 3498 modo
2451 3452 2552 3509 est,
2584 3442 2701 3498 sine
2724 3442 3005 3512 principio,
3032 3442 3150 3498 sine
3180 3440 3305 3508 ﬁne,
3338 3444 3520 3497 animo
3545 3442 3804 3506 incompre-

2262 3533 2558 3600 hensibilis,
2583 3541 2817 3589 mentem
2846 3541 3136 3603 exsuperat
3161 3574 3179 3600 ,
3204 3534 3582 3603 cogitationem
3600 3528 3803 3590 excedit.

2264 3625 2668 3696 inexplicabilis,
2688 3624 2994 3691 ineffabilis,
3018 3624 3572 3695 incomprehensibilis
3588 3635 3682 3677 non
3701 3616 3802 3672 mihi

2265 3719 2468 3789 tibique
2494 3719 2691 3784 solum,
2722 3732 2829 3772 non
2848 3716 3123 3788 prophetis
3143 3726 3198 3773 et
3216 3717 3479 3786 apostOlis
3497 3756 3513 3782 ,
3537 3713 3625 3768 sed
3648 3720 3697 3767 et
3717 3722 3802 3763 ca-

2274 3809 2498 3865 lestibus
2529 3808 2834 3876 virtutibus,
2853 3823 2973 3879 quae
3000 3822 3147 3877 pune
3168 3816 3312 3875 sunt,
3340 3806 3643 3872 invisibiles,
3665 3803 3802 3855 incor-

2267 3915 2447 3972 porea:
2464 3940 2480 3967 ,
2504 3914 2625 3969 quae
2654 3906 2911 3969 perpetuo
2938 3908 3220 3955 versantur
3242 3900 3297 3955 in
3319 3899 3492 3956 caelis.

2338 3993 2467 4048 Cap.
2496 3990 2583 4047 Ill.
2618 3989 2742 4047 Non
2782 3990 2926 4045 nobis
2953 3992 3148 4058 solum,
3177 3993 3267 4047 sed
3306 4004 3358 4048 et
3384 3988 3650 4047 eiulatibus
3670 3982 3798 4037 virts-

2268 4085 2397 4138 tibus
2421 4081 2973 4153 incomprehensibilem
2994 4097 3101 4137 esse
3117 4082 3454 4138 divinitatem.
3479 4109 3548 4121 —-
3565 4077 3682 4133 Cum
3700 4082 3802 4139 θτεο

2268 4174 2594 4245 Seraphinos
2618 4173 2814 4229 videris
2850 4173 2992 4229 circa
3018 4174 3302 4229 sublimem
3348 4174 3500 4229 illum
3548 4169 3803 4229 elatumque

2271 4268 2521 4323 thronum
2539 4266 2780 4321 volantes
2811 4265 3018 4322 alarum
3060 4265 3285 4321 obtentu
3310 4279 3441 4321 suos
3466 4260 3638 4318 oculos
3669 4254 3801 4309 obve-

2269 4360 2402 4425 lare,
2427 4356 2697 4427 pedesque
2722 4370 2869 4421 suos,
2898 4363 2955 4410 et
2979 4364 3126 4424 terga
3149 4395 3165 4421 ,
3188 4363 3244 4410 et
3260 4353 3426 4410 facies
3452 4349 3698 4408 occultare
3715 4383 3730 4407 ,
3752 4350 3803 4391 ac

2268 4448 2558 4503 clamorem
2606 4446 2823 4516 plenum
2860 4443 3232 4500 admirationis
3275 4442 3579 4503 eﬁ‘undere,
3599 4449 3660 4490 ne
3677 4435 3801 4502 putes

2269 4539 2383 4593 alas
2401 4544 2458 4592 et
2485 4535 2648 4606 pedes
2675 4536 2805 4607 ipsis
2827 4548 2949 4591 esse
2971 4574 2988 4601 ,
3019 4534 3219 4609 quippe
3242 4549 3366 4591 cum
3386 4535 3694 4599 incorporea;
3715 4517 3801 4573 sint

2272 4629 2378 4685 illa:
2403 4628 2648 4694 virtutes;
2671 4626 2769 4683 sed
2792 4641 2859 4683 ex
2893 4626 2979 4681 bis
3008 4625 3194 4696 ﬁguris
3220 4626 3545 4681 inaccessum
3570 4624 3621 4673 et
3641 4614 3798 4667 incom-

2272 4718 2686 4792 prebensibilem
2708 4732 2831 4774 esse
2871 4717 3024 4772 illum
3060 4715 3299 4786 intellige
3323 4715 3414 4786 qui
3442 4696 3497 4767 in
3524 4708 3802 4792 throan

2272 4783 2364 4867 det
2380 4809 2484 4882 (Is.
2507 4809 2563 4865 6.
2587 4808 2644 4864 2.
2669 4809 2750 4880 δ).
2780 4806 2916 4863 Nam
2950 4814 3006 4863 et
3032 4806 3137 4861 illis
3175 4783 3260 4862 esi
3300 4783 3802 4873 incomprehensibilis

2272 4911 2328 4958 et
2348 4902 2652 4956 inaccessas
2675 4937 2692 4965 ,
2722 4899 2934 4954 tametsi
2961 4897 3009 4951 si
3045 4895 3339 4951 inﬁrmitati
3373 4900 3563 4949 nostra:
3581 4888 3801 4943 ιιιεωρθ·

2274 5002 2357 5049 ret
2385 5008 2399 5045 :
2423 5004 2596 5061 neque
2615 4988 2762 5045 enim
2797 4988 2852 5044 id
2879 4986 3022 5058 quod
3046 4994 3198 5053 erat,
3229 4994 3340 5040 tum
3382 4976 3666 5052 apparebat.
3689 4967 3802 5021 Deus

2274 5084 2419 5140 enim
2465 5080 2571 5136 non
2614 5080 2803 5147 sedet,
2847 5092 3024 5148 neque
3069 5076 3266 5133 throno
3309 5074 3617 5131 continetur,
3665 5063 3803 5122 neque

2276 5175 2397 5229 loco
2424 5170 2897 5228 circumscribitur.
2929 5168 3083 5235 Quod
3102 5169 3147 5223 si
3173 5168 3469 5230 sedentem,
3495 5167 3548 5215 et
3570 5157 3616 5210 in
3643 5150 3800 5235 tltt‘otl0

2276 5267 2592 5322 collocatum
2612 5305 2630 5332 ,
2655 5274 2816 5334 atque
2838 5263 2905 5317 ab
2930 5233 3058 5330 ipsis
3086 5260 3468 5315 circumdatum
3497 5254 3629 5324 (quae
3651 5233 3797 5297 omnis

2279 5366 2405 5412 sunt
2446 5354 2514 5411 ad
2553 5328 2790 5410 nostram
2828 5328 3189 5406 inﬁrmitatem
3239 5365 3300 5406 se
3344 5331 3733 5413 intemperantis,
3756 5328 3797 5374 el

2281 5464 2387 5504 non
2418 5446 2674 5518 sedentis)
2700 5445 2895 5502 intueri
2916 5445 3133 5500 minime
3163 5449 3461 5512 potuerunt.
3490 5422 3798 5494 sedexsilien-

2284 5554 2389 5598 tem
2434 5539 2561 5596 inde
2608 5515 2875 5609 fulgorem
2918 5552 3027 5592 non
3072 5536 3337 5603 ferentes,
3382 5534 3569 5588 alarum
3616 5515 3793 5609 οὺιθηιιξ

2282 5632 2468 5687 oculos
2491 5606 2812 5687 obvelabant
2831 5667 2848 5694 ,
2874 5634 3184 5696 tantumque
3223 5620 3574 5696 gloriﬁcabant
3592 5651 3607 5679 ,
3631 5606 3793 5696 tantum

2286 5723 2512 5795 hymnos
2540 5692 2839 5787 canebant,
2865 5726 2920 5773 et
2944 5692 3114 5773 multo
3154 5692 3276 5771 cum
3308 5722 3525 5770 tremore
3564 5692 3794 5795 mysﬁfflm

2289 5778 2438 5873 illum
2462 5778 2899 5870 sanctiﬁcationis
2917 5818 3132 5868 cantum
3159 5808 3443 5866 oﬂ'erebant
3468 5819 3482 5856 ε
3503 5810 3598 5854 non
3624 5798 3673 5843 tu
3696 5778 3794 5836 hinc
