4002 6380
238 307 346 363 Ᾱ85

241 442 324 489 τις
348 424 408 481 06
430 425 682 494 δύναται,
710 430 829 485 ἀλλ’
858 431 980 486 οὐδὲ
1006 433 1179 505 ἀρχὴν
1221 437 1447 508 ἐρεύνης
1478 439 1844 509 ποιήσασθαι·

242 512 386 568 ὥστε
422 514 483 567 o6
516 517 682 587 μόνον
732 520 816 583 εἰς
851 520 914 574 τὺ
959 521 1135 593 πέρας
1178 541 1262 587 τις
1302 524 1476 578 ἐλθεῖν
1512 526 1612 580 οὐκ
1652 527 1846 597 ἰσχύει,

244 601 363 657 ἀλλ’
393 602 516 657 οὐδὲ
551 603 655 675 τὴν
694 606 871 678 ἀρχὴν
908 604 1204 679 ἐξιχνιάσαι
1242 611 1350 665 τῶν
1387 613 1708 683 οἰκονομιῶν
1748 615 1850 666 αὐ-

244 691 364 744 τοῦ.
397 690 585 745 Εἰπὼν
613 691 694 757 δὲ,
737 694 834 760 Ὧς
865 694 1306 765 ἀνεξερεύνητα
1344 699 1419 753 τὰ
1456 700 1708 769 κρίματα
1738 703 1847 756 αὑ-

244 773 375 842 τοῦ,
400 775 502 828 καί
534 775 987 845 ἀνεξιχνίαστοι
1012 780 1072 832 αὶ
1113 779 1239 834 ὁδοί
1266 781 1473 847 αὐτοῦ,
1515 782 1610 836 ml
1642 783 1851 854 θαυμά-

245 878 349 925 σας
393 862 491 915 καὶ
515 862 834 931 ἐκπλαγεὶς,
881 865 961 928 εἰς
1002 863 1310 936 δοξολογίαν
1346 868 1439 922 τὸν
1489 869 1646 938 λόγον
1690 870 1850 925 κατέ-

244 967 481 1017 παυσεν,
541 950 718 1015 οὕτως
754 952 978 1021 ἐπάγων
1005 955 1099 1008 ml
1141 953 1345 1025 λέγων·
1384 958 1482 1023 Τίς
1520 957 1676 1026 ἔγνω
1698 957 1851 1012 νοῦν

243 1037 494 1105 Κυρίου,
525 1037 567 1106 ἣ
602 1038 696 1104 τίς
725 1039 1072 1109 σύμϐουλος
1121 1042 1309 1097 αὑτοῦ
1363 1043 1635 1112 ἐγένετο;
1669 1044 1709 1115 ἢ
1757 1044 1850 1110 τίς

243 1122 592 1192 προέδωκεν
642 1123 838 1192 αὐτῷ,
875 1126 978 1181 καὶ
1035 1128 1591 1197 ἀνταποδοθήσεται
1644 1131 1850 1198 αὐτῷς

245 1213 374 1267 Ὀτι
428 1213 503 1278 ἐξ
543 1214 730 1269 αὐτοῦ
775 1215 874 1269 καί
917 1214 994 1270 δι’
1037 1216 1225 1271 αὐτοῦ
1274 1218 1373 1272 καί
1421 1222 1509 1286 εἰς
1553 1222 1741 1275 αὐτὸν
1775 1219 1849 1274 τὰ

244 1299 484 1353 πάντα·
524 1300 684 1366 αὐτῷ
708 1302 748 1370 ἢ
775 1297 926 1366 δόξά
954 1305 1043 1370 εἰς
1082 1303 1226 1371 τοὺς
1265 1304 1504 1372 αἰῶνας.
1547 1307 1745 1377 Ἆμήν.
1782 1309 1848 1360 Ὃ

241 1388 301 1442 δὲ
346 1388 502 1457 λέγει
545 1388 787 1445 τοιοῦτόν
831 1393 1012 1446 ἐστιν·
1038 1393 1211 1458 Αὐτὸς
1254 1396 1428 1467 πηγὴ,
1475 1395 1638 1459 αὐτὸς
1676 1394 1849 1460 αἴτιος

240 1477 356 1530 τῶν
382 1477 627 1546 ἀγαθῶν,
650 1479 860 1544 οὐδενὸς
886 1479 1057 1535 δεῖται
1089 1483 1369 1550 κοινωνοῦ,
1410 1483 1625 1547 οὐδενὸς
1668 1485 1844 1538 δεῖται

243 1566 591 1637 συμϐούλω·
631 1568 693 1621 οὐ
742 1570 871 1639 παρ’
912 1570 1099 1642 ἐτέρου
1143 1570 1521 1643 δανειζόμενος
1557 1573 1846 1646 γνῶσιν,ἣ

244 1652 488 1718 σύνεσιν,
521 1653 664 1708 οὕτω
696 1655 1031 1725 βουλεύεται,
1059 1657 1467 1730 θαυματουργεῖ
1502 1672 1559 1701 ει·
1590 1660 1708 1714 ἀλλ’
1745 1663 1847 1715 αὐ-

240 1741 340 1806 τὸς
379 1742 527 1815 ἀρχὴ
572 1744 668 1798 καὶ
700 1743 852 1800 αἰτία
891 1745 985 1799 καὶ
1020 1747 1172 1819 πηγὴ
1216 1747 1434 1802 πάντων
1467 1747 1577 1802 τῶν
1604 1748 1846 1818 ἀγαθῶν,

240 1829 411 1896 αὐτὸς
449 1830 800 1904 δημιουργὸς,
843 1833 1006 1897 αὐτὸς
1036 1835 1177 1889 αὐτά
1215 1836 1317 1890 οὐκ
1364 1835 1494 1891 ὄντα
1535 1838 1847 1908 παρήγαγε,

243 1918 344 1971 καὶ
392 1918 558 1983 αὐτὸς
609 1919 963 1991 παραχθέντα
1008 1921 1293 1993 διακρατεῖ
1340 1924 1436 1977 καὶ
1479 1923 1724 1994 διατηρεῖ
1773 1924 1851 1987 ὡς

242 2004 520 2074 βούλεται.
553 2005 628 2060 Τὸ
667 2006 799 2079 γὰρ,
841 2007 937 2072 Ἐξ
978 2009 1189 2074 αὐτοῦ,
1240 2008 1339 2064 καί
1391 2009 1465 2064 δι’
1495 2010 1704 2076 αὐτοῦ,
1748 2009 1850 2063 καί

242 2095 334 2159 εἰς
379 2093 572 2149 αὐτὸν
614 2094 691 2149 τὰ
736 2094 955 2162 πάντα,
1009 2097 1168 2151 τοῦτό
1224 2100 1338 2153 ἐστι
1405 2098 1713 2170 δηλοῦντος,
1768 2098 1852 2159 ὅτι

240 2180 425 2246 αἴτιος
455 2182 566 2236 τῶν
594 2182 764 2237 ὄντων
789 2184 950 2249 αὐτὸς
977 2178 1073 2239 καί
1104 2184 1454 2256 δημιουργὸς,
1496 2186 1591 2238 καὶ
1621 2184 1849 2256 διακρα-

242 2267 358 2322 τῶν
403 2271 498 2323 ml
537 2271 777 2342 συνέχων
803 2271 872 2325 τὰ
905 2271 1105 2326 πάντα.
1135 2266 1272 2326 Εἶτα
1312 2272 1475 2326 πάλιν
1507 2275 1604 2344 τῆς
1642 2272 1851 2346 δωρεᾶς

245 2356 515 2428 μνησθεὶς
539 2358 638 2430 τῆς
668 2359 749 2423 εἰς
783 2360 933 2431 ἡμᾶς
968 2360 1364 2432 γεγενημένης,
1403 2359 1638 2431 ἀλλαχοῦ
1668 2360 1850 2428 λέγει·

245 2445 438 2516 Χάρις
456 2444 524 2499 δὲ
546 2446 627 2513 τῷ
661 2445 785 2521 Θεῷ
824 2447 924 2501 ἐπὶ
961 2446 1037 2517 τῇ
1071 2447 1483 2517 ἀνεκδιηγήτῳ
1520 2446 1709 2503 αὑτοῦ
1738 2448 1849 2501 δω-

243 2533 378 2603 ρεᾷ.
414 2536 526 2590 Καὶ
552 2536 651 2607 τὴν
673 2537 897 2608 εἰρήνην
930 2536 988 2590 δὲ
1019 2535 1117 2608 τὴν
1148 2536 1390 2592 δοθεῖσαν
1410 2540 1565 2609 ἡμῖν,
1591 2538 1711 2610 οὐχὶ
1748 2538 1840 2591 λό-

247 2639 348 2691 γον
402 2623 559 2693 νικᾷν
613 2621 796 2693 μόνον,
838 2623 960 2677 οὐδὲ
1006 2623 1258 2695 διήγησιν
1301 2626 1672 2695 ὑπερϐαίνειν,
1712 2625 1851 2680 ἀλλά

245 2710 349 2766 καὶ
378 2710 471 2762 νοῦ
509 2711 712 2776 παντὸς
751 2711 1029 2782 ἀνωτέραν
1069 2708 1206 2765 εἶναι
1243 2712 1410 2783 δηλοῖ,
1459 2713 1540 2767 διὸ
1569 2712 1744 2783 λέγει·
1791 2715 1853 2769 Ἠ

246 2796 459 2864 είρήνη
510 2798 617 2852 τοῦ
670 2798 842 2866 Θεοῦ,
895 2800 934 2868 ἡ
980 2799 1365 2868 ὑπερέχουσα
1421 2799 1619 2855 πάντα
1674 2801 1849 2866 νοῦν,

247 2878 581 2950 φρουρήσει
612 2880 721 2946 τὰς
753 2881 1004 2950 καρδίας
1040 2882 1228 2953 ὑμῶν.
1272 2884 1336 2937 Εἰ
1380 2884 1557 2937 τοίνυν
1592 2883 1653 2937 τὸ
1686 2884 1849 2955 βάθος

246 2967 477 3039 ἄπειρον
524 2968 621 3022 τοῦ
650 2970 903 3033 πλούτου,
936 2970 1031 3025 ml
1073 2971 1175 3041 τῆς
1206 2970 1396 3040 σοφίας
1435 2973 1530 3025 ml
1556 2973 1658 3044 τῆς
1693 2971 1849 3042 γνώ-

250 3073 429 3121 σεως,
470 3058 564 3111 καὶ
612 3058 681 3112 τὰ
735 3059 978 3130 κρίματα
1042 3060 1208 3114 αὐτοῦ
1254 3059 1684 3134 ἀνεξερεύνητα,
1754 3060 1850 3116 καὶ

248 3146 310 3200 al
356 3145 466 3200 ὁδοὶ
515 3144 684 3210 αὐτοῦ
736 3147 1154 3220 ἀνεξιχνίαστοι.
1203 3150 1297 3201 καὶ
1363 3151 1397 3219 ἡ
1457 3148 1636 3220 δωρεά
1678 3149 1844 3203 αὐτοῦ

247 3232 666 3305 ἀνεκδιήγητος,
718 3235 814 3290 καὶ
853 3238 886 3308 ἡ
933 3237 1123 3309 εἰρήνη
1175 3236 1433 3308 ὑπερέχει
1482 3237 1660 3292 πάντα
1700 3237 1845 3301 νοῦν,

248 3323 311 3377 o6
370 3324 463 3377 τὸν
518 3325 649 3395 ἐμὸν
703 3328 798 3380 καὶ
852 3327 944 3381 τὸν
1007 3326 1099 3380 σὺν
1162 3327 1258 3381 καὶ
1309 3325 1404 3380 τοῦ
1466 3327 1673 3392 δεῖνος,
1727 3327 1848 3380 οὐδὲ

249 3413 343 3467 τδν
380 3412 474 3468 τοῦ
534 3415 749 3469 Παύλου
794 3417 889 3470 καὶ
941 3418 1148 3489 Πέτρου
1198 3416 1380 3487 μόνον,
1427 3415 1565 3468 ἀλλά
1608 3415 1702 3469 καὶ
1753 3416 1851 3469 αὐ·-

248 3505 343 3559 τδν
392 3504 486 3558 τὸν
532 3504 641 3560 τῶν
688 3506 1043 3577 ἀρχαγγὲλων
1095 3505 1192 3560 ml
1236 3505 1344 3559 τῶν
1388 3505 1500 3560 ἀνω
1546 3505 1847 3577 δυνάμεων,

251 3592 415 3647 ποίαν
448 3592 591 3660 ἕξεις
626 3594 785 3657 αὐτὸς
815 3593 1129 3663 ἀπολογίαν,
1161 3592 1285 3647 εἰπέ
1320 3611 1445 3665 μοι;
1470 3593 1593 3647 τίνα
1620 3593 1679 3646 δὲ
1714 3608 1847 3660 συγ-

251 3680 502 3753 γνώμην,
534 3681 773 3754 τοσαύτῃ
804 3681 1140 3754 κεχρημένος
1174 3681 1358 3753 μανίᾳ,
1383 3681 1478 3734 καὶ
1508 3678 1759 3751 ἀπονοίᾳ,
1783 3680 1853 3732 τὰ

252 3768 635 3841 ἀνεξιχνίαστα
661 3768 979 3841 βουλόμενος
1013 3770 1042 3810 b
1072 3769 1425 3834 καταλαϐεῖν,
1452 3768 1545 3822 ml
1585 3767 1714 3838 περὶ
1754 3767 1857 3821 πά-

254 3879 359 3932 σης
391 3859 492 3931 τῆς
524 3859 617 3913 τοῦ
641 3858 777 3913 Θεοῦ
812 3859 1067 3931 προνοίας
1096 3860 1254 3928 λόγον
1294 3857 1577 3922 ἀπαιτῶν;
1601 3857 1665 3909 Εἰ
1693 3854 1801 3927 γὰρ
1825 3856 1854 3909 ό

254 3948 532 4020 τοσαύτης
572 3948 960 4013 ἀπολελαυκὼς
989 3947 1264 4017 γνώσεως,
1290 3950 1385 4001 ml
1427 3945 1739 4020 παρρησίαν
1767 3943 1857 3998 ού-

256 4055 368 4102 τως
397 4036 603 4106 ἄφατον
632 4035 792 4107 ἔχων,
822 4036 1052 4109 καὶοτῶν
1077 4035 1341 4089 τοσούτων
1370 4032 1724 4106 χαρισμάτων
1759 4034 1858 4103 ἐμ-

261 4125 644 4196 πεπλησμένος
694 4124 906 4188 Παῦλος
950 4126 1292 4196 παραχωρεῖ,
1319 4123 1412 4177 ml
1450 4122 1726 4187 ἐξίσταται
1757 4120 1860 4191 τῆς

263 4214 371 4268 ὑπὸ
413 4213 511 4285 τὴν
549 4213 777 4285 ζήτησιν
820 4212 1096 4282 γνώσεως,
1137 4212 1231 4265 καὶ
1275 4211 1336 4264 06
1387 4211 1544 4280 μόνον
1585 4210 1764 4280 εὑρεῖν
1796 4209 1857 4260 οὐ

262 4301 509 4367 δύναται,
539 4301 656 4355 ἀλλ’
704 4300 828 4355 οὐδὲ
864 4302 1153 4373 ἐρευνῆσαι
1194 4299 1293 4371 τὴν
1332 4298 1530 4372 ἀρχὴν,
1561 4298 1684 4351 ἐπεὶ
1724 4297 1859 4368 μηδὲ

262 4388 509 4455 δυνατὸν,
533 4388 651 4453 πῶς
676 4388 738 4442 οὐ
774 4388 992 4443 πάντων
1029 4385 1377 4459 ἀθλιώτερος,
1420 4387 1513 4440 ml
1555 4384 1653 4456 τὴν
1684 4385 1858 4455 χαλε-

264 4475 524 4547 πωτάτην
578 4476 904 4548 μαινόμενος
954 4474 1171 4547 μανίαν,
1222 4475 1252 4527 ὁ
1308 4472 1406 4544 τὴν
1457 4472 1705 4526 ἐναντίαν
1744 4470 1860 4524 ὁδὸν

265 4563 563 4635 ἐρχόμενος
612 4564 837 4635 ἐκείνῳ;
874 4563 1009 4617 Οὐδὲ
1057 4564 1167 4633 γὰρ
1218 4560 1394 4614 ταῦτα
1430 4560 1619 4631 εἴρηκε
1674 4558 1858 4630 μόνον,

263 4653 407 4708 ἀλλὰ
432 4653 526 4708 καὶ
554 4655 682 4725 περὶ
724 4652 978 4722 γνώσεώς
1005 4669 1134 4706 ποτε
1161 4649 1473 4722 Κορινθίοις
1505 4648 1857 4712 ἐπιστέλλων,

268 4743 365 4796 ml
400 4741 634 4807 δεικνὺς,
660 4741 829 4804 ὅπως,
861 4741 910 4794 εἰ
940 4739 1035 4794 ml
1065 4737 1234 4793 πολλὰ
1281 4736 1705 4808 μεμαθήκαμεν,
1745 4734 1860 4789 ἀλλ’

267 4829 451 4892 ὀλίγον
491 4829 587 4884 καὶ
637 4828 844 4900 σφόδρα
890 4828 1170 4899 ἐλάχιστον
1209 4824 1417 4897 μέτρον
1453 4825 1707 4892 γνώσεως
1742 4821 1862 4894 ἐχο-

272 4935 395 4989 μεν,
425 4916 568 4971 οὕτω
602 4915 720 4980 πώς
761 4932 956 4987 φησιν·
993 4917 1068 4971 El
1103 4932 1196 4981 τις
1228 4912 1397 4968 δοκεῖ
1426 4911 1746 4982 ἐγνωκέναι
1773 4928 1861 4975 τι,

270 5006 439 5061 οὔπω
470 5000 593 5059 εἶδε
629 5006 825 5071 καθὼς
865 5002 955 5057 δεῖ
990 5002 1230 5074 γνῶναι.
1258 4997 1393 5054 Εἶτα
1416 4999 1592 5071 δηλῶν
1619 4998 1700 5052 ὅτι
1726 4997 1861 5052 πολὺ

270 5092 448 5149 λείπει
473 5096 573 5166 τῆς
601 5091 854 5163 γνώσεως
880 5093 1034 5163 ἡμῖν,
1062 5080 1170 5145 ’καὶ
1206 5088 1268 5143 τὸ
1308 5087 1473 5142 πλέον
1511 5089 1569 5143 ἐν
1610 5086 1689 5157 τῷ
1736 5086 1864 5157 μέλς

270 5182 421 5238 λοντι
454 5182 806 5253 τεταμίευται
846 5179 1044 5251 χρόνῳ,
1073 5178 1251 5246 ὀλίγον
1288 5176 1346 5231 δέ
1373 5194 1426 5230 τι
1462 5178 1594 5249 ἡμῖν
1629 5175 1859 5237 δέδοται,

272 5271 574 5343 ἐπήγαγεν·
622 5269 960 5339 Ἐκμέρους
991 5266 1383 5336 γινώσκομεν,
1415 5266 1513 5319 καὶ
1547 5264 1617 5319 ἐκ
1637 5261 1862 5334 μέρους

271 5358 749 5429 προφητεύομεν.
793 5354 945 5430 [469]
985 5356 1164 5411 Ὅταν
1209 5353 1278 5407 δὲ
1308 5353 1456 5421 ἔλθῃ
1498 5352 1567 5406 τὸ
1608 5351 1862 5416 τέλειον,

271 5447 406 5502 τότε
432 5445 500 5500 τὸ
544 5446 613 5500 ἐκ
649 5443 875 5514 μέρους
906 5439 1442 5511 καταργηθήσεται.
1472 5438 1579 5491 Καὶ
1608 5436 1730 5491 οὐδὲ
1773 5439 1862 5490 ἐν-

270 5533 445 5590 ταῦθα
472 5532 627 5604 ἔστη,
668 5531 805 5586 ἀλλά
847 5529 1018 5596 δεῖξαι
1050 5528 1369 5600 βουλόμενος
1402 5527 1568 5580 πόσον
1602 5526 1663 5581 τὺ
1702 5522 1870 5596 μέσον

270 5621 477 5694 ταύτης
505 5619 768 5691 κάκείνης
805 5619 904 5690 τῆς
936 5614 1212 5688 γνώσεως,
1257 5616 1355 5668 ml
1382 5615 1464 5668 ὅτι
1503 5613 1639 5668 πολὺ
1669 5613 1731 5669 τὸ
1758 5612 1866 5668 λει-

334 5728 365 5768 δ
385 5734 487 5786 Alii
508 5736 540 5794 ἢ
566 5733 758 5796 σύνεσιν
779 5731 1160 5796 πραγματεύεται
1180 5729 1263 5778 καὶ
1286 5722 1646 5791 θαυματουργεί

333 5799 366 5842 δ
385 5800 488 5851 Alii
510 5795 870 5863 βουλευόμενος.
924 5836 949 5847 ,,

1077 316 1170 373 AD
1210 317 1341 376 EOS
1380 322 1502 389 QUI
1540 322 2057 383 SCANDALIZATI
2096 330 2299 391 SUNT.
2342 337 2470 395 LIB.
2514 340 2719 400 UNUS.

3427 352 3534 410 484

1950 444 2213 516 πόμενον,
2264 450 2352 507 διὰ
2388 455 2611 510 εἰκόνων
2654 456 2814 511 τινῶν
2860 458 3027 528 σαφὲς
3062 456 3220 513 τοῦτο
3260 463 3402 514 ποιεῖ
3443 462 3532 516 λέ-

1948 549 2060 601 γων
2080 552 2092 565 ·
2123 537 2252 593 Ὅτε
2299 539 2461 610 ἤμην
2495 544 2730 611 νήπιος,
2761 547 2842 613 ὡς
2872 546 3091 613 νήπιος
3128 547 3416 610 ἐλάλουν,
3453 550 3535 615 ὡς

1948 624 2166 692 νήπιος
2197 629 2515 699 ἐφρόνουν,
2554 635 2635 700 ὡς
2671 635 2887 703 νήπιος
2914 635 3294 707 ἐλογιζόμην·
3326 638 3426 693 ὅτε
3468 639 3537 694 δὲ

1947 713 2167 784 γέγονα
2206 717 2381 786 ἀνὴρ,
2422 720 2496 774 τὰ
2542 722 2648 776 τοῦ
2700 725 2925 792 νηπίου
2974 725 3340 794 κατήργηκα.
3384 728 3535 781 Βλέ-

1949 811 2143 887 πομεν
2165 800 2292 887 ’γὰρ
2330 802 2460 870 ἄρτι
2489 803 2563 858 δι’
2589 805 2890 887 ἐσόπτρου
2932 808 3008 861 ἐν
3039 809 3359 878 αἰνίγματι,
3404 812 3536 863 τότε

1947 878 2017 932 δὲ
2057 884 2385 949 πρόσωπον
2437 887 2586 954 πρὸς
2627 878 2990 956 πρόσωπον.
3040 889 3194 954 Εἶδες
3242 892 3405 945 πόσον
3471 893 3535 946 τὸ

1951 963 2150 1034 μέσους
2188 966 2352 1021 Ὅσον
2402 970 2597 1039 νηπίου
2644 973 2850 1038 παιδὸς,
2897 973 2992 1028 καί¹
3044 975 3240 1047 ἀνδρὸς
3286 976 3492 1030 τελείου
3515 993 3531 1009 ·

1946 1047 2069 1100 ὅσον
2103 1049 2368 1131 ἐσόπτρου
2420 1053 2513 1106 ml
2557 1054 2878 1126 αἰνίγματος
2929 1056 3025 1109 ml
3072 1058 3171 1128 τῆς
3214 1057 3383 1131 ἄλλης
3432 1059 3536 1130 τῆς

1948 1130 2194 1199 ἀσαφοῦς
2223 1133 2328 1188 τῶν
2355 1137 2696 1207 πραγμάτων
2753 1138 2930 1208 ὅψεως
2991 1138 3126 1211 πρὸς
3179 1141 3325 1212 σαφῆ
3369 1140 3530 1211 ὄψιν·

1945 1212 2104 1267 τοῦτο
2135 1216 2245 1287 γάρ
2279 1219 2415 1283 ἐστι,
2454 1221 2778 1290 πρόσωπον
2801 1224 2950 1290 πρὸς
2982 1223 3325 1291 πρόσωπον.
3349 1224 3414 1277 Τί
3441 1219 3538 1278 οὖν

1952 1298 2120 1371 μαίνῃ
2161 1300 2257 1353 ml
2296 1300 2513 1374 λυττᾷς,
2557 1305 2668 1359 τῶν
2718 1304 3115 1376 κεκωλυμένων
3177 1307 3536 1377 κατατολμῶν

1948 1382 2070 1452 εἰκῆ
2103 1383 2196 1437 ml
2212 1383 2420 1455 μάτην;
2451 1387 2504 1439 τί
2532 1386 2590 1439 δὲ
2614 1389 2676 1441 06
2706 1389 2868 1461 πείθῃ
2898 1389 3095 1460 Παύλῳ
3122 1388 3351 1458 λέγοντι·
3382 1393 3536 1444 Μεν-

1948 1463 2062 1519 οῦν
2093 1483 2159 1537 γε
2186 1467 2269 1522 σὺ
2321 1471 2413 1536 τίς
2460 1467 2535 1534 εἷ,
2562 1470 2854 1541 ἄνθρωπε,
2882 1476 2916 1527 ό
2951 1473 3538 1543 ἀνταποκρινόμενος

1948 1548 2029 1615 τῷ
2074 1548 2230 1618 Θεῷ;
2268 1553 2367 1622 Μὴ
2405 1553 2532 1622 ἐρεῖ
2563 1554 2630 1609 τὸ
2682 1554 2937 1627 πλάσμα
2979 1555 3062 1622 τῷ
3105 1557 3429 1612 πλάσαντι·
3477 1558 3539 1612 Τί

1944 1651 2023 1703 με
2051 1634 2346 1705 ἐποίησας
2381 1638 2569 1704 οὕτως
2585 1655 2607 1703 ;

2033 1716 2197 1788 Ὁρᾷς
2217 1719 2390 1789 πόσην
2418 1720 2631 1780 ἀπαίτει
2660 1722 2758 1794 τὴν
2791 1722 3075 1794 ὐπακοήν;
3118 1724 3292 1793 πόσην
3319 1723 3420 1797 τήν
3458 1742 3539 1779 σι-

1949 1801 2086 1872 γήν;
2119 1802 2194 1854 Οὐ
2228 1801 2337 1875 γὰρ
2362 1803 2426 1875 δὴ
2457 1806 2519 1857 τὸ
2553 1803 2898 1870 αὐτεξούσιον
2923 1806 3078 1878 ἡμῶν
3110 1806 3348 1879 ἀναιρῶν
3379 1806 3538 1861 τοῦτο

1949 1886 2131 1956 λέγει·
2179 1888 2253 1958 μὴ
2286 1887 2525 1956 γένοιτο·
2573 1888 2709 1942 ἀλλά
2754 1889 2951 1960 δηλῶν,
2991 1892 3072 1944 ὃτι
3116 1891 3208 1945 τὸν
3238 1891 3408 1945 ταῦτα
3442 1893 3539 1960 ζη-

1950 1969 2149 2025 τοῦντα
2179 1970 2352 2034 οὓτως
2387 1970 2601 2040 ἄφωνον
2631 1969 2769 2029 εῖναι
2796 1975 2895 2038 δεῖ,
2925 1974 2999 2038 ὡς
3028 1976 3062 2045 ἡ
3099 1974 3193 2028 τοῦ
3229 1974 3402 2046 πηλοῦ
3438 1975 3540 2045 φύ-

1950 2071 2056 2121 σις,
2083 2055 2322 2127 ἑπομένη
2357 2049 2501 2130 ᾗπερ
2547 2056 2614 2112 ἂν
2658 2061 2686 2112 ό
2717 2059 2967 2131 τεχνίτης
3008 2059 3151 2131 ἄγῃ,
3191 2059 3266 2131 μὴ
3304 2059 3539 2114 ἀντιτεί-

1950 2156 2128 2202 νοντα,
2165 2139 2301 2210 μηδὲ
2339 2141 2854 2212 περιεργαζόμενον.
2900 2142 2991 2195 Διὸ
3038 2142 3133 2195 ml
3179 2142 3278 2211 τῆς
3325 2140 3540 2210 φύσεως

1951 2226 2099 2296 ἡμᾶς
2135 2226 2542 2298 ἀναμιμνήσκει
2584 2228 2687 2300 τῆς
2731 2228 3027 2301 ἡμετέρας,
3072 2230 3166 2284 καὶ
3213 2226 3387 2302 πηλοῦ
3447 2229 3543 2300 μέ⁴

1953 2331 2150 2386 μνηται
2181 2314 2277 2368 ml
2319 2316 2628 2387 κεραμέως.
2657 2318 2849 2371 Καίτοι
2884 2335 2949 2387 γε
2980 2316 3268 2389 κεραμέως
3299 2318 3395 2371 ml
3437 2334 3545 2388 πη-

1949 2402 2043 2457 λοῦ
2078 2405 2112 2474 ἡ
2143 2403 2280 2475 αὐτὴ
2310 2404 2487 2458 οὐσία.
2517 2405 2580 2457 Εἰ
2611 2404 2669 2458 δὲ
2696 2404 2825 2458 ἔνθα
2862 2407 2895 2476 ἡ
2928 2404 3066 2476 αὐτὴ
3098 2405 3278 2470 οὐσία,
3304 2403 3544 2473 τοσαύτη

1949 2491 1984 2561 ἡ
2024 2492 2273 2564 ὑπακοή·
2321 2491 2450 2546 ἔνθα
2500 2491 2727 2564 ἄπειρον
2771 2493 2832 2546 τὸ
2868 2492 3032 2564 μέσον
3080 2495 3176 2548 ml
3209 2492 3399 2555 οὐσίας
3448 2492 3545 2546 ml

1949 2579 2204 2649 γνώσεως
2252 2581 2348 2635 ml
2397 2580 2507 2635 τῶν
2558 2581 2732 2635 ἄλλων
2777 2581 3055 2646 ἁπάντων,
3091 2581 3251 2645 ποίας
3294 2578 3545 2645 τεύξεται

1950 2668 2279 2739 συγγνώμης
2303 2671 2331 2723 ὁ
2358 2667 2531 2733 οὕτως
2567 2671 2756 2741 ἰταμὸς
2788 2670 2883 2724 ml
2918 2670 3162 2741 ἀναιδὴς,
3195 2669 3337 2723 ὥστε
3378 2668 3543 2723 πολυ-

1949 2759 2287 2827 πραγμονεῖν
2330 2758 2399 2811 τὰ
2448 2757 2545 2811 τοῦ
2595 2758 2957 2830 πεποιηκότος
2998 2760 3162 2812 αὐτὸν
3216 2757 3390 2822 Θεοῦ;
3427 2755 3546 2809 Ἐν-

1948 2843 2161 2913 νόησον,
2189 2838 2235 2897 ὦ
2268 2844 2542 2914 ἄνθρωπε,
2572 2845 2657 2907 τίς
2689 2840 2768 2897 εἶ·
2802 2843 2958 2898 τοῦτο
3003 2844 3112 2915 γὰρ
3158 2843 3311 2912 δηλοῖ
3353 2843 3422 2896 δι’
3469 2836 3549 2896 ὧν

1947 2931 2116 3000 λέγει,
2143 2931 2227 2985 Σὺ
2256 2932 2347 2998 τίς
2375 2928 2459 2994 εἷ;
2490 2932 2624 3001 Οὐχὶ
2654 2931 2858 3004 πηλός;
2906 2933 3027 3002 οὐχὶ
3057 2933 3232 3001 τέφρα
3270 2931 3368 2983 ml
3411 2946 3546 2982 σπο-

1946 3019 2068 3085 δός;
2103 3020 2223 3090 οὐχὶ
2254 3019 2436 3085 κόνις;
2485 3020 2546 3072 οὐ
2579 3018 2816 3085 καπνός;
2865 3019 2926 3071 οὐ
2973 3019 3199 3089 χόρτος;
3248 3018 3350 3071 οὐκ
3381 3016 3546 3080 ἄνθος

1948 3108 2180 3180 χόρτου;
2212 3107 2427 3170 Ταύτας
2459 3108 2565 3179 γὰρ
2598 3108 2777 3171 πάσας
2805 3107 2903 3171 τὰς
2936 3108 3152 3171 εἰκόνας
3189 3108 3267 3171 εἰς
3301 3105 3464 3178 μέσον
3495 3105 3548 3157 οί

1950 3197 2227 3268 προφῆται
2257 3196 2494 3268 συνεχῶς
2524 3195 2705 3267 έχουσι
2731 3205 2784 3262 ο,
2817 3195 2914 3268 τὴν
2943 3196 3221 3249 εὐτέλειαν
3250 3193 3407 3266 ἡμῶν
3444 3193 3549 3265 τῆς

1950 3287 2167 3356 φύσεως
2198 3287 2549 3358 παραστῆσαι
2589 3285 3043 3355 φιλονεικοῦντες.
3080 3285 3141 3339 Ὀ
3172 3284 3231 3337 δὲ
3264 3285 3549 3355 πολυπρα-

1948 3373 2320 3445 γμονούμενος
2363 3374 2468 3427 ὑπὸ
2522 3373 2639 3441 σοῦ,
2665 3372 2988 3445 ἀνώλεθρος,
3021 3371 3402 3437 ἀναλλοίωτος,
3463 3373 3552 3427 ἀεὶ

1950 3460 2048 3527 ὢν,
2087 3462 2179 3515 ml
2207 3460 2469 3523 ὡσαύτως
2496 3461 2592 3528 ὢν,
2638 3462 2897 3533 ἄναρχος,
2944 3459 3322 3531 ἀτελεύτητος,
3357 3460 3551 3531 ἀπερι-

1950 3550 2174 3621 νόητος,
2236 3549 2580 3621 ὑπερϐαίνων
2652 3552 2795 3616 νοῦν,
2839 3551 3005 3604 νικῶν
3054 3550 3338 3620 λογισμὸν,
3385 3549 3548 3602 ἀνέκ-

1953 3654 2214 3712 φραστος,
2254 3637 2513 3708 ἄρῤητος,
2555 3638 2939 3708 ἀκατάληπτος
2984 3638 3086 3689 οὐκ
3147 3637 3273 3707 ἐμοὶ
3341 3636 3437 3689 καὶ
3470 3639 3555 3690 σοὶ

1956 3727 2138 3798 μόνον,
2158 3726 2252 3780 ml
2286 3728 2595 3796 προφήταις
2615 3727 2709 3779 ml
2728 3725 3047 3788 ἀποστόλοις
3067 3764 3081 3789 ,
3109 3724 3244 3778 ἀλλά
3293 3723 3387 3778 ml
3424 3727 3546 3782 ταῖς

1955 3813 2068 3868 ἀνω
2122 3813 2405 3885 δυνάμεσι,
2456 3815 2575 3879 ταῖς
2620 3813 2909 3883 καθαραῖς,
2960 3814 3081 3876 ταῖς
3112 3812 3387 3882 ἀοράτοις,
3426 3814 3549 3873 ταῖς

1955 3903 2299 3973 ἀσωμάτοις,
2326 3903 2446 3964 ταῖς
2486 3901 2748 3973 διηνεκῶς
2788 3902 2846 3954 ἐν
2886 3898 3099 3971 οὐρανῷ
3127 3899 3550 3969 διατριϐούσαις.

2026 3992 2170 4060 Κεφ.
2188 3989 2429 4059 γηὍταν
2445 3984 2538 4043 οὖν
2557 3989 2671 4059 ἴδῃς
2686 3989 2753 4042 τά
2775 3989 3047 4061 σεραφεὶμ
3063 3987 3132 4041 τὰ
3149 4003 3216 4040 πε
3223 3987 3555 4058 ριιπτάμενκ

1958 4078 2049 4132 τὸν
2079 4076 2268 4150 θρόνον
2284 4076 2376 4130 τὸν
2400 4077 2603 4149 ὑψηλὸν
2626 4079 2831 4131 ἐκεῖνον
2856 4077 2948 4131 ml
2977 4075 3307 4147 ἐπηρμένον,
3335 4078 3402 4147 τῇ
3421 4092 3554 4145 προ-

1960 4168 2089 4240 ϐολῇ
2119 4166 2228 4220 τῶν
2260 4165 2547 4239 πτερύγων
2573 4165 2989 4236 ἀποτειχίζοντα
3019 4165 3114 4228 τὰς
3144 4163 3354 4217 ἑαυτῶν
3378 4162 3552 4232 ὖψεις,

1960 4257 2055 4311 ml
2075 4257 2202 4322 τοὺς
2230 4257 2397 4321 πόδας
2426 4255 2787 4322 καλύπτοντα,
2819 4255 2914 4309 καὶ
2942 4256 3109 4320 νῶτα,
3135 4255 3231 4308 καὶ
3259 4254 3551 4327 πρόσωπα.

1962 4346 2057 4399 ml
2079 4345 2326 4417 κραυγὴν
2350 4345 2581 4413 ἀφιέντα
2607 4343 2922 4416 ἐκπλήξεως
2943 4342 3244 4414 γέμουσαν,
3275 4343 3350 4414 μὴ
3378 4341 3555 4414 πτερά

1961 4433 2150 4505 νόμιζε
2181 4434 2277 4487 καὶ
2306 4432 2493 4497 πόδας,
2526 4432 2619 4486 ml
2657 4431 2933 4501 πτέρυγας
2962 4431 3153 4494 αὐταῖς
3189 4427 3356 4483 εἶναι·
3392 4429 3555 4501 ἀόρα-

1960 4538 2042 4575 τοι
2075 4518 2185 4590 γάρ
2216 4521 2274 4573 αἰ
2306 4519 2564 4589 δυνάμεις
2603 4520 2841 4573 ἐκεῖναι·
2876 4517 3010 4572 ἀλλά
3044 4518 3131 4572 διά
3172 4518 3282 4570 τῶν
3327 4516 3555 4578 εἰκόνων

1961 4609 2167 4663 τούτων
2212 4608 2273 4661 τὸ
2320 4609 2636 4677 ἀπρόσιτον,
2670 4608 2731 4659 τὸ
2759 4605 3144 4675 ἀκατάληπτον
3172 4604 3266 4657 τοῦ
3308 4602 3555 4674 καθημέ-
3584 4614 3587 4617 ⁷
3620 4601 3629 4607 “

1961 4717 2053 4754 νου
2097 4698 2191 4752 ἐπὶ
2235 4696 2329 4751 τοῦ
2369 4697 2560 4770 θρόνου
2592 4696 2828 4765 λογίζου.
2883 4694 2986 4748 Καὶ
3029 4693 3138 4766 γὰρ
3172 4693 3268 4747 καὶ
3315 4693 3554 4755 ἐκείναις

1962 4788 2345 4858 ἁκατόιληπτος
2416 4785 2512 4840 καὶ
2574 4783 2866 4856 ἀπρόσιτός
2922 4784 3068 4847 ἐστι,
3123 4780 3299 4835 καίτοι
3350 4796 3555 4849 συγκα-

1963 4877 2267 4932 ταϐαίνων·
2302 4874 2451 4949 [470]
2494 4873 2617 4928 οὐδὲ
2662 4873 2772 4944 γὰρ
2819 4872 2955 4943 ὅπερ
3001 4866 3071 4942 ἦν
3117 4870 3372 4940 ἐφαίνετο
3407 4870 3553 4925 τότε.

1965 4966 2098 5026 Θεὸς
2134 4962 2242 5037 γὰρ
2269 4964 2329 5017 οὐ
2379 4962 2637 5034 κάθηται,
2686 4959 2806 5014 οὐδὲ
2860 4958 3033 5030 θρόνῳ
3067 4957 3404 5029 περιέχεται,
3435 4958 3557 5011 οὐδὲ

1963 5056 2117 5127 τόπῳ
2145 5053 2550 5124 περιείληπται.
2575 5052 2639 5104 Εἰ
2667 5050 2724 5104 δὲ
2752 5048 3084 5120 καθήμενον,
3116 5048 3211 5102 καὶ
3236 5046 3331 5101 ἐπὶ
3363 5046 3555 5118 θρόνου

1969 5144 2277 5217 ἱδρυμένον,
2308 5144 2404 5197 ml
2436 5139 2803 5211 κυκλούμενον
2838 5139 2931 5191 ὐπ’
2976 5136 3157 5193 αὐτῶν
3207 5136 3375 5208 (ἀπερ
3408 5135 3558 5189 ἐστὶν

1966 5234 2183 5289 ἅπαντα
2222 5230 2765 5302 συγκαταϐαίνοντος,
2799 5228 2859 5281 οὐ
2896 5226 3255 5298 καθημένου),
3284 5226 3384 5279 οὐκ
3416 5224 3560 5294 ἴσχυο

1968 5339 2068 5377 σαν
2104 5322 2252 5385 ἰδεῖν,
2279 5319 2415 5375 ἀλλά
2449 5319 2524 5390 μὴ
2552 5317 2814 5388 φέρουσαι
2841 5315 2937 5387 τὴν
2976 5313 3187 5368 ἐκεῖθεν
3234 5310 3559 5382 ἐκπηδῶσαν

1969 5410 2255 5485 ἀστραπὴν
2283 5413 2349 5482 τῇ
2388 5408 2625 5481 προϐολῇ
2655 5405 2765 5461 τῶν
2799 5403 3087 5476 πτερύγων
3119 5402 3217 5465 τὰς
3245 5400 3396 5470 όψεις
3426 5400 3561 5453 ἀπε-

1972 5499 2226 5571 τείχιζον,
2257 5500 2353 5553 ml
2395 5486 2553 5568 μόνον
2582 5487 2945 5563 ἐδοξολόγουν,
2977 5491 3135 5563 μόνον
3164 5488 3388 5560 ὕμνουν,
3420 5486 3560 5557 μετᾶ

1974 5588 2173 5659 πολλῆς
2197 5586 2298 5657 τῆς
2334 5584 2537 5654 φρίκης
2558 5583 2618 5637 τὸ
2655 5581 2916 5655 μυστικὸν
2945 5581 3123 5634 έκεῖνο
3151 5575 3246 5630 τοῦ
3284 5574 3559 5645 ἀγιασμοῦ

1975 5675 2344 5747 ἀναφέρονται
2378 5671 2566 5744 μέλος·
2601 5671 2716 5725 Οὐκ
2748 5667 2998 5723 ἀπελθὼν
3034 5662 3352 5734 κατορύξεις
3397 5678 3561 5717 σεαυ-

2042 5788 2064 5816 ε
2092 5776 2189 5827 Alii
2214 5768 2424 5838 συνεχῶς
2446 5758 2657 5836 φέρουσι.
