4002 6402
243 370 343 427 £85

242 484 532 548 incessens,
568 489 620 537 te
642 481 817 551 ipsum
848 482 900 536 in
931 488 1123 536 terram
1152 479 1317 535 abdes
1339 493 1403 535 ac
1439 477 1680 533 defodies
1702 517 1718 541 ,
1743 476 1832 546 qui

242 572 566 629 inell‘abilem
614 582 669 627 et
708 571 1137 641 inexplicabilem
1183 577 1240 625 et
1276 569 1521 640 supernis
1556 566 1839 623 virtutibus

239 662 840 733 incomprehensibilem
864 662 1073 717 virtutis
1096 659 1288 716 divina:
1313 661 1701 732 providentiam
1729 675 1835 715 non

236 757 449 813 dubites
485 757 704 812 curiose
735 765 880 812 tanta
919 771 1041 811 cum
1069 755 1370 811 temeritate
1411 752 1680 810 scrutari?
1707 753 1837 821 Qua:

235 849 376 905 enim
407 848 557 904 illius
582 858 730 914 sunt,
755 848 930 904 solum
956 847 1094 903 Filio
1116 856 1170 903 et
1195 846 1415 919 Spiritui
1441 855 1628 903 sancto
1649 855 1836 902 exacte

234 951 359 996 nota
386 948 517 997 sunt
544 941 750 1008 omnia,
776 939 908 996 nulli
933 954 1062 995 vero
1088 939 1241 995 alteri
1269 956 1286 995 :
1318 948 1371 996 et
1399 954 1463 994 ex
1493 939 1576 993 his
1604 938 1832 993 alterum

228 1035 451 1106 quidem
511 1033 750 1090 Joannes
793 1033 1120 1104 evangelista
1147 1075 1163 1101 ,
1200 1033 1427 1089 alterum
1469 1048 1596 1088 vero
1637 1028 1833 1086 Paulus

228 1123 515 1196 apostolus
559 1124 870 1181 declaravit.
915 1123 1099 1196 Itaque
1150 1123 1394 1180 'l‘onitrui
1445 1123 1625 1191 ﬁlius,
1659 1131 1711 1178 et
1736 1122 1831 1193 qui

225 1215 449 1271 Christo
476 1214 764 1271 admodum
809 1229 967 1270 carus
992 1215 1092 1270 fuit
1110 1257 1126 1280 ,
1154 1216 1351 1286 quique
1379 1214 1483 1271 hac
1526 1225 1652 1269 nota
1680 1213 1828 1271 desi-

226 1306 526 1377 gnabatur;
557 1305 700 1377 quod
750 1314 867 1362 erat
892 1320 1118 1360 summa:
1148 1306 1360 1360 virtutis
1390 1304 1643 1360 indicium
1668 1321 1683 1370 ;
1727 1305 1818 1376 qui

233 1407 436 1453 tantam
470 1397 700 1453 habebat
722 1397 966 1453 ﬁduciam
987 1438 1004 1465 ,
1038 1406 1094 1452 ut
1120 1408 1174 1453 et
1195 1411 1353 1467 supra
1384 1406 1570 1466 pectus
1597 1397 1713 1465 ejus
1743 1410 1827 1451 re.

232 1488 551 1554 cumberet,
582 1490 661 1544 sic
707 1489 822 1544 ait:
857 1489 1019 1543 Deum
1062 1505 1206 1543 nemo
1229 1488 1351 1543 vidit
1381 1482 1642 1557 umquam;
1662 1486 1827 1541 visio-

227 1599 355 1638 nem
382 1583 619 1652 appellat
645 1580 1003 1652 cognitionem
1027 1598 1043 1649 ;
1079 1580 1380 1653 Unigenitus
1404 1581 1570 1636 Filius
1590 1623 1606 1648 ,
1637 1582 1723 1651 qui
1753 1589 1826 1636 est

226 1682 281 1735 in
316 1678 438 1732 sinu
464 1675 672 1742 Patris,
695 1676 803 1746 ipse
832 1675 1090 1730 enarravit
1119 1673 1295 1748 (Joan.
1327 1676 1381 1730 1.
1420 1675 1486 1730 18
1518 1676 1557 1745 ).
1611 1674 1722 1729 Hoc
1769 1682 1825 1729 et

227 1768 345 1838 ipse
366 1766 615 1821 Christus
639 1765 913 1821 insinuans
940 1765 1089 1831 olim,
1117 1767 1244 1820 dum
1292 1765 1544 1836 populum
1574 1764 1817 1834 alloque-

226 1869 378 1912 retur
398 1857 683 1912 ﬂcbrarum
703 1898 719 1922 ,
746 1856 982 1925 dicebat,
1010 1854 1176 1911 Nemo
1211 1857 1335 1911 uidit
1376 1855 1616 1921 Pal-rem,
1645 1856 1744 1912 nisi
1779 1857 1823 1912 is

222 1950 313 2022 qui
330 1958 407 2004 est
428 1965 463 2002 α
488 1948 596 2003 Dec
624 1964 644 2003 :
667 1948 748 2003 hic
765 1949 887 2004 vidit
909 1947 1120 2003 Patrem
1145 1947 1328 2022 (Joan.
1355 1947 1411 2004 6.
1439 1948 1556 2022 46).
1586 1949 1694 2005 Vas
1718 1964 1814 2004 au-

224 2053 336 2098 tem
370 2041 653 2098 electionis
674 2085 690 2109 ,
719 2057 842 2098 eum
877 2043 928 2098 in
956 2056 1261 2099 sermonem
1295 2041 1365 2099 de
1402 2042 1567 2114 ipsius
1608 2042 1822 2113 dispen-

223 2133 439 2189 satione
465 2133 780 2199 incidisset,
807 2148 1036 2205 cumque
1061 2133 1222 2189 vellet
1260 2149 1455 2190 arcana
1480 2145 1670 2190 cuncta
1699 2150 1821 2205 qua:

222 2224 534 2293 didicerat,
577 2241 683 2296 quo
722 2235 880 2297 pacto
920 2227 1297 2296 cognovisset,
1334 2226 1607 2294 indicare,
1636 2227 1721 2283 his
1765 2237 1821 2283 et

225 2318 343 2387 ipse
364 2317 544 2374 verbis
570 2318 735 2372 utitur
764 2335 779 2373 ι
803 2318 1080 2390 Loquimur
1104 2327 1275 2373 autent
1302 2320 1605 2390 sapientiam
1627 2319 1681 2376 in
1702 2336 1817 2392 my-

223 2412 398 2479 sterio,
420 2427 536 2482 qua:
560 2410 853 2466 asbcondita
867 2421 957 2480 est,
971 2428 1122 2484 quam
1137 2413 1515 2483 praedestinavit
1538 2412 1682 2469 Deus
1701 2423 1818 2470 ante

223 2506 417 2560 secula
447 2505 500 2559 in
523 2504 740 2576 gloriam
761 2514 1004 2572 nostram,
1022 2522 1175 2578 quam
1191 2523 1334 2562 nemo
1362 2508 1650 2580 principum
1664 2508 1817 2579 hujus

220 2598 398 2653 surculi
422 2598 673 2669 cognovit.
707 2597 770 2654 Si
789 2600 921 2653 enim
942 2600 1308 2671 coynovissent,
1338 2617 1611 2673 numquam
1639 2602 1816 2658 Domi-

114 2684 121 2697 “
219 2707 348 2743 num
374 2688 554 2761 gloriae
581 2689 969 2760 cruciﬁxissent.
998 2689 1107 2747 Sed
1128 2691 1258 2745 sicut
1287 2691 1535 2762 scriptum
1553 2700 1628 2748 est
1647 2734 1662 2759 ,
1689 2692 1816 2760 Qua:

218 2782 401 2837 oculus
428 2799 530 2837 non
558 2782 702 2852 vidit,
736 2793 782 2838 et
805 2783 945 2838 auris
965 2799 1067 2838 non
1087 2782 1282 2837 audivit
1302 2825 1318 2851 ,
1342 2792 1388 2838 et
1407 2784 1460 2838 in
1483 2799 1572 2838 cor
1597 2784 1815 2840 hominis

218 2892 326 2929 non
352 2874 712 2942 ascenderunt,
740 2891 852 2946 qua:
871 2875 1175 2947 praeparavit
1219 2874 1359 2931 Deus
1390 2876 1453 2930 iis
1478 2876 1565 2948 qui
1591 2876 1812 2948 diligunt

219 2967 371 3021 illum
405 2964 486 3038 '(l.
519 2965 638 3021 Cor.
672 2966 729 3021 2.
762 2966 904 3039 7—9).
956 2966 1238 3035 Quomodo
1286 2984 1419 3040 ergo
1460 2968 1810 3040 cognovimus

221 3073 323 3113 nos
348 3101 361 3121 .
384 3074 418 3114 ο
442 3057 644 3114 Paule?
668 3059 787 3129 quis
810 3058 900 3113 illa
931 3059 1217 3127 revelavit,
1247 3068 1302 3115 et
1327 3059 1606 3116 manifesta
1634 3053 1811 3115 reddi-

218 3148 301 3205 dit
329 3149 417 3204 illa
447 3149 575 3204 nulli
604 3157 889 3220 conspecta
907 3190 924 3217 ,
954 3148 1039 3206 vel
1065 3148 1246 3209 audita
1271 3191 1286 3215 ,
1315 3160 1506 3222 etquae
1535 3150 1730 3207 nullius
1754 3150 1810 3209 in

218 3258 316 3299 cor
338 3242 733 3299 ascenderunt?
760 3242 875 3312 Dic,
907 3253 962 3300 et
1003 3244 1178 3300 indica
1206 3244 1330 3315 quis
1358 3244 1449 3301 ille
1473 3246 1544 3301 sit
1568 3245 1662 3318 qui
1692 3253 1812 3301 tan-

218 3344 331 3390 tam
362 3334 515 3391 nobis
560 3335 839 3390 scientiam
876 3335 1134 3392 advexit?
1162 3334 1327 3393 Nobis
1367 3346 1537 3393 autem
1575 3339 1811 3394 reuelauit

218 3425 360 3481 Deus
404 3439 500 3496 per
535 3425 792 3497 Spiritum
819 3444 966 3482 suum
995 3427 1073 3501 (1.
1121 3428 1242 3484 Cor.
1284 3429 1340 3484 2.
1373 3428 1485 3500 10).
1514 3428 1717 3485 Deinde
1741 3445 1811 3486 ne

216 3517 341 3588 quis
364 3533 488 3573 eum
520 3526 733 3588 putaret
757 3512 875 3575 lucc
900 3534 1061 3575 nosse
1087 3528 1294 3575 tantum
1316 3561 1330 3586 ,
1359 3536 1480 3593 qua:
1510 3537 1607 3593 per
1632 3521 1806 3592 ipsum

217 3608 375 3665 nobis
403 3608 543 3665 Deus
570 3609 860 3676 revelavit,
893 3627 1000 3667 non
1038 3620 1218 3668 autem
1262 3626 1481 3671 omnem
1526 3613 1807 3671 scientiam

215 3699 418 3755 callere
444 3738 461 3766 ,
507 3699 735 3771 subjecit
776 3716 792 3758 :
846 3701 1078 3771 Spiritus
1121 3705 1256 3758 enim
1307 3704 1480 3758 omnia
1530 3715 1806 3773 scrutatur,

214 3793 366 3850 etiam
396 3793 656 3866 profundo
671 3791 791 3851 Dei.
824 3794 950 3864 Quis
979 3796 1114 3853 enim
1143 3797 1401 3853 hominum
1423 3798 1537 3863 scit,
1556 3814 1671 3870 qua:
1691 3809 1809 3854 sunt

216 3886 456 3954 hominis,
477 3886 578 3942 nisi
604 3886 814 3958 spiritus
830 3888 1047 3945 hominis
1065 3890 1152 3961 qui
1174 3890 1226 3944 in
1246 3878 1365 3950 ipso'
1385 3890 1501 3944 est?
1524 3892 1597 3945 ita
1622 3901 1671 3944 et
1698 3907 1812 3961 quia

216 3977 315 4035 Dei
352 3988 495 4047 sunt,
542 3996 689 4035 nemo
716 3981 976 4052 cognovit,
1006 3981 1105 4037 nisi
1151 3979 1381 4054 Spiritus
1422 3979 1522 4037 Dei
1553 3981 1713 4056 (Ibid.
1757 3998 1805 4037 υ.

216 4071 332 4140 11).
366 4070 574 4127 Horum
624 4082 802 4128 autem
830 4068 1121 4129 verborum
1161 4071 1249 4128 hic
1282 4082 1473 4130 sensus
1503 4081 1584 4129 est
1619 4073 1811 4131 :Sicut

219 4161 380 4217 homo
410 4161 560 4217 novit
606 4176 669 4218 ea
707 4176 828 4235 qua:
853 4164 1021 4233 ipsius
1044 4172 1203 4230 sunt,
1233 4179 1462 4235 quaeque
1488 4165 1722 4235 cogitat,
1755 4174 1810 4220 et

218 4252 377 4309 habet
398 4253 452 4308 in
478 4253 679 4320 animo,
700 4262 892 4310 cuneta
918 4254 1019 4310 scit
1043 4264 1251 4321 exacte,
1284 4254 1366 4312 sic
1388 4255 1549 4311 etiam
1580 4254 1810 4325 Spiritus

215 4353 433 4401 sanctus
454 4359 708 4401 arcanam
736 4346 830 4401 Dei
860 4344 1141 4402 scientiam
1175 4362 1388 4403 onmem
1415 4355 1605 4403 exacte
1633 4348 1807 4402 novit.

216 4438 352 4495 Cum
400 4437 755 4513 igitur'dixit,
780 4437 938 4495 Ita'et
970 4455 1085 4508 qua:
1109 4438 1206 4495 Dei
1240 4448 1358 4494 sunt
1383 4456 1529 4495 nemo
1552 4442 1806 4511 cognovit,

218 4532 314 4586 nisi
343 4530 572 4603 Spiritus
596 4531 716 4600 Dei,
746 4547 852 4586 non
880 4532 1126 4588 homines
1145 4532 1355 4598 solum,
1389 4530 1484 4587 sed
1510 4539 1565 4587 et
1592 4544 1807 4587 omnem

217 4625 488 4680 ccclestem
529 4633 826 4680 creaturam
875 4624 943 4681 ab
984 4623 1084 4680 hac
1109 4623 1346 4694 perfecta
1372 4625 1681 4695 cognitione
1720 4638 1812 4679 se-

216 4718 397 4773 (lusit.
425 4718 596 4784 Quam
617 4718 687 4773 ob
710 4731 928 4773 causam
954 4729 1010 4773 et
1029 4718 1246 4789 sapiens
1266 4716 1481 4788 quidam
1505 4731 1688 4773 sermo
1715 4717 1813 4772 ad-

219 4821 406 4868 monet
444 4811 787 4884 :Diﬁiciliora
815 4820 862 4867 te
905 4829 968 4868 ne
1012 4811 1307 4883 quazsieris,
1338 4821 1386 4867 et
1417 4811 1633 4883 fortiora
1681 4819 1729 4866 te
1752 4826 1815 4865 ne

220 4913 472 4960 scrutatus
500 4904 696 4974 fueris;
732 4920 846 4976 qua:
887 4912 1140 4975 prmeepta
1165 4913 1282 4958 sunt
1317 4903 1444 4969 tibi,
1473 4903 1582 4958 hate
1601 4901 1767 4974 cogita
1792 4915 1813 4957 :

220 4976 443 5068 plurima
464 4995 599 5050 enim
642 5012 800 5066 supra
827 5013 1030 5051 sensum
1075 4995 1295 5049 hominis
1336 5004 1538 5050 ostensa
1580 5004 1697 5049 sunt
1725 4992 1815 5048 tibi

220 5087 410 5157 (Ereti.
439 5089 493 5144 5.
513 5086 604 5141 29..
635 5087 751 5159 25).
784 5088 935 5157 Quod
982 5096 1160 5144 autem
1190 5086 1353 5155 dicit,
1383 5096 1467 5143 est
1495 5085 1760 5157 ejusmodi
1797 5103 1811 5141 :

219 5178 295 5237 Ne
324 5181 439 5236 haec
464 5179 679 5251 quidem
709 5195 829 5251 quae
860 5179 1027 5237 habes
1050 5220 1067 5248 ,
1097 5188 1186 5236 tua
1233 5178 1493 5235 industria
1520 5186 1709 5235 cuneta
1732 5177 1815 5233 di-

220 5271 394 5328 dicisti
414 5289 430 5328 :
453 5286 633 5343 neque
647 5281 857 5328 naturae
880 5281 984 5328 tuae
1000 5271 1204 5328 viribus
1220 5272 1374 5327 nixus
1394 5272 1531 5326 hanc
1550 5269 1815 5341 cognitio-

219 5381 342 5424 nem
369 5367 590 5438 adipisci
620 5366 866 5439 potuisti,
886 5367 981 5424 sed
1004 5368 1210 5425 cmlitus
1232 5367 1451 5422 missam
1476 5370 1618 5421 hanc
1641 5366 1818 5421 scien-

220 5460 346 5515 tiam
385 5461 681 5532 accepisti:
715 5459 885 5516 multo
922 5459 1121 5533 quippe
1171 5459 1373 5529 majora
1423 5467 1611 5526 erant,
1655 5472 1815 5529 quam

219 5561 277 5606 ut
319 5560 407 5607 tua
436 5559 664 5624 possent
692 5551 1041 5623 intelligentia
1088 5551 1498 5622 Comprehendi.
1529 5552 1639 5606 Cur
1676 5565 1811 5621 ergo

222 5643 323 5700 tuis
348 5634 552 5701 viribus
579 5643 738 5700 nixus
760 5644 974 5700 conaris
1003 5643 1346 5715 proluudiora
1377 5643 1604 5699 scrutari
1632 5684 1648 5709 ,
1686 5658 1811 5699 cum

226 5735 465 5811 pleraque
489 5754 558 5797 ex
589 5738 656 5793 iis
682 5754 802 5808 quae
830 5735 990 5804 nosti,
1024 5746 1170 5793 tuum
1203 5751 1423 5792 sensum
1449 5742 1815 5808 exsuperent,

219 5839 269 5888 et
293 5830 505 5890 aliunde
532 5832 603 5887 ad
634 5842 686 5888 te
716 5830 955 5887 derivata
986 5828 1078 5886 illa
1118 5829 1435 5900 possideas?
1462 5826 1573 5887 lloc
1598 5840 1652 5888 et
1697 5829 1812 5899 ipse

1069 364 1160 421 AD
1200 362 1328 422 EOS
1363 363 1479 433 QUI
1517 360 2016 420 SCANDALIZATI
2044 362 2241 421 SUNT.
2286 369 2415 425 LIB.
2470 370 2676 430 UNUS.

3427 390 3531 447 486

1951 474 2142 531 Paulus
2160 489 2215 534 ut
2240 479 2535 540 declararet
2557 529 2570 551 ,
2601 486 2776 543 aiebat
2808 510 2818 543 :
2852 488 2990 555 Quid
3025 492 3160 547 enim
3187 495 3368 565 habes,
3396 496 3530 568 quod

1944 584 2047 623 non
2073 573 2313 642 accepisti
2325 574 2351 627 ?
2370 577 2414 629 si
2439 588 2605 633 autent
2629 580 2867 651 accepisti
2889 622 2905 646 ,
2935 583 3059 652 quid
3083 585 3323 656 gloriaris
3343 629 3356 652 ,
3380 596 3537 660 quasi

1943 675 2045 715 non
2072 663 2323 732 acceperis
2367 666 2441 736 (l.
2466 668 2584 721 Cor.
2613 669 2670 725 4.
2697 670 2781 740 7)?
2806 671 3034 729 'l‘antdm
3087 677 3246 747 igitur
3273 692 3525 739 conatum

1941 750 2227 822 aliquando
2252 755 2466 811 umdem
2491 757 2682 815 omitte
2701 802 2717 827 ,
2745 770 2800 817 et
2822 763 3219 833 sapientissimo
3240 770 3314 824 illi
3341 773 3527 828 consi-

1941 843 2014 897 lio
2037 858 2228 914 parere
2242 845 2481 916 dignare,
2512 851 2654 920 quod
2683 862 2866 908 monet
2884 895 2900 920 ,
2931 854 3017 911 Ne
3040 857 3249 926 dixeris,
3283 861 3424 929 Quid
3450 875 3527 920 est

1940 933 2063 989 hoc?
2085 935 2155 989 ad
2171 936 2294 1007 quid
2323 938 2447 993 hoc?
2470 941 2645 996 omnia
2672 943 2807 997 enim
2831 946 2900 998 ad
2932 963 3079 1002 usum
3104 949 3333 1021 ipsorum
3359 966 3532 1010 creata

1938 1037 2054 1082 sunt
2084 1026 2270 1099 (Eccli.
2302 1030 2392 1086 ‘59.
2419 1030 2533 1101 21).

2007 1119 2140 1177 CAP.
2167 1120 2254 1177 IV.
2286 1122 2518 1196 Moysen:
2557 1127 2855 1200 praphetam
2897 1132 3235 1203 periculosam
3262 1137 3532 1195 curiosita-

1935 1220 2034 1267 tem
2051 1213 2105 1268 in
2133 1214 2343 1271 exordio
2370 1216 2487 1272 libri
2511 1235 2612 1275 uno
2631 1221 2777 1276 verba
2800 1223 3082 1280 sustulisse.
3108 1256 3181 1269 -—-
3207 1227 3357 1285 lianc
3383 1233 3527 1287 enim

1932 1303 2004 1359 ob
2025 1319 2262 1372 causam,
2292 1323 2414 1364 eum
2436 1321 2550 1364 orta
2581 1322 2725 1367 esset
2758 1320 2936 1371 omnis
2961 1328 3203 1372 creatura
3223 1360 3240 1388 ,
3263 1335 3527 1394 suumque

1932 1400 2230 1470 accepisset
2253 1412 2501 1458 ornatum
2521 1446 2537 1472 ,
2561 1414 2618 1462 et
2641 1406 2931 1464 admodum
2973 1412 3295 1467 concinnum
3315 1455 3331 1481 ,
3359 1416 3531 1469 mira-

1931 1490 2057 1556 bile,
2076 1507 2139 1547 ae
2155 1502 2374 1563 stupore
2388 1494 2609 1567 dignum
2629 1498 2645 1529 ¹
2663 1513 2800 1569 Opus
2821 1503 3171 1571 processisset
3189 1503 3243 1558 in
3263 1505 3529 1573 medium,

1929 1598 2158 1653 cumque
2179 1585 2490 1655 insipientes
2510 1595 2564 1642 et
2592 1589 2765 1644 insani
2796 1592 3035 1646 nonnulli
3068 1607 3154 1648 res
3196 1607 3405 1650 creatas
3432 1611 3528 1653 cs-

1931 1684 2052 1729 sent
2095 1676 2473 1746 reprehensuri
2503 1697 2516 1734 :
2541 1679 2662 1735 vide
2691 1696 2799 1752 quo
2824 1692 2982 1752 pacto
3008 1683 3381 1754 importunum
3402 1686 3526 1744 ino-

1928 1779 2048 1820 rum
2089 1766 2385 1836 judicium,
2413 1783 2478 1824 ae
2521 1770 2777 1828 furiosam
2821 1773 3142 1829 sententiam
3193 1777 3361 1832 multo
3401 1788 3527 1835 ante

1927 1856 2226 1926 reprimens
2252 1856 2528 1929 legislator
2556 1875 2664 1914 uno
2700 1862 2867 1918 verbo
2898 1863 3180 1933 impudens
3214 1866 3439 1936 quodvis
3461 1882 3525 1924 os

1930 1959 2117 2002 eorum
2143 1948 2463 2016 oceluserit,
2502 1965 2622 2006 cum
2644 1952 2818 2008 dixit:
2856 1954 2994 2010 Vidit
3019 1956 3161 2014 Deus
3201 1972 3381 2015 cuncta
3408 1976 3525 2031 quae

1926 2042 2135 2109 fecerat,
2165 2048 2212 2095 et
2231 2056 2346 2096 ecce
2373 2041 2505 2096 bona
2526 2043 2673 2099 valde
2696 2042 2847 2118 (Gen.
2878 2047 2929 2102 1.
2956 2048 3073 2120 51).
3102 2048 3235 2105 Nam
3261 2053 3515 2122 quoniam

1926 2131 2066 2186 inter
2099 2147 2164 2187 ea
2189 2148 2309 2204 qua:
2334 2133 2674 2205 videbantur,
2696 2147 2852 2193 erant
2894 2156 3000 2195 non
3031 2142 3120 2197 lux
3147 2151 3353 2198 tantum
3374 2186 3388 2209 ,
3413 2146 3511 2201 sed

1924 2233 1978 2277 et
2005 2223 2245 2280 tenebra:
2275 2241 2289 2277 :
2315 2239 2424 2281 non
2463 2225 2644 2299 fruges
2700 2238 2906 2285 tantum
2925 2275 2939 2295 ,
2969 2233 3064 2288 sed
3098 2242 3150 2289 et
3176 2238 3385 2306 spina):
3415 2255 3521 2294 non

1925 2315 2147 2372 arbores
2184 2320 2391 2372 tantbm
2421 2319 2606 2376 sativa:
2629 2360 2646 2389 ,
2672 2322 2767 2377 sed
2797 2334 2851 2378 ct
2890 2324 3164 2383 silvestres
3197 2344 3213 2384 :
3243 2343 3352 2384 non
3378 2331 3520 2400 plani

1922 2408 2095 2464 solum
2122 2411 2321 2481 campi,
2353 2411 2451 2468 sed
2478 2412 2639 2469 etiam
2668 2424 2899 2482 montes,
2932 2427 2986 2473 et
3009 2434 3049 2472 ct
3074 2417 3195 2485 lles,
3227 2431 3283 2477 et
3311 2423 3479 2478 valles
3505 2441 3520 2479 :

1922 2516 2027 2555 non
2069 2501 2316 2559 homines
2353 2504 2529 2560 solum
2555 2546 2570 2570 ,
2593 2506 2687 2561 sed
2726 2515 2782 2562 et
2826 2509 3035 2578 reptilia
3061 2519 3326 2567 venenata
3360 2530 3374 2569 :
3406 2529 3513 2571 non

1922 2582 2097 2662 pisces
2124 2604 2328 2650 tantum
2352 2597 2491 2663 νει-(1
2519 2598 2680 2653 etiam
2723 2610 2881 2654 cete:
2913 2615 3021 2655 non
3066 2604 3399 2674 frequentata
3426 2622 3516 2661 so-

1921 2683 2029 2739 lum
2076 2700 2328 2757 aequora,
2372 2687 2467 2743 sed
2512 2688 2673 2744 etiam
2717 2705 2867 2745 mare
2888 2691 3413 2764 innavigabilemon
3437 2699 3519 2753 sol

1920 2787 2127 2834 tantum
2157 2790 2211 2835 et
2241 2780 2388 2848 luna,
2421 2789 2475 2836 et
2498 2781 2695 2849 sidera,
2716 2782 2811 2839 sed
2833 2784 2993 2840 etiam
3026 2785 3269 2854 fulmina,
3294 2797 3351 2845 et
3376 2790 3518 2859 ignei

1921 2873 2161 2930 turbines
2189 2891 2204 2932 :
2235 2890 2342 2931 non
2369 2876 2513 2930 venti
2537 2875 2711 2932 solum
2738 2877 2993 2945 secundi,
3021 2878 3118 2935 scd
3144 2887 3199 2935 et
3221 2883 3469 2951 procella:
3498 2898 3523 2944 ε
3542 2863 3563 2873 ”

1921 2981 2027 3022 non
2047 2967 2311 3024 columba:
2340 2976 2579 3034 tantum,
2606 2978 2660 3025 et
2679 2984 2806 3026 aves
2829 2986 3062 3035 canorae,
3086 2973 3182 3028 sed
3225 2984 3279 3031 et
3324 2975 3519 3045 milvi,

1916 3067 1972 3114 ct
1994 3058 2293 3129 accipitres,
2325 3069 2380 3115 et
2407 3059 2665 3129 vultures,
2687 3071 2742 3117 et
2768 3061 2871 3117 alia
2900 3063 3180 3119 carnivora
3207 3066 3460 3121 animalia
3493 3085 3508 3126 :

1919 3166 2024 3206 non
2052 3151 2286 3222 pecudes
2309 3160 2510 3208 tantum
2541 3162 2598 3208 et
2622 3154 2820 3222 boves,
2849 3153 2945 3211 sed
2965 3166 3019 3211 et
3069 3156 3177 3227 lupi
3200 3198 3214 3222 ,
3245 3167 3300 3213 et
3321 3159 3472 3227 pardi
3498 3202 3514 3227 ,

1888 3244 1893 3255 ’
1917 3252 1971 3299 et
1998 3243 2183 3300 leones
2209 3262 2224 3303 :
2255 3259 2361 3300 non
2408 3247 2554 3302 cervi
2579 3258 2782 3302 tantum
2807 3290 2823 3314 ,
2852 3257 2906 3304 et
2950 3248 3160 3319 lepores
3184 3290 3201 3316 ,
3230 3257 3286 3306 et
3309 3250 3514 3319 damas,

1916 3334 2011 3390 sed
2042 3341 2100 3390 et
2138 3336 2334 3407 scorpii
2361 3377 2376 3401 ,
2408 3344 2465 3393 et
2494 3338 2693 3407 vipera:
2717 3379 2732 3404 ,
2758 3346 2814 3394 et
2839 3338 3106 3396 dracones
3136 3356 3151 3395 :
3179 3351 3342 3412 atque
3378 3344 3519 3399 inter

1919 3426 2114 3482 herbas
2142 3443 2356 3498 quoque
2384 3444 2491 3483 non
2516 3428 2761 3486 salubres
2787 3431 2948 3487 modo
2972 3432 3192 3502 plantas,
3224 3433 3319 3488 sed
3345 3442 3399 3489 et
3424 3450 3518 3491 ve-

1917 3528 2164 3588 nenatae,
2196 3534 2262 3577 ac
2283 3520 2522 3577 futurum
2564 3531 2683 3578 erat
2720 3533 2778 3579 ut
2803 3523 2919 3580 haec
2953 3525 3139 3582 multis
3185 3526 3511 3584 offendicula

1915 3619 2137 3678 essent,
2177 3619 2233 3667 et
2283 3611 2409 3667 hinc
2459 3612 2696 3671 haereses
2747 3615 3017 3671 mirentur
3043 3633 3059 3675 :
3087 3625 3369 3688 postquam
3420 3632 3511 3674 res

1914 3715 2104 3758 omnes
2127 3711 2325 3757 creata:
2343 3711 2471 3758 sunt
2499 3712 2658 3771 natm,
2681 3718 2945 3776 suumque
2968 3706 3191 3778 singula:
3218 3716 3342 3762 sunt
3357 3724 3513 3763 orna-

1918 3800 2031 3847 tum
2054 3790 2283 3863 adeptae,
2313 3800 2612 3849 creatorem
2634 3794 2872 3850 ostendit
2897 3796 2950 3850 in
2981 3797 3204 3867 singulis
3226 3840 3243 3865 ,
3285 3798 3336 3852 id
3364 3798 3509 3868 quod

1915 3893 2163 3941 exortum
2184 3893 2321 3952 erat,
2349 3883 2589 3952 laudare,
2622 3886 2730 3941 imo
2753 3902 2884 3943 vero
2913 3902 3341 3960 unamquamque
3359 3890 3512 3961 sigil-

1918 3976 2069 4031 latim
2093 3985 2147 4032 et
2170 3990 2359 4032 omnes
2388 3976 2547 4032 simul
2573 4018 2588 4045 ,
2613 3988 2671 4032 ut
2706 3978 2923 4048 cognito
2953 3977 3096 4035 illius
3116 3978 3322 4049 judicio
3341 4021 3355 4045 ,
3382 3981 3510 4036 licet

1916 4066 2235 4122 temerarius
2276 4065 2540 4138 quispiam
2586 4069 2657 4123 sit
2696 4077 2752 4124 et
2778 4062 3097 4138 impudens,
3128 4069 3259 4123 nihil
3279 4070 3519 4140 amplius

1916 4173 2138 4224 eorum,
2169 4171 2291 4230 qum
2329 4158 2430 4214 sub
2470 4159 2658 4216 oculos
2702 4159 2934 4227 cadunt,
2962 4160 3176 4216 curiose
3220 4170 3513 4217 scrutetur.

1921 4250 2044 4308 Ideo
2080 4250 2171 4305 ubi
2193 4249 2331 4307 dixit
2356 4250 2551 4307 factam
2577 4266 2700 4307 esse
2730 4250 2903 4307 lucem
2925 4292 2942 4320 ,
2979 4250 3225 4323 adjunxit
3249 4268 3266 4310 :
3297 4250 3362 4308 Et
3391 4253 3516 4308 vidit

1916 4341 2061 4399 Deus
2089 4343 2273 4411 lucem,
2302 4342 2439 4414 quod
2464 4352 2588 4398 esset
2604 4343 2736 4399 bona
2771 4340 2923 4416 (Gen.
2950 4344 3002 4399 1.
3032 4345 3114 4417 4),
3135 4352 3193 4401 et
3216 4344 3291 4402 ita
3316 4345 3384 4403 de
3401 4347 3515 4402 sin-

1916 4436 2077 4506 gulis.
2104 4434 2309 4491 Deinde
2329 4450 2399 4490 ne
2419 4477 2434 4502 ,
2465 4435 2512 4491 si
2540 4445 2732 4491 cuneta
2772 4446 3128 4508 persequatur
3156 4439 3512 4507 nominatim,

1918 4529 2266 4601 prolixiorem
2294 4528 2486 4584 reddat
2528 4529 2825 4585 orationem
2848 4572 2863 4596 ,
2892 4530 3053 4585 simul
3082 4533 3393 4600 pronuntiat
3442 4532 3513 4586 de

1917 4623 2197 4689 omnibus,
2223 4630 2280 4678 et
2303 4623 2379 4677 ait
2406 4632 2595 4678 rursus
2626 4638 2641 4676 :
2682 4621 2821 4676 Vidit
2851 4622 2987 4677 Deus
3027 4633 3357 4691 cunctaque
3380 4626 3514 4693 fece-

1916 4727 2022 4786 rat,
2052 4724 2234 4773 etecce
2276 4715 2407 4771 bona
2447 4716 2596 4771 ualde
2640 4713 2806 4787 (Gen.
2838 4714 2892 4771 1.
2933 4715 3048 4784 31).
3092 4714 3208 4769 Νοη
3237 4715 3381 4785 quod
3420 4716 3510 4773 ubi

1918 4810 2057 4868 facta
2100 4810 2345 4879 fuerant,
2367 4809 2680 4881 cognoverit
2708 4810 2847 4865 Deus
2875 4809 3014 4864 bona
3052 4822 3175 4865 esse
3208 4823 3329 4879 qua:
3374 4808 3512 4864 facta

1919 4912 2076 4960 erant
2107 4921 2123 4960 :
2148 4902 2310 4959 absit.
2337 4901 2394 4959 Si
2420 4901 2563 4958 enim
2590 4899 2782 4956 artifex
2809 4900 2972 4956 homo
2993 4941 3008 4966 ,
3041 4899 3203 4955 etiam
3222 4907 3514 4974 antequam

1921 4995 2053 5051 ﬁant
2071 5008 2134 5051 ea
2160 5009 2282 5066 quae
2319 5001 2443 5050 sunt
2469 4993 2599 5048 artis
2619 5034 2635 5061 ,
2670 4992 2818 5048 novit
2840 5034 2853 5056 ,
2881 4991 3194 5048 edoctus“ea
3225 4993 3365 5048 bona
3393 5006 3514 5048 esse

1921 5102 2042 5159 qua:
2078 5087 2148 5143 ab
2172 5088 2291 5157 ipso
2311 5083 2430 5142 ﬁeri
2458 5084 2659 5141 debent
2687 5100 2701 5139 :
2729 5084 2900 5139 multo
2923 5084 3092 5154 magis
3118 5082 3404 5140 inetfabilis
3425 5084 3513 5141 illa

1921 5180 2218 5253 Sapientia,
2257 5194 2379 5253 qua:
2422 5179 2539 5236 sola
2585 5193 2681 5235 sua
2716 5179 2995 5234 voluntate
3044 5190 3281 5249 nutuque
3319 5188 3514 5237 cuncta

1921 5274 2173 5346 produxit
2197 5314 2214 5341 ,
2242 5275 2404 5329 etiam
2432 5282 2719 5343 antequam
2762 5268 2985 5336 tierent,
3013 5283 3078 5327 ea
3103 5271 3242 5327 bona
3267 5285 3388 5328 esse
3411 5285 3515 5325 no-

1923 5376 2095 5425 verat.
2141 5366 2328 5438 Neque
2374 5366 2519 5422 enim
2560 5365 2649 5420 illa
2695 5365 3069 5435 produxisset,
3110 5363 3156 5420 si
3195 5363 3373 5435 ignota
3412 5362 3515 5432 ipSi

1923 5463 2171 5521 fuissent.
2188 5460 2299 5518 Cur
2321 5460 2482 5531 igitur
2507 5461 2579 5516 ita
2604 5460 2854 5532 loquutus
2875 5460 2998 5517 est?
3014 5460 3094 5516 Ob
3118 5463 3237 5515 eam
3265 5458 3512 5525 causam,

1864 5544 1875 5554 ’
1923 5572 2083 5630 quam
2125 5555 2296 5627 attigi.
2325 5553 2458 5610 Cum
2490 5554 2655 5626 igitur
2691 5553 3009 5625 prophetam
3055 5551 3293 5608 audieris
3329 5549 3515 5606 dicen-

1925 5659 2034 5707 tem
2063 5647 2158 5704 tibi
2186 5648 2356 5704 Deum
2386 5645 2475 5701 illa
2506 5644 2704 5702 vidisse
2726 5687 2741 5710 ,
2770 5655 2932 5717 atque
2959 5642 3230 5712 laudasse,
3260 5641 3369 5697 noli
3404 5641 3515 5710 jam

1926 5741 2154 5812 amplius
2177 5739 2343 5795 ullum
2367 5752 2592 5795 examen
2623 5737 2709 5794 vel
2731 5736 2986 5795 indicium
3007 5750 3253 5808 quaerere
3281 5731 3518 5809 pulchri.

1992 5838 2008 5867 ¹
2047 5834 2158 5896 Alii,
2191 5830 2384 5897 plenum
2406 5828 2650 5882 miraculi.
2986 5852 2989 5855 ν
