  <div class='ocr_page' id='page_1' title='image "/cluster/home/n/w/nwhite01/storage/ocr_20150623/52:no.3:pt.2/coo.31924054869510/107.png"; bbox 0 0 4002 6384; ppageno 0'>
   <div class='ocr_carea' id='block_1_1' title="bbox 565 311 666 370">
    <p class='ocr_par' dir='ltr' id='par_1_1' title="bbox 565 311 666 370">
     <span class='ocr_line' id='line_1_1' title="bbox 565 311 666 370; baseline -0.04 1"><span class='ocrx_word' id='word_1_1' title='bbox 565 311 666 370; x_wconf 70' lang='grc' dir='ltr'>ιὸῖ</span> 
     </span>
    </p>
   </div>
   <div class='ocr_carea' id='block_1_2' title="bbox 559 420 2139 503">
    <p class='ocr_par' dir='ltr' id='par_1_2' title="bbox 559 420 2139 503">
     <span class='ocr_line' id='line_1_2' title="bbox 559 420 2139 503; baseline -0.008 -15"><span class='ocrx_word' id='word_1_2' title='bbox 559 428 761 488; x_wconf 91' lang='lat' dir='ltr'><strong>tudinis</strong></span> <span class='ocrx_word' id='word_1_3' title='bbox 784 432 1025 503; x_wconf 86' lang='lat' dir='ltr'><strong>ipsorum</strong></span> <span class='ocrx_word' id='word_1_4' title='bbox 1050 470 1064 494; x_wconf 93' lang='lat'><strong>,</strong></span> <span class='ocrx_word' id='word_1_5' title='bbox 1087 442 1261 499; x_wconf 83' lang='lat' dir='ltr'><strong>neque</strong></span> <span class='ocrx_word' id='word_1_6' title='bbox 1282 426 1430 483; x_wconf 85' lang='lat' dir='ltr'><strong>dicas</strong></span> <span class='ocrx_word' id='word_1_7' title='bbox 1451 467 1470 494; x_wconf 94' lang='lat'><strong>,</strong></span> <span class='ocrx_word' id='word_1_8' title='bbox 1497 424 1778 494; x_wconf 86' lang='lat' dir='ltr'><strong>Quomodo</strong></span> <span class='ocrx_word' id='word_1_9' title='bbox 1807 423 1946 480; x_wconf 90' lang='lat' dir='ltr'><strong>bona</strong></span> <span class='ocrx_word' id='word_1_10' title='bbox 1966 420 1993 477; x_wconf 71' lang='grc' dir='ltr'><em>ἲ</em></span> <span class='ocrx_word' id='word_1_11' title='bbox 2022 420 2139 494; x_wconf 91' lang='lat' dir='ltr'><strong>Ipsa</strong></span> 
     </span>
    </p>
   </div>
   <div class='ocr_carea' id='block_1_3' title="bbox 558 518 2144 594">
    <p class='ocr_par' dir='ltr' id='par_1_3' title="bbox 558 518 2144 594">
     <span class='ocr_line' id='line_1_3' title="bbox 558 518 2144 594; baseline -0.006 -13"><span class='ocrx_word' id='word_1_12' title='bbox 558 525 702 581; x_wconf 79' lang='lat' dir='ltr'><strong>enim</strong></span> <span class='ocrx_word' id='word_1_13' title='bbox 731 540 797 579; x_wconf 89' lang='lat' dir='ltr'><strong>ex</strong></span> <span class='ocrx_word' id='word_1_14' title='bbox 822 523 1071 594; x_wconf 84' lang='lat' dir='ltr'><strong>operibus</strong></span> <span class='ocrx_word' id='word_1_15' title='bbox 1096 520 1552 578; x_wconf 89' lang='lat' dir='ltr'><strong>demonstratione</strong></span> <span class='ocrx_word' id='word_1_16' title='bbox 1583 518 1780 575; x_wconf 86' lang='lat' dir='ltr'><strong>clarior</strong></span> <span class='ocrx_word' id='word_1_17' title='bbox 1815 526 1897 574; x_wconf 89' lang='lat' dir='ltr'><strong>est</strong></span> <span class='ocrx_word' id='word_1_18' title='bbox 1921 526 2144 573; x_wconf 87' lang='lat' dir='ltr'><strong>senten-</strong></span> 
     </span>
    </p>
   </div>
   <div class='ocr_carea' id='block_1_4' title="bbox 559 609 2143 686">
    <p class='ocr_par' dir='ltr' id='par_1_4' title="bbox 559 609 2143 686">
     <span class='ocr_line' id='line_1_4' title="bbox 559 609 2143 686; baseline -0.004 -17"><span class='ocrx_word' id='word_1_19' title='bbox 559 617 632 671; x_wconf 86' lang='lat' dir='ltr'><strong>tia</strong></span> <span class='ocrx_word' id='word_1_20' title='bbox 650 656 665 679; x_wconf 91' lang='lat'><strong>,</strong></span> <span class='ocrx_word' id='word_1_21' title='bbox 693 630 813 686; x_wconf 73' lang='lat' dir='ltr'><strong>qua:</strong></span> <span class='ocrx_word' id='word_1_22' title='bbox 840 630 905 671; x_wconf 80' lang='lat' dir='ltr'><strong>ex</strong></span> <span class='ocrx_word' id='word_1_23' title='bbox 932 612 1137 670; x_wconf 91' lang='lat' dir='ltr'><strong>calculo</strong></span> <span class='ocrx_word' id='word_1_24' title='bbox 1153 623 1207 667; x_wconf 88' lang='lat' dir='ltr'><strong>et</strong></span> <span class='ocrx_word' id='word_1_25' title='bbox 1228 612 1431 682; x_wconf 87' lang='lat' dir='ltr'><strong>judicio</strong></span> <span class='ocrx_word' id='word_1_26' title='bbox 1456 610 1751 668; x_wconf 88' lang='lat' dir='ltr'><strong>conditoris</strong></span> <span class='ocrx_word' id='word_1_27' title='bbox 1778 619 2012 665; x_wconf 90' lang='lat' dir='ltr'><strong>emanat.</strong></span> <span class='ocrx_word' id='word_1_28' title='bbox 2044 609 2143 664; x_wconf 82' lang='lat' dir='ltr'><strong>At-</strong></span> 
     </span>
    </p>
   </div>
   <div class='ocr_carea' id='block_1_5' title="bbox 555 701 2144 776">
    <p class='ocr_par' dir='ltr' id='par_1_5' title="bbox 555 701 2144 776">
     <span class='ocr_line' id='line_1_5' title="bbox 555 701 2144 776; baseline -0.004 -16"><span class='ocrx_word' id='word_1_29' title='bbox 555 720 661 776; x_wconf 88' lang='lat' dir='ltr'><strong>que</strong></span> <span class='ocrx_word' id='word_1_30' title='bbox 699 706 896 761; x_wconf 91' lang='lat' dir='ltr'><strong>idcirco</strong></span> <span class='ocrx_word' id='word_1_31' title='bbox 944 705 1246 760; x_wconf 85' lang='lat' dir='ltr'><strong>mdiorihns</strong></span> <span class='ocrx_word' id='word_1_32' title='bbox 1270 704 1449 760; x_wconf 80' lang='lat' dir='ltr'><strong>verbis</strong></span> <span class='ocrx_word' id='word_1_33' title='bbox 1472 711 1556 760; x_wconf 90' lang='lat' dir='ltr'><strong>est</strong></span> <span class='ocrx_word' id='word_1_34' title='bbox 1596 717 1746 758; x_wconf 90' lang='lat' dir='ltr'><strong>usus.</strong></span> <span class='ocrx_word' id='word_1_35' title='bbox 1780 701 1913 757; x_wconf 90' lang='lat' dir='ltr'><strong>Nam</strong></span> <span class='ocrx_word' id='word_1_36' title='bbox 1953 716 2144 772; x_wconf 88' lang='lat' dir='ltr'><strong>quem-</strong></span> 
     </span>
    </p>
   </div>
   <div class='ocr_carea' id='block_1_6' title="bbox 555 793 2141 875">
    <p class='ocr_par' dir='ltr' id='par_1_6' title="bbox 555 793 2141 875">
     <span class='ocr_line' id='line_1_6' title="bbox 555 793 2141 875; baseline -0.001 -24"><span class='ocrx_word' id='word_1_37' title='bbox 555 796 841 853; x_wconf 81' lang='lat' dir='ltr'><strong>admodum</strong></span> <span class='ocrx_word' id='word_1_38' title='bbox 871 798 915 851; x_wconf 93' lang='lat' dir='ltr'><strong>si</strong></span> <span class='ocrx_word' id='word_1_39' title='bbox 942 797 1061 866; x_wconf 75' lang='lat' dir='ltr'><strong>quis</strong></span> <span class='ocrx_word' id='word_1_40' title='bbox 1104 811 1352 875; x_wconf 82' lang='lat' dir='ltr'><strong>coemere</strong></span> <span class='ocrx_word' id='word_1_41' title='bbox 1386 795 1780 852; x_wconf 87' lang='lat' dir='ltr'><strong>medicamenta</strong></span> <span class='ocrx_word' id='word_1_42' title='bbox 1809 795 1970 861; x_wconf 90' lang='lat' dir='ltr'><strong>velit,</strong></span> <span class='ocrx_word' id='word_1_43' title='bbox 2002 793 2141 849; x_wconf 88' lang='lat' dir='ltr'><strong>alio-</strong></span> 
     </span>
    </p>
   </div>
   <div class='ocr_carea' id='block_1_7' title="bbox 554 887 2139 961">
    <p class='ocr_par' dir='ltr' id='par_1_7' title="bbox 554 887 2139 961">
     <span class='ocr_line' id='line_1_7' title="bbox 554 887 2139 961; baseline 0.001 -20"><span class='ocrx_word' id='word_1_44' title='bbox 554 887 681 961; x_wconf 87' lang='lat' dir='ltr'><strong>quin</strong></span> <span class='ocrx_word' id='word_1_45' title='bbox 704 889 983 958; x_wconf 90' lang='lat' dir='ltr'><strong>imperitus</strong></span> <span class='ocrx_word' id='word_1_46' title='bbox 1007 931 1022 955; x_wconf 96' lang='lat'><strong>,</strong></span> <span class='ocrx_word' id='word_1_47' title='bbox 1045 906 1214 960; x_wconf 87' lang='lat' dir='ltr'><strong>eaque</strong></span> <span class='ocrx_word' id='word_1_48' title='bbox 1232 889 1459 959; x_wconf 89' lang='lat' dir='ltr'><strong>jusserit</strong></span> <span class='ocrx_word' id='word_1_49' title='bbox 1486 889 1696 944; x_wconf 90' lang='lat' dir='ltr'><strong>medico</strong></span> <span class='ocrx_word' id='word_1_50' title='bbox 1719 889 1865 958; x_wconf 89' lang='lat' dir='ltr'><strong>prius</strong></span> <span class='ocrx_word' id='word_1_51' title='bbox 1890 888 2097 943; x_wconf 89' lang='lat' dir='ltr'><strong>ostendi</strong></span> <span class='ocrx_word' id='word_1_52' title='bbox 2122 928 2139 952; x_wconf 92' lang='lat'><strong>,</strong></span> 
     </span>
    </p>
   </div>
   <div class='ocr_carea' id='block_1_8' title="bbox 553 979 2145 1050">
    <p class='ocr_par' dir='ltr' id='par_1_8' title="bbox 553 979 2145 1050">
     <span class='ocr_line' id='line_1_8' title="bbox 553 979 2145 1050; baseline 0 -17"><span class='ocrx_word' id='word_1_53' title='bbox 553 979 751 1035; x_wconf 88' lang='lat' dir='ltr'><strong>nullam</strong></span> <span class='ocrx_word' id='word_1_54' title='bbox 778 979 937 1033; x_wconf 90' lang='lat' dir='ltr'><strong>aliam</strong></span> <span class='ocrx_word' id='word_1_55' title='bbox 967 980 1182 1035; x_wconf 90' lang='lat' dir='ltr'><strong>virtutis</strong></span> <span class='ocrx_word' id='word_1_56' title='bbox 1211 995 1397 1035; x_wconf 91' lang='lat' dir='ltr'><strong>eorum</strong></span> <span class='ocrx_word' id='word_1_57' title='bbox 1426 979 1938 1035; x_wconf 82' lang='lat' dir='ltr'><strong>demonstrationem</strong></span> <span class='ocrx_word' id='word_1_58' title='bbox 1960 979 2145 1050; x_wconf 89' lang='lat' dir='ltr'><strong>requi-</strong></span> 
     </span>
    </p>
   </div>
   <div class='ocr_carea' id='block_1_9' title="bbox 552 1070 2143 1137">
    <p class='ocr_par' dir='ltr' id='par_1_9' title="bbox 552 1070 2143 1137">
     <span class='ocr_line' id='line_1_9' title="bbox 552 1070 2143 1137; baseline -0.001 -12"><span class='ocrx_word' id='word_1_59' title='bbox 552 1073 660 1136; x_wconf 90' lang='lat' dir='ltr'><strong>rit,</strong></span> <span class='ocrx_word' id='word_1_60' title='bbox 692 1071 780 1126; x_wconf 90' lang='lat' dir='ltr'><strong>ubi</strong></span> <span class='ocrx_word' id='word_1_61' title='bbox 803 1080 955 1127; x_wconf 88' lang='lat' dir='ltr'><strong>certo</strong></span> <span class='ocrx_word' id='word_1_62' title='bbox 982 1071 1235 1127; x_wconf 89' lang='lat' dir='ltr'><strong>didicerit</strong></span> <span class='ocrx_word' id='word_1_63' title='bbox 1258 1073 1348 1127; x_wconf 90' lang='lat' dir='ltr'><strong>illa</strong></span> <span class='ocrx_word' id='word_1_64' title='bbox 1374 1071 1443 1128; x_wconf 86' lang='lat' dir='ltr'><strong>ab</strong></span> <span class='ocrx_word' id='word_1_65' title='bbox 1471 1087 1537 1128; x_wconf 93' lang='lat' dir='ltr'><strong>eo</strong></span> <span class='ocrx_word' id='word_1_66' title='bbox 1561 1072 1674 1126; x_wconf 89' lang='lat' dir='ltr'><strong>visa</strong></span> <span class='ocrx_word' id='word_1_67' title='bbox 1704 1070 1869 1127; x_wconf 90' lang='lat' dir='ltr'><strong>fuisse</strong></span> <span class='ocrx_word' id='word_1_68' title='bbox 1887 1111 1905 1137; x_wconf 90' lang='lat'><strong>,</strong></span> <span class='ocrx_word' id='word_1_69' title='bbox 1935 1085 1998 1126; x_wconf 91' lang='lat' dir='ltr'><strong>ac</strong></span> <span class='ocrx_word' id='word_1_70' title='bbox 2028 1071 2143 1125; x_wconf 87' lang='lat' dir='ltr'><strong>Iau-</strong></span> 
     </span>
    </p>
   </div>
   <div class='ocr_carea' id='block_1_10' title="bbox 548 1163 2143 1231">
    <p class='ocr_par' dir='ltr' id='par_1_10' title="bbox 548 1163 2143 1231">
     <span class='ocr_line' id='line_1_10' title="bbox 548 1163 2143 1231; baseline 0.001 -14"><span class='ocrx_word' id='word_1_71' title='bbox 548 1164 696 1231; x_wconf 86' lang='lat' dir='ltr'><strong>data,</strong></span> <span class='ocrx_word' id='word_1_72' title='bbox 719 1164 813 1220; x_wconf 90' lang='lat' dir='ltr'><strong>sed</strong></span> <span class='ocrx_word' id='word_1_73' title='bbox 839 1164 1059 1220; x_wconf 87' lang='lat' dir='ltr'><strong>artificis</strong></span> <span class='ocrx_word' id='word_1_74' title='bbox 1081 1165 1289 1221; x_wconf 85' lang='lat' dir='ltr'><strong>calculo</strong></span> <span class='ocrx_word' id='word_1_75' title='bbox 1304 1173 1590 1221; x_wconf 89' lang='lat' dir='ltr'><strong>contentus</strong></span> <span class='ocrx_word' id='word_1_76' title='bbox 1615 1164 1745 1229; x_wconf 88' lang='lat' dir='ltr'><strong>abit,</strong></span> <span class='ocrx_word' id='word_1_77' title='bbox 1775 1180 1896 1219; x_wconf 90' lang='lat' dir='ltr'><strong>cum</strong></span> <span class='ocrx_word' id='word_1_78' title='bbox 1914 1163 2143 1218; x_wconf 90' lang='lat' dir='ltr'><strong>audierit</strong></span> 
     </span>
    </p>
   </div>
   <div class='ocr_carea' id='block_1_11' title="bbox 550 1255 2139 1329">
    <p class='ocr_par' dir='ltr' id='par_1_11' title="bbox 550 1255 2139 1329">
     <span class='ocr_line' id='line_1_11' title="bbox 550 1255 2139 1329; baseline 0.002 -19"><span class='ocrx_word' id='word_1_79' title='bbox 550 1255 641 1311; x_wconf 89' lang='lat' dir='ltr'><strong>illa</strong></span> <span class='ocrx_word' id='word_1_80' title='bbox 663 1257 862 1313; x_wconf 83' lang='lat' dir='ltr'><strong>vidisse</strong></span> <span class='ocrx_word' id='word_1_81' title='bbox 909 1256 1206 1324; x_wconf 91' lang='lat' dir='ltr'><strong>medicum,</strong></span> <span class='ocrx_word' id='word_1_82' title='bbox 1238 1266 1400 1329; x_wconf 89' lang='lat' dir='ltr'><strong>atque</strong></span> <span class='ocrx_word' id='word_1_83' title='bbox 1439 1258 1688 1314; x_wconf 83' lang='lat' dir='ltr'><strong>laudasse</strong></span> <span class='ocrx_word' id='word_1_84' title='bbox 1720 1276 1736 1312; x_wconf 88' lang='lat'><strong><em>:</em></strong></span> <span class='ocrx_word' id='word_1_85' title='bbox 1766 1257 1845 1313; x_wconf 88' lang='lat' dir='ltr'><strong>sic</strong></span> <span class='ocrx_word' id='word_1_86' title='bbox 1887 1258 2139 1314; x_wconf 86' lang='lat' dir='ltr'><strong>nimirum</strong></span> 
     </span>
    </p>
   </div>
   <div class='ocr_carea' id='block_1_12' title="bbox 550 1347 2140 1421">
    <p class='ocr_par' dir='ltr' id='par_1_12' title="bbox 550 1347 2140 1421">
     <span class='ocr_line' id='line_1_12' title="bbox 550 1347 2140 1421; baseline 0.001 -19"><span class='ocrx_word' id='word_1_87' title='bbox 550 1347 760 1421; x_wconf 81' lang='lat' dir='ltr'><strong>Moyses</strong></span> <span class='ocrx_word' id='word_1_88' title='bbox 780 1390 796 1416; x_wconf 93' lang='lat'><strong>,</strong></span> <span class='ocrx_word' id='word_1_89' title='bbox 827 1364 949 1404; x_wconf 87' lang='lat' dir='ltr'><strong>eum</strong></span> <span class='ocrx_word' id='word_1_90' title='bbox 991 1364 1206 1405; x_wconf 90' lang='lat' dir='ltr'><strong>omnem</strong></span> <span class='ocrx_word' id='word_1_91' title='bbox 1236 1350 1401 1406; x_wconf 81' lang='lat' dir='ltr'><strong>vellet</strong></span> <span class='ocrx_word' id='word_1_92' title='bbox 1442 1350 1778 1405; x_wconf 87' lang='lat' dir='ltr'><strong>occasionem</strong></span> <span class='ocrx_word' id='word_1_93' title='bbox 1814 1348 2140 1419; x_wconf 80' lang='lat' dir='ltr'><strong>impudentis</strong></span> 
     </span>
    </p>
   </div>
   <div class='ocr_carea' id='block_1_13' title="bbox 548 1439 2137 1512">
    <p class='ocr_par' dir='ltr' id='par_1_13' title="bbox 548 1439 2137 1512">
     <span class='ocr_line' id='line_1_13' title="bbox 548 1439 2137 1512; baseline -0.001 -16"><span class='ocrx_word' id='word_1_94' title='bbox 548 1440 877 1497; x_wconf 80' lang='lat' dir='ltr'><strong>curiositatis</strong></span> <span class='ocrx_word' id='word_1_95' title='bbox 891 1451 1169 1510; x_wconf 83' lang='lat' dir='ltr'><strong>amputare</strong></span> <span class='ocrx_word' id='word_1_96' title='bbox 1187 1441 1309 1508; x_wconf 83' lang='lat' dir='ltr'><strong>illis,</strong></span> <span class='ocrx_word' id='word_1_97' title='bbox 1339 1443 1425 1512; x_wconf 85' lang='lat' dir='ltr'><strong>qui</strong></span> <span class='ocrx_word' id='word_1_98' title='bbox 1442 1442 1698 1496; x_wconf 86' lang='lat' dir='ltr'><strong>creaturis</strong></span> <span class='ocrx_word' id='word_1_99' title='bbox 1715 1451 1892 1497; x_wconf 86' lang='lat' dir='ltr'><strong>essent</strong></span> <span class='ocrx_word' id='word_1_100' title='bbox 1905 1439 2137 1506; x_wconf 88' lang='lat' dir='ltr'><strong>fruituri,</strong></span> 
     </span>
    </p>
   </div>
   <div class='ocr_carea' id='block_1_14' title="bbox 549 1528 2134 1598">
    <p class='ocr_par' dir='ltr' id='par_1_14' title="bbox 549 1528 2134 1598">
     <span class='ocr_line' id='line_1_14' title="bbox 549 1528 2134 1598; baseline 0.003 -14"><span class='ocrx_word' id='word_1_101' title='bbox 549 1528 885 1587; x_wconf 84' lang='lat' dir='ltr'><strong>denuntiavit</strong></span> <span class='ocrx_word' id='word_1_102' title='bbox 910 1532 1010 1594; x_wconf 86' lang='lat' dir='ltr'><strong>eis,</strong></span> <span class='ocrx_word' id='word_1_103' title='bbox 1032 1547 1096 1587; x_wconf 90' lang='lat' dir='ltr'><strong>ac</strong></span> <span class='ocrx_word' id='word_1_104' title='bbox 1127 1532 1279 1596; x_wconf 81' lang='lat' dir='ltr'><strong>dixit,</strong></span> <span class='ocrx_word' id='word_1_105' title='bbox 1309 1533 1476 1589; x_wconf 91' lang='lat' dir='ltr'><strong>Deum</strong></span> <span class='ocrx_word' id='word_1_106' title='bbox 1504 1532 1593 1587; x_wconf 91' lang='lat' dir='ltr'><strong>illa</strong></span> <span class='ocrx_word' id='word_1_107' title='bbox 1612 1532 1838 1595; x_wconf 84' lang='lat' dir='ltr'><strong>vidisse,</strong></span> <span class='ocrx_word' id='word_1_108' title='bbox 1867 1532 2134 1598; x_wconf 88' lang='lat' dir='ltr'><strong>laudasse,</strong></span> 
     </span>
    </p>
   </div>
   <div class='ocr_carea' id='block_1_15' title="bbox 547 1622 2137 1695">
    <p class='ocr_par' dir='ltr' id='par_1_15' title="bbox 547 1622 2137 1695">
     <span class='ocr_line' id='line_1_15' title="bbox 547 1622 2137 1695; baseline 0.003 -19"><span class='ocrx_word' id='word_1_109' title='bbox 547 1636 613 1677; x_wconf 79' lang='lat' dir='ltr'><strong>ac</strong></span> <span class='ocrx_word' id='word_1_110' title='bbox 640 1622 780 1678; x_wconf 90' lang='lat' dir='ltr'><strong>bona</strong></span> <span class='ocrx_word' id='word_1_111' title='bbox 814 1637 935 1678; x_wconf 81' lang='lat' dir='ltr'><strong>esse</strong></span> <span class='ocrx_word' id='word_1_112' title='bbox 954 1623 1252 1692; x_wconf 88' lang='lat' dir='ltr'><strong>judicasse,</strong></span> <span class='ocrx_word' id='word_1_113' title='bbox 1289 1638 1462 1693; x_wconf 90' lang='lat' dir='ltr'><strong>neque</strong></span> <span class='ocrx_word' id='word_1_114' title='bbox 1500 1623 1815 1695; x_wconf 87' lang='lat' dir='ltr'><strong>simpliciter</strong></span> <span class='ocrx_word' id='word_1_115' title='bbox 1839 1624 1978 1681; x_wconf 91' lang='lat' dir='ltr'><strong>bona</strong></span> <span class='ocrx_word' id='word_1_116' title='bbox 1998 1665 2014 1691; x_wconf 92' lang='lat'><strong>,</strong></span> <span class='ocrx_word' id='word_1_117' title='bbox 2041 1624 2137 1681; x_wconf 88' lang='lat' dir='ltr'><strong>sed</strong></span> 
     </span>
    </p>
   </div>
   <div class='ocr_carea' id='block_1_16' title="bbox 548 1712 2137 1787">
    <p class='ocr_par' dir='ltr' id='par_1_16' title="bbox 548 1712 2137 1787">
     <span class='ocr_line' id='line_1_16' title="bbox 548 1712 2137 1787; baseline 0.003 -18"><span class='ocrx_word' id='word_1_118' title='bbox 548 1712 685 1769; x_wconf 87' lang='lat' dir='ltr'><strong>bona</strong></span> <span class='ocrx_word' id='word_1_119' title='bbox 718 1714 892 1769; x_wconf 87' lang='lat' dir='ltr'><strong>valde.</strong></span> <span class='ocrx_word' id='word_1_120' title='bbox 938 1714 1055 1768; x_wconf 87' lang='lat' dir='ltr'><strong>Noli</strong></span> <span class='ocrx_word' id='word_1_121' title='bbox 1084 1730 1212 1787; x_wconf 87' lang='lat' dir='ltr'><strong>ergo</strong></span> <span class='ocrx_word' id='word_1_122' title='bbox 1260 1716 1469 1772; x_wconf 91' lang='lat' dir='ltr'><strong>curiose</strong></span> <span class='ocrx_word' id='word_1_123' title='bbox 1517 1716 1823 1787; x_wconf 86' lang='lat' dir='ltr'><strong>inquirere,</strong></span> <span class='ocrx_word' id='word_1_124' title='bbox 1848 1732 2022 1787; x_wconf 90' lang='lat' dir='ltr'><strong>neque</strong></span> <span class='ocrx_word' id='word_1_125' title='bbox 2046 1732 2137 1773; x_wconf 87' lang='lat' dir='ltr'><strong>ra-</strong></span> 
     </span>
    </p>
   </div>
   <div class='ocr_carea' id='block_1_17' title="bbox 547 1806 2135 1878">
    <p class='ocr_par' dir='ltr' id='par_1_17' title="bbox 547 1806 2135 1878">
     <span class='ocr_line' id='line_1_17' title="bbox 547 1806 2135 1878; baseline 0.004 -19"><span class='ocrx_word' id='word_1_126' title='bbox 547 1806 851 1862; x_wconf 90' lang='lat' dir='ltr'><strong>tiocinando</strong></span> <span class='ocrx_word' id='word_1_127' title='bbox 894 1816 1136 1862; x_wconf 86' lang='lat' dir='ltr'><strong>scrutare</strong></span> <span class='ocrx_word' id='word_1_128' title='bbox 1165 1823 1283 1878; x_wconf 77' lang='lat' dir='ltr'><strong>qua:</strong></span> <span class='ocrx_word' id='word_1_129' title='bbox 1309 1808 1445 1863; x_wconf 88' lang='lat' dir='ltr'><strong>facta</strong></span> <span class='ocrx_word' id='word_1_130' title='bbox 1475 1817 1633 1875; x_wconf 90' lang='lat' dir='ltr'><strong>sunt,</strong></span> <span class='ocrx_word' id='word_1_131' title='bbox 1668 1824 1794 1864; x_wconf 92' lang='lat' dir='ltr'><strong>eum</strong></span> <span class='ocrx_word' id='word_1_132' title='bbox 1820 1810 1910 1864; x_wconf 88' lang='lat' dir='ltr'><strong>tali</strong></span> <span class='ocrx_word' id='word_1_133' title='bbox 1941 1809 2011 1865; x_wconf 87' lang='lat' dir='ltr'><strong>de</strong></span> <span class='ocrx_word' id='word_1_134' title='bbox 2037 1824 2135 1865; x_wconf 83' lang='lat' dir='ltr'><strong>eo-</strong></span> 
     </span>
    </p>
   </div>
   <div class='ocr_carea' id='block_1_18' title="bbox 521 1900 2134 1969">
    <p class='ocr_par' dir='ltr' id='par_1_18' title="bbox 521 1900 2134 1969">
     <span class='ocr_line' id='line_1_18' title="bbox 521 1900 2134 1969; baseline 0.005 -18"><span class='ocrx_word' id='word_1_135' title='bbox 521 1912 662 1953; x_wconf 89' lang='lat' dir='ltr'><strong>.rum</strong></span> <span class='ocrx_word' id='word_1_136' title='bbox 703 1900 1011 1969; x_wconf 77' lang='lat' dir='ltr'><strong>prtestantia</strong></span> <span class='ocrx_word' id='word_1_137' title='bbox 1073 1900 1382 1958; x_wconf 89' lang='lat' dir='ltr'><strong>testimonio</strong></span> <span class='ocrx_word' id='word_1_138' title='bbox 1428 1901 1505 1956; x_wconf 90' lang='lat' dir='ltr'><strong>sis</strong></span> <span class='ocrx_word' id='word_1_139' title='bbox 1548 1903 1861 1958; x_wconf 82' lang='lat' dir='ltr'><strong>instructus.</strong></span> <span class='ocrx_word' id='word_1_140' title='bbox 1889 1902 1946 1960; x_wconf 90' lang='lat' dir='ltr'><strong>Si</strong></span> <span class='ocrx_word' id='word_1_141' title='bbox 1988 1903 2134 1959; x_wconf 90' lang='lat' dir='ltr'><strong>enim</strong></span> 
     </span>
    </p>
   </div>
   <div class='ocr_carea' id='block_1_19' title="bbox 544 1989 2133 2062">
    <p class='ocr_par' dir='ltr' id='par_1_19' title="bbox 544 1989 2133 2062">
     <span class='ocr_line' id='line_1_19' title="bbox 544 1989 2133 2062; baseline 0.005 -19"><span class='ocrx_word' id='word_1_142' title='bbox 544 1989 766 2045; x_wconf 89' lang='lat' dir='ltr'><strong>minime</strong></span> <span class='ocrx_word' id='word_1_143' title='bbox 782 1999 1072 2046; x_wconf 89' lang='lat' dir='ltr'><strong>contentus</strong></span> <span class='ocrx_word' id='word_1_144' title='bbox 1099 1991 1201 2047; x_wconf 92' lang='lat' dir='ltr'><strong>hoc</strong></span> <span class='ocrx_word' id='word_1_145' title='bbox 1225 1992 1413 2059; x_wconf 90' lang='lat' dir='ltr'><strong>verbo,</strong></span> <span class='ocrx_word' id='word_1_146' title='bbox 1437 1993 1503 2049; x_wconf 90' lang='lat' dir='ltr'><strong>ad</strong></span> <span class='ocrx_word' id='word_1_147' title='bbox 1528 1994 1923 2062; x_wconf 74' lang='lat' dir='ltr'><strong>inquisitionem</strong></span> <span class='ocrx_word' id='word_1_148' title='bbox 1953 2011 2133 2051; x_wconf 89' lang='lat' dir='ltr'><strong>rerum</strong></span> 
     </span>
    </p>
   </div>
   <div class='ocr_carea' id='block_1_20' title="bbox 543 2083 2132 2159">
    <p class='ocr_par' dir='ltr' id='par_1_20' title="bbox 543 2083 2132 2159">
     <span class='ocr_line' id='line_1_20' title="bbox 543 2083 2132 2159; baseline 0.004 -22"><span class='ocrx_word' id='word_1_149' title='bbox 543 2090 846 2159; x_wconf 68' lang='lat' dir='ltr'><strong>creamum</strong></span> <span class='ocrx_word' id='word_1_150' title='bbox 887 2083 1139 2155; x_wconf 78' lang='lat' dir='ltr'><strong>progredi</strong></span> <span class='ocrx_word' id='word_1_151' title='bbox 1184 2086 1342 2151; x_wconf 88' lang='lat' dir='ltr'><strong>velis,</strong></span> <span class='ocrx_word' id='word_1_152' title='bbox 1373 2095 1532 2155; x_wconf 86' lang='lat' dir='ltr'><strong>teque</strong></span> <span class='ocrx_word' id='word_1_153' title='bbox 1581 2086 1634 2140; x_wconf 93' lang='lat' dir='ltr'><strong>in</strong></span> <span class='ocrx_word' id='word_1_154' title='bbox 1664 2087 2132 2144; x_wconf 88' lang='lat' dir='ltr'><strong>ratiocinationum</strong></span> 
     </span>
    </p>
   </div>
   <div class='ocr_carea' id='block_1_21' title="bbox 539 2158 2131 2249">
    <p class='ocr_par' dir='ltr' id='par_1_21' title="bbox 539 2158 2131 2249">
     <span class='ocr_line' id='line_1_21' title="bbox 539 2158 2131 2249; baseline 0.005 -22"><span class='ocrx_word' id='word_1_155' title='bbox 539 2158 785 2242; x_wconf 83' lang='lat' dir='ltr'><strong>euripum</strong></span> <span class='ocrx_word' id='word_1_156' title='bbox 830 2185 893 2228; x_wconf 90' lang='lat' dir='ltr'><strong>ac</strong></span> <span class='ocrx_word' id='word_1_157' title='bbox 920 2173 1110 2229; x_wconf 85' lang='lat' dir='ltr'><strong>ﬂuctus</strong></span> <span class='ocrx_word' id='word_1_158' title='bbox 1130 2174 1303 2230; x_wconf 89' lang='lat' dir='ltr'><strong>solum</strong></span> <span class='ocrx_word' id='word_1_159' title='bbox 1335 2176 1539 2248; x_wconf 87' lang='lat' dir='ltr'><strong>injicias</strong></span> <span class='ocrx_word' id='word_1_160' title='bbox 1558 2218 1573 2241; x_wconf 93' lang='lat'><strong>,</strong></span> <span class='ocrx_word' id='word_1_161' title='bbox 1599 2193 1666 2233; x_wconf 88' lang='lat' dir='ltr'><strong>ex</strong></span> <span class='ocrx_word' id='word_1_162' title='bbox 1690 2178 1886 2249; x_wconf 86' lang='lat' dir='ltr'><strong>quibus</strong></span> <span class='ocrx_word' id='word_1_163' title='bbox 1912 2180 2131 2235; x_wconf 91' lang='lat' dir='ltr'><strong>multam</strong></span> 
     </span>
    </p>
   </div>
   <div class='ocr_carea' id='block_1_22' title="bbox 540 2265 2132 2341">
    <p class='ocr_par' dir='ltr' id='par_1_22' title="bbox 540 2265 2132 2341">
     <span class='ocr_line' id='line_1_22' title="bbox 540 2265 2132 2341; baseline 0.005 -22"><span class='ocrx_word' id='word_1_164' title='bbox 540 2265 742 2320; x_wconf 84' lang='lat' dir='ltr'><strong>senties</strong></span> <span class='ocrx_word' id='word_1_165' title='bbox 767 2265 1052 2321; x_wconf 81' lang='lat' dir='ltr'><strong>excitatam</strong></span> <span class='ocrx_word' id='word_1_166' title='bbox 1091 2268 1381 2336; x_wconf 81' lang='lat' dir='ltr'><strong>procellam</strong></span> <span class='ocrx_word' id='word_1_167' title='bbox 1404 2309 1419 2334; x_wconf 95' lang='lat'><strong>,</strong></span> <span class='ocrx_word' id='word_1_168' title='bbox 1448 2268 1578 2323; x_wconf 83' lang='lat' dir='ltr'><strong>nihil</strong></span> <span class='ocrx_word' id='word_1_169' title='bbox 1608 2269 1823 2339; x_wconf 79' lang='lat' dir='ltr'><strong>quidem</strong></span> <span class='ocrx_word' id='word_1_170' title='bbox 1864 2270 2132 2341; x_wconf 89' lang='lat' dir='ltr'><strong>intelliges</strong></span> 
     </span>
    </p>
   </div>
   <div class='ocr_carea' id='block_1_23' title="bbox 538 2354 2131 2432">
    <p class='ocr_par' dir='ltr' id='par_1_23' title="bbox 538 2354 2131 2432">
     <span class='ocr_line' id='line_1_23' title="bbox 538 2354 2131 2432; baseline 0.005 -24"><span class='ocrx_word' id='word_1_171' title='bbox 538 2354 804 2424; x_wconf 89' lang='lat' dir='ltr'><strong>amplius,</strong></span> <span class='ocrx_word' id='word_1_172' title='bbox 842 2356 936 2411; x_wconf 89' lang='lat' dir='ltr'><strong>sed</strong></span> <span class='ocrx_word' id='word_1_173' title='bbox 981 2356 1035 2411; x_wconf 91' lang='lat' dir='ltr'><strong>in</strong></span> <span class='ocrx_word' id='word_1_174' title='bbox 1075 2357 1408 2429; x_wconf 77' lang='lat' dir='ltr'><strong>naufragium</strong></span> <span class='ocrx_word' id='word_1_175' title='bbox 1453 2370 1506 2415; x_wconf 90' lang='lat' dir='ltr'><strong>te</strong></span> <span class='ocrx_word' id='word_1_176' title='bbox 1548 2360 1720 2430; x_wconf 90' lang='lat' dir='ltr'><strong>ipsum</strong></span> <span class='ocrx_word' id='word_1_177' title='bbox 1761 2362 2131 2432; x_wconf 86' lang='lat' dir='ltr'><strong>gravissimum</strong></span> 
     </span>
    </p>
   </div>
   <div class='ocr_carea' id='block_1_24' title="bbox 543 2445 2126 2518">
    <p class='ocr_par' dir='ltr' id='par_1_24' title="bbox 543 2445 2126 2518">
     <span class='ocr_line' id='line_1_24' title="bbox 543 2445 2126 2518; baseline 0.006 -20"><span class='ocrx_word' id='word_1_178' title='bbox 543 2445 870 2515; x_wconf 68' lang='lat' dir='ltr'><strong>prtecipitem</strong></span> <span class='ocrx_word' id='word_1_179' title='bbox 916 2461 1065 2517; x_wconf 88' lang='lat' dir='ltr'><strong>ages.</strong></span> <span class='ocrx_word' id='word_1_180' title='bbox 1108 2446 1291 2518; x_wconf 88' lang='lat' dir='ltr'><strong>Neque</strong></span> <span class='ocrx_word' id='word_1_181' title='bbox 1331 2449 1474 2504; x_wconf 90' lang='lat' dir='ltr'><strong>enim</strong></span> <span class='ocrx_word' id='word_1_182' title='bbox 1514 2451 1752 2506; x_wconf 88' lang='lat' dir='ltr'><strong>rationes</strong></span> <span class='ocrx_word' id='word_1_183' title='bbox 1781 2466 1972 2508; x_wconf 91' lang='lat' dir='ltr'><strong>omnes</strong></span> <span class='ocrx_word' id='word_1_184' title='bbox 2019 2454 2126 2508; x_wconf 87' lang='lat' dir='ltr'><strong>sin-</strong></span> 
     </span>
    </p>
   </div>
   <div class='ocr_carea' id='block_1_25' title="bbox 538 2533 2132 2614">
    <p class='ocr_par' dir='ltr' id='par_1_25' title="bbox 538 2533 2132 2614">
     <span class='ocr_line' id='line_1_25' title="bbox 538 2533 2132 2614; baseline 0.009 -26"><span class='ocrx_word' id='word_1_185' title='bbox 538 2533 785 2605; x_wconf 83' lang='lat' dir='ltr'><strong>gulorum</strong></span> <span class='ocrx_word' id='word_1_186' title='bbox 831 2553 949 2605; x_wconf 71' lang='lat' dir='ltr'><strong>qua:</strong></span> <span class='ocrx_word' id='word_1_187' title='bbox 979 2536 1114 2593; x_wconf 86' lang='lat' dir='ltr'><strong>facta</strong></span> <span class='ocrx_word' id='word_1_188' title='bbox 1146 2548 1273 2595; x_wconf 90' lang='lat' dir='ltr'><strong>sunt</strong></span> <span class='ocrx_word' id='word_1_189' title='bbox 1309 2541 1506 2611; x_wconf 88' lang='lat' dir='ltr'><strong>poteris</strong></span> <span class='ocrx_word' id='word_1_190' title='bbox 1532 2544 1802 2614; x_wconf 84' lang='lat' dir='ltr'><strong>reperire,</strong></span> <span class='ocrx_word' id='word_1_191' title='bbox 1833 2544 1929 2601; x_wconf 89' lang='lat' dir='ltr'><strong>sed</strong></span> <span class='ocrx_word' id='word_1_192' title='bbox 1955 2556 2009 2602; x_wconf 89' lang='lat' dir='ltr'><strong>et</strong></span> <span class='ocrx_word' id='word_1_193' title='bbox 2036 2561 2132 2603; x_wconf 86' lang='lat' dir='ltr'><strong>e0-</strong></span> 
     </span>
    </p>
   </div>
   <div class='ocr_carea' id='block_1_26' title="bbox 540 2628 2126 2707">
    <p class='ocr_par' dir='ltr' id='par_1_26' title="bbox 540 2628 2126 2707">
     <span class='ocr_line' id='line_1_26' title="bbox 540 2628 2126 2707; baseline 0.009 -28"><span class='ocrx_word' id='word_1_194' title='bbox 540 2641 659 2681; x_wconf 91' lang='lat' dir='ltr'><strong>rum</strong></span> <span class='ocrx_word' id='word_1_195' title='bbox 686 2642 806 2698; x_wconf 63' lang='lat' dir='ltr'><strong>qua:</strong></span> <span class='ocrx_word' id='word_1_196' title='bbox 833 2628 971 2683; x_wconf 89' lang='lat' dir='ltr'><strong>bona</strong></span> <span class='ocrx_word' id='word_1_197' title='bbox 1001 2631 1094 2685; x_wconf 87' lang='lat' dir='ltr'><strong>tibi</strong></span> <span class='ocrx_word' id='word_1_198' title='bbox 1123 2646 1263 2687; x_wconf 92' lang='lat' dir='ltr'><strong>nunc</strong></span> <span class='ocrx_word' id='word_1_199' title='bbox 1280 2632 1547 2699; x_wconf 88' lang='lat' dir='ltr'><strong>videntur,</strong></span> <span class='ocrx_word' id='word_1_200' title='bbox 1579 2636 1741 2690; x_wconf 90' lang='lat' dir='ltr'><strong>multa</strong></span> <span class='ocrx_word' id='word_1_201' title='bbox 1763 2636 2126 2707; x_wconf 86' lang='lat' dir='ltr'><strong>vituperabis,</strong></span> 
     </span>
    </p>
   </div>
   <div class='ocr_carea' id='block_1_27' title="bbox 538 2715 2129 2802">
    <p class='ocr_par' dir='ltr' id='par_1_27' title="bbox 538 2715 2129 2802">
     <span class='ocr_line' id='line_1_27' title="bbox 538 2715 2129 2802; baseline 0.011 -32"><span class='ocrx_word' id='word_1_202' title='bbox 538 2715 587 2772; x_wconf 97' lang='lat' dir='ltr'><strong>si</strong></span> <span class='ocrx_word' id='word_1_203' title='bbox 633 2719 873 2774; x_wconf 90' lang='lat' dir='ltr'><strong>animum</strong></span> <span class='ocrx_word' id='word_1_204' title='bbox 921 2720 1233 2777; x_wconf 86' lang='lat' dir='ltr'><strong>adhibueris</strong></span> <span class='ocrx_word' id='word_1_205' title='bbox 1277 2722 1651 2794; x_wconf 89' lang='lat' dir='ltr'><strong>depravatum.</strong></span> <span class='ocrx_word' id='word_1_206' title='bbox 1698 2729 1848 2785; x_wconf 84' lang='lat' dir='ltr'><strong>Adeo</strong></span> <span class='ocrx_word' id='word_1_207' title='bbox 1897 2746 2129 2802; x_wconf 84' lang='lat' dir='ltr'><strong>namque</strong></span> 
     </span>
    </p>
   </div>
   <div class='ocr_carea' id='block_1_28' title="bbox 540 2810 2131 2890">
    <p class='ocr_par' dir='ltr' id='par_1_28' title="bbox 540 2810 2131 2890">
     <span class='ocr_line' id='line_1_28' title="bbox 540 2810 2131 2890; baseline 0.011 -27"><span class='ocrx_word' id='word_1_208' title='bbox 540 2810 828 2869; x_wconf 87' lang='lat' dir='ltr'><strong>imbecillis</strong></span> <span class='ocrx_word' id='word_1_209' title='bbox 855 2823 937 2868; x_wconf 90' lang='lat' dir='ltr'><strong>est</strong></span> <span class='ocrx_word' id='word_1_210' title='bbox 960 2813 1237 2872; x_wconf 86' lang='lat' dir='ltr'><strong>hominum</strong></span> <span class='ocrx_word' id='word_1_211' title='bbox 1264 2817 1421 2884; x_wconf 86' lang='lat' dir='ltr'><strong>ratio,</strong></span> <span class='ocrx_word' id='word_1_212' title='bbox 1448 2827 1505 2874; x_wconf 93' lang='lat' dir='ltr'><strong>ut</strong></span> <span class='ocrx_word' id='word_1_213' title='bbox 1528 2834 1900 2890; x_wconf 75' lang='lat' dir='ltr'><strong>smpenumcro</strong></span> <span class='ocrx_word' id='word_1_214' title='bbox 1925 2825 1979 2880; x_wconf 94' lang='lat' dir='ltr'><strong>in</strong></span> <span class='ocrx_word' id='word_1_215' title='bbox 2000 2841 2131 2881; x_wconf 87' lang='lat' dir='ltr'><strong>con-</strong></span> 
     </span>
    </p>
   </div>
   <div class='ocr_carea' id='block_1_29' title="bbox 538 2902 2129 2979">
    <p class='ocr_par' dir='ltr' id='par_1_29' title="bbox 538 2902 2129 2979">
     <span class='ocr_line' id='line_1_29' title="bbox 538 2902 2129 2979; baseline 0.012 -23"><span class='ocrx_word' id='word_1_216' title='bbox 538 2902 762 2958; x_wconf 88' lang='lat' dir='ltr'><strong>trarium</strong></span> <span class='ocrx_word' id='word_1_217' title='bbox 793 2912 1002 2975; x_wconf 82' lang='lat' dir='ltr'><strong>agatur,</strong></span> <span class='ocrx_word' id='word_1_218' title='bbox 1048 2916 1105 2963; x_wconf 92' lang='lat' dir='ltr'><strong>et</strong></span> <span class='ocrx_word' id='word_1_219' title='bbox 1158 2908 1213 2962; x_wconf 93' lang='lat' dir='ltr'><strong>in</strong></span> <span class='ocrx_word' id='word_1_220' title='bbox 1246 2908 1450 2979; x_wconf 89' lang='lat' dir='ltr'><strong>judicio</strong></span> <span class='ocrx_word' id='word_1_221' title='bbox 1501 2910 1570 2966; x_wconf 89' lang='lat' dir='ltr'><strong>de</strong></span> <span class='ocrx_word' id='word_1_222' title='bbox 1615 2921 1859 2970; x_wconf 85' lang='lat' dir='ltr'><strong>creatura</strong></span> <span class='ocrx_word' id='word_1_223' title='bbox 1906 2914 2129 2974; x_wconf 88' lang='lat' dir='ltr'><strong>ferendo</strong></span> 
     </span>
    </p>
   </div>
   <div class='ocr_carea' id='block_1_30' title="bbox 537 2993 2129 3078">
    <p class='ocr_par' dir='ltr' id='par_1_30' title="bbox 537 2993 2129 3078">
     <span class='ocr_line' id='line_1_30' title="bbox 537 2993 2129 3078; baseline 0.011 -30"><span class='ocrx_word' id='word_1_224' title='bbox 537 2993 691 3050; x_wconf 91' lang='lat' dir='ltr'><strong>multi</strong></span> <span class='ocrx_word' id='word_1_225' title='bbox 719 2993 922 3052; x_wconf 90' lang='lat' dir='ltr'><strong>dlrecte</strong></span> <span class='ocrx_word' id='word_1_226' title='bbox 950 2999 1179 3069; x_wconf 87' lang='lat' dir='ltr'><strong>oppositi</strong></span> <span class='ocrx_word' id='word_1_227' title='bbox 1201 3000 1341 3057; x_wconf 91' lang='lat' dir='ltr'><strong>inter</strong></span> <span class='ocrx_word' id='word_1_228' title='bbox 1366 3016 1427 3058; x_wconf 90' lang='lat' dir='ltr'><strong>se</strong></span> <span class='ocrx_word' id='word_1_229' title='bbox 1453 3014 1707 3074; x_wconf 88' lang='lat' dir='ltr'><strong>pugnent.</strong></span> <span class='ocrx_word' id='word_1_230' title='bbox 1735 3005 1868 3061; x_wconf 89' lang='lat' dir='ltr'><strong>Nam</strong></span> <span class='ocrx_word' id='word_1_231' title='bbox 1899 3010 2129 3078; x_wconf 87' lang='lat' dir='ltr'><strong>gentiles</strong></span> 
     </span>
    </p>
   </div>
   <div class='ocr_carea' id='block_1_31' title="bbox 535 3087 2125 3168">
    <p class='ocr_par' dir='ltr' id='par_1_31' title="bbox 535 3087 2125 3168">
     <span class='ocr_line' id='line_1_31' title="bbox 535 3087 2125 3168; baseline 0.011 -28"><span class='ocrx_word' id='word_1_232' title='bbox 535 3087 752 3158; x_wconf 84' lang='lat' dir='ltr'><strong>quidem</strong></span> <span class='ocrx_word' id='word_1_233' title='bbox 782 3104 906 3145; x_wconf 92' lang='lat' dir='ltr'><strong>cum</strong></span> <span class='ocrx_word' id='word_1_234' title='bbox 937 3092 1055 3161; x_wconf 86' lang='lat' dir='ltr'><strong>plus</strong></span> <span class='ocrx_word' id='word_1_235' title='bbox 1082 3108 1241 3162; x_wconf 90' lang='lat' dir='ltr'><strong>quam</strong></span> <span class='ocrx_word' id='word_1_236' title='bbox 1267 3108 1403 3164; x_wconf 85' lang='lat' dir='ltr'><strong>Opus</strong></span> <span class='ocrx_word' id='word_1_237' title='bbox 1427 3096 1691 3166; x_wconf 79' lang='lat' dir='ltr'><strong>siripsam</strong></span> <span class='ocrx_word' id='word_1_238' title='bbox 1719 3099 1898 3156; x_wconf 89' lang='lat' dir='ltr'><strong>mirati</strong></span> <span class='ocrx_word' id='word_1_239' title='bbox 1922 3112 2125 3168; x_wconf 90' lang='lat' dir='ltr'><strong>essent,</strong></span> 
     </span>
    </p>
   </div>
   <div class='ocr_carea' id='block_1_32' title="bbox 537 3176 2126 3253">
    <p class='ocr_par' dir='ltr' id='par_1_32' title="bbox 537 3176 2126 3253">
     <span class='ocr_line' id='line_1_32' title="bbox 537 3176 2126 3253; baseline 0.01 -22"><span class='ocrx_word' id='word_1_240' title='bbox 537 3176 757 3233; x_wconf 90' lang='lat' dir='ltr'><strong>modum</strong></span> <span class='ocrx_word' id='word_1_241' title='bbox 804 3191 1192 3247; x_wconf 83' lang='lat' dir='ltr'><strong>excesserunt,</strong></span> <span class='ocrx_word' id='word_1_242' title='bbox 1235 3198 1463 3253; x_wconf 86' lang='lat' dir='ltr'><strong>eamque</strong></span> <span class='ocrx_word' id='word_1_243' title='bbox 1508 3185 1668 3241; x_wconf 89' lang='lat' dir='ltr'><strong>deum</strong></span> <span class='ocrx_word' id='word_1_244' title='bbox 1717 3203 1840 3245; x_wconf 89' lang='lat' dir='ltr'><strong>esse</strong></span> <span class='ocrx_word' id='word_1_245' title='bbox 1886 3192 2126 3248; x_wconf 87' lang='lat' dir='ltr'><strong>arbitrati</strong></span> 
     </span>
    </p>
   </div>
   <div class='ocr_carea' id='block_1_33' title="bbox 537 3267 2128 3353">
    <p class='ocr_par' dir='ltr' id='par_1_33' title="bbox 537 3267 2128 3353">
     <span class='ocr_line' id='line_1_33' title="bbox 537 3267 2128 3353; baseline 0.011 -31"><span class='ocrx_word' id='word_1_246' title='bbox 537 3278 702 3353; x_wconf 87' lang='lat' dir='ltr'><strong>sunt:</strong></span> <span class='ocrx_word' id='word_1_247' title='bbox 730 3267 1008 3327; x_wconf 83' lang='lat' dir='ltr'><strong>Manichaei</strong></span> <span class='ocrx_word' id='word_1_248' title='bbox 1038 3287 1169 3330; x_wconf 89' lang='lat' dir='ltr'><strong>vero</strong></span> <span class='ocrx_word' id='word_1_249' title='bbox 1192 3314 1209 3340; x_wconf 94' lang='lat'><strong>,</strong></span> <span class='ocrx_word' id='word_1_250' title='bbox 1231 3284 1287 3330; x_wconf 91' lang='lat' dir='ltr'><strong>et</strong></span> <span class='ocrx_word' id='word_1_251' title='bbox 1314 3275 1403 3330; x_wconf 93' lang='lat' dir='ltr'><strong>alii</strong></span> <span class='ocrx_word' id='word_1_252' title='bbox 1433 3292 1620 3334; x_wconf 89' lang='lat' dir='ltr'><strong>rursus</strong></span> <span class='ocrx_word' id='word_1_253' title='bbox 1648 3278 1887 3337; x_wconf 65' lang='lat' dir='ltr'><strong>haeretici</strong></span> <span class='ocrx_word' id='word_1_254' title='bbox 1914 3284 2128 3353; x_wconf 87' lang='lat' dir='ltr'><strong>quidam</strong></span> 
     </span>
    </p>
   </div>
   <div class='ocr_carea' id='block_1_34' title="bbox 538 3352 2128 3449">
    <p class='ocr_par' dir='ltr' id='par_1_34' title="bbox 538 3352 2128 3449">
     <span class='ocr_line' id='line_1_34' title="bbox 538 3352 2128 3449; baseline 0.011 -33"><span class='ocrx_word' id='word_1_255' title='bbox 538 3352 628 3417; x_wconf 88' lang='lat' dir='ltr'><strong>dei</strong></span> <span class='ocrx_word' id='word_1_256' title='bbox 674 3362 898 3420; x_wconf 92' lang='lat' dir='ltr'><strong>minime</strong></span> <span class='ocrx_word' id='word_1_257' title='bbox 925 3364 1051 3421; x_wconf 91' lang='lat' dir='ltr'><strong>boui</strong></span> <span class='ocrx_word' id='word_1_258' title='bbox 1086 3367 1164 3439; x_wconf 89' lang='lat' dir='ltr'><strong>(a)</strong></span> <span class='ocrx_word' id='word_1_259' title='bbox 1205 3382 1342 3438; x_wconf 87' lang='lat' dir='ltr'><strong>opus</strong></span> <span class='ocrx_word' id='word_1_260' title='bbox 1375 3385 1494 3425; x_wconf 87' lang='lat' dir='ltr'><strong>eam</strong></span> <span class='ocrx_word' id='word_1_261' title='bbox 1536 3387 1658 3428; x_wconf 89' lang='lat' dir='ltr'><strong>esse</strong></span> <span class='ocrx_word' id='word_1_262' title='bbox 1683 3352 1973 3432; x_wconf 74' lang='lat' dir='ltr'><strong>dixerunt:</strong></span> <span class='ocrx_word' id='word_1_263' title='bbox 2004 3380 2128 3449; x_wconf 90' lang='lat' dir='ltr'><strong>qui-</strong></span> 
     </span>
    </p>
   </div>
   <div class='ocr_carea' id='block_1_35' title="bbox 538 3452 2129 3538">
    <p class='ocr_par' dir='ltr' id='par_1_35' title="bbox 538 3452 2129 3538">
     <span class='ocr_line' id='line_1_35' title="bbox 538 3452 2129 3538; baseline 0.011 -30"><span class='ocrx_word' id='word_1_264' title='bbox 538 3452 661 3508; x_wconf 88' lang='lat' dir='ltr'><strong>dam</strong></span> <span class='ocrx_word' id='word_1_265' title='bbox 687 3469 849 3508; x_wconf 90' lang='lat' dir='ltr'><strong>unam</strong></span> <span class='ocrx_word' id='word_1_266' title='bbox 877 3454 992 3525; x_wconf 90' lang='lat' dir='ltr'><strong>ejus</strong></span> <span class='ocrx_word' id='word_1_267' title='bbox 1016 3467 1223 3527; x_wconf 88' lang='lat' dir='ltr'><strong>partem</strong></span> <span class='ocrx_word' id='word_1_268' title='bbox 1250 3460 1491 3515; x_wconf 86' lang='lat' dir='ltr'><strong>avulsam</strong></span> <span class='ocrx_word' id='word_1_269' title='bbox 1519 3477 1550 3516; x_wconf 84' lang='lat' dir='ltr'><strong>a</strong></span> <span class='ocrx_word' id='word_1_270' title='bbox 1579 3465 1791 3520; x_wconf 61' lang='lat' dir='ltr'><strong>exteris</strong></span> <span class='ocrx_word' id='word_1_271' title='bbox 1815 3479 2129 3538; x_wconf 73' lang='lat' dir='ltr'><strong>Spontaneze</strong></span> 
     </span>
    </p>
   </div>
   <div class='ocr_carea' id='block_1_36' title="bbox 537 3544 2129 3631">
    <p class='ocr_par' dir='ltr' id='par_1_36' title="bbox 537 3544 2129 3631">
     <span class='ocr_line' id='line_1_36' title="bbox 537 3544 2129 3631; baseline 0.013 -31"><span class='ocrx_word' id='word_1_272' title='bbox 537 3544 749 3601; x_wconf 87' lang='lat' dir='ltr'><strong>cuidam</strong></span> <span class='ocrx_word' id='word_1_273' title='bbox 781 3549 1019 3604; x_wconf 69' lang='lat' dir='ltr'><strong>materiae</strong></span> <span class='ocrx_word' id='word_1_274' title='bbox 1038 3551 1427 3622; x_wconf 89' lang='lat' dir='ltr'><strong>attribuerunt,</strong></span> <span class='ocrx_word' id='word_1_275' title='bbox 1457 3570 1682 3628; x_wconf 90' lang='lat' dir='ltr'><strong>eamque</strong></span> <span class='ocrx_word' id='word_1_276' title='bbox 1712 3559 1980 3631; x_wconf 86' lang='lat' dir='ltr'><strong>indignam</strong></span> <span class='ocrx_word' id='word_1_277' title='bbox 2007 3580 2129 3620; x_wconf 86' lang='lat' dir='ltr'><strong>esse</strong></span> 
     </span>
    </p>
   </div>
   <div class='ocr_carea' id='block_1_37' title="bbox 539 3636 2130 3726">
    <p class='ocr_par' dir='ltr' id='par_1_37' title="bbox 539 3636 2130 3726">
     <span class='ocr_line' id='line_1_37' title="bbox 539 3636 2130 3726; baseline 0.012 -34"><span class='ocrx_word' id='word_1_278' title='bbox 539 3636 635 3694; x_wconf 91' lang='lat' dir='ltr'><strong>Dci</strong></span> <span class='ocrx_word' id='word_1_279' title='bbox 662 3638 884 3710; x_wconf 89' lang='lat' dir='ltr'><strong>opificio</strong></span> <span class='ocrx_word' id='word_1_280' title='bbox 910 3640 1241 3711; x_wconf 90' lang='lat' dir='ltr'><strong>judicarunt.</strong></span> <span class='ocrx_word' id='word_1_281' title='bbox 1278 3643 1388 3713; x_wconf 91' lang='lat' dir='ltr'><strong>lta,</strong></span> <span class='ocrx_word' id='word_1_282' title='bbox 1413 3647 1552 3703; x_wconf 89' lang='lat' dir='ltr'><strong>sicut</strong></span> <span class='ocrx_word' id='word_1_283' title='bbox 1590 3659 1717 3707; x_wconf 87' lang='lat' dir='ltr'><strong>ante</strong></span> <span class='ocrx_word' id='word_1_284' title='bbox 1752 3651 1891 3720; x_wconf 87' lang='lat' dir='ltr'><strong>dixi,</strong></span> <span class='ocrx_word' id='word_1_285' title='bbox 1936 3655 1983 3708; x_wconf 89' lang='lat' dir='ltr'><strong>si</strong></span> <span class='ocrx_word' id='word_1_286' title='bbox 2007 3656 2130 3726; x_wconf 87' lang='lat' dir='ltr'><strong>quis</strong></span> 
     </span>
    </p>
   </div>
   <div class='ocr_carea' id='block_1_38' title="bbox 535 3731 2129 3810">
    <p class='ocr_par' dir='ltr' id='par_1_38' title="bbox 535 3731 2129 3810">
     <span class='ocr_line' id='line_1_38' title="bbox 535 3731 2129 3810; baseline 0.013 -25"><span class='ocrx_word' id='word_1_287' title='bbox 535 3731 800 3788; x_wconf 86' lang='lat' dir='ltr'><strong>rationem</strong></span> <span class='ocrx_word' id='word_1_288' title='bbox 830 3748 893 3789; x_wconf 92' lang='lat' dir='ltr'><strong>ac</strong></span> <span class='ocrx_word' id='word_1_289' title='bbox 919 3745 1152 3791; x_wconf 90' lang='lat' dir='ltr'><strong>mentem</strong></span> <span class='ocrx_word' id='word_1_290' title='bbox 1176 3736 1521 3807; x_wconf 89' lang='lat' dir='ltr'><strong>depravatam</strong></span> <span class='ocrx_word' id='word_1_291' title='bbox 1551 3741 1838 3810; x_wconf 90' lang='lat' dir='ltr'><strong>adhibeat,</strong></span> <span class='ocrx_word' id='word_1_292' title='bbox 1874 3746 2041 3802; x_wconf 91' lang='lat' dir='ltr'><strong>multa</strong></span> <span class='ocrx_word' id='word_1_293' title='bbox 2063 3764 2129 3804; x_wconf 88' lang='lat' dir='ltr'><strong>ex</strong></span> 
     </span>
    </p>
   </div>
   <div class='ocr_carea' id='block_1_39' title="bbox 537 3823 2127 3902">
    <p class='ocr_par' dir='ltr' id='par_1_39' title="bbox 537 3823 2127 3902">
     <span class='ocr_line' id='line_1_39' title="bbox 537 3823 2127 3902; baseline 0.012 -25"><span class='ocrx_word' id='word_1_294' title='bbox 537 3823 639 3889; x_wconf 86' lang='lat' dir='ltr'><strong>iis,</strong></span> <span class='ocrx_word' id='word_1_295' title='bbox 664 3838 788 3895; x_wconf 65' lang='lat' dir='ltr'><strong>quae</strong></span> <span class='ocrx_word' id='word_1_296' title='bbox 830 3825 970 3881; x_wconf 88' lang='lat' dir='ltr'><strong>bona</strong></span> <span class='ocrx_word' id='word_1_297' title='bbox 999 3842 1120 3883; x_wconf 90' lang='lat' dir='ltr'><strong>esse</strong></span> <span class='ocrx_word' id='word_1_298' title='bbox 1145 3829 1430 3899; x_wconf 89' lang='lat' dir='ltr'><strong>videntur,</strong></span> <span class='ocrx_word' id='word_1_299' title='bbox 1460 3833 1752 3889; x_wconf 86' lang='lat' dir='ltr'><strong>accusabit.</strong></span> <span class='ocrx_word' id='word_1_300' title='bbox 1802 3836 1939 3902; x_wconf 88' lang='lat' dir='ltr'><strong>Quid</strong></span> <span class='ocrx_word' id='word_1_301' title='bbox 1984 3842 2127 3895; x_wconf 90' lang='lat' dir='ltr'><strong>enim</strong></span> 
     </span>
    </p>
   </div>
   <div class='ocr_carea' id='block_1_40' title="bbox 540 3915 2129 3997">
    <p class='ocr_par' dir='ltr' id='par_1_40' title="bbox 540 3915 2129 3997">
     <span class='ocr_line' id='line_1_40' title="bbox 540 3915 2129 3997; baseline 0.011 -26"><span class='ocrx_word' id='word_1_302' title='bbox 540 3915 635 3972; x_wconf 90' lang='lat' dir='ltr'><strong>tibi</strong></span> <span class='ocrx_word' id='word_1_303' title='bbox 661 3918 777 3973; x_wconf 90' lang='lat' dir='ltr'><strong>sole</strong></span> <span class='ocrx_word' id='word_1_304' title='bbox 806 3918 1082 3988; x_wconf 89' lang='lat' dir='ltr'><strong>pulchrius</strong></span> <span class='ocrx_word' id='word_1_305' title='bbox 1105 3920 1352 3979; x_wconf 79' lang='lat' dir='ltr'><strong>videtur?</strong></span> <span class='ocrx_word' id='word_1_306' title='bbox 1369 3926 1618 3981; x_wconf 81' lang='lat' dir='ltr'><strong>Attamen</strong></span> <span class='ocrx_word' id='word_1_307' title='bbox 1632 3926 1971 3997; x_wconf 89' lang='lat' dir='ltr'><strong>splendidum</strong></span> <span class='ocrx_word' id='word_1_308' title='bbox 1988 3931 2129 3988; x_wconf 86' lang='lat' dir='ltr'><strong>istud</strong></span> 
     </span>
    </p>
   </div>
   <div class='ocr_carea' id='block_1_41' title="bbox 536 4007 2132 4091">
    <p class='ocr_par' dir='ltr' id='par_1_41' title="bbox 536 4007 2132 4091">
     <span class='ocr_line' id='line_1_41' title="bbox 536 4007 2132 4091; baseline 0.01 -27"><span class='ocrx_word' id='word_1_309' title='bbox 536 4018 594 4065; x_wconf 89' lang='lat' dir='ltr'><strong>et</strong></span> <span class='ocrx_word' id='word_1_310' title='bbox 639 4007 935 4079; x_wconf 89' lang='lat' dir='ltr'><strong>jucundum</strong></span> <span class='ocrx_word' id='word_1_311' title='bbox 982 4022 1188 4068; x_wconf 89' lang='lat' dir='ltr'><strong>astrum</strong></span> <span class='ocrx_word' id='word_1_312' title='bbox 1235 4022 1291 4070; x_wconf 90' lang='lat' dir='ltr'><strong>et</strong></span> <span class='ocrx_word' id='word_1_313' title='bbox 1341 4016 1529 4073; x_wconf 90' lang='lat' dir='ltr'><strong>oculos</strong></span> <span class='ocrx_word' id='word_1_314' title='bbox 1576 4018 1723 4075; x_wconf 63' lang='lat' dir='ltr'><strong>laedit</strong></span> <span class='ocrx_word' id='word_1_315' title='bbox 1773 4020 2047 4091; x_wconf 90' lang='lat' dir='ltr'><strong>infirmos,</strong></span> <span class='ocrx_word' id='word_1_316' title='bbox 2076 4034 2132 4081; x_wconf 91' lang='lat' dir='ltr'><strong>et</strong></span> 
     </span>
    </p>
   </div>
   <div class='ocr_carea' id='block_1_42' title="bbox 534 4100 2131 4182">
    <p class='ocr_par' dir='ltr' id='par_1_42' title="bbox 534 4100 2131 4182">
     <span class='ocr_line' id='line_1_42' title="bbox 534 4100 2131 4182; baseline 0.012 -28"><span class='ocrx_word' id='word_1_317' title='bbox 534 4114 662 4163; x_wconf 82' lang='lat' dir='ltr'><strong>cum</strong></span> <span class='ocrx_word' id='word_1_318' title='bbox 686 4100 866 4157; x_wconf 92' lang='lat' dir='ltr'><strong>radios</strong></span> <span class='ocrx_word' id='word_1_319' title='bbox 905 4102 1239 4161; x_wconf 88' lang='lat' dir='ltr'><strong>ardentiores</strong></span> <span class='ocrx_word' id='word_1_320' title='bbox 1267 4107 1501 4176; x_wconf 91' lang='lat' dir='ltr'><strong>emittit,</strong></span> <span class='ocrx_word' id='word_1_321' title='bbox 1543 4117 1741 4166; x_wconf 88' lang='lat' dir='ltr'><strong>terram</strong></span> <span class='ocrx_word' id='word_1_322' title='bbox 1786 4113 1925 4182; x_wconf 90' lang='lat' dir='ltr'><strong>urit,</strong></span> <span class='ocrx_word' id='word_1_323' title='bbox 1954 4114 2131 4173; x_wconf 85' lang='lat' dir='ltr'><strong>febres</strong></span> 
     </span>
    </p>
   </div>
   <div class='ocr_carea' id='block_1_43' title="bbox 537 4190 2127 4277">
    <p class='ocr_par' dir='ltr' id='par_1_43' title="bbox 537 4190 2127 4277">
     <span class='ocr_line' id='line_1_43' title="bbox 537 4190 2127 4277; baseline 0.013 -34"><span class='ocrx_word' id='word_1_324' title='bbox 537 4191 728 4263; x_wconf 84' lang='lat' dir='ltr'><strong>gignit,</strong></span> <span class='ocrx_word' id='word_1_325' title='bbox 756 4190 937 4269; x_wconf 84' lang='lat' dir='ltr'><strong>fruges</strong></span> <span class='ocrx_word' id='word_1_326' title='bbox 959 4209 1332 4266; x_wconf 63' lang='lat' dir='ltr'><strong>saepenumero</strong></span> <span class='ocrx_word' id='word_1_327' title='bbox 1356 4198 1579 4256; x_wconf 88' lang='lat' dir='ltr'><strong>arefacit</strong></span> <span class='ocrx_word' id='word_1_328' title='bbox 1603 4211 1658 4258; x_wconf 88' lang='lat' dir='ltr'><strong>et</strong></span> <span class='ocrx_word' id='word_1_329' title='bbox 1682 4203 1901 4262; x_wconf 88' lang='lat' dir='ltr'><strong>inutiles</strong></span> <span class='ocrx_word' id='word_1_330' title='bbox 1927 4207 2127 4277; x_wconf 90' lang='lat' dir='ltr'><strong>reddit,</strong></span> 
     </span>
    </p>
   </div>
   <div class='ocr_carea' id='block_1_44' title="bbox 540 4282 2128 4363">
    <p class='ocr_par' dir='ltr' id='par_1_44' title="bbox 540 4282 2128 4363">
     <span class='ocr_line' id='line_1_44' title="bbox 540 4282 2128 4363; baseline 0.013 -27"><span class='ocrx_word' id='word_1_331' title='bbox 540 4282 766 4339; x_wconf 88' lang='lat' dir='ltr'><strong>arbores</strong></span> <span class='ocrx_word' id='word_1_332' title='bbox 790 4283 1105 4343; x_wconf 80' lang='lat' dir='ltr'><strong>infecundas</strong></span> <span class='ocrx_word' id='word_1_333' title='bbox 1130 4286 1297 4345; x_wconf 89' lang='lat' dir='ltr'><strong>efficit</strong></span> <span class='ocrx_word' id='word_1_334' title='bbox 1316 4329 1333 4356; x_wconf 97' lang='lat'><strong>,</strong></span> <span class='ocrx_word' id='word_1_335' title='bbox 1359 4304 1425 4348; x_wconf 91' lang='lat' dir='ltr'><strong>ac</strong></span> <span class='ocrx_word' id='word_1_336' title='bbox 1442 4301 1649 4363; x_wconf 90' lang='lat' dir='ltr'><strong>partem</strong></span> <span class='ocrx_word' id='word_1_337' title='bbox 1688 4297 1836 4352; x_wconf 91' lang='lat' dir='ltr'><strong>orbis</strong></span> <span class='ocrx_word' id='word_1_338' title='bbox 1867 4305 2128 4357; x_wconf 90' lang='lat' dir='ltr'><strong>terrarum</strong></span> 
     </span>
    </p>
   </div>
   <div class='ocr_carea' id='block_1_45' title="bbox 542 4377 2129 4463">
    <p class='ocr_par' dir='ltr' id='par_1_45' title="bbox 542 4377 2129 4463">
     <span class='ocr_line' id='line_1_45' title="bbox 542 4377 2129 4463; baseline 0.013 -33"><span class='ocrx_word' id='word_1_339' title='bbox 542 4383 744 4433; x_wconf 76' lang='lat' dir='ltr'><strong>nostra:</strong></span> <span class='ocrx_word' id='word_1_340' title='bbox 772 4377 1023 4453; x_wconf 22' lang='lat' dir='ltr'><strong>ineptam.</strong></span> <span class='ocrx_word' id='word_1_341' title='bbox 1046 4380 1364 4439; x_wconf 90' lang='lat' dir='ltr'><strong>habitationi</strong></span> <span class='ocrx_word' id='word_1_342' title='bbox 1408 4394 1466 4440; x_wconf 90' lang='lat' dir='ltr'><strong>et</strong></span> <span class='ocrx_word' id='word_1_343' title='bbox 1492 4386 1738 4443; x_wconf 87' lang='lat' dir='ltr'><strong>infestam</strong></span> <span class='ocrx_word' id='word_1_344' title='bbox 1766 4389 1961 4446; x_wconf 89' lang='lat' dir='ltr'><strong>reddit.</strong></span> <span class='ocrx_word' id='word_1_345' title='bbox 1991 4393 2129 4463; x_wconf 84' lang='lat' dir='ltr'><strong>Quid</strong></span> 
     </span>
    </p>
   </div>
   <div class='ocr_carea' id='block_1_46' title="bbox 537 4470 2132 4543">
    <p class='ocr_par' dir='ltr' id='par_1_46' title="bbox 537 4470 2132 4543">
     <span class='ocr_line' id='line_1_46' title="bbox 537 4470 2132 4543; baseline 0.009 -16"><span class='ocrx_word' id='word_1_346' title='bbox 537 4470 710 4541; x_wconf 71' lang='lat' dir='ltr'><strong>ergo?</strong></span> <span class='ocrx_word' id='word_1_347' title='bbox 737 4486 862 4527; x_wconf 90' lang='lat' dir='ltr'><strong>num</strong></span> <span class='ocrx_word' id='word_1_348' title='bbox 881 4512 898 4540; x_wconf 90' lang='lat'><strong>,</strong></span> <span class='ocrx_word' id='word_1_349' title='bbox 928 4487 1132 4543; x_wconf 85' lang='lat' dir='ltr'><strong>quaeso,</strong></span> <span class='ocrx_word' id='word_1_350' title='bbox 1162 4473 1331 4531; x_wconf 90' lang='lat' dir='ltr'><strong>solem</strong></span> <span class='ocrx_word' id='word_1_351' title='bbox 1362 4475 1564 4533; x_wconf 91' lang='lat' dir='ltr'><strong>idcirco</strong></span> <span class='ocrx_word' id='word_1_352' title='bbox 1594 4481 1992 4539; x_wconf 83' lang='lat' dir='ltr'><strong>accusabimus?</strong></span> <span class='ocrx_word' id='word_1_353' title='bbox 2022 4486 2132 4541; x_wconf 84' lang='lat' dir='ltr'><strong>Ab-</strong></span> 
     </span>
    </p>
   </div>
   <div class='ocr_carea' id='block_1_47' title="bbox 540 4560 2142 4646">
    <p class='ocr_par' dir='ltr' id='par_1_47' title="bbox 540 4560 2142 4646">
     <span class='ocr_line' id='line_1_47' title="bbox 540 4560 2142 4646; baseline 0.01 -29"><span class='ocrx_word' id='word_1_354' title='bbox 540 4561 649 4628; x_wconf 87' lang='lat' dir='ltr'><strong>sit;</strong></span> <span class='ocrx_word' id='word_1_355' title='bbox 672 4561 782 4617; x_wconf 92' lang='lat' dir='ltr'><strong>imo</strong></span> <span class='ocrx_word' id='word_1_356' title='bbox 812 4578 940 4619; x_wconf 89' lang='lat' dir='ltr'><strong>vero</strong></span> <span class='ocrx_word' id='word_1_357' title='bbox 981 4565 1247 4621; x_wconf 88' lang='lat' dir='ltr'><strong>rationem</strong></span> <span class='ocrx_word' id='word_1_358' title='bbox 1290 4568 1577 4637; x_wconf 89' lang='lat' dir='ltr'><strong>quiescere</strong></span> <span class='ocrx_word' id='word_1_359' title='bbox 1607 4571 1896 4642; x_wconf 91' lang='lat' dir='ltr'><strong>jubentes,</strong></span> <span class='ocrx_word' id='word_1_360' title='bbox 1923 4560 2142 4646; x_wconf 44' lang='lat' dir='ltr'><strong>petram&#39;</strong></span> 
     </span>
    </p>
   </div>
   <div class='ocr_carea' id='block_1_48' title="bbox 537 4654 2131 4730">
    <p class='ocr_par' dir='ltr' id='par_1_48' title="bbox 537 4654 2131 4730">
     <span class='ocr_line' id='line_1_48' title="bbox 537 4654 2131 4730; baseline 0.01 -21"><span class='ocrx_word' id='word_1_361' title='bbox 537 4654 684 4710; x_wconf 91' lang='lat' dir='ltr'><strong>illam</strong></span> <span class='ocrx_word' id='word_1_362' title='bbox 730 4656 1147 4727; x_wconf 90' lang='lat' dir='ltr'><strong>oecupabimus,</strong></span> <span class='ocrx_word' id='word_1_363' title='bbox 1172 4668 1228 4714; x_wconf 89' lang='lat' dir='ltr'><strong>et</strong></span> <span class='ocrx_word' id='word_1_364' title='bbox 1253 4659 1455 4715; x_wconf 88' lang='lat' dir='ltr'><strong>dictum</strong></span> <span class='ocrx_word' id='word_1_365' title='bbox 1495 4661 1625 4718; x_wconf 91' lang='lat' dir='ltr'><strong>illud</strong></span> <span class='ocrx_word' id='word_1_366' title='bbox 1649 4704 1665 4730; x_wconf 94' lang='lat'><strong>,</strong></span> <span class='ocrx_word' id='word_1_367' title='bbox 1716 4663 1786 4719; x_wconf 89' lang='lat' dir='ltr'><strong>Et</strong></span> <span class='ocrx_word' id='word_1_368' title='bbox 1822 4666 1948 4723; x_wconf 73' lang='lat' dir='ltr'><strong>sidit</strong></span> <span class='ocrx_word' id='word_1_369' title='bbox 1989 4667 2131 4725; x_wconf 82' lang='lat' dir='ltr'><strong>Deus</strong></span> 
     </span>
    </p>
   </div>
   <div class='ocr_carea' id='block_1_49' title="bbox 539 4747 2128 4834">
    <p class='ocr_par' dir='ltr' id='par_1_49' title="bbox 539 4747 2128 4834">
     <span class='ocr_line' id='line_1_49' title="bbox 539 4747 2128 4834; baseline 0.012 -36"><span class='ocrx_word' id='word_1_370' title='bbox 539 4755 722 4799; x_wconf 81' lang='lat' dir='ltr'><strong>cuncta</strong></span> <span class='ocrx_word' id='word_1_371' title='bbox 768 4762 881 4817; x_wconf 76' lang='lat' dir='ltr'><strong>qua:</strong></span> <span class='ocrx_word' id='word_1_372' title='bbox 904 4747 1124 4817; x_wconf 81' lang='lat' dir='ltr'><strong>fecerat,</strong></span> <span class='ocrx_word' id='word_1_373' title='bbox 1151 4756 1197 4802; x_wconf 86' lang='lat' dir='ltr'><strong>et</strong></span> <span class='ocrx_word' id='word_1_374' title='bbox 1223 4766 1339 4805; x_wconf 85' lang='lat' dir='ltr'><strong>ecce</strong></span> <span class='ocrx_word' id='word_1_375' title='bbox 1373 4749 1506 4806; x_wconf 83' lang='lat' dir='ltr'><strong>bona</strong></span> <span class='ocrx_word' id='word_1_376' title='bbox 1546 4754 1693 4809; x_wconf 83' lang='lat' dir='ltr'><strong>valde</strong></span> <span class='ocrx_word' id='word_1_377' title='bbox 1734 4754 1886 4827; x_wconf 85' lang='lat' dir='ltr'><strong>(Gen.</strong></span> <span class='ocrx_word' id='word_1_378' title='bbox 1912 4759 1965 4814; x_wconf 84' lang='grc'><strong>1.</strong></span> <span class='ocrx_word' id='word_1_379' title='bbox 1993 4761 2085 4834; x_wconf 77' lang='grc'><strong>51)</strong></span> <span class='ocrx_word' id='word_1_380' title='bbox 2112 4779 2128 4817; x_wconf 87' lang='lat'><strong>:</strong></span> 
     </span>
    </p>
   </div>
   <div class='ocr_carea' id='block_1_50' title="bbox 538 4833 2125 4919">
    <p class='ocr_par' dir='ltr' id='par_1_50' title="bbox 538 4833 2125 4919">
     <span class='ocr_line' id='line_1_50' title="bbox 538 4833 2125 4919; baseline 0.014 -34"><span class='ocrx_word' id='word_1_381' title='bbox 538 4833 801 4901; x_wconf 82' lang='lat' dir='ltr'><strong>siquidem</strong></span> <span class='ocrx_word' id='word_1_382' title='bbox 833 4845 888 4892; x_wconf 89' lang='lat' dir='ltr'><strong>et</strong></span> <span class='ocrx_word' id='word_1_383' title='bbox 912 4839 1000 4892; x_wconf 91' lang='lat' dir='ltr'><strong>illa</strong></span> <span class='ocrx_word' id='word_1_384' title='bbox 1026 4840 1138 4908; x_wconf 89' lang='lat' dir='ltr'><strong>ipsa</strong></span> <span class='ocrx_word' id='word_1_385' title='bbox 1156 4855 1276 4909; x_wconf 67' lang='lat' dir='ltr'><strong>qua:</strong></span> <span class='ocrx_word' id='word_1_386' title='bbox 1307 4856 1449 4896; x_wconf 91' lang='lat' dir='ltr'><strong>nunc</strong></span> <span class='ocrx_word' id='word_1_387' title='bbox 1472 4854 1787 4901; x_wconf 87' lang='lat' dir='ltr'><strong>enumerata</strong></span> <span class='ocrx_word' id='word_1_388' title='bbox 1811 4858 1936 4905; x_wconf 88' lang='lat' dir='ltr'><strong>sunt</strong></span> <span class='ocrx_word' id='word_1_389' title='bbox 1960 4865 1990 4905; x_wconf 90' lang='lat' dir='ltr'><strong>a</strong></span> <span class='ocrx_word' id='word_1_390' title='bbox 2016 4833 2125 4919; x_wconf 89' lang='lat' dir='ltr'><strong>me,</strong></span> 
     </span>
    </p>
   </div>
   <div class='ocr_carea' id='block_1_51' title="bbox 539 4922 2127 5010">
    <p class='ocr_par' dir='ltr' id='par_1_51' title="bbox 539 4922 2127 5010">
     <span class='ocr_line' id='line_1_51' title="bbox 539 4922 2127 5010; baseline 0.014 -34"><span class='ocrx_word' id='word_1_391' title='bbox 539 4922 682 4996; x_wconf 84' lang='lat' dir='ltr'><strong>bona</strong></span> <span class='ocrx_word' id='word_1_392' title='bbox 708 4923 861 4980; x_wconf 88' lang='lat' dir='ltr'><strong>valde</strong></span> <span class='ocrx_word' id='word_1_393' title='bbox 889 4935 1013 4981; x_wconf 90' lang='lat' dir='ltr'><strong>sunt</strong></span> <span class='ocrx_word' id='word_1_394' title='bbox 1039 4936 1094 4984; x_wconf 92' lang='lat' dir='ltr'><strong>et</strong></span> <span class='ocrx_word' id='word_1_395' title='bbox 1130 4931 1433 4987; x_wconf 90' lang='lat' dir='ltr'><strong>commoda.</strong></span> <span class='ocrx_word' id='word_1_396' title='bbox 1467 4932 1574 4990; x_wconf 91' lang='lat' dir='ltr'><strong>Sed</strong></span> <span class='ocrx_word' id='word_1_397' title='bbox 1601 4943 1660 4990; x_wconf 92' lang='lat' dir='ltr'><strong>ut</strong></span> <span class='ocrx_word' id='word_1_398' title='bbox 1705 4939 1951 5009; x_wconf 89' lang='lat' dir='ltr'><strong>superius</strong></span> <span class='ocrx_word' id='word_1_399' title='bbox 1980 4940 2087 4998; x_wconf 78' lang='lat' dir='ltr'><strong>dixi</strong></span> <span class='ocrx_word' id='word_1_400' title='bbox 2111 4983 2127 5010; x_wconf 90' lang='lat'><strong>,</strong></span> 
     </span>
    </p>
   </div>
   <div class='ocr_carea' id='block_1_52' title="bbox 540 5012 2127 5097">
    <p class='ocr_par' dir='ltr' id='par_1_52' title="bbox 540 5012 2127 5097">
     <span class='ocr_line' id='line_1_52' title="bbox 540 5012 2127 5097; baseline 0.014 -29"><span class='ocrx_word' id='word_1_401' title='bbox 540 5012 608 5069; x_wconf 86' lang='lat' dir='ltr'><strong>ad</strong></span> <span class='ocrx_word' id='word_1_402' title='bbox 646 5027 835 5069; x_wconf 89' lang='lat' dir='ltr'><strong>vocem</strong></span> <span class='ocrx_word' id='word_1_403' title='bbox 877 5014 1022 5070; x_wconf 91' lang='lat' dir='ltr'><strong>illam</strong></span> <span class='ocrx_word' id='word_1_404' title='bbox 1054 5018 1435 5082; x_wconf 88' lang='lat' dir='ltr'><strong>recurrendum</strong></span> <span class='ocrx_word' id='word_1_405' title='bbox 1465 5031 1549 5079; x_wconf 87' lang='lat' dir='ltr'><strong>est</strong></span> <span class='ocrx_word' id='word_1_406' title='bbox 1590 5039 1822 5097; x_wconf 88' lang='lat' dir='ltr'><strong>semper,</strong></span> <span class='ocrx_word' id='word_1_407' title='bbox 1855 5044 1920 5087; x_wconf 87' lang='lat' dir='ltr'><strong>ac</strong></span> <span class='ocrx_word' id='word_1_408' title='bbox 1942 5031 2127 5089; x_wconf 86' lang='lat' dir='ltr'><strong>dicen-</strong></span> 
     </span>
    </p>
   </div>
   <div class='ocr_carea' id='block_1_53' title="bbox 537 5105 2127 5184">
    <p class='ocr_par' dir='ltr' id='par_1_53' title="bbox 537 5105 2127 5184">
     <span class='ocr_line' id='line_1_53' title="bbox 537 5105 2127 5184; baseline 0.013 -23"><span class='ocrx_word' id='word_1_409' title='bbox 537 5106 667 5161; x_wconf 90' lang='lat' dir='ltr'><strong>dum</strong></span> <span class='ocrx_word' id='word_1_410' title='bbox 698 5122 712 5160; x_wconf 90' lang='lat'><strong>:</strong></span> <span class='ocrx_word' id='word_1_411' title='bbox 745 5105 883 5162; x_wconf 88' lang='lat' dir='ltr'><strong>Ecce</strong></span> <span class='ocrx_word' id='word_1_412' title='bbox 908 5107 1108 5175; x_wconf 89' lang='lat' dir='ltr'><strong>omnia,</strong></span> <span class='ocrx_word' id='word_1_413' title='bbox 1134 5126 1254 5180; x_wconf 71' lang='lat' dir='ltr'><strong>qua:</strong></span> <span class='ocrx_word' id='word_1_414' title='bbox 1275 5112 1404 5170; x_wconf 89' lang='lat' dir='ltr'><strong>fecit</strong></span> <span class='ocrx_word' id='word_1_415' title='bbox 1432 5115 1572 5172; x_wconf 91' lang='lat' dir='ltr'><strong>Deus</strong></span> <span class='ocrx_word' id='word_1_416' title='bbox 1590 5157 1608 5184; x_wconf 96' lang='lat'><strong>,</strong></span> <span class='ocrx_word' id='word_1_417' title='bbox 1637 5117 1775 5176; x_wconf 91' lang='lat' dir='ltr'><strong>bona</strong></span> <span class='ocrx_word' id='word_1_418' title='bbox 1803 5132 1929 5179; x_wconf 91' lang='lat' dir='ltr'><strong>sunt</strong></span> <span class='ocrx_word' id='word_1_419' title='bbox 1951 5126 2127 5182; x_wconf 88' lang='lat' dir='ltr'><strong>valde.</strong></span> 
     </span>
    </p>
   </div>
   <div class='ocr_carea' id='block_1_54' title="bbox 540 5199 2128 5289">
    <p class='ocr_par' dir='ltr' id='par_1_54' title="bbox 540 5199 2128 5289">
     <span class='ocr_line' id='line_1_54' title="bbox 540 5199 2128 5289; baseline 0.011 -33"><span class='ocrx_word' id='word_1_420' title='bbox 540 5200 650 5257; x_wconf 86' lang='lat' dir='ltr'><strong>Sed</strong></span> <span class='ocrx_word' id='word_1_421' title='bbox 677 5214 858 5255; x_wconf 90' lang='lat' dir='ltr'><strong>nonne</strong></span> <span class='ocrx_word' id='word_1_422' title='bbox 904 5199 1111 5259; x_wconf 83' lang='lat' dir='ltr'><strong>deliciis</strong></span> <span class='ocrx_word' id='word_1_423' title='bbox 1134 5219 1329 5264; x_wconf 87' lang='lat' dir='ltr'><strong>vacare</strong></span> <span class='ocrx_word' id='word_1_424' title='bbox 1350 5247 1368 5274; x_wconf 95' lang='lat'><strong>,</strong></span> <span class='ocrx_word' id='word_1_425' title='bbox 1393 5208 1562 5277; x_wconf 78' lang='lat' dir='ltr'><strong>joeari</strong></span> <span class='ocrx_word' id='word_1_426' title='bbox 1582 5251 1600 5278; x_wconf 93' lang='lat'><strong>,</strong></span> <span class='ocrx_word' id='word_1_427' title='bbox 1628 5220 1683 5267; x_wconf 90' lang='lat' dir='ltr'><strong>et</strong></span> <span class='ocrx_word' id='word_1_428' title='bbox 1708 5213 1967 5286; x_wconf 86' lang='lat' dir='ltr'><strong>voluptati</strong></span> <span class='ocrx_word' id='word_1_429' title='bbox 1995 5234 2128 5289; x_wconf 85' lang='lat' dir='ltr'><strong>ope-</strong></span> 
     </span>
    </p>
   </div>
   <div class='ocr_carea' id='block_1_55' title="bbox 537 5293 2126 5379">
    <p class='ocr_par' dir='ltr' id='par_1_55' title="bbox 537 5293 2126 5379">
     <span class='ocr_line' id='line_1_55' title="bbox 537 5293 2126 5379; baseline 0.013 -30"><span class='ocrx_word' id='word_1_430' title='bbox 537 5308 655 5377; x_wconf 82' lang='lat' dir='ltr'><strong>ram</strong></span> <span class='ocrx_word' id='word_1_431' title='bbox 675 5293 825 5362; x_wconf 88' lang='lat' dir='ltr'><strong>dare,</strong></span> <span class='ocrx_word' id='word_1_432' title='bbox 853 5294 1051 5349; x_wconf 91' lang='lat' dir='ltr'><strong>bonum</strong></span> <span class='ocrx_word' id='word_1_433' title='bbox 1081 5306 1165 5351; x_wconf 91' lang='lat' dir='ltr'><strong>est</strong></span> <span class='ocrx_word' id='word_1_434' title='bbox 1184 5297 1209 5351; x_wconf 84' lang='lat'><strong>?</strong></span> <span class='ocrx_word' id='word_1_435' title='bbox 1229 5300 1367 5355; x_wconf 89' lang='lat' dir='ltr'><strong>Audi</strong></span> <span class='ocrx_word' id='word_1_436' title='bbox 1395 5300 1762 5373; x_wconf 88' lang='lat' dir='ltr'><strong>Salomonem,</strong></span> <span class='ocrx_word' id='word_1_437' title='bbox 1790 5310 1880 5379; x_wconf 91' lang='lat' dir='ltr'><strong>qui</strong></span> <span class='ocrx_word' id='word_1_438' title='bbox 1905 5310 2126 5369; x_wconf 89' lang='lat' dir='ltr'><strong>delicia-</strong></span> 
     </span>
    </p>
   </div>
   <div class='ocr_carea' id='block_1_56' title="bbox 536 5389 2131 5461">
    <p class='ocr_par' dir='ltr' id='par_1_56' title="bbox 536 5389 2131 5461">
     <span class='ocr_line' id='line_1_56' title="bbox 536 5389 2131 5461; baseline 0.013 -21"><span class='ocrx_word' id='word_1_439' title='bbox 536 5398 655 5441; x_wconf 88' lang='lat' dir='ltr'><strong>rum</strong></span> <span class='ocrx_word' id='word_1_440' title='bbox 687 5398 849 5440; x_wconf 89' lang='lat' dir='ltr'><strong>omne</strong></span> <span class='ocrx_word' id='word_1_441' title='bbox 886 5399 1055 5456; x_wconf 86' lang='lat' dir='ltr'><strong>genus</strong></span> <span class='ocrx_word' id='word_1_442' title='bbox 1083 5389 1336 5456; x_wconf 86' lang='lat' dir='ltr'><strong>tentavit,</strong></span> <span class='ocrx_word' id='word_1_443' title='bbox 1364 5401 1419 5447; x_wconf 88' lang='lat' dir='ltr'><strong>et</strong></span> <span class='ocrx_word' id='word_1_444' title='bbox 1465 5394 1573 5461; x_wconf 91' lang='lat' dir='ltr'><strong>ait,</strong></span> <span class='ocrx_word' id='word_1_445' title='bbox 1607 5395 1797 5454; x_wconf 78' lang='lat' dir='ltr'><strong>Metius</strong></span> <span class='ocrx_word' id='word_1_446' title='bbox 1836 5411 1910 5454; x_wconf 82' lang='lat' dir='ltr'><strong>est</strong></span> <span class='ocrx_word' id='word_1_447' title='bbox 1949 5404 2025 5456; x_wconf 87' lang='lat' dir='ltr'><strong>ire</strong></span> <span class='ocrx_word' id='word_1_448' title='bbox 2061 5408 2131 5461; x_wconf 86' lang='lat' dir='ltr'><strong>ad</strong></span> 
     </span>
    </p>
   </div>
   <div class='ocr_carea' id='block_1_57' title="bbox 541 5476 2126 5563">
    <p class='ocr_par' dir='ltr' id='par_1_57' title="bbox 541 5476 2126 5563">
     <span class='ocr_line' id='line_1_57' title="bbox 541 5476 2126 5563; baseline 0.015 -33"><span class='ocrx_word' id='word_1_449' title='bbox 541 5477 751 5532; x_wconf 80' lang='lat' dir='ltr'><strong>domum</strong></span> <span class='ocrx_word' id='word_1_450' title='bbox 771 5476 934 5532; x_wconf 82' lang='lat' dir='ltr'><strong>luctas</strong></span> <span class='ocrx_word' id='word_1_451' title='bbox 951 5518 968 5545; x_wconf 94' lang='lat'><strong>,</strong></span> <span class='ocrx_word' id='word_1_452' title='bbox 991 5493 1144 5548; x_wconf 84' lang='lat' dir='ltr'><strong>quam</strong></span> <span class='ocrx_word' id='word_1_453' title='bbox 1168 5479 1242 5532; x_wconf 89' lang='lat' dir='ltr'><strong>ire</strong></span> <span class='ocrx_word' id='word_1_454' title='bbox 1259 5482 1328 5533; x_wconf 90' lang='lat' dir='ltr'><strong>ad</strong></span> <span class='ocrx_word' id='word_1_455' title='bbox 1356 5482 1562 5539; x_wconf 85' lang='lat' dir='ltr'><strong>domum</strong></span> <span class='ocrx_word' id='word_1_456' title='bbox 1586 5490 1798 5545; x_wconf 77' lang='lat' dir='ltr'><strong>convivii</strong></span> <span class='ocrx_word' id='word_1_457' title='bbox 1826 5491 2047 5563; x_wconf 82' lang='lat' dir='ltr'><strong>(Eccles.</strong></span> <span class='ocrx_word' id='word_1_458' title='bbox 2074 5498 2126 5553; x_wconf 90' lang='lat'><strong>7.</strong></span> 
     </span>
    </p>
   </div>
   <div class='ocr_carea' id='block_1_58' title="bbox 534 5565 2125 5659">
    <p class='ocr_par' dir='ltr' id='par_1_58' title="bbox 534 5565 2125 5659">
     <span class='ocr_line' id='line_1_58' title="bbox 534 5565 2125 5659; baseline 0.014 -35"><span class='ocrx_word' id='word_1_459' title='bbox 534 5565 618 5642; x_wconf 80' lang='lat'><strong>8).</strong></span> <span class='ocrx_word' id='word_1_460' title='bbox 639 5571 713 5627; x_wconf 80' lang='lat' dir='ltr'><strong>At</strong></span> <span class='ocrx_word' id='word_1_461' title='bbox 736 5570 874 5627; x_wconf 91' lang='lat' dir='ltr'><strong>mala</strong></span> <span class='ocrx_word' id='word_1_462' title='bbox 900 5585 989 5629; x_wconf 86' lang='lat' dir='ltr'><strong>res</strong></span> <span class='ocrx_word' id='word_1_463' title='bbox 1013 5585 1117 5659; x_wconf 78' lang='lat' dir='ltr'><strong>nox</strong></span> <span class='ocrx_word' id='word_1_464' title='bbox 1140 5572 1255 5627; x_wconf 83' lang='lat' dir='ltr'><strong>est?</strong></span> <span class='ocrx_word' id='word_1_465' title='bbox 1272 5572 1504 5643; x_wconf 89' lang='lat' dir='ltr'><strong>(oportet</strong></span> <span class='ocrx_word' id='word_1_466' title='bbox 1529 5578 1674 5637; x_wconf 90' lang='lat' dir='ltr'><strong>enim</strong></span> <span class='ocrx_word' id='word_1_467' title='bbox 1700 5582 2125 5648; x_wconf 83' lang='lat' dir='ltr'><strong>adversariorum</strong></span> 
     </span>
    </p>
   </div>
   <div class='ocr_carea' id='block_1_59' title="bbox 597 5721 1691 5787">
    <p class='ocr_par' dir='ltr' id='par_1_59' title="bbox 597 5721 1691 5787">
     <span class='ocr_line' id='line_1_59' title="bbox 597 5721 1691 5787; baseline 0.014 -16"><span class='ocrx_word' id='word_1_468' title='bbox 597 5721 674 5783; x_wconf 86' lang='lat' dir='ltr'><strong>(a)</strong></span> <span class='ocrx_word' id='word_1_469' title='bbox 706 5724 945 5777; x_wconf 64' lang='lat' dir='ltr'><strong>ntanlchaei</strong></span> <span class='ocrx_word' id='word_1_470' title='bbox 977 5723 1156 5775; x_wconf 87' lang='lat' dir='ltr'><strong>malum</strong></span> <span class='ocrx_word' id='word_1_471' title='bbox 1178 5725 1325 5777; x_wconf 87' lang='lat' dir='ltr'><strong>deum</strong></span> <span class='ocrx_word' id='word_1_472' title='bbox 1358 5726 1691 5787; x_wconf 81' lang='lat' dir='ltr'><strong>admittebant.</strong></span> 
     </span>
    </p>
   </div>
   <div class='ocr_carea' id='block_1_60' title="bbox 1293 299 3105 369">
    <p class='ocr_par' dir='ltr' id='par_1_60' title="bbox 1293 299 3105 369">
     <span class='ocr_line' id='line_1_60' title="bbox 1293 299 3105 369; baseline -0.005 0"><span class='ocrx_word' id='word_1_473' title='bbox 1293 310 1350 369; x_wconf 80' lang='lat'><strong>8.</strong></span> <span class='ocrx_word' id='word_1_474' title='bbox 1388 307 1667 368; x_wconf 79' lang='lat' dir='ltr'><strong>JOANNIS</strong></span> <span class='ocrx_word' id='word_1_475' title='bbox 1705 299 2175 363; x_wconf 73' lang='lat' dir='ltr'><strong>CHRYSOSTOMI</strong></span> <span class='ocrx_word' id='word_1_476' title='bbox 2212 300 2529 358; x_wconf 82' lang='lat' dir='ltr'><strong>ARClllEP.</strong></span> <span class='ocrx_word' id='word_1_477' title='bbox 2570 300 3105 360; x_wconf 77' lang='lat' dir='ltr'><strong>CONSTANTINOP.</strong></span> 
     </span>
    </p>
   </div>
   <div class='ocr_carea' id='block_1_61' title="bbox 3753 306 3844 365">
    <p class='ocr_par' dir='ltr' id='par_1_61' title="bbox 3753 306 3844 365">
     <span class='ocr_line' id='line_1_61' title="bbox 3753 306 3844 365; baseline 0.011 -1"><span class='ocrx_word' id='word_1_478' title='bbox 3753 306 3844 365; x_wconf 67' lang='grc'><strong>188</strong></span> 
     </span>
    </p>
   </div>
   <div class='ocr_carea' id='block_1_62' title="bbox 2252 418 3844 493">
    <p class='ocr_par' dir='ltr' id='par_1_62' title="bbox 2252 418 3844 493">
     <span class='ocr_line' id='line_1_62' title="bbox 2252 418 3844 493; baseline 0.009 -20"><span class='ocrx_word' id='word_1_479' title='bbox 2252 418 2326 473; x_wconf 92' lang='lat' dir='ltr'><strong>uti</strong></span> <span class='ocrx_word' id='word_1_480' title='bbox 2355 418 2583 491; x_wconf 84' lang='lat' dir='ltr'><strong>verbis.)</strong></span> <span class='ocrx_word' id='word_1_481' title='bbox 2613 419 2726 476; x_wconf 93' lang='lat' dir='ltr'><strong>lmo</strong></span> <span class='ocrx_word' id='word_1_482' title='bbox 2751 421 2864 492; x_wconf 89' lang='lat' dir='ltr'><strong>ipsa</strong></span> <span class='ocrx_word' id='word_1_483' title='bbox 2890 421 3135 478; x_wconf 89' lang='lat' dir='ltr'><strong>laborum</strong></span> <span class='ocrx_word' id='word_1_484' title='bbox 3163 431 3246 479; x_wconf 85' lang='lat' dir='ltr'><strong>est</strong></span> <span class='ocrx_word' id='word_1_485' title='bbox 3268 424 3544 481; x_wconf 78' lang='lat' dir='ltr'><strong>relaxatio</strong></span> <span class='ocrx_word' id='word_1_486' title='bbox 3563 466 3580 493; x_wconf 92' lang='lat'><strong>,</strong></span> <span class='ocrx_word' id='word_1_487' title='bbox 3610 425 3844 487; x_wconf 87' lang='lat' dir='ltr'><strong>liberatio</strong></span> 
     </span>
    </p>
   </div>
   <div class='ocr_carea' id='block_1_63' title="bbox 2247 512 3843 589">
    <p class='ocr_par' dir='ltr' id='par_1_63' title="bbox 2247 512 3843 589">
     <span class='ocr_line' id='line_1_63' title="bbox 2247 512 3843 589; baseline 0.008 -23"><span class='ocrx_word' id='word_1_488' title='bbox 2247 524 2281 566; x_wconf 92' lang='lat' dir='ltr'><strong>a</strong></span> <span class='ocrx_word' id='word_1_489' title='bbox 2308 512 2450 568; x_wconf 89' lang='lat' dir='ltr'><strong>curis</strong></span> <span class='ocrx_word' id='word_1_490' title='bbox 2470 553 2488 580; x_wconf 97' lang='lat'><strong>,</strong></span> <span class='ocrx_word' id='word_1_491' title='bbox 2519 514 2830 569; x_wconf 88' lang='lat' dir='ltr'><strong>morborum</strong></span> <span class='ocrx_word' id='word_1_492' title='bbox 2851 514 3100 570; x_wconf 87' lang='lat' dir='ltr'><strong>solatium</strong></span> <span class='ocrx_word' id='word_1_493' title='bbox 3119 557 3137 581; x_wconf 92' lang='lat'><strong>,</strong></span> <span class='ocrx_word' id='word_1_494' title='bbox 3162 530 3193 570; x_wconf 91' lang='lat' dir='ltr'><strong>a</strong></span> <span class='ocrx_word' id='word_1_495' title='bbox 3214 526 3362 571; x_wconf 85' lang='lat' dir='ltr'><strong>metu</strong></span> <span class='ocrx_word' id='word_1_496' title='bbox 3390 532 3461 573; x_wconf 91' lang='lat' dir='ltr'><strong>ac</strong></span> <span class='ocrx_word' id='word_1_497' title='bbox 3489 520 3741 589; x_wconf 88' lang='lat' dir='ltr'><strong>periculis</strong></span> <span class='ocrx_word' id='word_1_498' title='bbox 3762 538 3843 579; x_wconf 85' lang='lat' dir='ltr'><strong>re-</strong></span> 
     </span>
    </p>
   </div>
   <div class='ocr_carea' id='block_1_64' title="bbox 2246 602 3841 681">
    <p class='ocr_par' dir='ltr' id='par_1_64' title="bbox 2246 602 3841 681">
     <span class='ocr_line' id='line_1_64' title="bbox 2246 602 3841 681; baseline 0.009 -24"><span class='ocrx_word' id='word_1_499' title='bbox 2246 602 2399 673; x_wconf 88' lang='lat' dir='ltr'><strong>quies</strong></span> <span class='ocrx_word' id='word_1_500' title='bbox 2436 618 2542 659; x_wconf 92' lang='lat' dir='ltr'><strong>non</strong></span> <span class='ocrx_word' id='word_1_501' title='bbox 2594 606 2924 664; x_wconf 87' lang='lat' dir='ltr'><strong>mediocris:</strong></span> <span class='ocrx_word' id='word_1_502' title='bbox 2951 607 3191 676; x_wconf 86' lang='lat' dir='ltr'><strong>juvenile</strong></span> <span class='ocrx_word' id='word_1_503' title='bbox 3214 610 3399 666; x_wconf 88' lang='lat' dir='ltr'><strong>reddit</strong></span> <span class='ocrx_word' id='word_1_504' title='bbox 3440 625 3666 681; x_wconf 83' lang='lat' dir='ltr'><strong>corpus,</strong></span> <span class='ocrx_word' id='word_1_505' title='bbox 3696 631 3841 671; x_wconf 91' lang='lat' dir='ltr'><strong>meu-</strong></span> 
     </span>
    </p>
   </div>
   <div class='ocr_carea' id='block_1_65' title="bbox 2246 696 3845 773">
    <p class='ocr_par' dir='ltr' id='par_1_65' title="bbox 2246 696 3845 773">
     <span class='ocr_line' id='line_1_65' title="bbox 2246 696 3845 773; baseline 0.008 -23"><span class='ocrx_word' id='word_1_506' title='bbox 2246 702 2353 750; x_wconf 89' lang='lat' dir='ltr'><strong>tem</strong></span> <span class='ocrx_word' id='word_1_507' title='bbox 2381 696 2611 751; x_wconf 88' lang='lat' dir='ltr'><strong>vividam</strong></span> <span class='ocrx_word' id='word_1_508' title='bbox 2635 739 2651 764; x_wconf 92' lang='lat'><strong>,</strong></span> <span class='ocrx_word' id='word_1_509' title='bbox 2684 699 2921 755; x_wconf 88' lang='lat' dir='ltr'><strong>membra</strong></span> <span class='ocrx_word' id='word_1_510' title='bbox 2952 700 3221 757; x_wconf 90' lang='lat' dir='ltr'><strong>laboribus</strong></span> <span class='ocrx_word' id='word_1_511' title='bbox 3264 700 3493 773; x_wconf 77' lang='lat' dir='ltr'><strong>fatigata</strong></span> <span class='ocrx_word' id='word_1_512' title='bbox 3536 716 3746 761; x_wconf 89' lang='lat' dir='ltr'><strong>recreat</strong></span> <span class='ocrx_word' id='word_1_513' title='bbox 3769 724 3845 764; x_wconf 81' lang='lat' dir='ltr'><strong>re-</strong></span> 
     </span>
    </p>
   </div>
   <div class='ocr_carea' id='block_1_66' title="bbox 2248 785 3842 865">
    <p class='ocr_par' dir='ltr' id='par_1_66' title="bbox 2248 785 3842 865">
     <span class='ocr_line' id='line_1_66' title="bbox 2248 785 3842 865; baseline 0.009 -25"><span class='ocrx_word' id='word_1_514' title='bbox 2248 785 2480 858; x_wconf 89' lang='lat' dir='ltr'><strong>ficitque.</strong></span> <span class='ocrx_word' id='word_1_515' title='bbox 2513 788 2584 843; x_wconf 82' lang='lat' dir='ltr'><strong>At</strong></span> <span class='ocrx_word' id='word_1_516' title='bbox 2611 789 2748 843; x_wconf 86' lang='lat' dir='ltr'><strong>mala</strong></span> <span class='ocrx_word' id='word_1_517' title='bbox 2776 804 2864 846; x_wconf 91' lang='lat' dir='ltr'><strong>res</strong></span> <span class='ocrx_word' id='word_1_518' title='bbox 2894 800 2979 846; x_wconf 90' lang='lat' dir='ltr'><strong>est</strong></span> <span class='ocrx_word' id='word_1_519' title='bbox 3007 792 3258 847; x_wconf 88' lang='lat' dir='ltr'><strong>morbus?</strong></span> <span class='ocrx_word' id='word_1_520' title='bbox 3284 791 3447 850; x_wconf 91' lang='lat' dir='ltr'><strong>Unde</strong></span> <span class='ocrx_word' id='word_1_521' title='bbox 3496 795 3661 865; x_wconf 89' lang='lat' dir='ltr'><strong>igitur</strong></span> <span class='ocrx_word' id='word_1_522' title='bbox 3688 796 3842 854; x_wconf 80' lang='lat' dir='ltr'><strong>Laza-</strong></span> 
     </span>
    </p>
   </div>
   <div class='ocr_carea' id='block_1_67' title="bbox 2245 881 3843 954">
    <p class='ocr_par' dir='ltr' id='par_1_67' title="bbox 2245 881 3843 954">
     <span class='ocr_line' id='line_1_67' title="bbox 2245 881 3843 954; baseline 0.009 -23"><span class='ocrx_word' id='word_1_523' title='bbox 2245 891 2337 931; x_wconf 88' lang='lat' dir='ltr'><strong>rus</strong></span> <span class='ocrx_word' id='word_1_524' title='bbox 2372 891 2623 932; x_wconf 91' lang='lat' dir='ltr'><strong>coronam</strong></span> <span class='ocrx_word' id='word_1_525' title='bbox 2652 881 2982 950; x_wconf 80' lang='lat' dir='ltr'><strong>reportavit?</strong></span> <span class='ocrx_word' id='word_1_526' title='bbox 3010 881 3115 937; x_wconf 89' lang='lat' dir='ltr'><strong>Sed</strong></span> <span class='ocrx_word' id='word_1_527' title='bbox 3164 883 3301 937; x_wconf 91' lang='lat' dir='ltr'><strong>mala</strong></span> <span class='ocrx_word' id='word_1_528' title='bbox 3334 887 3677 954; x_wconf 80' lang='lat' dir='ltr'><strong>paupertas?</strong></span> <span class='ocrx_word' id='word_1_529' title='bbox 3706 887 3843 946; x_wconf 91' lang='lat' dir='ltr'><strong>Unde</strong></span> 
     </span>
    </p>
   </div>
   <div class='ocr_carea' id='block_1_68' title="bbox 2244 966 3838 1044">
    <p class='ocr_par' dir='ltr' id='par_1_68' title="bbox 2244 966 3838 1044">
     <span class='ocr_line' id='line_1_68' title="bbox 2244 966 3838 1044; baseline 0.009 -22"><span class='ocrx_word' id='word_1_530' title='bbox 2244 982 2374 1022; x_wconf 87' lang='lat' dir='ltr'><strong>vero</strong></span> <span class='ocrx_word' id='word_1_531' title='bbox 2392 966 2494 1023; x_wconf 80' lang='lat' dir='ltr'><strong>Job</strong></span> <span class='ocrx_word' id='word_1_532' title='bbox 2513 968 2738 1040; x_wconf 88' lang='lat' dir='ltr'><strong>gloriam</strong></span> <span class='ocrx_word' id='word_1_533' title='bbox 2768 981 2851 1026; x_wconf 88' lang='lat' dir='ltr'><strong>est</strong></span> <span class='ocrx_word' id='word_1_534' title='bbox 2874 974 3276 1044; x_wconf 78' lang='lat' dir='ltr'><strong>consequutus?</strong></span> <span class='ocrx_word' id='word_1_535' title='bbox 3299 979 3375 1030; x_wconf 79' lang='lat' dir='ltr'><strong>At</strong></span> <span class='ocrx_word' id='word_1_536' title='bbox 3403 976 3587 1032; x_wconf 84' lang='lat' dir='ltr'><strong>noxi:e</strong></span> <span class='ocrx_word' id='word_1_537' title='bbox 3613 978 3838 1036; x_wconf 81' lang='lat' dir='ltr'><strong>afllictio-</strong></span> 
     </span>
    </p>
   </div>
   <div class='ocr_carea' id='block_1_69' title="bbox 2245 1057 3840 1130">
    <p class='ocr_par' dir='ltr' id='par_1_69' title="bbox 2245 1057 3840 1130">
     <span class='ocr_line' id='line_1_69' title="bbox 2245 1057 3840 1130; baseline 0.009 -17"><span class='ocrx_word' id='word_1_538' title='bbox 2245 1074 2340 1113; x_wconf 91' lang='lat' dir='ltr'><strong>nes</strong></span> <span class='ocrx_word' id='word_1_539' title='bbox 2367 1057 2692 1130; x_wconf 89' lang='lat' dir='ltr'><strong>frequentes,</strong></span> <span class='ocrx_word' id='word_1_540' title='bbox 2725 1070 2781 1117; x_wconf 93' lang='lat' dir='ltr'><strong>et</strong></span> <span class='ocrx_word' id='word_1_541' title='bbox 2806 1063 3114 1119; x_wconf 79' lang='lat' dir='ltr'><strong>continuae?</strong></span> <span class='ocrx_word' id='word_1_542' title='bbox 3144 1062 3298 1120; x_wconf 89' lang='lat' dir='ltr'><strong>Unde</strong></span> <span class='ocrx_word' id='word_1_543' title='bbox 3325 1076 3519 1122; x_wconf 87' lang='lat' dir='ltr'><strong>autem</strong></span> <span class='ocrx_word' id='word_1_544' title='bbox 3548 1065 3745 1125; x_wconf 85' lang='lat' dir='ltr'><strong>factum</strong></span> <span class='ocrx_word' id='word_1_545' title='bbox 3768 1081 3840 1127; x_wconf 88' lang='lat' dir='ltr'><strong>est</strong></span> 
     </span>
    </p>
   </div>
   <div class='ocr_carea' id='block_1_70' title="bbox 2246 1151 3840 1231">
    <p class='ocr_par' dir='ltr' id='par_1_70' title="bbox 2246 1151 3840 1231">
     <span class='ocr_line' id='line_1_70' title="bbox 2246 1151 3840 1231; baseline 0.008 -28"><span class='ocrx_word' id='word_1_546' title='bbox 2246 1158 2303 1204; x_wconf 94' lang='lat' dir='ltr'><strong>ut</strong></span> <span class='ocrx_word' id='word_1_547' title='bbox 2328 1151 2555 1221; x_wconf 88' lang='lat' dir='ltr'><strong>apostoli</strong></span> <span class='ocrx_word' id='word_1_548' title='bbox 2582 1151 2823 1209; x_wconf 88' lang='lat' dir='ltr'><strong>celebres</strong></span> <span class='ocrx_word' id='word_1_549' title='bbox 2847 1161 2903 1208; x_wconf 91' lang='lat' dir='ltr'><strong>et</strong></span> <span class='ocrx_word' id='word_1_550' title='bbox 2934 1155 3169 1210; x_wconf 90' lang='lat' dir='ltr'><strong>illustres</strong></span> <span class='ocrx_word' id='word_1_551' title='bbox 3186 1155 3489 1212; x_wconf 88' lang='lat' dir='ltr'><strong>evaderent</strong></span> <span class='ocrx_word' id='word_1_552' title='bbox 3505 1158 3530 1213; x_wconf 70' lang='grc' dir='ltr'><strong><em>Ἰ</em></strong></span> <span class='ocrx_word' id='word_1_553' title='bbox 3549 1173 3669 1230; x_wconf 80' lang='lat' dir='ltr'><strong>qua:</strong></span> <span class='ocrx_word' id='word_1_554' title='bbox 3694 1176 3840 1231; x_wconf 89' lang='lat' dir='ltr'><strong>porro</strong></span> 
     </span>
    </p>
   </div>
   <div class='ocr_carea' id='block_1_71' title="bbox 2242 1243 3837 1321">
    <p class='ocr_par' dir='ltr' id='par_1_71' title="bbox 2242 1243 3837 1321">
     <span class='ocr_line' id='line_1_71' title="bbox 2242 1243 3837 1321; baseline 0.006 -23"><span class='ocrx_word' id='word_1_555' title='bbox 2242 1243 2326 1298; x_wconf 92' lang='lat' dir='ltr'><strong>via</strong></span> <span class='ocrx_word' id='word_1_556' title='bbox 2373 1244 2521 1300; x_wconf 88' lang='lat' dir='ltr'><strong>ducit</strong></span> <span class='ocrx_word' id='word_1_557' title='bbox 2565 1244 2632 1300; x_wconf 91' lang='lat' dir='ltr'><strong>ad</strong></span> <span class='ocrx_word' id='word_1_558' title='bbox 2683 1246 2888 1302; x_wconf 85' lang='lat' dir='ltr'><strong>vitam?</strong></span> <span class='ocrx_word' id='word_1_559' title='bbox 2916 1262 3095 1304; x_wconf 90' lang='lat' dir='ltr'><strong>nonne</strong></span> <span class='ocrx_word' id='word_1_560' title='bbox 3120 1256 3266 1303; x_wconf 89' lang='lat' dir='ltr'><strong>arcta</strong></span> <span class='ocrx_word' id='word_1_561' title='bbox 3317 1258 3378 1305; x_wconf 91' lang='lat' dir='ltr'><strong>et</strong></span> <span class='ocrx_word' id='word_1_562' title='bbox 3426 1253 3695 1321; x_wconf 84' lang='lat' dir='ltr'><strong>angusta?</strong></span> <span class='ocrx_word' id='word_1_563' title='bbox 3731 1252 3837 1308; x_wconf 86' lang='lat' dir='ltr'><strong>Noli</strong></span> 
     </span>
    </p>
   </div>
   <div class='ocr_carea' id='block_1_72' title="bbox 2241 1335 3837 1409">
    <p class='ocr_par' dir='ltr' id='par_1_72' title="bbox 2241 1335 3837 1409">
     <span class='ocr_line' id='line_1_72' title="bbox 2241 1335 3837 1409; baseline 0.006 -19"><span class='ocrx_word' id='word_1_564' title='bbox 2241 1351 2370 1407; x_wconf 85' lang='lat' dir='ltr'><strong>ergo</strong></span> <span class='ocrx_word' id='word_1_565' title='bbox 2407 1335 2607 1403; x_wconf 89' lang='lat' dir='ltr'><strong>dicere,</strong></span> <span class='ocrx_word' id='word_1_566' title='bbox 2641 1336 2749 1393; x_wconf 90' lang='lat' dir='ltr'><strong>Cur</strong></span> <span class='ocrx_word' id='word_1_567' title='bbox 2778 1338 2918 1393; x_wconf 84' lang='lat' dir='ltr'><strong>hoc?</strong></span> <span class='ocrx_word' id='word_1_568' title='bbox 2957 1338 3026 1394; x_wconf 87' lang='lat' dir='ltr'><strong>ad</strong></span> <span class='ocrx_word' id='word_1_569' title='bbox 3050 1339 3175 1409; x_wconf 91' lang='lat' dir='ltr'><strong>quid</strong></span> <span class='ocrx_word' id='word_1_570' title='bbox 3221 1339 3365 1395; x_wconf 80' lang='lat' dir='ltr'><strong>hoc?</strong></span> <span class='ocrx_word' id='word_1_571' title='bbox 3391 1341 3493 1397; x_wconf 85' lang='lat' dir='ltr'><strong>sed</strong></span> <span class='ocrx_word' id='word_1_572' title='bbox 3522 1351 3631 1397; x_wconf 89' lang='lat' dir='ltr'><strong>tam</strong></span> <span class='ocrx_word' id='word_1_573' title='bbox 3665 1343 3715 1398; x_wconf 89' lang='lat' dir='ltr'><strong>in</strong></span> <span class='ocrx_word' id='word_1_574' title='bbox 3739 1345 3837 1400; x_wconf 80' lang='lat' dir='ltr'><strong>dis-</strong></span> 
     </span>
    </p>
   </div>
   <div class='ocr_carea' id='block_1_73' title="bbox 2243 1430 3837 1504">
    <p class='ocr_par' dir='ltr' id='par_1_73' title="bbox 2243 1430 3837 1504">
     <span class='ocr_line' id='line_1_73' title="bbox 2243 1430 3837 1504; baseline 0.004 -21"><span class='ocrx_word' id='word_1_575' title='bbox 2243 1430 2645 1499; x_wconf 88' lang='lat' dir='ltr'><strong>peusationibus</strong></span> <span class='ocrx_word' id='word_1_576' title='bbox 2696 1446 2855 1501; x_wconf 92' lang='lat' dir='ltr'><strong>quam</strong></span> <span class='ocrx_word' id='word_1_577' title='bbox 2908 1432 2964 1487; x_wconf 88' lang='lat' dir='ltr'><strong>in</strong></span> <span class='ocrx_word' id='word_1_578' title='bbox 3005 1432 3269 1488; x_wconf 91' lang='lat' dir='ltr'><strong>creaturis</strong></span> <span class='ocrx_word' id='word_1_579' title='bbox 3307 1433 3444 1500; x_wconf 90' lang='lat' dir='ltr'><strong>Dei,</strong></span> <span class='ocrx_word' id='word_1_580' title='bbox 3481 1434 3628 1504; x_wconf 92' lang='lat' dir='ltr'><strong>quod</strong></span> <span class='ocrx_word' id='word_1_581' title='bbox 3686 1434 3837 1490; x_wconf 87' lang='lat' dir='ltr'><strong>silen-</strong></span> 
     </span>
    </p>
   </div>
   <div class='ocr_carea' id='block_1_74' title="bbox 2244 1520 3832 1595">
    <p class='ocr_par' dir='ltr' id='par_1_74' title="bbox 2244 1520 3832 1595">
     <span class='ocr_line' id='line_1_74' title="bbox 2244 1520 3832 1595; baseline 0.004 -20"><span class='ocrx_word' id='word_1_582' title='bbox 2244 1521 2374 1575; x_wconf 90' lang='lat' dir='ltr'><strong>tium</strong></span> <span class='ocrx_word' id='word_1_583' title='bbox 2420 1520 2623 1592; x_wconf 72' lang='lat' dir='ltr'><strong>prmbet</strong></span> <span class='ocrx_word' id='word_1_584' title='bbox 2671 1522 2838 1577; x_wconf 91' lang='lat' dir='ltr'><strong>lutum</strong></span> <span class='ocrx_word' id='word_1_585' title='bbox 2892 1522 3089 1594; x_wconf 86' lang='lat' dir='ltr'><strong>figulo,</strong></span> <span class='ocrx_word' id='word_1_586' title='bbox 3120 1523 3263 1579; x_wconf 90' lang='lat' dir='ltr'><strong>idem</strong></span> <span class='ocrx_word' id='word_1_587' title='bbox 3292 1534 3348 1581; x_wconf 86' lang='lat' dir='ltr'><strong>et</strong></span> <span class='ocrx_word' id='word_1_588' title='bbox 3399 1525 3525 1595; x_wconf 85' lang='lat' dir='ltr'><strong>ipse</strong></span> <span class='ocrx_word' id='word_1_589' title='bbox 3572 1524 3832 1582; x_wconf 89' lang='lat' dir='ltr'><strong>Conditori</strong></span> 
     </span>
    </p>
   </div>
   <div class='ocr_carea' id='block_1_75' title="bbox 2241 1611 3599 1681">
    <p class='ocr_par' dir='ltr' id='par_1_75' title="bbox 2241 1611 3599 1681">
     <span class='ocr_line' id='line_1_75' title="bbox 2241 1611 3599 1681; baseline 0.009 -16"><span class='ocrx_word' id='word_1_590' title='bbox 2241 1620 2332 1667; x_wconf 93' lang='lat' dir='ltr'><strong>tuo</strong></span> <span class='ocrx_word' id='word_1_591' title='bbox 2364 1613 2541 1681; x_wconf 75' lang='lat' dir='ltr'><strong>pncbe</strong></span> <span class='ocrx_word' id='word_1_592' title='bbox 2555 1655 2573 1679; x_wconf 96' lang='lat'><strong>,</strong></span> <span class='ocrx_word' id='word_1_593' title='bbox 2602 1614 2676 1669; x_wconf 90' lang='lat' dir='ltr'><strong>mi</strong></span> <span class='ocrx_word' id='word_1_594' title='bbox 2702 1614 2885 1673; x_wconf 88' lang='lat' dir='ltr'><strong>homo.</strong></span> <span class='ocrx_word' id='word_1_595' title='bbox 3584 1611 3599 1619; x_wconf 72' lang='grc'><em>’</em></span> 
     </span>
    </p>
   </div>
   <div class='ocr_carea' id='block_1_76' title="bbox 2309 1703 3829 1781">
    <p class='ocr_par' dir='ltr' id='par_1_76' title="bbox 2309 1703 3829 1781">
     <span class='ocr_line' id='line_1_76' title="bbox 2309 1703 3829 1781; baseline 0.005 -23"><span class='ocrx_word' id='word_1_596' title='bbox 2309 1704 2440 1759; x_wconf 74' lang='lat' dir='ltr'><strong>Car.</strong></span> <span class='ocrx_word' id='word_1_597' title='bbox 2458 1703 2523 1758; x_wconf 86' lang='lat' dir='ltr'><strong>V.</strong></span> <span class='ocrx_word' id='word_1_598' title='bbox 2552 1704 2873 1761; x_wconf 84' lang='lat' dir='ltr'><strong>Credendum</strong></span> <span class='ocrx_word' id='word_1_599' title='bbox 2901 1723 3008 1762; x_wconf 88' lang='lat' dir='ltr'><strong>esse</strong></span> <span class='ocrx_word' id='word_1_600' title='bbox 3036 1706 3354 1778; x_wconf 80' lang='lat' dir='ltr'><strong>providentia</strong></span> <span class='ocrx_word' id='word_1_601' title='bbox 3387 1708 3489 1764; x_wconf 86' lang='lat' dir='ltr'><strong>Dei</strong></span> <span class='ocrx_word' id='word_1_602' title='bbox 3512 1709 3621 1781; x_wconf 87' lang='lat' dir='ltr'><strong>regi</strong></span> <span class='ocrx_word' id='word_1_603' title='bbox 3644 1711 3829 1766; x_wconf 79' lang='lat' dir='ltr'><strong>omnia:</strong></span> 
     </span>
    </p>
   </div>
   <div class='ocr_carea' id='block_1_77' title="bbox 2238 1796 3823 1872">
    <p class='ocr_par' dir='ltr' id='par_1_77' title="bbox 2238 1796 3823 1872">
     <span class='ocr_line' id='line_1_77' title="bbox 2238 1796 3823 1872; baseline 0.003 -23"><span class='ocrx_word' id='word_1_604' title='bbox 2238 1796 2442 1866; x_wconf 76' lang='lat' dir='ltr'><strong>ejusque</strong></span> <span class='ocrx_word' id='word_1_605' title='bbox 2471 1796 2545 1850; x_wconf 84' lang='lat' dir='ltr'><strong>rei</strong></span> <span class='ocrx_word' id='word_1_606' title='bbox 2583 1796 2857 1851; x_wconf 74' lang='lat' dir='ltr'><strong>maximam</strong></span> <span class='ocrx_word' id='word_1_607' title='bbox 2897 1798 3372 1854; x_wconf 77' lang='lat' dir='ltr'><strong>demonstrationem</strong></span> <span class='ocrx_word' id='word_1_608' title='bbox 3394 1800 3462 1853; x_wconf 91' lang='lat' dir='ltr'><strong>iis</strong></span> <span class='ocrx_word' id='word_1_609' title='bbox 3483 1801 3571 1872; x_wconf 81' lang='lat' dir='ltr'><strong>qui</strong></span> <span class='ocrx_word' id='word_1_610' title='bbox 3601 1801 3823 1865; x_wconf 78' lang='lat' dir='ltr'><strong>dubitant,</strong></span> 
     </span>
    </p>
   </div>
   <div class='ocr_carea' id='block_1_78' title="bbox 2237 1886 3821 1963">
    <p class='ocr_par' dir='ltr' id='par_1_78' title="bbox 2237 1886 3821 1963">
     <span class='ocr_line' id='line_1_78' title="bbox 2237 1886 3821 1963; baseline 0.006 -24"><span class='ocrx_word' id='word_1_611' title='bbox 2237 1902 2269 1939; x_wconf 90' lang='lat' dir='ltr'><strong>a</strong></span> <span class='ocrx_word' id='word_1_612' title='bbox 2300 1886 2446 1942; x_wconf 82' lang='lat' dir='ltr'><strong>rebus</strong></span> <span class='ocrx_word' id='word_1_613' title='bbox 2477 1888 2656 1942; x_wconf 85' lang='lat' dir='ltr'><strong>creatis</strong></span> <span class='ocrx_word' id='word_1_614' title='bbox 2675 1889 3007 1958; x_wconf 82' lang='lat' dir='ltr'><strong>suppeditari.</strong></span> <span class='ocrx_word' id='word_1_615' title='bbox 3025 1920 3098 1931; x_wconf 97' lang='lat'><em>—</em></span> <span class='ocrx_word' id='word_1_616' title='bbox 3121 1890 3259 1959; x_wconf 87' lang='lat' dir='ltr'><strong>Quid</strong></span> <span class='ocrx_word' id='word_1_617' title='bbox 3293 1892 3468 1961; x_wconf 82' lang='lat' dir='ltr'><strong>ergo?</strong></span> <span class='ocrx_word' id='word_1_618' title='bbox 3484 1891 3821 1963; x_wconf 82' lang='lat' dir='ltr'><strong>dicetaliquis;</strong></span> 
     </span>
    </p>
   </div>
   <div class='ocr_carea' id='block_1_79' title="bbox 2236 1978 3822 2054">
    <p class='ocr_par' dir='ltr' id='par_1_79' title="bbox 2236 1978 3822 2054">
     <span class='ocr_line' id='line_1_79' title="bbox 2236 1978 3822 2054; baseline 0.003 -22"><span class='ocrx_word' id='word_1_619' title='bbox 2236 1994 2345 2033; x_wconf 92' lang='lat' dir='ltr'><strong>non</strong></span> <span class='ocrx_word' id='word_1_620' title='bbox 2372 1978 2451 2034; x_wconf 90' lang='lat' dir='ltr'><strong>vis</strong></span> <span class='ocrx_word' id='word_1_621' title='bbox 2493 1994 2580 2035; x_wconf 87' lang='lat' dir='ltr'><strong>me</strong></span> <span class='ocrx_word' id='word_1_622' title='bbox 2621 1989 2773 2035; x_wconf 89' lang='lat' dir='ltr'><strong>certo</strong></span> <span class='ocrx_word' id='word_1_623' title='bbox 2814 1981 2973 2047; x_wconf 91' lang='lat' dir='ltr'><strong>scire,</strong></span> <span class='ocrx_word' id='word_1_624' title='bbox 2997 1995 3060 2036; x_wconf 91' lang='lat' dir='ltr'><strong>ac</strong></span> <span class='ocrx_word' id='word_1_625' title='bbox 3102 1981 3327 2038; x_wconf 90' lang='lat' dir='ltr'><strong>credere</strong></span> <span class='ocrx_word' id='word_1_626' title='bbox 3370 1982 3469 2038; x_wconf 90' lang='lat' dir='ltr'><strong>Dei</strong></span> <span class='ocrx_word' id='word_1_627' title='bbox 3520 1983 3822 2054; x_wconf 87' lang='lat' dir='ltr'><strong>providentia</strong></span> 
     </span>
    </p>
   </div>
   <div class='ocr_carea' id='block_1_80' title="bbox 2236 2070 3820 2144">
    <p class='ocr_par' dir='ltr' id='par_1_80' title="bbox 2236 2070 3820 2144">
     <span class='ocr_line' id='line_1_80' title="bbox 2236 2070 3820 2144; baseline 0.003 -20"><span class='ocrx_word' id='word_1_628' title='bbox 2236 2084 2325 2125; x_wconf 90' lang='lat' dir='ltr'><strong>res</strong></span> <span class='ocrx_word' id='word_1_629' title='bbox 2350 2086 2539 2126; x_wconf 88' lang='lat' dir='ltr'><strong>omnes</strong></span> <span class='ocrx_word' id='word_1_630' title='bbox 2564 2071 2716 2141; x_wconf 79' lang='lat' dir='ltr'><strong>regi?</strong></span> <span class='ocrx_word' id='word_1_631' title='bbox 2764 2070 2899 2127; x_wconf 83' lang='lat' dir='ltr'><strong>Volo</strong></span> <span class='ocrx_word' id='word_1_632' title='bbox 2928 2072 3178 2144; x_wconf 89' lang='lat' dir='ltr'><strong>equidem</strong></span> <span class='ocrx_word' id='word_1_633' title='bbox 3204 2080 3260 2128; x_wconf 92' lang='lat' dir='ltr'><strong>et</strong></span> <span class='ocrx_word' id='word_1_634' title='bbox 3283 2083 3437 2144; x_wconf 93' lang='lat' dir='ltr'><strong>opto,</strong></span> <span class='ocrx_word' id='word_1_635' title='bbox 3468 2089 3534 2129; x_wconf 91' lang='lat' dir='ltr'><strong>ac</strong></span> <span class='ocrx_word' id='word_1_636' title='bbox 3558 2074 3820 2130; x_wconf 85' lang='lat' dir='ltr'><strong>vehemen-</strong></span> 
     </span>
    </p>
   </div>
   <div class='ocr_carea' id='block_1_81' title="bbox 2237 2164 3814 2237">
    <p class='ocr_par' dir='ltr' id='par_1_81' title="bbox 2237 2164 3814 2237">
     <span class='ocr_line' id='line_1_81' title="bbox 2237 2164 3814 2237; baseline 0 -18"><span class='ocrx_word' id='word_1_637' title='bbox 2237 2173 2319 2219; x_wconf 90' lang='lat' dir='ltr'><strong>tcr</strong></span> <span class='ocrx_word' id='word_1_638' title='bbox 2343 2164 2591 2220; x_wconf 86' lang='lat' dir='ltr'><strong>desidero</strong></span> <span class='ocrx_word' id='word_1_639' title='bbox 2625 2182 2638 2218; x_wconf 91' lang='lat'><strong>:</strong></span> <span class='ocrx_word' id='word_1_640' title='bbox 2663 2180 2770 2220; x_wconf 92' lang='lat' dir='ltr'><strong>non</strong></span> <span class='ocrx_word' id='word_1_641' title='bbox 2797 2172 2973 2221; x_wconf 91' lang='lat' dir='ltr'><strong>tamen</strong></span> <span class='ocrx_word' id='word_1_642' title='bbox 3010 2165 3127 2237; x_wconf 85' lang='lat' dir='ltr'><strong>ejus</strong></span> <span class='ocrx_word' id='word_1_643' title='bbox 3156 2166 3563 2236; x_wconf 89' lang='lat' dir='ltr'><strong>providentiam</strong></span> <span class='ocrx_word' id='word_1_644' title='bbox 3592 2166 3814 2230; x_wconf 85' lang='lat' dir='ltr'><strong>scrutari,</strong></span> 
     </span>
    </p>
   </div>
   <div class='ocr_carea' id='block_1_82' title="bbox 2237 2255 3816 2326">
    <p class='ocr_par' dir='ltr' id='par_1_82' title="bbox 2237 2255 3816 2326">
     <span class='ocr_line' id='line_1_82' title="bbox 2237 2255 3816 2326; baseline 0.003 -19"><span class='ocrx_word' id='word_1_645' title='bbox 2237 2270 2407 2322; x_wconf 86' lang='lat' dir='ltr'><strong>neque</strong></span> <span class='ocrx_word' id='word_1_646' title='bbox 2432 2256 2643 2311; x_wconf 89' lang='lat' dir='ltr'><strong>curiose</strong></span> <span class='ocrx_word' id='word_1_647' title='bbox 2672 2255 2727 2310; x_wconf 83' lang='lat' dir='ltr'><strong>in</strong></span> <span class='ocrx_word' id='word_1_648' title='bbox 2751 2271 2869 2311; x_wconf 90' lang='lat' dir='ltr'><strong>eam</strong></span> <span class='ocrx_word' id='word_1_649' title='bbox 2897 2256 3192 2326; x_wconf 88' lang='lat' dir='ltr'><strong>inquirere.</strong></span> <span class='ocrx_word' id='word_1_650' title='bbox 3222 2255 3277 2312; x_wconf 89' lang='lat' dir='ltr'><strong>Si</strong></span> <span class='ocrx_word' id='word_1_651' title='bbox 3304 2256 3456 2311; x_wconf 88' lang='lat' dir='ltr'><strong>enim</strong></span> <span class='ocrx_word' id='word_1_652' title='bbox 3479 2256 3591 2326; x_wconf 92' lang='lat' dir='ltr'><strong>jam</strong></span> <span class='ocrx_word' id='word_1_653' title='bbox 3631 2256 3745 2324; x_wconf 91' lang='lat' dir='ltr'><strong>scis,</strong></span> <span class='ocrx_word' id='word_1_654' title='bbox 3771 2267 3816 2311; x_wconf 88' lang='lat' dir='ltr'><strong>et</strong></span> 
     </span>
    </p>
   </div>
   <div class='ocr_carea' id='block_1_83' title="bbox 2239 2345 3815 2421">
    <p class='ocr_par' dir='ltr' id='par_1_83' title="bbox 2239 2345 3815 2421">
     <span class='ocr_line' id='line_1_83' title="bbox 2239 2345 3815 2421; baseline 0.002 -22"><span class='ocrx_word' id='word_1_655' title='bbox 2239 2346 2395 2402; x_wconf 91' lang='lat' dir='ltr'><strong>fidem</strong></span> <span class='ocrx_word' id='word_1_656' title='bbox 2426 2345 2625 2404; x_wconf 86' lang='lat' dir='ltr'><strong>habere</strong></span> <span class='ocrx_word' id='word_1_657' title='bbox 2649 2349 2902 2417; x_wconf 84' lang='lat' dir='ltr'><strong>statuisti,</strong></span> <span class='ocrx_word' id='word_1_658' title='bbox 2921 2350 3030 2404; x_wconf 90' lang='lat' dir='ltr'><strong>noli</strong></span> <span class='ocrx_word' id='word_1_659' title='bbox 3057 2364 3299 2421; x_wconf 72' lang='lat' dir='ltr'><strong>qumrere</strong></span> <span class='ocrx_word' id='word_1_660' title='bbox 3329 2367 3344 2405; x_wconf 91' lang='lat'>:</span> <span class='ocrx_word' id='word_1_661' title='bbox 3374 2351 3461 2405; x_wconf 92' lang='lat' dir='ltr'><strong>sin</strong></span> <span class='ocrx_word' id='word_1_662' title='bbox 3489 2359 3662 2405; x_wconf 90' lang='lat' dir='ltr'><strong>autem</strong></span> <span class='ocrx_word' id='word_1_663' title='bbox 3685 2349 3815 2404; x_wconf 84' lang='lat' dir='ltr'><strong>dubi-</strong></span> 
     </span>
    </p>
   </div>
   <div class='ocr_carea' id='block_1_84' title="bbox 2236 2439 3813 2512">
    <p class='ocr_par' dir='ltr' id='par_1_84' title="bbox 2236 2439 3813 2512">
     <span class='ocr_line' id='line_1_84' title="bbox 2236 2439 3813 2512; baseline 0.002 -20"><span class='ocrx_word' id='word_1_664' title='bbox 2236 2446 2337 2503; x_wconf 90' lang='lat' dir='ltr'><strong>tas,</strong></span> <span class='ocrx_word' id='word_1_665' title='bbox 2384 2447 2579 2495; x_wconf 90' lang='lat' dir='ltr'><strong>terram</strong></span> <span class='ocrx_word' id='word_1_666' title='bbox 2622 2439 2912 2512; x_wconf 86' lang='lat' dir='ltr'><strong>interroga,</strong></span> <span class='ocrx_word' id='word_1_667' title='bbox 2945 2440 3158 2506; x_wconf 60' lang='lat' dir='ltr'><strong>ciclum,</strong></span> <span class='ocrx_word' id='word_1_668' title='bbox 3203 2440 3400 2508; x_wconf 88' lang='lat' dir='ltr'><strong>solem,</strong></span> <span class='ocrx_word' id='word_1_669' title='bbox 3449 2440 3651 2508; x_wconf 90' lang='lat' dir='ltr'><strong>lunam,</strong></span> <span class='ocrx_word' id='word_1_670' title='bbox 3693 2441 3813 2495; x_wconf 86' lang='lat' dir='ltr'><strong>varia</strong></span> 
     </span>
    </p>
   </div>
   <div class='ocr_carea' id='block_1_85' title="bbox 2233 2528 3812 2604">
    <p class='ocr_par' dir='ltr' id='par_1_85' title="bbox 2233 2528 3812 2604">
     <span class='ocr_line' id='line_1_85' title="bbox 2233 2528 3812 2604; baseline 0.001 -21"><span class='ocrx_word' id='word_1_671' title='bbox 2233 2528 2509 2586; x_wconf 90' lang='lat' dir='ltr'><strong>hrutarum</strong></span> <span class='ocrx_word' id='word_1_672' title='bbox 2538 2531 2885 2587; x_wconf 90' lang='lat' dir='ltr'><strong>animantium</strong></span> <span class='ocrx_word' id='word_1_673' title='bbox 2913 2547 3110 2603; x_wconf 88' lang='lat' dir='ltr'><strong>genera</strong></span> <span class='ocrx_word' id='word_1_674' title='bbox 3133 2532 3431 2604; x_wconf 86' lang='lat' dir='ltr'><strong>interroga,</strong></span> <span class='ocrx_word' id='word_1_675' title='bbox 3453 2534 3675 2597; x_wconf 89' lang='lat' dir='ltr'><strong>semina,</strong></span> <span class='ocrx_word' id='word_1_676' title='bbox 3697 2532 3812 2601; x_wconf 82' lang='lat' dir='ltr'><strong>plan-</strong></span> 
     </span>
    </p>
   </div>
   <div class='ocr_carea' id='block_1_86' title="bbox 2235 2623 3807 2694">
    <p class='ocr_par' dir='ltr' id='par_1_86' title="bbox 2235 2623 3807 2694">
     <span class='ocr_line' id='line_1_86' title="bbox 2235 2623 3807 2694; baseline -0.003 -19"><span class='ocrx_word' id='word_1_677' title='bbox 2235 2632 2337 2687; x_wconf 93' lang='lat' dir='ltr'><strong>tas,</strong></span> <span class='ocrx_word' id='word_1_678' title='bbox 2369 2631 2547 2678; x_wconf 90' lang='lat' dir='ltr'><strong>mutos</strong></span> <span class='ocrx_word' id='word_1_679' title='bbox 2587 2623 2781 2694; x_wconf 88' lang='lat' dir='ltr'><strong>pisces,</strong></span> <span class='ocrx_word' id='word_1_680' title='bbox 2829 2639 2980 2691; x_wconf 89' lang='lat' dir='ltr'><strong>saxa,</strong></span> <span class='ocrx_word' id='word_1_681' title='bbox 3019 2632 3251 2691; x_wconf 89' lang='lat' dir='ltr'><strong>montes,</strong></span> <span class='ocrx_word' id='word_1_682' title='bbox 3294 2625 3495 2692; x_wconf 90' lang='lat' dir='ltr'><strong>saltus,</strong></span> <span class='ocrx_word' id='word_1_683' title='bbox 3526 2624 3702 2686; x_wconf 80' lang='lat' dir='ltr'><strong>colles,</strong></span> <span class='ocrx_word' id='word_1_684' title='bbox 3725 2641 3807 2675; x_wconf 87' lang='lat' dir='ltr'><strong>lm-</strong></span> 
     </span>
    </p>
   </div>
   <div class='ocr_carea' id='block_1_87' title="bbox 2233 2716 3805 2788">
    <p class='ocr_par' dir='ltr' id='par_1_87' title="bbox 2233 2716 3805 2788">
     <span class='ocr_line' id='line_1_87' title="bbox 2233 2716 3805 2788; baseline 0.001 -18"><span class='ocrx_word' id='word_1_685' title='bbox 2233 2724 2393 2781; x_wconf 89' lang='lat' dir='ltr'><strong>ctcm,</strong></span> <span class='ocrx_word' id='word_1_686' title='bbox 2426 2716 2590 2770; x_wconf 90' lang='lat' dir='ltr'><strong>diem.</strong></span> <span class='ocrx_word' id='word_1_687' title='bbox 2622 2716 2894 2788; x_wconf 88' lang='lat' dir='ltr'><strong>Siquidem</strong></span> <span class='ocrx_word' id='word_1_688' title='bbox 2933 2717 3047 2773; x_wconf 90' lang='lat' dir='ltr'><strong>sole</strong></span> <span class='ocrx_word' id='word_1_689' title='bbox 3069 2732 3132 2773; x_wconf 91' lang='lat' dir='ltr'><strong>ae</strong></span> <span class='ocrx_word' id='word_1_690' title='bbox 3158 2716 3321 2773; x_wconf 90' lang='lat' dir='ltr'><strong>radiis</strong></span> <span class='ocrx_word' id='word_1_691' title='bbox 3352 2717 3474 2786; x_wconf 91' lang='lat' dir='ltr'><strong>ejus</strong></span> <span class='ocrx_word' id='word_1_692' title='bbox 3514 2717 3705 2773; x_wconf 90' lang='lat' dir='ltr'><strong>clarior</strong></span> <span class='ocrx_word' id='word_1_693' title='bbox 3739 2723 3805 2771; x_wconf 86' lang='lat' dir='ltr'><strong>est</strong></span> 
     </span>
    </p>
   </div>
   <div class='ocr_carea' id='block_1_88' title="bbox 2233 2807 3804 2880">
    <p class='ocr_par' dir='ltr' id='par_1_88' title="bbox 2233 2807 3804 2880">
     <span class='ocr_line' id='line_1_88' title="bbox 2233 2807 3804 2880; baseline -0.002 -18"><span class='ocrx_word' id='word_1_694' title='bbox 2233 2807 2327 2864; x_wconf 90' lang='lat' dir='ltr'><strong>Dei</strong></span> <span class='ocrx_word' id='word_1_695' title='bbox 2358 2807 2781 2879; x_wconf 90' lang='lat' dir='ltr'><strong>providentia,et</strong></span> <span class='ocrx_word' id='word_1_696' title='bbox 2808 2809 2998 2880; x_wconf 89' lang='lat' dir='ltr'><strong>quovis</strong></span> <span class='ocrx_word' id='word_1_697' title='bbox 3026 2817 3285 2879; x_wconf 89' lang='lat' dir='ltr'><strong>tempore,</strong></span> <span class='ocrx_word' id='word_1_698' title='bbox 3328 2809 3525 2880; x_wconf 89' lang='lat' dir='ltr'><strong>quovis</strong></span> <span class='ocrx_word' id='word_1_699' title='bbox 3549 2808 3602 2865; x_wconf 93' lang='lat' dir='ltr'><strong>in</strong></span> <span class='ocrx_word' id='word_1_700' title='bbox 3627 2807 3804 2871; x_wconf 82' lang='lat' dir='ltr'><strong>loco,ia</strong></span> 
     </span>
    </p>
   </div>
   <div class='ocr_carea' id='block_1_89' title="bbox 2231 2899 3801 2973">
    <p class='ocr_par' dir='ltr' id='par_1_89' title="bbox 2231 2899 3801 2973">
     <span class='ocr_line' id='line_1_89' title="bbox 2231 2899 3801 2973; baseline -0.003 -17"><span class='ocrx_word' id='word_1_701' title='bbox 2231 2901 2538 2969; x_wconf 90' lang='lat' dir='ltr'><strong>dcsertis,in</strong></span> <span class='ocrx_word' id='word_1_702' title='bbox 2554 2901 2859 2973; x_wconf 88' lang='lat' dir='ltr'><strong>regionibus</strong></span> <span class='ocrx_word' id='word_1_703' title='bbox 2878 2901 3033 2957; x_wconf 89' lang='lat' dir='ltr'><strong>cultis</strong></span> <span class='ocrx_word' id='word_1_704' title='bbox 3045 2910 3098 2956; x_wconf 91' lang='lat' dir='ltr'><strong>et</strong></span> <span class='ocrx_word' id='word_1_705' title='bbox 3110 2901 3345 2966; x_wconf 88' lang='lat' dir='ltr'><strong>incultis,</strong></span> <span class='ocrx_word' id='word_1_706' title='bbox 3362 2903 3416 2957; x_wconf 91' lang='lat' dir='ltr'><strong>in</strong></span> <span class='ocrx_word' id='word_1_707' title='bbox 3437 2899 3659 2966; x_wconf 89' lang='lat' dir='ltr'><strong>terra,in</strong></span> <span class='ocrx_word' id='word_1_708' title='bbox 3669 2899 3801 2961; x_wconf 85' lang='lat' dir='ltr'><strong>mari,</strong></span> 
     </span>
    </p>
   </div>
   <div class='ocr_carea' id='block_1_90' title="bbox 2229 2991 3805 3065">
    <p class='ocr_par' dir='ltr' id='par_1_90' title="bbox 2229 2991 3805 3065">
     <span class='ocr_line' id='line_1_90' title="bbox 2229 2991 3805 3065; baseline -0.005 -17"><span class='ocrx_word' id='word_1_709' title='bbox 2229 3003 2285 3048; x_wconf 90' lang='lat' dir='ltr'><strong>et</strong></span> <span class='ocrx_word' id='word_1_710' title='bbox 2304 3008 2638 3065; x_wconf 89' lang='lat' dir='ltr'><strong>quocumque</strong></span> <span class='ocrx_word' id='word_1_711' title='bbox 2667 3001 2718 3049; x_wconf 90' lang='lat' dir='ltr'><strong>te</strong></span> <span class='ocrx_word' id='word_1_712' title='bbox 2736 2992 3049 3061; x_wconf 87' lang='lat' dir='ltr'><strong>contuleris,</strong></span> <span class='ocrx_word' id='word_1_713' title='bbox 3072 2991 3353 3048; x_wconf 89' lang='lat' dir='ltr'><strong>manifesta</strong></span> <span class='ocrx_word' id='word_1_714' title='bbox 3374 3000 3432 3048; x_wconf 88' lang='lat' dir='ltr'><strong>et</strong></span> <span class='ocrx_word' id='word_1_715' title='bbox 3459 2991 3643 3048; x_wconf 90' lang='lat' dir='ltr'><strong>idonea</strong></span> <span class='ocrx_word' id='word_1_716' title='bbox 3665 3030 3681 3055; x_wconf 93' lang='lat'><strong>,</strong></span> <span class='ocrx_word' id='word_1_717' title='bbox 3705 3003 3805 3043; x_wconf 86' lang='lat' dir='ltr'><strong>eum</strong></span> 
     </span>
    </p>
   </div>
   <div class='ocr_carea' id='block_1_91' title="bbox 2231 3083 3802 3155">
    <p class='ocr_par' dir='ltr' id='par_1_91' title="bbox 2231 3083 3802 3155">
     <span class='ocr_line' id='line_1_91' title="bbox 2231 3083 3802 3155; baseline -0.003 -18"><span class='ocrx_word' id='word_1_718' title='bbox 2231 3093 2411 3140; x_wconf 90' lang='lat' dir='ltr'><strong>vetera</strong></span> <span class='ocrx_word' id='word_1_719' title='bbox 2436 3094 2546 3140; x_wconf 93' lang='lat' dir='ltr'><strong>tum</strong></span> <span class='ocrx_word' id='word_1_720' title='bbox 2573 3100 2709 3140; x_wconf 91' lang='lat' dir='ltr'><strong>nova</strong></span> <span class='ocrx_word' id='word_1_721' title='bbox 2739 3083 3085 3155; x_wconf 74' lang='lat' dir='ltr'><strong>providentia:</strong></span> <span class='ocrx_word' id='word_1_722' title='bbox 3115 3084 3266 3140; x_wconf 90' lang='lat' dir='ltr'><strong>istius</strong></span> <span class='ocrx_word' id='word_1_723' title='bbox 3308 3093 3651 3139; x_wconf 90' lang='lat' dir='ltr'><strong>monumenta</strong></span> <span class='ocrx_word' id='word_1_724' title='bbox 3689 3095 3802 3135; x_wconf 86' lang='lat' dir='ltr'><strong>con-</strong></span> 
     </span>
    </p>
   </div>
   <div class='ocr_carea' id='block_1_92' title="bbox 2230 3171 3802 3248">
    <p class='ocr_par' dir='ltr' id='par_1_92' title="bbox 2230 3171 3802 3248">
     <span class='ocr_line' id='line_1_92' title="bbox 2230 3171 3802 3248; baseline -0.004 -17"><span class='ocrx_word' id='word_1_725' title='bbox 2230 3177 2445 3247; x_wconf 89' lang='lat' dir='ltr'><strong>spicies,</strong></span> <span class='ocrx_word' id='word_1_726' title='bbox 2468 3193 2732 3248; x_wconf 87' lang='lat' dir='ltr'><strong>vocesque</strong></span> <span class='ocrx_word' id='word_1_727' title='bbox 2762 3177 2994 3248; x_wconf 89' lang='lat' dir='ltr'><strong>undique</strong></span> <span class='ocrx_word' id='word_1_728' title='bbox 3024 3178 3214 3233; x_wconf 90' lang='lat' dir='ltr'><strong>missas</strong></span> <span class='ocrx_word' id='word_1_729' title='bbox 3240 3179 3342 3233; x_wconf 90' lang='lat' dir='ltr'><strong>hac</strong></span> <span class='ocrx_word' id='word_1_730' title='bbox 3364 3188 3550 3234; x_wconf 91' lang='lat' dir='ltr'><strong>nostra</strong></span> <span class='ocrx_word' id='word_1_731' title='bbox 3585 3171 3802 3231; x_wconf 87' lang='lat' dir='ltr'><strong>rationali</strong></span> 
     </span>
    </p>
   </div>
   <div class='ocr_carea' id='block_1_93' title="bbox 2230 3269 3792 3342">
    <p class='ocr_par' dir='ltr' id='par_1_93' title="bbox 2230 3269 3792 3342">
     <span class='ocr_line' id='line_1_93' title="bbox 2230 3269 3792 3342; baseline -0.004 -17"><span class='ocrx_word' id='word_1_732' title='bbox 2230 3285 2363 3326; x_wconf 83' lang='lat' dir='ltr'><strong>voce</strong></span> <span class='ocrx_word' id='word_1_733' title='bbox 2387 3271 2661 3339; x_wconf 86' lang='lat' dir='ltr'><strong>clariores,</strong></span> <span class='ocrx_word' id='word_1_734' title='bbox 2696 3285 2728 3325; x_wconf 91' lang='lat' dir='ltr'><strong>a</strong></span> <span class='ocrx_word' id='word_1_735' title='bbox 2756 3270 2947 3342; x_wconf 90' lang='lat' dir='ltr'><strong>quibus</strong></span> <span class='ocrx_word' id='word_1_736' title='bbox 2975 3269 3044 3326; x_wconf 90' lang='lat' dir='ltr'><strong>de</strong></span> <span class='ocrx_word' id='word_1_737' title='bbox 3073 3270 3317 3340; x_wconf 33' lang='lat' dir='ltr'><strong>hacxcjus</strong></span> <span class='ocrx_word' id='word_1_738' title='bbox 3357 3287 3487 3328; x_wconf 92' lang='lat' dir='ltr'><strong>cura</strong></span> <span class='ocrx_word' id='word_1_739' title='bbox 3512 3270 3792 3329; x_wconf 85' lang='lat' dir='ltr'><strong>instructor,</strong></span> 
     </span>
    </p>
   </div>
   <div class='ocr_carea' id='block_1_94' title="bbox 2231 3360 3800 3433">
    <p class='ocr_par' dir='ltr' id='par_1_94' title="bbox 2231 3360 3800 3433">
     <span class='ocr_line' id='line_1_94' title="bbox 2231 3360 3800 3433; baseline -0.002 -19"><span class='ocrx_word' id='word_1_740' title='bbox 2231 3361 2322 3431; x_wconf 93' lang='lat' dir='ltr'><strong>qui</strong></span> <span class='ocrx_word' id='word_1_741' title='bbox 2347 3375 2507 3415; x_wconf 90' lang='lat' dir='ltr'><strong>aures</strong></span> <span class='ocrx_word' id='word_1_742' title='bbox 2534 3360 2763 3416; x_wconf 90' lang='lat' dir='ltr'><strong>voluerit</strong></span> <span class='ocrx_word' id='word_1_743' title='bbox 2799 3360 3108 3417; x_wconf 88' lang='lat' dir='ltr'><strong>admovere.</strong></span> <span class='ocrx_word' id='word_1_744' title='bbox 3149 3360 3357 3417; x_wconf 84' lang='lat' dir='ltr'><strong>Idcirco</strong></span> <span class='ocrx_word' id='word_1_745' title='bbox 3394 3360 3649 3433; x_wconf 88' lang='lat' dir='ltr'><strong>propheta</strong></span> <span class='ocrx_word' id='word_1_746' title='bbox 3686 3370 3800 3425; x_wconf 84' lang='lat' dir='ltr'><strong>quo-</strong></span> 
     </span>
    </p>
   </div>
   <div class='ocr_carea' id='block_1_95' title="bbox 2230 3449 3793 3522">
    <p class='ocr_par' dir='ltr' id='par_1_95' title="bbox 2230 3449 3793 3522">
     <span class='ocr_line' id='line_1_95' title="bbox 2230 3449 3793 3522; baseline -0.004 -18"><span class='ocrx_word' id='word_1_747' title='bbox 2230 3466 2335 3521; x_wconf 89' lang='lat' dir='ltr'><strong>que</strong></span> <span class='ocrx_word' id='word_1_748' title='bbox 2381 3466 2570 3508; x_wconf 89' lang='lat' dir='ltr'><strong>vocum</strong></span> <span class='ocrx_word' id='word_1_749' title='bbox 2613 3451 2835 3508; x_wconf 91' lang='lat' dir='ltr'><strong>istarum</strong></span> <span class='ocrx_word' id='word_1_750' title='bbox 2879 3452 3243 3522; x_wconf 67' lang='lat' dir='ltr'><strong>prmstantiam</strong></span> <span class='ocrx_word' id='word_1_751' title='bbox 3287 3454 3479 3509; x_wconf 88' lang='lat' dir='ltr'><strong>volens</strong></span> <span class='ocrx_word' id='word_1_752' title='bbox 3522 3449 3793 3508; x_wconf 84' lang='lat' dir='ltr'><strong>ostendere,</strong></span> 
     </span>
    </p>
   </div>
   <div class='ocr_carea' id='block_1_96' title="bbox 2231 3544 3797 3618">
    <p class='ocr_par' dir='ltr' id='par_1_96' title="bbox 2231 3544 3797 3618">
     <span class='ocr_line' id='line_1_96' title="bbox 2231 3544 3797 3618; baseline -0.007 -17"><span class='ocrx_word' id='word_1_753' title='bbox 2231 3545 2443 3601; x_wconf 85' lang='lat' dir='ltr'><strong>dicebat</strong></span> <span class='ocrx_word' id='word_1_754' title='bbox 2472 3564 2488 3601; x_wconf 88' lang='lat'><strong>:</strong></span> <span class='ocrx_word' id='word_1_755' title='bbox 2517 3544 2640 3600; x_wconf 84' lang='lat' dir='ltr'><strong>Non</strong></span> <span class='ocrx_word' id='word_1_756' title='bbox 2684 3553 2806 3601; x_wconf 81' lang='lat' dir='ltr'><strong>sunt</strong></span> <span class='ocrx_word' id='word_1_757' title='bbox 2848 3545 3078 3617; x_wconf 67' lang='lat' dir='ltr'><strong>loquelae,</strong></span> <span class='ocrx_word' id='word_1_758' title='bbox 3112 3563 3270 3618; x_wconf 85' lang='lat' dir='ltr'><strong>neque</strong></span> <span class='ocrx_word' id='word_1_759' title='bbox 3312 3563 3591 3610; x_wconf 79' lang='lat' dir='ltr'><strong>sermones,</strong></span> <span class='ocrx_word' id='word_1_760' title='bbox 3615 3553 3797 3615; x_wconf 74' lang='lat' dir='ltr'><strong>quorum</strong></span> 
     </span>
    </p>
   </div>
   <div class='ocr_carea' id='block_1_97' title="bbox 2232 3636 3792 3711">
    <p class='ocr_par' dir='ltr' id='par_1_97' title="bbox 2232 3636 3792 3711">
     <span class='ocr_line' id='line_1_97' title="bbox 2232 3636 3792 3711; baseline -0.002 -21"><span class='ocrx_word' id='word_1_761' title='bbox 2232 3653 2333 3690; x_wconf 85' lang='lat' dir='ltr'><strong>non</strong></span> <span class='ocrx_word' id='word_1_762' title='bbox 2352 3636 2629 3691; x_wconf 82' lang='lat' dir='ltr'><strong>audiantur</strong></span> <span class='ocrx_word' id='word_1_763' title='bbox 2670 3652 2813 3692; x_wconf 78' lang='lat' dir='ltr'><strong>voces</strong></span> <span class='ocrx_word' id='word_1_764' title='bbox 2854 3653 3026 3691; x_wconf 86' lang='lat' dir='ltr'><strong>eorum</strong></span> <span class='ocrx_word' id='word_1_765' title='bbox 3049 3637 3220 3709; x_wconf 85' lang='lat' dir='ltr'><strong>(Psal.</strong></span> <span class='ocrx_word' id='word_1_766' title='bbox 3254 3638 3343 3695; x_wconf 63' lang='lat'><strong>‘18.</strong></span> <span class='ocrx_word' id='word_1_767' title='bbox 3364 3638 3442 3711; x_wconf 74' lang='grc' dir='ltr'><strong>ι).</strong></span> <span class='ocrx_word' id='word_1_768' title='bbox 3471 3637 3599 3693; x_wconf 88' lang='lat' dir='ltr'><strong>Nam</strong></span> <span class='ocrx_word' id='word_1_769' title='bbox 3643 3642 3792 3688; x_wconf 78' lang='lat' dir='ltr'><strong>nostra</strong></span> 
     </span>
    </p>
   </div>
   <div class='ocr_carea' id='block_1_98' title="bbox 2232 3725 3793 3802">
    <p class='ocr_par' dir='ltr' id='par_1_98' title="bbox 2232 3725 3793 3802">
     <span class='ocr_line' id='line_1_98' title="bbox 2232 3725 3793 3802; baseline -0.005 -18"><span class='ocrx_word' id='word_1_770' title='bbox 2232 3730 2448 3800; x_wconf 85' lang='lat' dir='ltr'><strong>quidem</strong></span> <span class='ocrx_word' id='word_1_771' title='bbox 2477 3740 2602 3786; x_wconf 92' lang='lat' dir='ltr'><strong>nota</strong></span> <span class='ocrx_word' id='word_1_772' title='bbox 2628 3739 2711 3786; x_wconf 91' lang='lat' dir='ltr'><strong>est</strong></span> <span class='ocrx_word' id='word_1_773' title='bbox 2736 3730 2842 3788; x_wconf 91' lang='lat' dir='ltr'><strong>illis</strong></span> <span class='ocrx_word' id='word_1_774' title='bbox 2889 3738 3116 3796; x_wconf 90' lang='lat' dir='ltr'><strong>tantum,</strong></span> <span class='ocrx_word' id='word_1_775' title='bbox 3147 3731 3238 3802; x_wconf 89' lang='lat' dir='ltr'><strong>qui</strong></span> <span class='ocrx_word' id='word_1_776' title='bbox 3280 3732 3525 3801; x_wconf 90' lang='lat' dir='ltr'><strong>ejusdem</strong></span> <span class='ocrx_word' id='word_1_777' title='bbox 3558 3736 3672 3784; x_wconf 90' lang='lat' dir='ltr'><strong>sunt</strong></span> <span class='ocrx_word' id='word_1_778' title='bbox 3708 3725 3793 3778; x_wconf 86' lang='lat' dir='ltr'><strong>lin-</strong></span> 
     </span>
    </p>
   </div>
   <div class='ocr_carea' id='block_1_99' title="bbox 2232 3822 3790 3893">
    <p class='ocr_par' dir='ltr' id='par_1_99' title="bbox 2232 3822 3790 3893">
     <span class='ocr_line' id='line_1_99' title="bbox 2232 3822 3790 3893; baseline 0.002 -19"><span class='ocrx_word' id='word_1_779' title='bbox 2232 3837 2351 3892; x_wconf 81' lang='lat' dir='ltr'><strong>gnas</strong></span> <span class='ocrx_word' id='word_1_780' title='bbox 2382 3840 2394 3876; x_wconf 94' lang='lat'>:</span> <span class='ocrx_word' id='word_1_781' title='bbox 2426 3838 2533 3878; x_wconf 88' lang='lat' dir='ltr'><strong>non</strong></span> <span class='ocrx_word' id='word_1_782' title='bbox 2579 3823 2709 3877; x_wconf 92' lang='lat' dir='ltr'><strong>item</strong></span> <span class='ocrx_word' id='word_1_783' title='bbox 2753 3822 2857 3877; x_wconf 92' lang='lat' dir='ltr'><strong>illis</strong></span> <span class='ocrx_word' id='word_1_784' title='bbox 2903 3823 2995 3893; x_wconf 91' lang='lat' dir='ltr'><strong>qui</strong></span> <span class='ocrx_word' id='word_1_785' title='bbox 3038 3822 3265 3878; x_wconf 72' lang='lat' dir='ltr'><strong>diversa:</strong></span> <span class='ocrx_word' id='word_1_786' title='bbox 3299 3841 3314 3879; x_wconf 90' lang='lat'><strong>:</strong></span> <span class='ocrx_word' id='word_1_787' title='bbox 3346 3832 3406 3880; x_wconf 87' lang='lat' dir='ltr'><strong>at</strong></span> <span class='ocrx_word' id='word_1_788' title='bbox 3432 3823 3519 3878; x_wconf 88' lang='lat' dir='ltr'><strong>illa</strong></span> <span class='ocrx_word' id='word_1_789' title='bbox 3558 3835 3655 3873; x_wconf 79' lang='lat' dir='ltr'><strong>vox</strong></span> <span class='ocrx_word' id='word_1_790' title='bbox 3694 3828 3790 3886; x_wconf 63' lang='lat' dir='ltr'><strong>quit!</strong></span> 
     </span>
    </p>
   </div>
   <div class='ocr_carea' id='block_1_100' title="bbox 2236 3908 3791 3985">
    <p class='ocr_par' dir='ltr' id='par_1_100' title="bbox 2236 3908 3791 3985">
     <span class='ocr_line' id='line_1_100' title="bbox 2236 3908 3791 3985; baseline -0.005 -18"><span class='ocrx_word' id='word_1_791' title='bbox 2236 3914 2466 3969; x_wconf 92' lang='lat' dir='ltr'><strong>mittitur</strong></span> <span class='ocrx_word' id='word_1_792' title='bbox 2490 3928 2521 3968; x_wconf 94' lang='lat' dir='ltr'><strong>a</strong></span> <span class='ocrx_word' id='word_1_793' title='bbox 2549 3914 2835 3981; x_wconf 89' lang='lat' dir='ltr'><strong>creaturis,</strong></span> <span class='ocrx_word' id='word_1_794' title='bbox 2864 3913 2933 3968; x_wconf 91' lang='lat' dir='ltr'><strong>ab</strong></span> <span class='ocrx_word' id='word_1_795' title='bbox 2954 3913 3225 3980; x_wconf 89' lang='lat' dir='ltr'><strong>omnibus,</strong></span> <span class='ocrx_word' id='word_1_796' title='bbox 3262 3929 3387 3985; x_wconf 72' lang='lat' dir='ltr'><strong>quas</strong></span> <span class='ocrx_word' id='word_1_797' title='bbox 3434 3923 3599 3970; x_wconf 90' lang='lat' dir='ltr'><strong>totum</strong></span> <span class='ocrx_word' id='word_1_798' title='bbox 3638 3908 3791 3965; x_wconf 84' lang='lat' dir='ltr'><strong>orbem</strong></span> 
     </span>
    </p>
   </div>
   <div class='ocr_carea' id='block_1_101' title="bbox 2237 4005 3533 4078">
    <p class='ocr_par' dir='ltr' id='par_1_101' title="bbox 2237 4005 3533 4078">
     <span class='ocr_line' id='line_1_101' title="bbox 2237 4005 3533 4078; baseline -0.002 -17"><span class='ocrx_word' id='word_1_799' title='bbox 2237 4015 2501 4061; x_wconf 91' lang='lat' dir='ltr'><strong>terrarum</strong></span> <span class='ocrx_word' id='word_1_800' title='bbox 2524 4005 2783 4072; x_wconf 88' lang='lat' dir='ltr'><strong>incolunt,</strong></span> <span class='ocrx_word' id='word_1_801' title='bbox 2805 4006 3111 4062; x_wconf 89' lang='lat' dir='ltr'><strong>nationibus</strong></span> <span class='ocrx_word' id='word_1_802' title='bbox 3138 4014 3315 4078; x_wconf 88' lang='lat' dir='ltr'><strong>potest</strong></span> <span class='ocrx_word' id='word_1_803' title='bbox 3338 4006 3533 4062; x_wconf 92' lang='lat' dir='ltr'><strong>audiri.</strong></span> 
     </span>
    </p>
   </div>
   <div class='ocr_carea' id='block_1_102' title="bbox 2306 4092 3789 4171">
    <p class='ocr_par' dir='ltr' id='par_1_102' title="bbox 2306 4092 3789 4171">
     <span class='ocr_line' id='line_1_102' title="bbox 2306 4092 3789 4171; baseline -0.008 -18"><span class='ocrx_word' id='word_1_804' title='bbox 2306 4097 2435 4153; x_wconf 76' lang='lat' dir='ltr'><strong>CAP.</strong></span> <span class='ocrx_word' id='word_1_805' title='bbox 2466 4097 2555 4152; x_wconf 80' lang='lat' dir='ltr'><strong>VI.</strong></span> <span class='ocrx_word' id='word_1_806' title='bbox 2589 4097 2669 4153; x_wconf 87' lang='lat' dir='ltr'><strong>De</strong></span> <span class='ocrx_word' id='word_1_807' title='bbox 2691 4099 2901 4153; x_wconf 87' lang='lat' dir='ltr'><strong>caritate</strong></span> <span class='ocrx_word' id='word_1_808' title='bbox 2915 4097 3013 4153; x_wconf 89' lang='lat' dir='ltr'><strong>Dei</strong></span> <span class='ocrx_word' id='word_1_809' title='bbox 3025 4114 3140 4171; x_wconf 70' lang='lat' dir='ltr'><strong>quae</strong></span> <span class='ocrx_word' id='word_1_810' title='bbox 3168 4100 3433 4154; x_wconf 80' lang='lat' dir='ltr'><strong>caritatem</strong></span> <span class='ocrx_word' id='word_1_811' title='bbox 3460 4113 3646 4154; x_wconf 82' lang='lat' dir='ltr'><strong>omnem</strong></span> <span class='ocrx_word' id='word_1_812' title='bbox 3669 4092 3789 4161; x_wconf 80' lang='lat' dir='ltr'><strong>longe</strong></span> 
     </span>
    </p>
   </div>
   <div class='ocr_carea' id='block_1_103' title="bbox 2234 4188 3783 4259">
    <p class='ocr_par' dir='ltr' id='par_1_103' title="bbox 2234 4188 3783 4259">
     <span class='ocr_line' id='line_1_103' title="bbox 2234 4188 3783 4259; baseline -0.008 -14"><span class='ocrx_word' id='word_1_813' title='bbox 2234 4190 2459 4255; x_wconf 74' lang='lat' dir='ltr'><strong>excedit;</strong></span> <span class='ocrx_word' id='word_1_814' title='bbox 2478 4190 2764 4259; x_wconf 75' lang='lat' dir='ltr'><strong>exemplum</strong></span> <span class='ocrx_word' id='word_1_815' title='bbox 2799 4189 3012 4259; x_wconf 71' lang='lat' dir='ltr'><strong>aﬂ&#39;ertur</strong></span> <span class='ocrx_word' id='word_1_816' title='bbox 3032 4207 3097 4247; x_wconf 78' lang='lat' dir='ltr'><strong>ea:</strong></span> <span class='ocrx_word' id='word_1_817' title='bbox 3125 4192 3336 4247; x_wconf 83' lang='lat' dir='ltr'><strong>historia</strong></span> <span class='ocrx_word' id='word_1_818' title='bbox 3359 4192 3511 4247; x_wconf 75' lang='lat' dir='ltr'><strong>Jona:</strong></span> <span class='ocrx_word' id='word_1_819' title='bbox 3532 4188 3783 4243; x_wconf 81' lang='lat' dir='ltr'><strong>deductum.</strong></span> 
     </span>
    </p>
   </div>
   <div class='ocr_carea' id='block_1_104' title="bbox 2233 4276 3787 4353">
    <p class='ocr_par' dir='ltr' id='par_1_104' title="bbox 2233 4276 3787 4353">
     <span class='ocr_line' id='line_1_104' title="bbox 2233 4276 3787 4353; baseline -0.006 -18"><span class='ocrx_word' id='word_1_820' title='bbox 2233 4282 2480 4352; x_wconf 85' lang='lat' dir='ltr'><strong>—-Atque</strong></span> <span class='ocrx_word' id='word_1_821' title='bbox 2507 4281 2647 4351; x_wconf 90' lang='lat' dir='ltr'><strong>apud</strong></span> <span class='ocrx_word' id='word_1_822' title='bbox 2664 4282 2864 4353; x_wconf 90' lang='lat' dir='ltr'><strong>probos</strong></span> <span class='ocrx_word' id='word_1_823' title='bbox 2883 4282 3096 4353; x_wconf 92' lang='lat' dir='ltr'><strong>quidem</strong></span> <span class='ocrx_word' id='word_1_824' title='bbox 3123 4298 3187 4340; x_wconf 90' lang='lat' dir='ltr'><strong>ae</strong></span> <span class='ocrx_word' id='word_1_825' title='bbox 3207 4283 3500 4348; x_wconf 89' lang='lat' dir='ltr'><strong>modestos,</strong></span> <span class='ocrx_word' id='word_1_826' title='bbox 3520 4289 3635 4335; x_wconf 86' lang='lat' dir='ltr'><strong>ante</strong></span> <span class='ocrx_word' id='word_1_827' title='bbox 3652 4276 3787 4332; x_wconf 83' lang='lat' dir='ltr'><strong>ullam</strong></span> 
     </span>
    </p>
   </div>
   <div class='ocr_carea' id='block_1_105' title="bbox 2235 4363 3785 4445">
    <p class='ocr_par' dir='ltr' id='par_1_105' title="bbox 2235 4363 3785 4445">
     <span class='ocr_line' id='line_1_105' title="bbox 2235 4363 3785 4445; baseline -0.01 -16"><span class='ocrx_word' id='word_1_828' title='bbox 2235 4387 2299 4429; x_wconf 85' lang='lat' dir='ltr'><strong>ex</strong></span> <span class='ocrx_word' id='word_1_829' title='bbox 2329 4372 2577 4444; x_wconf 88' lang='lat' dir='ltr'><strong>operibus</strong></span> <span class='ocrx_word' id='word_1_830' title='bbox 2622 4372 3155 4439; x_wconf 91' lang='lat' dir='ltr'><strong>demonstrationem,</strong></span> <span class='ocrx_word' id='word_1_831' title='bbox 3188 4374 3303 4445; x_wconf 90' lang='lat' dir='ltr'><strong>ipsa</strong></span> <span class='ocrx_word' id='word_1_832' title='bbox 3340 4376 3456 4431; x_wconf 91' lang='lat' dir='ltr'><strong>sola</strong></span> <span class='ocrx_word' id='word_1_833' title='bbox 3498 4372 3586 4432; x_wconf 81' lang='lat' dir='ltr'><strong>Dei</strong></span> <span class='ocrx_word' id='word_1_834' title='bbox 3619 4363 3785 4423; x_wconf 79' lang='lat' dir='ltr'><strong>sufficit</strong></span> 
     </span>
    </p>
   </div>
   <div class='ocr_carea' id='block_1_106' title="bbox 2235 4451 3785 4536">
    <p class='ocr_par' dir='ltr' id='par_1_106' title="bbox 2235 4451 3785 4536">
     <span class='ocr_line' id='line_1_106' title="bbox 2235 4451 3785 4536; baseline -0.003 -19"><span class='ocrx_word' id='word_1_835' title='bbox 2235 4465 2543 4531; x_wconf 88' lang='lat' dir='ltr'><strong>affirmatio,</strong></span> <span class='ocrx_word' id='word_1_836' title='bbox 2572 4479 2678 4520; x_wconf 91' lang='lat' dir='ltr'><strong>non</strong></span> <span class='ocrx_word' id='word_1_837' title='bbox 2716 4464 2783 4520; x_wconf 91' lang='lat' dir='ltr'><strong>ad</strong></span> <span class='ocrx_word' id='word_1_838' title='bbox 2830 4465 3216 4536; x_wconf 90' lang='lat' dir='ltr'><strong>providentiam</strong></span> <span class='ocrx_word' id='word_1_839' title='bbox 3259 4476 3485 4531; x_wconf 89' lang='lat' dir='ltr'><strong>tantum,</strong></span> <span class='ocrx_word' id='word_1_840' title='bbox 3526 4460 3614 4517; x_wconf 88' lang='lat' dir='ltr'><strong>sed</strong></span> <span class='ocrx_word' id='word_1_841' title='bbox 3648 4465 3697 4513; x_wconf 85' lang='lat' dir='ltr'><strong>et</strong></span> <span class='ocrx_word' id='word_1_842' title='bbox 3730 4451 3785 4506; x_wconf 76' lang='lat' dir='ltr'><strong>ad</strong></span> 
     </span>
    </p>
   </div>
   <div class='ocr_carea' id='block_1_107' title="bbox 2235 4546 3780 4625">
    <p class='ocr_par' dir='ltr' id='par_1_107' title="bbox 2235 4546 3780 4625">
     <span class='ocr_line' id='line_1_107' title="bbox 2235 4546 3780 4625; baseline -0.008 -17"><span class='ocrx_word' id='word_1_843' title='bbox 2235 4570 2473 4610; x_wconf 90' lang='lat' dir='ltr'><strong>amorem</strong></span> <span class='ocrx_word' id='word_1_844' title='bbox 2502 4559 2660 4611; x_wconf 85' lang='lat' dir='ltr'><strong>etiam</strong></span> <span class='ocrx_word' id='word_1_845' title='bbox 2683 4555 2822 4610; x_wconf 91' lang='lat' dir='ltr'><strong>illius</strong></span> <span class='ocrx_word' id='word_1_846' title='bbox 2850 4571 2975 4625; x_wconf 86' lang='lat' dir='ltr'><strong>erga</strong></span> <span class='ocrx_word' id='word_1_847' title='bbox 3003 4571 3104 4611; x_wconf 92' lang='lat' dir='ltr'><strong>nos</strong></span> <span class='ocrx_word' id='word_1_848' title='bbox 3132 4556 3384 4613; x_wconf 91' lang='lat' dir='ltr'><strong>eximium</strong></span> <span class='ocrx_word' id='word_1_849' title='bbox 3413 4546 3780 4612; x_wconf 87' lang='lat' dir='ltr'><strong>ostendendum.</strong></span> 
     </span>
    </p>
   </div>
   <div class='ocr_carea' id='block_1_108' title="bbox 2236 4639 3783 4723">
    <p class='ocr_par' dir='ltr' id='par_1_108' title="bbox 2236 4639 3783 4723">
     <span class='ocr_line' id='line_1_108' title="bbox 2236 4639 3783 4723; baseline -0.005 -23"><span class='ocrx_word' id='word_1_850' title='bbox 2236 4644 2351 4700; x_wconf 92' lang='lat' dir='ltr'><strong>Non</strong></span> <span class='ocrx_word' id='word_1_851' title='bbox 2404 4646 2545 4701; x_wconf 92' lang='lat' dir='ltr'><strong>enim</strong></span> <span class='ocrx_word' id='word_1_852' title='bbox 2592 4647 2782 4716; x_wconf 89' lang='lat' dir='ltr'><strong>quovis</strong></span> <span class='ocrx_word' id='word_1_853' title='bbox 2815 4645 2976 4701; x_wconf 91' lang='lat' dir='ltr'><strong>modo</strong></span> <span class='ocrx_word' id='word_1_854' title='bbox 3014 4647 3256 4716; x_wconf 90' lang='lat' dir='ltr'><strong>providet</strong></span> <span class='ocrx_word' id='word_1_855' title='bbox 3294 4648 3471 4723; x_wconf 79' lang='lat' dir='ltr'><strong>nobis,</strong></span> <span class='ocrx_word' id='word_1_856' title='bbox 3512 4641 3600 4699; x_wconf 90' lang='lat' dir='ltr'><strong>sed</strong></span> <span class='ocrx_word' id='word_1_857' title='bbox 3641 4639 3702 4693; x_wconf 88' lang='lat' dir='ltr'><strong>ita</strong></span> <span class='ocrx_word' id='word_1_858' title='bbox 3737 4639 3783 4686; x_wconf 74' lang='grc' dir='ltr'><strong>ιιι</strong></span> 
     </span>
    </p>
   </div>
   <div class='ocr_carea' id='block_1_109' title="bbox 2236 4724 3779 4803">
    <p class='ocr_par' dir='ltr' id='par_1_109' title="bbox 2236 4724 3779 4803">
     <span class='ocr_line' id='line_1_109' title="bbox 2236 4724 3779 4803; baseline -0.008 -13"><span class='ocrx_word' id='word_1_859' title='bbox 2236 4746 2380 4793; x_wconf 92' lang='lat' dir='ltr'><strong>amet</strong></span> <span class='ocrx_word' id='word_1_860' title='bbox 2422 4737 2601 4803; x_wconf 92' lang='lat' dir='ltr'><strong>simul,</strong></span> <span class='ocrx_word' id='word_1_861' title='bbox 2623 4747 2679 4793; x_wconf 89' lang='lat' dir='ltr'><strong>et</strong></span> <span class='ocrx_word' id='word_1_862' title='bbox 2724 4736 3031 4793; x_wconf 88' lang='lat' dir='ltr'><strong>vehementi</strong></span> <span class='ocrx_word' id='word_1_863' title='bbox 3074 4752 3175 4793; x_wconf 91' lang='lat' dir='ltr'><strong>nos</strong></span> <span class='ocrx_word' id='word_1_864' title='bbox 3199 4747 3255 4793; x_wconf 91' lang='lat' dir='ltr'><strong>et</strong></span> <span class='ocrx_word' id='word_1_865' title='bbox 3282 4738 3541 4793; x_wconf 88' lang='lat' dir='ltr'><strong>immenso</strong></span> <span class='ocrx_word' id='word_1_866' title='bbox 3582 4724 3779 4802; x_wconf 89' lang='lat' dir='ltr'><strong>quodam</strong></span> 
     </span>
    </p>
   </div>
   <div class='ocr_carea' id='block_1_110' title="bbox 2235 4819 3779 4900">
    <p class='ocr_par' dir='ltr' id='par_1_110' title="bbox 2235 4819 3779 4900">
     <span class='ocr_line' id='line_1_110' title="bbox 2235 4819 3779 4900; baseline -0.007 -18"><span class='ocrx_word' id='word_1_867' title='bbox 2235 4843 2420 4884; x_wconf 89' lang='lat' dir='ltr'><strong>amore</strong></span> <span class='ocrx_word' id='word_1_868' title='bbox 2467 4837 2838 4899; x_wconf 88' lang='lat' dir='ltr'><strong>prosequatur,</strong></span> <span class='ocrx_word' id='word_1_869' title='bbox 2885 4829 2955 4884; x_wconf 88' lang='lat' dir='ltr'><strong>ab</strong></span> <span class='ocrx_word' id='word_1_870' title='bbox 2996 4830 3141 4885; x_wconf 90' lang='lat' dir='ltr'><strong>omni</strong></span> <span class='ocrx_word' id='word_1_871' title='bbox 3182 4830 3397 4900; x_wconf 90' lang='lat' dir='ltr'><strong>quidem</strong></span> <span class='ocrx_word' id='word_1_872' title='bbox 3444 4825 3668 4900; x_wconf 87' lang='lat' dir='ltr'><strong>passione</strong></span> <span class='ocrx_word' id='word_1_873' title='bbox 3698 4819 3779 4872; x_wconf 86' lang='lat' dir='ltr'><strong>int-</strong></span> 
     </span>
    </p>
   </div>
   <div class='ocr_carea' id='block_1_111' title="bbox 2237 4907 3779 4984">
    <p class='ocr_par' dir='ltr' id='par_1_111' title="bbox 2237 4907 3779 4984">
     <span class='ocr_line' id='line_1_111' title="bbox 2237 4907 3779 4984; baseline -0.012 -9"><span class='ocrx_word' id='word_1_874' title='bbox 2237 4920 2407 4984; x_wconf 90' lang='lat' dir='ltr'><strong>muni,</strong></span> <span class='ocrx_word' id='word_1_875' title='bbox 2452 4920 2545 4973; x_wconf 85' lang='lat' dir='ltr'><strong>sed</strong></span> <span class='ocrx_word' id='word_1_876' title='bbox 2590 4920 2967 4981; x_wconf 86' lang='lat' dir='ltr'><strong>ardentissimo</strong></span> <span class='ocrx_word' id='word_1_877' title='bbox 2994 4930 3049 4977; x_wconf 90' lang='lat' dir='ltr'><strong>et</strong></span> <span class='ocrx_word' id='word_1_878' title='bbox 3078 4921 3455 4984; x_wconf 83' lang='lat' dir='ltr'><strong>intentissima,</strong></span> <span class='ocrx_word' id='word_1_879' title='bbox 3482 4918 3688 4976; x_wconf 91' lang='lat' dir='ltr'><strong>sincero,</strong></span> <span class='ocrx_word' id='word_1_880' title='bbox 3713 4907 3779 4961; x_wconf 86' lang='lat' dir='ltr'><strong>in-</strong></span> 
     </span>
    </p>
   </div>
   <div class='ocr_carea' id='block_1_112' title="bbox 2235 5006 3779 5085">
    <p class='ocr_par' dir='ltr' id='par_1_112' title="bbox 2235 5006 3779 5085">
     <span class='ocr_line' id='line_1_112' title="bbox 2235 5006 3779 5085; baseline -0.006 -18"><span class='ocrx_word' id='word_1_881' title='bbox 2235 5012 2555 5079; x_wconf 90' lang='lat' dir='ltr'><strong>dissolubili,</strong></span> <span class='ocrx_word' id='word_1_882' title='bbox 2584 5021 2638 5067; x_wconf 88' lang='lat' dir='ltr'><strong>ct</strong></span> <span class='ocrx_word' id='word_1_883' title='bbox 2662 5013 2751 5084; x_wconf 90' lang='lat' dir='ltr'><strong>qui</strong></span> <span class='ocrx_word' id='word_1_884' title='bbox 2795 5029 3086 5085; x_wconf 90' lang='lat' dir='ltr'><strong>numquam</strong></span> <span class='ocrx_word' id='word_1_885' title='bbox 3134 5014 3303 5085; x_wconf 91' lang='lat' dir='ltr'><strong>possit</strong></span> <span class='ocrx_word' id='word_1_886' title='bbox 3339 5008 3611 5081; x_wconf 87' lang='lat' dir='ltr'><strong>exstingui.</strong></span> <span class='ocrx_word' id='word_1_887' title='bbox 3634 5006 3779 5069; x_wconf 77' lang='lat' dir='ltr'><strong>Atque</strong></span> 
     </span>
    </p>
   </div>
   <div class='ocr_carea' id='block_1_113' title="bbox 2236 5093 3766 5189">
    <p class='ocr_par' dir='ltr' id='par_1_113' title="bbox 2236 5093 3766 5189">
     <span class='ocr_line' id='line_1_113' title="bbox 2236 5093 3766 5189; baseline -0.007 -31"><span class='ocrx_word' id='word_1_888' title='bbox 2236 5102 2340 5158; x_wconf 84' lang='lat' dir='ltr'><strong>hoc</strong></span> <span class='ocrx_word' id='word_1_889' title='bbox 2382 5103 2538 5159; x_wconf 92' lang='lat' dir='ltr'><strong>nobis</strong></span> <span class='ocrx_word' id='word_1_890' title='bbox 2583 5119 2706 5159; x_wconf 92' lang='lat' dir='ltr'><strong>cum</strong></span> <span class='ocrx_word' id='word_1_891' title='bbox 2761 5103 2922 5160; x_wconf 87' lang='lat' dir='ltr'><strong>vellet</strong></span> <span class='ocrx_word' id='word_1_892' title='bbox 2968 5105 3240 5160; x_wconf 88' lang='lat' dir='ltr'><strong>insinuare</strong></span> <span class='ocrx_word' id='word_1_893' title='bbox 3288 5105 3556 5175; x_wconf 88' lang='lat' dir='ltr'><strong>Scriptura</strong></span> <span class='ocrx_word' id='word_1_894' title='bbox 3593 5093 3766 5189; x_wconf 71' lang='lat' dir='ltr'><strong>divina.</strong></span> 
     </span>
    </p>
   </div>
   <div class='ocr_carea' id='block_1_114' title="bbox 2237 5190 3772 5268">
    <p class='ocr_par' dir='ltr' id='par_1_114' title="bbox 2237 5190 3772 5268">
     <span class='ocr_line' id='line_1_114' title="bbox 2237 5190 3772 5268; baseline -0.01 -18"><span class='ocrx_word' id='word_1_895' title='bbox 2237 5195 2440 5268; x_wconf 86' lang='lat' dir='ltr'><strong>profert</strong></span> <span class='ocrx_word' id='word_1_896' title='bbox 2464 5196 2677 5267; x_wconf 85' lang='lat' dir='ltr'><strong>quidem</strong></span> <span class='ocrx_word' id='word_1_897' title='bbox 2705 5195 3083 5251; x_wconf 91' lang='lat' dir='ltr'><strong>similitudines</strong></span> <span class='ocrx_word' id='word_1_898' title='bbox 3111 5196 3299 5253; x_wconf 89' lang='lat' dir='ltr'><strong>ductas</strong></span> <span class='ocrx_word' id='word_1_899' title='bbox 3318 5211 3347 5251; x_wconf 90' lang='lat' dir='ltr'><strong>a</strong></span> <span class='ocrx_word' id='word_1_900' title='bbox 3370 5196 3525 5252; x_wconf 89' lang='lat' dir='ltr'><strong>rebus</strong></span> <span class='ocrx_word' id='word_1_901' title='bbox 3546 5190 3772 5243; x_wconf 78' lang='lat' dir='ltr'><strong>humanIS.</strong></span> 
     </span>
    </p>
   </div>
   <div class='ocr_carea' id='block_1_115' title="bbox 2236 5277 3774 5361">
    <p class='ocr_par' dir='ltr' id='par_1_115' title="bbox 2236 5277 3774 5361">
     <span class='ocr_line' id='line_1_115' title="bbox 2236 5277 3774 5361; baseline -0.003 -16"><span class='ocrx_word' id='word_1_902' title='bbox 2236 5289 2439 5361; x_wconf 87' lang='lat' dir='ltr'><strong>profert</strong></span> <span class='ocrx_word' id='word_1_903' title='bbox 2457 5296 2512 5345; x_wconf 88' lang='lat' dir='ltr'><strong>et</strong></span> <span class='ocrx_word' id='word_1_904' title='bbox 2535 5288 2753 5356; x_wconf 89' lang='lat' dir='ltr'><strong>amoris,</strong></span> <span class='ocrx_word' id='word_1_905' title='bbox 2782 5287 3148 5359; x_wconf 62' lang='lat' dir='ltr'><strong>providentiae,</strong></span> <span class='ocrx_word' id='word_1_906' title='bbox 3166 5303 3414 5360; x_wconf 69' lang='lat' dir='ltr'><strong>eurazque</strong></span> <span class='ocrx_word' id='word_1_907' title='bbox 3438 5277 3659 5348; x_wconf 74' lang='lat' dir='ltr'><strong>exempla</strong></span> <span class='ocrx_word' id='word_1_908' title='bbox 3677 5283 3774 5341; x_wconf 65' lang='lat' dir='ltr'><strong>Pe&quot;</strong></span> 
     </span>
    </p>
   </div>
   <div class='ocr_carea' id='block_1_116' title="bbox 2238 5368 3769 5463">
    <p class='ocr_par' dir='ltr' id='par_1_116' title="bbox 2238 5368 3769 5463">
     <span class='ocr_line' id='line_1_116' title="bbox 2238 5368 3769 5463; baseline -0.012 -27"><span class='ocrx_word' id='word_1_909' title='bbox 2238 5381 2421 5436; x_wconf 90' lang='lat' dir='ltr'><strong>multa.</strong></span> <span class='ocrx_word' id='word_1_910' title='bbox 2449 5379 2565 5435; x_wconf 88' lang='lat' dir='ltr'><strong>Non</strong></span> <span class='ocrx_word' id='word_1_911' title='bbox 2590 5392 2765 5435; x_wconf 89' lang='lat' dir='ltr'><strong>tamen</strong></span> <span class='ocrx_word' id='word_1_912' title='bbox 2796 5379 2847 5434; x_wconf 91' lang='lat' dir='ltr'><strong>in</strong></span> <span class='ocrx_word' id='word_1_913' title='bbox 2874 5378 2958 5433; x_wconf 90' lang='lat' dir='ltr'><strong>his</strong></span> <span class='ocrx_word' id='word_1_914' title='bbox 2987 5388 3191 5434; x_wconf 91' lang='lat' dir='ltr'><strong>tantum</strong></span> <span class='ocrx_word' id='word_1_915' title='bbox 3219 5380 3337 5435; x_wconf 84' lang='lat' dir='ltr'><strong>vult</strong></span> <span class='ocrx_word' id='word_1_916' title='bbox 3376 5391 3470 5433; x_wconf 88' lang='lat' dir='ltr'><strong>nos</strong></span> <span class='ocrx_word' id='word_1_917' title='bbox 3500 5368 3769 5463; x_wconf 61' lang='lat' dir='ltr'><strong>subsistere.</strong></span> 
     </span>
    </p>
   </div>
   <div class='ocr_carea' id='block_1_117' title="bbox 2237 5463 3772 5541">
    <p class='ocr_par' dir='ltr' id='par_1_117' title="bbox 2237 5463 3772 5541">
     <span class='ocr_line' id='line_1_117' title="bbox 2237 5463 3772 5541; baseline -0.001 -14"><span class='ocrx_word' id='word_1_918' title='bbox 2237 5473 2330 5529; x_wconf 86' lang='lat' dir='ltr'><strong>sed</strong></span> <span class='ocrx_word' id='word_1_919' title='bbox 2370 5472 2529 5529; x_wconf 87' lang='lat' dir='ltr'><strong>etiam</strong></span> <span class='ocrx_word' id='word_1_920' title='bbox 2558 5472 2799 5541; x_wconf 74' lang='lat' dir='ltr'><strong>exempla</strong></span> <span class='ocrx_word' id='word_1_921' title='bbox 2828 5480 3009 5527; x_wconf 88' lang='lat' dir='ltr'><strong>mente</strong></span> <span class='ocrx_word' id='word_1_922' title='bbox 3037 5472 3435 5529; x_wconf 77' lang='lat' dir='ltr'><strong>transcendere.</strong></span> <span class='ocrx_word' id='word_1_923' title='bbox 3467 5467 3631 5534; x_wconf 75' lang='lat' dir='ltr'><strong>Neque</strong></span> <span class='ocrx_word' id='word_1_924' title='bbox 3655 5463 3772 5511; x_wconf 72' lang='grc' dir='ltr'>οη¹¹¹¹</span> 
     </span>
    </p>
   </div>
   <div class='ocr_carea' id='block_1_118' title="bbox 2238 5548 3769 5634">
    <p class='ocr_par' dir='ltr' id='par_1_118' title="bbox 2238 5548 3769 5634">
     <span class='ocr_line' id='line_1_118' title="bbox 2238 5548 3769 5634; baseline -0.018 -14"><span class='ocrx_word' id='word_1_925' title='bbox 2238 5574 2506 5634; x_wconf 89' lang='lat' dir='ltr'><strong>tamquam</strong></span> <span class='ocrx_word' id='word_1_926' title='bbox 2535 5562 2854 5620; x_wconf 88' lang='lat' dir='ltr'><strong>sufficientia</strong></span> <span class='ocrx_word' id='word_1_927' title='bbox 2882 5561 2951 5618; x_wconf 92' lang='lat' dir='ltr'><strong>ad</strong></span> <span class='ocrx_word' id='word_1_928' title='bbox 2976 5564 3092 5633; x_wconf 91' lang='lat' dir='ltr'><strong>ejus</strong></span> <span class='ocrx_word' id='word_1_929' title='bbox 3114 5562 3536 5621; x_wconf 86' lang='lat' dir='ltr'><strong>benevolentiam</strong></span> <span class='ocrx_word' id='word_1_930' title='bbox 3567 5548 3769 5608; x_wconf 87' lang='lat' dir='ltr'><strong>indican-</strong></span> 
     </span>
    </p>
   </div>
   <div class='ocr_carea' id='block_1_119' title="bbox 2235 5641 3768 5724">
    <p class='ocr_par' dir='ltr' id='par_1_119' title="bbox 2235 5641 3768 5724">
     <span class='ocr_line' id='line_1_119' title="bbox 2235 5641 3768 5724; baseline -0.012 -14"><span class='ocrx_word' id='word_1_931' title='bbox 2235 5654 2360 5710; x_wconf 90' lang='lat' dir='ltr'><strong>dam</strong></span> <span class='ocrx_word' id='word_1_932' title='bbox 2403 5654 2501 5709; x_wconf 88' lang='lat' dir='ltr'><strong>ista</strong></span> <span class='ocrx_word' id='word_1_933' title='bbox 2550 5653 2801 5724; x_wconf 88' lang='lat' dir='ltr'><strong>protulit,</strong></span> <span class='ocrx_word' id='word_1_934' title='bbox 2840 5653 2934 5709; x_wconf 89' lang='lat' dir='ltr'><strong>sed</strong></span> <span class='ocrx_word' id='word_1_935' title='bbox 2987 5662 3259 5724; x_wconf 87' lang='lat' dir='ltr'><strong>tamquam</strong></span> <span class='ocrx_word' id='word_1_936' title='bbox 3299 5646 3611 5711; x_wconf 90' lang='lat' dir='ltr'><strong>auditoribus</strong></span> <span class='ocrx_word' id='word_1_937' title='bbox 3650 5641 3768 5692; x_wconf 74' lang='grc' dir='ltr'><strong>ιιοιιιο</strong></span> 
     </span>
    </p>
   </div>
   <div class='ocr_carea' id='block_1_120' title="bbox 2239 5733 3766 5820">
    <p class='ocr_par' dir='ltr' id='par_1_120' title="bbox 2239 5733 3766 5820">
     <span class='ocr_line' id='line_1_120' title="bbox 2239 5733 3766 5820; baseline -0.012 -13"><span class='ocrx_word' id='word_1_938' title='bbox 2239 5760 2462 5818; x_wconf 66' lang='lat' dir='ltr'><strong>qumque</strong></span> <span class='ocrx_word' id='word_1_939' title='bbox 2486 5745 2656 5818; x_wconf 85' lang='lat' dir='ltr'><strong>magis</strong></span> <span class='ocrx_word' id='word_1_940' title='bbox 2683 5760 2843 5817; x_wconf 88' lang='lat' dir='ltr'><strong>quam</strong></span> <span class='ocrx_word' id='word_1_941' title='bbox 2872 5745 2975 5803; x_wconf 88' lang='lat' dir='ltr'><strong>alia</strong></span> <span class='ocrx_word' id='word_1_942' title='bbox 3010 5746 3211 5818; x_wconf 67' lang='lat' dir='ltr'><strong>qumvis</strong></span> <span class='ocrx_word' id='word_1_943' title='bbox 3238 5746 3340 5803; x_wconf 91' lang='lat' dir='ltr'><strong>hoc</strong></span> <span class='ocrx_word' id='word_1_944' title='bbox 3385 5743 3585 5820; x_wconf 84' lang='lat' dir='ltr'><strong>possent</strong></span> <span class='ocrx_word' id='word_1_945' title='bbox 3615 5733 3766 5786; x_wconf 52' lang='lat' dir='ltr'><strong>est“?</strong></span> 
     </span>
    </p>
   </div>
  </div>
