4002 6378
307 284 410 336 437

306 401 504 468 αὐτῶν,
548 403 686 475 μηδέ
714 403 867 475 λέγε’
894 405 1017 472 Πῶς
1050 410 1222 478 καλά;
1253 413 1364 484 Τῆς
1395 415 1504 488 γὰρ
1539 416 1627 472 διά
1664 419 1774 473 τῶν
1808 419 1900 494 έρ-

306 513 419 564 γων
450 496 785 563 ἀποδείξεως
816 502 1125 573 σαφεστέρα
1150 504 1183 573 ἡ
1215 504 1302 559 διὰ
1335 506 1435 578 τῆς
1465 507 1649 581 ψήφου
1680 511 1773 565 καλ⁵
1801 513 1902 584 τῆς

305 588 542 660 κρίσεως
567 589 666 643 τοῦ
696 593 1030 663 ποιήσαντος
1059 595 1354 666 ἀπόφασις.
1382 598 1483 653 Διά
1509 618 1591 655 τοι
1620 602 1777 658 τοῦτο
1809 606 1903 665 καὶ

306 681 595 754 παχυτέρα
626 683 895 755 κέχρηται
925 689 993 759 τῇ
1018 687 1183 754 λέξει.
1208 689 1419 764 ’Ὠσπερ
1442 692 1552 766 γὰρ
1576 694 1630 748 εί
1653 713 1738 760 τις
1764 697 1902 768 φάρ-

311 791 462 846 μακα
492 772 820 845 βουλόμενος
848 775 1122 843 ὠνεῖσθαι,
1151 779 1377 853 ἄπειρος
1406 780 1505 849 ὢν,
1536 782 1749 837 κελεύοι
1777 784 1904 858 πρό-

307 884 471 938 τερον
502 866 911 923 ἐπιδείκνυσθαι
940 869 1017 941 τῷ
1046 872 1217 945 ἰατρῷ
1255 872 1450 940 ταῦτα,
1481 875 1584 930 κᾶν
1619 876 1768 950 μάθῃ
1806 893 1902 932 σα-

309 959 429 1027 φῶς
449 998 466 1022 ,
507 959 590 1012 ὅτι
628 957 753 1013 ἰδὼν
804 961 1025 1026 ἐκεῖνος.
1062 963 1353 1036 ἐπῄνεσεν,
1399 966 1653 1039 οὐδεμίαν
1705 969 1902 1041 ἑτέραν

310 1048 595 1115 ἀπόδειξιν
618 1049 719 1121 τῆς
747 1050 956 1104 τούτων
989 1053 1192 1124 ἀρετῆς
1219 1052 1485 1127 ἐπιζητεῖ,
1517 1056 1632 1111 ἀλλ’
1659 1060 1903 1126 ἀκούσας

309 1138 394 1192 ὅτι
428 1134 574 1193 εἶδεν
612 1140 755 1194 αὑτά
798 1143 828 1195 6
864 1143 1046 1215 ίατρδς
1081 1146 1178 1199 καὶ
1215 1147 1503 1219 ἐπῄνεσεν,
1544 1150 1798 1221 ἀρκεῖται
1832 1155 1900 1225 τῇ

307 1230 481 1302 ψήφῳ
515 1230 613 1285 τοῦ
662 1234 936 1304 τεχνίτου·
983 1236 1127 1291 οὕτω
1155 1237 1220 1311 δὴ
1259 1241 1352 1293 καὶ
1394 1243 1424 1296 ό
1468 1243 1672 1315 Μωσῆς
1720 1247 1901 1300 πᾶσαν

311 1324 643 1395 περιεργίαν
690 1326 1048 1398 ἀναίσχυντον
1097 1330 1368 1403 περιελεῖν
1422 1330 1746 1405 βουλόμενος
1792 1334 1902 1389 τῶν

315 1415 462 1486 μετά
509 1415 683 1471 ταῦτα
753 1419 1061 1489 μελλόντων
1115 1423 1412 1479 ἀπολαύειν
1475 1427 1575 1497 τῆς
1632 1429 1861 1494 κτίσεως
1885 1471 1899 1495 ,

314 1509 619 1579 ἀπήγγειλε
675 1511 770 1565 καὶ
809 1507 983 1579 εἶπεν,
1033 1514 1115 1568 ὅτι
1168 1511 1307 1571 εἶδεν
1362 1517 1503 1572 αὑτά
1549 1522 1576 1573 6
1621 1520 1755 1585 Θεὸς
1808 1524 1903 1576 καὶ

315 1601 573 1673 ἐπῄνεσε,
600 1602 695 1655 καὶ
720 1602 1028 1675 ἐψηφίσατο
1069 1603 1210 1661 εἶναι
1241 1607 1405 1674 καλά,
1441 1610 1536 1664 καὶ
1575 1611 1674 1685 οὐχ
1718 1613 1904 1679 ἀπλῶς

314 1693 482 1759 καλά,
514 1694 652 1749 ἀλλά
680 1697 776 1750 καὶ
813 1698 955 1776 καλά
984 1698 1124 1754 λίαν.
1152 1700 1246 1773 Μὴ
1292 1701 1472 1757 τοίνυν
1513 1704 1901 1776 περιεργάζου,

319 1784 456 1854 μηδὲ
472 1774 914 1858 πολυπραγμόνει
946 1789 1221 1861 λογισμοῖς
1240 1790 1309 1845 τά
1335 1774 1702 1865 γεγενημένα,
1719 1774 1901 1850 τοιαύ-

313 1891 418 1945 την
459 1875 599 1947 ἔχων
659 1876 756 1932 τοῦ
818 1880 1048 1945 κάλλους
1089 1874 1269 1937 αὐτῶν
1319 1886 1645 1958 μαρτυρίαν.
1689 1889 1751 1942 El
1794 1890 1902 1960 γὰρ

321 1967 398 2039 μὴ
439 1968 712 2041 ἀρκεσθῇς
752 1969 832 2041 τῷ
874 1973 1080 2044 ῥήματι
1113 1974 1311 2046 τούτῳ,
1354 1977 1491 2031 ἀλλά
1525 1978 1793 2052 βουληθῇς
1822 1984 1904 2045 εἰς

318 2059 550 2130 ζήτησιν
575 2061 684 2115 τῶν
721 2065 1104 2134 γεγενημένων
1134 2064 1330 2132 ἐλθεῖν,
1374 2068 1456 2132 εἰς
1495 2068 1719 2143 εὔριπον
1760 2071 1905 2142 λογι-

320 2151 478 2221 σμῶν
507 2151 600 2205 καὶ
633 2152 855 2224 κύματα
900 2157 1068 2211 πολὺν
1100 2156 1443 2231 ἐργαζόμενα
1490 2163 1738 2234 χειμῶνα
1769 2181 1903 2218 σαυ-

317 2244 410 2296 τὸν
454 2243 708 2314 ἐμϐαλὼν
738 2245 919 2317 μόνον,
954 2250 1078 2323 εἴσῃ
1111 2253 1209 2323 μὲν
1236 2254 1401 2310 πλέον
1439 2255 1616 2322 οὐδὲν,
1649 2257 1906 2326 ναυάγιον

317 2333 374 2387 δὲ
401 2334 611 2407 ἐργάσῃ
642 2337 855 2410 σεαυτῷ
879 2340 1134 2409 χαλεπόν.
1161 2344 1298 2398 Οὐδὲ
1319 2344 1429 2418 γὰρ
1449 2345 1652 2419 δυνήσῃ
1673 2347 1803 2412 τοὺς
1821 2348 1909 2401 λό-

321 2444 453 2495 γους
477 2428 722 2493 ἅπαντας
750 2428 984 2484 ἑκάστου
1007 2432 1114 2487 τῶν
1139 2437 1521 2510 γεγενημένων
1542 2438 1745 2510 εὑρεῖν,
1769 2437 1907 2493 ἀλλά

321 2519 419 2571 καὶ
447 2520 555 2574 τῶν
584 2522 888 2578 δοκούντων
915 2519 1055 2579 εἷναί
1088 2542 1172 2580 σοι
1204 2526 1299 2581 νῦν
1321 2528 1500 2584 καλῶν
1522 2529 1694 2585 πολλά
1722 2531 1912 2586 διαϐα-

321 2610 456 2677 λεῖς,
482 2612 579 2667 ἐάν
605 2613 885 2685 ἀγνώμονι
912 2617 1253 2689 κεχρημένος
1279 2615 1347 2692 ᾗς
1386 2623 1455 2692 τῇ
1487 2620 1704 2693 γνώμῃ.
1748 2621 1908 2677 Οὕτω

322 2704 436 2777 γὰρ
458 2705 692 2777 ἀσθενὴς
717 2706 828 2764 τῶν
855 2708 1159 2781 ἀνθρώπων
1185 2714 1213 2767 6
1244 2712 1524 2785 λογισμὸς,
1556 2714 1634 2778 ὡς
1658 2716 1739 2779 εἰς
1762 2719 1931 2769 ἐναν-’

322 2800 416 2853 τία
466 2800 832 2873 περιαχθῆναι
864 2801 1159 2868 πολλάκις,
1203 2804 1299 2858 καὶ
1342 2806 1407 2859 ἐκ
1436 2804 1734 2879 διαμέτρου
1768 2807 1910 2861 κατά

321 2892 570 2962 ἀλλήλων
613 2895 803 2965 στῆναι
852 2894 1082 2959 «πολλοὺς
1130 2898 1189 2950 ἐν
1240 2899 1308 2969 τῇ
1354 2899 1483 2970 περὶ
1528 2898 1633 2970 τῆς
1685 2898 1913 2963 κτίσεως

323 2981 511 3053 ψήφῳ.
550 2983 818 3055 Ἐλλήνων
861 2986 961 3057 μὲν
998 2987 1108 3059 γὰρ
1156 2989 1344 3052 παῖδες
1372 2990 1514 3063 ὑπὲρ
1546 2991 1608 3045 τὸ
1648 2991 1769 3048 δέον
1815 2993 1916 3047 αὑ-

324 3074 426 3144 τὴν
456 3075 862 3147 θαυμάσαντες,
900 3079 963 3132 τὸ
1008 3081 1206 3151 μέτρον
1242 3081 1646 3154 ὐπερεκϐάντες
1668 3084 1763 3139 καλ⁸
1791 3085 1915 3141 θεὸν

324 3163 467 3221 εἶναι
491 3168 659 3239 αὐτὴν
692 3169 981 3239 ὲνόμισαψ
1012 3172 1304 3243 Μανιχαῖοι
1333 3173 1391 3226 66
1427 3174 1519 3227 καὶ
1542 3174 1719 3248 ἐτεροι
1752 3176 1915 3232 πάλιν

325 3260 612 3329 αἰρετικοὶ,
634 3261 689 3313 οἱ
728 3261 827 3331 μὲν
854 3262 956 3316 οὐκ
983 3263 1190 3332 ἀγαθοῦ
1228 3264 1352 3318 θεοῦ
1384 3264 1544 3337 ἔργον
1575 3267 1785 3339 ἔφησαν
1817 3270 1914 3323 αὑ-

325 3352 429 3419 τὴν
463 3346 635 3404 εἶναι·
663 3354 713 3405 οί
744 3352 803 3406 66
839 3353 897 3406 ἓν
926 3354 1097 3425 αὐτῆς
1128 3355 1494 3427 ἀποτεμόντες
1535 3358 1722 3431 μέρος,
1758 3359 1917 3413 αύτο-

331 3443 489 3513 μάτῳ
515 3443 619 3497 τινὶ
643 3445 1016 3517 προσέρριψαν
1048 3444 1168 3518 ὕλῃ,
1192 3448 1286 3502 καὶ
1312 3448 1537 3514 ἀναξίαν
1567 3449 1789 3523 ἔκριναν
1814 3451 1916 3522 τῆς

325 3532 425 3585 τοῦ
470 3533 608 3587 Θεοῦ
648 3535 1012 3607 δημιουργίας
1063 3532 1222 3593 εἶναι.
1272 3537 1481 3607 Οῦτως,
1525 3539 1714 3612 ὥσπερ
1747 3540 1916 3613 ἔφθην

327 3623 525 3688 εἰπὼν,
552 3622 609 3677 εἰ
630 3642 716 3689 τις
748 3625 1029 3697 λογισμοῖς
1063 3628 1157 3681 καὶ
1190 3628 1465 3700 ἀγνώμονι
1493 3632 1754 3703 χρήσαιτο
1779 3632 1919 3701 γνώ-

332 3733 434 3787 μῃ,
459 3715 555 3769 καὶ
585 3715 694 3770 τῶν
720 3718 1018 3773 δοκούντων
1054 3716 1194 3773 εἶναι
1224 3719 1405 3775 καλῶν
1440 3722 1613 3775 πολλά
1648 3723 1914 3791 διαϐαλεῖ.

331 3808 399 3860 Τί
426 3809 536 3880 γάρ
564 3826 648 3863 σοι
670 3810 1000 3885 ὡραιότερον
1028 3813 1177 3885 ἡλίου
1210 3809 1351 3868 εἶναι
1379 3813 1560 3881 δοκεῖ;
1600 3816 1739 3869 Ἀλλ’
1768 3818 1918 3888 ὅμως

329 3899 492 3954 τοῦτο
519 3901 581 3955 τὸ
612 3903 835 3976 φαιδρὸν
867 3904 1066 3977 ἄστρον
1112 3906 1207 3959 καὶ
1254 3905 1430 3975 γλυκὺ
1476 3907 1571 3961 καὶ
1602 3907 1919 3981 ὀφθαλμοὺς

331 3993 656 4064 λυμαίνεται
693 3995 1074 4062 ἀσθενοῦντας,
1116 3999 1209 4054 καὶ
1252 4000 1356 4071 γῆν
1390 4001 1677 4056 κατακαίει
1723 4003 1921 4076 θερμο-

330 4082 502 4153 τέρας
532 4083 694 4153 ἀφεὶς
722 4084 820 4148 τὰς
863 4086 1112 4162 ἀκτῖνας,
1146 4088 1241 4142 καὶ
1270 4091 1541 4159 πυρετοὺς
1572 4091 1778 4157 τίκτει,
1826 4094 1921 4148 καὶ

333 4173 550 4245 καρπὸν
571 4174 831 4241 πολλάκις
846 4176 1045 4250 κατεξή
1054 4195 1181 4249 ρανε
1199 4179 1293 4233 καὶ
1309 4178 1462 4252 [475]
1479 4181 1734 4253 ἐποίησεν
1750 4183 1892 4256 ἄκρη
1907 4216 1921 4224 -

334 4282 486 4329 στον,
527 4266 620 4320 καί
646 4267 839 4340 δένδρα
880 4270 1105 4341 ἀκαρπα
1146 4272 1460 4342 είργάσατο,
1494 4275 1588 4327 καὶ
1625 4274 1790 4347 μέρος
1822 4277 1921 4347 τῆς

330 4356 662 4429 οἰκουμένης
688 4360 940 4432 ἀοίκητον
971 4361 1303 4433 κατέστησεν
1345 4364 1497 4434 ἡμῖν.
1543 4366 1608 4418 Τί
1651 4362 1765 4431 οὖν,
1798 4367 1922 4421 εἰπέ

337 4466 463 4521 μοις
494 4449 853 4522 διαϐαλοῦμεν
878 4451 969 4505 τὸν
990 4453 1140 4524 ἣλιον
1165 4453 1256 4507 διά
1288 4454 1483 4521 τοῦτο;
1511 4457 1723 4526 Ἀπαγε
1745 4475 1758 4488 ’
1784 4459 1923 4513 ἀλλά

333 4539 467 4603 τοὺς
500 4538 793 4612 λογισμοὺς
838 4543 1132 4613 ἡσυχάζειν
1182 4543 1414 4613 ἀφέντες
1449 4547 1540 4598 καὶ
1586 4546 1678 4601 τὸν
1717 4548 1923 4604 τούτων

335 4628 593 4701 θόρυϐον,
617 4630 1012 4705 ἐπιληψώμεθα
1048 4635 1148 4706 τῆς
1176 4635 1383 4708 πέτρας
1422 4637 1657 4708 ἐκείνης,
1692 4641 1789 4693 καὶ
1826 4642 1925 4712 τῆς

338 4723 557 4794 ρήσεως
588 4725 684 4796 τῆς
714 4723 1000 4798 λεγούσης,
1025 4727 1135 4783 Καὶ
1162 4724 1322 4783 εἶδεν
1344 4732 1377 4783 ό
1412 4729 1556 4797 Θεὸς
1580 4731 1779 4799 ,πάντα
1808 4733 1926 4788 ὅσα

336 4812 615 4882 ἐποίησε,
667 4814 766 4869 καί
801 4814 929 4870 ἰδοὺ
964 4818 1121 4872 καλὰ
1155 4818 1326 4872 λίαν·
1363 4820 1488 4872 ἐπεὶ
1542 4823 1636 4874 καὶ
1684 4823 1844 4886 αὐτὰ,
1888 4825 1926 4878 6

336 4903 817 4978 ἀπηριθμησάμην
862 4907 978 4973 νῦν,
1018 4909 1161 4962 καλὰ
1192 4910 1313 4964 λίαν
1349 4912 1444 4965 καὶ
1486 4914 1716 4985 χρηστά.
1762 4915 1923 4981 Ἀλλ’,

337 5000 485 5072 ὅπερ
528 4998 836 5072 ἔμπροσθεν
859 4996 1032 5066 εἷπον,
1064 5001 1157 5055 ἐπὶ
1192 5003 1290 5074 τὴν
1330 5004 1487 5074 ῥῆσιν
1522 5005 1738 5077 ἐκείνην
1759 5008 1925 5061 ἐπαν-

341 5089 486 5146 ιέναι
528 5090 636 5165 χρὴ
671 5092 963 5155 διαπαντὸς
1010 5092 1108 5147 καὶ
1160 5092 1362 5163 λέγειν,
1420 5095 1549 5148 Ἰδοὺ
1591 5097 1788 5163 πάντα,
1827 5099 1928 5153 ὅσα

334 5181 600 5256 ἐποίησεν
624 5186 654 5238 6
686 5183 855 5249 Θεὸς,
905 5183 1049 5238 καλά
1092 5185 1229 5239 λίαν.
1273 5186 1433 5241 Ἀλλά
1464 5187 1525 5240 τὸ
1567 5192 1797 5261 τρυφᾷν,
1833 5193 1926 5245 καὶ

338 5271 532 5344 γελᾷν,
562 5274 659 5327 καὶ
684 5274 744 5328 ἐν
772 5272 934 5347 ἡδονῇ
978 5269 1136 5340 εἶναι,
1169 5274 1367 5341 καλόν;
1405 5277 1612 5332 Οὐκοῦν
1640 5278 1805 5333 ἄκουε
1839 5282 1929 5334 Σο-

334 5361 637 5434 λομῶντος,
677 5361 773 5417 τοῦ
798 5364 918 5439 ,πᾶν
945 5359 1088 5428 εἶδος
1123 5364 1334 5436 τρυφῆς
1365 5365 1701 5434 ἐπελθόντος,
1743 5369 1928 5440 λέγον-

337 5470 465 5519 τος,
502 5454 746 5527 Ἀγαθὸν
788 5457 1153 5528 πορευθῆϊαι
1200 5461 1289 5522 εἰς
1341 5458 1510 5512 οἷκον
1558 5463 1837 5529 πένθους,
1887 5466 1925 5535 ἢ

338 5542 717 5614 πορευθῆναι
759 5546 847 5612 εἰς
877 5540 1045 5599 οἷκον
1085 5547 1293 5600 πότου.
1359 5546 1521 5601 Ἀλλά
1574 5548 1672 5614 νὺξ
1723 5551 1927 5620 φαῦλον

341 5634 451 5701 (δεῖ
462 5633 573 5706 γάρ
601 5635 667 5689 ὲκ
695 5634 807 5688 τῶν
838 5634 1092 5690 ἐναντίων
1116 5637 1596 5709 μεταχειρίσασθαι
1618 5640 1707 5693 τὸν
1726 5641 1924 5710 λόγον);

356 5726 518 5783 ’Λλλά
550 5728 647 5783 καὶ
674 5726 816 5799 αὕτη
847 5727 1023 5781 πόνων
1050 5710 1391 5794 ἀνάπαυσις,
1425 5731 1719 5800 φροντίδων
1752 5734 1926 5789 ἀπαλ-

682 5816 954 5901 Βετείσι..
994 5838 1110 5897 Gn.
1160 5840 1286 5900 ιιι.

1132 294 1223 349 AD
1264 297 1395 355 EOS
1432 299 1550 368 QUI
1586 302 2088 363 SCANDAHZATI
2125 309 2327 367 SUNT.
2371 312 2498 367 LIB.
2545 313 2749 373 UNUS.

3482 331 3591 388 £88

2000 421 2162 494 λαγὴ,
2214 429 2537 498 νοσημάτων
2592 432 2935 503 παραμυθία,
2972 434 3152 505 φόϐων
3203 439 3297 493 καὶ
3331 443 3593 501 κινδύνων

1999 517 2061 571 οὐ
2113 521 2285 593 μικρά
2317 523 2606 596 ἀναψυχή·
2656 528 2848 599 νεαρὸν
2890 532 3038 584 ποιεῖ
3071 532 3131 585 τὸ
3179 534 3360 605 σῶμα,
3404 538 3592 609 ἀκμά-

2000 615 2203 681 ζουσαν
2240 619 2342 690 τὴν
2386 621 2647 689 διάνοιαν,
2693 626 2963 680 ἀναπαύει
2993 628 3093 698 τὴν
3139 630 3319 703 σάρκα
3352 650 3592 707 πεπονη-

2000 708 2181 769 κυῖαν.
2221 716 2379 770 Ἀλλά
2402 718 2557 784 νόσος
2584 721 2783 789 κακόν;
2811 723 2981 778 Πόθεν
3002 720 3097 780 οῦν
3122 728 3151 780 6
3170 728 3423 802 Λάζαρος
3444 733 3595 786 ἐστε-

2001 811 2262 884 φανώθης
2307 815 2468 869 Ἀλλὰ
2510 817 2704 885 πενίας
2737 819 2848 875 Καὶ
2883 820 3048 875 πόθεν
3082 823 3112 876 ὁ
3146 823 3270 878 Ἰὼϐ
3302 828 3594 901 εὐδοκίμη-

1999 926 2129 976 σεν;
2172 909 2337 964 Ἀλλά
2383 910 2593 982 θλίψεις
2643 914 2937 988 ἐπάλληλοι
2987 918 3084 972 καὶ
3140 922 3427 993 συνεχεῖς;
3481 926 3592 980 Καὶ

2000 1005 2165 1059 πόθεν
2193 1008 2241 1059 οί
2275 1007 2567 1062 ἀπόστολοι
2612 1009 3096 1084 ἀνεκηρύχθησαν;
3142 1018 3273 1071 ποία
3304 1019 3362 1073 66
3401 1019 3520 1084 ὁδὸς
3550 1024 3585 1093 ή

1999 1097 2079 1161 είς
2106 1097 2206 1169 τὴν
2247 1096 2395 1170 ζωὴν
2422 1099 2661 1170 ἀγουσα;
2691 1104 2791 1175 οὐχ
2817 1106 2851 1176 ἡ
2894 1106 3059 1178 στενὴ
3090 1108 3184 1163 καὶ
3210 1108 3586 1182 τεθλιμμένη;

1997 1190 2085 1265 Μὴ
2120 1193 2298 1248 τοίνυν
2339 1195 2487 1264 λέγε,
2533 1197 2632 1252 Διά
2679 1198 2730 1252 τί
2766 1199 2964 1268 τοῦτο;
3006 1204 3085 1267 εἰς
3119 1205 3172 1258 τί
3219 1205 3406 1273 τοῦτο;
3453 1205 3592 1261 6116

1999 1288 2093 1341 καὶ
2120 1288 2214 1342 ἐπὶ
2254 1290 2364 1344 τῶν
2389 1293 2711 1365 οἰκονομιῶν
2735 1297 2831 1350 καὶ
2871 1298 2963 1350 ἐπὶ
3000 1298 3109 1353 τῶν
3138 1301 3454 1372 κτισμάτων
3491 1300 3588 1356 τοῦ

1997 1381 2156 1450 Θεοῦ,
2198 1384 2266 1457 ἦν
2304 1386 2535 1459 παρέχει
2570 1388 2729 1462 σιγὴν
2758 1393 2787 1445 6
2824 1391 2994 1462 πηλὸς
3035 1393 3116 1466 τῷ
3156 1399 3423 1467 κεραμεῖ,
3466 1396 3595 1450 ταύο

1998 1498 2098 1553 την
2132 1483 2226 1536 καὶ
2282 1483 2444 1549 αὐτὸς
2486 1484 2566 1555 τῷ
2611 1488 2899 1557 ποιήσαντί
2949 1507 3009 1544 σε
3053 1490 3175 1563 Θεῷ
3226 1494 3455 1565 πάρεχε,
3491 1495 3588 1549 άν-

2000 1579 2208 1651 θρωπε.

2070 1762 2211 1831 Κεφ.
2241 1769 2301 1817 ε’.
2333 1764 2396 1817 Τί
2419 1759 2542 1831 οῦν;
2569 1767 2762 1837 φησίν·
2785 1770 2847 1822 οὑ
2880 1770 3059 1841 βούλει
3092 1789 3160 1842 με
3184 1773 3383 1828 εἰδέναι
3407 1774 3590 1845 σαφῶς

2000 1859 2095 1912 καὶ
2112 1859 2391 1914 πιστεύειν
2411 1861 2494 1914 ὅτι
2510 1867 2729 1934 προνοεῖ
2745 1865 2963 1919 πάντων
2978 1869 3006 1921 6
3022 1867 3155 1932 Θεός
3176 1870 3315 1934 ;Καὶ
3334 1870 3481 1939 μάλα
3496 1871 3591 1925 καὶ

2003 1955 2264 2027 βούλομαι
2290 1958 2385 2011 καὶ
2417 1958 2670 2031 εὔχομαι,
2699 1962 2794 2015 καὶ
2828 1961 3081 2035 ἐπιθυμῶ
3112 1965 3350 2037 σφόδρα·
3382 1967 3442 2020 οὐ
3481 1967 3588 2038 μὴν

2001 2040 2462 2123 περιεργάζεσθαι
2490 2054 2590 2126 τὴν
2623 2056 2900 2128 πρόνοιαν,
2928 2060 3049 2113 οὑδὲ
3088 2060 3586 2132 πολυπραγμονεῖν.

2000 2149 2066 2203 El
2110 2149 2209 2221 μὲν
2251 2151 2358 2222 γάρ
2388 2146 2546 2205 οἶσθα
2579 2153 2675 2207 καὶ
2714 2153 2984 2221 πέπεικας
3015 2159 3261 2223 σεαυτὸν,
3297 2160 3370 2232 μὴ
3403 2160 3552 2232 ζήτει
3573 2178 3585 2191 ’

2002 2246 2051 2299 εί
2078 2246 2137 2299 66
2178 2247 2561 2318 ἀμφιϐάλλεις,
2603 2249 2882 2324 ἐρώτησον
2920 2253 3019 2324 τὴν
3052 2255 3174 2325 γῆν,
3217 2255 3306 2309 τὸν
3340 2256 3589 2329 οὐρανὸν,

2002 2342 2093 2396 τὸν
2134 2343 2304 2415 ῆλιον,
2344 2344 2443 2416 τὴν
2491 2346 2744 2418 σελήνην,
2793 2347 3068 2419 ἐρώτησον
3102 2352 3171 2406 τά
3212 2352 3432 2406 ποικίλα
3481 2353 3591 2405 τῶν

2005 2438 2213 2509 ἀλόγων
2250 2441 2403 2512 γένη,
2449 2440 2519 2495 τά
2550 2442 2860 2515 σπέρματα,
2887 2445 2954 2500 τὰ
2987 2446 3151 2516 φυτὰ,
3183 2449 3310 2513 τοὺς
3341 2449 3592 2518 ἀφώνους

2009 2536 2217 2607 ἰχθύας,
2237 2536 2336 2601 τὰς
2359 2538 2586 2611 πέτρας,
2604 2539 2673 2594 τὰ
2699 2541 2819 2613 ὅρη,
2847 2542 2946 2607 τὰς
2975 2544 3172 2609 νάπας,
3192 2547 3318 2610 τοὺς
3346 2545 3597 2616 βουνοὺς,

2005 2631 2106 2702 τὴν
2131 2632 2322 2698 νύκτα,
2343 2634 2442 2707 τὴν
2454 2636 2489 2707 ή
2496 2636 2689 2708 μέραν.
2719 2637 2825 2691 Τοῦ
2855 2638 2962 2712 γὰρ
2981 2640 3133 2710 ἡλίου
3156 2641 3251 2694 καὶ
3269 2641 3367 2711 τῆς
3378 2641 3593 2704 ἀκτῖνος

2008 2729 2179 2798 αὑτῆς
2226 2732 2578 2802 φανερωτέρα
2621 2735 2655 2804 ή
2706 2733 2801 2788 τοῦ
2840 2735 2976 2789 Θεοῦ
3017 2736 3273 2809 πρόνοια,
3326 2738 3421 2792 καὶ
3470 2737 3593 2791 καθ’

2007 2824 2235 2906 ἕκαστον
2273 2826 2481 2897 καιρὸν,
2511 2828 2606 2882 καὶ
2637 2829 2758 2884 καθ’
2783 2830 3013 2885 ἕκαστον
3039 2833 3226 2897 τόπον,
3255 2835 3348 2887 καὶ
3376 2835 3435 2887 ἐν
3466 2836 3596 2906 ἐρη-

2013 2896 2139 2993 μίᾳ,
2173 2922 2267 2975 καὶ
2299 2923 2702 2997 ἐνοίκουμένῃ,
2742 2926 2838 2980 καὶ
2870 2929 2928 2981 ἐν
2959 2928 3222 3001 ἀοικήτῳ,
3274 2930 3369 2983 καὶ
3401 2933 3459 2984 ἐν

2011 3018 2105 3072 καὶ
2134 3020 2192 3072 ἐν
2216 3017 2480 3092 θαλάσσῃ,
2513 3021 2606 3074 καὶ
2637 3023 2882 3099 ὅπουπερ
2912 3023 2978 3079 ἂν
3012 3025 3592 3099 ἀφίκῃ,ὑπομνήματα

2009 3115 2129 3186 ὕψει
2166 3118 2266 3188 τῆς
2298 3118 2553 3188 προνοίας
2583 3118 2786 3190 ταύτης
2814 3122 2959 3193 σαφῆ
2992 3123 3088 3177 καὶ
3116 3124 3333 3196 διαρκῆ,
3364 3126 3457 3178 καὶ
3490 3142 3596 3180 πα-

2010 3210 2138 3265 λαιά
2171 3213 2265 3266 καί¹
2303 3213 2425 3281 νέα,
2472 3215 2567 3269 καὶ
2600 3215 2781 3283 φωνὰς
2814 3218 2914 3287 τῆς
2955 3221 3140 3291 φωνῆς
3185 3219 3339 3293 ήμῶν
3388 3222 3596 3293 ταύτης

2010 3310 2108 3378 τῆς
2135 3308 2358 3382 λογικῆς
2391 3312 2721 3385 τρανοτέρας
2751 3315 3089 3387 πανταχόθεν
3138 3318 3469 3390 φερομένας,
3501 3319 3596 3373 καὶ

2011 3405 2103 3459 τὸν
2136 3405 2457 3478 βουλόμενον
2498 3408 2719 3461 ἀκούειν
2768 3410 3126 3478 παιδευούσας
3162 3414 3328 3468 αὑτοῦ
3361 3415 3460 3486 τὴν
3492 3431 3594 3486 κη·

1974 3560 1979 3566 .
2011 3502 2284 3572 δεμονίαν.
2313 3503 2414 3557 Διά
2439 3494 2601 3559 τοῦτο
2626 3506 2718 3559 καὶ
2745 3506 2774 3557 6
2801 3509 3090 3580 προφήτης
3119 3510 3227 3564 τῶν
3263 3511 3455 3581 φωνῶν
3480 3511 3595 3565 τού-

2012 3614 2119 3651 των
2145 3599 2208 3652 τὸ
2251 3598 2529 3671 ἐξαίρετον
2554 3600 2730 3671 δηλῶν
2768 3601 2978 3672 ἐλεγενο
3028 3607 3152 3659 Οὐκ
3184 3608 3304 3660 εὶσὶ
3355 3608 3595 3669 Juxta),

2013 3695 2156 3750 οὐδὲ
2181 3697 2371 3764 λόγοι,
2401 3688 2489 3749 ὧν
2518 3697 2653 3765 οὐχί
2693 3698 3019 3755 ἀκούονται
3054 3704 3116 3755 al
3148 3702 3339 3770 φωναί
3375 3702 3593 3759 αὐτῶν.

2025 3793 2090 3846 Ἦ
2122 3793 2222 3863 μὲν
2257 3791 2366 3864 γὰρ
2396 3793 2642 3864 ἡμετέρα
2667 3798 2780 3860 τοῖς
2814 3797 3119 3867 όμοφώνοις
3164 3801 3279 3853 ἐστὶ
3320 3799 3598 3872 γνώριμος

2017 3889 2197 3961 μόνον,
2222 3887 2645 3959 ἑτερογλώσσοις
2674 3889 2731 3944 66
2752 3891 2935 3946 οὐκέτι
2951 3908 2966 3922 ·
2996 3896 3029 3965 ἡ
3055 3895 3112 3947 δὲ
3134 3894 3223 3948 διὰ
3250 3895 3348 3967 τῆς
3368 3895 3599 3961 κτίσεως

2015 3989 2165 4061 φωνή
2194 3992 2327 4044 πᾶσι
2348 3992 2459 4054 τοῖς
2482 3988 2660 4045 ἔθνεσι
2686 3993 2799 4057 τοῖς
2819 3992 2960 4047 κατὰ
2983 3994 3081 4064 τὴν
3105 3993 3429 4066 οἰκουμένην
3449 3995 3599 4050 ἐστὶν

2014 4089 2277 4160 ἀκουστή.

2088 4277 2229 4346 Κεφ.
2262 4283 2337 4342 ς’.
2361 4277 2487 4342 Τοῖς
2508 4279 2606 4349 μὲν
2624 4273 2717 4333 οὖν
2733 4278 3071 4351 εὖγνώμοσιν
3089 4282 3249 4352 ἀρκεῖ
3272 4281 3366 4334 καὶ
3381 4280 3488 4352 πρὸ
3504 4280 3602 4353 τῆς

2016 4373 2107 4427 διά
2133 4373 2240 4428 τῶν
2265 4374 2443 4447 έργων
2466 4375 2792 4443 ἀποδείξεως
2816 4379 2849 4448 ἡ
2879 4378 3152 4447 ἀπόφασις
3182 4377 3318 4451 αὑτὴ
3348 4378 3482 4449 μόνη
3504 4378 3602 4431 τοῦ

2018 4469 2176 4537 Θεοῦ,
2206 4470 2327 4541 οὐχὶ
2372 4471 2472 4543 τὴν
2525 4473 2782 4545 πρόνοιαν
2816 4474 2980 4527 αὑτοῦ
3030 4474 3201 4542 δεῖξαι
3246 4473 3426 4545 μόνον,
3465 4473 3604 4529 ἀλλά

2020 4566 2241 4620 καὶτὸν
2302 4568 2534 4639 σφοδρὸν
2589 4567 2771 4639 ἔρωτα
2827 4570 2919 4623 τὸν
2970 4571 3099 4641 περὶ
3151 4571 3317 4640 ἡμᾶς.
3371 4571 3446 4623 Οὐ
3492 4571 3605 4642 γὰρ

2020 4662 2207 4727 ἁπλῶς
2230 4661 2550 4736 [474]ήμῶν
2575 4665 2809 4733 προνοεῖ,
2831 4663 2967 4717 ἀλλά
2983 4666 3076 4718 καὶ
3097 4665 3259 4736 ἐρῶν,
3275 4666 3371 4719 καὶ
3400 4666 3605 4738 σφόδρα

2022 4759 2163 4832 ἐρῶν
2191 4759 2372 4831 ἔρωτά
2396 4776 2518 4813 τινα
2550 4760 2852 4831 ἀμήχανον,
2889 4760 3067 4831 ἔρωτα
3103 4762 3287 4833 ἀπαθῆ
3317 4763 3439 4834 μὲν,
3475 4762 3603 4833 θερς

2026 4858 2259 4928 μότατον
2288 4855 2346 4908 66
2374 4856 2468 4909 καὶ
2517 4854 2902 4919 εὐτονιίηατον,
2943 4857 3037 4910 καὶ
3082 4858 3306 4930 γνήσιον
3351 4860 3444 4913 καὶ
3469 4860 3608 4914 ἀκα-

2022 4953 2282 5019 τάλυτον,
2317 4952 2415 5006 καὶ
2457 4950 2752 5023 σϐεσθῆναι
2802 4951 2878 5023 μὴ
2926 4952 3240 5024 δυνάμενον.
3288 4955 3401 5008 Καὶ
3447 4955 3608 5012 τοῦτο

2026 5050 2372 5122 παραστῆναι
2402 5049 2696 5122 βουλομένη
2728 5052 2761 5121 ἡ
2813 5051 2933 5105 θεία
2969 5051 3185 5124 Γραφὴ,
3225 5054 3465 5124 παράγει
3507 5053 3608 5125 μὲν

2023 5149 2238 5213 εἰκόνας
2282 5148 2383 5213 τὰς
2432 5149 2490 5201 ἐν
2527 5147 2858 5220 ἀνθρώποις,
2905 5149 3148 5220 παράγει
3193 5149 3252 5203 δὲ
3310 5150 3609 5205 καὶπολλὰ

2024 5244 2228 5317 ἔρωτος
2264 5244 2637 5315 ὑποδείγματα
2681 5244 2776 5297 καὶ
2822 5244 3077 5317 προνοίας
3130 5245 3224 5299 καὶ
3258 5246 3604 5318 κηδεμονίας.

2026 5345 2103 5398 Οὑ
2138 5343 2244 5415 μὴν
2286 5342 2450 5414 μέχρι
2477 5341 2683 5396 τούτων
2721 5331 2871 5414 ἡμᾶς
2904 5343 3064 5414 μόνον
3093 5343 3342 5415 βούλεται
3364 5344 3605 5409 ἑστάναι,

2025 5441 2161 5496 ἀλλά
2181 5441 2276 5493 καὶ
2297 5439 2646 5509 ὑπερϐαίνειν
2669 5439 2739 5493 τά
2776 5440 3197 5513 παραδείγματα
3228 5440 3307 5512 τῷ
3338 5440 3603 5513 λογισμῷ.

2026 5539 2163 5593 Οὑδέ
2209 5539 2315 5610 γάρ
2345 5539 2420 5603 ὡς
2458 5538 2733 5610 ἀρκοῦντα
2782 5538 2952 5603 δεῖξαι
3007 5539 3068 5592 τὸ
3108 5522 3330 5610 φίλτρῖω
3367 5538 3608 5610 παράγει

2027 5638 2220 5703 ταῦτα,
2243 5635 2356 5690 ἀλλ’
2373 5635 2448 5700 ὡς
2470 5633 2723 5706 γνώριμα
2745 5638 2852 5698 τοῖς
2879 5635 3157 5700 ἀκούουσι,
3189 5637 3282 5689 καὶ
3304 5634 3410 5688 τῶν
3431 5634 3609 5690 ἀλλων

2030 5737 2232 5809 μᾶλλον
2269 5734 2542 5805 δυνάμενα
2597 5732 2766 5797 δεῖξαι
2796 5731 2969 5786 τοῦτο.
3004 5726 3128 5786 Οἷόν
3159 5750 3208 5785 τι
3249 5732 3412 5804 λέγω·
3464 5732 3609 5806 Πρός

3271 5840 3311 5900 7
