2001 3189
186 166 239 194 439

187 223 262 249 dere.
278 220 403 256 Exempli
415 227 516 247 causa:
531 218 593 245 dum
606 217 661 253 agit
671 223 731 244 cum
747 215 799 243 illis
812 215 857 251 qui
879 214 982 242 lamen-

188 268 323 299 labantur,
332 274 364 293 ac
381 266 524 301 gemebant
545 264 620 298 olim,
643 268 670 291 et
682 262 808 290 dicebant
823 270 830 288 :
846 259 986 295 Deretiquit

187 322 227 340 me
244 313 379 344 Dominus,
394 318 419 340 et
432 312 522 339 oblitus
534 316 570 339 est
590 310 642 337 mei
655 309 726 336 Deus
739 307 832 341 Israel,
847 312 903 334 tum
915 306 983 341 adji-

189 359 226 386 cit
237 359 295 386 lucc
308 358 390 385 verba
405 357 533 392 propheta
551 365 557 383 :
576 354 708 389 Numquid
721 353 878 381 obliviscetur
890 351 980 378 mulier

191 405 291 440 paruuli
303 404 352 436 sui,
364 404 404 431 uel
414 409 442 430 ut
455 412 505 430 non
515 403 661 429 misereatur
676 403 771 436 fetuum
784 399 849 426 uteri
857 398 896 425 sui
907 396 931 432 (I
935 397 985 424 sai.

189 452 235 479 49.
254 452 298 478 Η.
312 451 370 486 l5)?
384 450 440 478 lloc
453 449 578 477 nimirum
600 448 664 476 dicit
680 456 686 474 :
700 444 923 482 quemadmodum
944 443 988 470 illa

192 498 286 532 nequit
300 497 421 524 oblivisci
436 495 608 531 parvulorum
627 500 749 526 suorum,
765 492 803 519 sic
818 498 905 526 neque
920 490 990 516 Deus

139 542 142 545 ”
192 543 298 578 generis
312 542 431 568 humani.
455 540 557 568 Deinde
569 544 597 567 ut
611 539 744 575 intelligas
764 538 833 565 hanc
849 536 990 564 adductam

192 595 254 616 esse
267 596 282 614 a
297 587 427 624 propheta
441 586 653 619 similitudinem,
669 592 722 613 non
737 584 808 619 quod
824 588 923 610 tantam
933 581 990 609 vel-

193 634 231 661 let
243 633 387 661 ostendere
406 632 453 660 Dei
473 632 593 659 caritatis
618 638 678 659 esse
704 636 874 661 mensuram,
894 632 992 663 quanta

193 680 230 707 sit
250 679 344 706 matris
364 686 426 713 erga
448 679 516 706 fetus
537 678 607 706 uteri
626 678 684 710 sui;
705 677 752 704 sed
775 676 899 711 quoniam
921 675 992 702 hunc

193 725 322 752 eximium
337 732 392 760 pne
406 724 511 752 caeteris
524 728 616 751 notutn
632 723 723 751 habuit
742 722 862 749 caritatis
885 720 991 748 modum

194 772 323 807 (tametsi
337 771 421 799 multo
445 770 531 806 major
548 771 597 798 illo
618 770 665 797 Dei
687 768 791 804 amor),
809 768 906 803 adjecit
922 776 928 794 :
945 767 993 794 Sin

193 823 280 844 autem
293 822 316 844 et
328 817 418 844 horum
428 816 505 844 oblita
517 816 591 852 fuerit
605 815 705 848 mulier,
713 823 759 850 ego
770 819 853 841 tamen
864 821 914 840 non
928 812 993 839 obli-

194 864 281 890 uisca‘r
290 864 335 895 tui,
349 863 410 889 dicit
421 862 547 889 Dominus
557 861 662 898 (Ibid.).
674 860 755 887 Vides
764 864 792 887 ut
801 858 915 886 materni
923 865 995 885 amo-

196 909 236 936 ris
246 908 355 936 modum
363 908 493 935 excedat?
502 909 589 942 Atque
600 911 628 934 ut
636 905 768 940 intelligas
777 909 925 932 maternutn
934 903 994 930 alle-

195 960 268 981 ctum
280 959 307 981 et
314 954 396 989 patris
408 955 433 980 in
447 954 516 981 lilios
526 952 737 980 benevolentiam
749 959 810 979 eum
821 951 900 985 longo
913 949 996 976 inter-

196 1000 268 1026 vallo
281 1000 461 1034 superare,ait
470 999 578 1034 quidem
588 998 715 1034 propheta
731 1006 737 1024 :
752 996 885 1031 Quomodo
895 996 996 1022 misere-

198 1050 241 1071 tur
254 1050 326 1079 pater
339 1044 462 1079 ﬁliorum,
481 1044 597 1071 misertus
616 1048 653 1071 est
673 1043 798 1070 Dominus
818 1041 960 1069 timentibus
970 1049 997 1068 se

197 1089 286 1126 (l’sal.
298 1089 357 1116 102.
368 1090 424 1124 15).
432 1089 557 1124 Idemque
565 1096 657 1116 rursus
668 1088 736 1116 hanc
743 1087 862 1115 caritatis
875 1086 994 1113 similitu-

197 1137 290 1163 dinem
306 1136 434 1163 adducit:
451 1136 549 1170 quippe
567 1135 613 1170 qui
633 1135 714 1162 sciret
724 1142 778 1169 prte
799 1134 904 1160 caeteris
928 1133 997 1159 lianc

198 1183 343 1210 excellere.
352 1183 387 1209 At
397 1182 588 1218 prophetarum
598 1186 624 1208 et
632 1182 751 1208 omnium
760 1180 899 1212 Dominus,
911 1184 939 1206 ut
950 1179 998 1207 Dei

200 1228 397 1263 providentiam
415 1234 443 1256 et
461 1235 553 1256 curam
570 1227 724 1255 ostenderet
740 1227 822 1261 hujus
842 1233 998 1254 mensuram

200 1276 282 1310 longo
292 1274 435 1302 intervallo
445 1281 582 1309 superare,
592 1278 772 1309 quantumque
783 1273 852 1300 inter
867 1273 952 1299 lucem
967 1278 999 1299 ac

201 1321 337 1353 tenebras,
356 1325 383 1348 ct
405 1321 475 1347 inter
491 1321 637 1347 bonitatem
653 1327 684 1347 ac
699 1319 827 1347 malitiam
849 1323 890 1345 cst
905 1318 999 1345 discri-

201 1375 276 1400 men,
296 1371 398 1393 tantum
417 1373 432 1392 a
448 1365 538 1393 divina
558 1366 677 1392 bonitate
686 1372 717 1391 ac
725 1364 891 1399 providentia
909 1367 999 1398 pater-

202 1421 268 1440 num
283 1420 401 1439 amorem
424 1410 628 1446 superari,audi
649 1410 711 1445 quid
738 1410 809 1436 dicat
826 1418 832 1435 :
849 1409 911 1442 Quis
922 1414 957 1435 cst
970 1415 1002 1435 ea:

201 1458 272 1484 vobis
283 1458 392 1490 homo,a
406 1465 455 1491 quo
467 1457 490 1483 si
506 1457 603 1491 petierit
618 1456 686 1490 ﬁlius
701 1456 756 1491 ejus
764 1462 864 1489 panem,
878 1453 1000 1489 numquid

202 1503 316 1538 lapidem
335 1503 444 1538 porriget
457 1502 528 1529 ei?et
541 1503 563 1528 si
575 1502 672 1536 petierit
693 1501 797 1536 piscem,
816 1499 937 1534 numquid
949 1507 1001 1525 ser-

202 1554 304 1584 pentem
321 1550 432 1584 porriget
445 1549 484 1575 ei?
498 1548 573 1581 Quod
586 1548 607 1575 si
622 1555 675 1580 vos,
689 1555 746 1574 cum
764 1547 819 1573 sitis
838 1546 909 1578 mali,
923 1545 1002 1572 nostis

204 1596 272 1623 bona
286 1595 346 1621 data
359 1595 420 1622 dare
432 1595 493 1630 ﬁliis
513 1594 611 1626 vestris,
623 1594 702 1620 multo
724 1593 805 1628 magis
820 1591 893 1619 Pater
913 1596 1001 1624 vester,

203 1642 249 1677 qui
264 1642 290 1668 in
302 1642 370 1668 ctelis
381 1646 427 1673 est,
441 1641 508 1667 dabit
522 1641 587 1667 bona
600 1640 642 1672 iis,
653 1640 695 1675 qui
707 1648 757 1666 ase
770 1639 884 1674 petierint
897 1638 1002 1674 (Matth.

205 1688 234 1716 7.
260 1688 357 1722 9-H);
372 1688 502 1721 indic-ins,
515 1691 643 1722 quantum
659 1690 700 1713 est
713 1686 783 1714 inter
802 1685 946 1721 nequitiam
957 1685 1005 1712 bo-

205 1735 371 1769 nitatemque
378 1734 532 1767 discrimen,
541 1737 615 1760 tanto
624 1738 734 1767 paterna
742 1732 921 1760 sollicitudine
927 1731 1005 1759 subli-

204 1781 320 1807 mioretn
335 1779 452 1806 divinam
464 1787 525 1806 esse
536 1779 739 1814 benignitatem.
757 1778 820 1805 llzec
832 1782 921 1805 autem
935 1785 950 1804 a
962 1785 1005 1806 me

206 1826 309 1854 idcirco
321 1827 442 1861 exempla
455 1831 517 1854 sunt
528 1826 618 1859 allata,
633 1830 660 1853 ut
676 1825 699 1852 si
716 1825 823 1860 quando
843 1825 909 1851 alias
928 1832 1005 1852 com-

206 1873 362 1908 parationes
385 1873 524 1904 induxero,
550 1879 583 1899 ne
607 1872 676 1899 intra
699 1871 797 1898 limites
818 1878 923 1902 eorum,
946 1877 1006 1904 qua:

205 1919 393 1953 exprimuntur
407 1926 421 1945 a
438 1918 585 1953 prophetis,
598 1921 714 1945 mentem
730 1916 944 1948 circumscribas,
959 1918 1006 1945 sed

207 1965 259 1991 bac
279 1969 356 1992 utens
378 1965 479 1999 regula,
498 1964 659 1999 cogitatione
678 1963 800 1998 superius
822 1964 962 1997 ascendas,
979 1970 1007 1992 et

208 2011 502 2039 immensumcaritutis
512 2011 571 2045 ejus
594 2017 734 2038 excessum
758 2017 897 2045 agnoscas.
913 2010 1006 2045 Neque

208 2058 282 2084 enim
309 2061 410 2084 natura:
431 2058 527 2084 linibus
539 2061 581 2084 est
595 2061 745 2089 contentus,
759 2056 806 2084 sed
827 2056 880 2083 illis
899 2057 1007 2084 omissis

208 2109 290 2138 atque
313 2103 445 2138 superatis
468 2103 519 2130 alia
551 2109 645 2130 rursus
665 2102 787 2137 adjungit
810 2103 942 2137 exempla.
967 2102 1005 2129 Ea

208 2151 310 2185 quippe
321 2150 439 2177 conditio
452 2154 493 2177 est
507 2150 623 2177 amantis
636 2158 643 2176 ε
658 2150 749 2177 multis
763 2151 926 2185 argumentis
941 2150 966 2177 id
981 2150 1007 2177 ei

209 2200 323 2223 conatur
335 2195 487 2228 ostendere,
501 2202 581 2230 quem
601 2202 693 2223 amore
713 2196 900 2230 complectitur
915 2205 920 2222 :
936 2195 1007 2230 quod

208 2247 237 2269 et
251 2242 308 2276 ipse
321 2241 401 2274 facit,
413 2241 476 2269 dum
489 2242 522 2269 ad
538 2242 659 2269 locorum
672 2242 812 2268 intervalla
832 2249 1008 2277 magnamque

210 2288 441 2323 intercapedinem
462 2289 611 2316 orationem
634 2288 759 2321 traducit,
784 2296 837 2315 non
862 2293 890 2316 ut
911 2289 1006 2316 iterum

210 2341 314 2363 tantum
335 2335 396 2370 ejus
411 2342 472 2363 esse
490 2335 613 2363 affectum
637 2335 785 2368 arbitreris,
802 2334 849 2362 sed
871 2336 942 2370 quod
956 2335 1008 2364 hoc

212 2382 347 2417 pra‘cipue
361 2388 493 2408 mensura:
507 2388 591 2416 genus
604 2381 709 2408 ueteris
734 2381 814 2409 sciret
834 2380 1006 2414 antecellere,

211 2434 292 2463 atque
304 2427 470 2455 auditoribus
482 2434 543 2455 esse
561 2432 663 2454 notum.
679 2427 719 2454 Ac
728 2434 776 2461 per
797 2426 923 2454 Davidcm
946 2427 1008 2462 qui-

208 2475 272 2502 dem
288 2475 326 2502 ait
341 2483 348 2500 :
365 2473 512 2502 Secundum
529 2473 688 2500 altitudinem
702 2473 758 2500 σιειί
772 2482 788 2499 a
799 2478 866 2500 terra
888 2473 1009 2500 corrobo-

209 2522 275 2549 rauit
295 2521 422 2548 Dominus
443 2520 642 2547 misericordiam
662 2528 734 2547 suam
756 2528 831 2554 super
851 2520 964 2547 timentes
983 2528 1010 2547 se

210 2568 299 2606 (Psal.
315 2567 443 2603 102.“):
457 2571 494 2601 et,
510 2566 640 2601 Quantum
653 2567 729 2594 distat
745 2572 814 2593 ortus
828 2566 857 2593 ab
872 2566 1008 2599 occidente,

212 2616 288 2651 longe
309 2615 370 2650 fecit
382 2623 398 2641 a
413 2614 484 2641 nobis
504 2614 649 2649 iniquitates
664 2619 763 2641 nostras
776 2613 827 2650 (Ib.
844 2622 868 2641 υ.
884 2613 927 2649 12)
941 2622 947 2640 ;
963 2621 1011 2648 per

213 2661 309 2689 Isaiam
325 2667 400 2694 vero,
415 2659 505 2697 Neque
514 2662 580 2687 enim
604 2664 662 2686 sunt
682 2660 843 2695 cogitationes
865 2667 927 2686 mea:
947 2660 1011 2686 sicut

212 2708 377 2744 cogitationes
391 2711 489 2741 uestrae,
504 2716 584 2743 neque
602 2708 648 2735 vite
665 2715 727 2734 meae
749 2707 813 2733 sicut
835 2707 881 2733 via:
903 2712 991 2733 vestrm
1001 2715 1011 2740 ;

214 2758 260 2786 sed
279 2759 342 2785 sicut
363 2758 440 2785 distat
461 2757 550 2784 caelum
562 2765 579 2783 a
591 2761 668 2788 terra,
689 2756 725 2782 sic
743 2755 838 2782 distant
860 2755 905 2781 vite
922 2762 984 2781 mea:
996 2763 1012 2781 a

216 2805 262 2831 viis
276 2805 373 2838 vestris,
388 2809 413 2832 et
427 2804 594 2840 cogitationes
614 2810 675 2828 mea:
686 2810 701 2828 a
716 2801 909 2836 cogitationibus
925 2801 1012 2827 castris

218 2850 293 2886 (lsui.
308 2851 352 2878 55.
365 2851 392 2878 8.
404 2849 444 2884 9).
460 2850 521 2877 llznc
537 2855 616 2884 porro
629 2848 744 2880 dicebat,
760 2847 830 2882 quod
844 2847 922 2881 paulo
933 2853 1014 2881 supc-

217 2897 272 2925 rius
280 2896 315 2925 de
322 2896 478 2925 remissione
491 2900 659 2930 peccatorum
674 2893 847 2927 disseruerat,
861 2898 887 2921 et
898 2892 1011 2924 dixerat,

615 160 662 188 AD
677 157 742 187 EOS
759 157 818 192 QUI
837 154 1085 185 SCANDALIZATI
1101 154 1201 183 SUNT.
1222 154 1286 182 LIB.
1307 153 1407 183 UNUS.

1782 157 1835 186 490

1045 212 1110 245 Quia
1121 212 1227 240 multum
1237 213 1363 241 dimittam
1377 214 1522 250 iniquitates
1534 220 1627 245 uestras
1641 217 1666 254 (l
1669 220 1716 246 sai.
1728 219 1775 248 55.
1789 221 1804 246 7
1813 221 1838 255 ).

1040 257 1142 286 Deinde
1152 259 1297 288 ostendens
1307 265 1435 295 quantum
1447 262 1482 290 sit
1492 263 1556 291 illud
1566 264 1689 299 multutn,
1699 265 1750 294 hoc
1761 267 1838 302 adje-

1039 304 1077 332 cit
1089 305 1241 340 exemplum
1256 315 1262 333 :
1279 307 1327 335 sed
1352 315 1439 344 neque
1458 309 1523 337 solis
1541 311 1600 338 istis
1623 317 1765 341 contentus
1784 319 1842 349 est,

1041 358 1133 378 verum
1145 353 1226 379 etiam
1238 353 1272 380 ad
1292 355 1404 382 alteram
1425 357 1586 385 crassiorem
1608 361 1838 394 comparationem

1042 399 1190 426 orationem
1202 399 1322 428 dimittit.
1331 401 1396 429 Nam
1410 403 1480 437 apud
1493 402 1562 432 Osee
1573 404 1697 433 dicebat:
1714 407 1785 440 Quid
1799 410 1839 442 [a-

1041 444 1108 470 ciam
1118 444 1172 477 tibi,
1182 444 1306 480 Ephraim
1313 447 1326 473 ?
1334 448 1395 482 quid
1405 448 1499 483 faciam
1510 449 1564 483 tibi,
1572 449 1644 477 Iuda
1651 451 1677 477 '?
1686 450 1760 479 Sicut
1768 453 1838 479 Ada-

1042 497 1085 516 ma
1097 498 1191 525 ponant
1205 496 1238 525 te,
1250 496 1274 518 et
1285 492 1349 519 sicut
1358 493 1468 521 Seboim.
1484 495 1637 524 Conversum
1652 502 1688 524 est
1700 506 1744 525 cor
1756 507 1837 525 meum

1043 535 1070 562 in
1092 535 1168 571 ipso;
1188 537 1336 564 conturbata
1358 544 1395 565 est
1419 541 1548 575 ptenitudo
1568 550 1623 569 mea
1645 541 1722 577 (Osee
1737 543 1781 570 Η.
1798 544 1837 579 8).

1044 580 1145 608 Horum
1166 588 1253 610 autem
1277 584 1417 612 verborum
1432 585 1489 613 litec
1502 591 1544 613 est
1555 588 1687 615 sententia
1701 597 1708 615 :
1723 589 1762 616 Ne
1776 597 1839 617 vcr-

1045 625 1107 653 bttm
1137 627 1243 662 quidem
1275 630 1408 656 minarum
1434 631 1553 658 toleravi.
1574 633 1614 660 Ac
1635 633 1753 669 loquitur
1779 636 1839 670 qni-

1045 671 1106 699 dem
1122 672 1260 700 hominum
1283 682 1367 707 more,
1384 683 1437 703 non
1453 683 1481 704 ut
1494 677 1639 706 humanum
1654 680 1779 714 quiddam
1792 688 1840 708 su-

1046 717 1168 751 spiceris,
1186 718 1271 751 absit,
1281 720 1334 747 Sed
1349 725 1377 747 ut
1390 721 1440 749 hac
1453 723 1579 750 crassiori
1595 724 1722 759 loquendi
1738 726 1841 754 ratione

1045 763 1184 791 caritatem
1198 765 1339 799 quamdam
1352 767 1407 794 Deo
1419 769 1634 803 convenientem,
1651 771 1799 804 sinceram,
1815 776 1842 799 et

1047 808 1262 838 indissolubilem
1276 811 1419 847 intelligas.
1431 813 1498 840 Nam
1509 815 1734 849 quemadmodum
1747 817 1769 844 si
1782 818 1842 852 quis

1047 854 1141 882 insano
1154 856 1306 891 quempiam
1317 865 1410 885 amore
1420 858 1523 894 diligat,
1538 868 1572 887 ne
1583 861 1724 889 verborum
1735 863 1842 897 quidem

1048 903 1124 926 tenus
1138 907 1199 928 eum
1212 902 1294 930 vellet
1316 902 1462 936 offendere,
1477 912 1557 939 quem
1574 905 1609 933 ita
1629 906 1736 942 diligit:
1752 909 1792 935 sic
1804 909 1843 934 ni-

1047 944 1144 972 mirum
1155 949 1183 973 et
1192 946 1249 981 ipse
1260 947 1346 983 inquit
1359 959 1366 976 :
1377 948 1508 982 Quoniam
1522 949 1577 977 dixi
1589 954 1701 984 tantum,
1714 957 1742 980 et
1753 953 1843 980 verbis

1049 990 1158 1024 oll'endi,
1174 991 1327 1020 Concersum
1341 1000 1376 1021 est
1391 1002 1435 1021 cor
1449 996 1539 1022 meum‘
1546 996 1573 1023 in
1586 996 1651 1031 ipso.
1667 997 1759 1033 Neque
1772 999 1843 1026 enitn

1049 1037 1195 1065 crassiores
1209 1038 1274 1065 istas
1295 1040 1511 1075 comparationes
1534 1042 1653 1077 proferre
1668 1043 1843 1078 dedignatur,

1049 1087 1079 1109 ut
1101 1091 1220 1111 amorem
1239 1084 1374 1118 ostendat,
1400 1086 1471 1121 quod
1495 1092 1536 1114 est
1558 1088 1674 1115 maxime
1700 1088 1844 1123 diligentis.

1049 1127 1140 1163 Neque
1163 1129 1207 1156 hic
1223 1130 1352 1163 substitit,
1375 1131 1422 1158 sed
1443 1133 1530 1167 pergit
1550 1133 1671 1167 ulterius,
1685 1139 1712 1161 et
1731 1135 1844 1162 alterum

1050 1181 1144 1201 rursus
1158 1176 1275 1203 crassius
1285 1177 1438 1211 exemplum
1452 1178 1584 1214 adjungit,
1597 1179 1633 1206 ita
1646 1180 1738 1208 dicens
1755 1190 1762 1207 :
1778 1182 1846 1215 Quo-

1050 1220 1126 1247 modo
1150 1221 1276 1248 ltetabitur
1303 1231 1410 1257 sponsus
1436 1232 1511 1259 super
1529 1233 1639 1260 sponsa,
1661 1227 1698 1254 sic
1721 1227 1846 1255 (elabitur

1051 1265 1166 1293 Christus
1178 1275 1254 1303 super
1267 1272 1290 1295 te
1301 1268 1377 1303 (lsai.
1394 1269 1438 1297 62.
1455 1270 1482 1307 5)
1500 1280 1506 1297 :
1521 1271 1592 1306 quod
1607 1272 1683 1300 initio
1698 1276 1847 1308 priusertim

1051 1311 1221 1340 ardentiores
1233 1321 1265 1341 ac
1276 1315 1464 1350 ferventior-es,
1477 1321 1504 1344 et
1513 1317 1657 1346 vividiores
1668 1320 1722 1347 sint
1730 1328 1846 1348 amores.

1053 1357 1090 1384 lta
1107 1365 1188 1393 porro
1211 1359 1337 1394 loquutus
1356 1365 1408 1395 est,
1423 1370 1476 1389 non
1495 1367 1523 1390 ut
1543 1362 1691 1393 humattum
1712 1366 1848 1402 quidpiam

1052 1404 1198 1438 suspiceris
1221 1404 1328 1440 (iterum
1343 1406 1415 1433 enim
1439 1408 1505 1435 illud
1524 1408 1615 1437 dicere
1632 1417 1687 1438 non
1704 1411 1847 1449 desinam).

1053 1449 1100 1476 sed
1114 1455 1142 1478 ut
1162 1458 1195 1478 ex
1208 1450 1252 1478 his
1272 1451 1413 1486 ardorem,
1428 1454 1619 1489 sinceritatem,
1636 1457 1848 1492 vehementiam,

1053 1495 1189 1524 ﬂammam
1208 1497 1324 1533 denique
1351 1500 1471 1528 caritatis
1496 1501 1639 1537 intelligas.
1666 1503 1768 1531 Deinde
1787 1512 1848 1533 cum

1053 1542 1176 1576 dixisset,
1193 1543 1267 1572 Sicut
1283 1544 1368 1580 diligit
1383 1550 1469 1580 pater,
1484 1551 1512 1574 et
1528 1548 1645 1583 amplius
1659 1557 1739 1585 quam
1754 1557 1830 1585 pater
1840 1573 1847 1585 ,

1054 1588 1123 1616 sicut
1134 1593 1229 1623 mater,
1241 1591 1391 1626 etamplius
1405 1599 1484 1627 quam
1499 1599 1595 1627 mater,
1607 1594 1675 1622 sicut
1687 1603 1812 1630 sponsus,
1824 1602 1849 1625 et

1056 1635 1171 1671 amplius
1183 1644 1263 1672 quam
1276 1645 1402 1672 sponsus,
1417 1644 1545 1673 quantum
1557 1644 1599 1668 est
1613 1641 1781 1669 intervallum
1792 1644 1850 1671 cut-li

1056 1689 1072 1708 a
1088 1686 1169 1716 terra,
1186 1688 1213 1710 et
1222 1683 1339 1718 amplius
1352 1692 1431 1720 quam
1447 1685 1523 1719 illud,
1540 1692 1668 1722 quantum
1681 1688 1761 1716 distat
1776 1694 1850 1718 ortus

1057 1727 1091 1755 ab
1101 1728 1242 1757 occidente
1252 1750 1259 1763 ,
1271 1734 1299 1757 et
1313 1731 1427 1765 amplius
1440 1740 1520 1767 qualn
1533 1732 1597 1760 illud
1608 1753 1616 1767 ,
1631 1742 1665 1761 ne
1685 1734 1729 1763 hic
1743 1736 1850 1771 quidem

1057 1775 1174 1802 substitit
1200 1778 1446 1811 comparationibus
1468 1783 1556 1812 utens,
1580 1780 1628 1808 sed
1655 1781 1765 1809 ulterius
1787 1791 1851 1818 pro-

1057 1822 1191 1856 greditur,
1218 1828 1246 1850 ut
1265 1823 1351 1851 multo
1381 1825 1510 1859 abjectius
1536 1827 1688 1861 exemplum
1724 1833 1850 1856 ostentct.

1057 1867 1123 1895 Cum
1137 1869 1207 1896 enim
1226 1869 1308 1897 Jonas
1324 1876 1384 1905 post
1404 1871 1509 1907 fugam,
1527 1873 1626 1908 Deique
1645 1881 1706 1900 cum
1727 1874 1851 1902 Ninivilis

1058 1915 1305 1943 reconciliationem
1330 1918 1407 1953 inops
1426 1919 1531 1945 consilii
1553 1923 1642 1953 esset,
1664 1925 1692 1947 et
1714 1925 1851 1953 aestuaret,

1058 1962 1130 1997 quod
1143 1970 1175 1990 ea
1189 1971 1248 1998 qua:
1263 1964 1378 1991 minatus
1393 1970 1461 1998 erat,
1476 1966 1502 1992 in
1517 1973 1584 2001 opus
1595 1974 1648 1994 non
1664 1968 1852 2002 procederent,

1058 2012 1086 2035 et
1106 2007 1222 2036 ltumano
1245 2009 1359 2044 quodam
1387 2011 1541 2038 turbaretur
1560 2012 1667 2046 all'ectu,
1689 2021 1721 2041 ac
1742 2019 1854 2042 maestus

1058 2059 1141 2087 esset,
1155 2062 1216 2081 cum
1228 2054 1278 2082 soli
1293 2055 1450 2090 imperasset
1463 2057 1543 2090 Deus,
1560 2061 1589 2084 ut
1598 2058 1765 2088 ardentiores
1778 2061 1855 2087 emit-

1060 2104 1129 2127 teret
1143 2100 1242 2134 radios,
1257 2108 1289 2128 ac
1300 2101 1398 2129 deinde
1412 2108 1489 2130 terra:
1500 2103 1637 2137 jussisset,
1654 2109 1683 2131 ut
1699 2105 1734 2132 illi
1751 2110 1854 2141 lt‘gnten

1060 2155 1093 2174 ex
1109 2147 1192 2174 herba
1211 2148 1342 2176 subitario
1357 2156 1439 2184 opere
1460 2155 1595 2184 strueret,
1616 2159 1677 2179 cum
1695 2160 1856 2187 magnopere

1061 2192 1136 2220 illum
1153 2194 1270 2221 levasset
1290 2198 1370 2229 atque
1386 2201 1552 2229 recreasset,
1566 2196 1665 2224 deinde
1684 2205 1778 2224 rursus
1795 2206 1855 2225 cum

1060 2240 1095 2266 ob
1107 2239 1243 2266 sublatum
1257 2248 1273 2267 e
1286 2241 1375 2267 medio
1389 2245 1494 2276 tegmen
1509 2241 1573 2269 illud
1584 2250 1645 2269 eum
1658 2243 1855 2275 contrislasset,

1060 2290 1200 2321 postquam
1214 2286 1298 2313 altero
1309 2293 1471 2321 recreatum,
1485 2293 1513 2315 et
1524 2288 1609 2315 altero
1620 2288 1767 2316 cruciatum
1782 2290 1856 2317 illum

1061 2334 1135 2366 vidit,
1150 2334 1211 2361 audi
1232 2334 1295 2369 quid
1310 2335 1336 2362 ei
1350 2335 1441 2362 dicat:
1457 2335 1495 2361 Tu
1513 2335 1615 2370 quidem
1631 2336 1765 2371 pepercisti
1781 2345 1858 2372 super

1060 2381 1199 2413 cucurbita,
1212 2388 1259 2415 pro
1272 2388 1323 2415 qua
1343 2388 1394 2407 non
1415 2380 1545 2414 laborasti,
1565 2389 1645 2416 neque
1657 2382 1768 2409 nutriisti
1782 2391 1793 2410 .'
1811 2391 1859 2418 ego

1061 2432 1146 2454 autem
1158 2436 1208 2455 non
1219 2435 1323 2461 parcam
1338 2435 1414 2463 super
1426 2427 1520 2454 Ninive
1534 2428 1633 2456 civitate
1648 2437 1756 2465 magna,
1768 2430 1795 2456 in
1810 2438 1860 2465 qua

1062 2474 1176 2502 habitant
1192 2474 1277 2509 plures
1293 2483 1369 2510 quam
1391 2479 1489 2502 centum
1508 2475 1597 2511 viginti
1614 2476 1696 2503 millia
1715 2477 1858 2510 honuinum,

1062 2522 1105 2557 qui
1125 2530 1175 2549 non
1197 2527 1319 2549 noverunt
1341 2521 1472 2549 dexteram
1489 2526 1535 2549 aut
1549 2523 1679 2550 sinistram
1697 2533 1771 2551 suam
1783 2523 1860 2561 (Jon.

1063 2569 1148 2597 4.10.
1172 2569 1238 2605 ll)?
1252 2568 1352 2596 Horum
1374 2573 1464 2596 autem
1488 2569 1631 2596 verborum
1654 2569 1712 2597 hare
1732 2574 1773 2598 est
1796 2577 1862 2598 scn-

1064 2617 1147 2643 tentia
1159 2624 1167 2642 :
1181 2616 1239 2643 Non
1253 2615 1288 2642 ita
1301 2615 1431 2643 recreavit
1445 2619 1471 2643 te
1484 2615 1577 2643 umbra
1587 2615 1679 2649 oleris,
1692 2620 1720 2643 ut
1732 2623 1775 2644 me
1788 2617 1863 2644 salus

1064 2661 1240 2690 Ninivitarum
1255 2661 1415 2689 exhilaravit
1428 2669 1436 2688 :
1453 2668 1540 2696 neque
1555 2662 1591 2689 ita
1605 2666 1630 2689 te
1644 2661 1790 2689 destructio
1803 2662 1862 2696 ejus

1065 2709 1245 2741 contristavit,
1258 2713 1288 2736 ut
1301 2715 1343 2736 me
1357 2708 1464 2736 illorum
1478 2708 1611 2736 interitus.
1625 2708 1662 2735 Ita
1674 2713 1771 2743 prmter
1784 2715 1861 2735 men—

1069 2761 1122 2783 tem
1149 2762 1236 2782 meam
1263 2754 1369 2781 illorum
1397 2754 1510 2781 exitium
1535 2753 1685 2781 accidisset.
1712 2753 1794 2781 Vides
1820 2754 1863 2780 hic

1067 2809 1173 2837 quoque
1194 2801 1423 2836 comparationem
1443 2800 1519 2828 illum
1541 2799 1690 2828 excedere?
1709 2799 1767 2827 Non
1790 2801 1862 2827 enim

1100 2896 1108 2912 ι
1127 2897 1189 2923 ἤειδε,
1202 2890 1260 2923 quid
1270 2889 1360 2922 faciam
1371 2889 1424 2921 tibi,
1435 2889 1501 2913 Juda
1512 2888 1524 2914 ?
1535 2887 1632 2914 aliunde
1642 2887 1771 2920 desumpta
1782 2892 1847 2913 sunt.
