4002 6454
367 341 472 395 illi

380 459 530 520 dixit,
554 455 630 508 Tu
653 454 850 514 quidem
870 449 1126 518 pepercisti
1143 463 1290 513 super
1307 445 1647 507 cucurbita,et
1665 440 1918 495 conticuit
1941 455 1955 497 ς

380 546 476 600 sed
519 544 762 614 adjunxit
790 560 802 594 :
837 540 940 601 Pro
967 555 1067 608 qua
1103 553 1203 590 non
1239 533 1504 596 laborasti,
1551 547 1706 599 neque
1739 528 1962 583 nutriisti

382 653 516 690 eam.
549 636 678 689 Nam
723 633 971 702 quoniam
1011 643 1101 683 eas
1142 626 1475 696 potissimum
1521 623 1733 694 plantas
1781 629 1964 675 amant

389 727 667 796 agricolae,
699 723 751 777 in
780 736 909 791 quas
940 719 1225 789 plurimum
1255 714 1874 784 laborisimpenderint,
1906 721 1964 766 ut

389 817 492 870 hoc
518 828 730 885 quoque
759 827 816 866 se
845 824 1042 880 genere
1074 807 1274 862 amoris
1301 805 1584 876 complecti
1615 804 1857 858 homines
1886 803 1966 855 in-

386 907 614 969 dicaret,
647 903 748 956 hoc
791 899 1032 954 addidit:
1060 897 1118 953 Si
1157 897 1302 952 enim
1345 905 1400 949 tu
1444 895 1677 949 alienum
1718 906 1854 962 opus
1895 890 1965 945 ita

387 994 650 1059 defendis,
684 991 873 1062 inquit,
907 989 1074 1043 multo
1101 988 1267 1057 magis
1287 1002 1386 1056 ego
1412 985 1706 1056 proprium,
1737 992 1791 1038 et
1815 983 1966 1052 cujus

386 1100 506 1138 sunt
528 1082 794 1138 conditor.
828 1080 1030 1135 Deinde
1058 1080 1265 1149 mitigat
1291 1077 1686 1132 accusationem
1713 1075 1923 1128 illorum
1947 1114 1962 1139 ,

387 1191 508 1230 cum
547 1175 661 1229 ait:
707 1173 808 1240 Qui
851 1189 954 1226 non
1001 1179 1246 1224 noverunt
1290 1169 1547 1224 dexteram
1585 1176 1674 1222 aut
1713 1167 1967 1220 sinistram

388 1284 551 1334 suam,
580 1275 639 1321 ut
665 1264 1005 1334 simplicitate
1048 1263 1226 1332 potius
1255 1276 1414 1331 quam
1455 1259 1656 1314 malitia
1687 1259 1808 1314 illos
1831 1257 1968 1311 deli-

388 1361 571 1430 quisse
597 1357 852 1421 declaret,
888 1355 940 1410 id
966 1354 1107 1424 quod
1139 1363 1194 1410 et
1217 1354 1544 1424 paenitentiae
1570 1352 1691 1407 ﬁnis
1713 1350 1964 1406 ostendit.

393 1451 680 1505 Enimvero
707 1463 828 1502 cum
856 1447 990 1500 alios
1020 1461 1232 1515 quoque
1263 1443 1637 1513 reprehendit,
1671 1442 1760 1513 qui
1788 1456 1968 1510 geme-

394 1542 540 1606 bant,
564 1547 750 1609 utpote
779 1537 1017 1592 derelicti
1041 1579 1056 1603 ,
1090 1536 1172 1588 his
1199 1550 1294 1590 eos
1330 1535 1507 1588 verbis
1536 1533 1727 1586 all'atur
1755 1549 1770 1590 :
1805 1530 1972 1584 Inter-

391 1639 564 1703 rogate
588 1647 667 1684 me
692 1629 753 1683 de
774 1629 894 1698 ﬁliis
910 1628 1050 1692 meis,
1081 1638 1125 1680 et
1147 1626 1208 1679 de
1227 1625 1458 1695 operibus
1483 1640 1722 1677 manuum
1752 1639 1973 1676 mearum

392 1723 631 1776 mandate
654 1721 777 1774 mihi
808 1717 958 1790 (Isai.
1002 1719 1202 1787 45M).
1236 1716 1397 1784 Quasi
1424 1715 1630 1770 diceret
1663 1733 1674 1767 :
1719 1714 1850 1782 Quis
1879 1728 1971 1782 pa-

393 1826 528 1869 trem
553 1812 824 1878 admonet,
860 1812 1206 1878 hortaturque
1252 1816 1311 1862 ut
1341 1807 1433 1860 ﬁlii
1463 1806 1543 1860 sui
1569 1820 1752 1860 curam
1781 1803 1975 1875 gerat?

392 1915 484 1961 aut
521 1903 780 1959 artificem
826 1912 880 1959 et
915 1903 1196 1972 opiﬁrem,
1246 1916 1314 1954 ne
1343 1915 1496 1954 suum
1543 1911 1679 1967 opus
1710 1897 1849 1950 sinat
1897 1895 1977 1949 in-

394 1995 592 2051 terire?
619 1995 765 2050 itane
813 2008 940 2048 vero
983 1993 1122 2047 inter
1159 1991 1404 2045 homines
1446 1987 1646 2044 sufﬁcit
1692 1987 1842 2041 vobis
1883 2001 1977 2040 na-

396 2100 528 2144 tura:
566 2087 653 2142 vel
686 2086 818 2141 artis
840 2085 1111 2150 conditio,
1159 2091 1217 2138 ut
1256 2083 1324 2137 de
1363 2081 1723 2137 sollicitudine
1761 2079 1978 2134 minime

398 2181 670 2238 dubitetur
704 2199 716 2235 :
745 2179 877 2235 mihi
908 2193 1035 2234 vero
1063 2177 1261 2248 putatis
1290 2175 1565 2230 hortatore
1591 2187 1726 2246 opus
1746 2186 1886 2238 esse,
1920 2180 1976 2224 ut

398 2275 593 2329 liberos
618 2286 768 2328 meos
803 2269 890 2326 vel
919 2284 1082 2339 opera
1109 2279 1260 2324 tuear
1299 2276 1352 2323 et
1386 2265 1702 2323 defendam?
1729 2263 1854 2318 Haec
1879 2278 1977 2316 au-

396 2377 501 2420 tem
524 2362 772 2429 dicebat,
803 2377 907 2416 non
950 2369 1004 2414 ut
1047 2359 1218 2429 ipsum
1255 2372 1361 2413 non
1406 2357 1765 2420 hortarentur,
1803 2353 1898 2410 sed
1925 2362 1981 2408 ut

396 2455 533 2509 scire
573 2462 790 2524 possent
821 2452 1004 2507 'Deum
1039 2449 1198 2504 etiam
1246 2457 1368 2502 ante
1394 2448 1813 2501 cohortationem
1859 2459 1980 2498 suas

398 2554 576 2615 partes
622 2558 802 2614 agere,
830 2541 966 2596 velle
997 2551 1172 2595 tamen
1202 2547 1259 2593 ut
1295 2539 1382 2592 alii
1421 2552 1480 2592 se
1515 2536 1860 2591 cohortentur
1881 2577 1894 2600 ,
1927 2544 1981 2589 et

399 2643 606 2705 rogent,
639 2632 779 2703 quod
810 2631 944 2686 sciat
975 2629 1043 2684 ad
1074 2629 1381 2684 hortatores
1411 2643 1652 2697 magnam
1682 2625 1802 2680 inde
1831 2625 1978 2679 utili-

399 2737 562 2783 tatem
591 2727 884 2782 dimanare.
912 2723 1075 2778 Vides
1101 2731 1156 2777 ut
1185 2720 1614 2776 manifestissime
1642 2733 1705 2773 ac
1733 2717 1846 2773 sole
1874 2717 1983 2772 ela-

397 2820 509 2873 rius
531 2832 627 2888 per
651 2815 766 2871 haec
794 2814 1036 2884 exempla
1065 2812 1346 2868 ineﬂ‘abilis
1368 2811 1484 2882 ejus
1516 2809 1862 2880 providentia:
1884 2808 1982 2863 de-

397 2909 713 2966 monstratio
761 2906 1063 2964 elneescat?
1117 2905 1394 2975 Perpende
1442 2913 1640 2958 autem.
1670 2904 1878 2959 Patrem
1929 2904 1981 2958 in

402 3003 634 3058 medium
681 3001 920 3072 protulit,
959 3007 1205 3065 matrem,
1250 3013 1523 3068 sponsum,
1581 3012 1866 3066 sponsam,
1898 2997 1983 3050 di-

399 3096 645 3152 stantiam
695 3095 813 3150 οωιί
840 3102 895 3148 et
940 3101 1116 3158 terrm,
1165 3090 1501 3146 intervallum
1539 3090 1677 3160 quod
1717 3099 1800 3144 est
1843 3091 1983 3143 inter

396 3199 570 3244 ortum
599 3199 655 3243 et
689 3201 971 3252 occasum,
1003 3184 1314 3256 agricolam,
1347 3193 1399 3237 et
1448 3183 1653 3238 olerum
1685 3182 1944 3237 cultorem
1966 3224 1978 3244 ,

400 3282 771 3344 architectum,
807 3279 1126 3350 genitorem,
1154 3275 1527 3332 vehementem
1549 3286 1861 3339 amatorem,
1893 3276 1982 3344 qui

403 3373 662 3438 turbetur,
697 3372 741 3427 si
769 3370 852 3426 vel
880 3370 1040 3426 etiam
1067 3368 1230 3423 verbo
1260 3378 1414 3422 tenus
1440 3383 1584 3434 eum,
1614 3383 1772 3437 quem
1803 3377 1945 3422 amat
1965 3408 1978 3432 ,

399 3464 682 3520 oll‘enderit
711 3479 725 3522 :
754 3471 808 3517 ct
845 3475 1032 3516 omnes
1063 3459 1180 3514 illos
1211 3467 1413 3512 tantum
1441 3473 1690 3527 superare
1721 3458 1813 3512 Dei
1846 3458 1987 3511 boni-

402 3564 563 3612 tatem
593 3555 826 3610 ostendit
869 3553 950 3606 his
976 3551 1256 3617 omnibus,
1286 3559 1539 3620 quantum
1581 3549 1832 3604 malitiam
1861 3564 1983 3619 pro-

403 3650 540 3705 bitas
571 3649 752 3703 vincit.

476 3739 606 3794 Car.
650 3738 758 3793 VII.
802 3736 1177 3791 Demonstratio
1207 3735 1390 3790 divina:
1415 3734 1738 3804 providentia:
1757 3750 1818 3788 ea:
1842 3750 1984 3787 crea-

400 3831 543 3884 turis.
583 3859 654 3870 —-
691 3829 769 3883 Ac
794 3828 972 3898 probis
998 3827 1209 3897 quidem
1232 3837 1286 3881 et
1309 3825 1563 3880 modestis
1586 3865 1602 3889 ,
1626 3835 1683 3878 nt
1712 3824 1821 3878 dixi
1844 3866 1858 3889 ,
1888 3829 1987 3879 ista

402 3921 672 3976 sufﬁciunt
703 3936 718 3972 :
748 3918 844 3974 sed
887 3918 1136 3988 quoniant
1179 3915 1421 3971 nonnulli
1464 3923 1587 3970 sunt
1621 3915 1764 3980 lntei,
1796 3923 1987 3970 contu-

403 4028 600 4078 maces,
651 4009 962 4074 refractarii,
1011 4008 1157 4064 carni
1206 4007 1421 4072 addicti,
1473 4021 1571 4076 age
1619 4006 1701 4061 vel
1751 4023 1814 4060 ex
1863 4007 1989 4076 ipsis

404 4103 653 4172 operibus
673 4143 687 4164 ,
718 4111 971 4170 quantum
1003 4100 1054 4154 in
1084 4099 1237 4154 nobis
1265 4100 1426 4154 situm
1455 4097 1609 4153 fuerit
1628 4140 1642 4162 ,
1671 4099 1787 4168 ejus
1802 4099 1988 4168 provi-

407 4192 642 4246 dentiam
700 4191 1149 4244 demonstremus.
1191 4187 1320 4241 Nam
1365 4197 1526 4241 totam
1571 4186 1782 4256 quidem
1823 4188 1986 4254 illam,

405 4285 514 4338 imo
545 4298 612 4336 ne
654 4281 927 4335 minimam
955 4278 1168 4349 quidem
1195 4280 1312 4345 ejus
1344 4287 1546 4346 partem
1576 4278 1806 4348 aliquam
1835 4276 1991 4332 facile

406 4373 566 4428 fuerit
593 4370 920 4441 expressisse
962 4385 977 4422 :
1009 4368 1144 4423 adeo
1174 4369 1434 4422 immensa
1460 4377 1542 4422 est
1569 4377 1621 4422 et
1666 4367 1869 4422 inﬁnita
1891 4409 1905 4432 ,
1938 4378 1992 4423 et

407 4476 518 4521 tum
542 4479 605 4521 ex
631 4463 825 4534 parvis,
853 4471 962 4516 tum
992 4477 1057 4517 ex
1089 4461 1292 4530 magnis
1316 4461 1478 4514 rebus
1507 4461 1708 4526 elucet,
1740 4462 1850 4517 sive
1874 4479 1991 4533 qua:

403 4558 506 4615 sub
527 4556 712 4614 oculos
738 4553 934 4609 cadunt
955 4596 969 4618 ,
999 4554 1112 4607 sive
1139 4567 1259 4622 quae
1287 4550 1504 4606 minime
1533 4562 1839 4606 cernuntur.
1886 4552 1988 4609 Ve-

404 4662 700 4705 rumtamen
723 4663 786 4702 ex
817 4646 880 4700 iis
902 4660 1023 4716 quae
1052 4644 1151 4698 sub
1177 4643 1360 4697 oculos
1379 4642 1596 4708 cadunt,
1624 4643 1988 4712 probationem

405 4743 762 4795 instituamus.
826 4737 975 4792 Hanc
1017 4734 1158 4818 enim
1214 4732 1512 4788 mirabilem
1562 4734 1991 4803 concinnamque

405 4839 706 4886 creaturam
731 4837 946 4898 propter
963 4827 1124 4881 alimn
1143 4824 1350 4880 nullum
1373 4825 1630 4890 condidit,
1655 4825 1756 4879 nisi
1777 4835 1992 4894 propter

411 4935 495 4988 te;
518 4939 580 4978 ac
609 4932 716 4976 tam
746 4921 1018 4990 pulchram
1037 4928 1092 4974 et
1121 4933 1389 4988 magnam,
1423 4924 1529 4970 tam
1553 4920 1749 4971 variam
1776 4928 1830 4972 et
1872 4933 1994 4987 pre-

409 5017 618 5078 tiosam,
647 5027 710 5067 ac
736 5025 1048 5080 perennem,
1085 5010 1267 5065 utilem
1297 5052 1312 5077 ,
1353 5017 1409 5063 et
1435 5009 1581 5063 omni
1612 5024 1675 5063 ex
1707 5019 1855 5077 parte
1888 5008 1993 5062 fru-

402 5117 672 5169 ctuosam,
697 5110 752 5158 et
781 5101 848 5156 ad
868 5102 1111 5170 corporis
1128 5101 1575 5156 sustentationem
1597 5109 1652 5155 et
1677 5101 1994 5155 corrobora-

405 5197 630 5259 tionem,
662 5201 717 5246 et
744 5190 812 5246 ad
840 5191 1029 5245 animae
1055 5191 1482 5258 instructionem,
1511 5199 1565 5245 et
1586 5202 1760 5260 aptam
1774 5190 1840 5246 ad
1853 5191 1991 5245 viam

409 5283 750 5341 sternendam
804 5281 870 5335 ad
919 5281 1275 5352 cognitionem
1332 5281 1446 5349 Dei,
1494 5290 1581 5336 tua
1634 5282 1790 5336 unius
1835 5297 1994 5337 causa

411 5378 627 5432 creavit.
669 5376 850 5445 Neque
879 5375 1018 5428 enim
1051 5374 1222 5441 angeli
1254 5375 1556 5444 indigebant
1584 5375 1704 5429 illa:
1730 5377 1996 5443 quomodo

413 5468 555 5521 enim
608 5467 938 5536 indigerent,
983 5465 1070 5534 qui
1111 5465 1411 5533 priusquam
1459 5467 1688 5521 oriretur
1729 5470 1859 5536 ipsa,
1884 5468 1992 5536 jam

415 5562 606 5615 erant?
637 5559 764 5613 lllos
789 5559 931 5612 enim
979 5559 1078 5609 ista
1120 5556 1288 5611 multo
1330 5558 1653 5626 antiquiores
1701 5573 1841 5625 esse,
1873 5559 1995 5614 andi

411 5662 513 5711 quo
542 5657 698 5717 pacto
725 5648 900 5703 verbis
923 5648 1023 5700 illis
1049 5647 1298 5701 ostendat
1325 5648 1482 5710 Dens,
1503 5649 1696 5717 quibus
1719 5651 1786 5703 ita
1804 5650 1995 5706 Jobnm

404 5735 693 5804 ailoqnitur
748 5753 764 5788 ι
823 5735 1040 5803 Quando
1094 5735 1228 5801 facta
1264 5748 1377 5791 sunt
1423 5737 1623 5809 sidera,
1669 5739 1999 5797 laudauerunt

1111 333 1164 384 S.
1221 329 1495 387 J0.\NNlS
1533 323 2003 383 CllllYSOSTOMl
2044 325 2356 382 ABCHIEP.
2401 328 2928 384 CONsTANTlNOP.

3595 330 3702 388 δεῖ

2069 459 2146 494 me
2184 460 2352 496 onmes
2377 445 2540 514 angeli
2570 445 2684 508 mei,
2725 455 2771 498 et
2811 460 2926 496 voce
2969 461 3152 514 magna
3196 442 3524 498 cecinerunt
3580 446 3704 514 (Job

2065 535 2153 590 58.
2185 535 2240 603 7)
2276 553 2288 588 :
2319 535 2418 588 hoc
2444 545 2522 589 est
2545 536 3286 603 obstupefactimultitudine,
3321 536 3697 606 pulchritudi-

2067 641 2155 689 ne,
2207 627 2330 686 situ,
2365 627 2612 688 utilitate,
2655 627 2929 692 varietate,
2965 629 3316 692 ammnitate,
3368 628 3701 696 splendore,

2066 713 2449 782 concinnitate,
2480 716 2690 770 caneris
2717 716 2984 780 omnibus,
3015 732 3133 786 qua:
3172 717 3354 786 longe
3389 717 3597 771 melius
3633 719 3702 771 illi

2067 823 2224 877 quam
2255 824 2352 862 nos
2393 808 2739 878 perspiciunt.
2783 807 2967 878 Neque
3001 824 3129 863 vero
3156 801 3458 863 sideribus
3491 818 3703 862 tantum

2067 901 2363 964 exornavit,
2395 900 2486 955 sed
2509 911 2560 955 et
2584 900 2696 955 sole
2724 909 2778 956 et
2797 900 2918 954 luna
2946 901 3242 964 decoravit,
3273 909 3533 968 utroque
3566 908 3704 954 tem-

2070 1006 2197 1061 pore
2224 992 2441 1044 nmltam
2489 991 2581 1046 tibi
2628 991 2978 1060 voluptatem,
3034 992 3268 1046 multam
3324 1006 3401 1045 ex
3465 1001 3705 1060 utroque

2069 1083 2410 1150 suppeditans
2442 1083 2743 1138 utilitatem.

2146 1173 2350 1228 Utilitns
2383 1175 2736 1244 siderumque:
2759 1175 2822 1229 de
2857 1177 2980 1229 ctelo
3009 1191 3099 1229 nos
3128 1183 3342 1244 regunt.
3374 1173 3564 1228 Solem
3597 1175 3702 1227 uti-

2074 1261 2360 1331 litatemque
2395 1265 2502 1333 ejus
2548 1265 2904 1330 commendat;
2939 1265 3120 1318 deinde
3168 1265 3523 1334 singularum
3577 1280 3702 1333 par-

2075 1354 2198 1405 tium
2268 1365 2466 1408 natura:
2531 1353 2797 1408 utilitatem
2843 1357 3119 1426 generatim
3164 1355 3383 1410 laudat.
3426 1385 3508 1396 —
3561 1356 3700 1422 Quid

2074 1445 2205 1498 cmlo
2233 1444 2522 1513 pulchrius,
2547 1445 2685 1514 quod
2705 1460 2845 1500 nunc
2864 1463 2892 1498 a
2915 1446 3027 1500 sole
3050 1446 3291 1516 lunaque
3314 1446 3700 1508 collustratnr,

2078 1550 2219 1588 nunc
2262 1536 2423 1589 veluti
2467 1536 2778 1605 quibusdam
2807 1537 3084 1590 oculorum
3115 1537 3388 1606 jaetibus,
3429 1537 3700 1591 immenso

2076 1627 2308 1681 siderum
2329 1629 2573 1682 examine
2602 1638 2798 1682 terram
2830 1629 3109 1690 illuminat,
3133 1639 3187 1683 et
3211 1630 3411 1683 nautis
3433 1645 3501 1683 ac
3530 1631 3703 1683 viato-

2078 1721 2224 1775 ribus
2268 1720 2469 1775 indices
2511 1722 2609 1775 vim
2647 1720 2908 1791 quosdam
2949 1721 3219 1791 ducesque
3263 1721 3699 1775 subministrat?

2077 1811 2175 1878 Qui
2198 1811 2341 1866 enim
2373 1812 2595 1882 pelagus
2616 1813 2807 1878 sulcat,
2831 1823 2884 1867 et
2906 1813 2972 1866 ad
3005 1813 3212 1866 clavum
3241 1812 3440 1878 sedet,
3472 1814 3700 1866 incursi-

2080 1905 2178 1960 bus
2198 1905 2480 1970 ﬁuctumn,
2505 1914 2560 1959 et
2589 1905 2918 1960 turbatorum
2958 1904 3219 1959 undarum
3280 1905 3608 1967 insultibus,
3636 1920 3697 1957 ac

2079 1994 2312 2050 violento
2336 2003 2616 2048 ventorum
2645 1993 2868 2060 afﬁatui,
2902 1996 3178 2064 noctisque
3210 1995 3410 2050 illunis
3459 1995 3699 2049 tenebris

2080 2087 2314 2155 seipsum
2341 2087 2589 2156 exponit,
2618 2085 2753 2141 adeo
2781 2086 2923 2141 illius
2964 2086 3207 2156 regimini
3236 2085 3484 2141 confidit
3509 2095 3566 2140 et
3594 2085 3693 2139 du-

2080 2176 2188 2232 elui
2219 2194 2231 2229 :
2259 2184 2313 2231 et
2337 2175 2478 2246 quod
2505 2176 2556 2230 in
2581 2176 2793 2231 sublimi
2821 2176 2983 2231 situm
3007 2185 3090 2231 est
3109 2185 3349 2243 astrum,
3371 2177 3532 2230 illum
3553 2185 3698 2229 tanto

2081 2266 2324 2322 dissitum
2351 2267 2654 2332 intervallo,
2684 2267 2834 2337 quasi
2857 2267 3090 2322 vicinum
3123 2267 3192 2323 sit
3211 2276 3270 2322 et
3299 2269 3690 2338 propinquum,

2084 2359 2156 2414 ila
2181 2374 2368 2416 secure
2397 2359 2635 2426 deducit,
2667 2369 2720 2415 et
2745 2359 2812 2415 ad
2841 2369 3050 2430 portum
3080 2359 3348 2430 appellit,
3385 2375 3492 2414 nec
3521 2369 3693 2412 tamen

2084 2450 2247 2508 ullam
2275 2465 2463 2506 vocem
2519 2451 2696 2516 mittit,
2749 2451 2843 2506 sed
2893 2460 3178 2522 conspectu
3234 2467 3344 2507 suo
3392 2451 3538 2504 viam
3590 2449 3692 2504 illis

2083 2551 2365 2608 monstrat,
2393 2550 2446 2596 et
2467 2541 2570 2597 illis
2596 2542 2798 2608 tribuit,
2827 2551 2884 2596 ut
2914 2543 3078 2597 maria
3111 2551 3226 2597 tuto
3252 2543 3476 2612 possint
3501 2543 3690 2596 emeti-

2084 2632 2151 2696 ri,
2183 2631 2308 2686 dum
2336 2632 2440 2688 illis
2465 2641 2704 2702 tempora
2737 2632 3018 2702 designat,
3049 2633 3127 2688 sic
3169 2642 3229 2687 ut
3286 2648 3442 2687 nunc
3480 2630 3688 2700 quidem

2086 2723 2222 2777 intra
2254 2732 2464 2793 portum
2495 2723 2772 2779 retinenda
2800 2725 2870 2777 sit
2894 2724 3074 2790 navis,
3116 2739 3259 2778 nunc
3300 2733 3492 2778 autem
3523 2721 3576 2776 in
3604 2736 3690 2790 pe-

2087 2815 2233 2886 lagus
2253 2814 2586 2871 conﬁdenter
2606 2815 2901 2880 educenda,
2923 2825 2978 2870 et
3004 2831 3110 2869 non
3136 2813 3454 2883 improvide
3476 2819 3688 2882 prepter

2087 2907 2436 2977 ignorantiam
2482 2907 2646 2963 futuri
2701 2909 2753 2962 in
2804 2908 2946 2963 diem
2997 2907 3303 2962 incidentes
3353 2905 3683 2967 hiemalem,

2087 2999 2414 3070 naufragium
2443 3001 2727 3070 patiantur.
2768 2999 2950 3070 Neque
2966 3015 3093 3055 vero
3121 3009 3330 3055 tantum
3359 3002 3682 3069 integrorum

2086 3105 2347 3146 annorum
2369 3106 2646 3147 mensuras
2674 3101 2729 3146 et
2753 3100 3095 3162 tempestates
3124 3092 3212 3146 illa
3231 3091 3563 3162 designant,
3595 3089 3680 3144 sed

2087 3191 2142 3236 et
2166 3182 2426 3252 cujusque
2452 3184 2624 3238 noctis
2655 3183 2839 3236 horam
2871 3192 2926 3238 et
2947 3183 3370 3238 conversionem
3409 3182 3685 3250 diligenter

2089 3282 2508 3344 repraesentant,
2541 3285 2595 3329 et
2623 3274 2891 3342 efﬁciunt,
2922 3285 2977 3329 ut
3016 3290 3080 3329 ex
3112 3275 3226 3343 ipso
3249 3283 3478 3344 aSpectu
3512 3272 3678 3326 disca-

2091 3381 2230 3430 mus,
2280 3365 2491 3436 quando
2540 3366 2711 3434 major
2745 3366 2860 3435 ejus
2902 3380 3023 3435 pars
3075 3367 3426 3435 przeterierit,
3477 3361 3682 3433 quando

2089 3457 2264 3512 minor
2280 3456 2453 3512 adhuc
2483 3465 2670 3524 restet,
2695 3465 2752 3512 et
2780 3467 2961 3511 contra
2985 3472 3190 3523 rursus,
3207 3457 3356 3525 quod
3386 3471 3491 3511 non
3513 3453 3675 3509 Solum

2092 3549 2289 3616 nautis,
2317 3549 2411 3606 sed
2438 3550 2598 3604 etiam
2626 3549 2916 3604 viatoribus
2943 3549 3282 3604 commodum
3313 3559 3418 3611 est,
3437 3562 3505 3601 ne
3533 3556 3678 3599 nocte

2092 3642 2411 3710 intempesta
2464 3641 2602 3695 viam
2660 3641 3059 3711 ingrediantur,
3115 3657 3290 3712 neque
3344 3636 3674 3696 convenienti

2093 3742 2332 3802 tempore
2358 3732 2502 3787 domi
2533 3732 2824 3788 resideant.
2883 3731 2996 3788 Hoc
3023 3748 3126 3788 una
3156 3749 3276 3788 cum
3323 3733 3497 3788 stellis
3525 3729 3673 3786 etiam

2092 3838 2153 3876 ex
2186 3823 2327 3876 luna:
2353 3823 2598 3878 cursibus
2628 3833 2810 3878 notum
2855 3823 3142 3893 diligenter
3179 3824 3523 3879 observatur.
3549 3819 3670 3874 Nam

2093 3914 2538 3983 quemadmodum
2568 3917 2649 3972 Stll
2675 3917 2915 3985 diurnas,
2947 3918 3017 3972 ita
3053 3917 3178 3972 luna
3208 3927 3502 3972 nocturnas
3526 3913 3673 3968 horas

2091 4007 2292 4079 dirigit,
2310 4009 2547 4080 aliasque
2578 4009 2772 4065 multas
2793 4012 3052 4067 utilitates
3071 4011 3225 4080 parit,
3249 4019 3306 4065 et
3323 4019 3527 4080 gratam
3542 4003 3669 4060 aeris

2096 4102 2427 4171 temperiem,
2456 4110 2510 4156 et
2530 4104 2664 4157 roris
2687 4103 3112 4174 generationem,
3146 4111 3201 4156 ut
3229 4102 3448 4170 irrigata
3478 4095 3668 4153 semina

2092 4192 2428 4262 germinent,
2460 4207 2523 4247 ac
2547 4195 2709 4248 multa
2735 4209 2803 4248 ex
2833 4208 2891 4248 se
2919 4192 3198 4248 commoda
3224 4192 3289 4246 ad
3332 4189 3669 4247 corroboran-

2094 4281 2218 4337 dum
2244 4298 2412 4353 genus
2433 4283 2719 4339 humanum
2747 4284 3068 4355 suppeditat,
3089 4285 3323 4354 dumque
3345 4281 3518 4338 media
3541 4278 3667 4332 inter

2093 4372 2365 4428 stellarum
2414 4373 2656 4440 chorum,
2697 4387 2761 4431 et
2800 4376 2930 4430 solis
2969 4376 3310 4444 splendorem
3351 4371 3662 4441 interjacet:

2095 4461 2198 4518 hoc
2237 4462 2450 4533 quidem
2490 4465 2681 4530 minor,
2735 4465 2839 4520 illis
2881 4480 3012 4520 vero
3058 4465 3400 4534 praestantior
3452 4471 3564 4524 est,
3608 4469 3666 4509 ac

2095 4552 2260 4606 multo
2287 4553 2478 4623 major.
2519 4553 2700 4624 Neque
2724 4569 2853 4608 vero
2883 4554 3170 4610 mediocris
3213 4555 3451 4609 nascitur
3484 4566 3548 4606 ex
3586 4546 3660 4600 illa

2096 4643 2352 4698 varietate
2370 4646 2762 4714 spectatoribus
2791 4647 3040 4715 voluptas
3067 4657 3120 4701 et.
3150 4647 3349 4701 utilitas
3373 4688 3389 4713 ,
3415 4653 3472 4699 ut
3502 4651 3661 4709 neque

2096 4737 2325 4806 vulgaris
2351 4738 2702 4794 commoditas
2731 4756 2792 4792 ex
2825 4739 3154 4810 temporibus
3172 4782 3187 4805 ,
3219 4749 3274 4796 et
3301 4748 3525 4810 quatuor
3547 4728 3659 4785 anui

2099 4830 2502 4898 tempestatibus
2521 4872 2534 4894 ,
2570 4845 2664 4885 seu
2691 4847 3018 4899 mensuram,
3047 4848 3144 4888 seu
3174 4828 3582 4901 magnitudinem
3605 4834 3661 4875 ac

2097 4919 2409 4976 brevitatem
2431 4964 2446 4988 ,
2485 4921 2599 4977 sive
2629 4923 2889 4977 inﬁnitam
2925 4924 3292 4981 diversitatem
3335 4918 3656 4980 consideres:

2097 5013 2252 5066 aliam
2276 5014 2418 5068 enim
2447 5014 2707 5068 minorem
2730 5054 2746 5081 ,
2777 5015 2930 5069 aliam
2958 5015 3215 5084 majorem
3255 5030 3319 5069 ac
3359 5004 3657 5082 splendidio—

2099 5119 2210 5159 rem
2240 5113 2482 5174 spectare
2506 5106 2656 5173 licet,
2686 5115 2741 5160 et
2776 5106 3031 5176 quasdam
3063 5122 3126 5162 ex
3159 5107 3263 5161 illis
3288 5103 3504 5160 diversis
3535 5108 3655 5155 tem'

2100 5193 2315 5262 poribus
2357 5209 2635 5265 apparere.
2675 5196 2893 5251 Summa
2942 5195 3190 5250 nimirum
3230 5210 3293 5250 ac
3332 5186 3654 5250 solertissimtl

2103 5285 2193 5340 Dei
2222 5286 2480 5354 sapientia
2512 5287 2730 5340 multam
2771 5286 2964 5356 ubique
2991 5285 3299 5340 varietatem
3330 5279 3518 5344 efﬁcit,
3549 5285 3654 5326 cum

2103 5386 2157 5430 nt
2205 5378 2456 5445 potentiae
2498 5392 2609 5432 sua:
2650 5379 3027 5434 miraculorum
3081 5377 3364 5434 eﬂ'ectricis
3403 5369 3650 5442 specimen

2101 5469 2244 5534 edat,
2283 5479 2391 5523 tum
2419 5479 2477 5524 ut
2502 5486 2679 5525 rerum
2703 5487 2822 5542 quze
2852 5479 3147 5527 cernuntur
3171 5471 3360 5532 oculis,
3383 5456 3651 5522 cennmﬂdi'

2106 5562 2197 5613 tati
2245 5561 2546 5630 provideat,
2599 5578 2662 5618 ac
2706 5565 2925 5617 multam
2972 5565 3390 5632 immensamque
3441 5551 3649 5626 przebeat

2104 5650 2405 5715 utilitatem,
2429 5662 2485 5706 et
2528 5667 2650 5707 cum
2695 5652 2780 5708 his
2827 5653 3079 5709 omnibus
3126 5655 3286 5708 etiam
3337 5649 3646 5716 voluptatem.

2105 5740 2240 5806 Quid
2271 5743 2409 5797 cnim
2437 5743 2568 5798 caelo
2594 5743 2913 5814 jucundius,
2945 5744 3083 5815 quod
3135 5759 3274 5799 nunc
3301 5748 3531 5810 tanquam
3557 5725 3642 5784 lin-
