4002 6384
458 513 564 569 493

457 628 572 690 νοῦ,
599 625 694 679 νῦν
727 623 826 695 μὲν
856 624 931 687 ὼς
966 621 1199 685 σινδόνος
1223 622 1470 693 καθαρᾶς
1503 621 1596 675 καὶ
1617 619 1871 688 διαυγοῦς
1902 618 2042 688 ὑπὲρ

457 714 704 784 κεφαλῆς
729 712 1077 784 ἡπλωμένου,
1095 711 1191 765 νῦν
1217 711 1273 764 δὲ
1302 711 1378 774 ὼς
1412 709 1680 780 λειμῶνος
1708 706 2043 770 πολυανθοῦς

457 802 891 872 ποικιλλομένου,
939 801 1034 853 καὶ
1073 799 1164 853 τὸν
1209 797 1375 852 αὐτοῦ
1421 797 1702 867 φαίνοντος
1737 796 2042 864 στέφανον;

458 892 592 945 Οὐδὲ
619 891 727 961 γάρ
749 888 924 953 οὕτως
959 889 1060 960 ἡδὺ
1089 887 1334 960 λειμῶνα
1366 889 1494 942 ίδεῖν
1513 889 1571 940 ἐν
1606 887 1810 958 ἡμέρᾳ,
1839 884 1915 950 ὡς
1945 885 2043 956 ἡδὺ

458 979 550 1031 καὶ
576 977 804 1048 τερπνὸν
827 977 1055 1048 οὐρανὸν
1078 976 1208 1030 ἰδεῖν
1228 977 1286 1029 ἐν
1311 977 1468 1030 νυκτὶ
1493 973 1706 1046 μυρίοις
1727 973 1912 1027 ἀνθεσι
1929 975 2044 1037 τοῖς

455 1067 564 1120 τῶν
615 1067 862 1139 ἀστέρων
911 1066 1250 1137 πανταχόθεν
1299 1064 1743 1135 κατεστεμμένον
1767 1103 1782 1125 ,
1825 1062 2043 1117 ἄνθεσιν

455 1154 710 1208 οὐδέποτε
738 1154 1178 1226 μαραινομένοις,
1199 1153 1314 1207 ἀλλ’
1337 1151 1638 1224 ἀκραιφνὲς
1659 1151 1744 1204 ἀεὶ
1767 1150 1826 1204 τὸ
1845 1151 2044 1203 οἰκεῖον

455 1242 651 1305 κάλλος
686 1241 1170 1313 ἐπιδεικνυμένοις.
1202 1241 1267 1294 Τί
1313 1241 1370 1294 δέ
1404 1239 1567 1293 αὐτοῦ
1607 1239 1884 1310 ἡδύτερον,
1913 1238 2042 1290 ὅταν

454 1331 552 1400 τῆς
585 1329 780 1393 νυκτὸς
813 1327 1176 1398 ἀπελθούσης,
1207 1327 1302 1381 καὶ
1329 1327 1554 1398 μηδέπω
1585 1327 1682 1397 τῆς
1704 1328 1920 1388 ἀκτῖνος
1952 1326 2043 1377 ἀν-

459 1417 735 1486 ισχούσης,
772 1415 1022 1487 καθάπερ
1053 1415 1316 1486 κροκωτῷ
1347 1433 1452 1467 τινι
1483 1415 1672 1486 πέπλῳ
1711 1417 1825 1477 τοῖς
1857 1429 2042 1484 προοι-

460 1505 602 1574 μίοις
641 1506 742 1574 τῆς
783 1503 1050 1573 ἀνατολῆς
1079 1502 1172 1556 τοῦ
1208 1503 1358 1572 ἡλίου
1393 1503 1801 1573 φοινισσόμενος
1835 1501 2042 1555 καλλω-

457 1591 715 1663 πίξηταις
746 1593 798 1645 τί
829 1593 885 1646 δὲ
926 1591 1077 1662 ἡλίου
1124 1589 1321 1660 γένοιτ’
1368 1590 1434 1643 ἂν
1481 1591 1812 1662 ῶραιότερον
1862 1589 2044 1658 θέαμα

456 1680 766 1750 ἀνίσχοντος
798 1681 900 1734 ὐπὸ
929 1680 1026 1751 τὴν
1055 1680 1148 1744 έω,
1185 1682 1278 1736 καὶ
1311 1683 1485 1752 μικρᾷ
1525 1679 1716 1750 καιροῦ
1753 1679 1893 1748 ῥοπῇ
1937 1677 2042 1729 πᾶ-

457 1786 559 1822 σαν
591 1770 689 1839 μὲν
727 1769 851 1839 γῆν,
885 1771 1062 1823 πᾶσαν
1091 1769 1149 1823 δὲ
1197 1770 1497 1832 θάλασσαν,
1542 1771 1647 1823 πᾶν
1685 1771 1741 1822 δὲ
1783 1769 1909 1838 ὅρος
1948 1767 2042 1818 καὶ

455 1857 632 1920 νάπας
657 1857 750 1910 καὶ
777 1857 1018 1926 βουνοὺς,
1045 1859 1224 1912 πάντα
1256 1858 1314 1911 δέ
1344 1859 1573 1930 οὐρανὸν
1609 1862 1729 1922 ταῖς
1755 1859 1860 1910 τῶν
1886 1859 2042 1912 ἀκτί-

455 1963 561 1998 νων
595 1947 1043 2018 καταλάμποντος
1076 1948 1282 2018 βολαῖς,
1317 1949 1412 2001 καὶ
1442 1948 1545 2018 τῆς
1578 1949 1778 2011 νυκτὸς
1800 1948 1860 2000 τὸ
1887 1965 2043 2016 περι⁹

454 2032 667 2086 ϐόλαιον
708 2035 1186 2104 ἀπαμφιεννύντος
1232 2034 1340 2089 τῶν
1367 2034 1694 2106 ὁρωμένων,
1731 2035 1828 2088 καὶ
1860 2036 2044 2105 γυμνά

455 2121 633 2174 πάντα
673 2122 780 2192 πρὸ
811 2121 920 2176 τῶν
951 2121 1248 2194 ὀφθαλμῶν
1280 2121 1587 2186 δεικνύντος
1614 2124 1784 2192 ἡμῖν;
1821 2122 1946 2185 Πῶς
1976 2123 2042 2176 ἄν

452 2225 535 2271 τις
557 2209 724 2262 αὐτοῦ
750 2208 1055 2280 ἐκπλαγείη
1083 2211 1207 2274 τοὺς
1233 2210 1484 2280 δρόμους,
1507 2210 1606 2280 τὴν
1635 2207 1910 2274 εὐταξίαν,
1940 2210 2041 2282 τὴν

455 2298 513 2348 ἐν
543 2297 834 2370 τοσαύταις
860 2287 998 2351 ἐτῶν
1022 2298 1291 2369 περιόδοις
1313 2298 1735 2369 ἀπαράλλακτον
1756 2297 1851 2351 καὶ
1873 2299 1965 2352 ἀνε
1975 2316 2043 2368 μ-

457 2384 706 2437 πόδιστον
755 2384 1067 2450 διακονίαν,
1105 2385 1168 2437 τὸ
1214 2385 1411 2448 κάλλος
1455 2384 1623 2438 αὑτοῦ
1674 2385 1736 2439 τὸ
1777 2385 2042 2455 διηνεκῶς

455 2473 733 2542 ἀκμάζον,
763 2475 863 2542 τὴν
895 2473 1218 2543 λαμπηδόνα
1238 2513 1251 2535 ,
1285 2473 1385 2544 τὴν
1419 2473 1780 2545 φαιδρότητα,
1809 2472 1908 2544 τὴν
1941 2491 2042 2527 κατ

457 2560 754 2632 θαρότητα,
777 2560 876 2632 τὴν
901 2559 1176 2624 τοσούτοις
1200 2559 1499 2630 ὁμιλοῦσαν
1528 2559 1766 2632 σώμασι,
1800 2561 1894 2615 καὶ
1931 2579 2037 2632 μη-

454 2647 630 2720 δαμοῦ
656 2649 1060 2721 μολυνομένην;
1091 2649 1234 2721 Πρὸς
1261 2649 1320 2702 δέ
1347 2648 1578 2714 τούτοις,
1599 2649 1702 2719 τὴν
1723 2650 1912 2720 χρείαν
1941 2651 2039 2721 τὴν

454 2740 684 2807 ἄφατον,
721 2737 819 2808 τὴν
845 2739 902 2790 ἐν
925 2737 1227 2809 σπέρμασι,
1259 2737 1358 2808 τὴν
1393 2739 1452 2791 ἐν
1483 2740 1693 2806 φυτοῖς,
1715 2739 1808 2792 καὶ
1840 2740 1898 2791 ἐν
1931 2737 2038 2792 σώ-

457 2845 620 2896 μασιν
646 2825 970 2894 ἀνθρώπων,
995 2825 1363 2896 τετραπόδων,
1392 2825 1612 2896 ἰχθύων,
1630 2826 1828 2897 ἀέρων,
1851 2825 2037 2892 λίθων,

455 2914 716 2983 βοτανῶν,
757 2913 856 2984 τὴν
895 2915 953 2967 ἐν
979 2915 1072 2984 γῇ,
1113 2913 1213 2985 τὴν
1261 2913 1320 2967 ἐν
1345 2913 1612 2987 θαλάσσῃ,
1651 2913 1751 2986 τὴν
1798 2916 1856 2969 ἐν
1891 2915 2036 2987 ἀέρι,

453 3003 551 3072 τὴν
599 3003 658 3055 ἐν
705 3003 869 3055 πᾶσιν
915 3001 1101 3065 ἁπλῶς
1145 3003 1259 3066 τοῖς
1307 3001 1640 3073 όρωμένοις;
1690 3002 1877 3056 Πάντα
1928 3005 2040 3075 γὰρ

453 3090 617 3144 αὐτοῦ
651 3091 821 3144 δεῖται
860 3092 954 3144 καὶ
1004 3090 1270 3145 ἀπολαύει
1320 3091 1420 3161 τῆς
1451 3091 1663 3162 χρείας,
1706 3092 1800 3144 καὶ
1831 3093 2040 3164 ἀμείνω

457 3179 664 3246 γίνεται
693 3177 897 3248 ταύτης
930 3179 1249 3250 μετέχοντα,
1271 3178 1332 3232 οὐ
1356 3177 1588 3250 σώματα
1619 3179 1674 3232 δὲ
1709 3179 1893 3252 μόνον,
1921 3181 2040 3235 οὐδέ

456 3266 620 3334 φυτά,
649 3267 784 3320 ἀ)λά
833 3266 926 3320 καὶ
961 3266 1151 3330 ὐδατα,
1195 3269 1291 3320 καὶ
1323 3267 1532 3338 λίμναι,
1578 3267 1673 3322 καὶ
1716 3268 1914 3338 πηγαὶ,
1946 3270 2042 3322 καὶ

457 3354 717 3424 ποταμοὶ,
749 3355 842 3408 καὶ
877 3355 1016 3424 αὐτὴ
1047 3353 1141 3407 τοῦ
1175 3354 1339 3425 ἀέρος
1381 3357 1414 3426 ἡ
1460 3354 1623 3425 φύσις
1666 3354 2040 3428 λεπτυνομένη

457 3441 552 3495 καὶ
596 3440 968 3512 καθαιρομένη
1007 3441 1101 3494 καὶ
1137 3440 1472 3512 διειδεστέρα
1515 3441 1800 3512 γινομένη.
1843 3442 1944 3495 Διά
1977 3441 2040 3512 δὴ

458 3523 616 3578 τοῦτο
645 3525 736 3578 καὶ
767 3527 794 3578 ό
824 3525 1114 3596 ψαλμῳδὸς
1144 3526 1206 3578 τὸ
1229 3523 1426 3587 κάλλος
1453 3523 1620 3578 αὐτοῦ
1649 3521 2042 3595 παραδηλῶσαι

459 3609 818 3680 βουλόμενος,
858 3608 920 3662 τὸ
957 3607 1224 3679 διηνεκῶς
1260 3607 1518 3678 φαιδρὸν,
1555 3607 1654 3678 τὴν
1688 3607 2043 3678 ἀκμάζουσαν

457 3693 628 3765 ὥραν,
662 3693 724 3745 τὸ
761 3692 1032 3764 μηδέποτε
1065 3692 1355 3746 διαπῖπτον
1396 3692 1578 3755 ἀνθος,
1625 3690 1776 3764 [479]
1819 3693 1921 3764 τὴν
1947 3693 2043 3746 εὐ-

458 3778 729 3848 πρέπειαν
753 3819 767 3842 ,
804 3777 904 3846 τὴν
953 3775 1284 3847 εὐμορφίαν,
1316 3775 1417 3846 τὴν
1450 3775 1896 3843 ἀπαραπόδιστον
1928 3776 2046 3830 δια-

459 3861 664 3925 κονίαν,
692 3859 836 3914 οὐτω
867 3877 984 3923 πως
1032 3859 1249 3927 ἔλεγεν·
1295 3859 1400 3913 Ἐν
1444 3858 1526 3924 τῷ
1571 3859 1724 3927 ἡλίῳ
1763 3859 1934 3914 ἔθετο
1978 3859 2046 3913 τὸ

457 3944 749 4014 σκήνωμα
784 3944 992 4006 αὑτοῦ,
1029 3941 1174 3996 τοῦτ’
1203 3941 1372 4006 ἔστιν,
1408 3943 1468 3996 ἐν
1501 3943 1688 4007 αὐτοῖς
1725 3945 1839 4006 τοῖς
1879 3942 2047 4015 οὐρα-

459 4032 598 4093 νοῖςο
627 4029 807 4092 τοῦτο,
841 4029 1106 4099 σκήνωμα
1147 4025 1284 4080 Θεοῦ
1330 4026 1528 4095 λέγων,
1570 4027 1906 4082 αίνίττεται.·
1935 4027 2046 4084 Καὶ

459 4113 644 4178 αὐτὸς
670 4113 750 4178 ὡς
772 4112 1034 4181 νυμφίος
1069 4112 1550 4181 ἐκπορευόμενος
1573 4112 1643 4165 ἐκ
1667 4111 1907 4166 παστοῦ
1937 4112 2046 4165 αι’)-

461 4197 588 4251 τοῦ.
625 4193 760 4250 Εἶτα
780 4195 876 4250 καὶ
905 4195 967 4248 τὸ
1000 4193 1220 4248 εὔκολον
1246 4194 1346 4265 τῆς
1373 4193 1650 4258 διακονίας
1678 4194 1843 4250 αὐτοῦ
1870 4195 2048 4266 δηλῶν

462 4281 765 4349 ἐπήγαγεν,
819 4275 1268 4346 Ἀγαλλιὰσεται
1307 4278 1387 4344 ὡς
1421 4278 1592 4347 γίγας
1626 4277 1874 4348 δραμεῖν
1901 4277 2048 4332 ὁδὸν

461 4363 670 4419 αὐτοῦ.
704 4357 840 4416 Εἶτα
875 4360 938 4414 τὸ
964 4361 1186 4432 διαρκὲς
1215 4362 1311 4414 καὶ
1347 4361 1608 4432 ἀποχρῶν
1646 4364 1712 4432 τῇ
1753 4362 2047 4436 οἰκουμένῃ

463 4449 634 4520 πάσῃ,
683 4447 800 4502 Ἀπ’
841 4445 1031 4514 ἄκρου
1069 4446 1178 4500 τοῦ
1212 4446 1472 4513 οὐρανοῦ
1513 4446 1550 4514 ἠ
1582 4446 1795 4512 ἔξοδος
1837 4449 2045 4515 αὑτοῦ,

464 4535 560 4589 καί
589 4531 654 4586 τὸ
682 4530 1032 4599 κατάντημα
1054 4528 1242 4583 αὐτοῦ
1270 4529 1381 4596 ἕως
1413 4531 1602 4598 ἄκρου
1630 4530 1736 4585 τοῦ
1761 4531 2047 4598 οὐρανοῦ.

466 4613 598 4672 Εἶτα
628 4616 687 4669 τὸ
707 4616 842 4668 πᾶσι
865 4620 1138 4686 χρήσιμον
1158 4615 1252 4667 καὶ
1277 4613 1574 4683 ὠφέλιμον,
1599 4614 1710 4668 Καὶ
1737 4617 1848 4670 οὐκ
1877 4615 2052 4670 ἔστιν

464 4701 532 4766 ὃς
563 4699 1050 4768 ἁποκρυὸήσεται
1098 4695 1208 4765 τῆς
1247 4696 1471 4766 θέρμης
1517 4699 1727 4753 αὐτοῦ.
1777 4698 2046 4766 Ἔξεστιν,

464 4787 512 4837 εί
541 4782 616 4853 μὴ
637 4783 945 4852 ἀπέκαμες,
990 4781 1182 4853 μαθεῖν
1207 4781 1372 4836 αὐτοῦ
1394 4782 1491 4852 τὴν
1523 4782 1782 4854 πρόνοιαν
1807 4783 1901 4836 καὶ
1931 4785 2051 4838 ἐτέν

468 4868 643 4939 ρωθεν
667 4883 679 4895 ·
727 4867 836 4919 ἀπὸ
881 4867 989 4920 τῶν
1020 4868 1220 4936 νεφῶν,
1265 4867 1374 4921 ἀπὸ
1406 4866 1515 4920 τῶν
1553 4866 1714 4937 ὡρῶν
1737 4907 1751 4932 ,
1791 4866 1900 4921 ἀπὸ
1939 4868 2052 4922 τῶν

465 4949 702 5015 τροπῶν,
727 4949 834 5001 ἀπὸ
864 4949 969 5002 τῶν
993 4949 1231 5021 ἀνέμων,
1261 4949 1370 5004 ἀπὸ
1396 4950 1498 5020 τῆς
1527 4949 1804 5022 θαλάσσης
1825 4951 1922 5005 καὶ
1943 4951 2052 5005 τῶν

469 5040 526 5090 ἐν
549 5034 687 5104 αὐτῇ
710 5033 969 5087 ποικίλων
993 5034 1186 5102 γενῶν,
1203 5036 1314 5089 ἀπὸ
1333 5035 1430 5106 τῆς
1451 5035 1556 5107 γῆς
1586 5035 1679 5089 καὶ¹
1702 5035 1811 5089 τῶν
1832 5037 1890 5090 ἐν
1913 5037 2050 5106 αὐτῇ

465 5118 835 5190 τετραπόδων,
878 5117 1146 5188 ἑρπετῶν,
1182 5119 1402 5190 πτηνῶν
1435 5120 1544 5173 τῶν
1577 5121 1914 5194 ἀεροπόρων,
1943 5122 2053 5175 τῶν

467 5202 758 5274 χερσαίων,
782 5200 889 5254 ἀπὸ
914 5202 1022 5256 τῶν
1051 5204 1329 5274 ἀμφιϐίων
1357 5204 1467 5258 τῶν
1491 5209 1548 5260 ἐν
1571 5205 1788 5276 λίμναις
1821 5207 1915 5260 καὶ
1945 5223 2053 5276 πη-

466 5291 592 5356 γαῖς
627 5285 717 5342 καὶ
758 5289 1053 5355 ποταμοῖς,
1092 5289 1201 5342 ἀπὸ
1241 5289 1340 5360 τῆς
1392 5291 1758 5362 οἰκουμένης,
1799 5291 1909 5345 ἀπὸ
1955 5293 2053 5363 τῆς

467 5372 748 5440 ἀοικήτου,
793 5368 901 5422 ἀπὸ
946 5369 1056 5422 τῶν
1086 5371 1372 5441 φυομένων
1404 5374 1758 5444 σπερμάτων,
1797 5374 2052 5445 δένδρων.

470 5454 734 5523 βοτανῶν,
771 5452 955 5521 φυτῶν
983 5454 1039 5506 ἐν
1081 5457 1208 5517 ταῖς
1245 5456 1494 5528 ἐρήμοις,
1535 5459 1594 5510 ἐν
1623 5460 1745 5521 ταῖς
1782 5458 1883 5510 οὐκ
1926 5460 2056 5530 ἐρὴ-

474 5556 613 5604 μοις,
638 5538 746 5591 ἀπὸ
769 5537 878 5591 τῶν
909 5535 1314 5605 βλαστανόντων
1341 5541 1398 5592 ἐν
1429 5541 1652 5607 πεδίοις,
1679 5543 1738 5595 ἐν
1760 5541 2052 5612 φάραγξιν,

471 5621 528 5672 ἐν
561 5621 761 5690 ὄρεσιν,
789 5621 848 5673 ἐν
875 5622 1097 5686 νάπαις,
1124 5621 1232 5675 ἀπὸ
1253 5622 1363 5676 τῶν
1389 5625 1714 5695 αὐτομάτως
1744 5627 2054 5697 φυομένων,

472 5703 580 5754 ἀπὸ
620 5703 728 5756 τῶν
760 5707 898 5774 μετά
936 5705 1102 5760 πόνου
1134 5706 1230 5760 καὶ
1270 5709 1563 5778 γεωργίας,
1610 5711 1720 5764 ἀπὸ
1765 5710 1874 5764 τῶν
1903 5710 2058 5774 ζώων

474 5787 583 5838 τῶν
610 5789 851 5858 ἡμέρων,
883 5792 990 5845 τῶν
1012 5792 1325 5864 ἀνημέρων,
1351 5791 1460 5846 τῶν
1487 5793 1716 5864 ἀγρίων,
1747 5794 1858 5847 τῶν
1880 5808 2060 5866 χειρο-

475 5869 644 5939 ήθων,
679 5871 784 5926 τῶν
817 5875 1050 5944 μικρῶν,
1093 5876 1201 5930 τῶν
1243 5877 1518 5946 μεγάλων,
1556 5878 1667 5930 ἀπὸ
1703 5878 1812 5930 τῶν
1845 5879 1902 5931 ἐν
1955 5896 2062 5948 χει-

478 5951 642 6021 μῶνι,
680 5953 788 6010 τῶν
831 5958 890 6011 ἐν
925 5957 1093 6029 θέρει,
1131 5959 1239 6016 τῶν
1283 5962 1341 6015 ἐν
1384 5959 1688 6033 μετοπώρῳ
1720 5961 2060 6033 φαινομένων

1195 510 1249 564 S.
1287 505 1573 562 JOANMS
1609 499 2045 560 CHRYSOSTOB

2152 496 2458 553 ARCHIEP.
2509 491 3062 552 CONSTANTINOP.

3651 488 3743 545 491

2149 614 2380 685 ὀρνίθων
2407 613 2500 666 καὶ
2527 613 2898 682 τετραπόδων,
2926 609 3018 662 καὶ
3049 607 3269 677 ἰχθύων,
3297 604 3394 658 καὶ
3426 601 3632 672 φυτῶν,
3655 603 3743 655 καὶ

2152 697 2425 767 βοτανῶν,
2460 695 2570 748 ἀπὸ
2590 694 2698 747 τῶν
2743 696 2799 747 ἐν
2833 693 2992 746 νυκτὶ
3024 689 3324 759 γινομένων
3348 727 3362 750 ,
3402 686 3518 740 ἀπὺ
3547 685 3654 738 τῶν
3690 687 3744 740 ἐν

2149 779 2356 850 ἡμέρᾳ,
2380 779 2488 832 ἀπὸ
2510 780 2616 831 τῶν
2636 777 2830 838 ὑετῶν,
2851 775 2958 829 ἀπὸ
2981 773 3074 827 τοῦ
3103 773 3298 844 μέτρου
3319 769 3436 822 τῶν
3462 767 3742 834 ἐνιαυτῶν,

2149 861 2258 916 ἀπὸ
2285 861 2538 925 θανάτου,
2570 859 2680 913 ἀπὸ
2726 860 2871 928 ζωῆς
2893 899 2908 921 ,
2939 857 3048 910 ἀπὸ
3074 855 3169 910 τοῦ
3215 855 3380 907 πόνου
3421 852 3521 906 τοῦ
3554 869 3746 920 συγκε-

2150 943 2508 1016 κληρωμένου
2553 945 2708 1013 ἡμῖν,
2757 941 2866 996 ἀπὸ
2895 941 3154 1010 ἀθυμίας,
3188 938 3295 992 ἀπὸ
3330 937 3616 1001 ἀνέσεως,
3643 935 3744 990 ἀπὺ

2151 1029 2315 1082 σίτων
2351 1029 2445 1081 καὶ
2474 1026 2656 1080 ποτῶν
2686 1025 2795 1079 τῶν
2820 1024 3122 1094 δεδομένων
3150 1024 3304 1092 ἡμῖν,
3337 1021 3455 1075 ἀπὸ
3485 1021 3595 1074 τῶν
3626 1022 3744 1073 ἐπι.

2148 1111 2530 1183 τηδευμάτων,
2579 1109 2688 1163 ἀπὸ
2726 1107 2966 1179 τεχνῶν,
3009 1105 3120 1160 ἀπὸ
3148 1105 3358 1172 ξύλων,
3409 1105 3524 1158 ἀπὸ
3565 1103 3743 1167 λίθων,

2150 1196 2258 1249 ἀπὸ
2288 1195 2396 1248 τῶν
2429 1193 2571 1265 ὀρῶν
2609 1192 2718 1245 τῶν
2767 1188 3128 1263 μεταλλικῶν,
3157 1189 3266 1242 ἀπὺ
3295 1189 3399 1259 τῆς
3441 1187 3742 1258 πλεομένης

2150 1279 2440 1348 θαλάττης,
2474 1277 2583 1330 ἀπὸ
2615 1277 2714 1347 τῆς
2761 1274 3046 1338 ἀπλώτου,
3086 1271 3195 1326 ἀπὸ
3225 1270 3333 1325 τῶν
3367 1273 3590 1342 νήσων,
3643 1268 3746 1324 ἀπὺ

2147 1361 2256 1416 τῶν
2284 1363 2494 1433 ὅρμων,
2526 1360 2634 1416 ἀπὸ
2658 1359 2770 1412 τῶν
2791 1356 2996 1424 ἀκτῶν,
3034 1356 3144 1410 ἀπὸ
3170 1355 3270 1426 τῆς
3301 1355 3636 1424 ἐπιφανείας
3657 1351 3743 1407 τοῦ

2151 1446 2444 1513 πελάγους,
2485 1444 2595 1498 ἀπὸ
2633 1441 2728 1496 τοῦ
2764 1441 2963 1513 βάθους
2986 1439 3095 1493 τῶν
3122 1439 3351 1503 ὑδάτων,
3379 1438 3494 1492 ἀπὸ
3527 1437 3625 1508 τῆς
3655 1435 3744 1506 φύ-

2152 1547 2289 1594 σεως
2313 1530 2422 1582 τῶν
2457 1528 2758 1599 στοιχείων,
2786 1527 2878 1596 ἀφ’
2915 1519 2990 1578 ὧν
3021 1526 3050 1578 ὀ
3078 1523 3282 1594 κόσμος
3311 1523 3450 1593 ἡμῖν
3492 1521 3742 1589 συνέστη-

2149 1631 2266 1676 κεν,
2303 1613 2411 1666 ἀπδ
2446 1612 2544 1681 τῆς
2573 1608 2872 1675 διατάξεως
2898 1608 3007 1661 τῶν
3037 1605 3267 1678 καιρῶν,
3294 1605 3406 1659 ἀπὸ
3435 1605 3536 1675 τῆς
3559 1604 3740 1672 διαφο-

2152 1699 2252 1769 ρᾶς
2301 1697 2395 1750 τοῦ
2450 1696 2651 1768 μέτρου
2695 1695 2794 1766 τῆς
2831 1693 3048 1765 ἡμέρας
3093 1690 3314 1761 καὶτῆς
3367 1687 3604 1752 νυκτός,
3641 1685 3741 1740 ἀπὸ

2148 1781 2304 1833 νόσου
2338 1780 2430 1834 καὶ
2461 1780 2703 1848 ὑγιείας,
2739 1777 2848 1832 ἀπὸ
2886 1777 2997 1830 τῶν
3054 1774 3233 1848 μελῶν
3278 1773 3391 1827 τῶν
3427 1771 3737 1844 ἡμετέρων,

2149 1865 2256 1918 ἀπὸ
2281 1864 2380 1934 τῆς
2412 1861 2763 1931 κατασκευῆς
2800 1861 2894 1930 τῆς
2929 1859 3127 1930 ψυχῆς,
3151 1858 3258 1912 ἀπὸ
3284 1858 3399 1911 τῶν
3424 1854 3629 1926 τεχνῶν
3653 1853 3738 1906 καὶ

2147 1949 2247 2018 τῆς
2310 1946 2501 2017 σοφίας
2538 1947 2636 2016 τῆς
2683 1946 2742 1998 ἐν
2791 1944 2982 2006 αὐταῖς
3026 1941 3474 2013 παρασχεθείσης
3525 1938 3604 2008 τῷ
3638 1938 3738 1990 τῶν

2148 2031 2453 2101 ἀνθρώπων
2487 2029 2665 2097 γένει,
2702 2027 2811 2080 ἀπὸ
2843 2027 2944 2096 τῆς
2983 2027 3174 2098 χρείας
3211 2025 3322 2078 τῶν
3363 2020 3736 2095 ὑπηρετουμέ-

2147 2133 2252 2167 νων
2283 2116 2414 2183 ἡμῖν
2453 2112 2668 2179 ἀλόγων
2700 2112 2794 2164 καὶ
2826 2110 3012 2179 φυτῶν
3038 2111 3133 2164 καὶ
3166 2110 3373 2180 ἐτέρων
3404 2106 3732 2176 κτισμάτων,

2148 2197 2254 2252 ἀπὸ
2279 2196 2387 2250 τῶν
2413 2195 2758 2266 μικροτάτων
2787 2194 2882 2248 καὶ
2908 2194 3310 2248 εὐτελεστάτων
3339 2191 3519 2257 ζώων.
3542 2191 3585 2242 Τ
3592 2191 3606 2242 ί
3635 2189 3736 2257 γάρ

2151 2281 2408 2352 μελίττης
2448 2278 2786 2350 βραχύτερον
2819 2278 2915 2332 καὶ
2947 2278 3394 2350 είδεχθέστερονς
3428 2275 3484 2328 τί
3514 2274 3572 2328 δέ
3606 2289 3733 2345 μυρ-

2150 2365 2343 2434 μήκων
2376 2363 2471 2415 καὶ
2508 2362 2776 2430 τεττίγων
2823 2361 3242 2433 εὐτελέστερον;
3283 2361 3430 2414 Ἀλλ’
3466 2361 3615 2429 ὅμως
3650 2355 3733 2408 καὶ

2146 2443 2318 2495 ταῦτα
2362 2440 2627 2512 λαμπράν
2672 2441 2869 2512 ἀφίησι
2913 2441 3097 2512 φωνὴν
3141 2441 3285 2511 ὑπὲρ
3342 2443 3449 2512 τῆς
3486 2437 3580 2491 τοῦ
3608 2434 3730 2487 Θεοῦ

2147 2525 2403 2596 προνοίας
2435 2526 2531 2577 καὶ
2563 2523 2848 2595 δυνάμεως
2887 2526 2982 2580 καὶ
3019 2524 3229 2594 σοφίας.
3263 2523 3367 2577 Διά
3399 2520 3562 2576 τοῦτο
3595 2517 3681 2571 καὶ
3704 2519 3730 2568 ό

2147 2609 2458 2679 προφήτης,
2491 2609 2520 2661 ό
2563 2607 2820 2661 τοσούτου
2847 2607 3166 2679 Πνεύματος
3214 2607 3544 2678 ἠξιωμένος,
3574 2599 3729 2654 ἐπιὼν

2143 2693 2243 2763 τῆς
2283 2693 2512 2755 κτίσεως
2545 2691 2606 2745 τὸ
2661 2691 2854 2762 σῶμα,
2889 2691 2986 2746 καὶ
3037 2691 3195 2760 ὀλίγα
3244 2693 3388 2747 ἀττα
3435 2685 3725 2754 διεξελθὼν,

2145 2776 2410 2846 ἀνεϐόησε
2441 2776 2558 2846 μετ’
2580 2775 2896 2846 ἐκπλήξεως
2922 2774 3126 2847 πολλῆς
3148 2775 3246 2846 τὴν
3269 2773 3585 2846 θαυμασίαν
3605 2769 3726 2824 ἐκεί-

2145 2880 2242 2931 νην
2274 2862 2486 2932 φωνήν·
2532 2861 2630 2926 Ὠς
2657 2861 3037 2931 ἐμεψλύνθη
3070 2860 3144 2915 τὰ
3185 2859 3336 2930 ἔργα
3359 2873 3501 2924 σου,
3535 2851 3724 2924 Κύριοι

2145 2944 2344 2998 πάντα
2365 2945 2436 2996 ἐν
2459 2945 2649 3013 σοφίᾳ
2673 2943 2992 3011 ἐποίησας.

2218 3028 2327 3081 Καὶ
2348 3025 2520 3080 ταῦτα
2553 3027 2751 3093 πάντα,
2782 3026 3056 3098 ἄνθρωπε,
3081 3024 3169 3080 διὰ
3199 3025 3279 3079 σέ.
3313 3023 3471 3097 [480]
3499 3021 3604 3075 Καὶ
3628 3019 3724 3089 γὰρ

2148 3111 2240 3165 καὶ
2288 3111 2478 3180 ἀνεμοι
2529 3109 2616 3163 διά
2659 3109 2718 3163 σέ
2769 3110 2900 3180 (ἐπὶ
2947 3109 3059 3182 γὰρ
3088 3110 3190 3180 τὴν
3237 3107 3422 3180 ἀρχὴν
3457 3106 3547 3160 τὸν
3582 3103 3722 3168 λόγον

2147 3195 2491 3263 ἐπανάξομεν
2550 3195 2785 3265 πάλιν),
2838 3195 2928 3249 ἵνα
2968 3194 3036 3248 τά
3099 3192 3335 3266 σώματα
3397 3186 3722 3258 πεπονηκότα.

2149 3281 2458 3351 ριπίζωσιν,
2483 3278 2570 3332 ῖνα
2600 3279 2692 3332 τὸν
2725 3278 2835 3331 ἀπὺ
2872 3277 2967 3332 τοῦ
3010 3277 3274 3350 βορϐόρου
3317 3273 3609 3349 μολυσμὸν,
3641 3267 3721 3320 καὶ

2147 3363 2246 3434 τὴν
2296 3363 2589 3434 γινομένην
2621 3362 2903 3436 βαρύτητα
2948 3361 3058 3415 ἀπὺ
3101 3360 3197 3414 τοῦ
3239 3359 3456 3415 καπνοῦ
3492 3355 3581 3411 καὶ
3626 3351 3720 3403 τῶν

2149 3447 2397 3517 καμίνων
2440 3445 2535 3499 καὶ
2576 3446 2778 3517 ἐτέρων
2826 3444 3247 3515 ἀναθυμιάσεων
3290 3438 3716 3510 διακαθαίρωσιν.

2151 3531 2235 3583 ἵνα
2259 3529 2354 3600 τὴν
2375 3530 2439 3583 ἐκ
2464 3529 2566 3599 τῆς
2591 3529 2810 3591 ἀκτῖνος
2835 3527 3148 3600 θερμότητα
3175 3523 3624 3598 παραμυθῶνται,
3646 3517 3719 3568 ἵνα

2151 3613 2352 3683 κοῦφον
2377 3613 2574 3665 ποιῶσι
2595 3611 2656 3664 τὺ
2681 3615 2892 3681 πνῖγος,
2924 3612 3012 3665 ῖνα
3032 3612 3101 3666 τὰ
3129 3611 3421 3681 σπέρματα
3449 3604 3716 3678 τρέφωσιν,

2151 3699 2240 3751 ἵνα
2270 3698 2339 3750 τά
2368 3697 2512 3766 φυτά
2544 3694 2784 3761 αὐξωσιν
2805 3736 2820 3759 ,
2857 3695 2946 3749 ἴνα
2984 3713 3066 3748 σοι
3101 3695 3196 3748 καὶ
3238 3696 3296 3748 ἐν
3333 3691 3572 3760 θαλάσσῃ
3614 3700 3718 3738 συνο

2151 3781 2498 3852 οδοιπορῶσι,
2520 3780 2615 3833 καὶ
2643 3779 2702 3832 ὲν
2726 3781 2796 3850 γῇ
2825 3780 2925 3850 τῆς
2951 3777 3226 3850 γεωργίας
3251 3775 3522 3848 ὑπηρέται
3542 3769 3716 3852 γένῳνο

2151 3883 2274 3930 ται,
2313 3851 2432 3917 ἐκεῖ
2475 3864 2574 3934 μὲν
2609 3863 2796 3932 βέλους
2844 3861 3103 3934 ὀξύτερον
3145 3863 3216 3916 τά
3242 3861 3407 3916 πλοῖα
3446 3851 3713 3926 παραπέμ-

2154 3961 2382 4007 ποντες,
2427 3942 2572 3997 οὕτω
2605 3943 2694 3996 τὸν
2736 3942 2906 3995 πλοῦν
2949 3943 3154 4012 κοῦφον
3190 3942 3284 3996 καὶ
3327 3937 3540 4010 εὐμαρῆ
3569 3944 3716 3987 κατα·

2155 4028 2537 4093 σκευάζοντες,
2567 4025 2804 4081 ἐνταῦθα
2834 4026 2894 4081 δὲ
2929 4026 3068 4098 μετά
3101 4025 3196 4080 σοῦ
3226 4025 3330 4090 τὰς
3363 4025 3568 4082 ἀλωνας
3601 4017 3712 4068 dwa-

2153 4111 2536 4186 καθαίροντες,
2572 4111 2666 4164 καὶ
2693 4109 2762 4164 τά
2803 4111 2983 4182 ἄχυρα
3012 4109 3107 4164 τοῦ
3137 4109 3358 4180 καρποῦ
3388 4099 3712 4177 ,δωχωρὶξοψ

2151 4215 2265 4262 τες,
2295 4198 2389 4252 καὶ
2428 4196 2526 4268 τὴν
2557 4198 2624 4252 ἐκ
2665 4197 2768 4268 τῆς
2808 4196 3075 4267 ἐργασίας
3108 4195 3486 4266 ταλαιπωρίαν
3520 4191 3712 4242 ἐπικου-

2155 4279 2428 4352 φίζοντες,
2452 4282 2539 4335 ’ίνα
2570 4299 2650 4335 σοι
2675 4281 2766 4335 τὸν
2795 4279 2935 4352 ἀέρα
2958 4279 3160 4350 κοῦφον
3189 4279 3284 4333 καὶ
3313 4272 3552 4351 προσηνῆ
3571 4280 3711 4352 κατα-

2158 4366 2523 4432 σκευάσωσιν,
2565 4367 2653 4420 ἵνα
2687 4383 2746 4419 σε
2790 4347 2886 4419 καί
2915 4347 3183 4437 ἑτέρωθεν
3213 4347 3484 4436 τέρπωσι,
3514 4354 3600 4409 νῦν
3627 4347 3709 4437 μέν
3778 4370 3783 4374 ·

2156 4455 2332 4526 γλυκὺ
2367 4454 2460 4508 καὶ
2490 4453 2762 4527 προσηνὲς
2795 4435 3129 4524 συρίζοντες,
3151 4451 3248 4506 νῦν
3267 4451 3324 4505 δὲ
3346 4449 3521 4522 ἠρέμα
3549 4435 3707 4511 φυτοῖς

2159 4537 2589 4610 προσϐάλλοντες
2623 4537 2719 4590 καὶ
2754 4535 2965 4591 πέταλα
2991 4536 3224 4607 δένδρων
3255 4535 3504 4595 σείοντες,
3530 4528 3709 4614 hanc“

2154 4603 2244 4678 τόν
2281 4623 2448 4677 ὐπνον
2480 4623 2574 4676 καὶ
2599 4622 2791 4694 θέρους
2826 4623 2920 4676 καὶ
2958 4603 3126 4692 έαρος
3147 4619 3268 4690 ὥρᾳ
3301 4619 3434 4690 ἡδίω
3465 4612 3550 4666 καὶ
3579 4603 3706 4694 μέλι-

2152 4724 2244 4770 τος
2275 4705 2610 4776 γλυκύτερον
2649 4684 3142 4778 ἐργάσωνται,’ῖν’,
3182 4684 3335 4775 δάε,
3363 4701 3453 4785 ἐπι
3487 4684 3706 4785 τῶνδένῖ

2152 4791 2294 4863 δρων
2327 4788 2562 4853 ποιοῦσι,
2599 4788 2758 4842 τοῦτο
2791 4788 2884 4842 καὶ
2932 4788 3025 4843 ἐπ)⁵
3076 4787 3187 4842 τῶν
3223 4783 3517 4838 θαλαττίων
3550 4780 3705 4863 νώτων

2153 4846 2561 4945 ἐργαζόμενοι,
2590 4873 2682 4926 ἐπί
2713 4890 2774 4926 τε
2829 4872 2940 4927 τῶν
2998 4871 3280 4941 ποταμίων
3325 4865 3595 4937 ναμάτων,
3631 4846 3706 4945 ζιελ

2153 4961 2254 5030 τὴν
2288 4956 2612 5026 ἐπιφάνειαν
2644 4955 2825 5010 αὐτῶν
2851 4955 3298 5027 μετεωρίζοντες,
3326 4949 3516 5016 πολλήν
3544 4955 3614 5030 {ot
3635 4933 3705 5030 év:

2155 5011 2347 5094 £9593»;
2372 5011 2656 5113 παρέχωσι
2683 5041 2784 5110 τὴν
2824 5011 2934 5093 ἀπὸ
2965 5011 3062 5109 τῆς
3102 5011 3238 5102 θέας
3257 5011 3485 5113 τέρψιν,
3507 5023 3589 5079 καὶ

2154 5121 2256 5192 τῆς
2286 5096 2550 5190 caput)?
2569 5119 2625 5172 δὲ
2660 5096 2866 5190 ταύτης
2893 5119 2987 5172 καὶ
3020 5096 3291 5187 ῶφέλειάν
3325 5096 3588 5187 εὶὲγίστηνο
3614 5096 3702 5192 Κξῄ

2155 5191 2264 5276 γάρ
2295 5205 2387 5258 καὶ
2416 5206 2527 5267 τοῖς
2563 5203 2750 5258 ύδασιν
2787 5199 2934 5258 οὗτοι
2982 5203 3075 5256 καὶ
3110 5201 3286 5266 ἄλλως
3321 5191 3700 5276 χρήσιμοιηουκ

2156 5290 2406 5358 ἀφιέντες
2448 5287 2712 5358 διηνεκῶς
2760 5287 2972 5340 ἐστῶτα
3001 5286 3068 5340 τὰ
3095 5285 3263 5338 ὕδατα
3293 5266 3698 5358 κατασήπεσθαιέ

2156 5372 2294 5429 ἀλλά
2318 5371 2394 5442 τῷ
2423 5370 2661 5441 συνεχῶς
2691 5369 2830 5424 αὐτά
2859 5373 3030 5423 κινεῖν
3053 5371 3147 5423 καὶ
3177 5363 3539 5442 ἀναρριπίζειν
3560 5357 3698 5437 νεαξπ

2159 5457 2255 5509 καὶ
2291 5439 2612 5525 ἀκμάζοντα
2658 5453 3028 5518 καθιστῶντες
3047 5497 3061 5521 ,
3101 5454 3194 5506 καὶ
3225 5439 3360 5524 πρὸς
3389 5439 3586 5525 τροφὴν.
3613 5442 3698 5525 τωξ

2158 5541 2216 5593 ἐν
2248 5540 2433 5602 αὐτοῖς
2465 5537 2780 5608 νηχομένων
2811 5536 2967 5602 ζώων
3012 5538 3434 5608 ἐπιτηδειότερα,
3466 5527 3522 5582 Εἰ
3548 5508 3698 5616 δὲπιξξξ

2159 5623 2330 5692 αὐτὴν
2366 5597 2687 5692 βουληθείης
2744 5597 3209 5694 περιεργάζεσθάι
3246 5597 3365 5691 τὴν.
3393 5614 3564 5669 νύκτα.

2161 5707 2255 5759 καὶ
2287 5705 2536 5759 ἐντεῦθεν
2565 5705 2770 5777 πολλὴν
2803 5706 2898 5759 τοῦ
2931 5704 3166 5778 Ποιητοῦ
3194 5704 3292 5776 τὴν
3327 5697 3579 5778 πρόνοιαν.
3610 5678 3696 5778 Ιξὲ

2163 5791 2271 5861 γὰρ
2310 5789 2582 5844 ἀναπαύει
2620 5808 2701 5843 σοι
2723 5757 2784 5844 τὸ
2825 5788 2985 5860 σῶμα
3021 5757 3468 5859 τίεπονηίιδςνικαῖ
3494 5757 3692 5861 τὰ,¹’ξέλῗ

2167 5893 2249 5928 σοι
2293 5875 2721 5945 κατατεινόμενα
2765 5877 2877 5938 τοῖς
2911 5874 3300 5946 μεθημερινοῖς
3345 5848 3693 5951 πόνοιξάνίξῖξξ

2167 5959 2259 6013 και
2292 5957 2448 6031 χαλᾷ,
2477 5928 2760 6014 mam
2791 5928 2884 6014 καὶ
2904 5928 3048 6031 ἕπρδέ
3059 5928 3257 6029 ’ἀέμὴν
3279 5928 3368 6011 ἒςιά
3395 5949 3482 6017 τῆς
3503 5928 3690 6010 ἡσυχίας
