4002 6378
309 329 408 388 493

308 454 447 500 teum
475 440 746 514 quoddam
793 439 1049 496 mundum
1094 453 1156 494 ac
1205 439 1524 508 pellucidum
1552 454 1714 510 super
1741 447 1902 510 caput

309 544 549 588 nostrum
579 546 882 604 eXpansum
911 542 1011 598 est,
1037 547 1178 587 nunc
1205 542 1474 602 tamquam
1503 532 1724 588 ﬂoribus
1743 532 1909 588 refer-

311 635 420 679 tmn
457 640 514 681 ac
544 625 878 696 variegatum
901 625 1140 680 cernitur
1171 633 1382 695 pratum
1414 666 1430 692 ,
1463 640 1722 696 suamque
1756 639 1910 680 coro-

312 735 436 774 nam
466 719 746 775 ostentat?
771 717 960 789 Neque
986 719 1127 774 enim
1157 733 1311 788 teque
1331 718 1623 789 jucundum
1637 729 1720 772 est
1748 719 1909 772 inter-

311 810 399 867 diu
430 820 640 880 pratum
665 825 912 876 cernere,
944 824 1006 866 ac
1025 809 1318 881 jucundum
1346 819 1429 866 est
1457 819 1512 866 et
1534 825 1699 866 suave
1718 809 1908 865 caelum

315 903 378 959 de
405 911 564 958 nocte
587 912 857 974 spectare,
892 903 1188 958 innumeris
1217 903 1490 959 stellarum
1513 903 1733 959 ﬂoribus
1759 904 1910 958 undi-

278 995 284 1008 '
315 1010 417 1066 que
443 1004 781 1060 coronatum,
821 995 1042 1050 ﬂoribus
1074 997 1162 1067 qui
1195 1011 1486 1065 numquam
1531 1005 1906 1062 marcescunt,

312 1084 408 1140 st‘d
440 1083 667 1140 illmsam
698 1100 850 1140 suam
894 1084 1341 1156 pulchritudinem
1377 1101 1591 1155 semper
1617 1094 1907 1141 ostentant.

311 1177 452 1244 Quid
485 1177 578 1235 illo
615 1193 801 1232 rursus
841 1178 1162 1248 jucundius,
1199 1193 1320 1234 cum
1372 1187 1530 1234 nocte
1572 1177 1686 1248 jam
1737 1178 1908 1248 pulsa,

315 1269 550 1326 necdum
597 1279 776 1326 tamen
813 1272 1021 1325 oriente
1056 1271 1192 1338 sole,
1220 1271 1383 1326 veluti
1431 1285 1624 1324 croceo
1679 1268 1910 1338 quodam

315 1363 480 1432 peplo
505 1377 714 1417 aurorae
742 1361 1047 1433 primordiis
1070 1371 1417 1432 purpuratum
1440 1361 1700 1415 ornatur?
1726 1361 1909 1427 Quod-

317 1469 443 1506 nam
470 1468 634 1522 porro
667 1454 1030 1523 Spectaculum
1060 1453 1335 1524 pulchrius
1383 1454 1592 1508 oriente
1627 1454 1728 1509 sub
1753 1469 1912 1508 auro-

317 1561 435 1600 ram
468 1547 606 1613 sole,
634 1561 754 1601 cum
797 1562 960 1617 parvo
987 1547 1246 1617 temporis
1287 1556 1562 1603 momento
1592 1556 1787 1602 terram
1830 1556 1913 1600 to-

321 1648 454 1704 tam,
484 1647 658 1695 totum
685 1653 856 1706 mare,
899 1649 1114 1693 montes
1147 1653 1356 1702 omnes,
1385 1639 1570 1703 saltus,
1613 1649 1667 1693 et
1717 1638 1908 1703 colles,‘

319 1733 513 1785 caelum
543 1733 848 1787 universum
877 1731 1149 1786 radiorum
1167 1731 1535 1800 sparsionibus
1561 1730 1826 1793 illustrat,
1857 1740 1914 1785 et

319 1832 486 1876 exuto
541 1837 875 1894 excusanue
921 1837 950 1877 a
1002 1823 1182 1883 rebus,
1232 1838 1364 1893 quas
1419 1823 1588 1878 oculis
1618 1824 1909 1890 cernimus,

320 1920 520 1973 amictu
541 1920 730 1984 noctis,
749 1918 900 1976 nobis
917 1929 1038 1976 ante
1060 1921 1194 1976 oculi
1217 1935 1246 1978 ι
1265 1921 1442 1976 omnia
1466 1922 1601 1977 nuda
1623 1920 1914 1993 proponit?

320 2011 454 2078 Quis
484 2013 614 2065 satis
639 2011 865 2066 iniretur
887 2026 1076 2066 cursus
1101 2011 1217 2082 ejus
1243 2023 1448 2069 rectum
1475 2015 1740 2082 ordinem,
1773 2015 1914 2070 inter

322 2113 402 2158 tot
428 2119 690 2159 annorum
719 2105 975 2161 circuitus
1014 2104 1347 2162 immutabile
1376 2122 1439 2161 ac
1461 2123 1719 2178 nusquam
1749 2109 1914 2163 inter-

321 2209 541 2266 ruptum
571 2198 944 2264 ministerium,
973 2215 1188 2272 semper
1212 2201 1494 2256 ﬂorentem
1527 2201 1642 2271 ejus
1675 2202 1910 2272 pulchri-

325 2289 584 2350 tudinem,
601 2289 960 2360 splendorem,
988 2291 1176 2358 fulgor.
1195 2308 1266 2355 m,
1301 2293 1606 2363 puritatem,
1631 2309 1766 2364 quae,
1791 2294 1915 2350 licet

322 2395 444 2433 cum
463 2388 541 2434 tot
557 2381 867 2449 ecrporibus
887 2383 1457 2453 misceatur,nnsquam
1478 2393 1652 2439 tamen
1674 2387 1914 2454 inquina-

325 2469 440 2527 tur?
458 2473 550 2526 llis
576 2472 713 2530 adJe
747 2473 1024 2529 utilitatem
1067 2474 1380 2530 immen-am
1429 2476 1481 2530 in
1528 2477 1837 2541 seminibus,
1860 2477 1911 2532 in

324 2564 598 2632 plantis,in
613 2565 885 2620 hominum
899 2567 1436 2636 ctirpnrilms,quadru
1446 2568 1656 2636 pedum,
1666 2568 1907 2638 piscium,

324 2655 486 2720 actis,
517 2655 768 2726 lapidum,
798 2657 1078 2712 herbarum
1106 2659 1154 2711 in
1181 2664 1411 2723 terra,in
1433 2661 1584 2724 mari,
1615 2660 1668 2714 in
1691 2678 1834 2725 aere,
1863 2666 1913 2716 En

323 2745 576 2800 cautibus
602 2745 838 2812 demum,
869 2763 988 2817 qua:
1029 2749 1196 2802 oculis
1239 2764 1575 2818 usurpamus.
1610 2751 1665 2805 Si
1696 2753 1910 2821 quidem

325 2836 508 2891 omnia
543 2837 657 2906 ejus
681 2852 784 2907 ope
810 2838 1063 2908 indigent,
1105 2849 1159 2894 et
1195 2840 1240 2893 si
1291 2854 1352 2894 ea
1396 2839 1659 2904 fruantur,
1691 2843 1912 2898 meliora

325 2929 658 2982 redduntur:
687 2945 860 2999 neque
902 2930 1074 2985 solum
1101 2945 1344 3000 corpora,
1377 2947 1550 3000 neque
1578 2934 1788 3002 plantae,
1820 2935 1912 2988 sed

324 3032 484 3077 etiam
512 3037 684 3091 aqum,
717 3022 883 3090 lacus,
918 3022 1112 3088 fontes,
1145 3023 1384 3086 ﬂumina,
1418 3035 1473 3078 et
1511 3025 1652 3079 aeris
1682 3026 1790 3094 ipsa
1821 3042 1912 3080 na-

323 3135 460 3183 tura,
517 3130 636 3190 qua:
682 3115 944 3176 subtilior.
999 3116 1195 3184 purior,
1251 3131 1313 3171 ac
1363 3117 1675 3184 lellueidior
1711 3118 1910 3173 evadit.

324 3211 473 3268 lianc
496 3215 742 3267 nimirum
772 3206 842 3268 ob
867 3223 1084 3268 causam
1115 3215 1170 3261 et
1192 3218 1380 3262 auctor
1407 3208 1763 3276 Psalmorum,
1791 3225 1912 3265 cum

321 3304 440 3374 ejus
488 3304 929 3374 pulchritudinem
991 3300 1151 3360 vellet
1217 3302 1560 3378 exprimere,
1625 3318 1912 3377 perennem

319 3395 662 3464 splendorem
691 3435 707 3461 ,
747 3395 972 3450 formam
1013 3397 1292 3453 ﬂorentem
1329 3416 1393 3455 ac
1423 3401 1684 3466 vividam,
1724 3400 1914 3455 ﬂorem

321 3503 613 3557 numquam
630 3489 1254 3558 excidentem,ornatum,
1271 3492 1539 3558 dcenrem,
1560 3494 1911 3548 ministerium

322 3595 588 3650 nusquam
620 3585 994 3653 interruptum,
1037 3584 1108 3638 ita
1133 3583 1342 3640 dicebat
1373 3603 1384 3638 :
1415 3584 1481 3638 In
1515 3586 1619 3640 sole
1641 3587 1806 3656 posuit
1832 3597 1914 3639 ta-

323 3671 652 3726 bernaculum
679 3689 827 3727 suum
851 3673 1023 3734 (Psal.
1066 3676 1153 3730 18.
1183 3675 1261 3746 6),
1305 3675 1405 3730 hoc
1435 3684 1537 3738 est,
1571 3677 1624 3731 in
1653 3677 1782 3746 ipsis
1809 3692 1914 3732 ea:-

322 3763 433 3818 lis:
461 3762 564 3818 hoc
587 3763 904 3830 subindicat,
937 3765 1062 3820 dum
1109 3765 1508 3821 tabernaculum
1540 3768 1631 3822 Dei
1659 3767 1908 3838 apgieilat.

325 3854 395 3908 Et
442 3855 549 3924 ipse
576 3866 830 3926 tamquam
868 3874 1085 3926 sponsus
1125 3857 1399 3928 procedens
1445 3858 1508 3912 de
1547 3858 1770 3914 thalamo
1798 3877 1909 3915 suo.

325 3945 463 4000 Tum
491 3955 550 4000 ut
579 3945 884 4002 facilitatem
925 3949 1205 4002 ministerii
1252 3949 1390 4018 ejus,
1420 3957 1473 4003 et
1501 3949 1788 4019 agilitatem
1817 3965 1914 4005 ex-

327 4037 604 4107 primeret,
632 4037 835 4093 addidit
866 4059 879 4093 :
925 4037 1213 4095 Exsultabit
1251 4051 1304 4094 ut
1343 4042 1484 4111 gigas
1517 4042 1586 4094 ad
1613 4043 1913 4096 currendam

325 4130 460 4181 viam
480 4145 640 4182 suam.
666 4129 889 4198 Deinde,
911 4132 1177 4201 quomodo
1204 4132 1334 4187 satis
1357 4135 1424 4187 sit
1443 4145 1493 4188 et
1518 4133 1748 4189 sufficiat
1769 4135 1914 4192 solus

327 4222 579 4277 universo
600 4229 861 4278 terrarum
884 4224 1000 4278 orbi
1031 4241 1044 4277 :
1075 4226 1118 4277 Α
1146 4242 1342 4279 summo
1378 4227 1502 4279 creto
1528 4227 1746 4297 egressio
1778 4225 1910 4296 ejus,

323 4323 374 4368 et
422 4330 660 4368 occursus
688 4319 802 4385 ejus
837 4332 997 4385 usque
1037 4317 1106 4370 ad
1147 4334 1396 4370 summum
1423 4319 1536 4373 ειειὶ
1561 4318 1719 4388 (Ibid.
1753 4337 1801 4374 υ.
1830 4321 1913 4390 7).

327 4407 520 4462 Postea
564 4424 722 4477 quam
764 4409 833 4462 sit
874 4410 1118 4464 omnibus
1158 4410 1302 4464 utilis
1331 4421 1384 4466 et
1423 4411 1772 4467 commodus:
1805 4412 1915 4469 Nec

321 4509 400 4554 est
424 4501 510 4570 qui
533 4515 586 4553 se
611 4500 882 4554 abscondat
896 4517 926 4553 a
947 4501 1114 4555 calore
1137 4503 1263 4571 ejus.
1288 4501 1432 4556 Licet
1453 4502 1667 4558 aliunde
1681 4518 1910 4575 quoque,

323 4592 431 4646 nisi
473 4591 606 4648 forte
629 4593 739 4662 jam
769 4591 1008 4648 defessus
1037 4609 1114 4656 es,
1149 4593 1532 4662 providentiam
1574 4595 1688 4663 ejus
1717 4596 1912 4650 intelli~

319 4698 455 4752 gere
482 4700 497 4736 :
520 4699 584 4739 ex
621 4683 872 4750 nubibus,
899 4699 962 4740 ex
991 4694 1215 4755 quatuor
1242 4686 1367 4739 anui
1397 4686 1820 4754 tempestatibus,
1848 4702 1914 4740 ex

323 4773 591 4841 solstitiis,
618 4791 682 4832 ex
709 4778 904 4842 ventis,
950 4792 1014 4832 ex
1057 4777 1213 4844 mari,
1259 4793 1322 4832 ac
1361 4777 1586 4834 diversis
1629 4779 1914 4849 generibus

325 4865 576 4936 piscium,
620 4883 686 4922 ex
725 4877 886 4931 terra,
939 4878 992 4924 et
1037 4868 1487 4938 quadrupedibus,
1529 4883 1593 4926 ac
1637 4870 1916 4940 reptilibus

320 4957 688 5014 animantibus
713 4974 832 5029 quae
859 4959 911 5013 in
939 4960 1050 5028 ipsa
1078 4969 1371 5025 versantur,
1400 4975 1464 5015 ex
1493 4961 1794 5018 volucribus
1822 4962 1914 5032 qui

323 5051 385 5103 in
411 5063 537 5104 aere
560 5050 803 5115 volitant,
833 5066 898 5106 ex
921 5053 1280 5118 terrestribus,
1311 5053 1375 5107 iis
1390 5070 1509 5125 qua:
1530 5057 1814 5126 ancipitem
1840 5057 1916 5111 vi-

325 5151 438 5196 tam
465 5141 664 5198 habent
691 5144 743 5198 in
774 5143 1012 5208 lacubus.
1042 5146 1092 5199 in
1132 5145 1364 5202 fontibus
1401 5157 1454 5202 et
1493 5147 1818 5214 ﬂuminibus,
1849 5166 1916 5204 ex

326 5232 605 5290 hahitabili
636 5242 801 5300 terra,
828 5250 894 5290 ex
917 5237 1243 5291 inhabitabili
1271 5249 1324 5291 et
1365 5239 1582 5300 inculta.
1607 5255 1670 5294 ex
1702 5241 1917 5296 semini-

330 5325 434 5379 bus
459 5341 577 5395 qua:
605 5337 890 5382 nascuntur
914 5343 977 5383 ex
1001 5345 1084 5397 ea,
1112 5345 1177 5386 ex
1205 5331 1500 5396 arboribus,
1534 5331 1733 5399 herbis,
1765 5333 1917 5403 plau-

328 5416 419 5481 tis,
439 5432 570 5490 qua:
598 5418 650 5472 in
688 5418 916 5475 desertis
949 5432 1005 5476 et
1049 5437 1153 5476 non
1182 5421 1408 5477 desertis
1453 5423 1583 5478 locis
1632 5425 1914 5495 pullulant,

323 5521 452 5578 qua:
479 5509 531 5562 in
559 5510 764 5580 eampis
801 5513 1119 5579 geminant,
1164 5513 1215 5566 in
1261 5514 1503 5577 vallibus,
1543 5517 1594 5570 in
1628 5518 1913 5581 montibus,

328 5599 390 5654 in
417 5601 664 5668 collibus,
695 5617 761 5658 ex
803 5603 870 5657 iis
896 5619 1014 5673 qua:
1041 5615 1232 5674 sponte
1277 5615 1585 5671 nascuntur,
1618 5622 1685 5661 ex
1717 5609 1780 5663 iis
1800 5624 1917 5677 quae

330 5704 456 5743 cum
483 5691 817 5761 agricultura:
843 5693 1046 5760 labore,
1075 5711 1139 5750 ex
1179 5696 1444 5750 cicuribus
1473 5699 1813 5764 animalibus,
1853 5715 1918 5753 ex

334 5778 484 5850 feris,
510 5794 564 5842 et
597 5799 661 5841 es
707 5784 1076 5855 sylvestribus,
1109 5788 1417 5856 mansuetis,
1459 5788 1654 5859 parvis,
1686 5790 1908 5861 magnis,

1127 325 1217 380 AD
1259 325 1384 382 eos
1422 325 1534 394 ρυι
1575 322 2068 380 somn-sumi
2105 321 2299 379 suxr.
2345 323 2472 380 LIB.
2515 323 2716 381 UNUS.
2771 289 2789 302 “

3512 328 3614 387 493

2018 451 2084 492 ex
2113 436 2177 492 iis
2204 437 2392 494 avibus
2417 454 2536 508 quae
2566 439 2790 494 hiberno
2817 446 3075 508 tempore,
3102 453 3221 510 qua:
3251 438 3460 508 mstivo,
3488 456 3610 510 qute

2011 530 2300 584 autumnali
2330 541 2607 600 apparent,
2635 540 2689 584 et
2735 531 3204 600 quadrupedibus,
3253 541 3308 584 et
3354 531 3606 600 piscibus,

2011 629 2065 676 et
2090 623 2283 692 plantis
2303 633 2357 677 et
2383 623 2586 689 herbis,
2617 639 2682 678 ex
2725 624 2788 679 iis
2813 639 2933 694 quae
2962 625 3014 677 in
3045 633 3200 678 nocte
3229 622 3382 689 fiunt,
3411 639 3531 696 quae
3557 625 3609 678 in

2013 713 2117 778 die,
2151 729 2217 769 ex
2258 716 2470 784 pluviis,
2498 725 2552 770 et
2595 729 2858 770 annorum
2905 730 3176 780 mensura,
3207 730 3273 770 ex
3320 727 3510 781 morte,
3543 729 3610 772 ex

2012 809 2142 873 vita,
2170 824 2235 864 ex
2263 809 2445 864 labore
2473 810 2558 864 cui
2597 824 2781 864 sumus
2810 808 3024 872 addicti,
3057 823 3122 863 ex
3154 808 3389 870 tristitia,
3422 823 3486 863 ex
3517 822 3610 861 vo-

2015 901 2238 972 luptate,
2262 917 2326 956 ex
2352 902 2484 958 cibis
2507 911 2563 958 et
2581 902 2794 973 potibus
2821 903 2910 972 qui
2953 902 3106 957 nobis
3125 902 3234 956 dati
3263 912 3406 965 sunt,
3437 918 3502 957 ex
3531 903 3613 956 in-

2014 995 2238 1061 stitutis,
2271 1009 2337 1050 ex
2363 995 2587 1062 artibus,
2615 1010 2682 1051 ex
2711 995 2888 1066 lignis,
2917 1010 2982 1050 ex
3006 993 3287 1064 lapidibus,
3315 1008 3383 1050 ex
3410 995 3609 1048 monti-

2015 1085 2114 1141 bus
2157 1086 2473 1150 metallicis,
2519 1101 2587 1142 ex
2626 1090 2758 1141 mari
2799 1085 2940 1157 quod
2980 1085 3215 1157 navigari
3253 1086 3406 1150 solet,
3437 1101 3500 1140 ex
3543 1101 3611 1140 eo

2015 1178 2156 1248 quod
2200 1194 2305 1232 non
2337 1188 2419 1234 est
2458 1179 2776 1250 navigabile,
2810 1194 2877 1234 ex
2907 1179 3115 1247 insulis,
3145 1194 3211 1235 ex
3235 1179 3516 1250 portubus,
3543 1193 3607 1234 ex

2017 1272 2280 1338 litoribus,
2313 1288 2376 1327 ex
2401 1274 2683 1343 superﬁcie
2708 1272 2903 1342 pelagi,
2932 1287 2999 1327 ex
3034 1286 3290 1342 aquarum
3323 1269 3608 1341 profundo,

2015 1379 2086 1417 ex
2112 1363 2498 1421 elementorum
2547 1372 2756 1432 natura,
2798 1378 2864 1418 ex
2912 1361 3106 1434 quibus
3144 1361 3303 1418 nobis
3351 1359 3611 1417 conﬂatus

2017 1464 2098 1509 est
2129 1453 2376 1519 mundus,
2418 1471 2482 1509 ex
2527 1465 2825 1524 temporum
2865 1453 3236 1524 dispositione,
3277 1468 3342 1508 ex
3385 1451 3611 1506 diversis

2015 1545 2122 1602 diei
2166 1546 2441 1617 noctisque
2495 1546 2780 1612 mensuris,
2823 1561 2894 1602 ex
2940 1546 3133 1600 morbo
3160 1552 3216 1601 et
3264 1544 3509 1610 sanitate,
3545 1557 3610 1598 ex

2015 1637 2274 1694 membris
2301 1638 2517 1702 nostris,
2545 1653 2609 1692 ex
2641 1636 3026 1692 constitutione
3055 1637 3270 1702 animae,
3293 1651 3359 1690 ex
3389 1634 3609 1700 artibus,

2015 1744 2080 1783 ex
2107 1729 2365 1797 sapientia
2393 1744 2548 1798 quam
2585 1728 2720 1782 Deus
2765 1729 2817 1782 in
2861 1728 2970 1782 illis
3007 1727 3190 1798 generi
3232 1726 3467 1781 humano
3501 1724 3612 1778 lar-

2016 1824 2156 1893 gitus
2185 1833 2287 1887 est,
2318 1837 2384 1876 ex
2427 1821 2649 1876 utilitate
2697 1821 2997 1884 brutorutn,
3040 1819 3362 1889 plantarum,
3393 1825 3613 1872 caetera-

2018 1931 2242 1987 rumque
2269 1925 2634 1971 creaturarum
2663 1929 2783 1985 qua:
2814 1912 2970 1968 nobis
3013 1911 3328 1973 inserviunt,
3361 1925 3424 1964 ex
3454 1909 3612 1964 mini-

2017 2013 2120 2066 mis
2145 2020 2197 2066 et
2221 2009 2496 2064 vilissimis
2538 2007 2876 2062 animalibus.
2917 2004 3054 2072 Quid
3081 2004 3224 2060 enim
3252 2002 3494 2068 brevius,
3523 2009 3615 2056 aut

2016 2104 2314 2160 deformius
2333 2102 2472 2172 ape?
2501 2101 2625 2172 quid
2660 2116 2820 2170 porro
2849 2099 3086 2152 formicis
3109 2104 3166 2152 et
3189 2095 3388 2151 cicadis
3413 2093 3613 2148 vilius?

2019 2199 2400 2255 Verumtamen
2424 2195 2538 2249 haec
2555 2208 2766 2265 quoque
2787 2193 2984 2247 claram
3007 2205 3189 2245 vocem
3213 2187 3482 2252 emittunt,
3509 2200 3615 2256 qua

2019 2290 2114 2346 Dei
2140 2288 2550 2360 providentiam,
2574 2287 2845 2352 virtutem,
2870 2282 3297 2354 sapientiamque
3320 2287 3611 2334 testentur.

2018 2383 2186 2450 Quam
2217 2382 2288 2437 ob
2312 2395 2526 2436 causam
2571 2379 2732 2435 etiam
2772 2375 3056 2448 propheta,
3101 2373 3191 2444 qui
3232 2380 3383 2427 tanto
3415 2368 3618 2440 Spiritu

2018 2475 2244 2530 donatus
2273 2482 2390 2530 erat
2417 2515 2432 2536 ,
2475 2479 2734 2528 creaturae
2761 2484 2959 2540 corpus
2999 2479 3319 2538 percurrens
3347 2505 3362 2530 ,
3399 2469 3456 2518 et
3491 2476 3614 2517 cum

2019 2581 2185 2636 pauca
2215 2564 2457 2636 quzedam
2500 2563 2783 2633 attigisset,
2811 2575 3006 2632 magno
3028 2573 3148 2615 cum
3191 2565 3409 2627 stupore
3437 2553 3616 2610 exclav

2019 2656 2200 2721 mavit,
2227 2665 2280 2712 et
2305 2654 2601 2710 mirabilem
2630 2653 2775 2708 illam
2797 2665 2983 2708 vocem
3011 2650 3188 2706 misit:
3215 2647 3382 2714 Quam
3404 2644 3607 2716 magni-

2019 2751 2170 2818 ﬁcata
2191 2757 2308 2802 sunt
2331 2762 2485 2813 Opera
2529 2754 2638 2811 tua,
2678 2742 2946 2799 Domine!
2973 2741 3144 2797 omnia
3187 2740 3241 2794 in
3270 2737 3520 2809 sapientia
3543 2737 3618 2807 {e-

2020 2843 2130 2898 ciin
2185 2841 2357 2911 (Psal.
2389 2839 2512 2904 105,

2093 2933 2244 3004 Speci
2262 2933 2367 2986 uim
2389 2933 2451 2985 de
2479 2941 2737 2984 ventorum
2767 2937 2813 2984 et
2837 2927 2998 2984 noctis
3021 2925 3240 2982 utilitate
3265 2924 3506 2995 loquitur.
3541 2949 3612 2963 —

2021 3027 2194 3096 Atque
2223 3027 2336 3079 haec
2375 3025 2554 3077 omnia
2579 3031 2797 3093 propter
2824 3032 2896 3087 te,
2933 3035 2969 3075 o
3007 3019 3192 3074 homo.
3235 3016 3368 3073 Nam
3393 3025 3448 3070 et
3470 3015 3614 3068 venti

2019 3128 2236 3190 pmpter
2263 3126 2314 3171 te
2353 3116 2560 3187 (rursus
2601 3115 2744 3171 enim
2789 3114 2853 3168 ad
2899 3111 3218 3184 principium
3257 3123 3414 3164 suum
3443 3108 3614 3162 oratio

2019 3207 2376 3281 revolvetur),
2419 3219 2478 3264 ut
2513 3207 2721 3265 defessa
2767 3221 2994 3276 corpora
3023 3204 3149 3260 ﬂatu
3193 3200 3528 3267 diventilent,
3559 3207 3613 3254 ut

2019 3317 2320 3362 contmctas
2354 3322 2418 3361 ex
2463 3306 2576 3360 luto
2614 3303 2832 3368 sordes,
2882 3311 2937 3358 et
2980 3300 3277 3356 molestiam
3321 3305 3494 3350 ortam
3546 3309 3614 3349 ex

2021 3399 2147 3453 fumi
2177 3409 2230 3452 et
2259 3398 2588 3452 caminorum
2625 3396 2956 3463 aliarumque
2983 3407 3163 3446 rerum
3188 3386 3613 3444 exhalationibus

2017 3491 2349 3562 abstergant,
2395 3498 2452 3545 ut
2502 3488 2735 3546 calorem
2787 3487 2916 3542 solis
2961 3485 3223 3555 mitigent,
3261 3492 3314 3536 ut
3355 3481 3611 3536 leviorem

2019 3600 2208 3644 aestum
2263 3579 2504 3646 reddant,
2547 3588 2606 3636 ut
2647 3577 2850 3634 semina
2895 3578 3152 3640 nutriant,
3185 3585 3242 3627 ut
3281 3572 3488 3643 plantas
3513 3586 3612 3625 au-

2017 3690 2195 3751 geant,
2227 3690 2281 3734 ut
2309 3689 2360 3734 te
2390 3673 2443 3732 in
2472 3671 2604 3730 mari
2625 3669 2964 3732 comitentur,
2994 3675 3049 3722 et
3076 3667 3128 3720 in
3152 3675 3290 3720 terra
3317 3664 3445 3717 ﬂant
3469 3661 3611 3732 agri-

2018 3772 2238 3826 culturae
2281 3769 2601 3835 administri,
2655 3761 2781 3818 dum
2831 3758 2940 3814 illic
2976 3756 3190 3827 quidem
3226 3769 3387 3809 naves
3423 3752 3611 3822 sagitta

2019 3863 2256 3918 velocius
2297 3861 2594 3931 impellunt,
2623 3859 2758 3915 adeo
2796 3850 3004 3913 facilem
3025 3862 3365 3929 pronamque
3395 3845 3611 3918 naviga-

2025 3955 2224 4008 tionem
2253 3953 2502 4016 reddunt,
2532 3951 2618 4006 hic
2644 3965 2772 4006 vero
2810 3959 2987 4005 tecum
3027 3961 3180 4002 areas
3215 3949 3529 4013 expurgant,
3557 3947 3612 3995 et

2021 4047 2201 4116 paleas
2228 4061 2256 4099 a
2280 4047 2448 4098 fructu
2471 4052 2738 4114 separant,
2766 4057 2829 4097 ac
2850 4040 3122 4096 molesﬂas
3157 4052 3376 4112 operum
3407 4035 3606 4098 levant,

2020 4147 2078 4192 ut
2103 4136 2276 4193 levem
2315 4137 2406 4192 tibi
2439 4136 2720 4206 leuemque
2746 4148 2923 4189 aerem
2955 4131 3199 4198 reddant,
3228 4138 3285 4184 at
3312 4137 3366 4184 et
3394 4125 3608 4182 aliunde

2020 4237 2073 4283 te
2108 4227 2399 4293 oblectent,
2439 4226 2565 4280 dum
2611 4240 2754 4280 nunc
2791 4221 3006 4295 quidem
3052 4221 3284 4276 suaviter
3318 4233 3380 4274 ac
3418 4217 3612 4272 leniter

2019 4319 2253 4384 sibilant,
2284 4333 2426 4374 nunc
2467 4325 2644 4374 autem
2675 4319 2872 4372 sensim
2901 4315 2952 4368 in
2997 4313 3204 4384 plantas
3229 4326 3287 4366 se
3317 4309 3607 4370 insinuant,

2019 4420 2074 4467 et
2102 4411 2350 4466 arborum
2375 4409 2592 4465 frondes
2610 4409 2830 4479 agitant,
2859 4413 2916 4460 ut
2942 4419 3185 4460 somnum
3215 4401 3306 4456 tibi
3327 4400 3426 4456 sub
3455 4407 3610 4452 ωειδ-

2024 4503 2090 4556 tis
2119 4517 2181 4556 ac
2209 4502 2350 4558 veris
2375 4509 2584 4570 tempus
2605 4496 2997 4568 jucundiorem,
3027 4495 3426 4560 dulcioremque
3453 4489 3611 4542 melle

2021 4595 2269 4660 reddant,
2301 4591 2526 4662 utquod
2569 4592 2622 4645 in
2663 4589 2941 4644 arboribus
2983 4585 3201 4650 faciunt,
3240 4583 3343 4636 hoc
3371 4582 3426 4636 in
3451 4579 3614 4634 dorso

2023 4687 2183 4741 maris
2208 4685 2463 4752 efﬁciant,
2509 4691 2564 4737 et
2602 4683 2654 4736 in
2697 4680 2972 4734 fluminum
3016 4676 3186 4745 aquis,
3223 4673 3351 4728 dum
3399 4671 3610 4726 illarum

2021 4778 2354 4850 superficiem
2386 4779 2438 4832 in
2478 4776 2703 4831 sublime
2733 4771 2945 4838 tollunt,
2983 4779 3038 4824 et
3078 4768 3300 4824 multam
3329 4765 3453 4821 inde
3475 4780 3614 4835 prte-

2022 4873 2150 4929 bent
2175 4872 2266 4926 illo
2309 4867 2615 4940 spectaculo
2652 4865 2998 4932 voluptatem,
3043 4869 3099 4917 et
3126 4869 3252 4915 ante
3285 4859 3611 4928 voluptatem

2022 4964 2168 5018 illam
2199 4962 2486 5017 maximam
2525 4958 2683 5014 etiam
2724 4953 3028 5011 utilitatem.
3069 4950 3204 5007 Nam
3241 4958 3296 5006 et
3328 4948 3480 5019 aquis
3514 4947 3613 5017 ipsi

2023 5055 2220 5124 alioqui
2260 5061 2386 5107 sunt
2417 5051 2610 5118 utiles,
2662 5047 2789 5104 dum
2839 5052 3098 5118 perpetuo
3150 5049 3456 5112 stagnantes
3499 5038 3616 5092 illas

2023 5145 2291 5214 corrumpi
2322 5159 2430 5198 non
2458 5144 2668 5205 sinunt,
2715 5139 2809 5194 sed
2840 5136 2965 5193 dum
3005 5135 3122 5189 illas
3161 5133 3470 5203 frequenter
3498 5143 3615 5184 mo-

2025 5249 2167 5301 vent,
2202 5252 2263 5290 ac
2294 5235 2572 5300 ventilant,
2598 5239 2842 5288 recentes
2869 5244 2932 5285 ac
2957 5226 3162 5282 vividas
3189 5223 3442 5288 reddunt,
3469 5230 3522 5276 et
3550 5221 3615 5275 ad

2026 5315 2215 5386 alenda
2242 5328 2492 5383 animalia
2529 5342 2648 5397 qua:
2673 5325 2726 5379 in
2761 5324 2839 5379 eis
2869 5330 3074 5388 natant,
3115 5319 3368 5390 aptiores.
3392 5314 3543 5383 Quod
3573 5315 3615 5368 si

2025 5433 2236 5477 noctem
2283 5421 2448 5490 ipsam
2490 5417 2724 5473 volueris
2773 5415 3095 5480 observare,
3140 5426 3246 5465 non
3292 5407 3615 5473 mediocrem

2025 5513 2292 5568 Creatoris
2323 5508 2706 5580 providentiam
2736 5506 2860 5562 inde
2883 5516 3194 5573 cognosces.
3225 5497 3498 5568 Siquidem
3520 5494 3616 5548 de-

2027 5602 2299 5673 fatigatum
2337 5615 2530 5670 corpus
2577 5609 2726 5654 tuum
2773 5605 3000 5661 recreat,
3048 5603 3105 5650 et
3147 5591 3383 5647 membra
3411 5586 3616 5642 diurnis

2027 5696 2302 5752 laboribus
2337 5695 2564 5750 distenta
2602 5693 2825 5749 remittit
2861 5699 2914 5745 et
2940 5689 3162 5750 relaxat,
3191 5684 3499 5750 alternaque
3530 5680 3613 5733 vi-

2031 5789 2343 5846 cissitudine
2371 5787 2587 5855 refecta,
2624 5801 2722 5858 per
2747 5785 2978 5857 quietem
3016 5793 3202 5838 rursus
3229 5777 3296 5836 ad
3332 5775 3611 5850 pristinum
