4002 6386
442 393 546 449 495

441 509 680 580 vigorem
704 507 940 575 reducit;
963 522 1136 579 neque
1150 522 1275 563 vero
1300 506 1351 562 id
1378 515 1603 576 tantum,
1632 507 1726 562 sed
1750 519 1803 563 et
1828 507 2034 564 diurnis

444 610 496 658 te
526 600 790 658 molestiis
842 601 1010 669 levat,
1062 609 1117 657 et
1163 600 1551 670 intempestivis
1597 601 1787 656 liberat
1836 602 2029 666 curis;

442 710 587 763 stupe
613 694 773 749 etiam
796 692 1073 765 aagrotanti
1097 690 1299 747 febrem
1322 691 1636 764 exstinguit,
1663 692 1791 748 dum
1813 703 2031 748 contra-

443 785 580 840 rium
612 784 785 855 somni
809 784 1103 840 remedium
1144 778 1386 853 adhibet,
1423 794 1478 842 et
1506 785 1830 841 medicorum
1859 795 2031 843 artem

440 885 756 932 a-stuantem
783 891 847 932 ac
867 876 1212 933 ﬂuctuantem
1237 876 1305 932 ad
1327 878 1669 949 tranquillum
1700 889 1909 948 portum
1934 879 2032 935 de-

440 967 606 1035 ducit,
634 977 688 1024 et
705 985 738 1025 a
758 969 941 1026 multis
966 969 1239 1027 laboribus
1259 970 1436 1026 reddit
1454 970 1765 1027 immunem.
1792 973 1869 1027 At:
1890 981 2034 1028 tanta

441 1075 572 1115 sane
599 1061 738 1116 illius
765 1070 850 1118 est
878 1061 1096 1130 utilitas,
1143 1071 1289 1118 tanta
1316 1063 1688 1130 commoditas,
1721 1074 1778 1119 ut
1822 1074 1879 1121 et
1917 1066 2034 1122 dies

441 1168 586 1223 βαῖνε
613 1153 755 1209 male
797 1162 979 1223 pereat
1020 1154 1109 1220 iis,
1137 1155 1347 1225 quibus’
1381 1164 1627 1226 negatum
1675 1156 1835 1212 fuerit
1864 1158 1914 1211 in
1948 1158 2034 1214 illa

442 1244 880 1316 interquiescere.
911 1245 967 1301 Si
988 1245 1133 1303 enim
1155 1246 1274 1317 quis
1293 1257 1557 1318 supponat
1582 1248 1813 1320 quietem
1843 1251 2032 1317 noctis,

442 1338 837 1405 remissionem,
863 1353 928 1396 ac
968 1340 1360 1397 relaxationem
1390 1342 1535 1409 tolli,
1584 1344 1738 1414 cujus
1776 1344 2035 1401 beneﬁcio

442 1437 635 1485 cuncta
663 1438 994 1494 recreantur,
1018 1439 1075 1487 et
1099 1431 1276 1487 anima
1299 1431 1530 1498 defessa,
1553 1443 1608 1490 et
1626 1450 1821 1504 corpus
1845 1435 2037 1491 defati-

444 1530 648 1587 gatum,
685 1521 912 1577 excitata
938 1530 994 1578 et
1019 1523 1183 1578 alacri
1222 1534 1403 1580 mente
1426 1524 1648 1582 diurnos
1689 1525 1900 1582 labores
1940 1542 2034 1597 ag-

445 1612 704 1681 greditur,
723 1614 910 1670 inutile
930 1615 1193 1672 redditum
1216 1615 1319 1673 hoc
1335 1617 1530 1673 animal
1549 1619 1858 1675 intuebitur.
1882 1620 2036 1689 Quod

449 1705 492 1757 si
524 1706 644 1776 quis
668 1706 951 1777 vigilando,
977 1717 1030 1764 et
1056 1710 1349 1778 cperando,
1380 1710 1464 1767 vel
1502 1711 1660 1767 etiam
1689 1713 1909 1769 otiando
1934 1729 2035 1767 ne-

446 1808 563 1853 ctes
584 1798 769 1854 diebus
790 1799 973 1868 addat,
1003 1808 1058 1857 et
1081 1801 1184 1857 hoc
1217 1801 1416 1858 diutius
1439 1816 1581 1875 agat,
1616 1804 1898 1862 confestim
1923 1822 2040 1864 mo-

448 1887 634 1951 rietur,
661 1897 753 1943 aut
788 1888 835 1944 si
875 1889 924 1944 id
953 1905 1061 1946 non
1100 1891 1328 1956 accidat.
1363 1893 1517 1963 plane
1559 1895 1719 1967 longo
1759 1908 2040 1967 correptus

448 1978 634 2033 morbo
654 1978 788 2039 nihil
811 1995 879 2036 ex
913 1980 1121 2038 diurnis
1161 1984 1273 2038 suis
1298 1984 1566 2041 laboribus
1595 1988 1838 2044 utilitatis
1866 1991 2040 2060 perci-

449 2070 578 2136 piet,
605 2084 725 2126 cum
752 2071 894 2129 vires
944 2072 1060 2143 ejus
1097 2074 1310 2144 penitus
1353 2077 1547 2133 attritas
1590 2077 1805 2147 fuerint,
1849 2091 1903 2137 et
1942 2098 2037 2138 cx-

453 2161 675 2217 haustae.

522 2254 597 2309 De
609 2256 822 2326 piscium
845 2267 892 2313 et
908 2262 1132 2330 ferarum
1156 2261 1307 2316 uariis
1332 2262 1597 2333 generibus
1619 2265 1971 2336 agit.—Qnotl
1992 2267 2039 2321 si

450 2347 710 2416 placuerit
724 2348 1030 2405 innumeras
1048 2352 1272 2421 piscium
1295 2361 1499 2409 turmas
1517 2355 1758 2410 oratione
1777 2358 2038 2427 explicata

451 2453 785 2506 percurrere,
812 2442 901 2509 qui
931 2441 1130 2512 degunt
1156 2445 1210 2500 in
1252 2446 1474 2516 stagnis.
1504 2447 1556 2501 in
1584 2446 1838 2512 fontibus,
1867 2452 1955 2521 qui
1986 2453 2037 2505 in

452 2531 582 2585 mari
610 2532 916 2602 navigabili,
946 2535 1035 2605 qui
1068 2537 1119 2593 in
1150 2552 1218 2593 eo
1242 2540 1382 2609 quod
1409 2541 1633 2597 navibus
1658 2558 1763 2597 non
1792 2545 2040 2615 frequen-

451 2629 614 2687 tatur,
642 2622 728 2677 vel
756 2622 801 2678 si
829 2624 1104 2681 volucrum
1150 2627 1405 2684 immensa
1441 2640 1744 2700 spectemus
1771 2634 2035 2700 examina,

420 2727 567 2781 .quze
590 2712 640 2767 in
666 2727 810 2780 aere,
833 2731 953 2786 quae
972 2717 1023 2771 in
1052 2725 1213 2785 terra,
1236 2735 1354 2790 qua:
1384 2721 1437 2776 in
1467 2723 1619 2792 aquis
1644 2724 1825 2792 simul,
1849 2737 1902 2781 et
1925 2736 2036 2783 ter-

450 2821 506 2857 ra
538 2804 682 2877 (nam
710 2807 951 2877 quaedam
987 2824 1053 2865 ex
1097 2810 1203 2865 illis
1248 2812 1531 2883 ancipitem
1575 2815 1735 2870 vitam
1775 2816 2037 2889 habent),

447 2913 567 2964 quae
594 2898 870 2956 silvestres
894 2909 1037 2967 sunt,
1067 2902 1185 2958 aliae
1223 2905 1602 2973 mansucﬁunt,
1633 2908 1751 2966 alia;
1782 2920 2040 2982 perpetuo

449 2989 720 3046 silvestres
750 3004 1085 3061 permanent,
1111 2994 1233 3052 alia:
1252 2997 1365 3054 esui
1395 3008 1555 3067 aptm,
1593 3000 1711 3055 alite
1739 3017 1845 3058 non
1876 3011 2036 3073 aptae,

447 3091 503 3136 et
542 3083 869 3153 singularum
917 3094 1224 3143 scrutemur
1263 3088 1732 3160 pulchritudinem,
1779 3092 1913 3162 aias,
1943 3110 2039 3150 vo-

449 3191 565 3231 cem
601 3190 888 3236 canoram;
934 3178 1028 3234 sed
1057 3188 1111 3235 et
1155 3180 1204 3234 si
1249 3194 1433 3237 earum
1463 3189 1668 3237 tantum
1712 3183 2040 3243 diﬂ'erentias

448 3266 812 3336 exquiramus,
843 3268 956 3324 sive
986 3269 1039 3324 in
1069 3277 1251 3336 cantu,
1293 3271 1407 3326 sive
1452 3272 1506 3328 in
1537 3272 1703 3339 victu,
1735 3283 1791 3330 et
1829 3274 2037 3332 habita-

452 3357 672 3423 tionem,
703 3372 902 3425 mores,
942 3374 1091 3425 usus,
1121 3368 1176 3416 et
1203 3361 1521 3431 ministeria,
1547 3358 1742 3434 quibus
1770 3366 1925 3423 nobis
1953 3369 2037 3423 in-

446 3447 714 3515 serviunt,
764 3449 942 3504 omnia
986 3465 1390 3522 persequamur,
1435 3462 1491 3510 et
1531 3456 1945 3527 magnitudines,
1984 3467 2041 3515 et

449 3539 812 3609 exiguitatem,
838 3550 897 3596 et
919 3552 1120 3613 partus,
1150 3552 1206 3599 et
1232 3543 1624 3614 educationem,
1657 3557 1712 3604 et
1735 3549 1953 3606 multam
1983 3553 2037 3608 in

449 3630 532 3684 his
560 3630 981 3704 immensamque
1010 3635 1342 3705 varietatem,
1370 3645 1426 3694 et
1466 3637 1571 3695 hoc
1603 3640 1773 3710 ipsum
1796 3642 1955 3698 etiam
1982 3644 2034 3699 in

451 3721 682 3788 piscibus
731 3736 952 3793 agamus
974 3763 992 3792 ,
1036 3733 1197 3796 atque
1227 3727 1352 3783 inde
1389 3730 1684 3787 orationem
1721 3732 1789 3787 ad
1817 3732 2034 3803 herbas,

446 3829 564 3882 quae
593 3813 789 3885 ubique
818 3824 1081 3872 terrarum
1116 3827 1429 3885 nascuntur,
1460 3820 1819 3889 traducamus,
1851 3833 1906 3880 et
1934 3824 2034 3881 ho-

444 3919 563 3958 rum
610 3905 867 3977 cujusque
912 3905 1143 3963 fructum
1186 3918 1508 3980 spectemus,
1558 3922 1612 3968 et
1640 3913 1942 3983 utilitatem,
1981 3926 2038 3973 et

446 4011 659 4051 suavem
688 3998 931 4067 odorem,
954 4008 1010 4056 et
1036 4001 1291 4070 speciem,
1316 4011 1372 4058 et
1399 4004 1582 4072 situm,
1610 4013 1665 4062 et
1691 4005 1834 4074 folia,
1865 4017 1917 4064 et
1944 4023 2035 4065 co-

447 4087 635 4154 lorem,
665 4097 719 4144 et
747 4088 991 4160 figuram,
1018 4099 1075 4147 et
1099 4093 1538 4165 magnitudinem,
1581 4105 1636 4152 et
1663 4098 2029 4168 exiguitatem,

445 4187 502 4232 ct
544 4179 1000 4245 commoditatem,
1038 4190 1094 4237 et
1127 4183 1383 4254 operandi
1413 4186 1602 4241 modos
1624 4227 1638 4250 .
1669 4196 1724 4242 et
1750 4190 2029 4259 corticum,

446 4281 778 4331 truncorum.
805 4286 1184 4343 ramorumque
1209 4274 1537 4343 discrimina,
1567 4286 1623 4333 et
1657 4288 1831 4349 prata,
1860 4291 1916 4337 et
1949 4283 2032 4337 vi-

444 4359 660 4426 ridaria,
689 4359 884 4417 deinde
915 4361 983 4418 ad
1023 4362 1245 4441 diversa.
1280 4375 1614 4423 transeamus
1651 4381 1911 4436 aromata,
1937 4389 2032 4428 va-

442 4451 629 4522 riaque
670 4451 880 4509 illorum
922 4452 1038 4510 ioca
1072 4464 1503 4525 perscrutemnr,
1542 4466 1597 4513 et
1634 4460 1826 4530 quibus
1859 4464 2034 4521 modis

440 4543 867 4609 adinveniantur,
898 4553 955 4600 et
977 4555 1252 4614 curentur,
1283 4555 1337 4603 et
1374 4547 1638 4618 colantur,
1666 4561 1719 4607 et
1747 4567 1906 4623 quam
1937 4571 2036 4613 no-

439 4637 523 4693 bis
542 4639 658 4695 usui
683 4638 791 4694 sint
813 4637 881 4694 ad
908 4638 1260 4708 medendum;
1284 4650 1480 4711 prseter
1501 4641 1618 4699 haec
1633 4653 1810 4701 autem
1826 4662 2028 4717 rursus,

439 4727 484 4782 si
515 4726 581 4781 ad
633 4737 845 4784 montes
892 4745 1127 4811 quoque.
1160 4730 1397 4789 metallis
1426 4731 1758 4792 abundantes
1805 4738 2026 4808 gradum

440 4817 717 4883 faciamus,
748 4820 836 4890 qui
873 4829 928 4876 et
964 4820 1067 4893 ipsi
1108 4838 1335 4881 numero
1363 4833 1489 4881 sunt
1512 4841 1619 4882 non
1666 4827 1941 4897 mediocri,
1972 4842 2030 4889 et

437 4908 541 4964 alia
569 4908 735 4966 multo
762 4911 912 4982 plura
937 4911 1076 4969 inter
1103 4925 1376 4973 creaturas
1415 4919 1835 4991 pervestigemus
1863 4940 1878 4976 :
1908 4939 2029 4995 quas

439 5001 652 5057 tandem
693 5003 898 5071 oratio,
935 5005 1144 5076 quodve
1185 5010 1416 5079 spatium
1464 5011 1724 5081 temporis
1767 5013 1921 5071 nobis
1960 5016 2028 5071 ad

437 5110 625 5150 eorum
678 5095 1037 5167 cognitionem
1079 5098 1475 5173 adipiscendam
1517 5102 1795 5161 sufﬁciet?
1852 5108 2028 5179 Atque

436 5188 552 5242 hac
578 5188 757 5244 omnia
782 5197 999 5261 propter
1021 5200 1072 5245 te
1094 5207 1258 5249 unum
1285 5194 1499 5250 condita
1524 5205 1670 5261 sunt,
1713 5197 1786 5251 mi
1826 5196 2023 5264 homo;

440 5290 489 5337 li
513 5289 656 5336 artes
700 5288 916 5352 propter
946 5290 1017 5349 te,
1046 5293 1099 5338 et
1128 5283 1389 5353 instituta,
1413 5294 1468 5342 et
1501 5286 1767 5356 civitates,
1798 5298 1850 5345 et
1880 5289 2021 5361 pagi,

430 5384 487 5430 et
515 5390 736 5430 somnus
759 5384 979 5446 propter
1009 5383 1080 5442 te,
1120 5387 1174 5432 et
1200 5393 1344 5433 mors
1370 5389 1587 5450 propter
1612 5392 1684 5449 te,
1707 5390 1761 5439 et
1783 5384 1887 5438 vita
1909 5399 2026 5456 pro-

435 5475 550 5532 pter
580 5476 651 5532 te,
683 5476 738 5525 et
776 5466 1030 5533 accrctio,
1073 5477 1384 5540 natumque
1421 5486 1581 5541 Opera
1614 5482 1720 5528 tam
1757 5475 1941 5543 multa,
1968 5484 2025 5532 et

434 5556 554 5614 talis
582 5558 669 5613 hic
712 5557 944 5615 mundus
983 5568 1200 5630 prepter
1234 5568 1287 5616 te
1335 5575 1493 5627 nunc,
1524 5572 1576 5618 et
1616 5579 1803 5621 rursus
1831 5567 2023 5622 melior

434 5661 647 5717 propter
675 5659 750 5708 te.
784 5652 917 5707 Nam
949 5653 1226 5708 meliorem
1260 5653 1413 5708 illum
1451 5654 1706 5723 futurum,
1748 5658 1904 5729 idque
1932 5670 2020 5715 tua

430 5755 608 5808 causa,
635 5752 785 5812 potes
804 5758 870 5798 ex
896 5743 1045 5799 Pauli
1068 5743 1590 5823 verbiscognosccre
1622 5767 1633 5802 :
1661 5747 1727 5803 Et
1751 5750 1864 5820 ipsa
1881 5767 2021 5806 crea-

426 5839 544 5885 tum
572 5832 864 5890 liberabitur
897 5852 928 5891 a
952 5837 1187 5893 servitute
1222 5838 1559 5909 corruptionis
1585 5840 1757 5914 (Rom.
1794 5840 1844 5898 8.
1871 5842 1962 5915 21)
1996 5858 2009 5896 :

1188 394 1247 451 S.
1288 395 1568 452 JOANNIS
1607 394 2087 453 CllllYSOSTOMI
2127 396 2450 453 ARCIIIEP.
2491 398 3029 456 CONSTANTINOP.

3631 408 3721 464 496

2144 506 2247 565 hoc
2273 518 2376 572 est.
2406 524 2474 566 ne
2499 509 2727 581 amplius
2766 512 3098 582 corruptioni
3129 513 3198 569 sit
3223 514 3485 571 obnoxia.
3516 514 3647 572 Tum
3672 530 3722 576 ut

2142 601 2398 657 indicaret
2424 617 2542 656 eam
2574 612 2719 657 tanto
2746 602 2952 659 honore
2995 612 3083 659 tua
3119 620 3280 660 causa
3314 606 3625 663 decoratum
3666 610 3725 665 iri

2140 693 2404 763 subjecit:
2441 692 2509 748 In
2546 693 2823 749 libertatem
2870 695 3049 767 gloria:
3097 696 3325 769 ﬁliorum
3355 697 3473 753 Dei.
3503 699 3650 769 Quod
3683 702 3722 756 si

2139 783 2294 840 valde
2336 784 2539 856 prolixa
2572 800 2680 840 non
2716 786 2871 841 ﬁeret
2897 795 2952 841 et
2979 787 3196 842 modum
3234 788 3528 844 excederet
3568 792 3726 846 oratio

2140 885 2343 944 nostra,
2372 876 2536 931 multa
2564 875 2631 932 de
2652 885 2826 933 morte
2864 876 3296 949 philosopharer,
3324 889 3385 935 et
3413 880 3468 935 in
3496 880 3595 935 hoe
3620 896 3726 935 ma-

2140 967 2284 1021 xime
2333 966 2427 1022 Dei
2468 966 2785 1037 sapientiam
2847 976 2904 1023 et
2965 968 3356 1038 providentiam
3404 972 3686 1033 indicarem
3708 1012 3724 1037 ,

2140 1056 2412 1128 multaque
2437 1056 2506 1113 de
2546 1057 2911 1128 corruptione,
2954 1057 3026 1115 de
3056 1059 3226 1128 sanie,
3253 1059 3327 1117 de
3363 1062 3651 1129 vermibus,
3679 1071 3729 1119 ct

2140 1149 2319 1204 cinere
2341 1148 2595 1214 dicerem,
2626 1165 2745 1221 quae
2773 1150 3110 1223 potissimum
3150 1165 3453 1224 queruntur
3476 1164 3532 1211 et
3554 1155 3727 1227 deplo-

2140 1251 2262 1298 rant
2289 1243 2459 1309 muiti,
2490 1243 2633 1313 quod
2660 1244 2711 1299 in
2744 1246 3041 1315 pulverem,
3070 1245 3125 1301 in
3147 1260 3363 1303 vermes
3399 1257 3580 1304 nostra
3613 1263 3725 1303 eor-

2141 1348 2271 1405 pora
2305 1334 2619 1390 resolvenda
2658 1335 2801 1404 sint,
2845 1345 3005 1408 atque
3045 1337 3169 1394 inde
3217 1338 3389 1409 ipsius
3424 1339 3724 1394 immensam

2142 1426 2529 1497 providentiam
2557 1442 2623 1483 ac
2657 1429 3072 1486 sollicitudinem
3101 1430 3490 1489 iudicaremus.
3530 1431 3609 1485 Ah
3639 1446 3724 1485 ea-

2141 1520 2264 1576 dem
2292 1520 2435 1577 enim
2465 1521 2815 1592 providentia,
2854 1524 2925 1580 ab
2951 1524 3139 1580 eadem
3180 1525 3423 1582 bonitate
3448 1568 3464 1591 ,
3492 1542 3591 1597 qua
3635 1542 3724 1583 nos

2140 1610 2398 1676 condidit,
2427 1626 2549 1667 cum
2573 1611 2812 1668 nondum
2827 1628 3091 1685 essemus,
3112 1614 3215 1670 hoc
3234 1617 3400 1670 etiam
3434 1628 3720 1686 promanat,

2141 1702 2285 1774 quod
2329 1706 2464 1759 mori
2502 1718 2600 1760 nos
2642 1703 2901 1775 jusserit,
2944 1714 3003 1762 et
3051 1706 3212 1763 talem
3260 1706 3425 1762 finem
3475 1708 3714 1762 nancisci.

2142 1796 2394 1865 Quamvis
2421 1796 2563 1853 enim
2607 1811 2696 1852 res
2723 1796 2832 1852 sint
2864 1804 3052 1853 natura
3081 1798 3333 1865 diversae,
3368 1809 3546 1854 tamen
3582 1800 3723 1853 unius

2144 1889 2393 1944 bonitatis
2416 1889 2626 1959 opillcia
2645 1900 2771 1946 sunt
2795 1908 2808 1944 :
2833 1891 3263 1962 quandoquidem
3292 1908 3325 1949 e
3345 1893 3453 1947 vita
3474 1892 3723 1949 decedens

2143 1983 2305 2038 homo
2332 1983 2478 2039 nullo
2505 1983 2629 2039 inde
2669 1982 2867 2040 damno
2914 1984 3143 2040 afﬁcitur
3167 2025 3183 2049 ,
3227 1985 3494 2056 siquidem
3531 1995 3584 2041 et
3609 1984 3722 2040 dum

2143 2077 2249 2132 vita
2276 2076 2544 2146 suppetit,
2587 2075 2757 2132 multa
2789 2075 2913 2132 inde
2946 2076 3092 2131 lucra
3121 2076 3344 2147 colligit,
3380 2084 3437 2132 et
3461 2090 3527 2131 ex
3563 2074 3722 2128 alieno

2142 2180 2368 2237 corpore
2412 2166 2686 2236 propriam
2721 2166 2947 2237 percipit
2976 2167 3283 2223 utilitatem.
3324 2166 3460 2222 Cum
3490 2165 3625 2220 enim
3651 2166 3721 2218 vi-

2142 2260 2282 2316 derit
2323 2276 2467 2325 eum,
2506 2260 2599 2330 qui
2637 2274 2743 2316 non
2785 2260 2858 2315 ita
2895 2260 3106 2332 pridem
3133 2274 3255 2316 cum
3290 2261 3409 2331 ipso
3438 2256 3716 2324 incedebat,

2145 2355 2198 2409 in
2231 2369 2457 2423 vermes,
2491 2362 2547 2411 et
2578 2356 2802 2421 saniem,
2832 2362 2889 2410 et
2921 2354 3178 2419 cinerem,
3218 2362 3273 2407 et
3309 2353 3581 2424 pulverem
3612 2365 3720 2406 esse

2144 2447 2460 2514 resolutum,
2490 2446 2616 2502 licet
2646 2446 2812 2517 ipsius
2837 2446 3033 2502 diaboli
3060 2446 3366 2515 arrogantia
3397 2446 3717 2507 intumescat,

2146 2548 2288 2594 metu
2315 2538 2668 2608 contrahitur,
2696 2537 3026 2607 reprimitur,
3056 2536 3301 2593 modeste
3334 2552 3395 2593 se
3434 2536 3586 2606 gerit,
3616 2534 3716 2604 plti~

2144 2631 2413 2701 losnpitari
2433 2630 2676 2696 docetur,
2708 2629 2968 2684 honorum
2991 2638 3265 2699 parentem
3295 2628 3640 2683 humilitatem
3669 2625 3713 2678 in

2144 2738 2294 2779 suam
2322 2730 2555 2778 mentem
2592 2720 2898 2776 introducit.
2934 2718 3009 2774 ita
3042 2720 3100 2774 fit
3124 2730 3185 2775 ut
3213 2734 3391 2791 neque
3430 2719 3518 2788 qui
3553 2731 3585 2772 e
3620 2714 3714 2769 vita

2144 2816 2411 2883 discessit,
2442 2814 2709 2870 laedatur:
2752 2813 3090 2884 recnperahit
3115 2813 3258 2869 enim
3303 2812 3408 2868 hoc
3439 2823 3624 2879 corpus
3649 2809 3715 2861 in-

2144 2916 2454 2978 corruptum
2478 2917 2533 2962 et
2561 2906 2895 2970 immortale;
2926 2916 2981 2960 et
3004 2906 3095 2976 qui
3122 2905 3299 2960 adhuc
3331 2905 3384 2960 in
3424 2902 3590 2958 stadio
3608 2916 3714 2955 ver-

2142 3009 2311 3067 satur,
2340 3015 2407 3054 ex
2433 3013 2519 3065 eo,
2550 2996 2695 3069 quod
2723 2997 2858 3053 nihil
2885 2997 3022 3052 alter
3044 3004 3130 3052 est
3158 2997 3345 3063 ltesus,
3391 2995 3611 3049 maxima
3648 2991 3712 3045 lu~

2143 3111 2233 3152 cra
2262 3094 2531 3163 decerpet.
2566 3091 2681 3147 Non
2710 3091 2853 3147 enim
2886 3089 3118 3161 vulgaris
3161 3088 3444 3163 modestia:
3485 3084 3712 3153 magistra

2145 3188 2382 3243 invitam
2427 3193 2663 3240 nostram
2709 3198 2857 3238 mors
2905 3182 3049 3236 illata
3095 3190 3180 3236 est
3203 3196 3329 3251 qum
3377 3186 3603 3234 mentem
3647 3174 3712 3226 in~

2142 3286 2332 3344 struat,
2361 3284 2416 3332 et
2442 3268 2637 3330 animae
2674 3273 2949 3344 passiones
2973 3272 3229 3335 refrenet,
3263 3270 3458 3325 fluctus
3480 3267 3639 3329 sedet,
3666 3270 3710 3318 et

2142 3370 2576 3442 tranquillitatem
2608 3368 2845 3423 reducat.
2864 3365 2998 3421 Cum
3023 3366 3165 3421 enim
3189 3374 3298 3419 tum
3320 3380 3387 3420 cx
3418 3363 3481 3417 iis
3508 3374 3618 3430 qua:
3642 3355 3710 3411 di-

2142 3473 2227 3520 cta
2252 3470 2395 3526 sunt,
2425 3468 2535 3516 tum
2564 3475 2630 3515 ex
2666 3460 2783 3513 aliis
2822 3456 3062 3528 pluribus
3104 3455 3204 3510 hac
3239 3455 3362 3510 luce
3397 3452 3587 3508 clarius
3609 3448 3708 3503 elu-

2143 3565 2263 3612 ceat
2291 3552 2619 3624 providentia
2641 3551 2754 3615 Dei,
2788 3549 2899 3604 noli
2923 3561 3319 3619 supervacanea
3348 3544 3554 3601 curiose
3575 3554 3709 3595 scru-

2145 3647 2265 3710 tari,
2296 3659 2471 3715 neque
2494 3657 2684 3699 causas
2705 3642 2942 3695 omnium
2976 3655 3157 3695 rerum
3183 3639 3494 3708 exquirens,
3522 3648 3581 3688 ea
3604 3642 3707 3701 quat

2139 3735 2598 3809 comprehendere
2612 3734 2821 3805 nequis,
2847 3746 3185 3802 persequere.
3204 3729 3340 3784 Nam
3363 3738 3419 3785 et
3438 3728 3536 3783 hoc
3555 3724 3706 3793 ipsum

2141 3842 2201 3886 ut
2227 3844 2470 3887 essemus
2497 3843 2565 3884 ex
2591 3842 2687 3881 sua
2715 3825 2868 3881 nobis
2893 3824 3129 3879 bonitate
3153 3824 3440 3887 concessit,
3463 3833 3562 3874 non
3581 3809 3704 3884 quod

2141 3932 2326 3981 nostro
2352 3919 2647 3975 ministerio
2674 3918 2954 3988 indigeret.
2988 3915 3171 3984 Itaque
3198 3913 3497 3970 laudandus
3514 3925 3543 3964 a
3570 3904 3705 3963 nobis

2139 4026 2243 4084 est,
2272 4023 2327 4070 et
2351 4011 2677 4076 adorandus,
2707 4025 2813 4066 non
2841 4007 3001 4063 modo
3025 4006 3169 4078 quod
3204 4004 3524 4067 condiderit,
3550 4008 3703 4097 neque

2140 4105 2280 4179 quod
2327 4103 2561 4159 animam
2597 4101 2990 4171 incorporcam,
3037 4108 3095 4155 et
3121 4099 3329 4154 ratione
3358 4094 3618 4177 praeditam
3642 4092 3701 4179 sit

2138 4178 2379 4268 largitus,
2406 4209 2579 4265 neque
2598 4192 2739 4264 quod
2764 4191 2884 4247 aliis
2907 4189 3154 4245 omnibus
3176 4187 3573 4279 pnestantiores
3590 4178 3698 4279 red-

2137 4286 2352 4351 diderit,
2383 4299 2558 4355 neque
2582 4283 2727 4354 quod
2748 4284 2801 4337 in
2831 4281 3033 4350 omnia,
3061 4295 3182 4352 qua:
3201 4290 3511 4344 cernuntur,
3544 4273 3698 4328 domi-

2136 4390 2319 4434 natum
2344 4376 2617 4441 detulerit,
2661 4383 2716 4430 et
2752 4382 3070 4445 potestatem
3110 4372 3433 4443 permiserit,
3463 4365 3551 4422 sed
3574 4356 3698 4433 (111οά

2136 4468 2190 4525 id
2212 4468 2399 4539 egerit,
2428 4482 2547 4522 cum
2576 4465 2723 4521 nullo
2743 4464 2904 4520 modo
2928 4463 3082 4520 nobis
3111 4471 3310 4534 egeret.
3342 4463 3453 4518 Hoc
3475 4456 3607 4550 enim
3626 4454 3698 4550 est

2136 4561 2190 4616 in
2218 4559 2334 4630 ejus
2354 4558 2590 4614 bonitate
2614 4556 2877 4625 mirabile,
2905 4555 3047 4627 quod
3066 4570 3189 4611 cum
3215 4564 3400 4609 nostro
3427 4547 3695 4606 miniStcrio

2135 4652 2266 4709 nihil
2298 4666 2433 4722 opus
2453 4651 2529 4706 illi
2553 4659 2717 4719 esset,
2743 4664 2844 4705 nos
2862 4648 3191 4720 produxerit.
3220 4647 3376 4703 Prius
3400 4643 3535 4701 enim
3555 4647 3691 4715 quam

2136 4759 2236 4800 nos
2263 4743 2316 4800 in
2352 4742 2526 4799 lucem
2553 4742 2856 4808 ederemur,
2884 4750 2941 4797 et
2967 4739 3165 4811 angeli,
3196 4747 3253 4794 et
3291 4748 3531 4809 superna:
3550 4728 3693 4781 virtu-

2134 4843 2237 4905 tes,
2279 4843 2400 4890 erat
2432 4847 2527 4888 sua
2572 4832 2741 4904 gloria
2793 4831 3049 4902 praeditus
3074 4846 3137 4885 ac
3181 4829 3429 4885 felicitate
3455 4867 3473 4894 ,
3513 4822 3599 4878 sed
3631 4813 3691 4869 οδ

2131 4925 2301 4981 solam
2323 4938 2474 4979 suam
2504 4922 2887 4994 benignitatem
2912 4937 3012 4977 nos
3028 4922 3343 4992 procreavit,
3375 4928 3429 4976 et
3452 4917 3560 4972 bare
3585 4922 3689 4962 om-

2133 5016 2218 5071 nia
2237 5024 2416 5070 nostra
2428 5029 2611 5080 causa,
2632 5021 2792 5085 amne
2802 5012 2940 5069 adeo
2956 5014 3123 5067 multo
3141 5012 3255 5067 istis
3272 5012 3420 5082 plura
3432 4999 3663 5063 condidit-

2201 5106 2329 5165 Csr.
2372 5103 2509 5162 Vill.
2539 5105 2720 5160 Multa
2739 5104 3067 5177 providentiae
3086 5103 3552 5165 demonstrationem
3573 5101 3685 5187 esse:

2129 5201 2265 5271 quod
2294 5200 2375 5255 lea:
2393 5198 2644 5254 naturalis
2665 5208 2713 5253 et
2750 5200 2943 5268 scripta
2964 5198 3030 5253 sit
3051 5196 3192 5261 data,
3217 5196 3446 5267 quodque
3465 5190 3586 5244 uiros

2130 5292 2256 5345 mios
2279 5306 2368 5361 per
2413 5305 2532 5345 suas
2567 5289 3043 5360 transmigrationes
3090 5287 3201 5357 ﬁeri
3234 5287 3492 5358 magistros
3522 5273 3688 5361 curari!

2128 5359 2302 5437 eorum
2333 5384 2557 5453 gentium
2582 5398 2614 5437 a
2640 5359 2818 5454 quibus
2849 5381 3276 5451 suscipiebantur,
3303 5388 3350 5433 et
3379 5371 3507 5447 quod
3529 5359 3686 5461 dei-tif“.

2128 5484 2281 5544 caput
2302 5451 2546 5527 bonorum
2588 5451 2800 5545 largitus
2820 5472 2885 5526 sit
2904 5470 3161 5543 Unigeniti
3181 5471 3261 5526 sui
3287 5469 3563 5523 adventum.
3593 5451 3684 5508 Vm

2127 5565 2250 5631 iusti
2274 5564 2585 5636 peregrinari
2606 5565 2787 5618 coacti.
2812 5593 2881 5605 —
2910 5564 3200 5634 Propterea
3249 5573 3455 5632 quoque
3484 5555 3631 5619 legem
3656 5553 3683 5592 ³

2126 5673 2185 5713 se
2213 5658 2465 5726 scriptam
2492 5656 2649 5712 nobis
2673 5655 2843 5724 dedit,
2868 5666 2923 5711 ct
2953 5656 3240 5726 prophetas
3267 5654 3427 5717 misit,
3454 5659 3513 5702 ac
3538 5636 3680 5697 Uir-1‘

2126 5749 2247 5806 cula
2268 5748 2450 5811 edidit,
2478 5758 2531 5804 et
2557 5758 2682 5805 ante
2705 5748 2819 5805 lucc
2849 5748 3048 5812 omnia,
3072 5748 3230 5803 simul
3255 5756 3414 5817 atquc
3441 5736 3679 5794 hominem

2130 5843 2300 5911 finxit,
2326 5843 2634 5913 magistrum
2662 5858 2690 5897 a
2717 5852 2903 5898 natura
2942 5842 3153 5898 insitam
3190 5841 3361 5913 legem
3421 5824 3610 5891 indidit,
3632 5822 3679 5868 ει
