4002 6440
402 377 510 432 497

403 487 559 556 ἡμῶν
602 487 904 557 ἐπιστήσας
947 485 1125 540 αὐτόν.
1161 484 1316 538 Οὕτω
1344 486 1474 554 γοῦν
1509 486 1602 539 καὶ
1638 486 1805 539 ΙἈϐελ
1829 485 1991 540 αὑτὸν

402 584 568 648 ἐγνω,
593 581 653 633 06
677 580 1024 652 γραμμάτων
1051 578 1241 643 ὄντων,
1281 579 1342 632 06
1380 578 1695 650 προφητῶν,
1727 579 1829 632 οὐκ
1855 579 1995 633 ἀπο-

405 672 629 735 στόλων,
656 672 717 725 ού
743 671 907 742 νόμου
934 670 1179 742 γραπτοῦ
1210 688 1356 733 τινος
1380 670 1718 742 ἐνηχοῦντος,
1739 671 1875 727 ἀλλά
1905 671 1997 727 τὸν

403 764 646 833 ἔμφυτον
677 763 814 833 ἔχων
855 763 1036 833 νόμον.
1091 761 1278 828 Οὕτως
1325 764 1354 817 6
1403 762 1562 818 Κάϊν·
1603 767 1698 818 καὶ¹
1744 765 1854 836 γάρ
1902 767 1997 820 καὶ

405 859 614 919 ἐκεῖνος
649 855 810 923 ἐγνωο
834 857 929 908 καὶ
973 856 1275 928 ἀμφότεροι
1316 859 1416 928 μὲν
1453 858 1617 911 αὐτὸν
1647 859 1864 929 ᾔδεσαν,
1902 859 1998 914 καὶ

407 947 506 1017 τήν
535 946 848 999 δεσποτείαν
881 947 1268 1014 ἐπεγίνωσκον,
1310 950 1410 1002 οὐκ
1466 949 1766 1020 ἀμφότεροι
1803 951 1860 1004 δέ
1900 951 1998 1022 τὴν

410 1040 580 1110 αὑτήν
602 1034 765 1110 ἦλθον
792 1039 932 1092 ὁδόν·
963 1039 1077 1093 ἀλλ’
1100 1041 1128 1092 6
1153 1040 1252 1110 μὲν
1276 1040 1374 1112 τὴν
1395 1041 1494 1112 τῆς
1522 1042 1741 1106 κακίας,
1768 1045 1796 1096 6
1821 1043 1878 1097 δέ
1898 1043 1999 1115 τὴν

409 1131 510 1197 τῆς
532 1131 748 1201 ἀρετῆς.
776 1131 884 1184 Καὶ
909 1131 1056 1200 ὅμως
1083 1131 1204 1184 ούδέ
1225 1131 1398 1194 οὕτως
1426 1131 1590 1185 αὑτὸν
1617 1133 1996 1201 ἐγκατέλιπεν,

409 1222 547 1275 ἀλλά
567 1223 661 1274 καὶ
693 1223 927 1275 πεσόντα
946 1224 1040 1275 καὶ
1062 1221 1520 1276 ύποσκελισθέντα
1545 1222 1883 1294 ἐπηνώρθου,
1905 1225 2000 1277 κα)⁵

412 1315 730 1385 ἐπιμελείας
745 1314 1036 1369 ἀπολαύειν
1050 1315 1243 1368 ἐποίει”
1262 1315 1356 1368 καὶ
1371 1315 1586 1387 πρῶτον
1603 1316 1703 1387 μὲν
1719 1316 2000 1386 παραινῶν

414 1407 511 1459 καὶ
547 1406 956 1476 συμϐουλεύων,
1000 1406 1225 1478 ὕστερον
1269 1406 1326 1460 δέ
1370 1407 1448 1478 τῷ
1497 1407 1664 1478 φόϐῳ,
1691 1407 1768 1477 τῷ
1810 1408 2000 1478 τρόμῳ

415 1497 705 1562 νουθετῶν,
742 1499 1036 1560 παιδεύων,
1081 1499 1368 1553 διδάσκων.
1417 1499 1635 1563 Ἐπειδὴ
1663 1499 1719 1552 δὲ
1749 1498 2001 1554 τοσοῦτον

417 1588 740 1658 προῦδωκαν
769 1589 940 1660 δῶρον
973 1592 1021 1642 οἱ
1053 1591 1236 1643 πολλοὶ
1263 1591 1372 1643 τῶν
1403 1590 1724 1662 ἀνθρώπων,
1766 1591 1865 1662 τὴν
1895 1591 2002 1644 ἀπὸ

419 1677 519 1747 τῆς
539 1677 775 1748 φυσικῆς
804 1679 1150 1744 διδασκαλίας
1186 1681 1328 1750 λέγω
1360 1681 1652 1752 ὠφέλειαν,
1678 1683 1798 1736 ούδέ
1831 1682 2003 1746 οὕτως

422 1767 622 1829 αὐτοὺς
644 1768 956 1834 κατέλιπεν,
996 1769 1115 1822 ούδέ
1147 1770 1491 1842 πανωλεθρίᾳ
1528 1771 1864 1843 παρέδωκεν,
1885 1769 2003 1826 ἀλλ’

421 1857 602 1924 ἔμεινε
623 1857 710 1909 διά
747 1861 1106 1928 πραγμάτων,
1131 1861 1196 1914 δι’
1237 1862 1588 1933 εὐεργεσιῶν,
1620 1863 1706 1916 διά
1732 1862 2004 1917 κολάσεων

423 1948 716 2011 παιδεύων,
776 1950 1065 2015 νουθετῶν,
1119 1952 1208 2005 διά
1233 1953 1334 2022 τῆς
1393 1955 1626 2018 κτίσεως
1674 1955 1844 2024 αὐτῆς
1883 1954 2006 2008 καθ’

422 2035 638 2107 ἡμέραν
686 2036 1061 2110 ἐργαζομένης
1104 2041 1200 2092 καὶ
1236 2040 1333 2110 τὴν
1373 2041 1647 2095 διακονίαν
1694 2041 2008 2112 πληρούσης

419 2131 520 2198 τὴν
541 2129 810 2189 εἰωθυῖαν.
841 2130 930 2183 διὰ
963 2131 1071 2183 τῶν
1104 2133 1421 2204 παραδόξως
1461 2134 1612 2204 παρά
1665 2133 1735 2186 τά
1778 2133 2009 2187 είωθότα

421 2220 744 2288 γινομένων,
774 2221 860 2275 διὰ
888 2221 994 2274 τῶν
1019 2223 1076 2275 ἐν
1107 2225 1248 2295 ἀρχῇ
1286 2224 1526 2278 δικαίων.
1553 2226 1660 2278 Καὶ
1682 2227 1789 2297 γάρ
1811 2225 2009 2296 ἄνδρας

425 2312 776 2380 θαυμαστοὺς
807 2313 901 2365 καὶ
932 2313 1248 2382 φιλοσοφίας
1277 2314 1544 2384 γέμοντας
1593 2315 1700 2368 ἀπὸ
1725 2316 1906 2369 τόπων
1931 2317 2011 2379 είς

423 2404 623 2465 τόπους
653 2404 954 2474 μετήγαγε.
983 2407 1094 2458 Καὶ
1121 2405 1230 2476 γάρ
1257 2406 1353 2459 καὶ
1394 2406 1486 2458 τὸν
1521 2406 1773 2480 ’Δϐραάμ
1799 2406 1894 2460 νῦν
1913 2408 2012 2479 μὲν

426 2495 505 2555 εἰς
547 2494 933 2566 Παλαιστίνην,
974 2496 1068 2548 νῦν
1095 2496 1151 2548 δέ
1184 2499 1265 2559 εἰς
1306 2496 1580 2565 Αἴγυπτον
1603 2497 2013 2570 παρεσκεύασεν

430 2584 582 2657 [:85]
631 2586 908 2653 ἀπελθεῖν,
941 2589 1035 2640 καὶ
1062 2588 1152 2640 τὸν
1209 2589 1404 2641 Ἰακὼϐ
1435 2591 1516 2652 είς
1542 2589 1763 2662 Συρίαν·
1811 2590 2014 2645 Μωσέα

429 2676 590 2730 πάλιν
619 2677 698 2738 είς
730 2675 1028 2743 Αἴγυπτον,
1053 2679 1177 2742 τοὺς
1199 2681 1345 2749 τρεῖς
1380 2679 1576 2744 παῖδας
1596 2682 1674 2743 είς
1697 2681 2012 2749 Βαϐυλῶνα,

430 2767 523 2820 καὶ
556 2768 646 2820 τὸν
672 2767 890 2838 Δανιὴλ,
921 2770 1015 2821 καὶ
1050 2770 1140 2822 τὸν
1187 2771 1469 2842 ’ῐεζεκιὴλ,
1508 2772 1600 2825 τὸν
1631 2772 1688 2825 δέ
1730 2774 2002 2846 Ἱερεμίαν

428 2861 508 2921 είς
541 2858 837 2926 Αἴγυπτον.
888 2854 1020 2910 Εἶτα
1067 2859 1161 2912 καὶ
1190 2861 1352 2930 νόμον
1385 2861 1572 2928 ἔδωκε,
1603 2865 1699 2916 καὶ
1727 2866 2014 2936 προφήτας

431 2949 741 3014 ἀπέστειλε,
777 2951 868 3002 καὶ
911 2949 1132 3021 ἔπληξε,
1167 2952 1258 3004 καὶ
1304 2953 1494 3023 ἀνῆκε,
1529 2954 1623 3006 καὶ
1671 2956 2018 3027 αίχμαλωσία

431 3039 737 3110 παρέδωκε,
766 3039 859 3093 καὶ
889 3039 1201 3111 ἐλευθερίας
1239 3040 1461 3108 ἠξίωσε,
1488 3042 1582 3095 καὶ
1606 3043 1667 3096 06
1691 3043 1930 3098 διέλιπεν
1960 3045 2020 3110 ἐξ

429 3133 604 3204 ἀρχῆς
624 3132 728 3195 ἐως
749 3132 936 3195 τέλους
958 3134 1136 3186 πάντα
1166 3133 1336 3187 ποιῶν
1366 3135 1460 3187 καὶ
1499 3137 2020 3208 πραγματευόμενος

432 3227 572 3297 ὺπέρ
603 3227 699 3279 106
726 3225 915 3293 γένους
944 3223 1038 3278 106
1062 3226 1352 3296 ἡμετέρου.
1379 3225 1512 3278 Ούδέ
1543 3226 1648 3296 γάρ
1679 3227 1922 3297 ἠρκέσθη
1954 3236 2020 3300 τῇ

432 3318 542 3372 ἀπὸ
574 3319 671 3388 τῆς
700 3318 930 3380 κτίσεως
959 3316 1278 3388 διδασκαλίᾳ
1311 3317 1448 3387 πρὸς
1474 3317 1801 3387 θεογνωσίαν
1835 3321 2025 3392 φερούο

437 3427 508 3483 σῃ
541 3411 721 3480 μόνον,
744 3409 857 3462 ἀλλ’
879 3410 1066 3481 ἐπειδὴ
1103 3407 1287 3462 πολλοὶ
1321 3410 1471 3480 παρὰ
1495 3412 1593 3476 τὴν
1613 3393 1819 3465 οἰκείαν
1843 3414 2022 3478 ἀγνω-

439 3501 678 3573 μοσύνην
714 3500 866 3554 οὐδὲν
885 3499 1133 3553 ἐντεῦθεν
1155 3498 1458 3563 ἀπώναντο,
1489 3501 1583 3553 καὶ
1607 3501 1800 3572 ἐτέρας
1829 3501 2024 3573 ἔτεμεν

436 3593 593 3656 ὁδοὺς
622 3590 994 3658 διδασκαλίας,
1026 3591 1122 3645 καὶ
1159 3589 1308 3654 τέλος
1340 3591 1400 3644 τὸ
1434 3591 1729 3661 κεφάλαιον
1749 3591 1856 3645 τῶν
1889 3593 2027 3660 ἀγα-

439 3685 549 3740 θῶν
585 3683 901 3754 είργάσατο,
951 3682 1162 3738 καὶτὸν
1206 3684 1334 3737 Υίὸν
1377 3684 1663 3738 ἀπέστειλε
1694 3684 1784 3738 τὸν
1809 3685 2023 3748 ἐαυτοῦ,

435 3777 530 3830 τὸν
561 3776 690 3830 Υίὸν
724 3774 815 3829 τὸν
842 3777 1087 3845 γνήσιον,
1115 3774 1207 3828 τὸν
1248 3776 1532 3846 μονογενῆο
1564 3776 1656 3829 καὶ
1679 3777 1708 3828 6
1736 3776 1833 3847 τῆς
1858 3776 2026 3846 αὐτῆς

440 3873 655 3939 φύσεως
682 3870 758 3922 ῶν
796 3868 965 3939 αύτῷ,
995 3869 1370 3949 γίνεταιβπερ
1399 3869 1531 3936 ἐγὼ,
1564 3871 1656 3923 καὶ
1679 3871 1772 3923 ἐπὶ
1797 3870 1902 3940 γῆς
1934 3869 2029 3939 βα-

437 3965 602 4029 δίζων
628 3966 740 4027 τοῖς
772 3962 1082 4034 ἀνθρώποις
1099 3963 1582 4034 συνανεστρέφετο,
1617 3965 1710 4016 καὶ
1739 3964 1914 4034 ήσθιε,
1935 3965 2029 4018 καὶ

441 4059 616 4124 ἔπινε,
647 4059 742 4112 καὶ
775 4056 1091 4128 περιεπόλει
1137 4053 1239 4126 τὴν
1290 4055 1392 4125 γῆν
1422 4055 1713 4119 παιδεύων,
1739 4056 2027 4119 διδάσκων,

443 4150 728 4214 νουθετῶν,
783 4149 1239 4220 θαυματουργῶν,
1293 4148 1358 4202 δι’
1391 4142 1464 4202 ὧν
1497 4148 1786 4219 προύλεγε,
1832 4150 1899 4202 δι’
1955 4143 2031 4202 ὧν

443 4239 702 4310 παρῄνει,
726 4239 793 4293 δι’
825 4232 899 4292 ὧν
949 4237 1325 4300 συνεϐούλευε,
1370 4237 1437 4290 δι’
1471 4230 1546 4290 ὧν
1581 4237 1808 4307 ἔπασχε,
1847 4238 1914 4290 δι’
1956 4230 2031 4290 ὧν

444 4331 726 4400 ὑπέμεινε,
746 4329 810 4382 δι’
841 4323 916 4382 ὧν
951 4327 1339 4399 ἐπηγγέλλετο,
1362 4327 1438 4379 δι’
1477 4320 1552 4380 ὧν
1581 4326 1771 4380 ἐδίδου.
1801 4327 1910 4379 Καὶ
1925 4326 2031 4397 γάρ

445 4421 515 4474 τά
551 4421 648 4491 μὲν
677 4419 929 4472 ἐντεῦθεν
963 4418 1062 4490 ήδη
1112 4418 1374 4488 παρέσχε,
1407 4417 1475 4471 τά
1500 4417 1556 4470 δὲ
1593 4418 1730 4488 πρὸς
1756 4417 1815 4470 τὸ
1842 4417 2033 4488 μέλλον

445 4511 829 4584 ἐταμιεύσατο,
859 4509 894 4565 δι
925 4511 1019 4563 καὶ
1046 4512 1126 4564 ὅτι
1156 4509 1336 4575 δώσει,
1369 4509 1464 4562 καὶ
1513 4509 1579 4563 δι’
1601 4505 1675 4563 ὧν
1724 4511 1804 4564 ἐτι
1830 4510 2034 4582 περιὼν

446 4606 540 4658 ἐπὶ
570 4603 675 4676 γῆς
701 4601 996 4674 θαυμάτων
1024 4601 1334 4674 εἰργάσατο,
1368 4601 1526 4672 δῆλον
1553 4602 1798 4673 ἐποίησε,
1829 4605 1924 4656 καί⁸
1947 4601 2034 4657 διὰ

448 4697 547 4765 τῆς
583 4697 720 4768 μετά
747 4695 920 4752 ταῦτα
954 4689 1030 4749 ὧν
1069 4698 1301 4766 προεῖπε
1329 4695 1544 4750 πάντων
1588 4697 1884 4760 ἐκϐάσεως.
1942 4696 2036 4762 Τίς

448 4792 711 4858 λαλήσει
747 4793 851 4858 τὰς
905 4790 1275 4856 δυναστείας
1307 4790 1414 4844 τοῦ
1461 4792 1702 4859 Κυρίου,
1731 4792 2038 4857 ἀκουστὴς

450 4881 691 4947 ποιήσει
713 4881 914 4947 πάσας
949 4881 1056 4948 τὰς
1104 4881 1369 4946 αἱνέσεις
1403 4881 1624 4945 αὐτοῦ;
1660 4883 1757 4944 Τίς
1819 4883 1918 4934 ούκ
1969 4881 2036 4935 ἂν

451 4972 703 5041 ἐκσταίη,
739 4972 824 5034 τίς
857 4973 957 5025 ούκ
985 4974 1051 5027 ἂν
1080 4975 1290 5044 φρίξειε
1317 4974 1418 5044 τὴν
1452 4973 1657 5043 ἄφατον
1685 4973 1848 5026 αὐτοῦ
1873 4974 2035 5044 κηδε-

456 5061 665 5141 μονίαν,
716 5063 912 5116 ἐννοῶν
964 5064 1080 5127 πῶς
1110 5066 1251 5136 ὑπὲρ
1278 5065 1387 5118 τῶν
1438 5065 1769 5136 ἀγνωμόνων
1810 5065 2036 5119 οἰκετῶν

452 5152 544 5206 τὸν
577 5152 837 5224 μονογενῆ
871 5153 996 5207 Υἱδν
1017 5155 1096 5217 είς
1127 5155 1353 5210 θάνατον
1376 5156 1660 5221 ἐκδέδωκε,
1693 5156 1920 5211 θάνατον
1946 5158 2037 5211 τὸν

453 5245 747 5314 ἐπάρατον,
777 5243 866 5296 τὸν
899 5245 1260 5300 ἐπονείδιστον
1307 5248 1416 5302 τῶν
1443 5247 1512 5300 τὰ
1546 5249 1818 5319 ἀνήκεστα
1865 5249 2039 5303 τετολ-

457 5333 732 5405 μηκότων,
760 5332 990 5386 θάνατον
1021 5335 1111 5387 τὸν
1153 5336 1263 5390 τῶν
1292 5339 1632 5403 καταδίκων;
1675 5339 1782 5392 Καὶ
1811 5340 1918 5410 γὰρ
1951 5339 2038 5409 ἐφ’

455 5423 659 5493 ὑψηλοῦ
714 5423 807 5482 106
861 5424 1035 5494 ίκρίου
1069 5425 1538 5494 ἀνεσκολοπίζετο,
1583 5432 1677 5485 καὶ
1723 5432 2036 5497 ἐνεπτύετο,

455 5518 548 5570 καὶ
578 5513 925 5587 ἐῤῥαπίζετο,
961 5517 1056 5568 καὶ
1076 5518 1166 5573 ἐπὶ
1189 5517 1393 5590 κόρρης
1423 5521 1702 5586 ἐτύπτετο,
1736 5522 1830 5576 καὶ
1852 5525 2037 5601 ἐκωμ-

455 5611 664 5680 ῳδεῖτο,
721 5611 816 5663 καὶ
854 5611 913 5663 ἐν
955 5607 1112 5678 μέρει
1149 5608 1372 5680 χάριτος
1403 5612 1688 5682 ἐθάπτετο,
1713 5619 1808 5671 καὶ
1835 5619 2042 5688 σήμαν-

458 5717 565 5771 τρα
598 5700 762 5753 αὐτοῦ
784 5701 862 5772 τῷ
889 5699 1136 5770 μνήματι
1177 5699 1479 5754 ἐπετίθετο·
1507 5705 1599 5756 καὶ
1627 5705 1800 5760 ταῦτα
1827 5707 2041 5760 ἅπαντα

456 5794 719 5863 ὑφίστατο
742 5793 827 5849 διὰ
852 5793 936 5855 σέ.
967 5791 1059 5844 καὶ
1075 5793 1174 5866 τὴν
1205 5791 1527 5879 κηδεμονίαν
1553 5798 1650 5861 τὴν
1679 5798 1796 5870 σὴν,
1823 5801 1906 5854 ἵνα
1944 5802 2043 5872 τῆς

1117 374 1175 430 S.
1217 373 1504 428 JOANNIS
1542 369 2029 430 CHRYSOSTOMI
2069 371 2388 432 ARCIIIEP.
2424 373 2979 432 CONSTANTINOP.

3642 371 3752 430 438

2094 492 2363 563 ἁμαρτίας
2399 494 2434 564 ή
2461 492 2713 563 τυραννὶς
2757 492 3041 563 ἀναιρεθῇ,
3094 493 3194 547 ἵνα
3263 487 3614 561 καθαιρεθῇ
3657 492 3754 546 106

2091 589 2338 645 διαϐόλου
2373 593 2407 664 ή
2464 589 2778 662 ἀκρόπολις,
2833 591 2921 646 ἵνα
2964 570 3150 664 τμηθῇ
3194 590 3311 644 τοῦ
3381 589 3642 644 θανάτου
3687 592 3754 645 16

2093 686 2282 758 νεῦρα,
2307 687 2395 741 ἵνα
2423 687 2713 757 ἀνοιγῶσιν
2737 689 2872 760 ήμῖν
2896 689 2950 742 αἱ
2970 687 3062 741 106
3090 687 3362 760 ούρανοῦ
3404 687 3615 750 πύλαι,
3667 688 3755 742 ἵνα

2094 783 2368 855 ἀφανισθῇ
2401 784 2436 855 ή
2477 783 2606 856 άρά,
2631 784 2718 839 ἵνα
2749 787 2782 856 ή
2831 784 3073 857 προτέρα
3105 784 3420 856 καταδίκη
3455 785 3632 856 λυθῇ,
3667 787 3756 838 ἵνα

2098 881 2276 954 μάθῃς
2297 881 2593 953 ὑπομονὴν,
2623 882 2709 936 ἵνα
2733 882 3026 954 παιδευθῇς
3048 883 3412 954 καρτερίαν,
3445 881 3546 934 ἵνα
3581 881 3756 951 μηδέν

2097 997 2157 1034 σε
2189 979 2298 1032 τῶν
2319 978 2413 1034 τοῦ
2431 979 2695 1051 παρόντος
2718 978 2832 1050 βίου
2849 980 3013 1051 λυπῇ,
3035 980 3110 1051 μή
3133 980 3427 1042 θάνατος,
3453 979 3542 1049 μὴ
3563 979 3752 1049 ὕϐρις,

2099 1080 2174 1151 μὴ
2191 1077 2468 1150 λοιδορίαι,
2492 1078 2567 1149 μὴ
2595 1077 2924 1148 σκώμματα,
2956 1077 3030 1147 μὴ
3055 1079 3376 1148 μάστιγες,
3404 1075 3492 1147 μὴ
3531 1076 3755 1147 ἐχθρῶν

2095 1175 2401 1239 ἐπιϐουλαὶ,
2437 1175 2512 1245 μὴ
2535 1175 2818 1246 ἐπήρειαι,
2859 1175 2934 1246 μὴ
2961 1174 3159 1245 ἐφοδοι,
3197 1173 3291 1244 μὴ
3329 1174 3748 1241 συκοφαντίαι,

2101 1274 2174 1344 μὴ
2198 1272 2493 1344 ὑπολήψεις
2521 1273 2780 1344 πονηραὶ,
2814 1273 2886 1342 μὴ
2913 1272 3040 1326 ἄλλο
3063 1273 3170 1326 τῶν
3202 1271 3514 1326 τοιούτων
3551 1269 3748 1341 μηδὲν.

2097 1371 2198 1425 Διά
2218 1371 2327 1443 γάρ
2354 1371 2572 1426 πάντων
2595 1371 2689 1423 καὶ
2711 1371 2874 1425 αὐτὸς
2895 1366 3049 1441 ἦλθε,
3078 1371 3174 1424 καὶ
3202 1369 3465 1423 πάντων
3495 1385 3588 1421 σοι
3623 1369 3752 1421 106—

2095 1485 2205 1523 των
2245 1468 2593 1538 ἐκοινώνησε,
2649 1469 2745 1522 καὶ
2791 1467 2878 1521 διὰ
2937 1467 3156 1522 πάντων
3222 1467 3368 1537 μεθ’
3419 1463 3750 1535 ὑπερϐολῆς

2099 1565 2393 1636 ἐκράτησε,
2417 1563 2688 1619 παιδεύων
2719 1580 2778 1616 σε
2799 1564 2893 1618 καὶ
2907 1563 3174 1618 διδάσκων
3193 1562 3394 1634 μηδὲν
3425 1562 3549 1615 τῶν
3574 1562 3750 1616 τοιού-

2098 1679 2206 1716 των
2244 1661 2556 1715 δεδοικέναι.
2607 1662 2718 1716 Καὶ
2767 1661 2888 1714 οὐδὲ
2933 1660 3146 1725 τούτοις
3210 1659 3506 1732 ἠρκέσθη
3551 1658 3742 1729 μόνον,

2099 1758 2235 1813 ἀλλά
2274 1759 2369 1812 καὶ
2409 1757 2652 1813 ἀνελθὼν
2704 1759 2784 1820 εἰς
2843 1758 3107 1829 οὐρανοὺς
3161 1755 3321 1812 Πνεύ
3333 1773 3528 1827 ματος
3583 1755 3744 1823 ἁγίου

2100 1857 2396 1928 ἐχαρίσατο
2454 1856 2615 1926 χάριν
2676 1855 2900 1924 ἄφατον,
2955 1855 3050 1909 καὶ
3099 1855 3470 1918 ἀποστόλους
3521 1851 3740 1922 ἔπεμψε

2100 1949 2230 2011 τοὺς
2261 1949 2398 2021 πρός
2427 1949 2588 2002 τοῦτο
2622 1949 3132 2020 διακονησομένους.
3167 1948 3290 2002 Καὶ
3335 1946 3498 2017 ὁρῶν
3535 1947 3740 2008 αὐτοὺς

2103 2048 2230 2110 τοὺς
2257 2047 2354 2118 τῆς
2378 2045 2524 2118 ζωῆς
2557 2047 2808 2119 κήρυκας
2852 2045 2920 2100 τά
2953 2045 3124 2118 μυρία
3167 2045 3522 2116 πάσχοντας
3564 2042 3732 2105 κακά,

2109 2141 2565 2215 μαστιζομένους,
2619 2142 3043 2216 ὑϐριζομένους,
3096 2139 3731 2210 καταποντιζομένουςν

2107 2241 2602 2310 κατατεινομένους
2627 2238 2772 2310 λιμῷ
2803 2240 2897 2292 καὶ
2933 2239 3096 2309 δίψει,
3133 2238 3261 2291 καθ’
3294 2237 3563 2304 ἑκάστην
3596 2230 3732 2303 ἠμέ-

2110 2354 2208 2406 ραν
2237 2337 2593 2408 ἀγχομένους,
2618 2336 2764 2409 [484]
2792 2336 3042 2399 θανάτοις
3081 2333 3381 2400 συζῶντας
3413 2331 3730 2402 καθημερι-

2107 2435 2238 2496 νοῖς,
2268 2432 2512 2504 ήνείχετο
2560 2432 2650 2487 διά
2677 2433 2768 2497 σὲ,
2805 2433 2899 2486 καὶ
2940 2433 3039 2503 τὴν
3090 2429 3446 2502 κηδεμονίαν
3478 2427 3586 2500 τήν
3608 2426 3725 2496 σήν.

2108 2530 2208 2584 Διά
2241 2530 2321 2595 σέ,
2354 2529 2630 2601 ἄνθρωπε,
2671 2529 2766 2584 καὶ
2794 2529 3066 2600 βασιλείαν
3097 2529 3405 2600 ἡτοίμασε,
3441 2524 3540 2580 διά
3567 2524 3627 2576 σέ
3662 2523 3727 2575 16

2109 2628 2291 2698 ἀγαθά
2329 2629 2398 2684 16
2425 2627 2734 2701 ἀπόρρητα,
2759 2629 2859 2701 τὴν
2883 2629 3034 2701 λῆξιν
3067 2628 3290 2699 ἐκείνην
3325 2627 3437 2697 τὴν
3476 2626 3538 2678 ἐν
3563 2625 3724 2693 ούρα-

2109 2731 2240 2790 νοῖς,
2264 2726 2364 2792 τάς
2391 2727 2558 2798 μονάς
2576 2725 2676 2789 τὰς
2707 2725 2998 2797 διαφόρους
3032 2727 3126 2780 καὶ
3155 2723 3449 2786 ποικίλας,
3477 2722 3584 2790 τὴν
3619 2735 3720 2790 μα-

2112 2828 2434 2900 καριότητα,
2451 2827 2551 2899 τὴν
2577 2827 2832 2882 οὐδέποτε
2854 2825 2999 2897 λόγῳ
3029 2823 3456 2898 ἐρμηνευθῆναι
3486 2816 3718 2888 δυναμέ-

2113 2942 2230 2996 νην,
2255 2925 2505 2978 Τοσαῦτα
2532 2919 2625 2978 06v
2651 2924 2791 2995 ἔχων
2813 2923 3080 2994 δείγματα
3111 2921 3279 2976 αὑτοῦ
3297 2920 3408 2991 τῆς
3439 2917 3717 2991 προνοίας,

2112 3020 2182 3074 16
2204 3023 2263 3076 ἐν
2294 3024 2361 3093 τῇ
2390 3023 2591 3093 Καινῇ,
2621 3021 2691 3076 τά
2722 3023 2782 3074 ἐν
2805 3023 2873 3092 τῇ
2907 3021 3144 3090 Παλαιᾷ,
3187 3019 3258 3073 16
3283 3020 3350 3073 ἐν
3375 3016 3464 3086 τῷ
3493 3013 3716 3086 παρόντι

2117 3117 2238 3187 βίῳ,
2261 3118 2330 3174 16
2351 3121 2409 3173 ἐν
2433 3118 2512 3190 τῷ
2537 3117 2806 3189 μέλλοντι,
2830 3119 2900 3172 16
2919 3118 3176 3188 ἐσόμενα,
3205 3116 3276 3170 16
3297 3114 3604 3184 γενόμενα.
3654 3105 3718 3160 ⁸1τοῖι

2116 3216 2238 3270 καθ’
2255 3217 2493 3288 ἑκάστην
2522 3217 2916 3288 ἐπιτελούμενα
2937 3214 3298 3288 τὴνήμέραν,
3329 3213 3408 3268 τὰ
3437 3209 3499 3276 ἐξ
3524 3206 3710 3278 ἀρχῆς.

2115 3311 2186 3366 τὰ
2223 3315 2282 3368 ἐν
2311 3313 2387 3384 τῷ
2414 3314 2586 3384 μέσῳ,
2611 3313 2679 3367 τὰ
2709 3315 2768 3366 ἐν
2792 3312 2870 3384 τῷ
2892 3312 3054 3378 τέλει,
3083 3311 3153 3364 16
3179 3309 3479 3383 διηνεκῶς,
3506 3305 3579 3359 16
3595 3300 3714 3373 περὶ

2121 3413 2301 3483 σῶμα,
2335 3411 2404 3465 16
2438 3411 2567 3481 περὶ
2613 3410 2814 3482 ψυχὴν,
2845 3410 2942 3465 καὶ
2977 3409 3206 3479 νιφάδας
3255 3407 3411 3479 ὁρῶν
3455 3399 3711 3458 πάντοθεν

2119 3508 2425 3580 φερομένας
2479 3507 2830 3576 ἀποδείξεων,
2872 3505 3362 3576 ἀνακηρυττούσας
3416 3501 3584 3554 αὐτοῦ
3620 3494 3710 3564 τὴν

2121 3609 2397 3680 πρόνοιαν,
2436 3607 2800 3679 ἀμφιϐάλλεις
2842 3606 2963 3672 ἐτι;
3020 3605 3161 3658 Ἀλλ’
3181 3605 3284 3658 ούκ
3324 3595 3704 3674 ἀμφιϐάλλεις,

2123 3705 2468 3769 πιστεύειςδέ
2496 3706 2578 3759 ὅτι
2606 3708 2843 3776 προνοεῖ,
2878 3704 2972 3758 καὶ¹
2999 3702 3270 3765 πέπεικας
3300 3699 3505 3755 σαυτὸν
3537 3691 3703 3746 τοῦτο.

2122 3800 2334 3856 οὐκοῦν
2361 3801 2526 3872 μηδὲν
2548 3800 2913 3872 περιεργάζου
2932 3799 3114 3863 πλέον,
3137 3795 3292 3860 εἰδὼς
3319 3781 3486 3849 10610
3510 3785 3700 3857 σαφῶς,

2122 3901 2205 3955 ὅτι
2257 3902 2532 3971 Δεσπότην
2567 3899 2711 3970 ἔχεις
2759 3897 3011 3968 πατέρων
3053 3892 3562 3966 φιλοστοργότερον,
3619 3879 3704 3935 καὶ

2127 3998 2378 4070 μητέρων
2399 3996 2526 4067 κηδε
2535 3995 2898 4069 μονικὼτερον
2908 4037 2922 4059 ,
2937 3995 3173 4065 νυμφίου
3195 3993 3290 4046 καὶ
3309 3989 3534 4061 νύμφης
3547 3979 3701 4053 ἐρῶν-

2123 4117 2194 4155 τα
2251 4095 2676 4167 ἐρωτικώτερον,
2706 4094 2913 4148 οἰκείαν
2955 4092 3258 4146 ἀνάπαυσιν
3280 4089 3384 4159 τὴν
3424 4086 3522 4156 σὴν
3551 4075 3700 4151 ἠγοῦ·

2129 4214 2288 4268 μενον
2345 4195 2642 4267 σωτηρίαν,
2679 4193 2774 4246 καὶ
2814 4191 3018 4262 μᾶλλον
3062 4190 3155 4242 ἐπὶ
3208 4188 3385 4259 ταύτῃ
3433 4181 3694 4254 χαίροντα,
3803 4221 3814 4232 .

2126 4297 2160 4368 ἢ
2205 4297 2267 4349 σὺ
2295 4297 2388 4348 ἐπὶ
2415 4292 2703 4364 ἀπαλλαγῇ
2726 4289 2985 4344 κινδύνων
3007 4287 3100 4343 καὶ
3127 4287 3376 4342 θανάτων
3405 4284 3558 4350 (ὅπερ
3573 4275 3696 4329 ἐδει-

2129 4393 2196 4460 ξα
2231 4393 2320 4446 διὰ
2353 4390 2446 4445 τοῦ
2493 4391 2692 4457 Ἰωνᾶ),
2730 4390 2823 4442 καὶ
2843 4389 2951 4441 πᾶν
2985 4382 3124 4449 είδος
3156 4385 3380 4456 ἀγάπης
3409 4369 3692 4433 ἐπιδεικνύ-

2132 4508 2315 4564 μενον,
2345 4490 2373 4544 6
2417 4488 2601 4559 πατὴρ
2627 4486 2758 4558 περὶ
2785 4485 2981 4547 παῖδας
3012 4483 3144 4552 ἐχει,
3176 4483 3208 4553 ἢ
3248 4483 3434 4552 μήτηρ
3459 4473 3582 4545 περὶ
3616 4467 3693 4520 ἕκ-

2129 4605 2284 4659 γθναν
2315 4589 2343 4642 ὁ
2363 4585 2743 4658 ἀμπελουργὸς
2761 4585 2889 4656 περὶ
2912 4582 3076 4654 φυτά,
3099 4583 3128 4635 6
3157 4579 3438 4650 οἰκοδόμος
3458 4571 3578 4643 περὶ
3611 4563 3686 4618 τέ-

2130 4703 2284 4758 χνην,
2310 4688 2338 4739 ὁ
2361 4683 2594 4754 νυμφίος
2623 4683 2750 4753 περὶ
2779 4681 3016 4752 νύμφην,
3043 4681 3072 4733 6
3099 4677 3380 4740 νεανίσκος
3403 4671 3528 4742 περὶ
3567 4677 3690 4730 παρ-

2133 4783 2305 4846 θένον,
2338 4779 2433 4834 καὶ
2460 4778 2783 4850 βουλόμενον
2817 4774 3127 4846 ἀποστῆσαι
3157 4791 3250 4826 σου
3280 4770 3349 4825 τά
3387 4765 3546 4828 κακά,
3579 4761 3686 4813 ὅσον

2130 4882 2438 4952 ἀφέστηκεν
2461 4876 2693 4948 ἀνατολὴ
2729 4876 2828 4944 τῆς
2857 4873 3084 4938 δύσεως,
3112 4873 3234 4926 ὅσον
3261 4869 3579 4940 ὑψηλότερος
3601 4855 3685 4924 τῆς

2132 4981 2236 5052 γῆς
2257 4976 2528 5049 ὁοὺρανὺς
2557 4973 2798 5047 (καὶγὰρ
2832 4973 2927 5026 καὶ
2958 4971 3119 5024 τοῦτο
3148 4962 3547 5038 ἀπεδείξαμεν),
3566 4951 3684 5027 μᾶλ-

2131 5077 2222 5133 λον
2270 5075 2328 5130 δέ
2380 5075 2440 5127 06
2475 5071 2727 5125 τοσοῦτον
2769 5069 2949 5140 μόνον,
3009 5067 3147 5122 ἀλλά
3179 5067 3272 5120 καὶ
3319 5060 3493 5131 πολλῷ
3522 5052 3680 5109 πλέον’

2134 5173 2386 5243 καθάπερ
2405 5169 2688 5242 ἐδείξαμεν
2723 5168 2816 5221 τὸν
2839 5163 3195 5238 περὶτούτων
3225 5160 3492 5218 κινοῦντες
3524 5150 3675 5214 λόγον,

2134 5271 2227 5322 καὶ
2277 5268 2707 5340 παραινέσαντες
2735 5264 2809 5336 μὴ
2869 5263 3032 5335 μέχρι
3072 5260 3181 5313 τῶν
3209 5259 3429 5312 εἰκόνων
3464 5247 3677 5340 ἑστάναι,

2133 5367 2251 5420 ἀλλ’
2291 5337 2644 5437 ὑπερϐαίνειν
2674 5365 2786 5425 τοῖς
2816 5361 3116 5430 λογισμοῖς.
3165 5355 3570 5428 Ἀνερμήνευτος
3585 5337 3675 5408 γὰρ

2135 5467 2168 5538 ή
2196 5466 2288 5520 106
2315 5466 2450 5520 Θεοῦ
2477 5466 2724 5538 πρόνοια,
2763 5463 2856 5517 καὶ
2877 5461 3263 5530 ἀκατάληπτος
3294 5453 3450 5509 αὑτοῦ
3483 5451 3513 5519 ἡ
3545 5439 3672 5546 κηδες

2141 5565 2318 5635 μονία,
2362 5563 2602 5633 άῤῥητος
2657 5561 2692 5631 ἡ
2749 5557 3022 5628 ἀγαθότης
3089 5557 3184 5611 καὶ
3234 5549 3608 5624 ἀνεξιχνίαστος
3644 5547 3672 5601 η

2139 5659 2536 5730 φιλανθρωπία.

2211 5819 2394 5874 Ταῦτα
2424 5813 2514 5870 οὖν
2545 5817 2754 5870 ἅπαντα
2804 5814 2976 5879 εἰδὼς,
3029 5810 3122 5865 καὶ
3153 5809 3219 5864 δι’
3259 5801 3336 5864 ὧν
3377 5799 3668 5874 ἀπε¹θθνατ⁰⁹
