4002 6388
474 412 578 466 490

471 522 782 578 medicorum
831 537 931 575 non
969 518 1337 574 exnutinamus.
1367 543 1440 556 —
1466 512 1592 568 llaec
1617 512 1778 582 igitur
1819 507 1911 563 tibi
1939 521 2061 563 cum

473 614 749 683 explorata
775 614 879 668 sint
906 613 1105 672 omnia,
1135 623 1255 662 cum
1286 621 1355 661 ex
1385 605 1490 659 illis
1528 618 1645 673 quze
1674 597 2055 672 pronuntiavit,

473 712 582 758 tum
614 721 681 760 ex
722 703 826 759 illis
867 718 986 772 qua:
1030 699 1218 770 gessit,
1246 711 1473 767 quaeque
1513 702 1762 764 gesturus
1810 698 1914 753 est,
1948 686 2058 742 noli

471 796 680 850 curiose
705 793 1021 863 disquirere,
1053 803 1224 860 neque
1249 786 1497 852 scrutari,
1526 798 1699 855 neque
1724 783 1923 844 dicere,
1949 779 2059 833 Cur

473 887 610 942 hoc?
635 887 703 942 ad
740 885 866 956 quid
907 883 1045 939 hoc?
1069 883 1260 938 Annon
1288 880 1433 936 enim
1475 877 1662 932 furiosi
1706 874 1938 930 hominis
1975 881 2060 928 est

473 979 590 1050 hoc,
618 987 672 1033 et
714 992 978 1033 summam
1027 975 1354 1030 dementiam
1402 981 1458 1028 et
1503 970 1762 1025 insaniam
1805 967 1972 1037 sapit,
2006 965 2058 1020 in

471 1069 734 1124 medicum
771 1067 984 1139 quidem
1029 1066 1244 1122 curiose
1283 1078 1389 1120 non
1432 1063 1700 1132 inquirere
1725 1059 1852 1114 dum
1889 1066 2057 1123 secat,

470 1162 595 1215 dum
619 1161 745 1228 urit,
773 1160 900 1215 dum
933 1159 1126 1215 acerba
1175 1156 1563 1212 medicamenta
1595 1152 1844 1222 applicat,
1871 1163 2061 1220 quam-

469 1254 549 1308 vis
577 1267 763 1308 servus
790 1253 889 1319 sit,
925 1251 1021 1307 sed
1062 1266 1185 1306 cum
1215 1249 1432 1304 silentio
1459 1247 1636 1318 jacere
1656 1245 1930 1300 dominum
1959 1242 2059 1296 ista

473 1346 789 1413 patientem,
818 1344 974 1413 eique
1007 1352 1225 1412 propter
1253 1341 1393 1396 hanc
1421 1341 1686 1394 ustionem
1713 1337 1937 1408 gratiam
1967 1335 2059 1386 ha-

471 1442 620 1504 bere,
644 1454 706 1492 ac
743 1446 965 1508 propter
1008 1436 1306 1491 sectionem
1345 1448 1408 1489 ac
1446 1431 1865 1493 medicamenta;
1903 1427 2062 1496 idque

470 1547 591 1586 eum
626 1532 889 1584 incertum
931 1529 1003 1583 sit
1044 1527 1318 1590 futurum;
1350 1539 1495 1594 szepe
1526 1537 1755 1592 namque
1784 1520 1980 1574 multos
2009 1517 2059 1572 id

471 1623 676 1694 agetth
714 1620 1127 1684 interfecerunt;
1173 1618 1330 1687 eique
1371 1615 1582 1686 penitus
1630 1613 1928 1680 subjectum
1968 1625 2064 1679 pa-

471 1731 612 1780 rere,
636 1714 761 1767 dum
794 1714 842 1767 id
876 1713 1003 1783 agit,
1036 1711 1282 1780 idemque
1303 1724 1429 1779 erga
1462 1719 1678 1762 nautam
1722 1715 1776 1760 et
1822 1704 2060 1760 archite-

469 1817 636 1871 ctum,
662 1805 746 1859 vel
777 1819 902 1875 erga
924 1814 1152 1858 czeteros
1181 1802 1269 1872 qui
1297 1801 1546 1856 diversas
1575 1809 1719 1854 artes
1747 1797 2062 1868 proﬁtentur

473 1905 726 1968 praestare
751 1913 764 1948 :
789 1896 1092 1958 ridiculum,
1129 1896 1366 1964 inquam,
1397 1893 1607 1948 censeri
1659 1891 1932 1946 hominem
1963 1890 2062 1942 itu-

470 1989 697 2057 perituut
737 1995 793 2042 et
830 1987 1170 2056 inexpertum
1222 1999 1410 2040 causas
1451 1984 1713 2047 omnium,
1747 1998 1865 2052 qua:
1906 1981 2058 2045 fiunt,

469 2081 537 2134 ab
561 2078 767 2134 artiﬁce
793 2079 1086 2148 requirere,
1111 2077 1427 2146 sapientiam
1451 2086 1630 2130 autem
1663 2073 1804 2126 illam
1834 2073 2060 2126 immeu-

469 2187 582 2226 sam
605 2213 618 2236 ,
662 2171 982 2227 ineﬁ‘ahilem
1003 2212 1018 2235 ,
1051 2169 1474 2240 inexplicabilem
1499 2209 1513 2233 ,
1546 2165 2061 2236 incomprehensibi-

471 2265 572 2318 lcm
613 2265 824 2318 curiose
853 2262 1080 2318 scrutari
1101 2301 1118 2327 ,
1144 2270 1200 2316 et
1227 2275 1323 2314 cur
1353 2261 1455 2314 hoc
1481 2259 1561 2312 vel
1592 2259 1721 2312 illud
1754 2258 1845 2311 ﬁat
1870 2257 2061 2327 exqui-

469 2371 609 2419 rere,
637 2355 796 2424 idque
820 2369 940 2409 cum
975 2355 1140 2422 probe
1167 2352 1473 2407 noverimus
1496 2353 1548 2405 in
1581 2351 1718 2406 hanc
1746 2351 2060 2419 sapientiam

469 2459 711 2499 errorem
760 2457 866 2497 non
911 2442 1126 2508 cadere,
1165 2457 1412 2512 magnam
1449 2440 1565 2510 ejus
1595 2455 1716 2495 esse
1747 2440 2058 2500 bonitatem,

473 2534 884 2590 iuenarrabilem
925 2533 1042 2603 ejus
1069 2549 1190 2589 esse
1217 2532 1626 2602 providentiam,
1650 2531 1716 2585 ad
1747 2532 1906 2585 linem
1937 2547 2060 2600 pro-

470 2639 688 2695 sperum
718 2626 896 2680 omnia
914 2625 1214 2694 pervenire,
1241 2639 1362 2694 quae
1387 2623 1454 2678 ab
1481 2623 1573 2678 illo
1591 2634 1771 2677 nostra
1788 2637 1944 2676 causa
1966 2639 2062 2692 ge-

473 2729 661 2772 runtur
689 2734 702 2770 :
733 2716 892 2771 modo
914 2731 980 2771 ne
1003 2725 1202 2770 nostra:
1228 2730 1439 2785 quoque
1467 2727 1648 2784 partes
1673 2713 1870 2779 desint;
1893 2716 2063 2768 nenti-

470 2826 595 2866 uem
632 2809 782 2864 illum
823 2809 1001 2878 perire
1027 2809 1182 2875 velle,
1206 2822 1394 2862 omnes
1432 2808 1611 2862 salvos
1641 2806 1822 2862 facere
1849 2819 1901 2862 et
1929 2809 2063 2862 velle

470 2910 527 2957 et
555 2900 746 2971 posse?
777 2903 969 2956 Annon
1003 2900 1162 2970 igitur
1191 2908 1273 2954 est
1311 2908 1570 2954 extremm
1615 2898 1898 2953 dementia:
1930 2898 2063 2953 faci-

470 3007 572 3046 nus
599 3007 741 3058 eum,
767 2993 856 3062 qui
884 2991 1062 3047 salvos
1089 2991 1266 3047 facere
1290 3001 1512 3046 cunctos
1557 2999 1611 3046 et
1639 2991 1763 3046 velit
1791 3000 1846 3045 et
1873 2991 2060 3060 possit,

467 3085 679 3140 curiose
705 3085 932 3139 scrutari
954 3083 1064 3153 jam
1090 3098 1118 3136 a
1160 3084 1441 3154 principio,
1469 3093 1524 3138 et
1551 3098 1582 3138 e
1618 3083 1864 3154 vestigio,
1891 3099 2063 3154 neque

469 3174 627 3229 ﬁnem
656 3189 843 3229 eorum
869 3190 988 3244 qua!
1007 3182 1268 3244 geruntur
1287 3172 1636 3242 exspectare?

538 3264 666 3320 CAP.
695 3264 786 3320 IX.
820 3264 944 3318 Non
981 3281 1092 3319 esse
1136 3265 1333 3318 curiose
1372 3265 1764 3335 inquirendum,
1804 3275 1850 3321 et
1895 3283 2064 3321 rerum

471 3361 624 3425 ﬁnem
663 3357 1058 3426 exspectandum
1096 3373 1224 3411 esse.
1250 3385 1325 3396 --
1353 3356 1632 3426 Prmcipue
1663 3373 1788 3413 vero
1814 3373 1939 3412 cum
1971 3374 2063 3414 ne-

470 3465 574 3517 que
598 3465 629 3504 a
657 3451 940 3520 principio,
967 3464 1144 3520 neque
1170 3449 1426 3530 deinceps
1449 3449 1662 3506 curiose
1687 3451 1757 3506 sit
1787 3451 2063 3522 inquiren-

470 3545 629 3611 dum;
657 3543 799 3614 quod
827 3543 873 3599 si
901 3543 1038 3598 adeo
1067 3542 1314 3597 curiosus
1333 3557 1396 3597 ac
1421 3542 1648 3613 diligens
1673 3551 1938 3599 scrutator
1963 3545 2060 3611 sis,

475 3638 634 3691 finem
657 3644 929 3707 exspecta,
961 3646 1014 3691 et
1047 3650 1206 3706 quem
1238 3635 1452 3690 tandem
1483 3635 1686 3690 exitum
1704 3636 1806 3690 ista
1833 3637 2064 3692 sortian-

475 3740 566 3783 tur
584 3729 887 3794 considera,
915 3743 1089 3798 neque
1119 3728 1350 3783 turberis
1395 3736 1487 3782 aut
1521 3729 1776 3784 terrearis
1802 3744 1832 3784 a
1862 3731 2062 3799 princi-

471 3824 580 3891 pio.
606 3821 1046 3891 Quandoquidem
1084 3821 1200 3876 auri
1246 3837 1459 3892 quoque
1507 3821 1743 3877 fusorem
1783 3823 2064 3892 imperitus

467 3914 661 3982 aliquis
703 3913 748 3968 si
795 3912 972 3966 videat
1018 3913 1184 3967 iuitio‘
1220 3926 1412 3967 aurum
1460 3912 1774 3982 liquantem,
1803 3922 1860 3967 et
1893 3912 2061 3968 cineri

473 4005 744 4074 paleisque
768 4004 1178 4068 admiscentem,
1216 4003 1317 4058 nisi
1350 4004 1509 4058 ﬁnem
1542 4012 1843 4073 exspectet,
1873 4017 2061 4057 aurum

473 4093 696 4168 periisse
718 4098 1096 4153 arbitrabitur:
1119 4098 1197 4152 sic
1221 4106 1275 4152 et
1314 4097 1368 4151 in
1391 4097 1523 4150 mari
1548 4106 1704 4152 natus
1720 4104 1776 4152 et
1803 4095 2064 4152 educatus

471 4190 768 4260 quispiam,
801 4190 848 4244 si
891 4190 1173 4244 confestim
1222 4187 1288 4241 ad
1335 4187 1727 4244 mediterranea
1771 4187 2060 4242 habitanda

473 4281 784 4347 translatus,
812 4295 934 4335 cum
965 4279 1094 4333 nihil
1139 4280 1297 4348 plane
1337 4279 1406 4333 de
1433 4293 1684 4350 agrorum
1715 4279 2060 4334 colendorum

473 4374 684 4429 ratione
723 4371 1076 4440 inaudiverit,
1115 4371 1451 4426 reconditum
1497 4372 1731 4426 triticum
1764 4371 1977 4439 viderit,
2010 4383 2066 4429 et

466 4467 646 4538 januis
677 4465 1026 4536 vectibusque
1068 4464 1382 4520 conclusum
1425 4466 1647 4532 servari,
1675 4475 1834 4536 atque
1865 4466 1931 4520 ab
1961 4467 2063 4521 hu-

473 4560 711 4616 miditate
755 4558 1001 4627 defendi,
1043 4559 1331 4629 statimque
1373 4559 1440 4615 ab
1463 4559 1695 4630 agricola
1722 4559 1918 4614 deinde
1942 4561 2062 4615 ela-

472 4663 583 4710 tum
629 4654 829 4725 spargi,
856 4653 1073 4724 projici,
1099 4662 1155 4708 et
1194 4651 1246 4705 in
1281 4665 1413 4722 agro
1450 4653 1898 4721 prtetereuntibus
1928 4668 2062 4707 cun-

470 4747 572 4800 ctis
597 4748 811 4815 exponi,
841 4755 896 4802 et
921 4763 1029 4801 non
1057 4745 1222 4801 modo
1249 4743 1318 4800 ab
1346 4745 1662 4800 humiditate
1689 4763 1794 4800 non
1823 4746 2060 4810 defendi,

473 4837 568 4892 sed
600 4839 711 4892 luto
741 4839 973 4908 ﬁtnoque
1021 4837 1398 4893 macerandum
1439 4839 1654 4908 exponi,
1688 4854 1861 4907 neque
1886 4848 2066 4893 custo-

472 4929 597 4984 dem
623 4928 840 4997 apponi,
867 4945 1044 4984 nonne
1073 4929 1299 4998 periisse
1334 4929 1568 4983 triticum
1613 4929 1980 4996 arbitrabitur,
2010 4939 2066 4985 et

474 5020 766 5091 agricolam
795 5017 911 5074 hmc
936 5030 1180 5090 agentem
1211 5021 1524 5076 damnabit?
1558 5023 1625 5075 At
1655 5022 1767 5076 haec
1803 5023 2063 5078 condem-

477 5109 623 5164 natio
651 5125 755 5164 non
785 5109 863 5164 rei
889 5120 1112 5176 naturae,
1145 5111 1240 5167 sed
1281 5113 1396 5181 ejus
1432 5111 1712 5182 imperitim
1735 5114 2065 5184 inscititeque

478 5201 757 5257 tribuenda
784 5211 885 5267 est,
918 5203 1008 5272 qui
1036 5213 1180 5258 recte
1211 5221 1315 5259 non
1341 5206 1622 5274 judicavit,
1655 5217 1710 5262 et
1737 5223 1766 5260 a
1799 5208 2062 5276 principio

465 5299 656 5351 statim
679 5296 996 5350 sententiam
1028 5296 1162 5349 tulit.
1189 5296 1401 5352 Etenim
1430 5299 1472 5352 si
1495 5308 1732 5354 mstalem
1753 5311 2064 5369 exspectas-

476 5398 587 5455 set,
619 5403 682 5443 ac
721 5397 958 5457 segetem
1005 5397 1316 5442 vet-nantem
1360 5391 1602 5456 vidisset,
1651 5392 1837 5448 falcem
1873 5408 2066 5448 exacu-

477 5489 607 5546 tam,
636 5489 690 5534 et
716 5481 947 5534 triticum
964 5479 1105 5548 quod
1128 5494 1370 5548 sparsum
1399 5482 1589 5549 fuerat,
1616 5491 1670 5537 et
1695 5485 1812 5538 sine
1841 5485 2065 5541 custode

478 5571 742 5637 relictum,
770 5569 1124 5640 putrefactum
1153 5579 1206 5625 et
1231 5581 1546 5639 corruptum
1594 5587 1657 5626 ac
1696 5575 1807 5629 luto
1848 5575 2063 5644 exposi-

480 5669 614 5726 tum,
655 5677 778 5716 mox
821 5661 1153 5732 germinasse
1193 5678 1256 5717 ac
1308 5663 1710 5731 multiplicatum
1755 5670 2066 5736 apparuis~e

481 5751 792 5818 pulchrum,
825 5762 882 5808 et
923 5761 1186 5807 vetustate
1231 5755 1468 5821 deposita
1520 5757 1687 5809 niulto
1737 5776 1856 5811 cum
1888 5761 2066 5828 vigore

476 5855 599 5896 sese
625 5841 882 5906 erexisse,
913 5842 1064 5908 quasi
1096 5844 1411 5901 satellitibus
1440 5843 1692 5912 stipatum
1721 5857 1773 5899 et
1800 5850 2059 5915 vestibus,

1225 405 1278 458 S.
1322 400 1597 457 JO.-\l\'l\'lS
1635 395 2110 454 CilRYSOSTOMl
2150 396 2468 453 ARCHIEP.
2510 397 3042 456 CONSTANTINOP.
3666 411 3758 464 δυο

2173 509 2412 566 culmum
2453 513 2506 567 in
2553 512 2719 567 altum
2761 515 3042 577 extulisse,
3075 523 3452 584 spectatorem
3480 516 3760 576 obiectasse

2169 599 2324 656 simul
2350 613 2405 656 et
2432 603 2648 668 aluisse,
2682 604 2938 675 lucroque
2968 607 3165 661 ditasse
3200 623 3314 661 non
3348 607 3632 672 mediocri,
3662 619 3760 664 tum

2169 709 2299 748 vero
2350 697 2580 765 amplius
2632 698 2856 752 miratus
2900 708 3080 764 esset,
3134 698 3289 770 quod
3357 715 3461 771 per
3517 699 3762 770 ejusmodi

2168 783 2360 838 damna
2389 786 2593 842 fructus
2612 787 2679 841 ad
2711 796 2912 842 tantam
2952 789 3284 856 ubertatem,
3319 804 3372 844 et
3419 791 3762 860 pulchritudi-

2169 889 2292 928 nem
2349 887 2570 932 evectus
2611 887 2776 933 esset.
2823 878 2902 933 Tu
2945 895 3176 950 quoque,
3223 881 3304 936 mi
3364 881 3554 950 homo,
3587 885 3685 938 noli
3716 887 3760 938 in

2166 979 2508 1022 communem
2549 969 2789 1024 omnium
2834 970 3120 1026 Dominum
3152 983 3412 1028 nostrum
3439 977 3650 1030 curiose
3688 978 3759 1030 in.

2166 1059 2384 1128 quirere
2415 1077 2429 1112 :
2459 1060 2602 1130 quod
2643 1062 2689 1116 si
2733 1071 2840 1117 tam
2880 1065 3255 1121 contentiosus
3282 1066 3365 1122 sis
3403 1073 3460 1121 et
3495 1067 3687 1133 audax,
3712 1082 3759 1124 ut

2168 1147 2305 1204 hanc
2355 1151 2589 1208 insanire
2626 1153 2759 1208 velis
2803 1154 3090 1223 insaniam,
3129 1158 3332 1212 saltem
3363 1157 3528 1212 ﬁnem
3560 1175 3749 1213 eorum.

2166 1255 2284 1310 qua:
2309 1252 2588 1310 geruntur,
2611 1253 2882 1314 exspecta.
2922 1246 3053 1300 Nam
3092 1256 3147 1302 et
3188 1248 3440 1318 agricola
3471 1259 3632 1304 totam
3659 1251 3736 1304 itte.
3787 1277 3796 1286 η

2171 1350 2313 1390 mem
2334 1346 2644 1406 exspectat,
2675 1354 2850 1410 neque
2889 1339 2954 1393 ad
2988 1355 3073 1404 ea,
3102 1357 3224 1410 qua:
3258 1342 3502 1396 triticum
3535 1352 3754 1410 tempor-

2172 1427 2385 1496 frigoris
2433 1431 2648 1498 patitur,
2675 1431 2917 1500 respicit,
2939 1433 3034 1487 sed
3063 1432 3128 1487 ad
3176 1447 3242 1487 ea
3285 1433 3490 1503 quibus
3521 1433 3757 1488 fruiturus

2167 1529 2249 1573 est
2280 1537 2293 1572 :
2325 1519 2496 1574 multo
2521 1537 2651 1577 sane
2677 1521 2837 1578 fuerit
2861 1524 3087 1593 mquius,
3121 1534 3182 1579 ut
3207 1524 3331 1594 ejus
3369 1539 3556 1588 causa,
3580 1526 3665 1595 qui
3688 1537 3756 1580 to-

2169 1610 2272 1664 tius
2297 1611 2445 1666 orbis
2469 1622 2728 1667 tcrrarum
2756 1625 2839 1669 est
2866 1615 3102 1684 agricola
3133 1625 3188 1670 et
3215 1618 3532 1670 animarum
3565 1627 3754 1671 nostra-

2169 1717 2308 1767 rum,
2339 1705 2497 1756 tinent
2528 1715 2840 1773 exspectes:
2871 1720 2971 1776 ego
3001 1723 3105 1761 non
3131 1707 3295 1762 ﬁnem
3329 1707 3454 1762 dico
3487 1719 3678 1762 tantum
3709 1710 3752 1762 in

2168 1796 2420 1863 prmscuti
2451 1797 2556 1850 vita
2588 1800 2756 1867 (serpe
2782 1814 3013 1869 namque
3057 1799 3184 1854 illud
3211 1799 3383 1854 etiam
3410 1799 3498 1854 hic
3517 1801 3750 1870 eveniet),

2169 1886 2260 1939 sed
2277 1887 2436 1941 etiam
2456 1888 2507 1942 in
2526 1888 2810 1944 futura.Ad
2825 1907 2986 1945 unutn
2999 1891 3141 1946 enim
3162 1893 3329 1946 finem
3349 1901 3560 1961 spectat
3577 1893 3752 1946 utrius-

2169 1993 2271 2046 que
2295 1978 2412 2032 vitze
2427 1979 2579 2034 istius
2595 1981 2946 2050 dispensatio,
2965 1983 3194 2038 salutem
3211 1999 3414 2053 nempe
3432 1993 3682 2048 nostram,
3706 1994 3753 2038 et

2170 2068 2399 2123 notninis
2430 2072 2600 2125 nostri
2635 2072 3020 2128 celebritatem.
3066 2073 3214 2129 Licet
3244 2076 3399 2129 enim
3434 2085 3667 2144 tempore
3690 2073 3748 2127 sit

2168 2161 2361 2229 divisa,
2387 2173 2568 2218 tamen
2595 2178 2761 2234 scopo
2782 2165 3067 2236 conjuncta
3086 2175 3202 2231 est;
3229 2176 3288 2222 et
3314 2165 3748 2236 quemadmodum

2169 2271 2311 2310 nunc
2361 2265 2447 2311 est
2495 2257 2687 2322 hiems,
2719 2273 2863 2313 nunc
2913 2271 3095 2325 testas,
3127 2270 3184 2314 at
3233 2270 3469 2330 utraque
3515 2260 3747 2328 temporis

2168 2348 2454 2402 conversio
2493 2348 2564 2404 ad
2613 2365 2777 2404 unum
2805 2361 3012 2420 spectat
3043 2352 3227 2417 ﬁnem,
3251 2351 3469 2422 frugum
3502 2350 3747 2405 maturita-

2169 2448 2276 2492 tem
2308 2455 2322 2492 :
2348 2439 2428 2493 sic
2451 2440 2702 2494 nimirum
2737 2451 2792 2496 et
2826 2439 2880 2496 in
2907 2441 3066 2497 rebus
3095 2443 3301 2497 nostris
3335 2441 3449 2496 ﬁet.
3483 2441 3610 2496 Cum
3634 2455 3746 2510 ergo

2167 2530 2464 2599 dispersam
2496 2530 2790 2588 Ecclesiam
2825 2533 3047 2601 videris,
3072 2535 3232 2589 malis
3256 2533 3522 2589 extremis
3546 2548 3745 2602 Oppres-

2167 2637 2304 2688 sam,
2332 2634 2573 2692 vexatos,
2597 2639 2768 2680 cmsos
2798 2625 3113 2680 verberibus
3135 2641 3253 2689 eos,
3287 2627 3381 2696 qui
3412 2626 3464 2680 in
3500 2626 3606 2694 ipsa
3635 2633 3743 2677 sunt

2170 2714 2525 2782 illustriores,
2572 2717 2857 2786 prmsulem
2900 2717 3018 2786 ejus
3065 2717 3383 2787 longissime
3432 2716 3740 2785 relegatum,

2169 2811 2276 2863 noli
2322 2797 2435 2865 huic
2479 2810 2654 2863 solum
2685 2819 2960 2879 spectare,
3001 2809 3096 2864 sed
3123 2810 3286 2863 etiam
3317 2825 3379 2864 ea
3409 2824 3526 2879 qua:
3567 2821 3628 2862 ex
3673 2805 3742 2859 his

2168 2912 2292 2958 sunt
2337 2913 2612 2967 eventura,
2658 2903 3062 2969 retributiones,
3104 2904 3587 2964 remunerationes,
3625 2914 3741 2968 pra:-

2168 2997 2295 3060 mia,
2320 2997 2498 3051 bravia
2531 3015 2544 3052 :
2577 2997 2676 3064 Qui
2705 2998 2838 3051 enim
2869 2999 3252 3068 perseveraverit
3294 3013 3454 3066 usque
3487 2997 3540 3049 iu
3572 2995 3737 3063 ﬁnem.

2169 3089 2250 3142 hic
2277 3090 2448 3143 salvus
2471 3090 2564 3144 erit
2593 3090 2810 3159 (Matth.
2846 3090 2933 3146 10.
2957 3090 3079 3160 22),
3105 3092 3297 3160 inquit.
3329 3091 3466 3144 Nam
3503 3089 3553 3142 in
3582 3084 3738 3140 Veteri

2167 3183 2382 3252 quidem
2405 3182 2768 3249 Testamento,
2800 3184 2921 3253 quia
2947 3183 3183 3238 nondum
3225 3182 3534 3237 innotuerat
3564 3178 3626 3232 de
3663 3190 3736 3228 re-

2168 3273 2498 3326 surrectione
2527 3272 2792 3337 doctrina,
2812 3282 3036 3341 utraque
3081 3273 3132 3326 in
3171 3272 3272 3328 hac
3300 3273 3407 3327 vita
3444 3270 3629 3323 fiebant
3658 3285 3668 3319 :
3693 3273 3739 3318 at

2169 3367 2220 3420 in
2249 3366 2395 3420 Novo
2424 3379 2528 3419 non
2557 3380 2769 3435 semper
2799 3368 2857 3420 fit
2887 3384 2899 3419 :
2929 3366 3021 3421 sed
3051 3366 3319 3421 interdum
3343 3380 3431 3420 res
3446 3363 3669 3418 adversa:
3691 3359 3734 3411 in

2169 3459 2271 3512 hoc
2298 3457 2498 3512 saeculo
2520 3458 2674 3512 nobis
2713 3458 2980 3524 accidunt,
3009 3473 3097 3513 res
3117 3469 3299 3514 autem
3348 3469 3616 3528 prospera:
3651 3465 3732 3504 no-

2167 3560 2336 3604 strutn
2358 3564 2427 3602 ex
2453 3549 2549 3603 hac
2576 3549 2678 3603 vita
2706 3548 3001 3603 discessum
3021 3559 3357 3619 exspectant.
3385 3549 3735 3601 Verumtamen

2167 3642 2412 3712 quamvis
2441 3641 2492 3694 in
2513 3640 2613 3694 hac
2642 3641 2745 3694 vita
2790 3655 2877 3695 res
2904 3655 3175 3710 prosperat
3206 3641 3314 3696 illis
3341 3639 3668 3698 evenissent,
3691 3633 3734 3684 in

2171 3736 2271 3787 hoc
2297 3735 2457 3786 etiam
2505 3733 2860 3788 admiratione
2900 3733 3133 3787 maxime
3172 3732 3320 3802 digiti
3375 3731 3612 3792 fuissent,
3659 3722 3733 3792 qui

2169 3826 2272 3880 illis
2300 3825 2450 3895 potiti
2482 3841 2585 3880 non
2606 3834 2807 3890 essent,
2834 3825 2974 3894 quod
3001 3840 3122 3878 cum
3146 3839 3322 3893 neque
3349 3835 3468 3878 nota
3501 3821 3600 3875 illis
3620 3816 3732 3870 fuis-

2169 3927 2250 3973 set
2275 3917 2516 3972 doctrina
2541 3917 2608 3972 de
2637 3917 3049 3980 resurrectione,
3098 3926 3153 3972 et
3195 3914 3628 3986 promissionibus
3655 3908 3732 3961 Dei

2168 4009 2433 4064 contraria
2455 4017 2740 4062 cernerent
2768 4008 2820 4062 in
2853 4008 3012 4062 rebus
3035 4009 3270 4073 evenire,
3303 4023 3409 4061 non
3437 3999 3735 4059 scandaliza-

2169 4111 2387 4166 reutur,
2453 4114 2558 4152 non
2624 4105 2974 4160 terrerentur,
3041 4114 3215 4167 neque
3279 4097 3730 4169 perturbarentur,

2170 4190 2394 4258 ejusque
2422 4188 2951 4257 ineomprehensibili
2971 4189 3322 4258 providentiae
3336 4187 3728 4257 acquiescerent,

2171 4299 2344 4352 neque
2380 4293 2598 4353 propter
2641 4297 2704 4336 ea
2755 4297 2874 4351 quae
2915 4282 3189 4336 contrario
3239 4283 3400 4336 modo
3433 4276 3729 4334 acciderent.

2169 4376 2476 4432 scandalum
2521 4382 2849 4444 paterentur,
2903 4373 2996 4429 sed
3043 4374 3336 4443 potentiam
3379 4387 3440 4427 ac
3487 4365 3730 4423 solertiam

2169 4468 2448 4536 sapientia:
2475 4468 2640 4536 ipsius
2671 4474 3006 4536 perspectam
3038 4465 3332 4531 habentes,
3375 4464 3530 4517 ﬁnem
3559 4467 3731 4522 exspes

2168 4569 2397 4625 ctarent,
2427 4559 2534 4612 imo
2555 4574 2682 4614 vero
2704 4567 2829 4612 ante
2847 4559 3005 4612 finem
3036 4557 3301 4628 quidquid
3333 4557 3582 4612 adversus
3604 4549 3729 4616 ipsos

2171 4663 2572 4722 perpetraretur
2598 4691 2613 4716 ,
2654 4666 2776 4705 cum
2826 4651 3118 4720 gratiarum
3172 4652 3384 4705 actione
3429 4645 3726 4702 tolerarent.

2172 4743 2446 4812 Deumque
2469 4743 2559 4812 qui
2592 4743 2693 4797 ista
2725 4743 2837 4796 ﬁeri
2860 4741 3091 4805 sinebat,
3123 4741 3425 4810 gloriﬁcare
3450 4752 3549 4792 non
3574 4743 3728 4787 cessa-

2170 4846 2310 4890 rent.
2361 4833 2598 4890 Obscura
2645 4832 2874 4888 fortasse
2929 4833 3080 4888 vobis
3125 4833 3335 4887 videtur
3379 4832 3492 4886 hate
3535 4821 3726 4881 oratio:

2169 4928 2417 4998 quocirca
2444 4925 2723 4981 clariorem
2752 4941 2870 4979 eam
2902 4925 3127 4981 reddere
3151 4926 3410 4984 conabor.

2239 5019 2369 5075 CAP.
2416 5018 2486 5074 Χ.
2531 5018 2776 5087 Antiquos
2817 5020 2968 5072 etiam
3012 5019 3165 5088 liuent
3219 5034 3386 5072 rerum
3426 5019 3726 5082 exspectasse-

2172 5113 2427 5168 Abraham
2452 5113 2614 5180 ﬁlium
2639 5112 2928 5180 sacriﬁcare
2939 5112 3138 5180 jussus.
3161 5141 3228 5149 —
3253 5111 3387 5164 Cum
3408 5121 3560 5162 senex
3582 5099 3727 5154 fat-tus

2169 5215 2313 5260 esset
2346 5205 2471 5259 olitn
2503 5203 2770 5258 Abraham
2795 5244 2809 5270 ,
2842 5213 2895 5257 et
2936 5203 3000 5257 ad
3039 5203 3236 5258 liberos
3276 5195 3616 5272 procreandos
3655 5189 3726 5241 in.

2171 5307 2343 5366 eptus,
2369 5304 2422 5349 et
2438 5303 2712 5349 emortuus
2727 5296 2899 5347 artatis
2917 5309 3201 5364 progressu
3223 5294 3507 5353 evasisset;
3531 5294 3582 5340 ut
3603 5279 3722 5336 enim

2173 5396 2322 5458 pater
2349 5387 2462 5441 ﬁeri
2495 5396 2692 5456 posset,
2728 5386 2893 5440 nihilo
2920 5387 3125 5442 meliori
3159 5387 3212 5440 in
3243 5395 3380 5441 statu
3410 5390 3517 5439 erat
3545 5377 3723 5432 vivens,

2171 5497 2329 5550 quam
2360 5481 2456 5550 ipsi
2488 5479 2759 5545 defuncti;
2793 5495 2913 5534 cum
2941 5495 3069 5550 ergo
3108 5494 3272 5534 senex
3314 5480 3481 5549 justus
3509 5475 3650 5528 esset,
3680 5468 3726 5514 cl

2172 5572 2456 5626 admodum
2483 5587 2645 5627 senex
2669 5615 2682 5638 ,
2713 5583 2765 5627 et
2805 5574 3061 5628 naturalis
3094 5571 3430 5640 procreanda:
3454 5561 3638 5624 sobolis
3664 5555 3703 5606 fa

2173 5663 2386 5718 cultatis
2425 5664 2556 5718 ﬁnes
2597 5665 2755 5734 longo
2796 5665 3077 5720 intervallo
3107 5665 3454 5727 excessisset,
3479 5652 3721 5722 εοιιὶιιεοηι

2175 5771 2348 5811 autem
2401 5757 2620 5812 haberet
2663 5759 2848 5813 Saratu
2899 5768 3046 5827 petra
3086 5758 3437 5818 steriliorem.
3469 5759 3647 5821 patre!"
3676 5751 3724 5790 ⁵⁸

2178 5845 2504 5902 redditurum
2532 5848 2674 5904 illum
2700 5859 2775 5904 tot
2801 5859 3052 5920 nepotum
3079 5849 3216 5906 Deus
3238 5848 3525 5921 pollicetur,
3545 5845 3592 5893 ut
3611 5829 3720 5888 mul-
