4002 6382
201 319 302 374 ιω

201 436 294 487 καὶ
316 433 383 485 δι’
412 425 491 486 ὧν
516 434 769 506 ἐποίησε,
802 435 899 488 καὶ
921 434 987 488 δι’
1016 427 1090 487 ὧν
1110 436 1348 505 ποιήσει,
1383 433 1547 505 μηδὲν
1572 449 1791 504 περιερ-

200 522 391 592 γάζου,
414 523 553 594 μηδέ
578 525 1053 596 πολυπραγμόνει.
1088 525 1223 595 μηδέ
1244 524 1505 592 λέγε,Διά
1528 525 1583 576 τί
1600 522 1790 586 τοῦτο;

198 615 279 675 εἰς
296 613 353 665 τί
380 612 581 680 τοῦτο;
608 613 733 676 Πῶς
758 614 868 684 γάρ
892 614 951 667 οὐ
988 614 1239 685 μανικὸν,
1273 616 1366 667 καὶ
1390 614 1625 683 ἐσχάτης
1657 613 1793 666 ἀποο

198 705 353 766 νοίας
407 704 503 756 καὶ
540 703 933 775 παραπληξίας
968 704 1296 775 ἀνάμεστον,
1347 706 1527 776 ἰατρὸν
1559 704 1655 775 μὲν
1689 720 1795 774 μη-

198 795 392 849 δέποτε
446 796 933 868 πολυπραγμονεῖν
968 796 1258 868 τέμνοντα,
1314 795 1536 851 καίοντα
1557 837 1571 860 ,
1620 795 1796 865 πικρὰ

199 885 520 939 ἐπιτιθέντα
560 887 853 958 φάρμακα,
891 887 995 942 κᾶν
1040 887 1255 959 οίκέτης
1298 883 1356 962 ᾖ,
1409 887 1545 941 ἀλλά
1579 886 1796 940 κεῖσθαι

201 979 329 1048 σιγῇ
355 976 452 1029 τὸν
480 976 749 1048 δεσπότην
769 976 943 1032 ταῦτα
963 977 1264 1048 πάσχοντα,
1290 980 1382 1032 καὶ
1410 978 1570 1050 χάριν
1595 977 1794 1031 εἰδέναι

200 1072 295 1123 καί
321 1071 429 1141 τῆς
462 1069 716 1135 καύσεως
740 1069 912 1141 αὐτῷ,
943 1070 1038 1124 καὶ
1060 1071 1159 1142 τῆς
1186 1071 1363 1142 τομῆς
1377 1070 1473 1124 καὶ
1504 1069 1614 1123 τῶν
1654 1085 1795 1139 φαρ-

200 1164 421 1233 μάκων,
468 1163 567 1218 καὶ
599 1163 772 1216 ταῦτα
812 1164 899 1215 ἐπ’
952 1162 1135 1234 ἀδήλῳ
1165 1160 1244 1233 τῷ
1294 1161 1542 1233 μέλλοντι
1587 1160 1796 1231 (πολλοὶ

197 1257 309 1327 γάρ
355 1256 596 1320 πολλοὺς
633 1256 728 1311 καὶ
754 1256 1084 1312 ἀπέκτειναν
1102 1255 1278 1310 ταῦτα
1298 1256 1674 1327 ποιήσαντες),
1700 1253 1796 1307 καὶ

198 1350 564 1419 παραχωρεῖν
584 1346 731 1419 αὐτῷ
780 1347 920 1419 μετά
953 1348 1156 1418 πολλῆς
1183 1347 1283 1418 τῆς
1314 1346 1595 1417 ὑποταγῆς
1624 1344 1795 1398 ταῦτα

198 1439 475 1494 ποιοῦντν
522 1441 618 1494 καὶ
658 1440 753 1494 ἐπὶ
802 1439 1001 1494 ναύτου
1032 1439 1090 1493 δέ
1129 1440 1190 1493 τὸ
1218 1435 1352 1493 αὐτὸ
1402 1437 1562 1491 τοῦτο
1598 1438 1794 1502 ποιεῖν,

199 1534 295 1588 καὶ
329 1532 651 1603 οἰκοδόμου,
687 1531 783 1587 καὶ
819 1532 913 1586 ἐπὶ
962 1530 1072 1586 τῶν
1112 1530 1181 1585 τὰ
1214 1529 1349 1584 ἀλλα
1386 1528 1798 1599 ἐπιτηδεύματα

204 1625 533 1694 μετιόντων’
564 1623 709 1692 λέγω
733 1624 791 1677 δὲ
823 1623 1230 1692 καταγέλαστον
1272 1617 1412 1676 εἶναι
1438 1620 1701 1692 νομίζειν,
1736 1620 1799 1672 τὸ

199 1715 292 1768 τὸν
327 1713 555 1786 ἰδιώτην
577 1715 672 1768 καὶ
704 1714 931 1786 ἀπειρον
960 1715 1212 1769 ἀπαιτεῖν
1240 1711 1340 1776 τὰς
1368 1711 1548 1775 αίτίας
1581 1711 1688 1764 τῶν
1715 1726 1797 1778 γι-

201 1806 450 1876 νομένων
478 1806 736 1859 ἀπάντων
762 1805 852 1859 τὸν
877 1804 1149 1876 τεχνίτην,
1166 1804 1263 1876 τὴν
1283 1804 1341 1858 δὲ
1372 1804 1576 1874 ἄφατον
1608 1803 1798 1872 σοφίαν

200 1895 446 1965 ἐκείνην,
464 1895 567 1965 τὴν
584 1893 879 1966 ἄφραστον,
897 1895 996 1967 τὴν
1022 1894 1279 1967 ἄρρητον,
1295 1895 1395 1965 τὴν
1417 1893 1798 1965 ἀκατάληπτον

202 1984 691 2058 περιεργάζεσθαι,
724 1986 818 2039 καὶ
862 1987 1043 2057 ζητεῖν
1072 1986 1160 2040 διά
1196 1986 1250 2040 τί
1284 1986 1345 2040 τὸ
1375 1985 1557 2039 καὶτὸ
1584 1985 1797 2055 γέγονε,

202 2077 503 2133 καὶταῦτα
528 2078 734 2144 εἰδότας
758 2077 965 2148 σαφῶς,
998 2076 1148 2151 [685]
1168 2079 1252 2132 ὃτι
1281 2077 1619 2141 ἀδιάπτωτος
1641 2081 1674 2148 ὴ
1707 2094 1796 2130 σο-

206 2172 302 2240 φία
326 2171 499 2242 αῦτη,
534 2172 617 2226 ὅτι
646 2170 816 2244 πολλὴ
846 2169 1121 2242 άγαθότης
1162 2169 1353 2237 αὐτοῦ,
1380 2172 1462 2224 ὅτι
1488 2169 1725 2241 ἀρῤητος
1763 2170 1797 2240 ἡ

209 2264 461 2336 πρόνοια,
494 2265 577 2317 ὅτι
602 2263 782 2317 πάντα
808 2263 944 2335 πρὸς
967 2262 1029 2317 τὺ
1059 2262 1210 2327 τέλος
1231 2263 1445 2334 ἀπαντᾷ
1471 2260 1704 2335 χρηστὸν
1731 2259 1799 2315 τὰ

209 2357 341 2427 παρ’
370 2354 542 2410 αὐτοῦ
574 2356 834 2427 γινόμενα
872 2356 952 2419 είς
986 2355 1153 2426 ἡμᾶς·
1182 2356 1343 2426 μόνον
1376 2354 1424 2406 εί
1457 2353 1535 2426 μὴ
1563 2352 1632 2407 τά
1664 2351 1799 2424 ἡμέ-

206 2466 343 2520 τερα
388 2448 758 2503 διακόπτοιτοο
797 2448 878 2502 ὅτι
925 2447 1117 2502 οὐδένα
1163 2445 1461 2501 ἀπολέσθαι
1526 2446 1796 2517 βούλεται,

208 2543 348 2598 ἀλλά
407 2542 604 2598 σῶσαι.
643 2540 771 2605 Πῶς
813 2540 911 2613 οὐχ
965 2538 1412 2612 ὑπερϐαλλούσης
1440 2538 1657 2611 μανίας,
1707 2540 1799 2595 τὸν

210 2636 424 2698 πάντας
453 2633 735 2688 σῶσαικαὶ
767 2632 1088 2704 βουλόμενον
1118 2631 1211 2685 καὶ
1230 2630 1545 2702 δυνάμενον,
1573 2648 1793 2703 περιερ-

208 2726 478 2796 γάζεσθαι
510 2726 574 2779 ἐκ
607 2722 910 2796 προοιμίων
948 2724 1044 2776 καὶ
1084 2720 1308 2787 εὐθέως,
1337 2721 1433 2775 καὶ
1463 2721 1599 2791 μηδέ
1620 2720 1683 2775 τὺ
1706 2720 1798 2775 τέ-

208 2820 302 2883 λος
323 2817 621 2888 ἀναμένειν
658 2814 768 2869 τῶν
797 2813 1132 2886 γινομένων;

282 2934 429 3001 Κεφ.
457 2929 525 2985 θ’.
544 2928 797 2984 Μάλιστα
823 2929 920 2999 μὲν
947 2929 1059 3001 γάρ
1082 2926 1208 2982 οὔτε
1232 2928 1298 2981 ἐκ
1326 2926 1647 2999 προοιμίων,
1672 2924 1798 2979 οὔτε

216 3023 352 3094 μετά
374 3022 552 3077 ταῦτα
578 3020 1061 3091 πολυπραγμονεῖν
1078 3018 1176 3072 δεῖ
1200 3020 1249 3073 εί
1267 3017 1325 3071 δὲ
1342 3016 1487 3071 οὕτω
1503 3016 1799 3088 περίεργος

212 3115 264 3173 εἴ
290 3118 389 3172 καὶ
430 3115 863 3186 πολυπράγμων,
902 3112 1142 3184 ἀνάμενε
1172 3112 1237 3166 τὸ
1262 3112 1439 3177 τέλος,
1477 3111 1572 3164 καὶ
1604 3112 1800 3165 σκόπει

212 3211 314 3266 πού
337 3208 516 3263 ταῦτα
529 3207 764 3277 ἀπαντᾷ,
782 3206 878 3259 καὶ
902 3204 977 3278 μὴ
1001 3203 1259 3277 θορυϐοῦ,
1290 3203 1426 3275 μηδὲ
1445 3202 1717 3274 ταράττου
1735 3206 1811 3258 ἐκ

213 3300 538 3373 προοιμίων.
575 3297 730 3351 Ἐπεὶ
760 3297 856 3350 καὶ
879 3296 971 3350 τὸν
1000 3296 1295 3367 χρυσοχόον
1313 3294 1540 3366 ἄπειρός
1560 3313 1644 3359 τις
1658 3295 1801 3368 ὀρῶν

212 3398 269 3446 ἐν
301 3395 449 3463 ἀρχῇ
489 3391 730 3463 τήκοντα
758 3390 853 3442 τὸν
893 3389 1113 3461 χρυσὸν,
1143 3389 1237 3443 καὶ
1285 3390 1352 3459 τῇ
1390 3388 1567 3459 τέφρᾳ
1602 3390 1802 3460 ἀναμι-

211 3487 415 3555 γνύντα
448 3484 543 3538 καὶ
569 3485 682 3546 τοῖς
706 3481 951 3553 ἀχύροις,
974 3482 1023 3535 εί
1056 3480 1131 3553 μὴ
1159 3480 1222 3534 τὸ
1257 3480 1413 3546 τέλος
1436 3481 1800 3552 ἀναμείνειεν,

211 3584 483 3650 ἡγήσεται
518 3576 855 3631 ἀπολωλέναι
886 3554 947 3629 τὸ
973 3564 1213 3647 χρυσίον
1236 3573 1379 3628 οὕτω
1402 3575 1497 3629 καὶ
1523 3576 1580 3628 ἐν
1611 3574 1803 3628 θαλάτ-

210 3689 278 3742 τῃ
301 3687 386 3733 τις
412 3668 624 3739 τεχθεὶς
647 3667 740 3720 καὶ
793 3664 1040 3737 τραφεὶς,
1081 3661 1199 3718 εἶτα
1236 3662 1432 3735 ἀθρόον
1460 3666 1539 3729 εἰς
1567 3665 1667 3735 τὴν
1706 3682 1802 3736 με-

213 3762 428 3828 σόγειον
460 3756 828 3826 μετοικισθεὶς
856 3754 953 3808 καὶ
984 3754 1103 3809 καθ’
1132 3754 1254 3809 ὅλου
1282 3756 1381 3826 τῆς
1418 3754 1546 3826 περὶ
1571 3755 1671 3825 τὴν
1696 3757 1801 3826 γῆν

212 3849 535 3923 ἐπιμελείας
558 3848 789 3919 ἀνήκοος
833 3846 931 3913 ὢν,
961 3846 1027 3901 ἂν
1058 3847 1142 3920 ἴδῃ
1165 3847 1256 3900 τὸν
1288 3850 1431 3900 σῖτον
1457 3846 1548 3900 τὸν
1585 3847 1802 3901 ἀποκεί-

216 3960 382 4015 μενον
414 3942 511 3996 καὶ
533 3940 933 4012 φυλαττόμενον
962 3939 1067 3993 ὑπὸ
1090 3939 1282 4012 θύραις
1316 3940 1409 3993 καὶ
1440 3940 1676 4011 μοχλοῖς,
1708 3940 1802 3994 καὶ

213 4034 418 4098 νοτίδος
454 4031 896 4105 ἀπηλλαγμένον,
927 4031 1123 4105 ἀθρόον
1158 4033 1263 4087 ὐπὸ
1303 4032 1397 4086 τοῦ
1439 4032 1679 4104 γηπόνου
1706 4034 1802 4087 ἐκ-

213 4126 538 4198 φερόμενον,
571 4122 1019 4196 σκορπιζόμενον,
1051 4124 1435 4197 ῥιπτούμενον,
1475 4126 1569 4178 καὶ
1591 4124 1685 4178 ἐπὶ
1703 4125 1805 4197 τῆς

212 4218 456 4292 ἀρούρας
474 4216 726 4288 κείμενον
750 4218 861 4280 τοῖς
892 4216 1181 4288 παριοῦσιν
1212 4217 1403 4278 ἅπασι,
1436 4217 1529 4269 καὶ
1550 4217 1610 4269 οὐ
1643 4216 1801 4288 μόνον

210 4313 316 4366 οὐκ
346 4309 769 4381 ἀπηλλαγμένον
790 4308 1011 4376 νοτίδος,
1034 4309 1171 4365 ἀλλά
1208 4310 1303 4363 καὶ
1332 4309 1489 4380 πηλῷ
1543 4311 1638 4364 καὶ¹
1679 4309 1800 4364 τέλ-

213 4421 355 4475 μασι
389 4401 838 4475 παραδιδόμενον,
867 4401 960 4455 καὶ
992 4400 1211 4471 φύλακα
1234 4401 1423 4456 οὐδένα
1458 4402 1671 4473 ἔχοντα,
1701 4403 1801 4457 οὐκ

212 4499 283 4553 ἂν
316 4494 619 4550 ἀπολέσθαι
662 4494 755 4548 τὸν
800 4496 946 4547 σῖτον
987 4494 1248 4566 νομίσειε,
1294 4495 1391 4549 καὶ
1421 4496 1668 4565 κατέγνω
1704 4496 1801 4551 τοῦ

207 4587 391 4642 ταῦτα
427 4583 1002 4655 ποιοῦντος,γηπόνου;
1044 4584 1184 4639 Ἀλλ’
1206 4586 1269 4640 οὐ
1298 4587 1396 4657 τῆς
1422 4587 1514 4641 τοῦ
1542 4588 1804 4660 πράγμα-

208 4695 306 4741 τος
336 4676 554 4747 φύσεως
606 4678 641 4749 ἡ
673 4676 1041 4745 κατάγνωσις,
1071 4675 1209 4731 ἀλλά
1249 4678 1352 4748 τῆς
1385 4678 1479 4733 τοῦ
1513 4680 1588 4752 μὴ
1622 4680 1803 4746 καλῶς

209 4771 505 4841 κρίναντος
541 4768 798 4842 ἀπειρίας
825 4787 886 4823 τε
926 4770 1021 4824 καὶ
1049 4771 1258 4837 ἀνοίας,
1286 4773 1349 4824 ἐκ
1379 4775 1683 4842 προοιμίων
1709 4774 1802 4827 εὐ-

210 4861 358 4925 θέως
388 4859 486 4931 τὴν
514 4861 695 4932 ψῆφον
721 4861 1003 4931 φέροντος.
1032 4864 1188 4917 Ἐπεὶ⁸
1216 4864 1266 4916 εί
1304 4862 1365 4916 τὸ
1391 4862 1547 4935 θέρος
1576 4864 1803 4936 ἀνέμει-

207 4971 296 5017 νε,
320 4955 416 5008 καὶ
438 4949 545 5008 εἶδε
574 4956 643 5009 τὰ
660 4956 786 5029 λήῖα
818 4958 1095 5030 κομῶντα,
1129 4960 1226 5013 καὶ
1249 4961 1348 5032 τὴν
1373 4960 1647 5034 δρεπάνην
1668 4963 1803 5033 ῆκο-

209 5046 481 5117 νημένην,
516 5048 611 5102 καὶ
639 5048 732 5103 τὸν
762 5051 1161 5121 σκορπισθέντα
1207 5052 1303 5107 καὶ
1343 5053 1656 5121 ἀφύλακτον
1682 5054 1805 5126 μεί-

210 5155 384 5195 ναντα
406 5141 681 5221 σῖτον,καὶ
696 5144 1045 5198 σαπέντακαὶ
1060 5144 1423 5217 διαφθαρέντα
1447 5150 1541 5200 καὶ
1555 5147 1634 5219 τῷ
1650 5147 1805 5220 πηλῷ

209 5231 621 5302 παραδοθέντα,
662 5232 855 5287 τοῦτον
891 5228 1239 5308 ἐγειρόμενοῦ
1278 5238 1374 5291 καλ¹
1402 5237 1805 5294 πολυπλασίονα

208 5322 524 5393 γινόμενον,
541 5326 871 5397 ὼραιότερόν
890 5344 951 5380 τε
975 5328 1314 5399 φαινόμενον,
1340 5330 1435 5383 καὶ
1453 5330 1554 5401 τὴν
1581 5331 1807 5386 παλαιό-

206 5430 357 5484 τητα
388 5414 751 5487 ἀποθέμενον,
792 5417 887 5470 καὶ
924 5418 1061 5488 μετὰ
1089 5419 1292 5490 πολλῆς
1322 5419 1653 5492 ὀρθούμενον
1706 5422 1807 5493 τῆς

210 5506 607 5578 σφοδρότητος,
644 5508 741 5564 καὶ
777 5508 1112 5579 δορυφόρους
1140 5508 1252 5564 οἷον
1284 5510 1477 5581 έχοντα
1510 5513 1605 5566 καὶ⁵
1658 5515 1808 5568 ἐνδύ-

215 5617 387 5673 ματα,
425 5602 522 5657 καὶ
562 5602 821 5676 καλάμην
851 5606 987 5676 πρὸς
1021 5604 1155 5675 ὕψος
1198 5606 1499 5678 ἐγείροντα,
1536 5609 1629 5662 καὶ
1682 5608 1807 5681 τέρ-

210 5711 385 5748 ποντα
413 5695 508 5748 τὸν
534 5694 740 5767 θεατὴν
768 5697 862 5750 καὶ
887 5697 1181 5767 τρέφοντα,
1208 5697 1302 5751 καὶ
1328 5698 1463 5751 πολύ
1494 5699 1807 5771 παρέχοντα

210 5788 275 5841 τὸ
302 5788 519 5862 κέρδος,
541 5788 669 5846 τότε
690 5789 758 5846 ἂν
783 5788 1057 5864 ἐξεπλάγη
1095 5789 1379 5864 μειζόνως,
1418 5791 1501 5848 ὅτι
1527 5791 1617 5847 διά
1642 5795 1807 5849 τοιού-

1033 318 1123 370 Λί)
1165 316 1290 371 EOS
1325 315 1443 384 QUI
1487 311 1998 371 SCANDALIZATI
2040 316 2246 374 SUNT.
2295 319 2422 373 LIB.
2464 320 2678 379 UNUS.

3371 322 3484 377 δ’ὶο

1899 448 2006 484 των
2045 432 2135 485 ἐπῒ
2181 436 2436 490 τοιαύτην
2470 437 2610 508 ἤχθη
2654 436 2909 507 εὐθηνίαν
2945 437 3040 491 καὶ
3086 437 3418 508 φαιδρότητα
3452 439 3486 492 6

1898 534 2128 604 καρπός.
2175 537 2285 590 Καὶ
2334 538 2399 591 σύ
2442 555 2641 600 τοινυν,
2684 539 2959 612 ἄνθρωπε.
3003 539 3237 609 μάλιστα
3270 540 3369 609 μὲν
3406 541 3483 609 μὴ

1898 639 2262 708 περιεργάζου
2295 638 2387 693 τὸν
2420 639 2598 693 κοινὸν
2624 641 2879 696 ἁπάντων
2908 641 3064 713 ἡμῶν
3091 641 3402 712 Δεσπότηψ
3434 643 3485 693 ει

1896 741 1954 794 δὲ
1987 741 2129 795 οὕτω
2144 742 2446 812 φιλόνεικος
2465 740 2513 795 εἷ
2542 745 2637 796 καὶ
2658 745 2952 816 τολμηρὸς,
2975 745 3051 808 ὡς
3083 743 3370 815 μαίνεσθαι
3385 741 3486 815 τὴν

1903 840 2101 910 μανίαν
2144 840 2367 911 ταύτην,
2400 840 2503 895 κᾶν
2526 842 2586 895 τὸ
2617 842 2770 907 τέλος
2797 844 3090 914 ἀνάμέινον
3118 841 3228 896 τῶν
3260 841 3485 913 γινομέε-

1899 958 2024 996 νων.
2056 942 2119 995 Εί
2149 941 2258 1014 γὰρ
2284 944 2313 996 6
2345 944 2583 1015 γηπόνος
2606 944 2899 1016 ὁλόκληρον
2934 944 3196 1015 ἀναμένει
3217 943 3484 1015 χειμῶνα,

1899 1040 1959 1094 οὐ
1993 1041 2128 1112 πρὸς
2154 1041 2326 1095 ταῦτα
2354 1043 2498 1114 άπερ
2524 1046 2553 1097 6
2582 1046 2728 1108 σῖτος
2754 1044 2954 1114 πάσχει
2985 1043 3197 1115 βλέπων
3225 1042 3367 1097 κατὰ
3386 1041 3488 1113 τὴν

1899 1142 2049 1213 ῶραν
2094 1141 2189 1196 τοῦ
2228 1142 2467 1214 κρυμοῦ,
2507 1142 2645 1197 ἀλλὰ
2689 1143 2825 1215 πρὸς
2858 1144 3041 1196 ἐκεῖνα
3081 1136 3155 1196 ὧν
3189 1142 3489 1195 ἀπολαύειν

1904 1243 2086 1314 μέλλει
2107 1260 2121 1275 ο
2152 1242 2332 1314 πολλῷ
2362 1243 2564 1315 μᾶλλον
2596 1245 2691 1299 καὶ
2722 1245 2887 1309 αὐτὸς
2926 1220 3018 1297 ἐπὶ
3058 1242 3152 1297 τοῦ
3182 1246 3280 1315 τὴν
3304 1246 3487 1298 οίκουει

1904 1344 2072 1416 μένην
2096 1343 2471 1415 γεωργοῦντος
2498 1346 2680 1399 πᾶσαν
2718 1345 2811 1399 καὶ
2837 1344 2937 1409 τὰς
2964 1325 3142 1416 ιῙῘυχάς
3169 1344 3266 1409 τὰς
3288 1344 3489 1416 ἡμετέ-

1905 1462 2022 1515 ρας,
2067 1443 2277 1508 δίκαιος
2319 1443 2387 1499 ἂν
2435 1446 2554 1516 εῐης
2606 1445 2901 1517 ἀναμένειν
2936 1446 2996 1499 τὸ
3044 1446 3231 1509 τέλος·
3276 1443 3389 1513 ἐγὼ
3432 1444 3489 1498 δὲ

1899 1542 2052 1607 τέλος
2082 1544 2143 1598 οὐ
2178 1543 2240 1598 τὸ
2270 1545 2329 1598 ἐν
2357 1542 2435 1615 τῷ
2462 1545 2689 1617 παρόντι
2718 1546 2818 1616 βίῳ
2850 1545 3009 1617 μόνον
3030 1546 3177 1615 λέγω
3207 1545 3490 1616 (πολλάκις

1901 1641 2013 1713 γὰρ
2048 1642 2207 1696 τοῦτο
2235 1642 2330 1697 καὶ
2371 1643 2607 1697 ἐνταῦθα
2655 1643 2853 1715 ἔσται),
2889 1643 3026 1698 άλλά
3075 1644 3171 1698 καὶ
3217 1644 3279 1697 τὸ
3324 1645 3382 1699 ἐν
3411 1641 3491 1713 τῷ

1905 1741 2171 1813 μέλλοντι.
2213 1741 2360 1814 Πρὸς
2408 1740 2468 1794 ἓν
2511 1742 2622 1814 γὰρ
2664 1741 2859 1812 βλέπει
2885 1743 3040 1808 τέλος
3072 1742 3352 1814 ἑκατέρων
3381 1740 3491 1794 τῶν

1904 1838 2034 1910 βίων
2065 1838 2269 1893 τούτων
2305 1841 2339 1912 ἡ
2379 1839 2681 1910 οἰκονομία,
2714 1838 2812 1912 τὴν
2838 1840 3114 1912 σωτηρίαν
3153 1840 3250 1913 τὴν
3289 1840 3489 1911 ἡμετέ-

1906 1956 2007 2006 ραν
2042 1939 2136 1993 καὶ
2170 1938 2268 2011 τὴν
2296 1938 2673 2011 εὐδοκίμησιν.
2719 1941 2783 1993 Εἰ
2816 1941 2926 2013 γάρ
2953 1940 3048 1994 καὶ
3079 1938 3159 2010 τῷ
3204 1939 3382 2011 χρόνῳ
3409 1937 3490 1991 δι-

1902 2041 2126 2113 ῄρηται,
2148 2039 2287 2095 άλλά
2307 2040 2388 2113 τῷ
2406 2040 2593 2112 σκοπῷ
2620 2040 2891 2111 συνῆπται
2912 2057 2925 2069 ·
2956 2041 3050 2095 καὶ
3066 2040 3254 2111 ὥσπερ
3270 2039 3365 2093 νῦν
3391 2040 3494 2111 μὲν

1905 2140 2056 2214 [486]
2099 2141 2327 2213 χειμὼν,
2363 2140 2459 2195 νῦν
2495 2140 2551 2194 δὲ
2595 2140 2717 2213 έαρ,
2750 2140 2990 2211 ἑκατέρα
3039 2140 3094 2193 δὲ
3132 2139 3226 2193 τοῦ
3255 2140 3408 2203 ἔτους
3452 2139 3490 2211 ἢ

1901 2241 2081 2313 τροπὴ
2110 2242 2248 2313 πρὸς
2269 2242 2328 2296 ἓν
2354 2241 2564 2313 βλέπει,
2594 2240 2703 2294 τῶν
2728 2240 2961 2313 καρπῶν
2981 2240 3080 2312 τὴν
3104 2226 3289 2313 ἀκμήν
3309 2258 3323 2271 ·
3350 2239 3495 2293 οὕτω

1902 2342 1967 2414 δὴ
2006 2344 2100 2397 καὶ
2128 2341 2360 2396 ἐπὶτῶν
2402 2342 2690 2415 ἡμετέρων
2736 2342 2889 2396 ἔσται
2921 2332 3283 2414 πραγμάτων.
3322 2341 3492 2395 Ὅταν

1902 2438 1996 2498 οῦν
2032 2444 2147 2518 ἴδῃς
2175 2443 2275 2516 τὴν
2322 2443 2653 2515 Ἐκκλησίαν
2701 2444 3149 2515 σκορπισθεῖσαν,
3180 2440 3248 2496 τά
3289 2441 3495 2512 ἔσχατα
3566 2516 3575 2527 Ι

1905 2543 2207 2608 παθοῦσαν,
2228 2543 2642 2615 ἐλαυνομένους,
2669 2541 3102 2616 μαστιζομένους
3125 2543 3254 2605 τοὺς
3274 2543 3333 2596 ἐν
3353 2542 3498 2614 αὐτῇ

1904 2641 2243 2712 λάμποντας,
2300 2642 2392 2695 τὸν
2453 2639 2716 2712 πρόεδρον
2760 2640 2933 2710 αὐτῆς
2992 2639 3330 2711 πορρωτάτω
3388 2641 3495 2693 ἀπ-

1905 2738 2213 2809 ενεχθέντα,
2232 2738 2307 2808 μὴ
2321 2736 2498 2791 ταῦτα
2518 2736 2711 2790 σκόπει
2733 2736 2916 2807 μόνον,
2929 2734 3066 2789 ἀλλά
3086 2736 3181 2789 καὶ
3197 2734 3267 2789 τά
3285 2736 3349 2789 ἐκ
3369 2734 3496 2788 τού-

1906 2848 2012 2886 των
2033 2832 2402 2904 ἐκϐησόμενα,
2422 2831 2548 2895 τοὺς
2576 2830 2825 2901 μισθοὺς,
2855 2831 2955 2894 τὰς
2984 2830 3239 2901 ἀμοιϐάς,
3269 2830 3339 2884 τὰ
3362 2830 3500 2900 βρα..

1904 2929 2045 2995 ϐεῖα,
2067 2929 2136 2983 τά
2155 2927 2364 2982 ἔπαθλα
2383 2944 2396 2957 ·
2431 2928 2493 2981 '0
2513 2926 2623 2996 γὰρ
2642 2927 2973 2997 ὑπομείνας
2994 2929 3082 2992 εἰς
3102 2926 3298 2993 τέλος,
3316 2921 3497 2991 οὗτος

1905 3024 2264 3094 σωθήσεται,
2284 3025 2469 3096 φησίν.
2504 3025 2629 3079 Ἐπὶ
2653 3024 2751 3097 μὲν
2772 3024 2885 3096 γὰρ
2902 3025 3002 3097 τῆς
3025 3024 3288 3089 Παλαιᾶς,
3307 3024 3495 3094 ἐπειδὴ

1904 3124 2117 3179 οὐδέπω
2148 3122 2425 3195 γνώριμος
2454 3125 2483 3177 6
2508 3122 2610 3195 τῆς
2644 3121 2994 3186 ἀναστάσεως
3024 3121 3182 3192 λόγος
3218 3117 3308 3194 ἦν,
3339 3123 3398 3177 ἐν
3417 3121 3496 3195 τῷ

1905 3220 2136 3293 παρόντι
2186 3219 2286 3291 βίῳ
2330 3218 2617 3292 ἀμφότερα
2662 3221 2907 3288 ἐγίνετο·
2956 3218 3048 3272 ἐπὶ
3080 3218 3139 3273 δέ
3159 3219 3259 3288 τῆς
3290 3220 3497 3291 Καινῆς

1905 3321 1967 3373 οὐ
1988 3318 2264 3389 πανταχοῦ
2282 3317 2460 3382 τοῦτο,
2490 3316 2604 3371 ἀλλ’
2624 3317 2774 3372 ἐστιν
2792 3319 2926 3372 ὅπου
2943 3317 3012 3372 τά
3040 3319 3136 3390 μὲν
3159 3317 3380 3389 λυπηρά
3408 3318 3499 3371 ἐν-

1905 3415 2100 3477 ταῦθα,
2139 3414 2209 3468 τά
2244 3414 2301 3468 δὲ
2341 3414 2558 3485 χρηστὰ
2599 3415 2861 3488 ἀναμένει
2910 3416 3010 3483 τὴν
3057 3415 3308 3469 ἐντεῦθεν
3340 3414 3498 3485 ἡμῶν

1908 3510 2239 3582 ἀποδημίαν.
2305 3510 2448 3563 Ἀλλ’
2480 3511 2631 3583 ὅμως
2680 3511 2730 3564 εί
2781 3511 2877 3565 καὶ
2911 3511 2969 3566 ὲν
3015 3511 3151 3582 τῷδε
3180 3512 3257 3583 τῷ
3298 3512 3397 3583 βίῳ
3429 3511 3498 3566 τὰ

1907 3608 2118 3682 χρηστὰ
2152 3607 2338 3670 αὐτοῖς
2374 3606 2619 3674 ἐξέϐαινε
2647 3609 2742 3661 καὶ
2776 3609 2833 3661 ἐν
2866 3611 2932 3679 τῇ
2958 3609 3209 3682 παρούσῃ
3231 3609 3366 3680 ζωῇ,
3403 3611 3499 3662 καὶ

1906 3706 1965 3760 ἐν
1994 3705 2170 3776 τούτῳ
2215 3702 2451 3774 μάλιστα
2492 3703 2798 3775 θαυμαστοὶ
2824 3704 2889 3758 ἀν
2934 3700 3045 3759 εἷεν
3083 3706 3130 3759 οἱ
3174 3704 3382 3758 τούτων
3420 3706 3496 3778 μὴ

1906 3798 2358 3862 ἀπολελαυκότες,
2382 3799 2464 3852 ὅτι
2493 3802 2632 3871 μήτε
2661 3800 2753 3855 τὸν
2785 3802 2914 3873 περὶ
2936 3802 3284 3864 ἀναστάσεως
3309 3801 3498 3870 σαφῶς

1907 3899 2109 3960 εἰδότες
2138 3897 2321 3966 λόγον,
2356 3899 2451 3951 καί
2490 3897 2558 3951 τὰ
2605 3898 2824 3952 ἐναντία
2867 3898 2975 3952 τῶν
3008 3899 3352 3967 ἐπαγγελιῶν
3399 3897 3497 3951 τοῦ

1908 3993 2045 4048 Θεοῦ
2080 3994 2449 4064 συμϐαίνοντα
2470 3993 2706 4065 ὁρῶντες
2734 3994 2827 4047 ἐπὶ
2856 3994 2966 4048 τῶν
2995 3994 3361 4066 πραγμάτων,
3398 3995 3499 4049 οὐκ

1908 4089 2374 4155 ἐσκανδαλίζοντο,
2406 4090 2507 4142 οὐκ
2546 4088 2925 4161 ἐθορυϐοῦντο,
2962 4091 3082 4145 οὐδὲ
3118 4092 3496 4162 ἐταράττοντο,

1908 4188 2044 4243 ἀλλὰ
2090 4186 2447 4261 παρεχώρουν
2494 4186 2661 4240 αὐτοῦ
2709 4189 2775 4258 τῇ
2827 4187 3197 4261 ἀκαταλήπτῳ
3248 4189 3497 4261 προνοίᾳ,

1907 4286 2060 4339 οὐδὲν
2104 4286 2168 4339 ἐκ
2213 4283 2323 4337 τῶν
2361 4268 2621 4349 ἐναντίως
2653 4285 2956 4356 γινομένων
2995 4286 3498 4359 σκανδαλιζόμενοι,

1908 4382 2024 4436 ἀλλ’
2044 4382 2246 4445 εἰδότες
2276 4379 2443 4435 αὐτοῦ
2468 4381 2530 4434 τὸ
2564 4380 2796 4453 εὔπορον
2827 4384 2921 4438 καὶ
2950 4384 3261 4455 εὐμήχανον
3287 4383 3386 4454 τῆς
3409 4400 3500 4436 σο-

1909 4480 2060 4551 φίας,
2090 4479 2151 4533 τὸ
2178 4479 2329 4543 τέλος
2359 4479 2645 4550 ἀνέμενον,
2678 4476 2882 4551 μᾶλλον
2909 4480 2968 4534 δὲ
3016 4482 3113 4536 καὶ
3143 4481 3251 4551 πρὸ
3288 4480 3385 4533 τοῦ
3411 4480 3502 4533 τέ-

1907 4577 2031 4641 λους
2077 4577 2208 4642 πᾶν,
2241 4575 2381 4647 ὅπερ
2401 4577 2483 4639 είς
2513 4576 2709 4640 αὐτοὺς
2739 4576 3025 4647 ἐτολμᾶτο,
3053 4577 3248 4649 ἔφερον
3285 4577 3502 4649 εὐχαρί-

1910 4693 2072 4740 στως,
2127 4676 2222 4728 καὶ⁵
2267 4674 2361 4727 τὸν
2408 4673 2798 4745 συγχωροῦντα
2842 4674 3015 4729 ταῦτα
3068 4674 3314 4745 γίνεσθαι
3365 4675 3501 4728 Θεὸν

1906 4772 2220 4838 δοξάζοντες
2262 4771 2557 4828 διετέλουν.
2611 4772 2767 4844 Τάχα
2801 4770 3020 4843 ἀσαφὴς
3070 4772 3099 4825 6
3148 4772 3306 4842 λόγος
3346 4767 3503 4839 οὗτος

1909 4870 2038 4942 ύμῖν
2068 4866 2207 4924 εἶναι
2236 4870 2421 4923 δοκεῖ·
2453 4867 2653 4924 οὐκοῦν
2683 4869 3024 4941 σαφέστερον
3073 4870 3237 4925 αὐτὸν
3278 4871 3502 4944 ποιῆσαι

1911 4966 2147 5038 πειράσο
2155 4984 2275 5038 μαι.

1981 5115 2121 5184 Κεφ.
2142 5119 2190 5167 ι’.
2208 5113 2429 5186 Γέροντι
2443 5115 2720 5187 γενομένῳ
2734 5115 2954 5189 ποτὲτῷ
2969 5118 3241 5191 Ἀϐραὰμ,
3256 5118 3503 5191 καὶπρὸς

1910 5211 2257 5265 παιδοποιίαν
2276 5212 2342 5265 ἐκ
2356 5211 2453 5283 τῆς
2475 5212 2692 5284 ἡλικίας
2705 5213 3034 5287 νεκρωθέντι
3059 5215 3266 5269 λοιπόν*
3289 5216 3371 5280 είς
3392 5216 3502 5287 γάρ

1910 5310 1972 5364 τὸ
1990 5311 2245 5379 γενέσθαι
2267 5311 2469 5384 πατὴρ,
2494 5312 2645 5367 οὐδὲν
2666 5313 2890 5384 ἀμεινον
2906 5313 3014 5368 τῶν
3033 5312 3502 5385 τετελευτηκότων

1909 5409 2142 5463 διέκειτο
2162 5409 2300 5474 ζῶν·
2320 5410 2537 5481 γέροντι
2566 5410 2746 5464 τοίνυν
2775 5410 2888 5466 δντι
2915 5410 2995 5483 τῷ
3015 5411 3230 5484 δικαίῳ,
3248 5412 3343 5467 καὶ
3367 5410 3503 5480 σφόο

1909 5507 2013 5578 δρα
2043 5505 2289 5579 γέροντι,
2320 5507 2416 5561 καὶ
2437 5508 2536 5578 τῆς
2566 5507 2802 5579 φυσικῆς
2825 5509 3170 5573 παιδοποιίας
3199 5507 3500 5580 ὑπερϐάντι

1910 5605 2038 5668 τοὺς
2069 5604 2231 5676 ὅρους
2263 5605 2328 5657 ἐκ
2367 5602 2563 5658 πολλοῦ
2607 5604 2703 5659 τοῦ
2735 5604 3041 5677 περιόντος,
3096 5604 3273 5676 ἔχοντι
3318 5603 3374 5657 δὲ
3408 5605 3504 5659 καὶ

1914 5701 2162 5756 σύνοικον
2185 5701 2393 5773 πέτρας
2411 5702 2761 5775 ἀγονωτέραν
2783 5703 2882 5775 τὴν
2905 5703 3145 5776 Σάρραν,
3176 5702 3504 5772 ἐπαγγέλλε-

1912 5817 2001 5853 ται
2028 5797 2240 5870 πατέρα
2267 5800 2514 5871 ποιήσειν
2538 5801 2567 5855 ό
2593 5799 2729 5867 Θεὸς
2749 5799 3024 5857 τοσούτων
3051 5800 3290 5872 ἐκγόνων
3313 5790 3516 5872 αὐτὸν,
