4002 6380
248 365 341 420 501

251 477 528 534 titudinem
577 483 849 531 astrorum
901 490 1082 530 eorum
1127 487 1400 545 aquatum
1447 477 1518 532 sit
1564 476 1845 531 multitudo

248 567 404 635 (Gen.
437 566 525 622 15.
555 567 638 637 Β).
667 569 739 620 At
765 567 855 621 ille
875 607 888 630 ,
921 581 1038 620 rum
1077 574 1154 619 tot
1181 579 1358 621 essent
1389 566 1693 628 obstacula,
1722 580 1842 619 cum

246 663 350 732 jam
391 669 523 714 a‘tas
558 668 704 714 esset
742 659 811 713 ad
850 659 1088 715 ultimam
1130 667 1456 716 senectutem
1487 658 1764 720 devoluta,
1791 665 1846 711 et

250 767 384 806 uxor
410 760 522 805 tam
550 751 620 805 ob
647 759 859 805 tetatem
890 765 1048 821 quam
1075 751 1144 804 oh
1171 761 1409 805 naturam
1435 761 1578 805 esset
1607 750 1844 805 infecun-

248 843 345 907 da;
381 858 488 896 non
517 843 662 897 enim
688 842 802 897 sola
831 852 1076 897 senectus
1101 841 1364 905 obstabat,
1395 842 1486 896 sed
1513 850 1566 895 et
1590 842 1844 897 sterilitas

246 934 357 1003 ipsa
388 942 594 988 natura:
626 951 640 985 :
671 933 932 1003 siquidem
963 944 1070 986 tum
1108 949 1321 1003 quoque
1357 948 1478 987 cum
1514 933 1726 1001 juvenis
1751 949 1841 988 es-

245 1033 347 1090 set,
378 1024 586 1079 inutilis
618 1031 824 1078 naturae
854 1024 951 1078 fuit
977 1024 1214 1090 officina,
1246 1025 1386 1093 quod
1415 1025 1614 1079 sterilis
1653 1023 1842 1078 mulier

243 1125 408 1169 esset.
437 1115 698 1182 Quocirca
726 1115 919 1170 Paulus
951 1115 1051 1170 hoc
1079 1117 1250 1185 ipsum
1279 1116 1572 1180 insinuans,
1599 1117 1669 1169 ita
1695 1115 1838 1170 dice-

241 1207 329 1259 bat
361 1222 373 1256 :
408 1203 480 1258 Et
512 1217 790 1260 emortuam
827 1207 1024 1260 vulvam
1054 1205 1203 1260 Sara:
1231 1205 1418 1276 (Rom.
1460 1206 1514 1260 4.
1558 1206 1700 1276 19);
1734 1219 1836 1259 n0u

203 1296 373 1350 -dixit
400 1305 703 1350 emortuam
733 1295 920 1352 Saram
952 1293 1292 1365 simpliciter,
1328 1313 1393 1350 ne
1427 1296 1596 1351 solam
1627 1305 1836 1350 aetatem

237 1386 557 1454 suspiceris,
590 1387 681 1440 sed
706 1397 761 1441 et
785 1387 950 1455 ipsius
976 1388 1185 1442 vulwm
1216 1397 1530 1450 emortuam,
1561 1387 1701 1456 quod
1733 1402 1834 1441 non

236 1481 412 1533 solum
444 1488 713 1548 tempore,
745 1479 839 1534 sed
869 1481 1028 1534 etiam
1061 1489 1264 1535 natura:
1292 1479 1598 1534 conditione
1641 1478 1834 1532 fat-tum

235 1582 391 1634 erat;
427 1580 794 1627 verumtamen
835 1572 956 1627 licet
997 1582 1141 1626 tanta
1165 1614 1179 1635 ,
1213 1580 1273 1626 ut
1307 1573 1455 1635 dixi,
1493 1578 1839 1640 superessent

236 1663 538 1725 obstacula,
569 1678 690 1717 cum
729 1663 889 1718 sciret
915 1663 1041 1734 quid
1067 1663 1279 1718 tandem
1312 1664 1380 1717 sit
1407 1663 1690 1732 promissio
1719 1662 1828 1726 Dei,

236 1769 396 1823 quam
430 1754 603 1807 solers
629 1753 716 1807 illa
745 1755 817 1808 sit
841 1761 894 1807 et
924 1755 1160 1823 locuples
1184 1794 1200 1820 ,
1232 1754 1310 1809 sic
1337 1763 1392 1808 ut
1427 1769 1598 1822 neque
1630 1753 1835 1822 legibus

235 1854 442 1899 natura:
462 1886 477 1908 ,
521 1860 695 1914 neque
738 1860 918 1898 rerum
957 1842 1269 1899 difﬁcultate
1293 1885 1308 1908 ,
1337 1844 1422 1899 vel
1452 1844 1556 1898 alio
1583 1844 1830 1913 quopiam

233 1940 589 2008 impediatur,
616 1939 710 1994 sed
740 1955 836 2009 per
863 1939 1126 1993 contraria
1153 1940 1290 1993 viam
1318 1938 1582 2004 inveniat,
1615 1947 1668 1991 et
1703 1951 1830 2006 pro-

231 2035 457 2088 missum
491 2038 540 2087 in
569 2050 702 2102 olus
740 2034 986 2098 deducat,
1016 2033 1157 2104 quod
1189 2032 1487 2094 dicebatur,
1516 2030 1748 2093 admisit,
1777 2039 1831 2084 et

232 2127 581 2197 promissioni
611 2126 768 2180 fidem
797 2125 978 2181 habuit
1007 2143 1021 2180 :
1051 2135 1104 2179 et
1133 2125 1420 2180 tumultum
1454 2141 1517 2178 ex
1548 2124 1828 2194 cogitatio-

232 2217 391 2273 nibus
433 2233 502 2271 ne
544 2218 766 2271 omnino
811 2217 1022 2287 quidem
1065 2217 1265 2270 moveri
1302 2216 1461 2282 sivit,
1492 2216 1585 2271 sed
1619 2215 1720 2269 ﬁde
1748 2215 1830 2269 di-

231 2325 390 2381 gnam
420 2324 542 2364 esse
565 2309 840 2378 judicavit,
867 2317 924 2363 ut
950 2319 1033 2364 est
1057 2310 1171 2364 sine
1197 2307 1380 2374 dubio,
1408 2307 1474 2360 ad
1504 2305 1826 2375 implendam

233 2401 647 2470 promissionem
679 2401 840 2470 ipsius
869 2399 1158 2472 potentiam
1180 2439 1195 2464 ,
1225 2399 1316 2469 qui
1345 2397 1700 2468 promiserat,
1729 2411 1827 2451 ne-

230 2509 334 2564 que
359 2492 663 2562 disquisivit
690 2532 707 2560 ,
733 2509 840 2564 quo
871 2492 1084 2548 tandem
1116 2491 1276 2545 modo
1316 2490 1431 2546 haec
1457 2490 1702 2545 evenient
1729 2530 1741 2552 ,
1773 2497 1828 2542 et

229 2600 326 2639 cur
346 2599 455 2639 non
482 2585 535 2639 in
557 2584 853 2654 juventute,
877 2584 970 2639 sed
993 2584 1045 2637 in
1071 2591 1369 2650 senectute,
1392 2591 1446 2637 et
1468 2597 1590 2636 sero
1611 2581 1824 2635 tandem

228 2693 292 2733 ac
320 2677 492 2732 tarde.
525 2678 642 2744 Quo
670 2678 746 2736 fit.
780 2686 837 2731 ut
865 2677 1012 2735 illum
1052 2677 1211 2730 etiam
1240 2675 1382 2728 clara
1407 2689 1540 2728 voce
1576 2673 1826 2742 priedicet

228 2785 293 2828 ac
323 2769 507 2827 laudet
532 2767 614 2827 his
646 2769 821 2827 verbis
847 2773 1043 2828 Paulus
1073 2790 1085 2826 :
1113 2770 1212 2838 Qui
1239 2781 1416 2826 contra
1443 2787 1582 2840 spem
1607 2769 1658 2823 in
1681 2787 1823 2838 spent

229 2865 475 2929 credidit,
519 2875 573 2918 ut
610 2867 751 2934 ﬁeret
793 2876 936 2936 pater
976 2867 1250 2920 multarum
1292 2865 1515 2934 gentium
1549 2863 1736 2934 (Rom.
1766 2863 1820 2916 4.

231 2961 346 3023 18).
388 2956 528 3024 Quid
567 2965 685 3023 est,
714 2957 901 3013 Contra
943 2975 1083 3029 spem
1125 2958 1179 3012 in
1219 2957 1408 3025 spem?
1434 2956 1637 3011 Practer
1673 2970 1821 3023 Spem

231 3046 523 3101 humanam
550 3047 602 3102 in
633 3063 782 3118 spem
813 3049 938 3112 Dei,
969 3065 1087 3118 quae
1113 3057 1301 3103 cuncta
1331 3047 1522 3110 vincit,
1550 3062 1668 3116 qua:
1693 3059 1825 3101 cun-

228 3152 314 3194 cta
360 3151 574 3211 potest,
606 3158 726 3209 qua:
755 3153 942 3194 cuncta
974 3149 1209 3210 superat.
1247 3140 1311 3194 Et
1339 3139 1600 3203 credidit,
1633 3154 1736 3193 non
1765 3146 1824 3192 ut

229 3235 387 3288 ﬁeret
426 3241 576 3304 pater
607 3241 808 3287 tantum
829 3276 842 3299 ,
873 3235 966 3288 sed
993 3235 1154 3288 etiam
1183 3241 1259 3286 tot
1285 3231 1520 3303 gentium
1542 3271 1555 3294 ,
1585 3244 1741 3285 senex
1771 3239 1823 3285 et

225 3325 442 3391 eﬂ'etus,
465 3326 551 3379 cui
577 3325 773 3380 Sterilis
796 3335 849 3380 et
873 3325 1022 3379 senio
1048 3323 1291 3379 confecta
1317 3338 1449 3376 uxor
1473 3332 1607 3388 erat,
1635 3335 1824 3376 secun-

225 3417 357 3472 dum
400 3418 541 3487 quod
580 3418 780 3472 dictum
819 3427 934 3480 cst,
967 3416 1056 3471 Sic
1093 3417 1184 3470 erit
1227 3431 1392 3469 semen
1433 3425 1590 3467 tuum.
1623 3412 1692 3466 Et
1722 3429 1823 3466 non

225 3507 518 3578 inﬁrmatus
555 3520 624 3562 est
663 3509 766 3576 ﬁde
789 3548 802 3569 ,
842 3523 930 3560 nec
967 3505 1300 3559 consideravit
1327 3520 1510 3574 corpus
1537 3519 1682 3556 suum
1708 3502 1823 3572 jam

225 3612 546 3666 emortuum,
574 3617 687 3654 cum
725 3601 830 3669 [ere
869 3610 1066 3653 centum
1103 3607 1229 3652 εεεεε
1265 3612 1547 3660 annorum,
1579 3606 1627 3649 et
1655 3612 1820 3649 emor-

225 3705 372 3746 tuam
415 3691 612 3745 vulvam
644 3692 857 3756 Sarrae;
899 3691 948 3744 in
971 3689 1358 3761 repromissione
1397 3698 1564 3741 autem
1602 3686 1695 3740 Dei
1723 3702 1823 3740 non

227 3786 480 3838 Ιιιειςίιαυὶι
519 3785 814 3854 difﬁdentia,
848 3785 936 3838 sed
962 3788 1274 3856 confortatus
1300 3792 1370 3836 est
1398 3781 1518 3850 ﬁde,
1548 3780 1676 3834 dans
1703 3779 1820 3848 glo-

225 3879 361 3930 riam
386 3876 513 3944 Deo,
537 3878 824 3947 plenissime
849 3877 1030 3944 sciens,
1059 3878 1197 3946 quia,
1224 3888 1549 3945 quotcumque
1571 3872 1818 3938 promisit,

229 3980 410 4041 potens
441 3979 513 4023 est
541 3979 590 4023 et
623 3973 789 4040 facere
817 3970 1004 4040 (Rom.
1045 3971 1098 4024 4.
1146 3969 1323 4024 i9-2t
1343 3967 1382 4038 ).
1412 3967 1612 4021 Horum
1643 3973 1819 4019 autem

229 4065 519 4119 verborum
560 4064 675 4118 hinc
713 4073 796 4118 est
836 4065 1098 4119 sententia
1133 4082 1146 4117 :
1178 4064 1468 4118 Exsultans
1511 4063 1688 4119 statim
1716 4104 1730 4127 ,
1768 4070 1823 4115 et

229 4157 486 4212 exsiliens
505 4171 575 4210 ex
603 4155 836 4208 humana
861 4155 1244 4220 imbecillitate,
1268 4166 1322 4211 et
1347 4157 1414 4211 ad
1440 4158 1820 4212 Bttblim'tatem

228 4250 371 4318 ejus,
403 4250 492 4318 qui
522 4249 884 4318 promittebat,
914 4263 1219 4315 accurrens,
1249 4259 1302 4303 et
1329 4251 1568 4319 cogitans
1596 4249 1822 4302 immen-

228 4355 345 4394 sam
373 4340 490 4409 ejus
513 4353 631 4393 esse
662 4338 986 4408 potentiam,
1017 4340 1166 4394 facile
1190 4340 1449 4395 adductus
1474 4348 1586 4406 est,
1615 4347 1674 4393 ut
1699 4353 1822 4393 cre-

227 4431 382 4486 deret
418 4433 637 4485 omnino
664 4431 806 4501 quod
837 4432 935 4486 sibi
971 4431 1252 4487 dicebatur
1278 4442 1614 4487 eventurum.
1645 4434 1822 4500 Atque

229 4524 335 4579 hoc
381 4524 522 4579 facto
563 4525 799 4578 maxime
844 4525 1010 4580 Deum
1056 4526 1400 4595 gloriﬁcavit,
1433 4524 1573 4595 quod
1610 4524 1822 4578 curiose

227 4632 339 4670 non
370 4615 739 4685 inquisiverit,
770 4631 940 4686 neque
969 4625 1236 4670 scrutatus
1261 4615 1362 4682 sit,
1391 4615 1487 4670 sed
1515 4615 1821 4685 incompre-

229 4709 484 4768 hensibili
512 4709 628 4779 ejus
664 4709 940 4779 sapientia:
967 4711 982 4742 ¹
1005 4725 1069 4764 ac
1106 4711 1358 4780 potentia:
1388 4708 1630 4775 cesserit,
1647 4723 1823 4776 neque

225 4800 344 4855 ullo
371 4799 530 4854 modo
554 4800 623 4856 de
651 4800 713 4854 iis
733 4841 749 4866 ,
772 4816 889 4870 qua:
913 4800 1054 4856 dicta
1084 4799 1327 4866 fuerant,
1354 4800 1694 4855 dubitaverit.
1729 4797 1820 4852 Vi-

226 4891 330 4945 des
361 4892 463 4944 hoc
489 4906 610 4946 esse
636 4891 878 4947 maxime
904 4891 1067 4946 Deum
1097 4892 1427 4962 gloriﬁcare,
1457 4906 1580 4946 cum
1620 4893 1824 4945 incom-

230 4983 582 5052 prehensibili
608 4984 725 5054 ejus
754 4985 1095 5053 providentia:
1116 5027 1130 5052 ,
1159 4995 1317 5054 atque
1346 4984 1598 5039 ineffabili
1629 4993 1821 5054 poten-

187 5078 320 5146 gtiaa
354 5091 456 5132 nos
490 5076 853 5132 submittimus
877 5119 893 5144 ,
923 5093 1098 5148 neque
1134 5087 1465 5143 scrutamur,
1498 5087 1588 5131 aut
1612 5081 1824 5132 curiose

229 5167 552 5238 inquirimus
596 5183 770 5238 neque
806 5167 1032 5223 dicimus
1064 5187 1076 5221 :
1106 5166 1213 5224 Cur
1246 5169 1388 5224 hoc?
1417 5169 1481 5222 ad
1521 5169 1647 5238 quid
1683 5168 1824 5222 hoc?

227 5260 505 5331 quomodo
531 5262 634 5316 erit
675 5260 812 5315 hoc?
839 5261 1020 5331 Neque
1049 5277 1176 5317 vero
1206 5263 1379 5316 solum
1414 5261 1517 5316 hoc
1541 5271 1622 5317 est
1651 5260 1823 5315 admi~

230 5352 443 5408 ratione
477 5352 735 5423 dignum,
766 5353 858 5408 sed
889 5354 1048 5408 etiam
1088 5353 1229 5423 quod
1277 5352 1438 5406 filium
1487 5352 1629 5406 illum
1669 5366 1822 5406 suum

231 5443 566 5514 unigenitum
592 5458 655 5498 ac
679 5443 930 5499 dilectum
957 5454 1076 5514 post
1111 5443 1247 5497 hanc
1278 5443 1680 5512 promissionem
1708 5457 1824 5495 ma-

230 5547 382 5593 ctare
403 5537 729 5607 jubebatur,
757 5545 812 5592 et
850 5553 919 5591 ne
948 5547 1056 5590 tum
1091 5535 1305 5606 quidem
1345 5535 1694 5590 scandalizab:
1717 5542 1822 5589 tur.

232 5631 395 5700 Atqui
427 5631 591 5685 multa
615 5639 770 5685 erant
793 5646 911 5699 qua:
935 5629 1300 5686 scandalizarc
1325 5636 1541 5697 possent
1567 5642 1709 5694 eum,
1734 5626 1823 5696 qui

229 5721 458 5793 vigilans
499 5738 604 5776 non
654 5720 842 5776 fuisset
882 5732 936 5776 et
975 5728 1207 5776 attentus
1238 5736 1251 5771 :
1282 5728 1333 5775 et
1378 5718 1607 5790 primum
1652 5717 1822 5788 ipsum

297 5811 312 5846 '
337 5814 440 5872 Alii,
460 5812 794 5877 prmtideutt'w.
1179 5803 1182 5806 ’

1039 362 1130 417 AD
1170 361 1300 419 EOS
1336 361 1454 432 QUI
1494 356 1989 420 SCANDALIZATl
2031 357 2232 422 SUNT.
2275 365 2403 420 LIB.
2447 365 2645 423 UNUS.

3431 370 3538 427 509.

1953 476 2283 544 mandatum,
2311 493 2441 531 num
2472 479 2610 532 Deus
2637 476 2770 532 tales
2795 477 3036 532 victimas
3056 488 3300 548 acceptas
3323 479 3533 547 habeat,

1950 575 2003 620 et
2033 577 2206 635 patres
2229 567 2416 636 jubeat
2442 583 2562 624 esse
2601 569 2890 639 parricidas
2921 571 3205 626 liberorum
3230 615 3246 637 ,
3274 587 3336 627 ac
3368 583 3537 629 morte

1948 657 2176 712 violenta
2206 659 2366 712 vitam
2395 658 2567 725 ﬁnire,
2601 661 2882 715 immaturo
2910 662 3127 716 interitu
3159 663 3292 716 ﬁlios
3323 679 3530 728 necare,

1947 765 2165 820 suaeque
2213 751 2376 820 prolis
2424 750 2536 806 ﬁeri
2586 752 2878 806 homicidas
2903 795 2917 817 ,
2949 753 3037 807 tali
3081 754 3338 823 sanguine
3380 771 3532 809 suum

1947 843 2075 898 velit
2115 843 2281 899 altare
2319 844 2624 911 cruentari,
2664 855 2936 914 paternam
2965 844 3238 900 dexteram
3277 845 3534 900 adverSus

1948 933 2114 989 ﬁlium
2138 934 2472 1004 unigenitum
2509 937 2744 1003 armari,
2775 950 2838 990 ac
2877 934 3079 1004 justum
3115 937 3288 990 virum
3329 936 3534 990 sicariis

1947 1024 2060 1080 ﬁeri
2090 1025 2402 1093 saeviorem;
2434 1041 2552 1080 cum
2582 1025 2666 1080 his
2707 1035 2961 1096 prteterea
3002 1037 3204 1082 naturae
3233 1028 3312 1082 vis
3353 1043 3415 1082 ac
3447 1039 3529 1098 ty-

1944 1117 2127 1170 rannis
2170 1130 2292 1170 eum
2335 1118 2702 1171 commovebat
2745 1125 2799 1172 et
2840 1118 3209 1187 perturbabat,
3244 1133 3348 1171 non
3388 1118 3528 1188 quod

1947 1215 2095 1274 pater
2133 1208 2302 1261 solum
2345 1218 2525 1271 esset,
2553 1212 2646 1263 sed
2687 1209 2830 1279 quod
2863 1209 3142 1278 indulgens
3163 1249 3180 1274 ,
3210 1217 3262 1264 et
3293 1210 3408 1262 talis
3437 1210 3526 1262 ﬁlii

1945 1310 2114 1368 pater,
2146 1299 2349 1364 dilecti,
2383 1301 2658 1370 unigeniti,
2699 1300 2903 1370 pulchri
2935 1315 3038 1354 non
3077 1300 3297 1354 intuenti
3333 1301 3524 1363 solum,

1942 1390 2037 1444 sed
2067 1399 2122 1444 et
2146 1391 2546 1460 contemplanti.
2575 1390 2706 1445 Nam
2733 1399 2786 1444 et
2815 1391 2867 1444 in
2895 1390 3010 1460 ipso
3033 1398 3150 1444 erat
3173 1391 3344 1443 :rtatis
3371 1389 3522 1455 flore,

1942 1480 1994 1536 in
2039 1482 2249 1537 virtutis
2285 1481 2502 1552 vigore,
2544 1483 2600 1537 in
2633 1497 2740 1553 quo
2776 1482 2972 1552 duplex
3016 1481 3347 1554 pulchritudo
3369 1523 3385 1546 ,
3416 1490 3524 1536 tum

1942 1576 2152 1638 mentis,
2171 1585 2278 1629 tum
2304 1576 2566 1644 corporis,
2587 1575 2849 1630 elucebat.
2881 1574 3062 1644 Neque
3091 1589 3218 1629 vero
3247 1573 3526 1627 mediocri-

1941 1676 2022 1721 ter
2064 1667 2190 1722 illud
2233 1667 2300 1722 ad
2341 1683 2578 1722 amorem
2627 1675 2903 1736 paternum
2941 1666 3240 1736 augendum
3281 1665 3522 1728 valebat,

1938 1757 2081 1826 quod
2120 1766 2315 1826 praeter
2349 1772 2496 1828 spem
2529 1773 2740 1811 omnem
2779 1757 2935 1811 datus
2963 1755 3153 1811 fuerat.
3185 1755 3345 1811 Scitis
3380 1756 3520 1809 enim

1936 1862 2094 1915 quam
2128 1848 2236 1901 eari
2277 1848 2384 1902 sint
2425 1847 2686 1915 ejusmodi
2728 1847 2905 1912 liberi,
2937 1847 3028 1917 qui
3071 1855 3264 1916 praeter
3291 1861 3438 1915 spem
3467 1855 3523 1899 et

1935 1939 2386 2006 exspectationem
2405 1979 2419 2003 ,
2453 1955 2558 1992 non
2595 1939 2709 2007 lege
2742 1947 2942 1991 naturae
2970 1938 3210 1992 concessi
3239 1947 3390 1999 sunt,
3421 1952 3518 1990 cu-

1930 2029 2161 2098 jusmodi
2207 2029 2306 2083 fuit
2349 2029 2455 2084 ille.
2502 2028 2633 2083 Cum
2678 2029 2761 2082 his
2803 2028 3048 2082 omnibus
3085 2037 3261 2081 autem
3292 2027 3519 2080 maxime

1935 2126 2142 2188 poterat
2168 2119 2474 2173 scandalum
2505 2118 2746 2188 prmbere
2783 2117 3090 2186 pollicitatio
3119 2126 3168 2170 et
3207 2116 3480 2184 promissio
3499 2157 3514 2180 ,

1933 2225 2052 2264 cum
2086 2210 2158 2264 illi
2184 2210 2506 2264 contrarium
2538 2217 2681 2263 esset
2724 2209 3046 2263 mandatum.
3088 2207 3355 2277 Siquidem
3391 2224 3514 2276 pro-

1933 2303 2151 2355 missum
2197 2301 2366 2355 fuerat
2397 2318 2410 2353 :
2444 2299 2534 2354 Sic
2572 2300 2663 2352 erit
2707 2315 2871 2352 semen
2913 2308 3053 2351 tuum
3075 2340 3090 2363 ,
3121 2307 3176 2350 ut
3213 2296 3371 2350 stella:
3408 2296 3518 2350 σαιιὶ

1933 2390 2087 2461 (Cen.
2119 2392 2207 2445 15.
2237 2390 2295 2460 5)
2329 2406 2341 2443 :
2373 2390 2679 2444 mandatum
2722 2398 2897 2443 autem
2938 2387 3108 2442 fuerat
3137 2397 3193 2442 ut
3222 2387 3516 2456 unigenitus

1931 2482 2100 2546 ﬁlius,
2129 2481 2282 2551 cujus
2321 2481 2548 2551 posteris
2577 2489 2741 2535 totum
2771 2479 2954 2535 orbem
2983 2488 3239 2533 terrarum
3269 2485 3383 2532 erat
3419 2477 3519 2530 im-

1933 2575 2206 2644 pleturus,
2238 2573 2326 2628 hic
2351 2589 2380 2628 e
2411 2573 2587 2628 medio
2627 2574 2934 2636 tolleretur,
2975 2586 3040 2626 ac
3081 2571 3236 2625 morti
3279 2570 3516 2638 czedique

1929 2665 2236 2720 swvissimae
2263 2663 2578 2718 traderetur.
2610 2663 2715 2720 Sed
2744 2678 2812 2718 ne
2839 2663 2916 2716 sic
2942 2662 3154 2731 quidem
3183 2660 3512 2716 scandaliza-

1931 2757 2112 2828 batur,
2143 2777 2244 2819 nec
2272 2757 2680 2833 perturbabatur
2697 2757 2871 2829 justus
2901 2755 2988 2809 ille
3010 2797 3024 2820 ,
3059 2769 3230 2823 neque
3261 2755 3362 2808 tale
3387 2753 3511 2822 quid

1929 2857 2002 2910 illi
2031 2855 2326 2922 accidebat,
2354 2855 2494 2926 quod
2527 2856 2614 2910 uni
2642 2856 2797 2910 alicui
2827 2867 2892 2910 ex
2923 2849 3311 2924 insipientilms,
3345 2855 3400 2900 et
3424 2847 3510 2915 qui

1930 2948 2073 3001 humi
2100 2955 2340 3017 serpunt,
2367 2946 2668 3001 accidisset.
2695 2945 2877 3015 Neque
2903 2945 3046 3000 enim
3071 2944 3208 3013 apud
3237 2959 3294 2998 se
3325 2945 3396 2996 ita
3426 2956 3514 2996 ra.

1927 3039 2210 3095 tiocinatus
2248 3045 2332 3094 est
2371 3056 2384 3092 :
2427 3036 2564 3105 Quid
2609 3036 2710 3092 hoc
2757 3037 2833 3090 rei
2876 3035 2994 3090 est?
3036 3035 3240 3101 decepti
3285 3031 3509 3088 sumus?

1927 3130 2154 3186 fraudati
2181 3132 2406 3187 sumus?
2448 3145 2515 3184 an
2554 3129 2658 3184 hoc
2696 3129 2789 3184 Dei
2828 3127 3131 3182 mandatum
3160 3127 3281 3181 est?
3310 3126 3506 3180 Absit:

1926 3238 2031 3277 non
2065 3238 2277 3292 possum
2319 3237 2538 3292 parere;
2567 3230 2628 3276 ut
2661 3219 2755 3274 ﬁlii
2797 3219 3055 3289 parricida
3091 3219 3242 3282 ﬁant,
3273 3227 3326 3271 et
3361 3219 3508 3286 ejus-

1927 3315 2068 3370 modi
2093 3314 2347 3384 sanguine
2369 3313 2643 3368 dexteram
2669 3327 2841 3366 meam
2865 3319 3160 3375 cruentem,
3188 3309 3375 3363 adduci
3403 3325 3507 3362 non

1927 3419 2166 3474 possum.
2193 3404 2474 3471 Quomodo
2499 3413 2679 3458 autem
2718 3401 3002 3472 promissio
3027 3401 3183 3455 ﬁnem
3213 3414 3368 3455 suum
3394 3413 3511 3454 sor-

1927 3499 2128 3554 tietur?
2157 3497 2214 3553 Si
2244 3498 2386 3553 enim
2417 3497 2651 3552 radicem
2693 3497 2917 3551 avellant
2941 3537 2956 3560 ,
2993 3494 3132 3550 unde
3170 3494 3344 3548 rami?
3371 3493 3509 3547 unde

1926 3591 2159 3645 fructus?
2185 3591 2228 3644 si
2259 3589 2458 3646 fontem
2480 3589 2780 3656 occludam,
2805 3588 2944 3643 unde
2965 3587 3141 3642 ﬂuvii?
3165 3587 3209 3641 si
3237 3587 3396 3640 filium
3418 3601 3509 3640 oc-

1925 3681 2119 3747 cidam,
2149 3680 2289 3736 unde
2316 3680 2446 3736 mihi
2477 3687 2750 3750 nepotum,
2773 3695 2890 3749 qua:
2917 3679 3190 3734 stellarum
3220 3677 3510 3732 multitudi-

1926 3787 2046 3826 nem
2089 3781 2368 3844 extequet,
2409 3772 2691 3827 multitudo
2737 3780 2983 3826 nascetur
3002 3773 3026 3824 ‘t
3063 3769 3336 3838 Quomodo
3379 3785 3508 3839 ergo

1929 3875 2037 3920 tum
2067 3866 2167 3920 alia
2196 3864 2572 3936 promittebat,
2603 3873 2657 3919 et
2684 3864 2947 3920 contraria
2975 3877 3115 3917 nunc
3151 3861 3340 3932 jubet?
3368 3861 3505 3916 Nihil

1927 3958 2118 4013 horum
2144 3966 2232 4012 aut
2259 3957 2412 4024 dixit,
2441 3966 2533 4011 aut
2557 3956 2806 4026 cogitavit
2836 3972 2850 4009 :
2877 3955 2971 4010 sed
3001 3970 3188 4009 rursus
3213 3955 3279 4008 ad
3322 3965 3508 4024 poten-

1925 4053 2051 4107 tiam
2083 4050 2217 4119 ejus,
2249 4049 2336 4120 qui
2369 4049 2684 4118 promiserat
2714 4049 2835 4114 ista,
2860 4046 3189 4116 confugiens,
3222 4061 3340 4115 qua:
3369 4045 3506 4098 inef-

1925 4143 2100 4200 fa-hilis
2127 4149 2212 4196 est
2233 4182 2249 4205 ,
2280 4156 2399 4209 quae
2434 4140 2606 4195 solers
2631 4149 2712 4195 est
2749 4148 2803 4194 et
2840 4139 3076 4208 locuples
3097 4179 3111 4203 ,
3144 4153 3260 4208 quae
3301 4154 3394 4207 per
3421 4152 3508 4191 res

1925 4233 2220 4290 contrarias
2243 4231 2434 4294 elucet,
2461 4247 2579 4300 quae
2605 4238 2820 4300 superat
2847 4230 2992 4299 leges
3017 4238 3240 4295 naturae,
3271 4243 3388 4298 qua:
3414 4243 3509 4296 po-

1925 4327 2122 4381 tentior
2154 4333 2238 4380 est
2275 4322 2522 4379 omnibus
2543 4361 2559 4388 ,
2588 4322 2671 4376 cui
2709 4321 2959 4376 resistere
2995 4319 3130 4374 nihil
3169 4326 3374 4389 potest,
3408 4320 3509 4372 hoc

1924 4431 2136 4488 quoque
2166 4416 2470 4470 mandatum
2497 4412 2828 4470 conﬁdenter
2853 4411 3116 4479 exhausit,
3143 4420 3195 4468 et
3225 4410 3387 4466 filium
3417 4423 3508 4463 oc»

1919 4509 2086 4573 cidit,
2117 4517 2172 4564 et
2203 4508 2477 4563 dexteram
2525 4509 2854 4573 cruentavit,
2888 4515 2942 4560 et
2980 4505 3212 4576 gladium
3253 4504 3508 4572 sanguine

1925 4600 2144 4664 infecit,
2187 4607 2243 4654 et
2279 4613 2461 4653 ensem
2500 4598 2686 4669 jugulo
2726 4597 2985 4651 immersit
3031 4613 3043 4647 :
3081 4609 3204 4648 nam
3244 4594 3287 4646 si
3332 4593 3508 4646 minus

1925 4705 2118 4760 opere,
2146 4690 2332 4744 saltem
2362 4688 2520 4741 animi
2554 4688 2823 4758 proposito
2859 4694 3046 4739 cuncta
3077 4685 3174 4738 ista
3202 4683 3506 4751 complevit.

1925 4783 2183 4850 Quocirca
2211 4782 2336 4837 dum
2364 4795 2485 4836 eum
2525 4779 2734 4851 Moyses
2776 4776 3045 4840 laudaret,
3081 4776 3159 4829 sic
3183 4774 3256 4828 ait
3283 4792 3298 4828 :
3330 4772 3398 4826 Et
3426 4778 3508 4845 fa-

1926 4885 2062 4930 ctum
2083 4885 2156 4930 est
2178 4883 2289 4946 post
2315 4877 2421 4928 luet:
2439 4872 2604 4937 verba,
2635 4871 2772 4925 Deus
2785 4870 2994 4925 tentavit
3016 4868 3288 4933 Abraham,
3311 4877 3356 4921 et
3381 4867 3510 4921 dixit

1927 4971 1973 5024 ei
2000 4984 2018 5022 :
2045 4967 2189 5024 Tolle
2214 4968 2378 5036 ﬁlium
2409 4975 2549 5018 tuum
2573 4965 2809 5018 dilectum
2827 5003 2842 5026 ,
2868 4978 3014 5032 quem
3038 4961 3290 5026 dilexisti,
3321 4958 3473 5013 Isaac
3493 4999 3509 5023 ,

1927 5073 1975 5117 et
2012 5061 2140 5128 o/fer
2181 5061 2324 5115 illum
2359 5074 2510 5128 super
2548 5071 2706 5110 unum
2742 5055 3012 5118 montium,
3044 5069 3170 5123 quos
3208 5053 3294 5106 tibi
3335 5051 3508 5105 dixero

1933 5151 2096 5225 (Gen.
2123 5150 2214 5205 22.
2251 5152 2300 5204 t.
2329 5147 2416 5220 2).
2462 5147 2708 5202 Haeccine
2745 5153 2867 5200 sunt
2901 5143 3059 5199 verba
3103 5141 3469 5213 promissionis
3491 5181 3506 5206 ,

1929 5242 2358 5314 pollicitationis,
2408 5255 2526 5308 qua:
2579 5235 2946 5308 signiﬁcabant
2995 5250 3118 5290 eum
3173 5242 3504 5304 posterorum

1929 5342 2132 5402 patrem
2169 5332 2401 5385 futurum
2429 5341 2483 5384 et
2509 5344 2690 5384 semen
2728 5328 2846 5398 ejus
2880 5327 3112 5382 futurum
3151 5327 3289 5381 sicut
3329 5323 3511 5377 stellas

1928 5426 2089 5480 eteli?
2117 5424 2248 5480 Vide
2273 5438 2380 5494 quo
2407 5432 2561 5491 pacto
2599 5432 2718 5492 pOSt
2744 5421 2859 5475 inec
2883 5421 3044 5476 verba
3065 5461 3078 5485 ,
3107 5435 3229 5474 cum
3257 5417 3511 5473 audiissct

1931 5520 2094 5574 filium
2141 5532 2295 5574 suum
2344 5515 2726 5581 occidendum,
2768 5513 3069 5584 acquievit,
3118 5526 3238 5567 eum
3289 5523 3356 5568 ex
3405 5521 3512 5576 qtto

1931 5622 2074 5668 tanta
2119 5611 2382 5666 nascitura
2425 5618 2540 5666 erat
2579 5609 2858 5663 multitudo
2881 5621 3048 5672 ,eum
3072 5647 3086 5671 ,
3127 5604 3378 5674 inquam,
3411 5600 3509 5652 im-

1930 5704 2167 5768 molare,
2197 5709 2356 5772 atque
2388 5715 2420 5755 e
2459 5700 2634 5756 medio
2680 5699 2866 5754 tollere
2890 5738 2904 5764 ,
2951 5698 3164 5766 Deoque
3208 5697 3261 5748 in
3305 5689 3507 5746 sacriﬁ-

1938 5796 2080 5852 cium
2107 5794 2319 5852 oﬁ'erre.
2350 5795 2488 5852 Sane
2517 5795 2710 5852 Paulus
2733 5809 2850 5849 cum
2878 5807 2997 5848 eum
3029 5788 3227 5845 idcirco
3251 5786 3491 5842 laudaret
