4002 6382
494 355 592 409 505
1168 357 1224 411 S.
1265 353 1542 410 JO.\NN|S
1578 347 2050 407 CHRYSOSTOMI
2092 347 2410 402 ARCIIIEP.
2450 341 2986 401 CONSTANTINOP.
3669 337 3762 390 50$

497 476 572 522 sic
616 487 740 525 eum
779 469 1222 533 commendabat,
1253 483 1316 522 ac
1356 467 1713 537 praedicabat,
1741 473 1800 519 ut
1835 462 2036 517 diceret
2069 476 2082 513 :
2200 458 2419 522 hostes,
2467 473 2530 512 ac
2577 455 2828 512 suaviores
2875 455 3014 523 lupis
3057 465 3182 521 erga
3229 449 3478 537 fratrem,
3505 451 3768 503 occasurum

509 560 638 615 Fide
663 563 839 617 obtulit
872 564 1122 615 Abraham
1147 560 1317 626 Isaac,
1345 536 1460 612 eum
1487 566 1756 612 tentaretur
1780 554 1966 628 (Hebr.
2000 553 2088 608 fl.
2197 549 2461 603 visionum
2516 548 2721 602 illarum
2773 552 3090 607 evaserunt;
3145 551 3200 595 et
3247 536 3698 609 quemadmodum
3729 538 3768 591 si

505 653 597 720 f7)
627 670 641 705 :
671 661 780 705 tum
814 662 867 705 ut
899 653 1146 714 doceret,
1177 660 1426 719 quantam
1458 664 1571 702 rem
1603 646 1823 711 fecerit,
1853 652 1908 698 et
1932 657 2090 712 quam
2196 638 2322 694 ferae
2349 649 2506 709 atque
2536 640 2799 692 immanes
2829 636 3018 690 bellua:
3045 632 3284 703 qumdam
3318 645 3519 701 agnum
3548 644 3579 683 c
3611 630 3771 682 medio

507 743 715 797 eximia:
767 742 888 796 fidei
944 743 1211 811 specimen
1261 740 1525 803 ediderit,
1571 736 1768 808 adjecit
1807 754 1821 789 :
1863 732 1930 788 Et
1975 733 2092 786 uni-
2197 730 2522 798 abriperent,
2558 730 2626 781 ita
2652 727 2889 797 quotidie
2912 725 3130 780 insidias
3157 723 3228 776 illi
3259 720 3576 811 tendebant.
3613 720 3773 811 Atque

507 835 726 903 genitum
755 809 993 899 oﬂ'erebat
1022 833 1064 886 is
1087 874 1102 897 ,
1135 832 1220 900 qui
1250 830 1603 901 promissione:
1639 835 1946 897 susceperat.
1986 823 2096 878 llo-
2200 819 2356 889 hujus
2380 819 2503 874 belli
2532 832 2725 888 parens
2752 825 2808 870 ct
2835 825 3020 870 auctor
3046 814 3142 867 fuit
3162 812 3344 882 iniqua
3376 809 3770 903 quadam-invi-

511 898 626 976 rum
654 898 829 976 autem
860 922 946 976 hic
978 898 1167 976 sensus
1193 898 1275 976 est
1309 937 1321 974 :
1353 921 1465 975 Dici
1501 933 1607 974 non
1650 926 1860 987 potest,
1891 913 2094 983 inquit,
2200 910 2308 973 dia,
2334 919 2386 964 et
2409 909 2551 964 livor
2575 909 2802 978 injustus
2826 925 2838 960 :
2861 908 3043 975 iraque
3062 903 3327 958 ferventes
3352 901 3581 969 singulis
3605 898 3775 953 diebus

510 1029 632 1068 eum
658 1013 793 1068 duos
823 1014 957 1068 ﬁlios
1001 1013 1250 1068 habuisse
1284 1011 1588 1066 carissimos
1611 1050 1626 1073 ,
1657 1018 1710 1064 et
1749 1016 2095 1076 expectasse,
2203 1000 2405 1055 eadem
2452 1000 2568 1068 ejus
2618 997 2960 1059 anhelabant,
3005 1011 3124 1050 cum
3151 993 3288 1048 hanc
3329 994 3384 1048 in
3410 994 3493 1048 eis
3523 991 3774 1046 fornacem

515 1115 572 1159 ut
602 1106 703 1160 hoc
733 1107 1053 1174 interempto
1075 1146 1090 1168 ,
1120 1120 1187 1159 ex
1222 1104 1390 1159 altero
1429 1102 1529 1158 sibi
1573 1099 1855 1155 multitudo
1882 1098 1968 1152 illa
2001 1111 2099 1150 na-
2203 1091 2540 1154 accenderet,
2565 1101 2617 1144 et
2633 1090 2898 1144 flammam
2921 1088 3178 1142 excitaret
3203 1083 3430 1138 invidia.
3454 1082 3522 1136 Et
3542 1081 3774 1151 quoniam

514 1206 789 1263 sectetur,
817 1197 969 1265 cujus
1009 1204 1161 1265 pater
1189 1204 1329 1250 esset
1360 1210 1376 1248 :
1406 1204 1460 1249 et
1487 1208 1650 1247 unum
1691 1191 1836 1245 illum
1879 1189 2099 1253 habuit,
2207 1183 2330 1237 dum
2379 1182 2523 1237 domi
2569 1181 2808 1251 degeret,
2856 1189 2911 1233 et
2950 1193 3071 1232 cum
3103 1175 3774 1265 parentibusrversaretur,

519 1297 574 1342 rt
609 1289 678 1343 ab
717 1288 819 1342 hoc
863 1262 978 1342 solo
1010 1262 1307 1357 promissio
1349 1285 1616 1356 pendebat
1647 1301 1659 1336 :
1693 1292 1924 1336 attamen
1965 1281 2104 1334 hunc
2208 1276 2339 1330 nihil
2369 1275 2581 1329 interim
2610 1275 2685 1327 illi
2717 1273 2840 1326 mali
2885 1278 3130 1340 poterant
3159 1265 3356 1321 inferre
3376 1305 3392 1329 ,
3426 1264 3594 1357 ipsius
3616 1262 3780 1315 existi-

525 1380 836 1434 iuterimere
867 1395 971 1433 non
1000 1379 1306 1443 recusavit,
1348 1352 1486 1431 sicut
1527 1376 1578 1429 in
1608 1374 1961 1445 promissione
2006 1386 2104 1442 ge-
2210 1365 2428 1421 mationi
2473 1363 2797 1427 detrahunt.
2846 1362 3067 1430 eiusque
3113 1357 3319 1413 ηοῐιιίιιί
3366 1365 3553 1409 “om”
3581 1352 3780 1407 illum“

526 1470 822 1524 nerationis
864 1469 983 1538 ejus
1007 1511 1023 1534 ,
1070 1484 1242 1538 neque
1285 1469 1368 1523 sui
1413 1467 1656 1535 corporis
1690 1465 1920 1519 emortui
1972 1477 2103 1517 eon-
2211 1457 2461 1521 infamim,
2493 1464 2545 1511 et
2568 1469 2724 1524 prava
2753 1452 3124 1509 criminatione
3150 1449 3295 1503 illum
3326 1451 3600 1506 accusant,
3629 1449 3775 1538 atque

523 1561 726 1614 tlitione
744 1601 757 1623 ,
800 1533 972 1629 neque
1010 1533 1196 1614 uxoris
1222 1574 1334 1614 suae
1368 1533 1653 1613 sterilitate
1699 1564 1901 1611 naturae
1931 1555 2100 1624 potuit
2211 1550 2314 1604 hoc
2336 1559 2490 1619 pacto
2518 1547 2682 1618 patris
2709 1547 2763 1601 in
2789 1560 2912 1601 eum
2937 1543 3175 1598 amorem
3207 1539 3424 1595 auferre
3450 1533 3776 1629 contend—util.

527 1653 771 1719 impediri
815 1623 1098 1722 quominus
1145 1652 1303 1708 fidem
1336 1651 1595 1717 haberet,
1647 1651 1717 1705 ita
1763 1650 1848 1704 hic
1898 1665 2110 1719 quoque
2213 1650 2272 1695 ut
2319 1641 2392 1694 ita
2436 1638 2646 1694 facilius
2699 1637 2936 1707 ipsorum
2983 1632 3192 1688 insidiis
3237 1630 3360 1700 capi
3413 1626 3608 1722 possit.
3659 1623 3776 1722 :f'tnn

529 1713 654 1799 niliil
688 1713 972 1815 impeditus
1020 1761 1052 1801 a
1091 1753 1266 1801 morte
1311 1744 1430 1800 fttit.
1475 1713 1602 1800 Haec
1629 1745 1790 1814 igitur
1829 1713 1949 1798 cum
2007 1713 2111 1798 illis
2215 1729 2410 1785 deinde
2431 1728 2561 1783 Ῐονῖδ
2585 1743 2706 1783 eum
2732 1725 2971 1815 Procul?
2992 1730 3288 1815 θοιιερῖξίξῑιξ
3305 1718 3479 1815 Ρξιῑΐίε
3499 1713 3776 1815 deprehen-I

527 1801 776 1906 compara
795 1878 810 1904 ,
853 1852 974 1908 quae
1004 1852 1144 1892 nunc
1170 1837 1324 1900 fiunt,
1370 1846 1480 1892 tum
1527 1845 1584 1892 tu
1621 1801 2111 1906 pitsillauimitatem
2216 1820 2425 1887 demes.
2455 1835 2577 1874 cum
2604 1819 2656 1872 in
2678 1817 2892 1908 desel'lo
2910 1814 3107 1908 Cibaria
3129 1812 3228 1908 ⁵1111
3258 1808 3590 1865 άθῖθτοηίθω
3611 1845 3624 1868 ν
3649 1813 3699 1857 ⁸1
3715 1801 3777 1908 ξ¹¹¹

532 1937 674 1983 tuam
705 1929 1000 1996 intuebere,
1029 1937 1141 1984 tum
1171 1943 1356 1984 eorum
1380 1968 1397 1994 ,
1425 1929 1517 1998 qui
1545 1927 2004 1992 scandalizantur,
2033 1926 2112 1980 in-

2217 1926 2312 1967 cos
2355 1910 2646 1966 visitandos
2689 1906 2987 1978 profectum
3031 1904 3398 1968 invenissent,
3431 1912 3600 1968 neque
3625 1893 3776 1965 profe-

533 2019 751 2073 tuebere
803 1991 1093 2086 vilitatem,
1142 2027 1198 2073 et
1242 1991 1392 2074 ctare
1433 1991 1697 2087 intelliges
1751 2032 1854 2070 non
1900 1991 2113 2071 aliunde

2218 2003 2416 2060 ctionis
2443 2015 2658 2058 causam
2689 2008 2812 2053 sunt
2843 1996 3079 2062 reveriti,
3110 2009 3284 2064 neque
3310 1991 3564 2046 fraternae
3608 1999 3777 2040 mensa:

533 2118 676 2162 tuum
725 2109 1035 2164 scandalum
1081 2109 1342 2180 originem
1386 2110 1605 2172 ducere,
1638 2124 1796 2178 quam
1844 2106 1983 2179 quod
2035 2109 2113 2162 in-

2223 2095 2344 2150 illos
2380 2093 2597 2164 puduit,
2643 2090 2737 2147 sed
2765 2088 2970 2160 gladios
3014 2085 3298 2148 acuebant,
3346 2092 3403 2136 et
3429 2095 3490 2180 se
3513 2077 3576 2180 ad
3605 2073 3777 2130 caedem

531 2199 998 2267 comprehcnsibili
1035 2201 1128 2254 Dei
1155 2170 1503 2270 providentia:
1545 2170 1764 2254 minime
1789 2170 1948 2252 cedas
1970 2237 1986 2263 ,
2017 2197 2111 2252 sed
2222 2186 2588 2256 accingebant,
2607 2194 2899 2252 omnesque
2929 2179 3105 2233 fratris
3132 2173 3419 2270 parricida;
3438 2170 3659 2270 fiebant,
3678 2181 3780 2219 cum

536 2291 991 2358 dispensationum
1012 2291 1130 2358 ejus
1149 2290 1366 2346 modum
1383 2291 1578 2360 ubique
1597 2289 1881 2360 disquiras,
1907 2303 2121 2343 causas-
2225 2278 2355 2332 nihil
2383 2291 2603 2346 parvum
2633 2281 2726 2328 aut
2747 2286 2998 2342 magnum
3026 2271 3074 2324 ei
3118 2275 3342 2338 Possem
3363 2263 3612 2360 (ibiiccre.
3641 2272 3774 2358 ‘l‘lt‘f'

538 2397 641 2449 que
667 2396 850 2436 eorum
871 2422 886 2446 ,
917 2397 1034 2451 qua:
1062 2391 1338 2451 geruntur,
1376 2381 1638 2450 requiras,
1663 2391 1717 2434 et
1739 2380 1944 2449 singula
1975 2393 2122 2432 scru-
2227 2370 2556 2427 interfecturi
2584 2375 2770 2432 erant;
2794 2363 2889 2421 sed
2915 2377 3099 2420 eorum
3129 2374 3312 2424 causa,
3435 2370 3554 2451 qua:
3574 2348 3779 2422 ιπειδηιῑιε

542 2448 670 2525 teris
704 2489 718 2525 :
750 2475 890 2541 quod
920 2448 962 2525 si
993 2448 1279 2526 accidisset
1318 2448 1648 2538 Abrahamo,
1686 2448 1844 2540 plane
1869 2471 1934 2526 ad
1964 2470 2122 2524 fidem
2227 2464 2366 2519 afﬁci
2406 2477 2468 2517 ac
2497 2458 2775 2532 prtedicari
2808 2473 2929 2513 eum
2961 2453 3232 2526 oportuit,
3270 2448 3579 2541 invidebant
3599 2455 3782 2541 πορριξ-

543 2529 840 2615 habendam
871 2561 1243 2617 claudicasset.
1299 2563 1370 2616 At
1415 2561 1518 2616 hoc
1566 2529 1647 2615 illi
1689 2529 1799 2616 non
1843 2560 2078 2615 accidit‘
2107 2602 2122 2624 ,
2227 2555 2480 2626 gnabant.
2499 2529 2558 2608 et
2576 2549 2858 2608 calumniis
2892 2545 3231 2617 appetebant.
3272 2543 3343 2596 At
3382 2538 3471 2592 ille
3497 2551 3562 2590 ne
3598 2533 3667 2586 sic
3684 2529 3782 2599 qui-

543 2664 703 2723 atque
746 2655 946 2709 idcirco
984 2656 1215 2711 celebris
1243 2664 1298 2710 et
1333 2656 1552 2710 illustris
1583 2655 1715 2721 fuit,
1759 2664 1815 2709 et
1841 2654 2088 2710 omnibus
2107 2696 2123 2721 ,
2231 2649 2352 2702 dem
2377 2647 2587 2700 illormn
2614 2655 2960 2712 congressum
2985 2634 3352 2696 aversabatur,
3382 2629 3476 2686 sed
3504 2628 3653 2723 etiam
3676 2635 3779 2723 erga

543 2715 664 2814 quin
693 2747 953 2814 promissa
985 2746 1229 2814 fuerant,
1260 2757 1345 2802 est
1384 2748 1618 2817 potitus;
1653 2715 1826 2815 neque
1852 2715 2128 2802 senectute
2234 2750 2432 2795 tantam
2474 2737 2867 2808 improbitatem
2901 2733 3189 2786 fraternum
3223 2715 3779 2817 amorem-exhibebatf

549 2837 935 2892 scandalizatus
965 2847 1068 2904 est,
1088 2853 1260 2908 neque
1287 2809 1536 2893 mandato
1551 2809 1693 2908 quod
1716 2809 1996 2908 sequutum
2023 2847 2125 2901 est;
2236 2833 2308 2887 illi
2343 2839 2526 2886 contra
2563 2828 2639 2882 sic
2682 2825 2926 2879 affectum
2976 2819 3282 2874 interimere
3341 2811 3661 2869 conabantur
3690 2821 3703 2868 ;
3742 2809 3783 2853 εί

555 2946 727 3000 neque
767 2931 1108 3000 promissioni
1147 2931 1355 2986 obicem
1403 2930 1712 2986 mandatum
1758 2931 1988 2985 futurum
2041 2946 2132 2984 ar-
2238 2932 2494 2992 qmtntunt
2523 2919 2575 2973 itt
2606 2918 2735 2988 ipsis
2755 2913 2968 2986 quidem
3000 2911 3118 2975 fuit,
3160 2909 3565 3000 interemerunt,
3591 2908 3782 3000 suasque

548 3024 774 3078 bitratus
799 3034 882 3078 est
903 3064 920 3092 ,
954 3040 1126 3094 neque
1150 3024 1468 3080 sacrificium
1502 3023 1912 3093 promissionem
1953 3038 1983 3076 e
2013 3038 2130 3076 mc-
2236 3015 2484 3068 deﬂens
2506 3017 2868 3068 ετυθιιῑπυηιν
2901 3014 2955 3057 εί
2993 3003 3276 3094 fraternam
3300 2996 3511 3094 _cmd_em
3548 2995 3784 3094 permit:

547 3114 637 3166 dio
676 3075 1054 3182 sublaturum:
1100 3131 1273 3185 neque
1311 3116 1362 3170 in
1408 3075 1528 3170 caui
1573 3113 1760 3169 incidit
1793 3113 2130 3182 desperatio-
2239 3116 2383 3161 runt.
2432 3104 2811 3158 Verumtamen
2841 3098 3012 3152 solers
3062 3093 3151 3148 Dei
3199 3088 3483 3185 sapientia,
3531 3093 3581 3137 ει
3614 3089 3781 3185 illini"

554 3222 705 3270 nem,
736 3215 790 3258 ut
819 3206 887 3260 de
934 3167 1291 3276 promissione
1337 3216 1513 3260 actum
1541 3211 1794 3273 putaret,
1828 3202 2037 3258 tametsi
2067 3201 2133 3256 ad
2239 3197 2400 3253 rebus
2441 3192 2727 3264 deploratis
2775 3191 2874 3244 iter
2925 3179 3456 3251 secundumaperit,
3501 3189 3612 3276 cum

556 3297 729 3364 ipsum
761 3255 1133 3350 rerumrfinem
1157 3296 1481 3364 perveniret.
1526 3293 1644 3348 Noli
1689 3293 1832 3348 enim
1875 3294 1978 3347 hoc
2004 3291 2136 3346 mihi
2239 3289 2480 3343 rathrum
2533 3300 2652 3340 cum
2703 3281 3026 3353 prmcipttem
3076 3275 3243 3330 acturi
3292 3282 3350 3326 et
3412 3267 3528 3325 neci
3578 3261 3781 3364 tradttlttl

557 3388 905 3456 respondere,
951 3403 1054 3440 non
1089 3387 1396 3456 permisisse
1437 3387 1626 3450 Deum,
1657 3392 1716 3439 ut
1751 3383 2054 3438 mandatum
2084 3383 2134 3436 in
2242 3388 2456 3443 essent,
2499 3393 2563 3432 ex
2616 3374 2831 3428 nefariis
2867 3371 3074 3424 illorum
3116 3364 3364 3456 manibus
3405 3363 3572 3432 ipsum
3602 3356 3782 3456 enimi-

556 3437 692 3547 optis
716 3478 914 3542 exiret,
952 3437 1126 3548 neque
1145 3478 1272 3548 justi
1298 3478 1574 3533 dexteram
1616 3485 1945 3531 cruentatam
1972 3488 2091 3529 esse
2119 3489 2134 3527 :
2242 3473 2374 3528 Nam
2403 3467 2669 3525 consuluit
2697 3464 2908 3536 quidem
2938 3475 3077 3514 unus
3097 3475 3160 3513 ex
3193 3455 3448 3510 fratribus
3474 3492 3488 3516 ,
3534 3457 3588 3501 ut
3624 3455 3703 3548 cons

555 3585 738 3623 verum
763 3567 891 3623 illud
921 3569 1202 3625 considera
1235 3611 1252 3638 ,
1292 3569 1424 3624 nihil
1453 3569 1644 3624 horum
1673 3569 1892 3624 scivisse
1911 3568 2136 3638 justum,
2246 3565 2340 3620 illo
2365 3561 2651 3634 parricidio
2692 3565 3000 3617 revocaret;
3031 3551 3122 3606 sed
3167 3565 3354 3604 eorum
3406 3551 3628 3638 mentem
3669 3535 3787 3638 list“

561 3675 736 3728 neque
764 3675 824 3715 se
849 3661 1026 3715 vivum
1055 3661 1202 3716 illum
1233 3623 1570 3730 iecepturum
1594 3702 1609 3727 ,
1641 3670 1801 3730 atque
1829 3661 1896 3713 ita
1911 3623 2140 3713 'domum
2246 3657 2408 3720 Deus,
2451 3669 2516 3708 ac
2557 3649 2758 3706 caulem
2811 3645 3101 3715 impedivit.
3137 3640 3241 3697 Sed
3274 3655 3346 3694 ne
3378 3637 3463 3730 hic
3490 3629 3679 3703 quidem

557 3767 898 3807 reversurum
945 3753 1196 3814 novisse,
1247 3753 1341 3807 sed
1385 3761 1548 3806 totam
1594 3761 1827 3806 mentem
1873 3764 2024 3804 suam
2076 3748 2140 3803 ad
2245 3760 2400 3820 pctus
2427 3747 2685 3802 malorum
2729 3740 2997 3802 substitit,
3034 3749 3219 3790 verum
3259 3729 3487 3820 ulterius
3527 3718 3785 3820 rursus-EE

559 3800 898 3807 ---_-__---__-
947 3800 1196 3814 --------,
1247 3800 1341 3807 _-_
2080 3800 2139 3803 η
2249 3800 2395 3820 rm-
2429 3800 2455 3802 ρ
2986 3800 2992 3802 .

556 3844 759 3899 cmdem
793 3845 1106 3900 intendisse.
1157 3843 1362 3899 Idcirco
1409 3845 1570 3898 etiam
1621 3843 1861 3898 secundo
1897 3842 1963 3897 de
2009 3842 2143 3897 caelo
2249 3851 2562 3910 progressus
2607 3832 2867 3902 Quoniam
2894 3829 3036 3884 enim
3071 3826 3214 3884 illum
3245 3819 3559 3910 interimere
3575 3800 3782 3910 pT9il-lillli

560 3946 802 3992 vocatur.
862 3937 1047 4006 Neque
1093 3937 1236 3992 enim
1284 3936 1542 3990 Abraham
1603 3933 1920 4004 simpliciter
1966 3931 2140 3987 dixit:
2249 3900 2676 3997 fuerant,adluic
2695 3935 2868 3978 autem
2899 3923 2973 3975 ira
2997 3917 3252 3979 fervebat,
3274 3923 3332 3967 et
3355 3900 3785 4006 furor-vigsltillﬁc

562 3989 1293 4095 sedpdbraliani,
1319 4026 1469 4097 (Gen.
1495 4026 1589 4081 22.
1625 3989 1880 4098 1),.νοείε
1917 4025 2147 4098 ingemi—
2251 3989 2514 4098 passionis
2540 4018 2769 4091 procella
2797 4012 3069 4075 sscviebat,
3089 4010 3139 4062 in
3163 4006 3302 4061 aliud
3335 3989 3786 4098 quidpiam

563 4120 780 4174 natione
825 4121 1086 4174 intentum
1113 4119 1180 4174 ad
1230 4119 1553 4173 sacrificium
1599 4087 1765 4172 animi
1815 4087 2145 4188 propositum
2250 4087 2392 4176 diam
2421 4115 2744 4172 effuderunt.
2779 4111 3006 4164 Esutum
3024 4104 3166 4159 enim
3193 4100 3493 4155 etvinetum
3518 4087 3787 4188 ευωκιξξῗξξξ

563 4212 885 4279 reprimens,
913 4220 967 4264 et
991 4224 1252 4265 revocans
1279 4226 1292 4261 :
1327 4210 1397 4262 ita
1421 4218 1564 4263 totus
1590 4209 1656 4263 ad
1684 4208 1993 4262 mandatum
2019 4223 2143 4278 per-

2253 4218 2440 4267 cerunt
2465 4209 2515 4262 in
2533 4207 2702 4260 lacum
2731 4199 2975 4256 crudeles
2993 4197 3086 4262 illi,
3106 4189 3404 4252 inhumani,
3424 4193 3575 4251 atque
3587 4170 3783 4279 efferati;

565 4264 830 4371 agendum
873 4264 1234 4355 incumbebat.
1271 4300 1434 4355 Vides
1475 4308 1641 4354 totam
1683 4315 1799 4355 rem
1837 4300 1955 4369 ejus
1980 4264 2148 4355 animi
2254 4264 2450 4359 deinde
2477 4299 2680 4355 delatos
2707 4295 2772 4348 ab
2801 4294 2889 4347 illo
2915 4291 3064 4346 cibos
3091 4285 3472 4355 degustarunt;
3510 4280 3560 4326 et
3587 4264 3664 4371 illi:

573 4393 835 4446 sententia
885 4391 1050 4446 fuisse
1089 4391 1408 4461 completam
1452 4399 1509 4446 et
1546 4390 1835 4459 perfectam
1860 4432 1877 4458 ,
1918 4407 2016 4445 nec
2059 4407 2151 4447 us-
2257 4396 2378 4449 dem
2407 4393 2458 4445 in
2489 4390 2606 4443 lacu
2637 4394 2779 4440 metu
2811 4380 2998 4436 mortis
3047 4373 3374 4433 imminentis
3403 4368 3658 4461 correptus
3697 4358 3789 4399 νοτ·

564 4499 722 4554 quam
760 4482 1070 4537 scandalum
1116 4497 1447 4552 comparere.
1481 4483 1536 4538 ld
1564 4485 1692 4538 Vero
1727 4483 1779 4537 in
1817 4497 1973 4552 causa
2010 4481 2144 4548 fuit,
2258 4484 2492 4547 sabatur,
2528 4481 2599 4534 illi
2631 4493 2756 4531 vero
2779 4472 2981 4528 deliciis
3013 4479 3066 4523 ct
3094 4463 3340 4522 ebrietati
3368 4454 3628 4554 vaca-bant:

565 4524 578 4538 .
760 4524 1070 4537 ..κωκυ-..μη
1117 4524 1447 4552 ν.....,,...ν.ν.
1481 4524 1536 4538 η.
1572 4524 1690 4538 ..ην
1817 4524 1973 4552 wn-..
2010 4524 2144 4548 .....,
2258 4524 2492 4547 .,...,......,
2643 4524 2752 4531 .--η
2785 4524 2910 4528 --η-
2941 4524 2972 4525 η

565 4524 707 4649 quod
751 4578 802 4632 itt
847 4577 1087 4631 actiones
1128 4576 1220 4632 Dei
1251 4577 1463 4644 curiqse
1503 4591 1609 4630 non
1651 4575 1964 4646 inquireret.
2011 4573 2150 4641 Quid
2326 4573 2573 4644 Josepha
2600 4570 2839 4642 fratribus
2861 4559 3374 4644 genditurfeutatur
3401 4524 3784 4649 ab

568 4628 696 4724 iero
716 4667 955 4737 Ioseph?
976 4667 1082 4732 die,
1113 4682 1295 4736 quaeso
1325 4682 1341 4720 :
1373 4628 1551 4721 nonne
1577 4665 1681 4720 tale
1707 4628 1835 4736 quid
1856 4665 1907 4719 ei
1933 4628 2151 4718 accidit?
2256 4699 2325 4710 -
2353 4628 2535 4735 Neque
2556 4628 2659 4716 hinc
2683 4673 2848 4728 usque
2868 4628 3078 4709 \tantum
3107 4651 3316 4704 illorum
3342 4635 3566 4737 perrexit

571 4723 703 4814 Nam
735 4767 789 4814 et
815 4723 890 4813 il'li
918 4723 1105 4828 magna
1131 4723 1378 4827 quaedam
1426 4773 1456 4812 a
1501 4759 1612 4812 Deo
1650 4723 1935 4826 promissio
1980 4755 2154 4810 fuerat
2259 4760 2354 4817 sed
2382 4723 2504 4813 cuin
2532 4723 2777 4809 homines
2807 4749 3081 4808 barbaros,
3109 4751 3162 4796 et
3191 4737 3373 4810 procul
3403 4732 3468 4786 ab

736 4802 789 4814 ν-
918 4802 1105 4828 ...μοψ
1135 4802 1378 4827 .,...........
1426 4802 1456 4812 _
1501 4802 1608 4812 ,ην
1651 4802 1932 4826 ...νη-.--η
1980 4802 2154 4810 ----π-
2259 4802 2354 4817 σω.
2383 4802 2504 4813 η...
3069 4802 3078 4808 .
3191 4802 3206 4810 -
3707 4814 3744 4831 ι,

572 4851 774 4911 oblata,
801 4859 856 4902 et
881 4863 970 4904 res
997 4850 1280 4904 contraria:
1325 4847 1664 4918 promissioni
1710 4861 1896 4901 rursus
1935 4845 2153 4901 evenie-
2259 4855 2418 4924 gione
2458 4845 2758 4902 habitantes
2787 4842 2839 4894 in
2882 4837 3170 4906 IEBYPI‘W
3207 4828 3461 4883 Vidissem
3488 4802 3786 4937 dfffﬂﬁuiﬁ’i

3535 4908 3695 4961 lteram
3728 4905 3738 4940 ι

573 4941 720 4994 bant.
759 4941 955 4995 Fuerat
981 4942 1123 4997 enim
1171 4941 1508 5026 promissum
1524 4955 1619 5010 per
1657 4939 1864 4995 somnia
1892 4940 2149 5006 futurum,
2259 4951 2530 5014 arreptum
2575 4939 2792 4993 fratrem
2844 4933 2947 4986 illis
2987 4927 3357 5026 vendiderunt,
3403 4925 3460 4971 ut
3503 4925 3528 4963 a

575 5041 636 5085 ut
678 5045 804 5085 eum
856 5030 1050 5087 fratres
1089 5033 1412 5100 adorarent,
1457 5015 1616 5102 aique
1644 5031 1745 5086 hoc
1787 5030 1983 5101 duplex
2021 5031 2157 5086 visio
2263 5013 2489 5093 mortem
2515 5029 2798 5101 quamdam
2825 5023 3140 5093 longiorem.
3181 5013 3523 5102 acerbiorem,
3549 5013 3652 5102 ac“:

585 5082 634 5085 η
685 5082 803 5085 ————-
856 5082 1048 5087 ------τ-
1091 5082 1412 5100 --τ---ν---ν
1459 5082 1613 5102 --τη
1645 5082 1741 5086 --η
1793 5082 1983 5101 "rm
2035 5082 2146 5086 --η
2264 5082 2489 5093 ...ν-ηπ-
2919 5082 2947 5093 ν
3643 5082 3652 5090 -

582 5126 986 5196 praenuntiavit,
1025 5141 1148 5182 cum
1195 5128 1282 5182 illa
1313 5141 1408 5197 per
1445 5127 1663 5191 stellas,
1702 5134 1813 5180 tum
1853 5125 2021 5180 altera
2061 5138 2157 5194 per
2263 5125 2496 5183 miseriis
2533 5122 2786 5177 refertam
2841 5115 3293 5169 machinarentur.
3343 5101 3538 5170 Quippe

582 5167 986 5196 γ..ν..........,..,
1025 5167 1148 5182 .......
1195 5167 1282 5182 .....
1315 5167 1399 5197 νυ.
1445 5167 1663 5191 ....,......,
1704 5167 1813 5180 ......
1853 5167 2019 5180 νην...
2064 5167 2147 5194 νυ.
2265 5167 2496 5183 ....σν....,
2536 5167 2786 5177 .-.ν----η
3367 5167 3382 5170 ν
3677 5172 3683 5178 .
3733 5179 3782 5193 η

581 5220 880 5291 manipulos
908 5235 922 5273 :
954 5235 1072 5291 quae
1097 5237 1225 5276 vero
1249 5229 1371 5290 post
1402 5219 1635 5275 visiones
1659 5219 2000 5287 acciderunt,
2026 5232 2163 5273 con-
2262 5219 2471 5292 juvenis
2499 5223 2664 5278 esset,
2699 5220 2755 5266 et
2789 5208 2942 5262 valde
2964 5204 3195 5275 juveniS,
3221 5198 3484 5292 ηιιιιιειαξξθ

585 5280 742 5367 traria
780 5311 938 5382 plane
965 5280 1266 5367 visionibus.
1297 5311 1526 5366 fuerunt.
1570 5311 1807 5366 Primum
1855 5310 1997 5365 enim
2029 5325 2160 5380 gra-
2262 5280 2374 5367 iate
2400 5306 2635 5379 paternis
2685 5308 2738 5357 in
2786 5299 2988 5354 aedibus
3023 5295 3312 5382 educatus,
3353 5280 3538 5382 nullan!

583 5400 658 5453 vis
692 5351 817 5453 ind:
849 5412 1023 5468 pugna
1058 5396 1293 5466 paternis
1335 5397 1387 5450 in
1427 5397 1629 5451 aedibus
1669 5397 1904 5452 excitata
1941 5351 2060 5460 est:
2105 5403 2161 5449 ct

2269 5351 2600 5463 servitutem,
2640 5405 2732 5450 aut
2759 5391 3026 5447 miseriam
3077 5381 3347 5439 servitutis
3386 5375 3519 5468 εεεξῖῑ
3557 5351 3780 5468 “paritr:

591 5438 658 5453 ..ο
692 5438 817 5453 ...ην
850 5438 1023 5468 νυν...
1060 5438 1293 5466 ,...........
1427 5438 1629 5451 mw..-
1669 5438 1904 5452 --.........
1942 5438 2059 5460 νυ..
2107 5438 2161 5449 ν.
2269 5438 2600 5463 “unum”,
2640 5438 2732 5450 .....
3089 5438 3093 5439 ν
3467 5460 3476 5470 ο
3670 5440 3679 5449 ,

585 5491 673 5556 ιιιιί
709 5505 777 5545 ex
819 5490 1007 5545 eodem
1038 5489 1246 5544 fuerant
1288 5497 1440 5545 utero
1469 5489 1577 5544 nati
1602 5531 1618 5554 ,
1648 5487 1978 5560 cognationis
2015 5487 2161 5558 leges
2270 5492 2444 5564 cogita
2482 5485 2752 5559 quomodo
2785 5489 2927 5536 esset
2963 5476 3204 5534 aiTectus,
3248 5471 3335 5539 qui
3369 5463 3534 5564 subito

715 5539 777 5545 -η
823 5539 1007 5545 -ν-ν---
1041 5539 1244 5544 τππν
1295 5539 1435 5545 -ηη
1655 5539 1973 5560 ν-σ--η---η-
2017 5539 2156 5558 --υν-
2272 5539 2334 5550 νν
2377 5539 2444 5545 η-
2486 5539 2666 5559 -ρτηη
3563 5543 3573 5554 .
3748 5539 3782 5554 ι.

586 5580 840 5636 violantes
863 5621 879 5647 ,
910 5590 966 5635 et
994 5581 1212 5635 fraterni
1241 5581 1440 5636 amoris
1469 5581 1676 5636 vincula
1707 5589 2115 5651 perrumpentes
2141 5620 2156 5645 ,
2271 5539 2478 5649 εεξνυε,
2519 5578 2828 5652 peregrinus
2858 5591 2920 5629 ex
2951 5577 3066 5626 cive
3098 5567 3266 5622 factus
3291 5566 3447 5619 esset,
3491 5557 3538 5652 et
3563 5539 3782 5652 fl":

597 5627 840 5636 --ν---ην-
863 5627 879 5647 ν
915 5627 965 5635 υ-
994 5627 1212 5635 ----ν----
1241 5627 1439 5636 --------
1479 5627 1676 5636 -----—-—
1709 5627 2113 5651 νν---υ-τ---η-
2141 5627 2156 5645 ν
2271 5627 2478 5649 sum...
2541 5627 2822 5651 vom-~-
2868 5627 2878 5629 ε
3493 5641 3503 5652 ,
3567 5646 3574 5656 ,
3765 5635 3783 5645 -

593 5670 704 5737 ipsa
753 5672 984 5742 denique
1020 5672 1138 5742 jura
1178 5681 1383 5728 natura).
1428 5671 1812 5742 perfringentes
1835 5711 1853 5739 ,
1886 5671 2085 5728 inimici
2111 5679 2166 5727 et
2273 5691 2416 5734 mam
2446 5627 2803 5743 captivitatem
2845 5663 3122 5722 abductus,
3156 5671 3260 5712 non
3291 5655 3342 5708 in
3379 5627 3781 5743 scri’ttu;t:l:‘iI|:“'I:6

653 5715 704 5722 "‘
756 5715 984 5742 """“I‘w
1020 5715 1138 5742 «ι’-η·
1179 5715 1383 5728 ------w
1431 5715 1853 5742 γν--η--υ--ην-ι,
1887 5715 2085 5728 unum.
2113 5715 2166 5727 η..
2275 5715 2416 5734 ........
2447 5715 2803 5743 V..,,.,..._..---__
2847 5715 2966 5720 “ﬁ.
2996 5715 3007 5716 ,
3113 5715 3121 5722 ,
3650 5715 3658 5720 ι
3723 5715 3781 5750 Μ

653 5785 670 5813 ⁸
693 5785 793 5846 Alii.
817 5800 910 5840 non
933 5793 1168 5840 scrutatus
1199 5797 1285 5849 est,
1313 5801 1418 5852 pro,
1445 5799 1538 5838 non
1562 5785 1632 5837 illi
1656 5786 1852 5838 accidit.
2279 5783 2411 5838 tum,
2442 5767 2534 5825 sed
2559 5775 2612 5821 et
2642 5778 2670 5817 a
2701 5769 2847 5832 patre
2871 5771 2931 5811 ac
2961 5763 3149 5821 matre,
3174 5745 3510 5808 omnibusque
3535 5719 3718 5795 proptnq

3549 5010 3604 5051 ac
3643 4977 3787 5041 multis
