4002 6382
266 362 368 420 503

266 482 439 553 φάνου
485 481 581 536 καλ
627 480 972 554 ἀνεκήρυττε
1004 482 1179 552 λέγων
1196 501 1210 515 ο
1247 485 1453 539 Πίστὲι
1484 482 1859 553 προσειρήκοι

267 591 378 646 χεν
446 574 703 644 Ἀϐραὰμ
787 575 900 630 τὸν
958 575 1165 630 Ἰσαὰκ
1236 575 1684 645 πειραζόμενος’
1738 572 1859 630 εἶτα

264 667 480 731 δεικνὺς
506 668 702 738 ἡλίκον
725 670 961 740 πρᾶγμα
984 670 1232 742 ἐποίησε,
1257 672 1353 725 καὶ
1381 671 1518 742 ὅσην
1543 670 1860 736 ἐπεδείξατο

267 758 475 824 πίστιν,
514 759 772 830 ἐπήγαγε
796 776 811 790 ’
846 761 957 815 Καὶ
988 760 1100 814 τὸν
1136 760 1438 831 μονογενῆ
1480 762 1859 831 προσέφερεν

261 852 300 905 ὁ
331 848 446 917 τὰς
478 849 848 921 ἐπαγγελίας
892 849 1245 921 δεξάμενος.
1280 855 1348 905 ’0
1377 852 1436 907 δέ
1473 852 1645 922 λέγει,
1678 852 1857 907 τοιοῦ-

264 941 359 995 τόν
392 942 578 996 ἐστιν’
609 943 729 997 Οὑκ
762 943 909 996 ἐστιν
933 943 1129 1008 εἰπεῖν,
1174 945 1362 1016 φησὶν,
1393 945 1479 999 ὅτι
1520 945 1614 1000 δύο
1659 945 1859 1009 παῖδας

264 1027 384 1104 εἶχε
446 1035 728 1106 γνησίους,
786 1034 885 1089 καὶ
930 1036 1258 1107 προσεδόκα,
1311 1036 1688 1107 ἀναιρεθέντος
1732 1036 1858 1090 τοὺ-

262 1137 388 1186 οου,
440 1123 552 1177 ἀπὸ
576 1122 673 1178 τοῦ
710 1124 901 1197 ἐτέρου
948 1124 1043 1179 τοῦ
1088 1125 1325 1198 πλήθους
1371 1126 1585 1180 ἐκείνου
1634 1126 1856 1181 ἔσεσθαι

264 1214 481 1287 πατὴρ,
511 1216 650 1271 ἀλλά
694 1217 792 1271 καὶ
831 1217 990 1288 μόνον
1028 1215 1174 1290 εἶχεν
1202 1219 1386 1285 αὑτὸν,
1418 1220 1513 1273 καὶ
1537 1218 1647 1274 ἀπὸ
1691 1219 1854 1290 μόνου

263 1307 461 1362 τούτου
491 1309 561 1363 τά
588 1312 688 1382 τῆς
723 1312 1059 1382 ἐπαγγελίας
1083 1314 1288 1384 ἦρτητο
1307 1331 1323 1345 ο
1352 1314 1447 1369 καὶ⁵
1477 1316 1630 1386 ὅμως
1664 1314 1855 1371 τοῦτον

262 1398 444 1454 είλετο
471 1400 797 1469 καταθῦσαι,
827 1402 1014 1476 ὥσπερ
1034 1406 1093 1459 ἐν
1123 1408 1188 1477 τῇ
1225 1406 1515 1478 ὑποσχέσει
1537 1408 1637 1479 τῆς
1663 1410 1857 1481 γεννή-

263 1507 410 1555 σεως
434 1492 603 1546 αὑτοῦ
641 1494 776 1566 μήτε
806 1498 873 1567 τῇ
900 1497 1078 1569 οἰκεία
1097 1499 1383 1570 νεκρώσει,
1407 1500 1547 1572 μήτε
1576 1504 1642 1573 τῇ
1666 1501 1856 1575 πηρώ-

263 1599 349 1635 σει
364 1585 470 1654 τῆς
485 1584 703 1653 φύσεως
717 1587 818 1656 τῆς
833 1589 1091 1656 γυναικὸς
1108 1591 1372 1656 κωλυθεὶς
1385 1592 1523 1664 πρὸς
1533 1591 1635 1665 τὴν
1647 1594 1853 1662 πίστιν,

261 1673 613 1748 1489]οῦτως
632 1676 756 1730 οὐδὲ
779 1677 1014 1734 ἐνταῦθα
1034 1679 1114 1748 τῷ
1134 1680 1350 1753 θανάτῳ
1367 1683 1852 1755 παρεμποδισθείς.

264 1764 564 1835 Παράϐαλε
591 1766 768 1822 τοίνυν
787 1768 962 1824 ταῦτα
980 1771 1117 1842 πρὸς
1144 1772 1214 1826 τά
1246 1773 1344 1827 νῦν
1363 1776 1730 1847 γεγενημένα,
1759 1779 1855 1832 καὶ

260 1855 386 1924 διιπι
426 1872 526 1909 σου
559 1857 658 1927 τὴν
698 1859 1084 1932 μικροψυχίαν,
1134 1865 1230 1917 καὶ
1264 1864 1386 1935 ὄψει
1425 1866 1526 1939 τὴν
1576 1867 1854 1922 εὐτέλειαν

261 1946 375 1999 τῶν
402 1948 931 2021 σκανδαλιζομένων,
950 1954 1045 2007 καὶ
1070 1955 1188 2027 είσῃ
1224 1956 1415 2025 σαφῶς
1444 1970 1493 2025 ι,
1517 1958 1599 2012 δτι
1618 1959 1855 2030 οὐδαμό-

263 2035 356 2090 θεν
386 2038 661 2110 ἐτέρωθέν
691 2057 772 2094 σοι
801 2042 861 2095 τὸ
891 2044 1190 2098 σκάνδαλον
1214 2044 1503 2120 γίνεται,ἢ
1548 2051 1614 2103 ἐκ
1652 2049 1746 2103 τοῦ
1776 2052 1852 2122 μὴ

261 2136 623 2203 παραχωρεῖν
655 2136 722 2206 τῇ
752 2135 1124 2209 ἀκαταλήπτῳ
1155 2137 1248 2193 τοῦ
1277 2139 1414 2193 Θεοῦ
1453 2142 1702 2213 προνοίᾳ,
1735 2143 1853 2197 ἀλλ’

260 2224 548 2297 ἐπιζητεῖν
592 2228 917 2300 οἰκονομιῶν
962 2230 1162 2303 τρόπον
1207 2234 1504 2305 πανταχοῦ,
1534 2236 1628 2289 καὶ
1674 2237 1854 2300 αἰτίας

260 2313 372 2369 τῶν
402 2316 707 2387 γινομένων
729 2318 1001 2384 ἀπαιτεῖν,
1021 2323 1115 2376 καὶ
1139 2322 1346 2377 ἕκαστα
1364 2326 1820 2399 περιεργάζεσθαι
1835 2343 1850 2359 ο

260 2412 403 2483 ὅπερ
432 2413 484 2465 εἰ
528 2410 730 2465 ἔπαθεν
775 2412 806 2465 6
844 2413 1118 2486 Ἀϐραὰμ,
1146 2415 1341 2486 ἔμελλε
1372 2420 1509 2490 πρὸς
1541 2420 1640 2493 τὴν
1669 2421 1854 2476 πίστιν

262 2501 551 2573 χωλεὺειν.
612 2503 755 2557 Ἀλλ’
799 2505 901 2559 οὑκ
949 2505 1120 2560 ἔπαθε
1146 2508 1196 2572 ι’,
1232 2509 1435 2564 διὸκαὶ
1477 2511 1714 2584 ἔλαμψε,
1760 2516 1855 2570 καὶ

264 2592 493 2646 πάντων
519 2594 752 2665 ἐπέτυχε
773 2596 883 2649 τῶν
904 2598 1330 2670 ἐπηγγελμένων
1344 2618 1360 2631 ·
1393 2603 1517 2657 οὑδὲ
1539 2604 1857 2660 ἐσκανδαλί-

263 2683 412 2748 ζετο,
434 2684 559 2737 οὐδὲ
588 2685 667 2756 τῷ
689 2688 855 2759 γήρᾳ,
879 2689 1001 2742 οὑδὲ
1020 2688 1099 2760 τῷ
1131 2690 1269 2761 μετά
1287 2692 1459 2747 ταῦτα
1478 2696 1817 2768 ἐπιτάγματι
1834 2713 1851 2728 ’

260 2775 392 2828 οὑδὲ
408 2776 626 2847 ἐνόμισε
648 2778 878 2851 κώλυμα
909 2776 1127 2835 εἶναιτὸ
1145 2784 1426 2857 ἐπίταγμα
1446 2790 1513 2859 τῇ
1537 2790 1852 2862 ὑποσχέσει,

260 2867 390 2921 οὔτε
431 2869 783 2944 ἀναιρετικὴν
824 2868 963 2928 εἶναι
1003 2874 1102 2946 τὴν
1140 2875 1332 2931 θυσίαν
1368 2878 1469 2950 τῆς
1494 2882 1853 2951 ἐπαγγελίας,

264 2960 391 3013 οὑδέ
415 2962 499 3024 εἰς
529 2962 839 3031 ἀπόγνωσιν
867 2966 1124 3020 ἐνέπιπτε
1152 2969 1250 3040 τῆς
1276 2970 1645 3043 ὑποσχέσεως,
1676 2976 1855 3031 καίτοι

266 3053 407 3124 πρὸς
434 3053 570 3107 αὑτὸ
594 3053 656 3108 τὸ
683 3056 859 3128 πέρας
886 3058 996 3112 τῶν
1028 3062 1373 3133 πραγμάτων
1403 3064 1592 3121 ἐλθών.
1626 3069 1717 3139 Μὴ
1744 3070 1854 3141 γάρ

266 3162 361 3216 μοι
395 3143 556 3198 τοῦτο
598 3144 742 3215 λέγε,
778 3147 860 3201 ὅτι
889 3148 991 3202 οὑκ
1037 3150 1221 3205 εἴασεν
1253 3155 1282 3206 6
1314 3153 1446 3219 Θεὸς
1489 3157 1571 3220 εἰς
1602 3156 1764 3231 ἔργον
1792 3162 1855 3215 τὸ

265 3238 555 3311 ἐπίταγμα
598 3239 794 3306 ἐλθεῖν,
843 3242 966 3295 οὑδὲ
996 3244 1333 3318 αἱμαχθῆναι
1363 3249 1457 3303 τοῦ
1495 3252 1708 3307 δικαίου
1754 3257 1855 3327 τὴν

260 3329 480 3397 δεξιάν
515 3332 631 3387 ἀλλ’
681 3333 859 3389 ἐκεῖνο
896 3338 1109 3403 σκόπει,
1144 3341 1226 3395 ὅτι
1268 3341 1475 3397 τούτων
1516 3348 1669 3401 οὑδὲν
1712 3350 1741 3403 6
1779 3350 1855 3403 δί-

265 3440 425 3486 καιος
452 3425 591 3496 ᾔδει,
624 3425 745 3479 οὑδέ
774 3427 857 3481 ὅτι
881 3427 1058 3494 ζῶντα
1086 3431 1427 3505 ἀπολήψεται
1463 3438 1555 3492 τὸν
1584 3441 1721 3506 υἱὸν,
1759 3445 1855 3497 καὶ

262 3516 443 3582 οὕτως
463 3516 648 3572 οἴκαδε
676 3521 1003 3594 ἐπιπρέψαι
1031 3526 1318 3594 ἠπίστατο,
1348 3530 1465 3584 ἀλλ’
1487 3532 1691 3588 ἔτεινεν
1724 3537 1853 3609 ὃλην

265 3608 407 3679 πρὸς
435 3609 537 3681 τὴν
567 3614 784 3683 σφαγὴν
809 3615 908 3686 τὴν
932 3618 1130 3673 ἐαυτοῦ
1154 3620 1402 3693 γνώμην.
1437 3626 1536 3680 Διά
1566 3627 1725 3683 τοῦτο
1760 3633 1855 3685 καὶ

265 3705 330 3757 ἐκ
352 3704 614 3776 δευτέρου
645 3707 894 3763 καλεῖται
920 3711 985 3764 ἐκ
1009 3711 1119 3766 τῶν
1146 3714 1414 3785 οὐρανῶν.
1452 3720 1526 3772 Οὑ
1562 3720 1671 3791 γάρ
1699 3718 1857 3778 εἶπεν

265 3793 441 3862 αὑτῷ,
491 3795 760 3868 Ἀϐραάμ,
793 3798 1004 3864 ἁπλῶς,
1049 3802 1208 3868 ἀλλά,
1252 3806 1519 3877 Ἀϐραὰμ,
1582 3811 1850 3882 Ἀϐραὰμ,

265 3885 347 3956 τῷ
385 3886 770 3977 διπλασιασμῷ
794 3890 894 3961 τῆς
926 3895 1110 3966 φωνῆς
1146 3896 1246 3967 τὴν
1288 3899 1687 3974 ἐπιτεταμένην
1716 3906 1855 3977 πρὸς

266 3974 368 4043 τὴν
388 3974 582 4028 θυσίαν
610 3979 932 4049 προαίρεσιν
951 3984 1222 4054 ἀνείργων
1245 4003 1306 4040 τε
1338 3988 1433 4042 καὶ
1453 3974 1817 4061 ἀναχαιτίζων
1835 4011 1853 4027 ο

266 4063 445 4131 οὕτως
463 4068 600 4132 ὅλως
618 4069 711 4122 τοῦ
732 4072 1105 4143 ἐπιτάγματος
1135 4072 1226 4149 ἦν.
1250 4075 1404 4144 Εἶδες
1431 4083 1551 4148 πῶς
1578 4084 1638 4137 τὸ
1657 4088 1766 4140 πᾶν
1783 4091 1850 4161 τῇ

269 4156 467 4231 γνώμῃ
504 4159 669 4213 αὑτοῦ
708 4162 1089 4235 ἐπεπλήρωτο,
1130 4169 1225 4222 καὶ
1254 4171 1553 4227 σκάνδαλον
1591 4156 1852 4248 οὑδαμοῦξ

269 4249 347 4302 Τὸ
376 4250 433 4303 δὲ
458 4251 652 4318 αἴτιον,
679 4252 741 4306 τὸ
770 4254 845 4325 μὴ
882 4259 1339 4328 περιεργάζεσθαι
1367 4264 1435 4317 τά
1464 4265 1560 4318 τοῦ
1600 4268 1755 4322 Θεοῦ.
1788 4271 1856 4324 Τί

266 4339 325 4392 δὲ
352 4342 382 4393 6
421 4342 659 4413 Ἰωσήφς
694 4346 816 4398 εἰπέ
848 4364 963 4417 μοι.
994 4351 1068 4403 Οὑ
1093 4352 1335 4407 τοιοῦτόν
1356 4373 1410 4409 τι
1439 4357 1533 4411 καὶ
1564 4360 1727 4425 αὐτὸς
1751 4363 1854 4417 πέ-

272 4431 480 4526 πονθες
521 4437 632 4490 Καὶ
676 4437 786 4510 γὰρ
828 4441 1068 4515 κάκείνῳ
1099 4445 1308 4517 μεγάλη
1342 4465 1427 4512 τις
1466 4451 1760 4524 ὑπόσχεσις
1786 4449 1857 4526 ἦν

270 4523 430 4593 παρά
477 4526 574 4579 τοῦ
625 4527 764 4582 Θεοῦ
810 4530 1091 4606 δεδομένη,
1136 4537 1233 4591 καὶ
1275 4537 1345 4591 τά
1384 4523 1647 4611 γινόμενα
1694 4523 1859 4599 πάλιν

270 4616 604 4706 ἀπεναντίας
626 4618 723 4689 τῆς
753 4620 1097 4693 ὑποσχέσεως
1116 4628 1347 4695 ἐγίνετο.
1390 4629 1454 4682 Ἢ
1477 4633 1576 4702 μὲν
1595 4633 1705 4706 γὰρ
1726 4636 1860 4690 ὑπό-

272 4725 465 4779 σχεσις
511 4704 580 4780 ἦν
624 4711 714 4763 διὰ
756 4712 865 4767 τῶν
898 4716 1214 4788 ὀνειράτων,
1253 4727 1655 4797 προσκυνήσειν
1696 4731 1861 4784 αὑτὸν

269 4799 405 4863 τοὺς
425 4800 708 4870 ἀδελφοὺς,
739 4805 835 4857 καὶ
858 4807 1022 4879 διπλῆ
1058 4811 1177 4880 ὄψις
1207 4815 1368 4869 τοῦτο
1402 4818 1792 4891 ἀνεκήρυττεν,
1820 4826 1856 4897 ἦ

264 4909 331 4945 τε
363 4890 453 4945 διὰ
480 4893 587 4947 τῶν
613 4894 852 4969 ἄστρων,
886 4901 920 4970 ἦ
947 4918 1004 4954 τε
1030 4903 1119 4957 διὰ
1159 4906 1267 4959 τῶν
1307 4890 1663 4981 δραγμάτων·
1706 4917 1775 4970 τὰ
1802 4890 1860 4971 δέ

268 4985 421 5058 μετά
452 4987 549 5051 τὰς
574 4987 728 5058 δψεις
753 4991 957 5056 ταύτας
979 4996 1264 5066 συμϐάντα
1290 5001 1508 5057 ἐναντία
1537 5006 1645 5059 τῶν
1682 5006 1860 5077 δψεων

266 5073 368 5149 ἦν.
391 5077 616 5149 Πρῶτον
642 5081 747 5153 μὲν
775 5082 885 5155 γὰρ
912 5085 1147 5158 πόλεμος
1174 5091 1326 5162 αὑτῷ
1356 5095 1589 5163 χαλεπὸς
1612 5073 1863 5155 ἐντεῦθεν

266 5170 423 5226 κατά
455 5171 557 5244 τὴν
588 5173 853 5247 πατρῴαν
870 5178 1050 5231 οίκίαν
1080 5181 1482 5255 ἀνερριπίζετο,
1528 5192 1622 5243 καὶ
1662 5193 1711 5244 οί
1762 5193 1864 5258 τάς

233 5276 238 5280 ·
267 5262 449 5327 αὐτὰς
470 5263 623 5336 αὐτῷ
650 5265 912 5345 λύσαντες
938 5270 1154 5335 ὠδῖνας,
1196 5276 1547 5348 διατεμόντες
1587 5282 1688 5352 τῆς
1728 5302 1862 5355 συγ-

270 5352 495 5448 γενείας
521 5357 649 5419 τοὺς
679 5357 903 5427 νόμους,
930 5361 1024 5413 καὶ
1043 5362 1433 5435 διαρρήξαντες
1454 5371 1550 5440 τῆς
1568 5352 1864 5448 ἀδελφικῆς

271 5444 574 5511 διαθέσεως
598 5448 667 5502 τὰ
696 5448 893 5521 δεσμὰ,
933 5456 1029 5508 καὶ
1068 5457 1266 5521 αὑτοὺς
1291 5462 1390 5529 τῆς
1427 5463 1642 5529 φύσεως
1676 5444 1867 5523 διασα-

272 5534 572 5602 λεύσαντες
623 5541 750 5604 τοὺς
790 5541 1049 5614 θεσμοὺς,
1090 5545 1277 5617 ἐχθροὶ
1318 5549 1413 5602 καὶ
1464 5551 1711 5623 πολέμιοι
1769 5559 1865 5610 καὶ

339 5748 368 5778 ⁸
388 5749 498 5821 Alii.
520 5751 601 5799 καί
831 5757 1010 5819 σαφῶς.

336 5809 366 5850 ι
406 5814 499 5850 Διί·
528 5813 614 5850 ἄλλ
653 5816 708 5850 η’.
738 5821 1010 5850 «run-mm-

400 5814 499 5861 Alii
528 5814 632 5862 ἀλλ’
653 5816 708 5863 οὑ
738 5814 1117 5880 περιειργάσατο.

554 5915 837 6001 ΡΑπιοι.
869 5915 987 5977 Gn.
1030 5917 1157 5979 LII.

1088 363 1179 420 AD
1215 363 1351 420 EOS
1387 364 1505 434 QUI
1546 360 2041 422 SCANDALIZATI
2076 361 2277 420 SUNT.
2322 363 2452 423 LIB.
2493 364 2701 424 UNUS.

1961 479 2143 536 λύκων
2168 481 2495 555 ἀγριώτεροι
2531 484 2659 555 περὶ
2687 484 2779 538 τὸν
2820 486 3050 558 ἀδελφὸν
3093 489 3201 544 ἀπὸ
3232 490 3341 545 τῶν
3369 490 3547 563 δψεων

1957 573 2184 627 ἐκείνων
2211 573 2476 642 ἐγίνοντο·
2504 576 2599 630 καὶ
2619 576 2811 650 ὥσπερ
2830 577 2999 651 θῆρες
3015 578 3201 652 ἄγριοι
3228 582 3323 635 καὶ
3339 583 3548 653 ἀνήμε-

1958 664 2044 736 ροί
2064 682 2210 728 τινες
2231 666 2418 737 ἀρνίον
2439 669 2499 720 ἐν
2520 668 2669 739 μέσῳ
2692 668 2968 731 λαϐόντες,
2991 670 3136 725 οὑτω
3161 672 3285 726 καθ’
3306 674 3548 745 ἑκάστην

1956 756 2315 813 ἐπεϐούλευον
2357 759 2508 830 αὑτῷ
2545 760 2645 831 τὴν
2674 760 2908 833 ἡμέραν.
2946 764 3059 816 Καὶ
3096 764 3282 837 πατὴρ
3322 765 3419 820 τοῦ
3450 782 3549 819 πο-

1953 844 2122 917 λέμου
2141 846 2334 901 τούτου
2355 847 2549 917 φθόνος
2574 844 2645 921 ἦν
2674 849 2889 919 ἄλογος,
2914 852 3010 905 καὶ
3031 852 3299 922 βασκανία
3320 854 3509 919 ἀδικος
3527 871 3544 887 ·

1956 938 2053 990 καί⁵
2080 937 2160 1010 τῷ
2185 938 2345 1011 θυμῷ
2373 940 2609 1005 ζέοντες,
2635 941 2794 1012 φόνου
2816 942 2938 997 καθ’
2966 945 3203 1017 ἑκάστην
3226 945 3419 1000 ἐπνεον
3444 947 3547 1018 τὴν

1952 1028 2189 1100 ἡμέραν,
2217 1030 2313 1084 τοῦ
2335 1030 2534 1100 φθόνου
2568 1032 2668 1104 τὴν
2695 1033 2925 1105 κάμινον
2958 1034 3163 1107 ταύτην
3184 1034 3541 1103 ἀνάπτοντος,

1952 1123 2051 1177 καὶ
2092 1123 2193 1196 τὴν
2229 1125 2411 1196 πυράν
2451 1126 2781 1198 ἐγείροντος.
2818 1127 2930 1181 Καὶ
2969 1127 3158 1200 ἐπειδὴ
3204 1129 3343 1194 τέως
3379 1130 3545 1185 αὑτὸν

1950 1214 2106 1268 οὐδὲν
2153 1215 2494 1287 ἐργάσασθαι
2535 1216 2798 1287 ἠδύναντο
2829 1219 3085 1288 χαλεπὸν,
3124 1219 3275 1274 ενδον
3313 1221 3544 1293 στρεφό-

1955 1321 2116 1376 μενον
2142 1307 2236 1359 καὶ
2262 1305 2400 1378 μετά
2421 1306 2531 1359 τῶν
2551 1308 2756 1376 γονέων
2773 1308 3141 1381 διατρίϐοντα,
3167 1308 3549 1368 διαϐάλλουσιν

1951 1396 2118 1451 αὑτοῦ
2152 1398 2253 1469 τὴν
2285 1399 2577 1471 ὑπόληψιν,
2624 1403 2722 1455 καὶ
2766 1403 3001 1474 αἰσχράν
3043 1404 3545 1470 κατασκευάζουσιν

1951 1487 2103 1558 αὑτῷ
2116 1488 2297 1555 δόξαν.
2315 1490 2413 1544 καὶ
2430 1490 2600 1562 ψόγον
2614 1493 2987 1566 καταφέρουσι
3007 1497 3261 1567 πονηρὸν,
3279 1496 3432 1570 [490]
3448 1497 3543 1551 τοῦ

1950 1580 2159 1651 πατρὸς
2187 1581 2250 1634 τὸ
2276 1582 2502 1654 φίλτρον
2540 1583 2717 1656 ταύτῃ
2751 1586 3055 1640 καταλῦσαι
3086 1587 3422 1659 βουλόμενοι,
3448 1588 3544 1643 καὶ

1952 1671 2090 1742 πρὸς
2125 1672 2419 1745 ἐπιϐουλὴν
2445 1674 2774 1746 εὐχείρωτον
2802 1676 3007 1732 λαϐεῖν.
3040 1677 3176 1733 Εἶτα
3205 1679 3343 1751 μετά
3369 1680 3545 1733 ταῦτα

1949 1759 2206 1822 λαϐόντες
2234 1763 2395 1818 αὑτὸν
2421 1763 2527 1829 ἔξω
2549 1765 2661 1819 τῶν
2689 1766 2973 1839 πατρικῶν
2997 1768 3312 1840 ὀφθαλμῶν,
3331 1772 3426 1824 καὶ
3454 1770 3543 1821 ἐπ’

1949 1852 2187 1923 ἐρημίας
2222 1854 2476 1925 εὑρόντες
2517 1857 2702 1921 αὑτοῖς
2743 1859 3041 1929 κομίζοντα
3077 1862 3309 1933 τροφὴν,
3346 1863 3441 1917 καὶ
3461 1863 3543 1925 εἰς

1956 1943 2246 2012 ἐπίσκεψιν
2284 1944 2465 1999 αὑτῶν
2497 1946 2822 2019 ἀφιγμένον,
2855 1949 2917 2002 ού
2958 1949 3058 2021 τὴν
3089 1952 3276 2005 αἰτίαν
3299 1952 3403 2015 τῆς
3427 1953 3536 2022 ἀφ-

1951 2034 2107 2100 ίξεως
2125 2036 2430 2108 ᾐδέσθησαν
2460 2049 2510 2101 ε,
2533 2040 2595 2092 οὑ
2625 2040 2733 2111 τὴν
2758 2041 3036 2112 τράπεζαν
3066 2043 3413 2116 ᾐσχύνθησαν
3440 2044 3542 2115 τὴν

1951 2124 2270 2196 ἀδελφικὴν,
2307 2126 2443 2180 ἀλλὰ
2471 2128 2543 2182 τά
2567 2127 2696 2200 ξίφη
2729 2130 2981 2200 ὴκόνουν,
3015 2132 3108 2186 καὶ
3151 2133 3289 2204 πρὸς
3326 2134 3541 2205 σφαγὴν

1949 2215 2360 2287 ηὐτρεπίζοντο,
2394 2219 2495 2273 καὶ
2538 2220 2917 2290 ἀδελφοκτόνοι
2950 2225 3152 2289 πάντες
3191 2226 3451 2294 ἐγίνοντο,
3471 2225 3539 2281 οὑ

1953 2307 2169 2378 μικρὸν,
2197 2308 2260 2360 οὑ
2306 2309 2449 2379 μέγα
2479 2312 2736 2379 ἐγκαλεῖν
2761 2312 2975 2384 ἔχοντες
2995 2315 3074 2386 τῷ
3115 2316 3361 2386 μέλλοντι
3379 2318 3540 2371 ἀναι-

1953 2399 2166 2470 ρεῖσθαι
2193 2403 2327 2472 παρ’
2354 2402 2537 2456 αὑτῶν
2556 2420 2569 2435 ·
2607 2403 2726 2458 ἀλλ’
2753 2404 2893 2475 ὑπὲρ
2918 2399 2995 2459 ὧν
3029 2407 3195 2460 αὑτὸν
3239 2408 3539 2478 στεφανοῦ-

1953 2485 2077 2540 σθαι
2106 2488 2202 2541 καὶ
2219 2489 2693 2562 ἀνακηρύττεσθαι
2713 2492 2844 2558 ἔδει,
2866 2493 3212 2562 φθονοῦντες,
3234 2496 3540 2568 πολεμοῦν-

1950 2594 2064 2644 τες,
2092 2579 2494 2647 διαϐάλλοντες.
2538 2581 2680 2635 Ἀλλ’
2704 2584 2911 2647 ἐκεῖνος
2930 2586 3051 2639 οὑδέ
3076 2587 3252 2650 οὑτως
3269 2589 3540 2660 ἀπεστρέ-

1953 2686 2085 2738 φετο
2110 2670 2290 2725 αὐτῶν
2318 2672 2417 2744 τὴν
2458 2675 2765 2739 συνουσίαν,
2796 2676 2933 2730 ἀλλά
2961 2680 3052 2732 καὶ
3078 2680 3138 2733 ἐν
3178 2679 3418 2753 τοσαύτῃ
3442 2697 3541 2733 πο-

1952 2761 2119 2832 νηρίᾳ
2140 2762 2239 2833 τὴν
2268 2763 2564 2837 ἀδελφικὴν
2591 2766 2940 2822 ἐπεδείκνυτο
2977 2770 3220 2824 διάθεσιν
3238 2787 3252 2802 ⁸
3284 2774 3334 2824 οἰ
3359 2771 3415 2824 δέ
3444 2772 3541 2826 καὶΙ

1950 2849 2126 2914 οὕτως
2167 2852 2333 2906 αὐτὸν
2366 2854 2577 2908 ἀνελεῖν
2606 2857 2959 2928 ἐπεχείρουν·
2994 2859 3089 2912 καὶ
3114 2860 3344 2926 ἀνεῖλον,
3379 2862 3438 2915 τό
3472 2878 3539 2931 γε

1953 2942 2135 2997 αὑτῶν
2157 2944 2342 3015 μέρος,
2371 2946 2592 3012 καὶτὰς
2623 2948 2803 3013 δεξιάς
2827 2949 3062 3020 ᾕμαξαν,
3103 2953 3199 3005 καὶ
3231 2951 3332 3023 τὴν
3368 2954 3541 3006 ἀδελ-

1953 3037 2241 3107 φοκτονίαν
2270 3039 2600 3109 ἀπήρτισαν.
2639 3040 2780 3093 Ἀλλ’
2804 3045 2838 3111 ἡ
2868 3041 3197 3113 εὐμήχανος,
3230 3046 3325 3098 καὶ
3343 3046 3405 3098 ἐν
3424 3047 3540 3109 τοῖς

1953 3129 2178 3199 ἀπόροις
2221 3129 2453 3201 εὔπορος
2495 3130 2591 3184 τοῦ
2638 3131 2775 3185 Θεοῦ
2816 3133 2998 3202 σοφία,
3040 3135 3134 3188 καὶ
3174 3138 3233 3190 ἐν
3274 3135 3423 3207 αὑτῷ

1954 3220 2235 3294 βαράθρῳ,
2263 3223 2359 3276 καὶ
2381 3224 2442 3276 ἐν
2470 3224 2608 3296 αὑτῇ
2635 3222 2731 3277 τοῦ
2771 3224 3003 3278 θανάτου
3028 3228 3094 3298 τῇ
3135 3227 3423 3300 ἐπαγωγῇ,
3471 3231 3539 3283 ἐκ

1950 3312 2061 3365 τῶν
2108 3303 2320 3385 μιαρῶν
2373 3314 2555 3368 αὑτῶν
2600 3317 2806 3368 ἐκεῖνον
2851 3315 3127 3388 ἐξήρπασε
3151 3319 3371 3389 χειρῶν.
3415 3321 3541 3373 Συν-

1951 3402 2239 3457 εϐούλευσε
2263 3404 2364 3476 μὲν
2386 3404 2496 3476 γὰρ
2519 3405 2629 3460 τῶν
2663 3405 2908 3475 ἀδελφῶν
2940 3403 3040 3471 εἷς,
3069 3409 3208 3463 ὥστε
3237 3411 3540 3482 ἀποστῆναι

1951 3496 2050 3567 τῆς
2092 3496 2409 3566 μιαιφονίας
2438 3496 2689 3567 ἐκείνης·
2732 3496 2919 3551 ἐπεισε
2956 3499 3015 3552 δὲ
3040 3502 3069 3551 6
3110 3500 3265 3565 Θεὸς,
3304 3503 3401 3555 καὶ
3440 3502 3547 3572 τὴν

1956 3588 2170 3660 σφαγὴν
2199 3588 2546 3642 διεκώλυσεν.
2584 3590 2662 3642 Οὑ
2695 3590 2802 3660 μὴν
2836 3591 2959 3644 οὑδέ
2990 3592 3224 3646 ἐνταῦθα
3266 3594 3452 3648 ἵστατο
3472 3596 3545 3651 τά

1952 3680 2121 3746 δεινά,
2152 3679 2290 3733 ἀλλά
2335 3678 2644 3750 περαιτέρω
2686 3681 2883 3753 προῄει
2924 3682 3107 3737 πάλιν.
3167 3684 3385 3757 Ἐπειδὴ
3430 3686 3548 3757 γὰρ

1953 3770 2117 3825 αὑτὸν
2145 3769 2499 3842 ἐκωλύθησαν
2542 3771 2773 3832 ἀνελεῖν,
2807 3774 2925 3837 ἔζεε
2963 3774 3020 3826 δέ
3053 3777 3083 3827 6
3110 3773 3281 3846 θυμὸς
3309 3776 3412 3842 ἐτι,
3447 3780 3545 3831 καὶ

1956 3862 2025 3914 τὰ
2066 3860 2169 3929 τῆς
2202 3859 2374 3932 ὀργῆς
2419 3859 2657 3931 ἡκμαζε,
2698 3863 2792 3915 καὶ
2833 3861 2970 3915 πολὺ
3013 3862 3076 3914 τὸ
3119 3863 3410 3918 κλυδώνιον
3443 3865 3546 3921 τοῦ

1955 3951 2164 4017 πάθους
2187 3947 2278 4024 ἦν,
2319 3953 2401 4015 εἰς
2429 3952 2616 4024 ἕτερόν
2644 3970 2697 4006 τι
2718 3952 2817 4023 τὴν
2844 3954 3015 4025 ὀργὴν
3043 3954 3286 4024 ἀφῆκαν.
3324 3955 3544 4010 ’Δποδύ-

1958 4064 2148 4111 σαντες
2170 4046 2280 4119 γὰρ
2300 4046 2396 4101 καὶ
2418 4047 2681 4117 δήσαντες
2703 4046 2887 4111 αὑτὸν,
2912 4046 3006 4099 καὶ
3035 4047 3114 4109 εἰς
3133 4045 3334 4100 λάκκον
3355 4047 3545 4117 ῥίψαν-

1954 4153 2045 4199 τες
2070 4137 2121 4189 οἱ
2149 4136 2292 4206 ώμοὶ
2321 4137 2415 4189 καὶ
2440 4134 2800 4206 ἀπάνθρωποι
2829 4138 2923 4189 καὶ
2944 4135 3249 4207 θηριώδεις,
3281 4136 3424 4191 οὕτω
3442 4138 3545 4209 τῆς

1956 4228 2086 4301 παρ’
2124 4226 2290 4281 αὑτοῦ
2326 4228 2685 4300 κομισθείσης
2723 4226 3003 4300 τραπέζης
3039 4228 3354 4300 ἀπήλαυον·
3391 4231 3486 4283 καὶ
3515 4233 3546 4283 6

1960 4320 2062 4391 μὲν
2097 4314 2166 4392 ἦν
2206 4320 2265 4372 ἐν
2291 4319 2479 4391 λάκκῳ
2512 4321 2644 4390 περὶ
2672 4319 2784 4373 τῶν
2819 4320 3066 4391 ἐσχάτων
3094 4318 3370 4389 δεδοικὼς,
3409 4322 3458 4374 οἱ
3486 4321 3545 4375 δέ

1957 4411 2210 4485 ἐτρύφων
2246 4412 2344 4465 καὶ
2377 4409 2632 4482 ἐμέθυον.

2030 4526 2142 4580 Καὶ
2167 4525 2291 4579 οὑδέ
2318 4525 2554 4578 ἐνταῦθα
2580 4526 2800 4580 ἵσταντο
2822 4526 2925 4595 τῆς
2954 4526 3172 4597 μανίας,
3200 4526 3319 4580 ἀλλ’
3346 4525 3547 4589 ἰδόντες

1956 4616 2280 4689 ἀνθρώπους
2326 4615 2638 4689 βαρϐάρους
2677 4619 2770 4670 καὶ
2818 4619 3009 4689 πόρρω
3060 4619 3163 4688 τῆς
3215 4618 3396 4673 αὐτῶν
3440 4620 3549 4672 ἀπ·

1959 4708 2301 4781 ῳκισμένους
2330 4708 2513 4778 χώρας
2555 4710 2638 4772 είς
2665 4708 2762 4779 τὴν
2808 4710 3082 4777 Αίγυπτον
3115 4711 3420 4775 κατιόντας,
3453 4710 3549 4763 λα-

1960 4800 2148 4864 ϐόντες
2198 4800 2461 4853 ἀπέδοντο
2511 4800 2603 4853 τὸν
2635 4799 2882 4869 ἀδελφὸν,
2933 4800 3123 4871 ἕτερον
3172 4802 3402 4856 θάνατον
3458 4804 3547 4855 ἐν·

1958 4888 2151 4943 τεῦθεν
2182 4888 2333 4959 αὑτῷ
2363 4888 2885 4953 κατασκευάζοντες,
2932 4889 3274 4961 μακρότερόν
3299 4907 3421 4944 τινα
3454 4891 3548 4944 καὶ

1961 4981 2346 5053 χαλεπώτερον
2375 4982 2470 5034 καὶ
2500 4982 2701 5051 πολλῆς
2733 4981 2977 5051 γέμοντα
2999 4981 3395 5054 ταλαιπωρίας.
3422 4984 3550 5037 Μει-

1965 5073 2154 5145 ράκιον
2198 5073 2309 5143 γὰρ
2358 5072 2455 5138 ὢν,
2512 5075 2607 5127 καὶ
2654 5073 2941 5145 μειράκιον
2993 5074 3212 5145 κομιδῆ,
3262 5076 3358 5128 καὶ
3410 5073 3550 5145 μετά

1964 5165 2165 5236 πολλῆς
2197 5166 2295 5236 τῆς
2328 5165 2643 5236 ἐλευθερίας
2666 5168 2726 5220 ἐν
2753 5167 2903 5238 οἰκίᾳ
2925 5165 3158 5239 πατρῴᾳ
3178 5167 3428 5237 τραφεὶς,
3459 5167 3550 5220 καί

1960 5258 2209 5321 δουλείας
2242 5259 2462 5330 ἀπάσης
2490 5260 2718 5331 ἄμοιρος
2747 5259 2826 5313 ὢν
2865 5260 2960 5314 καὶ
2994 5262 3095 5332 τῆς
3119 5263 3177 5314 ἐν
3208 5261 3422 5332 δουλείᾳ
3453 5277 3548 5313 τα-

1963 5350 2292 5421 λαιπωρίας,
2329 5351 2586 5420 ἐννόησον
2612 5352 2666 5404 τί
2696 5368 2827 5405 ποτε
2856 5352 3116 5422 ἔπασχεν,
3144 5351 3341 5423 ἀθρόον
3366 5351 3549 5416 δοῦλος

1965 5444 2079 5497 ἀντ’
2103 5442 2418 5514 ἐλευθέρου,
2439 5443 2535 5497 καὶ
2552 5442 2704 5510 ξένος
2726 5445 2851 5497 ἀντί
2882 5445 3100 5498 πολίτου
3120 5444 3431 5513 γενόμενος,
3457 5441 3554 5495 καὶ

1964 5537 2066 5607 τὴν
2098 5537 2336 5608 ἐσχάτην
2367 5536 2747 5608 αἰχμαλωσίαν
2786 5540 3109 5611 ὑιιτοε.ι.έε.σιι›ν⁸
3151 5538 3274 5607 οὑχὶ
3309 5536 3554 5590 δουλείαν

1969 5631 2151 5700 μόνον,
2182 5629 2318 5684 ἀλλά
2361 5631 2456 5685 καὶ
2496 5633 2705 5703 πατρὸς
2742 5632 2838 5687 καὶ
2885 5630 3093 5703 μητρὸς
3129 5630 3222 5683 καὶ
3258 5628 3365 5681 τῶν
3401 5629 3554 5699 αὑτῷ

1969 5721 2355 5791 προσηκόντων
2431 5724 2687 5778 ἀπάντων
2758 5710 3267 5795 ἀπορρηγνύμενος,
3326 5723 3551 5793 γυμνὸς,

2032 5834 2180 5884 ⁸..Διίἰ
2207 5838 2292 5893 τὴν
2317 5838 2468 5888 αἰτίαν
2487 5838 2575 5888 τοῦ
2595 5839 2809 5900 σκυλμοῦ
2830 5840 3116 5899 ᾐδέσθησαν.

3167 5935 3209 5997 8
