4002 6384
477 363 580 420 ῦθὸ

476 478 643 543 ξένος,
692 475 896 540 ἄοικος,
941 474 1149 538 ἄπολις,
1199 474 1347 543 νόμῳ
1391 470 1633 532 δουλείας
1691 468 2051 539 βαρϐαρικαῖς

477 570 661 639 χερσὶν
683 568 1043 637 ἐκδεδομένος.
1068 566 1131 617 Τί
1157 564 1262 635 γὰρ
1283 564 1382 615 ούκ
1409 558 1477 633 ἦν
1504 561 1666 615 αὑτὸν
1689 562 1870 613 ἱκανὸν
1898 560 2057 631 θορυ-

476 662 638 730 δῆσαι
660 678 673 725 ;
699 660 759 713 16
785 660 997 730 ἀθρόον,
1030 658 1089 710 τὸ
1126 656 1550 726 ἀπροσδόκητον,
1598 654 1659 707 τὺ
1707 656 1837 725 παρ’
1869 654 2056 707 ἐλπίδα

477 750 570 802 καὶ
607 749 959 820 ἀμελέτητον,
985 749 1044 799 τὸ
1079 747 1314 817 χαλεπὸν
1340 746 1441 816 τῆς
1488 746 1795 816 συμφορᾶς,
1827 745 1888 797 16
1923 747 2055 816 παρ’

476 840 741 908 ἀδελφῶν,
769 840 865 893 καὶ
894 839 1139 908 ἀδελφῶν
1173 838 1575 909 ἀγαπωμένων.
1608 838 1683 908 μὴ
1726 837 1942 909 μικρὸν,
1979 838 2055 909 μή

480 932 622 1001 μέγα
638 931 879 995 ἐκείνους
896 931 1218 1001 ἠδικηκότα,
1235 931 1435 1001 μᾶλλον
1450 931 1507 984 δέ
1523 931 1617 986 καὶ
1632 929 2053 1000 εὐεργετηκότα,

476 1023 646 1076 ταῦτα
662 1023 853 1078 παθεῖν
873 1040 888 1089 ;
906 1023 1045 1076 Ἀλλ’
1062 1025 1212 1094 ὅμως
1230 1023 1405 1075 οὐδενὶ
1424 1024 1631 1075 τούτων
1649 1022 2053 1092 διεταράττετο,

474 1115 587 1167 ἀλλ’
615 1115 859 1185 ἀπήγετο
885 1113 974 1167 διὰ
999 1114 1108 1168 τῶν
1127 1114 1386 1185 ἐμπόρων
1410 1113 1636 1167 ἐκείνων
1659 1115 1736 1177 εἰς
1758 1113 2053 1181 Αἴγυπτον,

395 1214 401 1220 ’
473 1208 717 1261 δουλείαν
739 1209 805 1260 ἐκ
828 1206 1070 1270 δουλείας
1090 1206 1353 1277 ἀμείϐων.
1383 1207 1494 1259 Kal
1511 1206 1619 1276 γὰρ
1645 1207 1739 1258 καὶ
1758 1206 1876 1258 ἐκεῖ
1894 1204 2055 1258 πάλιν

476 1295 626 1372 μοι]
653 1300 864 1370 ἐγίνετο
895 1289 1099 1363 δοῦλοξ,
1141 1300 1236 1354 xal
1273 1297 1407 1369 ᾤκει
1447 1297 1788 1370 βαρϐαρικὴν
1823 1298 1999 1351 οἰκίαν
2029 1300 2058 1350 6

486 1393 757 1463 Ἑϐραῖος,
770 1394 799 1445 ό
818 1390 1045 1463 εὐγενὴς
1060 1393 1088 1444 6
1102 1391 1294 1464 διπλῆν
1312 1391 1621 1464 ἐλευθερίαν
1638 1391 1938 1461 ἐλεύθερος,
1963 1392 2058 1444 καὶ

476 1484 573 1556 τὴν
598 1483 690 1539 τοῦ
718 1486 991 1555 σώματος,
1018 1486 1112 1538 καὶ
1135 1484 1236 1556 τὴν
1260 1486 1361 1555 τῆς
1380 1484 1580 1555 ψυχῆς
1612 1483 1706 1537 καὶ
1728 1482 1847 1537 ούδέ
1871 1481 2057 1535 ἐντεῦ-

477 1579 567 1630 θεν
599 1576 945 1647 ἐταράττετο,
978 1576 1096 1629 οὐδὲ
1129 1576 1542 1640 ἐσκανδαλίζετο
1569 1578 1704 1648 πρὸς
1734 1577 2059 1647 τάγεγενη·

482 1666 635 1737 μένα,
664 1667 775 1720 τῶν
804 1667 981 1735 όψεων
1013 1667 1567 1738 ἀναμιμνησκόμενος
1604 1668 1713 1721 τῶν
1739 1668 1806 1722 τά
1840 1670 2058 1723 ἐναντία

477 1756 983 1826 ἐπαγγελλομένων
1004 1757 1122 1809 ούδέ
1152 1773 1218 1809 πε
1226 1756 1588 1828 ριειργάζετο,
1602 1757 1654 1810 τί
1672 1757 1870 1829 δήποτε
1888 1758 2060 1811 ταῦτα

476 1848 684 1915 γίνεται
706 1864 719 1913 ;
756 1848 865 1902 Kal
887 1850 936 1901 οἰ
966 1848 1061 1919 μὲν
1084 1849 1461 1917 ἀδελφοκτόνοι
1483 1850 1577 1903 καὶ
1601 1850 1754 1902 λύκοι
1781 1851 1871 1903 καί¹
1894 1850 2060 1921 θῆρες

477 1939 654 1993 καίτοι
670 1938 840 1993 ταῦτα
860 1940 1204 2011 ἠδικηκότες,
1227 1942 1318 1994 ἐπὶ
1337 1941 1439 2011 τῆς
1455 1941 1715 2013 πατρῴας
1735 1941 1912 2004 οἰκίας
1931 1959 2061 2013 τρυ-

477 2033 678 2100 φῶσιν*
712 2033 878 2097 αὐτὸς
923 2033 980 2086 δὲ
1030 2035 1059 2085 ό
1104 2035 1497 2107 προσδοκηθεὶς
1523 2035 1701 2089 αὐτῶν
1732 2016 2057 2106 βασιλεύειν,

475 2126 840 2195 αἰχμάλωτος,
874 2126 1101 2195 δοῦλος,
1148 2129 1230 2191 εἰς
1278 2128 1567 2199 ἀλλοτρίαν
1612 2127 2057 2199 ἀπεμποληθεὶς,

474 2215 571 2287 τὴν
602 2218 836 2288 ἐσχάτην
867 2217 1129 2289 ὑπομένει
1159 2217 1559 2291 ταλαιπωρίαν,
1594 2220 1655 2272 οὐ
1689 2220 1851 2293 μόνον
1879 2219 2060 2272 αὐτῶν

474 2308 538 2361 ού
571 2307 914 2377 βασιλεύσας,
959 2309 1094 2363 ἀλλά
1146 2309 1244 2363 καὶ
1293 2310 1476 2375 δοῦλος
1511 2311 1691 2365 αὐτῶν
1734 2311 2058 2382 γενόμενος,

476 2402 572 2453 καὶ
600 2402 665 2453 ἐκ
688 2399 885 2453 πολλοῦ
918 2399 1012 2452 τοῦ
1049 2400 1343 2472 διαμέτρου
1381 2402 1639 2455 τάναντία
1672 2406 1789 2467 ταῖς
1826 2405 2060 2475 ὑποσχέ-

480 2490 598 2542 σεσι
622 2488 833 2544 παθῶν.
858 2488 933 2542 Οὐ
949 2488 1057 2560 γὰρ
1075 2489 1139 2561 δὴ
1170 2489 1330 2559 μόνον
1364 2488 1640 2560 βασιλείας
1668 2492 1791 2543 τότε
1811 2494 1912 2546 οὐκ
1938 2493 2063 2546 ἐπέ-

483 2599 668 2652 τυχεν,
735 2580 871 2634 ἀλλά
914 2581 1010 2633 καὶ
1062 2580 1321 2651 πατρίδος
1350 2582 1443 2635 καὶ
1471 2581 1805 2652 ἐλευθερίας,
1841 2584 1933 2637 καὶ
1963 2587 2063 2655 τῆς

479 2674 587 2726 τῶν
609 2673 811 2741 γονέων
843 2672 1097 2737 ἐξέπεσεν
1131 2672 1326 2742 ὅψεως.
1351 2674 1462 2727 Kal
1489 2674 1610 2727 οὐδὲ
1650 2675 1880 2730 ἐνταῦθα
1913 2677 2063 2747 αύτῷ

477 2764 549 2816 τά
577 2763 685 2817 τῶν
717 2763 944 2832 ἀγώνων
975 2764 1160 2818 ἵστατο
1186 2803 1201 2828 ,
1259 2762 1373 2817 ἀλλ’
1414 2764 1600 2836 ἕτερον
1636 2765 1930 2837 βαθύτερον
1968 2769 2063 2821 ἀν-

478 2856 752 2925 ωρύττετο
776 2854 947 2928 βάραο
957 2872 1066 2927 ρον,
1104 2855 1333 2912 θάνατον
1363 2856 1524 2910 πάλιν
1541 2856 1681 2928 ἔχον,
1704 2859 1795 2911 καὶ
1818 2860 2058 2929 σφαγὴν,

479 2949 711 3003 θάνατον
732 2947 1098 3002 ἐπονείδιστον
1122 2949 1217 3002 καὶ
1240 2948 1455 3020 σφαγὴν
1472 2949 1736 3021 αἰσχύνης
1760 2951 2058 3022 γέμουσαν.

491 3039 697 3093 ’ἰδοῦσα
724 3038 832 3110 γάρ
861 3038 1024 3093 αὐτὸν
1057 3039 1261 3102 ἀδίκοις
1296 3040 1597 3110 ὀφθαλμοῖς
1633 3043 1666 3111 ή
1707 3042 2022 3113 κεκτημένη
2046 3082 2061 3107 ,

480 3131 576 3186 καὶ
608 3130 809 3185 ἁλοῦσα
847 3130 927 3200 τῷ
965 3131 1151 3185 κάλλει
1183 3130 1279 3184 τοῦ
1304 3131 1610 3199 νεανίσκου,
1645 3132 1751 3186 ὑπὸ
1794 3134 1894 3205 τῆς
1925 3134 2065 3205 λαμο

483 3223 627 3293 πρᾶς
657 3220 820 3274 αὑτοῦ
856 3221 1179 3293 χειρωθείσα
1207 3222 1404 3291 ὅψεως,
1432 3224 1526 3276 καὶ
1543 3224 1681 3295 αύτή
1704 3224 1865 3278 πάλιν
1881 3225 2066 3290 δόλους

482 3315 722 3383 ἕῤῥαπτε
750 3312 1177 3382 καῖὲπιϐουλάς.
1206 3315 1316 3367 Kal
1336 3315 1405 3368 τά
1430 3315 1621 3369 δίκτυα
1644 3317 1743 3387 τῆς
1767 3319 2064 3385 ἀκολασίας

484 3405 750 3459 πάντοθεν
801 3404 1099 3459 ἀπλώσασα
1122 3444 1137 3467 ,
1184 3406 1306 3459 καθ’
1357 3406 1595 3477 ἑκάστην
1628 3410 1915 3462 ἐσκοπεῖτο
1968 3412 2068 3483 τὴν

481 3500 700 3572 ἡμέραν
731 3498 864 3551 εἴσω
889 3499 991 3569 τῆς
1016 3499 1222 3563 οἰκείας
1264 3502 1506 3571 σαγήνης
1538 3500 1631 3553 τὸν
1662 3503 1945 3557 νεανίσκον
1969 3503 2063 3558 λα-

484 3593 618 3657 δεῖν,
654 3590 745 3643 καὶ
774 3590 855 3654 εἰς
878 3590 939 3642 16
970 3590 1070 3659 τῆς
1098 3590 1345 3661 μοιχείας
1372 3592 1630 3661 ἐμϐαλεῖν
1655 3592 1945 3665 βάραθρον,
1972 3596 2068 3649 καὶ

484 3684 699 3754 θανάτῳ
723 3682 1058 3755 παραδοῦναι
1080 3684 1352 3756 ἀθανάτῳ.
1385 3685 1495 3739 Kal
1519 3686 1639 3739 καθ’
1667 3688 1905 3759 ἐκάστην
1927 3688 2065 3759 ἡμέ-

488 3794 586 3846 ραν
617 3776 709 3829 ἐπὶ
737 3774 837 3847 τὴν
888 3776 1064 3846 ἄγραν
1099 3776 1249 3848 ἐξῄει
1278 3779 1516 3848 ταύτην,
1567 3778 1674 3832 ὑπὸ
1717 3778 1810 3833 τοῦ
1862 3781 2070 3845 πάθους

484 3856 841 3938 κεντουμένη,
887 3867 981 3922 καὶ
1019 3868 1125 3922 ὑπὸ
1170 3868 1267 3922 τοῦ
1307 3871 1608 3924 ἀκολάστου
1642 3870 1833 3924 τούτου
1866 3871 2069 3943 ἔρωτος

485 3959 608 4013 καθ’
633 3959 873 4032 ἐκάστην
898 3960 1230 4033 όπλιζομένη
1269 3963 1367 4034 τὴν
1395 3962 1626 4035 ήμέραψ
1663 3964 1758 4017 καί
1792 3981 1922 4017 ποτε
1946 3966 2069 4018 ἐπι-

484 4052 757 4125 λαϐομένη
810 4053 994 4125 μόνον,
1043 4053 1135 4109 ἐπὶ
1186 4056 1287 4125 τὴν
1318 4054 1502 4109 ἄδικον
1542 4055 1707 4110 αὑτὸν
1752 4055 1892 4127 πρὸς
1946 4056 2070 4127 βίαν

485 4143 666 4201 εἷλκεν
690 4147 871 4219 εὐνὴν,
902 4148 995 4199 καὶ
1015 4146 1106 4199 τὸν
1127 4147 1408 4219 ἀλλότριον
1435 4146 1679 4218 διορύξαι
1701 4148 1878 4217 γάμον
1900 4148 2071 4217 ἠνάγ-

487 4239 657 4303 καζε,
706 4240 802 4291 καὶ
839 4237 939 4309 τήν
983 4236 1337 4309 σωφροσύνην
1382 4238 1728 4309 λυμήνασθαι
1771 4241 2068 4311 ἐπεχείρει.

501 4330 640 4382 Ἀλλ’
667 4330 817 4400 ὅμως
839 4328 959 4381 ούδέ
985 4327 1235 4381 ἐντεῦθεν
1261 4328 1429 4382 ἐπαθέ
1458 4345 1512 4381 τι
1547 4328 1784 4399 χαλεπὸν
1812 4331 1840 4383 6
1864 4329 2073 4395 δίκαιος

488 4423 714 4483 ἐκεῖνος·
742 4418 880 4474 ἀλλὰ
901 4418 996 4471 καὶ
1017 4417 1314 4488 ἐπιθυμίας
1342 4418 1653 4490 τυραννίδα,
1686 4419 1781 4473 καὶ
1805 4418 1934 4484 νέας
1957 4420 2074 4492 ἠλι-

489 4515 613 4578 κίας
638 4512 923 4585 θορύϐους,
971 4513 1066 4567 καὶ
1096 4511 1397 4565 ἀκολάστου
1443 4512 1702 4579 γυναικὸς
1747 4513 2070 4585 ἐπιϐουλὴν,

489 4608 584 4661 καὶ
632 4606 920 4675 δεσποίνης
950 4603 1201 4674 ἐφόδους,
1251 4604 1344 4657 καὶ
1389 4604 1645 4675 νεότητος
1673 4604 1940 4676 ταραχὴν,
1980 4605 2075 4657 καὶ

491 4701 669 4754 πάντα
700 4699 801 4752 ὅσα
834 4700 982 4762 εἰκὸς
1013 4700 1079 4751 ἐκ
1110 4698 1208 4769 τῆς
1240 4696 1384 4768 ἀφῆς
1419 4696 1634 4768 ἐκείνης
1667 4697 1942 4765 γενέσθαι,
1979 4698 2075 4749 καὶ

489 4789 588 4858 τῆς
620 4788 815 4858 ὅψεως,
851 4787 946 4841 καὶ
980 4788 1082 4857 τῆς
1112 4786 1332 4857 μανίας,
1368 4785 1509 4857 μετὰ
1543 4787 1745 4859 πολλῆς
1788 4788 1889 4858 τῆς
1913 4788 2073 4841 εὐκο-

490 4881 608 4942 λίας
658 4878 935 4948 ὑπερϐὰς,
973 4878 1163 4950 ὥσπερ
1210 4895 1292 4942 τις
1337 4877 1499 4941 ἀετὸς
1545 4876 1748 4948 ὑψηλὸν
1795 4877 1974 4940 τείνας
2011 4877 2073 4931 τὸ

493 4970 714 5040 πτερὸν,
749 4970 843 5022 καὶ
868 4969 1006 5022 αύτά
1036 4970 1445 5040 ἀποδυσάμενος
1473 4971 1541 5023 τὰ
1566 4970 1757 5039 ἱμάτια
1782 4969 1876 5022 καί
1908 4986 2077 5025 κατα-

494 5061 667 5116 λιπὼν
695 5063 814 5124 ταῖς
848 5061 1166 5126 ἀκολάστοις
1195 5063 1405 5135 χερσὶν,
1435 5063 1659 5133 ἐξῆλθεν
1700 5062 1931 5134 ἱματίων
1971 5063 2072 5133 μὲν

494 5153 720 5227 γυμνὸς,
747 5152 1007 5224 λαμπρὰν
1029 5152 1086 5205 δὲ
1116 5157 1217 5225 τῆς
1238 5153 1593 5225 σωφροσύνης
1619 5153 1759 5223 ἔχων
1791 5152 1889 5224 τὴν
1914 5170 2075 5223 περι-

494 5246 676 5318 ϐολὴν,
713 5244 809 5297 καλ⁵
851 5244 949 5314 τῆς
1004 5244 1320 5316 ἀλουργίδος
1364 5246 1537 5313 αὐτῆς
1583 5244 2069 5316 περιφανεστέραν.

507 5336 789 5392 Ἐντεῦθεν
816 5335 967 5406 αύτῷ
1007 5336 1158 5406 ξίφος
1200 5336 1431 5404 ὴκονᾶτο
1468 5337 1664 5402 πάλιν,
1712 5338 1808 5390 καὶ
1845 5337 2074 5400 θάνατος

496 5433 810 5502 ὲμελετᾶτο,
844 5432 936 5485 καὶ
974 5430 1044 5483 τά
1071 5428 1291 5500 κύματα
1326 5430 1419 5482 ἐπὶ
1455 5429 1515 5482 16
1555 5430 1739 5500 μεῖζον
1763 5430 1944 5500 ᾔρετο,
1978 5432 2074 5483 καὶ

496 5526 526 5590 ἡ
567 5524 733 5593 μανία
752 5524 851 5593 τῆς
879 5521 1136 5590 γυναικὸς
1165 5520 1264 5591 τῆς
1294 5519 1643 5584 Βαϐυλωνίας
1686 5521 1918 5591 καμίνου
1951 5538 2076 5590 σφο-

497 5613 747 5681 δρότερον
793 5615 1087 5682 άνήπτετο.
1120 5615 1195 5666 ’Ἠ
1221 5630 1283 5665 τε
1317 5611 1427 5683 γὰρ
1470 5612 1734 5684 ἐπιθυμία
1762 5614 1948 5667 λοιπὴν
1983 5616 2076 5668 ἐπὶ

501 5697 689 5765 μεῖζον
717 5704 991 5774 ἠγείρετο,
1033 5703 1061 5755 ὃ
1092 5719 1152 5755 τε
1198 5700 1405 5772 θυμὸς,
1457 5701 1642 5771 ἕτερον
1696 5702 2080 5773 χαλεπώτατον

499 5786 692 5855 πάθος,
725 5798 861 5862 μετὰ
892 5796 1090 5868 πολλῆς
1121 5796 1475 5869 προσετίθετο
1494 5795 1594 5864 τῆς
1624 5798 1964 5869 ἀγριότητος,
1990 5800 2083 5854 καὶ

1175 358 1232 411 S.
1270 355 1553 410 JOANMS
1593 351 2053 406 (ZIIHYSUS'I‘UM

2170 350 2435 404 IHLIIIEP.
2479 349 3026 407 CUNSTANTINOP.

3646 350 3744 412 506

2166 469 2325 537 φόνον
2346 468 2540 535 ἕϐλεπε
2570 471 2662 521 καὶ
2691 470 2782 521 ἐπὶ
2809 470 2960 539 ξίφος
2996 468 3205 540 ἔτρεχε,
3262 471 3365 522 καὶ
3397 470 3615 540 σφαγῆς
3644 473 3744 543 ήρα

2161 564 2632 633 παρανομωτάτης
2652 603 2667 626 ,
2702 564 2797 615 καὶ
2836 564 2927 615 τόν
2963 564 3062 635 τὴς
3093 565 3464 635 σωφροσύνης
3494 564 3744 637 ἀθλητὴν,

2160 656 2253 707 καὶ
2290 654 2379 707 τὸν
2408 656 2508 726 τῆς
2538 656 2835 726 καρτερίας
2869 657 2964 709 καὶ
2986 657 3270 727 ὑπομονῆς
3326 657 3642 728 ἀγωνιστὴν
3662 660 3747 710 ἀν-

2159 747 2299 799 ελεῖν
2332 745 2715 801 ἐσπευδε.’Καὶ
2746 749 3124 819 εἰσπηδήσασα
3151 748 3297 818 πρὸς
3325 748 3424 801 τὸν
3458 748 3627 817 ἀνδρα
3662 750 3747 804 τὸν

2159 837 2382 906 ἑαυτῆς,
2418 836 2800 905 ἀπαγγείλασα
2827 838 2895 890 τά
2929 838 3297 907 γεγενημένα,
3334 837 3439 906 οὐχ
3478 838 3557 897 ὡς
3588 838 3621 907 ή
3661 836 3747 889 τοῦ

2159 931 2484 999 πράγματος
2529 925 2676 1000 εἶχεν
2719 929 2968 1000 ἀλήθεια,
3014 928 3128 982 ἀλλ’
3174 929 3254 992 ὡς
3296 927 3443 999 αύτὴ
3482 929 3545 981 16
3575 928 3748 1000 δρᾶμα

2161 1020 2311 1092 [492]
2331 1020 2431 1090 τῆς
2466 1021 2832 1089 συκοφαντίας
2874 1020 3309 1087 κατεσκεύασεν,
3346 1021 3573 1075 ἔπεισεν
3614 1022 3750 1092 ἅπερ

2158 1110 2317 1180 ήθελε
2351 1112 2443 1164 τὸν
2475 1111 2737 1182 δικαστὴν
2756 1151 2771 1175 ,
2814 1112 3052 1183 ἐρημίαν
3094 1110 3527 1183 κατηγοροῦσα,
3557 1112 3649 1165 καί⁵
3678 1112 3747 1176 ὡς

2157 1204 2461 1276 ἠδικημένη
2491 1206 2588 1276 τὴν
2614 1205 2860 1258 ἐκδικίαν
2885 1205 3221 1275 ἐπεζητεῖτο.
3259 1205 3345 1268 εἰς
3370 1203 3648 1268 ἀπόδειξιν
3677 1197 3749 1257 ὧν

2159 1296 2312 1364 ἐλεγε
2341 1297 2409 1350 τὰ
2450 1298 2641 1367 ἱμάτια
2671 1296 2766 1350 τοῦ
2804 1294 2980 1350 ἀθώου
3035 1296 3329 1349 νεανίσκου
3380 1295 3747 1367 περιφέρουσα

2158 1391 2277 1452 ταῖς
2306 1388 2635 1460 ἀκαθάρτοις
2663 1392 2850 1460 χερσὶν
2877 1389 3134 1452 ἐκείναις.
3162 1390 3275 1442 Kal
3299 1391 3329 1442 6
3358 1387 3747 1458 διεφθαρμένος

2159 1479 2418 1550 δικαστὴς
2438 1481 2537 1532 ούκ
2553 1482 2633 1544 είς
2647 1480 2995 1549 δικαστήριον
3014 1482 3276 1550 εἰσήγαγε
3295 1478 3391 1532 τόν
3416 1478 3718 1549 κατηγορού
3731 1508 3747 1518 -

2164 1589 2343 1641 μενον,
2378 1572 2440 1624 ού
2466 1572 2623 1639 λόγου
2655 1573 2984 1641 μετέδωκεν,
3019 1571 3156 1626 ἀλλά
3182 1573 3276 1626 τὸν
3303 1572 3435 1626 οὐδὲ
3472 1574 3744 1644 ἑωρακότα

2158 1662 2504 1733 δικαστήριον
2532 1701 2547 1726 ,
2597 1663 2673 1727 ὡς
2724 1662 3038 1727 ἑαλωκότα,
3088 1663 3166 1727 ὡς
3213 1663 3621 1734 ἐληλεγμένον,
3660 1665 3746 1718 καὶ

2165 1751 2349 1823 μοιχὸν
2401 1754 2808 1824 ἀπηρτισμένον
2845 1755 3187 1813 κατεδίκασε.
3231 1755 3331 1808 καὶ
3365 1756 3450 1819 εἰς
3478 1756 3745 1825 δεσμωτή-

2166 1860 2277 1914 ριον
2310 1844 2550 1909 ἐνέϐαλε,
2580 1846 2675 1899 καὶ
2705 1845 2890 1899 ἁλύσει
2929 1846 3235 1914 παρέδωκε.
3272 1845 3384 1899 Καὶ
3414 1841 3486 1916 ἦν
3512 1846 3689 1899 λοιπὸν
3718 1849 3745 1900 6

2161 1937 2447 2000 τοσούτους
2501 1938 2798 2006 στεφάνους
2847 1938 3256 2009 ἀναδησάμενος
3311 1938 3558 2009 ἀρετῆς,
3618 1938 3743 2007 μετά

2162 2028 2394 2098 γοήτων,
2430 2026 2566 2098 μετά
2590 2027 2985 2100 τυμϐωρύχων,
3020 2029 3158 2098 μετά
3195 2028 3574 2100 ἀνδροφόνων,
3616 2028 3741 2099 μετά

2161 2116 2270 2169 τῶν
2312 2116 2382 2170 τά
2425 2118 2632 2187 ἔσχατα
2678 2118 3120 2190 τετολμηκότων,
3169 2121 3229 2173 ἐν
3261 2119 3345 2189 τῷ
3373 2120 3739 2190 δεσμωτηρίῳ.

2176 2208 2317 2262 Ἀλλ’
2340 2211 2489 2280 ὅμως
2516 2209 2668 2263 οὐδὲν
2697 2210 2858 2263 αὐτὸν
2883 2210 3089 2264 τούτων
3124 2210 3405 2283 ἐθορύϐει.
3432 2213 3545 2265 Kal
3572 2214 3737 2282 ἓτερος

2167 2301 2265 2372 μὲν
2321 2301 2399 2372 τῷ
2447 2301 2656 2372 βασιλεῖ
2694 2302 3154 2374 προσκεκρουκὼς
3202 2303 3442 2373 ἠφίετο,
3494 2304 3650 2367 αὑτός
3686 2308 3734 2360 6's

2168 2394 2378 2465 μακρὸν
2408 2394 2553 2448 ἐνδον
2583 2394 2742 2465 ἔμενε
2775 2396 2985 2466 χρόνον,
3042 2396 3183 2467 ὑπὲρ
3227 2390 3307 2451 ὧν
3352 2397 3521 2450 αὐτόν
3561 2413 3741 2465 στεφα-

2164 2486 2385 2540 νοῦσθαι
2415 2487 2508 2540 καὶ
2537 2487 3008 2557 ἀνακηρύττεσθαι
3037 2487 3162 2551 ἔδει,
3199 2487 3301 2558 τὴν
3333 2488 3573 2559 ἐσχάτην
3593 2489 3738 2542 τίνων

2163 2578 2453 2649 τιμωρίαν.
2479 2578 2589 2631 Kal
2609 2578 2730 2631 ούδὲ
2781 2579 2951 2641 οῦτως
2975 2580 3330 2650 ἐταράττετο,
3347 2580 3474 2633 ούδέ
3499 2579 3739 2634 ἐσκανδαι

2164 2669 2361 2733 λῐζετο,
2399 2669 2518 2723 οὐδὲ
2544 2666 2687 2733 εἷπε,
2715 2670 2780 2723 Τί
2812 2669 3004 2737 τοῦτο;
3040 2672 3120 2734 εἰς
3153 2672 3206 2724 τί
3239 2671 3446 2739 τοῦτο;
3479 2675 3507 2726 ό
3547 2672 3739 2743 μέλλων

2166 2761 2277 2831 ἐγὼ
2304 2761 2414 2815 τῶν
2454 2761 2698 2830 ἀδελφῶν
2729 2763 3033 2833 βασιλεύειν
3054 2803 3069 2828 ,
3112 2766 3174 2817 ού
3226 2767 3398 2836 μόνον
3436 2766 3634 2837 ταύτης
3661 2765 3739 2830 ἐξ·

2167 2853 2338 2908 έπεσα
2371 2855 2469 2925 τῆς
2500 2855 2684 2925 τιμῆς,
2717 2855 2855 2908 ἀλλά
2883 2857 2977 2909 καὶ
3001 2856 3279 2928 πατρίδος,
3312 2859 3410 2912 καὶ
3432 2859 3624 2923 οἰκίας,
3654 2857 3738 2910 καὶ

2167 2945 2391 3012 γονέων,
2425 2945 2518 2997 καὶ
2545 2945 2877 3018 ἐλευθερίας,
2910 2947 3005 3000 καὶ
3044 2947 3247 3014 ἀδείας,
3295 2951 3394 3004 καὶ
3426 2951 3556 3019 παρ’
3578 2948 3739 3001 αὐτῶν

2166 3037 2277 3090 τῶν
2314 3036 2618 3107 μελλόντων
2655 3056 2723 3108 με
2749 3044 3074 3110 προσκυνεῖν
3108 3042 3410 3117 ἀνῃρέθην.
3449 3041 3576 3096 Εῐτα
3614 3040 3737 3113 μετά

2167 3129 2267 3201 τὴν
2284 3131 2499 3201 σφαγὴν
2525 3130 2793 3203 ἐπράθην,
2824 3133 3008 3197 δοῦλος
3034 3134 3306 3205 ἐγενόμην
3333 3135 3640 3207 βαρϐάρων,
3656 3135 3737 3186 καὶ

2172 3227 2415 3292 συνεχεῖς
2457 3224 2669 3293 ὴμειψα
2708 3225 2992 3289 δεσπότας·
3043 3228 3137 3280 καὶ
3181 3228 3306 3281 οὐδὲ
3355 3227 3586 3282 ἐνταῦθα
3621 3226 3735 3296 ἔστη

2173 3332 2264 3385 μοι
2296 3316 2362 3368 τὰ
2389 3315 2557 3381 δεινὰ,
2589 3315 2726 3370 ἀλλά
2748 3317 3026 3388 πανταχοῦ
3062 3318 3319 3391 βάραθρα
3346 3320 3444 3373 καὶ
3484 3318 3734 3372 σκόπελοι.

2171 3406 2324 3460 Μετά
2358 3408 2464 3479 γὰρ
2494 3408 2591 3480 τὴν
2621 3409 2913 3482 ἐπιϐουλὴν
2935 3410 3045 3464 τῶν
3067 3412 3337 3480 ἀδελφῶν,
3372 3414 3467 3467 καὶ
3498 3410 3591 3483 τὴν
3614 3425 3733 3477 σφα·

2170 3498 2294 3570 γὴν,
2338 3500 2430 3552 καὶ
2475 3499 2573 3569 τὴν
2622 3501 2865 3555 δουλείαν
2909 3504 3003 3556 καὶ
3053 3503 3152 3575 τὴν
3200 3505 3481 3576 προτέραν
3521 3504 3610 3556 καὶ
3650 3501 3736 3570 τὴν

2169 3591 2451 3663 δευτέραν,
2499 3592 2662 3645 πάλιν
2708 3611 2798 3664 μοι
2829 3594 3057 3658 θάνατος
3084 3595 3420 3668 ἐμελετήθη,
3459 3596 3549 3649 καί
3593 3608 3734 3646 συκο-

2174 3684 2371 3753 φαντία
2395 3683 2497 3754 τῆς
2524 3686 2796 3756 προτέρας
2822 3685 3201 3759 χαλεπωτέρα,
3234 3690 3334 3742 καὶ
3358 3685 3634 3755 ἐπιϐουλὴ,
3654 3682 3734 3736 καὶ

2172 3775 2383 3845 ἔφοδος,
2407 3778 2500 3831 καὶ
2520 3762 2873 3849 δικαστήριον
2894 3779 3313 3851 διεφθαρμένον,
3341 3782 3435 3835 καὶ
3457 3774 3732 3847 κατηγορία

2174 3869 2435 3940 αἰσχύνην
2460 3870 2657 3941 ἔχουσα
2680 3871 2903 3943 πολλὴν,
2936 3873 3030 3925 καὶ
3059 3873 3276 3944 σφαγὴν
3300 3876 3440 3945 ἡμῖν
3472 3871 3731 3924 ὠδίνουσα.

2174 3961 2285 4015 Kal
2314 3959 2438 4016 οὕτε
2468 3962 2628 4031 λόγου
2670 3964 3009 4035 μεταλαϐὼν,
3038 3964 3225 4029 ἁπλῶς
3248 3968 3349 4019 καὶ
3367 3966 3444 4028 ὼς
3464 3964 3640 4032 ἔτυχεν
3664 3957 3733 4018 εις

2172 4050 2546 4124 δεσμωτήριον
2604 4053 2950 4125 ἀπηνέχθην,
2997 4055 3091 4109 καὶ
3151 4055 3379 4111 ἀλύσεσι
3440 4055 3731 4126 περίκειμαι

2178 4148 2316 4217 μετά
2348 4148 2552 4219 μοιχῶν
2592 4150 2687 4204 καί⁵
2734 4150 3075 4221 ἀνδροφόνων
3130 4151 3223 4206 καὶ
3275 4153 3388 4207 τῶν
3435 4151 3504 4206 τά
3554 4149 3731 4218 ἔσχατα

2174 4239 2608 4310 τετολμηκότων.
2668 4242 2776 4294 Kal
2815 4244 2844 4295 6
2891 4243 2990 4313 μὲν
3051 4246 3423 4315 ἀρχιοινοχόος
3468 4230 3730 4312 ἀπήλλάγη

2177 4332 2272 4386 καὶ
2292 4331 2535 4396 ἁλύσεως
2568 4333 2665 4387 καὶ
2694 4333 2945 4406 δεσμωτη
2956 4335 3092 4407 ρίου’
3128 4336 3310 4407 ἐγὼδέ
3340 4338 3461 4393 ούδέ
3481 4336 3594 4407 μετ’
3611 4330 3733 4384 ἐκεῖ·

2174 4441 2265 4477 νον
2302 4424 2488 4488 ἀδείας
2516 4426 2662 4489 τινὸς
2688 4425 2995 4481 ἀπολαῦσαι
3022 4426 3342 4500 δεδύνημαι·
3376 4426 3602 4495 κάκείνῳ
3646 4419 3730 4491 μὲν

2178 4517 2257 4581 εἰς
2279 4515 2440 4585 ἔργον
2467 4515 2627 4587 ἐξέϐη
2650 4516 2713 4570 16
2736 4516 2870 4588 όναρ
2891 4518 3035 4572 κατά
3052 4519 3151 4591 τήν
3173 4520 3468 4591 ἑρμηνείαν
3482 4517 3575 4588 τὴν
3591 4512 3728 4581 ἐμήν⁰

2178 4606 2291 4675 ἐγὼ
2317 4606 2373 4659 δὲ
2402 4607 2459 4659 ἐν
2485 4609 2596 4670 τοῖς
2618 4605 2936 4677 ἀνηκέστοις
2957 4608 3075 4677 εἰμί
3097 4611 3308 4671 κακοῖς.
3329 4606 3512 4660 Ταῦτα
3530 4602 3582 4655 αἰ
3601 4597 3730 4665 ὕψεις

2179 4700 2510 4771 προεδήλουν
2540 4703 2780 4767 ἐκεῖναι;
2820 4701 2993 4756 ταῦτα
3032 4702 3141 4756 τῶν
3165 4703 3412 4774 ἀστέρων
3441 4702 3468 4753 ό
3490 4688 3698 4767 ἀριθμός
3713 4702 3727 4745 ἶ

2178 4792 2353 4847 ταῦτα
2378 4792 2447 4845 τά
2479 4793 2797 4865 δράγματα;
2829 4795 2936 4848 Ποῦ
2976 4795 3044 4848 τά
3080 4796 3190 4849 τῶν
3235 4789 3597 4864 ἐπαγγελιῶν;
3641 4775 3726 4834 ποῦ

2179 4884 2248 4937 τά
2275 4884 2385 4937 τῶν
2412 4884 2796 4955 ὑποσχέσεωνς
2825 4881 2973 4957 Ἀρα
2993 4885 3358 4957 ἠπατήμεθα;
3389 4883 3494 4956 ἆρα
3524 4872 3731 4944 παρελο⁶

2182 4975 2488 5047 γίσθημεν;
2547 4976 2657 5029 Ποῦ
2698 4977 2808 5047 γάρ
2863 4995 2931 5047 με
2978 4976 3162 5032 λοιπὸν
3206 4977 3653 5049 προσκυνήσουσιν
3684 4959 3725 5012 οἱ

2183 5066 2421 5136 ἀδελφοὶ,
2453 5068 2542 5120 τὸν
2573 5065 2778 5132 δοῦλον,
2818 5066 2909 5119 16v
2939 5068 3304 5138 αἰχμάλωτον,
3332 5068 3422 5121 τὸν
3445 5057 3726 5130 δεσμώτηνν

2184 5159 2274 5211 τὸν
2307 5157 2492 5229 μοιχὸν
2522 5153 2662 5212 εἶναι
2695 5160 3072 5229 νομιζόμενον,
3113 5160 3204 5212 τὸν
3228 5159 3355 5228 περὶ
3384 5156 3488 5210 τῶν
3514 5147 3728 5219 ἐσχάτων

2185 5249 2600 5313 κινδυνεύοντα,
2655 5250 2745 5305 τὸν
2807 5250 3059 5304 τοσοῦτον
3111 5249 3294 5303 αὐτῶν
3344 5238 3725 5317 ἀπῳκισμένονῖ

2187 5344 2407 5413 Οἴχεται
2448 5344 2626 5397 πάντα
2657 5345 2860 5406 ἐκεῖνα,
2899 5343 2993 5397 καὶ
3022 5342 3320 5398 ἀπόλωλεν.
3370 5339 3526 5394 Οὐδὲν
3551 5327 3727 5385 τούτων

2186 5435 2286 5488 οῦκ
2303 5431 2480 5499 εἶπεν,
2510 5436 2610 5489 οὐκ
2641 5435 2944 5504 ἐνενόησεν,
2960 5435 3075 5489 ἀλλ’
3096 5436 3327 5505 ἀνέμενε
3351 5436 3408 5488 1:6
3420 5429 3580 5515 τέλος,
3597 5415 3728 5515 εἷδίὲξ

2189 5526 2284 5578 καὶ
2308 5524 2468 5588 αὐτὸς
2495 5524 2589 5578 τοῦ
2623 5523 2758 5577 Θεοῦ
2784 5523 2845 5576 16
2875 5523 3185 5595 εὐμήχανον
3210 5525 3303 5578 καὶ
3323 5524 3419 5594 τὴν
3449 5512 3622 5582 σοφίαν
3642 5511 3726 5595 τὴν

2188 5617 2443 5689 εὔπορον·
2471 5619 2567 5674 καὶ
2591 5618 2653 5671 ού
2693 5617 2855 5688 μόνον
2891 5590 3457 5682 οῦκ-ἐσκανδαλίζετο,
3497 5601 3618 5660 ἀλλά
3651 5590 3727 5648 καὶ

2191 5710 2519 5783 ἐνηϐρύνετο
2551 5710 2646 5766 καί
2672 5710 3075 5776 ἐκαλλωπίζετο
3104 5713 3214 5774 τοῖς
3248 5707 3558 5780 γινομένοις·
3687 5779 3697 5792 ι

2263 5804 2328 5856 Τί
2370 5802 2424 5857 δέ
2448 5804 2474 5856 ό
2494 5803 2673 5871 Δαυῖδ,
2701 5804 2823 5858 εἰπέ
2872 5821 2995 5875 μοις
3027 5804 3102 5857 Οὐ
3136 5804 3273 5875 μετά
3304 5804 3365 5857 τὸ
3387 5791 3724 5873 χρισθῆναιεις
