4002 6370
247 389 349 446 505

247 506 482 569 avulsus,
511 505 709 570 mulus,
748 507 1082 576 peregrinus,
1115 509 1265 563 exsul
1295 518 1351 563 et
1377 508 1627 572 extorris,
1660 509 1835 563 servi-

250 597 375 651 tutis
407 596 526 666 lege
556 597 909 651 barbarorum
934 598 1178 653 manibus
1203 599 1501 667 expositus.
1532 597 1669 664 Quid
1699 599 1841 653 enim

249 707 355 745 non
387 691 536 745 illum
559 700 772 761 poterat
798 689 1157 760 perturbare?
1184 691 1326 759 quod
1356 689 1669 760 derepente,
1699 690 1842 760 quod

247 791 443 850 pneter
474 782 951 851 exspectationem,
981 789 1181 851 praeter
1209 796 1381 851 spem,
1408 791 1606 849 praeter
1634 782 1841 851 opinioo

245 889 395 939 nem,
420 874 564 936 quod
598 882 702 926 tam
733 872 881 943 gravi
917 872 1223 926 calamitate
1250 880 1602 940 premeretur,
1638 872 1782 942 quod
1809 888 1840 925 a

242 965 523 1029 fratribus,
575 975 630 1020 et
672 980 702 1018 a
752 963 1006 1019 fratribus
1053 978 1188 1033 quos
1223 963 1529 1029 adamabat,
1569 978 1691 1018 eum
1743 979 1841 1018 nec

242 1074 437 1129 parva.
474 1073 574 1113 nec
605 1072 793 1127 magna
837 1057 957 1110 illos
1003 1055 1270 1110 aﬂ'eeisset
1321 1055 1535 1123 injuria,
1572 1055 1682 1109 imo
1712 1070 1840 1109 vero

241 1150 524 1204 beneﬁciis
571 1148 916 1212 cumulasset,
963 1147 1066 1199 ista
1104 1147 1416 1214 pateretur?
1452 1145 1834 1199 Verumtamen

240 1241 378 1293 nihil
428 1241 652 1293 istorum
702 1239 847 1293 illum
896 1238 1271 1308 perturbavit:
1309 1238 1401 1292 sed
1449 1238 1501 1291 in
1545 1237 1836 1309 Aigyptum

240 1348 272 1385 a
318 1330 709 1386 mercatoribus
740 1330 843 1384 illis
872 1330 1253 1396 abducebatur,
1283 1340 1336 1384 et
1368 1330 1681 1386 servitutem
1714 1345 1833 1384 Ser-

240 1425 412 1478 vitute
443 1423 706 1477 mutabat.
750 1422 1024 1491 Siquidem
1068 1423 1174 1477 illic
1199 1438 1416 1492 quoque
1461 1438 1648 1478 rursus
1681 1422 1841 1477 [iebat

240 1530 454 1579 servus,
484 1525 540 1569 et
568 1515 872 1569 barbaricas
900 1513 1043 1568 aades
1072 1514 1338 1568 incolebat
1380 1514 1651 1578 Hebraeus,
1683 1513 1838 1568 nobi-

242 1608 311 1661 lis
339 1607 543 1677 duplici
571 1606 815 1660 libertate
846 1606 1005 1673 liber,
1040 1615 1097 1661 et
1132 1607 1374 1676 corporis
1403 1616 1457 1660 et
1481 1606 1710 1660 animae:
1740 1621 1841 1660 nec

241 1715 423 1760 tamen
447 1705 649 1759 idcirco
668 1705 1096 1774 perturbabatur,
1119 1715 1210 1760 aut
1235 1705 1319 1768 iis,
1347 1721 1466 1774 qua:
1489 1706 1833 1775 gerebantur,

240 1800 726 1864 scandalizabatur,
759 1815 879 1854 cum
911 1800 1198 1866 visionum,
1246 1814 1366 1869 qua:
1412 1799 1677 1852 contraria
1715 1813 1838 1867 pro-

242 1894 526 1956 miserant,
577 1891 988 1955 recordarctur;
1052 1906 1225 1959 neque
1282 1893 1493 1945 curiose
1540 1892 1834 1960 quazrebat,

238 1983 353 2035 Cur
378 1982 593 2036 tandem
630 1982 728 2035 ista
774 1981 944 2036 ﬁunt?
985 1984 1158 2051 Atque
1189 1982 1263 2036 illi
1288 1982 1500 2050 quidem
1530 1981 1835 2045 fratricidaz,

240 2072 353 2141 lupi
380 2081 437 2127 et
458 2072 672 2137 bellum,
699 2072 909 2128 tametsi
933 2074 1030 2127 ista
1055 2074 1256 2127 scelera
1282 2082 1576 2142 patrarant,
1602 2073 1656 2126 in
1679 2073 1839 2126 domo

239 2175 467 2235 paterna
508 2165 715 2220 deliciis
748 2181 808 2222 se
847 2165 1155 2230 oblectant;
1184 2166 1298 2234 ipse
1332 2180 1488 2230 vero,
1517 2180 1676 2234 quem
1718 2179 1840 2233 spes

240 2264 363 2310 erat
394 2271 572 2325 regem
604 2256 817 2310 illorum
847 2254 1107 2322 futurum,
1133 2257 1395 2325 captivus,
1425 2272 1633 2318 servus,
1666 2257 1719 2310 in
1748 2272 1841 2311 ex-

242 2357 401 2413 terna
433 2347 652 2416 regione
686 2347 1065 2413 venumdatus,
1107 2356 1348 2401 extrema
1389 2346 1601 2401 miseria
1640 2346 1840 2416 premi-

244 2451 351 2506 tur,
381 2450 437 2496 et
468 2456 574 2495 non
602 2442 775 2497 solum
804 2457 897 2495 rex
941 2442 1153 2496 illorum
1189 2457 1294 2495 non
1321 2450 1423 2507 est,
1452 2440 1548 2496 sed
1572 2451 1626 2495 et
1654 2455 1842 2495 servus

243 2533 460 2586 illorum
489 2533 685 2599 evadit,
713 2544 765 2587 et
792 2533 949 2601 plane
981 2534 1246 2587 contraria
1274 2533 1472 2602 patitur
1497 2533 1560 2587 iis
1581 2550 1698 2602 qua:
1722 2532 1840 2586 fue-

244 2633 372 2676 rant
400 2623 470 2677 illi
492 2624 770 2693 promissa.
796 2622 915 2676 Non
943 2625 1083 2678 enim
1115 2632 1317 2677 tantum
1346 2638 1564 2693 regnum
1594 2633 1702 2678 tum
1736 2639 1840 2677 non

245 2714 549 2779 obtinebat,
589 2713 684 2769 sed
728 2722 783 2769 et
822 2716 1014 2784 patria,
1056 2726 1110 2769 et
1159 2716 1429 2781 libertate,
1467 2726 1522 2770 et
1560 2726 1839 2786 parentum

244 2816 470 2876 aspectu
508 2807 752 2875 privatus
791 2817 925 2862 erat.
972 2806 1156 2876 Neque
1201 2823 1330 2861 vero
1363 2809 1710 2861 certaminum
1755 2806 1842 2861 hic

248 2898 374 2951 linis
398 2897 525 2950 fuit:
551 2896 647 2953 sed
669 2896 816 2951 aliud
844 2897 916 2951 illi
941 2898 1254 2967 profundius
1284 2898 1591 2952 barathrum
1613 2898 1840 2965 paraba-

250 3002 359 3054 tur,
392 2990 532 3059 quod
562 3005 749 3044 rursus
780 2999 1004 3044 mortem
1031 3006 1095 3044 ac
1120 2991 1321 3045 ea'dem
1355 2989 1674 3056 minabatur,
1701 3006 1842 3043 moro

250 3090 360 3134 tem
387 3078 816 3150 ignominiosam,
842 3089 896 3135 et
915 3079 1194 3135 dedecoris
1222 3081 1430 3150 plenam
1457 3064 1682 3134 caedem.
1709 3079 1840 3134 Cum

247 3172 393 3226 enim
433 3171 659 3227 lascivos
688 3172 740 3225 in
780 3187 902 3227 cum
941 3172 1126 3226 oculos
1163 3172 1380 3226 domina
1420 3170 1758 3241 conjecisset,
1790 3181 1844 3226 et

245 3264 608 3329 adolescentis
639 3264 1032 3335 pulchritudine
1064 3265 1311 3320 devincta
1343 3274 1507 3330 esset,
1532 3272 1587 3319 et
1612 3263 1842 3333 eleganti

246 3359 370 3428 ejus
414 3357 549 3411 faeie
593 3367 767 3427 capta,
799 3358 1044 3428 crepitet
1072 3358 1184 3427 ipsa
1223 3371 1411 3411 rursus
1452 3357 1605 3411 dolos
1635 3365 1690 3410 ct
1718 3356 1845 3410 insi-

248 3451 370 3506 dias
402 3452 453 3505 in
497 3466 619 3506 eum
649 3466 859 3520 parare.
889 3450 1127 3519 Cumque
1162 3449 1395 3503 lascivia:
1433 3448 1565 3502 retia
1612 3448 1845 3515 undique

249 3545 588 3609 tetendisset,
616 3543 853 3613 quotidie
872 3543 1212 3609 observabat,
1243 3552 1300 3596 ut
1321 3551 1500 3613 posset
1525 3541 1664 3595 intra
1694 3554 1850 3610 sago-

248 3654 377 3691 nam
417 3652 568 3691 suam
609 3636 1001 3691 adolescentem
1056 3634 1536 3705 comprehendere,
1575 3646 1736 3703 atque
1791 3636 1843 3686 in

249 3729 504 3785 adulterii
533 3729 840 3782 barathrum
865 3728 1167 3789 devolvere,
1199 3728 1465 3797 mortique
1493 3726 1703 3781 tradere
1740 3725 1843 3778 im-

248 3820 489 3874 mortali.
535 3820 603 3873 Et
643 3819 824 3874 exibat
848 3819 1085 3889 quotidie
1118 3819 1184 3872 ad
1229 3819 1367 3872 hanc
1410 3817 1747 3872 venationem
1777 3817 1846 3871 ab

251 3914 357 3968 hoc
386 3913 575 3967 morbo
613 3913 904 3977 stimulata,
945 3921 999 3966 et
1026 3911 1128 3966 hoc
1159 3928 1342 3966 amore
1370 3911 1568 3964 lascivo
1593 3920 1797 3964 armata
1828 3929 1841 3964 :

250 4019 485 4074 emnque
528 4009 704 4058 solum
752 4004 898 4057 illum
946 4002 1234 4073 aliquando
1275 4000 1739 4072 deprehendisset,
1778 4000 1843 4054 ad

252 4099 493 4166 iniquum
534 4096 684 4151 illum
723 4110 1068 4166 congressum
1111 4096 1374 4149 violenter
1411 4094 1675 4157 trahebat,
1717 4093 1843 4146 alie-

251 4203 383 4241 num
433 4197 607 4241 torum
664 4187 865 4242 violare
913 4187 1157 4257 cogebat,
1202 4197 1257 4242 et
1309 4190 1606 4241 castitatem
1650 4185 1845 4241 laedere

251 4278 567 4332 conabatur.
596 4280 665 4332 At
695 4279 823 4332 nihil
854 4289 1030 4335 tamen
1056 4278 1179 4333 inde
1204 4279 1326 4333 mali
1356 4294 1543 4348 passus
1568 4279 1843 4349 estjustus

251 4372 377 4437 ille;
423 4373 518 4426 sed
547 4383 601 4427 et
626 4373 863 4429 libidinis
894 4374 1251 4444 tyrannidem,
1299 4375 1628 4444 ctjnvenilis
1672 4376 1846 4429 artatis

250 4465 523 4532 stimulos,
551 4475 605 4520 et
637 4466 851 4521 lasciva:
878 4468 1116 4522 mulieris
1144 4468 1384 4532 insidias,
1418 4468 1646 4522 insultus
1674 4467 1847 4522 domi—

253 4572 361 4622 me,
382 4557 675 4624 juventutis
703 4568 895 4625 motus,
922 4569 978 4614 et
1001 4575 1190 4614 omnes
1218 4560 1483 4624 incursus,
1505 4575 1640 4630 quos
1666 4560 1733 4614 ab
1756 4561 1846 4615 illo

248 4659 502 4704 contactu
548 4650 749 4704 sentire
787 4652 957 4719 potuit
1005 4660 1240 4716 exortes,
1292 4660 1345 4705 et
1388 4652 1456 4704 ab
1500 4660 1739 4721 aspectu,
1790 4660 1847 4704 et

250 4740 460 4793 insania
503 4740 608 4806 illa,
646 4757 804 4811 quam
848 4740 1097 4796 facillime
1142 4744 1432 4811 superavit,
1474 4757 1537 4797 ac
1576 4753 1844 4813 tamquam

248 4832 430 4901 aquila
457 4833 714 4888 sublimes
750 4833 972 4889 tendens
1002 4834 1134 4896 alas,
1164 4835 1410 4903 ipsasque
1436 4845 1618 4888 vestes
1643 4849 1847 4889 exuens

248 4937 305 4978 et
362 4925 641 4993 impudicis
693 4925 939 4980 manibus
993 4926 1406 4996 derelinquens,
1464 4942 1712 4996 egressus
1766 4936 1849 4981 est

249 5016 494 5087 vestibus,
531 5017 747 5086 quidem
808 5017 1056 5083 nudatus,
1115 5016 1209 5071 sed
1255 5017 1536 5087 splendido
1588 5018 1848 5072 eaStitatis

249 5112 448 5164 amictu
492 5108 872 5173 circumdatus,
913 5120 1076 5180 atque
1122 5110 1232 5179 ipsa
1276 5125 1506 5178 purpura
1548 5110 1844 5164 illustriori.

253 5200 391 5254 Iliae
418 5199 713 5256 factumest
754 5199 966 5264 deinde,
998 5203 1134 5254 utin
1175 5216 1296 5255 cum
1324 5201 1529 5272 gladius
1566 5210 1848 5255 acueretur

251 5292 470 5355 iterum,
498 5278 693 5345 mortis
959 5302 1314 5357 struerentur,
1358 5292 1529 5360 major
1558 5302 1848 5361 tempestas

249 5380 598 5444 excitaretur,
627 5390 682 5436 et
728 5382 968 5437 mulieris
1000 5381 1149 5437 furor
1175 5382 1463 5453 Babylonia
1504 5383 1722 5437 fornace
1754 5398 1847 5438 ve-

255 5473 558 5528 hementius
596 5474 1000 5529 accenderetur.
1041 5475 1173 5529 Nam
1214 5483 1267 5528 et
1308 5475 1483 5528 acrius
1531 5474 1726 5551 deinde
1765 5477 1845 5530 in-

253 5563 629 5619 flammabatur
658 5566 943 5634 cupiditas,
972 5576 1023 5621 et
1051 5567 1344 5632 iracundia,
1382 5567 1692 5636 gravissima
1726 5584 1850 5636 per-

254 5655 488 5711 turbatio
528 5656 722 5720 altera,
757 5672 961 5711 summa
1003 5673 1123 5711 cum
1167 5658 1368 5712 smvitia
1416 5673 1475 5711 se
1506 5656 1847 5727 adjungebat,

252 5747 318 5801 ad
345 5747 550 5803 (sa-dem
583 5748 881 5817 spectabat,
908 5747 974 5802 ad
1006 5748 1237 5818 gladium
1268 5748 1538 5829 currebat,
1572 5748 1846 5817 iniquissi-

253 5826 626 5897 mam'cmdem
668 5840 974 5910 appetebat,
1016 5850 1067 5896 et
1100 5841 1358 5895 castitatis
1406 5818 1685 5906 athletam,
1714 5854 1844 5894 con-

1051 391 1146 452 AD
1183 391 1311 449 EOS
1339 393 1452 483 ΩΨ
1496 393 1992 452 56ΑΝΙ)ΑῌΖΑΤῙ
2033 398 2229 455 SUNT.
2275 402 2403 458 LIB.
2446 402 2643 463 UNUS.

3436 423 3542 482 536

1948 514 2263 585 stantiaaque
2295 518 2523 587 pugilem
2552 534 2615 575 ac
2645 522 2912 590 patientia:
2943 523 3250 583 interimere
3285 543 3542 601 propera—
3626 570 3631 576 ο

1949 603 2057 658 bat.
2087 604 2329 676 Cumque
2363 609 2535 665 virum
2561 626 2714 665 suum
2747 613 2991 681 adiisset,
3014 627 3069 671 et
3089 633 3209 687 qua:
3239 622 3542 678 acciderant

1951 699 2330 768 renuntiasset,
2380 716 2484 759 non
2527 704 2597 756 ita
2645 714 2703 758 ut
2732 707 2928 763 veritas
2967 711 3046 764 rei
3087 709 3316 779 ferebat,
3361 715 3455 770 sed
3486 726 3544 770 ut

1949 790 2037 844 illa
2090 792 2367 847 calumniae
2401 793 2628 849 fabulam
2667 807 2968 854 commenta
3010 812 3147 868 erat,
3193 819 3545 876 quarcumque

1948 881 2112 935 voluit
2135 881 2297 949 ju'dici
2326 885 2625 939 accusando
2654 890 2939 957 persuasit,
2981 899 3037 946 et
3083 903 3350 963 tamquam
3394 896 3540 964 inju-

1946 972 2079 1026 riam
2102 987 2278 1041 passa,
2309 975 2564 1030 ultionem
2594 978 2827 1044 petebat,
2851 992 3009 1049 atque
3035 983 3100 1036 ad
3123 997 3308 1039 eorum
3340 986 3539 1054 proba-

1948 1064 2167 1129 tionem,
2196 1082 2316 1136 qua:
2342 1067 2572 1133 dicebat,
2602 1069 2903 1127 innocentis
2922 1073 3134 1141 juvenis
3169 1085 3347 1132 vestes
3370 1079 3542 1148 impu-

1946 1157 2022 1209 ris
2046 1156 2149 1211 illis
2186 1158 2433 1214 manibus
2475 1162 2798 1216 ostentabat.
2832 1166 2901 1218 At
2936 1175 3219 1236 corruptus
3262 1169 3540 1238 illejudex

1946 1260 2052 1299 non
2081 1262 2232 1302 reum
2259 1248 2311 1302 in
2335 1248 2591 1318 judicium
2625 1251 2936 1322 introduxit,
2964 1270 3072 1310 non
3102 1272 3317 1313 causam
3346 1262 3541 1328 agendi

1945 1337 2069 1391 fecit
2098 1347 2435 1406 potestatem,
2480 1342 2574 1396 sed
2620 1358 2743 1397 cum
2773 1345 2862 1414 qui
2909 1360 2979 1401 ne
3018 1347 3276 1416 judicium
3319 1352 3537 1419 quidem

1944 1441 2320 1497 conspexerat,
2346 1440 2612 1502 tamquam
2638 1436 2853 1489 noxium
2883 1439 3103 1494 sceleris
3131 1443 3455 1509 convictum,
3483 1454 3540 1500 et

1946 1520 2241 1590 perfectum
2269 1524 2563 1579 adulterum
2594 1526 2888 1594 damnavit,
2934 1539 2988 1584 et
3018 1531 3069 1584 in
3100 1547 3369 1589 carcerem
3410 1551 3540 1589 con-

1939 1614 2141 1682 jectum
2172 1617 2375 1671 catenis
2397 1616 2700 1672 adstrinxit.
2727 1621 2907 1690 itaque
2932 1623 3022 1691 qui
3065 1634 3171 1677 tam
3214 1626 3396 1681 multis
3422 1640 3539 1682 erat

1944 1708 2159 1765 coronis
2193 1708 2470 1763 redimitus
2497 1710 2730 1777 virtutis,
2757 1713 3073 1767 versabatur
3099 1714 3152 1768 in
3182 1731 3398 1772 carcere
3427 1728 3536 1772 tmn

1947 1796 2200 1867 temporis
2231 1813 2352 1852 cum
2394 1800 2795 1870 impostoribus,
2843 1819 2962 1857 cum
3014 1807 3380 1874 sepulcrorum
3413 1826 3537 1879 per-

1946 1889 2260 1955 fossoribus,
2307 1906 2427 1945 cum
2472 1892 2697 1956 sicariis,
2746 1909 2865 1948 eum
2918 1895 3044 1963 illis,
3093 1897 3180 1965 qui
3224 1899 3537 1966 gravissima

1944 1980 2147 2034 scelera
2208 1990 2595 2050 perpetrarent.
2664 1984 2912 2039 Attamen
2980 1986 3109 2040 nihil
3175 1987 3364 2042 horum
3423 1990 3540 2059 ejus

1945 2069 2179 2124 animant
2225 2072 2593 2127 conturbabat.
2651 2074 2720 2128 Et
2753 2076 2891 2130 alter
2932 2077 3173 2145 quidem,
3223 2080 3313 2148 qui
3357 2095 3535 2149 regem

1943 2159 2260 2228 offenderat,
2289 2161 2678 2229 dimittebatur,
2728 2167 2843 2235 ipse
2883 2176 3061 2223 autem
3094 2169 3251 2239 longe
3293 2179 3538 2241 tempore

1945 2252 2142 2306 mansit
2187 2253 2351 2321 intus,
2396 2263 2451 2309 et
2496 2267 2721 2324 quorum
2765 2273 2924 2312 causa
2953 2260 3187 2327 praemiis
3223 2261 3539 2316 afficiendus

1944 2350 2079 2407 erat,
2112 2351 2166 2397 et
2191 2344 2509 2413 laudandus,
2535 2357 2834 2401 extremum
2878 2351 3195 2419 supplicium
3224 2353 3535 2407 sustinebat.

1944 2435 2047 2489 Sed
2077 2451 2145 2491 ne
2171 2438 2249 2491 sic
2275 2447 2451 2492 tamen
2476 2440 2807 2505 turbabatur,
2839 2458 3011 2512 neque
3041 2444 3532 2510 scandalizabatur;

1946 2542 2121 2597 neque
2149 2528 2281 2583 dixit
2305 2548 2318 2583 :
2346 2531 2454 2585 Cur
2479 2530 2621 2586 hoc?
2651 2532 2717 2587 ad
2743 2534 2868 2603 quid
2901 2535 3039 2589 hoc?
3070 2537 3180 2606 Ego
3200 2537 3286 2606 qui
3318 2539 3538 2593 fratrum

1946 2636 2039 2675 rex
2072 2637 2218 2676 cram
2252 2624 2481 2689 futurus,
2520 2639 2627 2679 non
2666 2627 2828 2682 modo
2855 2628 2963 2680 tali.
2985 2628 3189 2683 honore
3224 2630 3415 2695 excidi,
3446 2633 3539 2685 sed

1945 2720 1996 2766 et
2039 2714 2228 2780 patria,
2271 2723 2323 2768 et
2366 2714 2548 2778 domo,
2601 2725 2656 2769 et
2698 2718 3025 2784 parentibus,
3072 2729 3127 2773 et
3175 2719 3437 2785 libertate,
3489 2730 3545 2776 et

1947 2804 2255 2869 securitate,
2287 2814 2449 2874 atque
2488 2805 2556 2860 ab
2597 2806 2747 2876 ipsis,
2789 2809 2878 2876 qui
2923 2826 3007 2864 me
3054 2810 3325 2865 adoraturi
3365 2825 3539 2876 erant,

1948 2909 2065 2948 sum
2121 2904 2360 2950 necatus.
2416 2896 2618 2951 Deinde
2668 2909 2788 2967 post
2829 2900 3030 2955 caulem
3088 2917 3204 2955 sum
3257 2903 3535 2967 venditus,

1949 2986 2297 3042 barbarorum
2332 3003 2523 3045 servus
2548 3006 2665 3044 sum
2702 2992 2891 3060 factus,
2935 3003 2989 3046 et
3028 2993 3338 3063 frequenter
3361 2995 3539 3048 domi-

1950 3096 2047 3134 nos
2078 3082 2274 3135 mutavi
2312 3100 2325 3135 :
2355 3097 2531 3152 neque
2556 3082 2814 3137 malorum
2862 3085 2948 3139 hic
2978 3087 3098 3140 linis
3130 3086 3230 3140 fuit
3273 3101 3537 3153 meorum,

1948 3171 2041 3226 sed
2063 3172 2255 3242 ubique
2278 3173 2534 3230 barathra
2562 3184 2615 3230 et
2636 3177 2862 3245 scopuli.
2888 3176 3018 3231 Post
3046 3176 3266 3232 fratrum
3295 3178 3537 3246 insidias,

1948 3272 2003 3318 et
2041 3263 2267 3332 caedem,
2300 3272 2357 3319 et
2400 3266 2736 3332 servitutem,
2769 3283 2889 3322 eum
2932 3270 3188 3338 priorem,
3225 3279 3332 3324 tum
3365 3280 3543 3340 poste-

1949 3357 2167 3423 riorem,
2202 3372 2387 3412 rursus
2426 3368 2654 3415 mortem
2698 3360 2831 3414 mihi
2862 3362 3321 3427 machinabantur,
3370 3374 3425 3418 et
3451 3378 3541 3417 ca-

1949 3446 2204 3501 lumniam
2242 3449 2408 3518 priori
2438 3450 2765 3519 graviorem,
2794 3461 2850 3506 et
2892 3453 3133 3521 insidias,
3176 3463 3337 3523 atque
3364 3455 3543 3509 incur-

1949 3552 2062 3603 sus,
2092 3554 2153 3592 ac
2177 3540 2435 3608 judicium
2470 3552 2804 3612 corruptum,
2849 3554 2909 3598 et
2934 3547 3544 3602 accusationem‘multis

1951 3632 2159 3699 probris
2198 3632 2605 3699 redundantem,
2645 3650 2764 3704 quae
2803 3645 3042 3690 nostram
3085 3639 3286 3692 credent
3315 3639 3547 3706 parturi-

1949 3729 2050 3775 ret.
2094 3720 2337 3792 Cumque
2378 3738 2552 3777 meam
2587 3738 2801 3779 causam
2850 3727 3039 3796 agendi
3082 3726 3388 3781 facultatem
3436 3742 3543 3781 non

1950 3811 2323 3877 obtinuissem,
2356 3822 2558 3869 temere
2584 3830 2646 3869 ac
2677 3816 2793 3871 sine
2833 3832 2992 3871 causa
3037 3818 3090 3871 in
3124 3832 3395 3872 carcerem
3422 3833 3539 3871 sum

1949 3901 2231 3969 adductus,
2263 3912 2318 3957 et
2365 3905 2567 3959 catenis
2615 3905 2916 3969 devinctus,
2962 3923 3083 3961 cum
3115 3908 3388 3974 adulteris,
3421 3924 3542 3962 cum

1951 3993 2234 4049 homicidis
2259 4004 2313 4049 et
2336 3996 2774 4064 gravissimorum
2803 3999 3067 4053 scelerum
3096 3999 3203 4053 rcis
3235 4014 3440 4053 versor.
3473 3999 3542 4052 At

1952 4087 2199 4157 princeps
2237 4089 2450 4158 quidem
2497 4091 2872 4159 pinccrnarum
2918 4106 2948 4146 a
2979 4092 3207 4146 vinculis
3248 4103 3303 4146 et
3328 4106 3547 4146 carcere

1952 4182 2206 4236 liberatus
2230 4190 2315 4237 est
2341 4200 2353 4235 :
2384 4198 2483 4251 ego
2509 4199 2638 4239 vero
2685 4198 2751 4238 ne
2791 4194 2913 4253 post
2942 4184 3091 4238 illum
3134 4184 3349 4253 quidem
3379 4185 3541 4235 ullam

1953 4273 2343 4327 immunitatem
2376 4288 2592 4342 possum
2639 4276 2929 4345 impetrare
2962 4293 2975 4328 :
3007 4284 3168 4344 atque
3201 4274 3292 4328 ille
3326 4273 3541 4344 quidem

1952 4364 2004 4419 in
2032 4379 2168 4434 epos
2197 4365 2396 4420 cxiisse
2423 4364 2555 4420 vidit
2598 4368 2888 4432 somnium,
2919 4378 3079 4437 prout
3117 4368 3191 4420 illi
3222 4368 3425 4421 fueram
3455 4368 3537 4419 in-

1955 4468 2280 4527 terpretatus
2327 4476 2339 4511 :
2387 4473 2487 4527 ego
2534 4460 2863 4527 gravissimis
2914 4462 3001 4515 hic
3061 4462 3217 4514 malis
3246 4461 3541 4513 .obsideor.

1954 4549 2199 4603 Haecine
2264 4549 2394 4603 mihi
2451 4549 2688 4605 visiones
2744 4551 2848 4604 illa:
2903 4551 3379 4618 prie-nuntiabant?
3431 4551 3545 4604 luce

1954 4654 2207 4693 numerus
2232 4639 2322 4692 ille
2352 4640 2666 4694 stellarum?
2699 4641 2812 4695 inec
2848 4641 2917 4694 illi
2947 4641 3244 4710 manipuli?
3271 4643 3390 4708 Quo
3418 4658 3550 4713 pro-

1953 4732 2241 4786 missioucs
2263 4733 2587 4785 evaserunt?
2615 4748 2720 4802 quo
2753 4733 2857 4787 illa:
2895 4733 3352 4803 pollicitationes?
3379 4734 3543 4788 Ninn-

1954 4823 2079 4889 quid
2125 4823 2334 4893 decepti
2380 4825 2603 4878 sumus‘!
2650 4825 2902 4892 mnnquid
2956 4826 3006 4877 in
3052 4823 3294 4879 fraudem
3347 4825 3549 4879 illecti?

1958 4916 2054 4971 Ubi
2097 4918 2240 4971 extim
2280 4918 2389 4987 jam
2432 4935 2515 4971 me
2558 4918 2830 4971 adoraturi
2878 4928 3001 4972 sunt
3046 4917 3258 4982 fratres,
3302 4934 3543 4981 servum,

1953 5010 2243 5078 captivum,
2272 5009 2620 5078 compedibus
2642 5009 2895 5073 vinctum,
2928 5010 3015 5079 qui
3054 5009 3263 5064 adulter
3282 5025 3405 5065 esse
3439 5010 3553 5064 exi—

1955 5100 2163 5165 stimor,
2205 5100 2293 5169 qui
2337 5101 2403 5153 de
2448 5103 2550 5153 vita
2603 5100 2891 5168 periclitor,
2951 5101 3038 5170 qui
3091 5108 3159 5152 tat
3185 5109 3239 5155 to
3285 5110 3551 5163 terrarum

1958 5192 2240 5246 intervallo
2303 5191 2522 5245 dissitas
2578 5195 2645 5246 ab
2696 5193 2799 5245 illis
2846 5192 3068 5247 habito?
3121 5192 3404 5248 Perierunt
3459 5193 3545 5246 illa

1955 5286 2156 5346 omnia,
2191 5293 2245 5338 et
2275 5285 2324 5337 in
2356 5285 2574 5337 niluhnn
2604 5283 2869 5338 abierunt.
2903 5284 3040 5337 Nihil
3073 5283 3260 5337 horum
3300 5292 3392 5337 aut
3414 5283 3547 5336 dixit

1957 5385 2049 5429 aut
2091 5376 2375 5444 cogitavit,
2429 5374 2522 5427 sed
2580 5376 2737 5427 tinem
2786 5376 3170 5445 exspectabat,
3224 5382 3406 5442 utpote
3455 5376 3546 5442 qui

1955 5478 2153 5538 quanta
2192 5468 2262 5522 sit
2286 5468 2378 5521 Dei
2411 5468 2649 5533 solertia,
2682 5483 2838 5537 quam
2873 5472 3061 5537 potens
3102 5468 3218 5535 ejus
3259 5466 3542 5536 sapientia,

1958 5563 2124 5631 probe
2150 5571 2331 5616 nosset
2359 5579 2370 5614 :
2396 5571 2449 5615 et
2477 5577 2582 5615 non
2608 5561 2768 5615 modo
2796 5578 2901 5617 non
2942 5563 3421 5625 scindalizabatur,
3453 5560 3548 5614 sed

1957 5653 2117 5706 etiam
2146 5652 2215 5706 ob
2243 5668 2326 5717 ca,
2360 5642 2479 5722 qua:
2508 5653 2834 5720 acciderant,
2857 5653 3187 5723 gloriabatur
3216 5664 3269 5708 et
3293 5653 3393 5706 sibi
3432 5652 3547 5721 pla-

1957 5747 2132 5815 cehat.
2788 5818 2793 5821 _

2035 5837 2286 5907 Exemplo
2332 5837 2543 5893 Doridis
2582 5840 2789 5911 afﬂictos
2834 5839 3140 5893 consolatur.
3167 5839 3384 5905 —-—Quid
3431 5853 3555 5893 vero
