4002 6376
445 404 568 460 ἨΥῙ

465 519 652 584 David,
684 517 792 584 die,
822 517 1044 588 qumso?
1071 515 1254 570 Nonne
1278 523 1560 585 postquam
1581 516 1632 571 in
1655 528 1835 585 regem
1861 522 2054 570 unctus

462 621 568 677 et,
614 619 669 666 et
712 611 807 666 Dei
853 609 1104 678 suffragio
1131 607 1440 677 designatus
1490 608 1667 679 populi
1712 607 2059 663 Hebraeorum

468 710 739 770 sceptrum
771 700 996 768 accepit,
1021 697 1196 768 deque
1223 699 1450 755 barbaro
1466 699 1760 771 gloriosum
1787 697 1914 753 illud
1943 707 2058 752 tro-

468 809 642 864 paeum
693 792 884 856 erexit,
923 792 1252 862 gravissimis
1291 792 1522 850 afﬂictus
1564 801 1648 850 est
1678 792 1853 857 malis,
1881 789 2058 858 bellis,

469 882 676 941 insidiis
709 883 978 954 appetitus
1001 898 1031 938 a
1061 883 1242 947 Saide,
1276 884 1326 937 in
1357 884 1528 954 ipsum
1550 884 1739 954 capitis
1766 883 2061 938 discrimen

470 975 752 1040 adductus,
789 975 857 1030 ad
900 975 1201 1045 periculosa
1235 977 1433 1031 missus
1462 977 1663 1046 pra-lia,
1689 977 1944 1033 continuo
1971 993 2065 1048 per

469 1066 743 1122 desertum
781 1081 990 1131 errans,
1031 1081 1218 1136 vagus,
1273 1052 1446 1131 exsul,
1497 1066 1752 1133 extorris,
1801 1066 1962 1121 domo
2002 1081 2067 1122 ac

471 1156 692 1212 sedibus
738 1157 850 1212 suis
876 1155 1103 1229 pulsus?
1151 1155 1287 1225 Qtnd
1329 1156 1510 1212 multis
1541 1155 1720 1212 verbis
1767 1171 1903 1228 opus
1943 1157 2066 1212 est?

474 1251 716 1306 Tandem
755 1265 787 1306 e
811 1249 1004 1321 patria,
1044 1265 1246 1319 suaque
1275 1248 1364 1304 illa
1395 1250 1616 1320 regione
1644 1253 1858 1320 penitus
1884 1257 2067 1305 extur-

471 1341 649 1408 batus,
679 1341 820 1412 apud
849 1341 1108 1397 barbaros
1152 1339 1334 1396 hostes
1364 1350 1420 1396 et
1463 1340 1854 1396 lnfensissimos
1881 1357 2065 1398 versa-

473 1433 632 1486 batur
669 1446 735 1488 ae
760 1431 1127 1488 molestiorem
1157 1431 1415 1487 servitute
1441 1432 1603 1487 vitam
1633 1432 1914 1500 tolerabat,
1946 1448 2067 1487 cum

473 1525 641 1579 etiam
687 1525 993 1581 necessario
1022 1529 1163 1580 victu
1209 1533 1437 1582 careret.
1479 1527 1652 1596 Atque
1698 1524 1814 1580 lucc
1857 1526 1948 1580 ille
1977 1540 2072 1596 pa-

476 1616 711 1672 tiebatur
737 1625 859 1687 post
901 1615 1169 1672 Samuelis
1197 1617 1510 1683 adventum,
1553 1626 1836 1688 postquam
1878 1627 2072 1672 unctus

477 1707 601 1763 oleo
623 1708 812 1774 fuerat,
843 1716 964 1778 post
991 1708 1142 1779 regni
1165 1709 1598 1778 promissionem.
1625 1719 1744 1779 post
1774 1719 2070 1779 sceptrum,

480 1809 599 1868 post
633 1798 900 1866 diadema,
932 1807 1051 1870 post
1088 1799 1408 1856 eleCtiunem
1449 1799 1565 1866 Dei,
1606 1809 1725 1870 post
1762 1799 2070 1872 suffragium

478 1892 558 1947 illi
593 1891 830 1948 delatum
861 1909 875 1945 :
902 1901 956 1947 at
999 1892 1130 1947 nihil
1184 1904 1362 1948 tamen
1418 1894 1607 1948 horum
1649 1893 1724 1948 illi
1763 1894 2072 1949 scandalum

482 1983 677 2046 attulit,
696 1997 869 2054 neque
897 1981 1030 2038 dixit
1058 1983 1142 2039 hic
1167 1998 1395 2054 quoque,
1423 1983 1562 2052 Quid
1585 1984 1687 2039 hoc
1713 1985 1789 2040 rei
1817 1985 1938 2041 est?
1961 1985 2074 2056 Ego

482 2073 570 2128 ille
599 2089 718 2142 rex,
741 2083 798 2130 ct
823 2083 1028 2130 tantum
1070 2073 1357 2145 adepturus
1400 2076 1709 2145 imperium,
1742 2091 1810 2131 ue
1837 2076 2075 2146 privatus

481 2165 694 2238 quidem
744 2182 868 2222 esse
906 2176 1023 2224 tuto
1073 2181 1325 2236 possum;
1381 2167 1476 2222 sed
1531 2183 1656 2223 erro
1707 2167 1882 2224 factus
1928 2184 2072 2236 sum,

482 2259 654 2325 exsul,
677 2259 929 2321 extorris,
954 2257 1116 2314 domo
1143 2273 1206 2314 ac
1228 2258 1452 2314 sedibus
1478 2258 1686 2329 pulsus,
1717 2267 1770 2314 et
1792 2262 1846 2314 in
1882 2259 2076 2314 barba-

482 2366 665 2406 rorum
693 2352 968 2422 regionem
1011 2351 1350 2416 amandatus,
1396 2352 1559 2405 etiam
1601 2351 1906 2408 necessario
1931 2353 2076 2409 victu

483 2457 664 2510 careo,
689 2457 753 2498 ac
791 2442 1022 2512 singulis
1043 2442 1232 2497 diebus
1256 2442 1412 2498 video
1449 2441 1582 2497 mihi
1625 2443 1748 2498 vita:
1778 2445 2074 2513 periculum

483 2534 784 2590 imminere.
815 2533 916 2590 Ubi
946 2544 1068 2590 sunt
1109 2533 1260 2604 regni
1288 2534 1710 2602 promissioues?
1741 2535 1826 2590 ubi
1866 2535 2075 2607 imperii

484 2625 628 2681 illius
657 2625 1103 2696 pollicitationes?
1127 2624 1270 2681 Nihil
1301 2627 1490 2681 horum
1520 2641 1694 2696 neque
1719 2625 1875 2694 dixit,
1900 2643 2076 2698 neque

483 2717 771 2787 cogitavit;
800 2731 972 2788 neque
995 2717 1064 2772 ob
1086 2732 1174 2785 ea,
1194 2732 1312 2788 quae
1332 2717 1661 2786 acciderant,
1685 2719 2076 2776 scandalizatus

485 2819 590 2871 est,
636 2808 730 2862 sed
773 2819 829 2864 et
871 2810 987 2878 ipso
1038 2810 1197 2864 linem
1237 2809 1654 2881 promissionum
1707 2811 2073 2880 exspectabat.

480 2897 703 2954 Possem
733 2909 910 2955 autem
937 2910 991 2956 et
1013 2900 1146 2955 alios
1174 2901 1486 2957 innumeros
1513 2915 1963 2970 commemorare,
1984 2902 2076 2973 qui

482 3007 604 3046 cum
635 2993 687 3047 ir.
728 3007 815 3049 res
843 2991 1096 3050 adversas
1140 2993 1480 3061 incidissent,
1519 2995 1741 3052 minime
1779 2996 2076 3066 perturbati

485 3096 628 3151 sunt,
657 3085 752 3140 sed
783 3085 874 3142 Dei
915 3086 1240 3155 promissum
1271 3086 1530 3141 memoria
1563 3097 1833 3154 tenentes,
1863 3088 2076 3144 tametsi

481 3175 749 3232 contraria
772 3176 1050 3246 promissis
1065 3186 1259 3234 eventa
1277 3188 1603 3249 spectarent,
1624 3178 2076 3251 bujusprazclarai

486 3268 758 3337 patientia:
815 3266 1077 3323 beneﬁcio
1127 3268 1388 3338 gloriosas
1431 3283 1663 3325 coronas
1707 3280 2073 3341 repertarum.

487 3360 554 3414 Et
579 3369 636 3414 tu
673 3359 835 3430 igitur
871 3372 1144 3430 exspecta,
1173 3360 1540 3426 dilectissime,
1580 3362 1776 3429 finem;
1809 3362 2075 3433 siquidem

485 3451 707 3506 omnino
729 3450 977 3506 adveniet
998 3451 1080 3506 vel
1112 3453 1164 3507 in
1205 3452 1306 3507 hoc
1340 3452 1560 3518 smculo,
1593 3453 1674 3508 vel
1697 3454 1749 3508 in
1787 3452 1995 3520 futuro;
2023 3464 2079 3510 et

487 3545 684 3614 ubique
711 3543 1239 3615 incomprehensibili
1273 3544 1367 3600 Dei
1411 3546 1764 3616 providentiae
1795 3546 1949 3614 cede,
1975 3562 2075 3604 ne-

484 3655 590 3709 que
617 3638 766 3695 dicas
793 3639 980 3706 :Quod
1023 3653 1151 3694 vero
1189 3639 1405 3694 tandem
1451 3641 1744 3696 remedium
1793 3650 1874 3696 tot
1921 3642 2078 3697 malis

487 3730 686 3799 poterit
725 3730 1014 3788 adhiberi?
1061 3745 1234 3800 neque
1275 3731 1487 3786 curiose
1534 3731 1752 3788 modum
1799 3732 2074 3804 exquiras,

482 3838 588 3892 quo
615 3822 757 3878 Deus
781 3821 1036 3878 miracula
1057 3823 1228 3879 soleat
1254 3825 1434 3881 cdere.

555 3914 684 3968 CAP.
736 3913 831 3970 XI.
884 3913 998 3969 Hoc
1049 3932 1151 3970 non
1189 3917 1360 3972 statim
1391 3917 1679 3989 contigisse,
1731 3925 1884 3988 atque
1931 3916 2078 3971 initio

484 4007 740 4060 contraria
758 4015 940 4061 cuncta
969 4023 1088 4062 cum
1114 4018 1372 4063 cernerent
1405 4009 1621 4075 evenire,
1651 4017 1838 4064 veterea
1859 4007 2081 4062 scanda-

485 4099 666 4155 δίκαιοι
705 4116 808 4154 non
835 4101 1013 4171 fuisse.
1036 4129 1110 4141 -—
1131 4101 1318 4173 Neque
1345 4102 1490 4158 enim
1539 4112 1650 4158 tum
1687 4104 1946 4174 temporis
1975 4103 2079 4159 hoc

392 4214 394 4217 -
484 4192 612 4260 justi
657 4191 734 4246 illi
778 4192 1113 4261 quaerebant,
1149 4194 1451 4261 Quomodo,
1490 4206 1546 4252 et
1585 4211 1688 4268 qua
1741 4197 1948 4254 ratione
1977 4199 2078 4254 ista

488 4284 661 4340 tient?
691 4285 786 4340 sed
817 4301 940 4341 cum
988 4289 1166 4342 omnia
1211 4299 1517 4358 cernerent,
1564 4292 1611 4347 si
1643 4292 2080 4350 ratiocinationes

491 4385 800 4448 spectentur
839 4378 1109 4445 humanre,
1152 4379 1205 4435 in
1251 4381 1682 4452 desperationem
1719 4383 1968 4452 adducta,
2012 4400 2081 4441 ne

482 4468 565 4524 sic
611 4469 828 4541 quidem
887 4471 1368 4539 conturbabantur,
1417 4485 1513 4530 aut
1563 4476 1904 4533 terrebantur
1937 4495 1951 4532 :
1979 4477 2076 4533 sed

486 4563 754 4633 patienter
779 4563 960 4619 omnia
993 4562 1255 4632 ferebant,
1284 4579 1348 4620 ac
1374 4565 1737 4622 certissimum
1766 4569 1981 4638 pignus,
2024 4578 2082 4624 et

483 4667 854 4727 argumentum
891 4658 1134 4728 prosperi
1156 4671 1445 4713 successus
1462 4660 1706 4714 eventuri
1735 4675 1800 4714 ex
1827 4661 1964 4729 ejus,
1988 4661 2081 4729 qui

487 4750 756 4818 pollicitus
787 4760 925 4820 erat,
979 4751 1218 4824 potentia
1255 4751 1598 4823 colligebant,
1647 4767 1822 4823 neque
1859 4763 2084 4824 propter

488 4859 674 4898 eorum
701 4860 822 4913 qua:
861 4846 1171 4904 acciderant
1197 4845 1563 4902 conditionem
1587 4847 1914 4901 contrariam
1963 4847 2082 4900 ani-

490 4951 634 4992 mum
659 4940 814 5008 plane
851 4939 1275 5010 despondebant.
1307 4939 1520 4996 Etenim
1550 4939 1801 4994 solertem
1833 4938 1978 4994 illum
2021 4953 2086 4994 ac

487 5033 783 5102 sapientem
815 5046 936 5087 esse
977 5041 1127 5087 certo
1157 5032 1420 5100 sciebant,
1443 5047 1507 5087 ac
1546 5031 1768 5102 proinde
1798 5045 1955 5102 posse
1998 5046 2086 5085 res

488 5123 648 5186 etiam
674 5123 988 5192 desperatas
1019 5124 1337 5189 instaurare,
1384 5133 1545 5195 atque
1572 5124 1624 5178 in
1654 5133 1852 5178 statum
1895 5123 2083 5178 melio-

491 5231 603 5272 rem
653 5217 879 5287 pristino
927 5215 1246 5284 restituere,
1297 5230 1612 5285 summaque
1658 5228 1780 5269 cum
1834 5212 2086 5270 facilitate

489 5311 604 5366 suis
633 5309 916 5380 promissis
958 5308 1118 5382 linem
1160 5309 1456 5377 imponere.
1491 5307 1560 5362 Et
1606 5317 1660 5362 tu
1692 5308 1869 5379 igitur,
1917 5308 2084 5361 caris-

481 5401 646 5468 sime,
677 5403 789 5458 sive
821 5402 872 5456 in
895 5401 997 5458 hac
1022 5403 1128 5456 vita
1150 5400 1288 5455 mala
1321 5402 1590 5468 finiantur,
1616 5401 1781 5456 Deum
1805 5401 2042 5470 gloriﬁca
2070 5417 2083 5454 :

490 5497 604 5551 sive
631 5496 928 5566 majoribus,
947 5495 1348 5552 dillicultatibus
1378 5496 1735 5561 involvantur,
1764 5497 1842 5551 sic
1871 5509 2088 5566 quoque

489 5589 689 5659 gratias
723 5607 842 5662 age,
873 5606 1046 5662 neque
1072 5589 1381 5646 scandalum
1410 5600 1612 5660 patere,
1642 5606 1764 5646 cum
1788 5590 1954 5661 probe
1986 5605 2087 5644 no-

494 5680 638 5734 veris
665 5680 977 5740 immensam
1007 5697 1127 5739 esse
1154 5698 1326 5754 neque
1358 5683 1490 5739 satis
1518 5683 1742 5753 exprimi
1774 5697 1931 5752 posse
1963 5697 2088 5750 pro-

492 5771 783 5828 videntium
826 5779 942 5842 Dei,
985 5791 1047 5830 ac
1084 5779 1240 5848 plane
1286 5778 1544 5843 futurum,
1579 5788 1635 5831 ut
1671 5780 1848 5832 omnia
1889 5791 2088 5831 conve-

500 5863 738 5919 nientem
779 5869 938 5925 linem
978 5871 1286 5943 sortiantur,
1328 5871 1440 5927 sive
1480 5870 1532 5925 in
1565 5871 1667 5925 hoc
1710 5869 1928 5938 sceculo,
1977 5870 2090 5925 sive

1263 399 1318 456 S.
1353 397 1633 456 JOANNIS
1671 395 2151 457 CHRYSOSTOMI
2186 393 2503 451 ARCIHEP.
2547 393 3082 456 CONSTANTINOP.
3649 402 3740 460 503

2176 511 2230 566 in
2254 510 2451 568 futuro.
2483 513 2638 582 Quod
2676 516 2722 570 si
2753 515 2892 586 quis,
2922 517 3050 572 dum
3081 518 3322 576 futurum
3363 523 3532 591 audit,
3568 537 3619 583 et
3650 545 3748 599 pne

2170 603 2332 657 nimia
2373 605 2808 674 pusillanimitate
2835 607 2938 662 hoc
2964 609 3016 663 in
3049 609 3150 666 hac
3179 613 3284 667 vita
3333 624 3580 684 spectare
3607 617 3744 676 festi-

2168 701 2278 754 net.
2307 693 2356 748 ei
2381 709 2478 749 nos
2497 695 2739 751 dicemus
2758 706 2868 752 tum
2898 714 3078 754 veram
3110 701 3270 758 vitam
3302 715 3358 760 et
3384 721 3476 762 res
3505 719 3746 766 constan-

2173 793 2256 838 tes
2293 795 2348 839 et
2382 787 2632 842 lmmotas
2661 803 2758 843 nos
2790 804 3027 846 manere.
3075 792 3180 849 fles
3208 795 3410 866 quippe
3450 811 3747 871 prmscntes,

2172 874 2255 928 via
2284 886 2442 941 sunt;
2473 877 2567 932 sed
2601 878 2723 944 illae,
2757 881 2928 950 patria
2958 900 2971 935 :
2997 897 3083 938 res
3123 884 3282 954 hujus
3317 888 3503 942 saeculi
3551 889 3752 949 ﬂoribus

2173 966 2352 1021 vernis
2391 977 2518 1022 sunt
2559 969 2782 1036 similes,
2834 972 2940 1027 illa:
2991 989 3120 1030 vero
3162 977 3313 1032 saxis
3358 978 3752 1040 immobilibus:

2172 1057 2283 1112 illic
2311 1072 2526 1115 corona:
2551 1075 2616 1115 ac
2644 1065 3107 1122 remunerationes
3144 1082 3261 1138 qua:
3291 1069 3456 1126 linem
3501 1074 3755 1144 nesciunt,

2174 1149 2281 1205 illic
2305 1153 2520 1221 praemia
2557 1163 2612 1210 et
2641 1154 2843 1222 bravia,
2873 1157 2979 1212 illic
3005 1173 3178 1227 pugna:
3206 1170 3370 1232 atque
3399 1164 3655 1234 supplicia
3687 1168 3754 1222 in-

2175 1241 2455 1298 toleranda
2481 1260 2690 1312 eorum,
2731 1248 2820 1317 qui
2851 1249 3114 1318 ejusmodi
3154 1253 3358 1308 scelera
3391 1259 3750 1325 perpetrarint.

2174 1332 2311 1400 Quid
2338 1343 2466 1406 ergo
2493 1336 2734 1392 dicemus
2760 1339 2827 1394 ad
2856 1353 2970 1407 eos,
2996 1356 3133 1412 quos
3173 1344 3389 1400 interim
3417 1347 3749 1405 scandalizari

2175 1425 2486 1482 videamus?
2533 1429 2678 1484 dicet
2720 1431 2932 1502 aliquis.
2979 1434 3045 1488 At
3085 1443 3140 1488 tu
3177 1450 3273 1490 cur
3313 1452 3422 1492 non
3469 1454 3564 1494 eos
3607 1441 3751 1496 etiam

2176 1531 2586 1585 commemoras,
2618 1523 2707 1592 qui
2752 1522 2952 1578 idcirco
2992 1524 3124 1579 fiunt
3151 1525 3498 1598 illustriores,
3543 1530 3632 1584 sed
3669 1547 3753 1587 eos

2178 1622 2381 1668 tantum
2411 1616 2499 1684 qui
2532 1613 2802 1686 religionis
2835 1617 2980 1672 larva
3025 1632 3084 1672 se
3115 1620 3387 1689 tegebant,
3431 1631 3485 1676 et
3513 1638 3647 1678 nunc
3672 1624 3754 1678 de-

2179 1704 2604 1774 prehenduntur,
2635 1708 2686 1761 in
2719 1708 2955 1762 medium
2984 1709 3243 1765 adducis?
3263 1711 3385 1766 Non
3414 1712 3560 1768 vides
3583 1729 3751 1768 aurum

2179 1795 2396 1865 purgari
2445 1797 2643 1864 solere,
2695 1799 2969 1867 plumbum
3019 1809 3200 1855 autem
3246 1803 3356 1858 tale
3399 1803 3754 1875 deprehendi?

2179 1885 2360 1956 paleas
2409 1901 2438 1940 a
2468 1886 2739 1942 frumento
2777 1891 3010 1958 secerni,
3046 1892 3201 1962 lupos
3244 1893 3314 1948 ab
3362 1896 3573 1962 ovibus,
3603 1897 3750 1967 hypo-

2178 1978 2340 2032 critas
2376 1978 2445 2032 ab
2475 1978 2539 2032 iis
2560 1979 2650 2049 qui
2695 1996 2818 2034 vera
2848 1981 3046 2050 pietate
3076 1983 3286 2052 praediti
3329 1984 3561 2040 vivunt?
3586 1984 3748 2056 Itaque

2178 2071 2224 2124 si
2273 2070 2485 2140 quando
2523 2071 2705 2126 videas
2749 2071 2939 2127 horum
2980 2074 3226 2130 scandala
3252 2116 3269 2142 ,
3321 2077 3538 2132 veniant
3581 2077 3664 2131 tibi
3702 2079 3746 2132 in

2181 2172 2414 2219 mentem
2440 2164 2655 2219 illorum
2681 2165 2936 2235 praeclara
2978 2167 3211 2222 facinora
3237 2178 3293 2224 et
3325 2171 3606 2239 praeconia.
3629 2170 3750 2240 Sup-

2183 2255 2402 2326 plantati
2423 2257 2796 2327 suntquidam,
2824 2267 2880 2312 at
2900 2257 3068 2312 multo
3089 2259 3270 2328 plures
3289 2269 3574 2328 steterunt,
3599 2261 3747 2330 majo-

2181 2360 2402 2420 remque
2449 2347 2552 2402 sibi
2594 2351 2895 2403 mercedem
2926 2358 3327 2418 compararunt,
3360 2365 3535 2420 neque
3559 2351 3752 2406 insidia-

2183 2447 2357 2494 torum
2407 2439 2666 2510 potentia,
2722 2455 2896 2510 neque
2943 2449 3242 2510 temporum
3300 2442 3610 2498 difficultate
3650 2457 3752 2512 pro.

2183 2531 2356 2586 strati.
2412 2531 2482 2585 At
2522 2530 2593 2584 illi
2637 2532 2728 2602 qui
2777 2532 3099 2602 supplantati
3155 2541 3303 2602 sunt,
3344 2534 3448 2590 sibi
3499 2534 3620 2605 ipsis
3661 2534 3747 2587 hoc

2184 2623 2448 2692 imputeut
2475 2641 2489 2680 :
2521 2625 2949 2694 quandoquidem
2991 2634 3045 2680 et
3091 2634 3199 2681 tres
3246 2627 3405 2697 pueri
3460 2627 3686 2698 quamvis
3719 2641 3744 2680 a

2181 2716 2549 2772 sacerdotibus
2592 2717 2782 2782 avulsi,
2826 2731 2856 2771 a
2895 2717 3114 2787 templo,
3146 2718 3215 2773 ab
3261 2719 3447 2787 altari,
3477 2728 3530 2775 et
3569 2718 3745 2788 reliqua

2181 2810 2325 2865 oumi
2358 2810 2489 2882 legis
2526 2810 2927 2876 observatione,
2958 2819 3118 2880 atque
3145 2811 3194 2865 in
3225 2811 3402 2866 media
3427 2811 3744 2868 barbarorum

2181 2905 2398 2976 regione
2415 2902 2756 2974 deprehensi,
2795 2917 3002 2958 summa
3029 2917 3150 2957 cum
3171 2901 3449 2973 diligentia
3479 2902 3637 2972 legem
3660 2899 3744 2954 ob-

2181 3004 2505 3055 servarunt:
2539 2997 2652 3067 pari
2685 2997 2890 3051 ratione
2923 2995 3127 3060 Daniel,
3151 3003 3206 3051 et
3232 2996 3326 3050 alii
3350 2994 3521 3061 multi,
3551 3002 3602 3049 et
3627 3006 3744 3046 non-

2185 3091 2320 3149 nulli
2368 3089 2586 3149 imidem
2638 3091 2692 3144 in
2747 3089 3108 3160 captivitatem
3142 3078 3371 3144 abducti
3419 3086 3548 3142 nihil
3589 3081 3743 3140 damni

2181 3183 2446 3248 fecerunt,
2474 3182 2561 3236 alii
2585 3195 2714 3236 vero
2731 3195 2853 3235 cum
2875 3179 3018 3234 domi
3042 3179 3392 3246 mansissent,
3409 3175 3744 3243 omnibusque

2182 3276 2358 3342 bOnis,
2384 3289 2504 3346 qua:
2526 3275 2576 3328 in
2604 3272 2774 3344 patria
2800 3272 3176 3342 suppetebant,
3199 3271 3357 3342 potiti
3383 3277 3576 3336 essent,
3601 3265 3744 3322 alleu-

2180 3369 2399 3436 derunt,
2433 3377 2484 3424 et
2513 3368 2662 3423 fuere
2686 3366 2944 3422 damnati.

2253 3464 2382 3519 CAP.
2409 3460 2526 3516 Xll.
2572 3461 2687 3528 Qua
2719 3460 2782 3514 de
2807 3475 2960 3513 causa
2994 3458 3223 3512 homines
3263 3455 3478 3528 improbi
3508 3463 3553 3508 et
3580 3453 3742 3506 damo-

2182 3573 2271 3612 nes
2299 3566 2348 3610 et
2372 3554 2604 3609 diabolus
2636 3554 2690 3606 in
2721 3553 2817 3606 hoc
2854 3550 3042 3604 mundo
3077 3550 3216 3614 sint;
3254 3548 3502 3604 scandala
3534 3561 3618 3600 cur
3643 3558 3742 3612 pero

2181 3649 2355 3703 missa.
2401 3674 2474 3686 ——
2517 3644 2670 3713 Quod
2707 3643 2751 3698 si
2791 3656 3037 3713 quaeras,
3076 3657 3180 3712 qua
3217 3641 3284 3696 de
3311 3655 3470 3697 causa
3515 3635 3740 3708 permissa

2181 3739 2291 3794 sint
2317 3739 2441 3804 ista,
2483 3750 2658 3807 neque
2687 3734 2896 3790 arcanis
2911 3733 3376 3804 dispensationem
3404 3730 3518 3800 ejus
3547 3722 3740 3782 rationi-

2186 3834 2286 3889 bus
2311 3831 2639 3904 acquiescas,
2662 3830 2754 3886 sed
2778 3831 2956 3885 omnia
2983 3828 3199 3884 studeas
3215 3829 3432 3884 curiose
3451 3822 3736 3894 disquirere.

2183 3925 2438 3996 paulatim
2480 3921 2826 3995 progrediens
2860 3920 3054 3976 multas
3105 3921 3236 3975 alias
3275 3919 3596 3990 qumstiones
3637 3923 3740 3980 pro-

2183 4029 2372 4086 pones,
2399 4013 2628 4083 exempli
2660 4026 2844 4078 causa,
2871 4026 2969 4066 cur
2983 4009 3220 4065 hmreses
3245 4009 3627 4079 permittantur,
3653 4008 3738 4067 qua

2183 4107 2252 4163 de
2278 4120 2437 4161 causa
2462 4104 2738 4171 diabolus,
2781 4118 2886 4173 qua
2913 4101 2980 4157 de
3008 4115 3166 4156 causa
3192 4099 3468 4156 daemones
3493 4137 3508 4164 ,
3549 4107 3637 4149 cur
3658 4088 3739 4142 ho-

2185 4198 2356 4254 mines
2389 4195 2650 4267 improbi,
2699 4203 2756 4251 et
2783 4195 2870 4266 qui
2914 4193 3110 4248 multos
3137 4191 3480 4262 supplantant
3509 4205 3522 4242 :
3547 4193 3597 4240 et
3617 4176 3736 4252 quod

2185 4291 2423 4346 omnium
2454 4298 2536 4346 est
2560 4289 2781 4344 istorum
2799 4294 2976 4356 caput,
3008 4301 3105 4340 cur
3129 4283 3379 4339 adveniat
3406 4275 3735 4335 antichristus.

2185 4384 2276 4455 qui
2305 4391 2448 4438 tanta
2487 4383 2650 4451 pollet
2675 4379 2742 4436 ad
2771 4377 3142 4450 decipiendum
3168 4377 3402 4448 potentia
3427 4414 3442 4439 ,
3481 4379 3538 4426 ut
3571 4360 3737 4455 dixerit

2185 4454 2430 4532 Christus
2455 4491 2576 4530 eum
2605 4483 2749 4530 tanta
2779 4473 3162 4544 praestiturum,
3190 4481 3248 4525 ut
3273 4471 3328 4525 in
3355 4476 3580 4525 errorem
3608 4454 3738 4544 indu-

2186 4579 2410 4634 cantur,
2451 4569 2494 4623 si
2542 4568 2654 4623 ﬁeri
2685 4540 2893 4638 potest,
2934 4565 3094 4620 etiam
3123 4563 3280 4620 electi
3307 4558 3514 4632 (Matth.
3539 4551 3618 4648 εις
3639 4540 3732 4648 εθο

2186 4663 2256 4718 At
2277 4662 2418 4717 enim
2448 4661 2546 4716 ista
2575 4655 2859 4730 qurerenda
2890 4672 2995 4712 non
3027 4663 3152 4710 sunt
3173 4698 3187 4720 ,
3219 4654 3312 4709 sed
3345 4657 3464 4708 sunt
3486 4642 3644 4737 omnia
3665 4642 3734 4737 itt-

2187 4752 2656 4826 comprehensibili
2688 4752 2778 4806 Dei
2807 4750 3081 4820 sapientia:
3116 4742 3512 4804 committenda.
3561 4734 3676 4826 Nam
3699 4734 3734 4780 is

2188 4846 2404 4918 quidem
2433 4845 2522 4916 qui
2548 4856 2840 4915 generosus
2860 4850 2914 4897 et
2941 4851 3193 4897 constans
3217 4847 3322 4906 est,
3351 4830 3579 4907 quamvis
3603 4825 3734 4918 innu-

2190 4917 2324 4994 meri
2368 4936 2596 5001 fluctus,
2645 4934 2890 5006 quamvis
2931 4933 3225 4987 innumera:
3273 4925 3513 5000 procellae
3541 4917 3730 5012 irruatli.

2190 5049 2297 5087 non
2325 5031 2485 5086 modo
2511 5029 2641 5084 nihil
2666 5004 2882 5084 laeditur
2899 5069 2914 5092 ,
2961 5024 3054 5080 sed
3081 5025 3241 5080 etiam
3269 5017 3528 5078 robustior
3549 5004 3730 5104 evadit;

2191 5123 2474 5181 imbecillis
2524 5130 2701 5177 autem
2729 5163 2746 5190 ,
2793 5129 2847 5176 et
2877 5117 3052 5174 mollis
3076 5132 3138 5172 ac
3179 5116 3328 5186 piger
3365 5112 3516 5168 etiam
3553 5103 3734 5157 nemini3

2193 5220 2539 5292 impugnante
2567 5229 2937 5286 szrpenumero
2962 5211 3213 5267 concidit.
3261 5205 3413 5278 Quod
3449 5202 3489 5258 si
3513 5197 3723 5296 forte?

2193 5286 2391 5367 tionem
2409 5311 2700 5365 etiamnum
2730 5307 2961 5378 aliquam
2987 5304 3128 5359 scire
3159 5298 3436 5357 contendis
3457 5335 3471 5360 ,
3500 5286 3612 5382 audi
3634 5287 3728 5382 cani

2192 5417 2313 5472 quas
2359 5400 2513 5455 nobis
2557 5377 2828 5468 comperta
2869 5405 2970 5452 est.
3019 5395 3156 5451 Sunt
3193 5393 3333 5449 enim
3377 5388 3489 5443 alite
3527 5377 3730 5472 Ph'rim’f

2195 5465 2305 5550 Deo
2348 5501 2524 5559 notre,
2570 5465 2916 5562 qui—diverso
2959 5488 3215 5556 varioque
3257 5480 3412 5538 modo
3441 5487 3520 5531 res
3556 5465 3731 5562 ηοξιΐειξ

2193 5585 2456 5657 gubernat
2500 5585 2782 5639 universas
2813 5598 2826 5635 :
2861 5595 3019 5650 quam
3049 5587 3228 5633 autem
3268 5589 3366 5631 nos
3390 5569 3590 5626 scimus,

2196 5649 2408 5735 interim
2433 5677 2636 5747 accipe.
2689 5649 2924 5729 Dicimus
2958 5669 3206 5726 scandala
3234 5668 3332 5722 ista
3355 5675 3466 5720 esse
3490 5649 3730 5747 permissa.

2198 5781 2256 5828 ut
2283 5789 2350 5828 ne
2380 5743 2593 5826 fortium
2623 5783 2685 5824 ac
2727 5781 3112 5838 generosorum
3143 5761 3358 5834 prmmia
3387 5743 3726 5845 minuerftllllio

2199 5866 2339 5941 quod
2387 5875 2440 5921 et
2483 5863 2675 5918 Jobum
2723 5834 2998 5931 alloquens
3042 5857 3184 5912 Dens
3237 5847 3508 5912 indicavit,
3552 5834 3726 5892 dicens,
