4002 6378
328 421 429 476 507

331 529 568 602 βασιλέα,
588 529 686 582 καὶ
719 529 907 585 λαϐεῖν
941 529 1036 584 τοῦ
1060 530 1122 601 δή
1133 548 1233 602 μου
1262 529 1370 584 τῶν
1397 529 1662 601 Ἐϐραίων
1683 529 1752 583 τά
1782 527 1912 598 σκῆ-

327 638 468 691 πτρα
493 623 562 692 τῇ
587 619 686 674 τοῦ
703 620 840 675 θεοῦ
862 623 1049 694 ψήφῳ,
1068 622 1241 677 καὶτὸ
1257 622 1508 695 λαμπρὸν
1523 623 1700 676 έκεῖνο
1720 623 1914 692 στῆσαι

325 713 588 785 τρόπαιον
613 715 758 768 κατά
773 713 868 768 τοῦ
896 713 1282 786 βαρϐάρου,τά
1308 714 1669 786 χαλεπώτατα
1696 715 1913 767 πάντων

325 804 686 878 [495]έπαθε,
723 806 1162 878 πολεμούμενος,
1207 807 1692 877 ἐπιϐουλευόμενος
1762 803 1914 876 παρά

322 895 415 950 τοῦ
439 897 636 962 Σαοὺλ,
658 899 790 969 περὶ
807 897 938 952 αὐτὸ
962 896 1021 951 τὸ
1053 897 1154 968 ζῇν
1187 895 1529 959 κινδυνεύων,
1545 898 1624 960 είς
1641 895 1914 966 πολέμους

321 988 646 1057 ἐπισφαλεῖς
667 989 1109 1060 ἐκπεμπόμενος,
1133 987 1370 1059 συνεχῶς
1394 987 1530 1060 πρὸς
1551 987 1651 1059 τὴν
1676 987 1912 1060 ἐρημίαν

322 1078 709 1150 ἐλαυνόμενος,
741 1080 968 1151 ἀλήτης,
1005 1079 1206 1150 φυγάς,
1263 1080 1476 1148 ἄπολις,
1529 1083 1744 1147 ἄοικος,
1783 1099 1914 1153 μετ-

323 1171 571 1242 ανάστης
588 1171 898 1243 γενόμενος
917 1173 982 1227 Τί
1011 1174 1177 1230 δεῖτά
1201 1176 1372 1231 πολλὰ
1395 1176 1605 1244 λέγειν;
1636 1174 1803 1238 Τέλος
1819 1177 1913 1230 καὶ

319 1263 420 1334 τῆς
451 1265 714 1336 πατρίδος
744 1265 954 1336 καὶτῆς
974 1268 1180 1332 οἰκείας
1207 1268 1390 1341 χώρας
1417 1270 1635 1340 ἀπάσης
1653 1268 1912 1334 ἐξέπεσεν

319 1355 567 1425 ἐκείνης,
599 1359 746 1428 παρᾶ
777 1357 1073 1430 βαρϐάροις
1097 1363 1207 1424 τοῖς
1230 1361 1510 1432 πολεμίοις
1532 1362 1626 1416 καὶ
1652 1360 1913 1432 ἐχθροτά-

319 1465 435 1511 τοις
469 1449 782 1520 διατρίϐων,
816 1449 911 1503 καὶ
934 1451 1176 1513 δουλείας
1203 1453 1585 1525 χαλεπωτέραν
1617 1454 1910 1525 ὑπομένων

320 1538 490 1610 ζωήν·
521 1540 742 1613 καὶγὰρ
772 1541 865 1595 καὶ
883 1542 984 1612 τῆς
999 1543 1304 1613 ἀναγκαίας
1329 1545 1524 1617 ῆπόρει
1547 1546 1775 1619 τροφῆς.
1799 1548 1911 1600 Καὶ

317 1631 496 1686 ταῦτα
543 1632 750 1704 ἔπασχε
796 1635 935 1704 μετά
979 1636 1077 1706 τὴν
1121 1637 1425 1709 παρουσίαν
1474 1636 1570 1690 τοῦ
1621 1639 1906 1709 Σαμουὴλ,

321 1724 463 1793 μετά
493 1723 594 1795 τὴν
627 1725 720 1778 τοῦ
745 1725 921 1779 ἐλαίου
949 1727 1154 1798 χρίσιν,
1185 1728 1324 1799 μετά
1353 1727 1452 1800 τὴν
1490 1729 1592 1800 τῆς
1629 1728 1907 1799 βασιλείας

319 1820 638 1891 ὑπόσχεσιν,
699 1824 836 1892 μετά
883 1823 952 1876 τά
1008 1823 1297 1894 σκῆπτρα,
1353 1823 1490 1895 μετά
1523 1824 1586 1877 τὺ
1631 1824 1904 1895 διάδημα,

319 1915 462 1984 μετά
493 1913 591 1986 τὴν
625 1913 720 1967 τοῦ
751 1915 885 1968 Θεοῦ
915 1917 1270 1986 χειροτονίαν,
1324 1917 1420 1970 καὶ
1466 1917 1563 1988 τὴν
1589 1917 1772 1988 ψῆφον
1806 1918 1907 1989 τὴν

314 2006 405 2057 ἐπ’
435 2005 614 2074 αὐτῷ·
643 2007 738 2061 καὶ
763 2007 912 2078 ὅμως
950 2008 1102 2061 οὐδὲν
1136 2008 1299 2062 αὑτὸν
1342 2007 1547 2063 τούτων
1585 2010 1906 2064 ὲσκανδάλι-

323 2115 440 2162 σεν,
471 2097 590 2152 οὐδὲ
623 2096 777 2152 εἶπεν
821 2099 942 2152 οὐδὲ
987 2093 1175 2164 οὗτος,
1199 2100 1264 2154 Τί
1306 2100 1495 2169 τοῦτο;
1537 2102 1598 2155 '0
1653 2101 1906 2170 βασιλεὺς

315 2189 453 2259 ἐγὼ,
485 2192 578 2245 καὶ
602 2191 871 2264 τοσαύτης
896 2192 1106 2264 μέλλων
1134 2194 1311 2265 ἀρχῆς
1333 2193 1764 2258 ἀπολαύσεσθαι,
1783 2194 1909 2248 οὐδὲ

318 2280 538 2352 ἰδιώτης
571 2283 708 2353 μετὰ
741 2284 1040 2352 ἀσφαλείας
1067 2281 1206 2338 εἶναι
1239 2285 1498 2356 δύναμαι·
1534 2286 1668 2340 ἀλλά
1699 2287 1906 2358 ἀλήτης

313 2374 541 2444 γέγονα,
567 2375 660 2428 καὶ
685 2375 882 2444 φυγὰς,
920 2377 1135 2441 ἄπολις,
1163 2377 1366 2443 ἄοικος,
1405 2378 1768 2448 μετανάστης,
1811 2379 1905 2433 καὶ¹

314 2469 396 2530 εις
443 2467 714 2540 βάρϐαρον
749 2469 1066 2540 ἀπηνέχθην
1095 2470 1280 2542 χώραν
1324 2472 1417 2526 καὶ
1454 2472 1554 2542 τῆς
1601 2473 1906 2541 ἀναγκαίας

315 2557 544 2628 ἀπορῶν
595 2559 829 2629 τροφῆς,
866 2561 960 2613 καὶ
1007 2561 1136 2631 περὶ
1184 2562 1292 2615 τῶν
1339 2563 1584 2633 ἐσχάτων
1617 2563 1730 2634 όρῶ
1781 2562 1906 2616 καθ’

316 2649 784 2722 ἐκάστηνήμέραν
808 2652 1252 2724 ἐπικρεμάμενόν
1282 2673 1372 2725 μοι
1393 2654 1482 2708 τὸν
1509 2655 1772 2710 κίνδυνον.
1794 2655 1904 2709 Ποῦ

314 2742 419 2812 τῆς
437 2742 712 2812 βασιλείας
737 2746 794 2796 αἱ
821 2745 1179 2815 ὑποσχέσεις;
1207 2746 1309 2800 ποῦ
1331 2748 1430 2816 τῆς
1460 2747 1636 2819 ἀρχῆς
1665 2750 1718 2800 αἱ
1737 2750 1906 2817 ἐπαγ-

315 2833 498 2902 γελίαι
529 2835 778 2905 ἐκείνης;
811 2836 975 2889 υὺδέν
1005 2836 1210 2890 τούτων
1244 2839 1342 2890 οὐκ
1376 2833 1549 2902 εἶπεν,
1569 2839 1670 2891 οὑκ
1687 2838 1904 2909 ἐνενόη-

317 2941 436 2977 σεν·
468 2925 570 2978 οὑκ
626 2927 1018 2998 ἐσκανδαλίσθη
1043 2931 1153 2992 τοῖς
1176 2928 1502 2999 γινομένοις,
1522 2927 1657 2982 ἀλλά
1679 2928 1907 3000 ἀνέμενε

318 3015 415 3068 καὶ
444 3015 608 3078 αὑτὸς
634 3016 696 3069 τὸ
723 3016 876 3080 τέλος
906 3017 1013 3070 τῶν
1045 3019 1413 3090 ὑποσχέσεων.
1452 3021 1562 3074 Καὶ
1597 3022 1815 3093 ἐτέρους
1849 3020 1907 3075 δὲ

321 3107 555 3180 μυρίους
594 3109 742 3162 ἔστιν
771 3110 960 3172 εἰπεῖν,
993 3112 1042 3164 οἳ
1069 3112 1322 3182 χαλεποῖς
1346 3114 1738 3184 περιπεσόντες
1763 3115 1906 3185 πρά-

318 3215 548 3269 γμασιν,
575 3200 676 3252 οὐκ
701 3199 1132 3271 ἐθορυϐήθησαν,
1161 3201 1296 3255 ἀλλά
1325 3201 1419 3256 τοῦ
1447 3201 1585 3256 Θεοῦ
1611 3205 1706 3274 τῆν
1729 3205 1909 3275 ἀπαγ-

319 3290 508 3360 γελίαν
546 3292 889 3362 κατέχοντες,
930 3295 978 3347 εί
1010 3295 1103 3347 καὶ
1138 3294 1358 3349 ἐναντία
1399 3295 1465 3350 τὰ
1498 3296 1758 3367 γινόμενα
1787 3300 1908 3363 ταῖς

318 3383 681 3453 ὑποσχέσεσιν
713 3380 800 3455 ῆν,
828 3385 914 3438 διὰ
944 3386 1040 3456 τῆς
1069 3385 1362 3458 καλλίστης
1395 3387 1597 3456 ταύτης
1626 3389 1908 3460 ὑπομονῆς

318 3474 612 3547 λαμπροὺς
634 3477 920 3547 ἐδρέποντο
942 3480 1066 3541 τοὺς
1085 3479 1382 3547 στεφάνους
1401 3493 1446 3533 ιι.
1483 3481 1593 3533 Καὶ
1621 3482 1685 3534 σὺ
1705 3483 1905 3547 τοίνυν,

319 3569 596 3639 ἀγαπητὲ,
626 3570 863 3640 ἀνάμενε
897 3571 989 3623 καὶ
1032 3571 1194 3635 αὐτὸς
1225 3571 1284 3624 τὸ
1327 3571 1500 3636 τέλος’
1539 3572 1757 3636 πάντως
1797 3574 1908 3647 γὰρ

320 3661 715 3732 ἀπαντήσεται,
755 3660 788 3730 ἦ
844 3661 1099 3725 ἐνταῦθα,
1134 3663 1167 3732 ἢ
1214 3663 1272 3715 ἐν
1309 3662 1388 3732 τῷ
1429 3663 1676 3733 μέλλοντι
1701 3665 1858 3719 αίῶνι
1889 3683 1903 3697 ·

322 3753 421 3806 καὶ
447 3752 769 3823 παραχώρει
810 3754 1088 3824 πανταχοῦ
1133 3754 1212 3826 τῷ
1255 3755 1626 3827 ἀκαταλήπτῳ
1676 3760 1777 3828 τῆς
1810 3758 1906 3811 τοῦ

319 3842 461 3896 Θεοῦ
492 3843 765 3913 προνοίας,
811 3845 905 3898 καὶ
956 3845 1031 3916 μὴ
1082 3844 1230 3915 λέγε,
1283 3846 1408 3910 Πῶς
1460 3847 1516 3900 δὲ
1560 3846 1630 3901 τὰ
1671 3849 1911 3906 τοσαῦτα

322 3933 473 3987 κακά
500 3933 728 4004 λήψεται
765 3935 1083 4006 διόρθωσιν;
1119 3937 1254 4008 μηδὲ
1287 3937 1651 4011 περιεργάζου
1684 3943 1784 4014 τῆς
1815 3943 1908 3996 τοῦ

320 4023 462 4077 Θεοῦ
490 4024 942 4095 παραδοξοποιίας
965 4027 1055 4080 τὸν
1082 4028 1304 4098 τρόπον.

396 4118 538 4187 Κεφ.
572 4117 661 4174 ια’.
711 4118 846 4172 Οὐδὲ
876 4118 982 4190 γὰρ
1013 4119 1063 4172 οἱ
1103 4119 1304 4174 δίκαιοι
1348 4120 1471 4174 τότε
1515 4123 1715 4178 ἐκεῖνοι
1750 4125 1911 4181 τοῦτο

321 4208 619 4279 ἐζήτησαν,
642 4207 724 4272 τὸ,
746 4207 868 4270 Πῶς
894 4209 988 4262 καὶ
1024 4209 1130 4263 τίνι
1163 4211 1349 4282 τρόπῳ
1372 4213 1546 4268 ταῦτα
1573 4215 1727 4270 ἔσται
1751 4235 1765 4249 ·
1799 4218 1912 4272 ἀλλ’

319 4299 560 4370 ὁρῶντες
575 4299 655 4362 είς
665 4298 976 4367 ἀπόγνωσιν
994 4301 1131 4354 κατὰ
1152 4301 1495 4374 ἀνθρώπινον
1509 4303 1765 4378 λογισμὸν
1788 4309 1916 4363 πάν-

320 4409 395 4446 τα
423 4393 719 4463 φερόμενα,
752 4391 871 4445 οὐδὲ
904 4391 1078 4456 οὕτως
1112 4393 1488 4465 ἐθορυϐοῦντο,
1529 4398 1650 4452 οὐδὲ
1684 4401 1914 4473 ἐταράτ-

320 4501 482 4539 τοντο
499 4501 510 4510 ·
535 4483 649 4536 ἀλλ’
673 4483 868 4554 ἔφερον
884 4485 1100 4540 ἅπαντα
1119 4485 1401 4554 γενναίως,
1420 4489 1683 4562 μεγίστην
1699 4491 1915 4563 ἔχοντες

320 4574 602 4639 ἀπόδειξιν
618 4576 727 4629 τῶν
749 4577 1022 4647 ἐσομένων
1042 4577 1295 4648 χρηστῶν
1311 4579 1410 4650 τὴν
1426 4579 1656 4652 δύναμιν
1668 4583 1762 4637 τοῦ
1785 4585 1813 4637 ὑ
1825 4603 1916 4638 πο·-

323 4667 618 4740 σχομένου,
641 4668 735 4721 καὶ
755 4668 863 4721 ἀπὸ
883 4668 981 4738 τῆς
1001 4669 1107 4721 τῶν
1124 4672 1422 4741 γινομένων
1443 4673 1822 4747 ἐναντιότητος
1836 4679 1918 4742 είς

321 4760 640 4829 ἀπόγνωσιν
669 4762 769 4815 οὑκ
793 4762 1178 4832 ἐμπίπτοντες.
1213 4763 1450 4835 ’ᾘδεσαν
1473 4765 1578 4838 γὰρ
1606 4769 1812 4837 σαφῶς,
1833 4770 1916 4823 ὅτι

321 4855 636 4926 εὐμήχανος
675 4856 752 4909 ὣν
781 4855 874 4909 καὶ
907 4855 1092 4924 σοφὸς,
1126 4855 1418 4926 δυνήσεται
1458 4857 1552 4912 καὶ
1593 4860 1732 4930 μετὰ
1765 4863 1824 4916 τὸ
1847 4862 1917 4916 τὰ

325 4951 632 5022 πράγματα
682 4950 1127 5021 ἀπαγορευθῆναι
1185 4952 1601 5023 ἀνακτήσασθαί
1656 4971 1717 5005 τε
1774 4954 1916 5007 αὑτά

325 5041 532 5113 μᾶλλον
564 5040 596 5112 ἢ
625 5041 965 5111 έμπροσθεν,“
994 5042 1088 5096 καὶ
1119 5043 1257 5113 μετὰ
1295 5044 1498 5117 πολλῆς
1527 5045 1630 5117 τῆς
1666 5045 1916 5111 εὐκολίας

320 5138 440 5198 τοῖς
491 5134 908 5203 ἐπαγγελθεῖσιν
953 5135 1221 5189 ἐπιθεῖναι
1251 5136 1422 5201 τέλος.
1469 5137 1579 5191 Καὶ
1615 5138 1680 5190 σὺ
1717 5137 1916 5208 τοίνυν,

323 5227 604 5297 ἀγαπητέ,
634 5228 699 5282 ἀν
735 5245 796 5280 τε
829 5229 887 5280 ἐν
915 5226 992 5298 τῷ
1021 5229 1250 5300 παρόντι
1284 5229 1383 5300 βίῳ
1425 5231 1568 5303 λάϐῃ
1595 5230 1664 5284 τὰ
1692 5231 1916 5302 λυπηρά

322 5320 504 5384 λύσιν,
530 5319 716 5384 δόξαζε
737 5321 830 5373 τὸν
863 5321 1014 5374 Θεόνο
1055 5320 1121 5374 ἄν
1149 5338 1208 5373 τε
1239 5323 1318 5386 είς
1348 5322 1585 5396 δυσχερῆ
1609 5323 1914 5398 καταλύσῃ,

323 5413 424 5466 καὶ
445 5411 619 5476 οὑτως
641 5413 974 5483 εὐχαρίστει,
1001 5413 1095 5466 καὶ
1129 5414 1296 5484 μηδὲν
1330 5413 1689 5478 σκανδαλίζου
1710 5455 1724 5478 ,
1759 5414 1918 5479 εἰδὼς

325 5505 517 5574 σαφῶς
565 5505 658 5558 τοῦ
690 5505 826 5559 Θεοῦ
869 5505 968 5576 τὴν
1001 5505 1256 5578 πρόνοιαν
1286 5506 1385 5578 τὴν
1428 5507 1657 5578 ἄπειρον
1695 5507 1791 5560 καὶ
1825 5508 1918 5579 ἐρ-

329 5596 669 5670 μηνευθῆναι
704 5597 781 5669 μὴ
808 5597 1137 5670 δυναμένην,
1173 5599 1270 5653 καὶ
1305 5599 1388 5653 ὅτι
1431 5599 1658 5662 πάντως
1687 5597 1920 5669 λήψεται

321 5690 389 5744 τὸ
420 5689 698 5762 προσῆκον
727 5690 946 5743 ᾶπαντα
971 5691 1144 5756 τέλος,
1175 5692 1286 5744 εἴτε
1327 5693 1385 5745 ἐν
1419 5690 1498 5762 τῷ
1531 5690 1762 5762 παρόντι
1792 5691 1914 5761 βίῳ,

322 5781 439 5837 εἴτε
487 5783 544 5835 ἐν
593 5781 672 5852 τῷ
705 5781 975 5851 μέλλοντι.
1009 5783 1072 5835 Εἰ
1106 5783 1162 5835 δέ
1196 5801 1276 5846 τις
1320 5782 1380 5836 τὺ
1433 5781 1626 5854 μέλλον
1681 5781 1915 5850 ἀκούων,

392 5899 415 5928 ³
445 5897 547 5950 Alii
567 5897 808 5962 λαμπροὺς
835 5897 1094 5955 ἀνεδήσατο
1119 5898 1222 5953 τοὺς
1256 5914 1388 5962 στεφ.

1044 410 1052 417 ’
1152 417 1243 472 AD
1279 415 1412 474 EOS
1451 415 1571 485 QUI
1609 412 2111 472 SCANDALIZA‘I‘I
2151 413 2352 472 SUNT.
2395 416 2527 473 LIB.
2565 415 2772 474 UNUS.

3489 421 3595 479 508

2017 525 2168 601 [494]
2193 530 2288 583 καὶ
2317 531 2664 602 μικροψυχῶν
2713 530 2985 599 ἐπείγοιτο
3027 531 3185 587 τοῦτο
3210 531 3443 589 ἐνταῦθα
3471 536 3598 589 ἰδεῖν

2014 626 2321 697 γινόμενον,
2353 627 2587 698 ἐροῦμεν
2614 629 2696 682 ὅτι
2728 631 2760 700 ή
2793 629 3010 702 ἀληθῶς
3039 631 3154 702 ζωὴ
3191 633 3286 686 καὶ
3309 631 3378 686 τὰ
3401 631 3596 702 βέϐαια

2016 723 2317 794 πράγματα
2343 727 2437 778 καὶ
2460 726 2695 798 ἀκίνητα
2715 727 2836 782 τότε
2857 729 3005 798 ήμᾶς
3033 729 3205 799 μένει.
3235 730 3316 792 Td,
3341 730 3442 800 μὲν
3485 727 3596 800 γὰρ

2017 820 2280 889 παρόντα,
2306 820 2445 885 ὁδὸς,
2491 822 2674 877 ἐκεῖνα
2720 824 2800 886 δὲ,
2835 825 3066 894 πατρίς·
3119 825 3189 878 τὰ
3225 824 3460 879 ἐνταῦθα
3510 823 3597 880 ἄν·

2013 914 2160 968 θεσιν
2194 915 2371 971 ἔοικεν
2399 918 2655 991 ἐαρινοῖς,
2693 921 2874 974 ἐκεῖνα
2903 921 2960 974 δὲ
2990 918 3245 996 ’πέτραις
3287 922 3592 994 ἀκινήτοις⁶

2013 1013 2132 1064 ἐκεῖ
2168 1013 2421 1082 στέφανοι
2465 1015 2561 1068 καὶ
2608 1015 2836 1086 ἀμοιϐαὶ
2861 1017 3012 1081 τέλος
3056 1019 3156 1072 οὑκ
3209 1018 3449 1089 ἔχουσαι,
3480 1018 3598 1070 ἐκεῖ

2013 1108 2224 1166 ἔπαθλα
2275 1111 2371 1166 καὶ
2419 1111 2686 1183 βραϐεῖα,
2738 1114 2854 1168 ἐκεῖ
2899 1115 3147 1180 κολάσεις
3190 1115 3281 1170 καὶ
3329 1116 3592 1188 τιμωρίαι

2011 1205 2276 1278 ἀφόρητοι
2322 1205 2430 1262 τῶν
2468 1208 2534 1262 τὰ
2575 1208 2802 1265 τοιαῦτα
2846 1211 3363 1283 κακουργησάντων.
3391 1211 3458 1265 Τί
3501 1205 3594 1266 οὖν

2012 1301 2149 1372 πρὸς
2195 1303 2322 1368 τοὺς
2371 1304 2510 1369 τέως
2557 1305 3113 1378 σκανδαλιζομένους;
3155 1307 3308 1381 φησί.
3346 1309 3411 1361 Τί
3443 1307 3594 1362 δὲσὺ

2009 1399 2138 1464 τοὺς
2165 1401 2430 1471 μειζόνως
2456 1403 2866 1475 διαλάμψαντας
2892 1405 2953 1458 οὑ
2973 1405 3178 1474 λέγεις,
3204 1407 3330 1469 τοὺς
3348 1405 3405 1459 δὲ
3428 1423 3596 1478 προσ-

2009 1499 2186 1552 ωπεῖα
2214 1498 2503 1565 εὐλαϐείας
2546 1499 2986 1572 περικειμένους,
3013 1501 3108 1556 καὶ
3156 1501 3252 1555 νῦν
3299 1499 3593 1571 ἐλεγχομέ-

2010 1611 2155 1660 νους,
2185 1594 2410 1661 τούτους
2439 1595 2596 1666 ἄγεις
2622 1599 2702 1660 είς
2735 1596 2932 1668 μέσον;
2973 1597 3084 1669 Οὐχ
3125 1599 3256 1668 ὁρᾷς
3283 1597 3344 1651 τὸ
3373 1597 3595 1669 χρυσίον

2008 1690 2440 1764 καθαιρόμενον;
2485 1692 2578 1746 τὸν
2611 1692 2860 1764 μόλιϐδον
2889 1692 3278 1764 ἐλεγχόμενον;
3313 1693 3384 1747 τά
3414 1695 3593 1765 ἄχυρα

2006 1788 2393 1861 διακρινόμενα
2421 1790 2515 1845 τοῦ
2546 1789 2726 1857 σίτου;
2758 1791 2884 1855 τοὺς
2908 1789 3107 1855 λύκους
3133 1791 3241 1845 τῶν
3263 1791 3590 1863 προϐάτων;

2004 1886 2132 1950 τοὺς
2155 1885 2570 1957 πεπλασμένους
2593 1887 2702 1940 τῶν
2728 1886 2944 1959 ἀληθῶς
2969 1889 3026 1942 ἐν
3051 1887 3309 1962 εὐλαϐείᾳ
3338 1885 3591 1952 ζώντων;

2009 1982 2174 2035 Ὥστε
2212 1983 2342 2038 ὅταν
2391 1983 2506 2057 ῐδῃς
2549 1983 2753 2038 τούτων
2777 1985 2845 2040 τὰ
2875 1985 3168 2050 σκάνδαλα,
3211 1985 3463 2056 ἐννόησον
3493 1985 3595 2039 κὰ-

2006 2079 2202 2133 κείνων
2260 2079 2361 2145 τὰς
2416 2081 2818 2152 εὐδοκιμήσεις.
2862 2081 3361 2153 ’Υπεσκελίσθησάν
3417 2096 3597 2146 τινες,

2007 2177 2142 2232 ἁλλά
2191 2179 2286 2233 καὶ
2329 2177 2566 2251 έστησαν
2611 2179 2794 2251 πολλῷ
2823 2180 3062 2244 πλείους,
3093 2179 3189 2234 καὶ
3217 2179 3441 2251 μείζονα
3473 2181 3600 2234 ἐαυ-

2003 2277 2119 2338 τοῖς
2145 2276 2336 2346 μισθὸν
2367 2277 2692 2349 συνήγαγον,
2722 2275 2848 2330 οὔτε
2894 2279 2962 2347 τῇ
3011 2275 3300 2348 δυναστεία
3339 2276 3448 2329 τῶν
3476 2277 3600 2330 ἐπι-

2006 2372 2390 2441 ϐουλευόντων,
2415 2373 2539 2428 οὐτε
2566 2377 2632 2446 τῇ
2666 2375 2921 2448 δυσκολίᾳ
2953 2375 3062 2428 τῶν
3093 2375 3304 2447 καιρῶν
3339 2393 3602 2447 περιτρα-

2009 2469 2219 2534 πέντες.
2267 2471 2376 2525 Καὶ
2425 2474 2474 2525 οί
2526 2471 3003 2542 σκανδαλιζόμενοι
3036 2471 3091 2525 δὲ
3126 2471 3340 2536 ἑαυτοῖς
3387 2471 3600 2541 λογιζέ-

2010 2566 2225 2622 σθωσαν
2246 2586 2259 2599 ·
2303 2569 2425 2622 ἐπεὶ
2458 2569 2555 2624 καὶ
2583 2572 2632 2624 οἱ
2665 2570 2854 2634 παῖδες
2879 2572 2928 2623 οἱ
2952 2573 3101 2640 τρεῖς
3139 2571 3233 2625 καὶ
3267 2571 3427 2643 ιερῶν
3469 2571 3604 2624 ἀπο-

2012 2666 2366 2733 σπασθέντες,
2414 2669 2509 2720 καὶ
2559 2668 2712 2731 ναοῦ,
2759 2670 2851 2723 καὶ
2899 2668 3320 2740 θυσιαστηρίου,
3367 2669 3458 2722 καὶ
3502 2669 3603 2739 τῆς

2007 2763 2175 2834 ἄλλης
2219 2764 2436 2835 ἀπάσης
2480 2763 2582 2834 τῆς
2625 2764 2766 2817 κατά
2818 2765 2982 2834 νόμον
3033 2766 3374 2837 ἐπιμελείας,
3404 2766 3498 2818 καὶ
3546 2768 3604 2820 ὲν

2013 2860 2155 2932 μέσῃ
2208 2861 2502 2931 βαρϐάρων
2551 2861 2706 2932 χώρα
2751 2861 3179 2932 ἀποληφθέντες,
3219 2863 3359 2932 μετά
3403 2862 3603 2935 πολλῆς

2009 2957 2111 3028 τῆς
2143 2956 2429 3028 ἀκριϐείας
2456 2956 2548 3010 τὸν
2583 2957 2746 3028 νόμον
2790 2957 3146 3028 διετήρησαν·
3190 2959 3285 3013 καὶ
3337 2960 3365 3014 ὁ
3406 2959 3604 3030 Δανιὴλ

2007 3057 2230 3128 ὁμοίως,
2266 3058 2359 3110 καὶ
2391 3056 2568 3127 ἕτεροι
2604 3055 2826 3109 πολλοί·
2865 3057 2958 3110 καὶ
3003 3056 3052 3109 οἱ
3090 3057 3188 3128 μὲν
3222 3057 3300 3122 εἰς
3325 3058 3606 3129 αἰχμαλω-

2011 3157 2131 3210 σίαν
2159 3155 2550 3226 ἀπενεχθέντες
2573 3155 2635 3207 οὐ
2660 3154 3084 3228 παρεϐλάϐησάν
3105 3173 3178 3218 τι,
3206 3155 3354 3210 ἄλλοι
3383 3157 3439 3210 δέ
3465 3158 3604 3212 οίκοι

2012 3253 2288 3324 μένοντες,
2321 3253 2417 3307 καὶ
2455 3252 2674 3308 πάντων
2710 3251 3077 3317 ἀπολαύοντες
3106 3253 3212 3306 τῶν
3240 3253 3334 3308 ἐπὶ
3361 3255 3463 3327 τῆς
3495 3272 3603 3312 πα-

2007 3352 2207 3424 τρίδος,
2237 3352 2652 3424 προσέκρουσαν
2686 3350 2782 3405 καὶ
2807 3351 3305 3424 κατεδικάσθησαν.

2079 3551 2215 3618 Κεφ.
2241 3549 2326 3620 ιβ’.
2351 3549 2414 3603 Εἰ
2443 3549 2499 3602 δὲ
2528 3547 2750 3620 ζητοίης
2777 3549 2923 3614 τίνος
2946 3551 3132 3606 ἕνεκεν
3161 3551 3332 3606 ταῦτα
3365 3569 3605 3624 συνεχω-

2013 3647 2174 3720 ρήθη,
2205 3647 2298 3701 καὶ
2331 3646 2406 3718 μὴ
2432 3648 2546 3709 τοῖς
2573 3646 2833 3717 ἀρρήτοις
2861 3646 2969 3699 τῶν
2994 3648 3293 3718 οἰκονομῶν
3321 3651 3487 3703 αὑτοῦ
3517 3651 3606 3705 λό-

2008 3762 2127 3814 γοις
2147 3743 2558 3816 παραχωροίης,
2573 3743 2710 3798 ἀλλά
2729 3743 3063 3815 ἐμελέτησας
3079 3745 3168 3799 ἀεὶ
3192 3747 3369 3801 πάντα
3386 3765 3608 3820 περιερ-

2009 3843 2142 3911 γάζε
2151 3843 2294 3904 σθαι,
2310 3840 2414 3912 ὁδῷ
2435 3840 2763 3913 προϐαίνων,
2783 3843 2876 3896 καὶ
2894 3841 3027 3896 ἄλλα
3044 3841 3213 3896 πολλά
3227 3843 3605 3916 διαπορήσεις,

2009 3935 2140 4003 οἷον,
2166 3937 2310 4002 τίνος
2336 3937 2522 3992 ἕνεκεν
2551 3938 2858 4011 ἀφείθησαν
2882 3941 2937 3992 αἱ
2964 3939 3224 4011 αἱρέσεις,
3254 3940 3398 4006 τίνος
3422 3942 3607 3998 ἕνεκεν

2010 4037 2040 4090 ὁ
2076 4035 2341 4101 διάϐολος,
2374 4035 2520 4099 τίνος
2559 4035 2745 4088 ἕνεκεν
2778 4036 2824 4088 οἱ
2855 4036 3128 4107 δαίμονες,
3154 4037 3300 4102 τίνος
3341 4038 3527 4094 ἕνεκεν
3556 4041 3606 4095 οῖ

2013 4133 2245 4206 πονηροὶ
2274 4132 2381 4186 τῶν
2403 4131 2708 4205 ἀνθρώπιον
2735 4132 2827 4187 καὶ
2856 4133 3088 4197 πολλοὺς
3120 4135 3604 4202 ὑποσκελίζοντεςο

2015 4231 2112 4286 καὶ
2143 4231 2204 4284 τὸ
2248 4231 2312 4302 δή
2354 4230 2654 4300 κεφάλαιον
2685 4231 2942 4288 ἁπάντων
2972 4233 3202 4300 τούτων,
3238 4235 3384 4301 τίνος
3423 4235 3608 4290 ἕνεκεν

2015 4331 2044 4383 ὁ
2080 4327 2451 4401 Ἀντίχριστος
2467 4329 2892 4400 παραγίνεται,ὁ
2926 4331 3191 4402 τοσαύτην
3217 4330 3355 4401 έχων
3377 4333 3610 4404 δύναμιν

2017 4425 2158 4498 πρὸς
2198 4425 2438 4498 ἀπάτην,
2466 4425 2543 4490 ώς
2595 4428 2688 4478 τὴν
2736 4426 2973 4497 Χριστὸν
3023 4427 3220 4493 εἰπεῖν,
3254 4427 3336 4480 ὅτι
3383 4430 3609 4485 τοιαῦτα

2017 4526 2254 4594 ποιήσει,
2285 4522 2426 4576 ὥστε
2467 4521 2764 4590 πλανῆσαι,
2808 4523 2857 4574 εί
2886 4521 3133 4585 δυνατὸν,
3168 4523 3261 4575 καὶ
3294 4524 3421 4589 τοὺς
3450 4525 3608 4578 ἐκλε-

2015 4620 2198 4684 κτούς.
2217 4619 2357 4673 Ἀλλ’
2382 4619 2445 4672 οὑ
2479 4619 2560 4672 δεῖ
2591 4616 2763 4671 ταῦτα
2807 4617 3013 4688 ζητεῖν,
3046 4616 3184 4671 ἀλλὰ
3219 4618 3396 4673 πάντα
3428 4637 3608 4693 παρα-

2017 4720 2220 4790 χωρεῖν
2249 4715 2328 4786 τῷ
2358 4713 2735 4786 ἀκαταλήπτῳ
2757 4714 2856 4783 τῆς
2884 4713 2980 4767 τοῦ
3012 4714 3148 4768 Θεοῦ
3187 4716 3398 4784 σοφίας.
3421 4718 3479 4770 '0
3510 4719 3609 4789 μὲν

2017 4813 2126 4885 γάρ
2153 4811 2419 4882 γενναίως
2441 4811 2544 4881 ήδη
2579 4809 2906 4878 πεπηγὼςι),
2939 4810 3041 4867 κᾶν
3073 4810 3248 4882 μυρία
3267 4811 3336 4866 τά
3365 4813 3608 4884 κύματα,

2017 4912 2122 4965 κᾶν
2155 4909 2340 4981 μυρίοι
2367 4909 2416 4962 οἱ
2446 4905 2713 4979 χειμῶνες
2744 4905 2992 4972 ἐπιῶσιν,
3021 4907 3083 4962 οὑ
3114 4909 3274 4978 μόνον
3313 4909 3466 4965 οὐδὲν
3504 4927 3612 4965 πα-

2021 5007 2416 5078 ραϐλάπτεται,
2463 5003 2603 5058 ἀλλά
2653 5005 2748 5058 καὶ
2795 5005 3142 5077 ἰσχυρότερος
3185 5006 3427 5075 γίνεται·
3477 5011 3508 5062 ὁ
3553 5008 3612 5063 δὲ

2017 5103 2252 5175 ἀσθενὴς
2281 5103 2374 5158 καὶ
2405 5101 2674 5172 διαρρέων
2709 5100 2803 5156 καὶ
2830 5101 3114 5173 ὀλίγωρος,
3146 5104 3238 5158 καὶ
3270 5103 3496 5176 μηδενὸς
3526 5106 3613 5159 ἐν·

2017 5201 2301 5275 οχλοῦντος
2331 5199 2663 5254 καταπίπτει
2692 5197 2976 5262 πολλάκις.
3004 5199 3066 5252 Εί
3097 5199 3155 5253 δὲ
3184 5202 3277 5255 καὶ
3306 5201 3463 5271 λόγον
3493 5203 3612 5256 τινὰ

2020 5300 2299 5370 ἐπιζητεῖς
2325 5295 2540 5369 μαθεῖν,
2571 5294 2738 5349 άκουε
2763 5295 2854 5348 τὸν
2879 5297 3014 5366 ἡμῖν
3037 5295 3335 5368 γνώριμον.
3364 5297 3485 5350 Εἰσὶ
3511 5297 3614 5367 μὲν

2019 5397 2131 5467 γὰρ
2171 5396 2267 5448 καὶ
2293 5393 2472 5464 ἕτεροι
2505 5391 2692 5444 πολλοὶ
2719 5389 2797 5461 τῷ
2825 5391 3098 5464 διαφόρως
3135 5391 3230 5444 καὶ
3257 5391 3514 5454 ποικίλως
3545 5391 3615 5443 τά

2020 5493 2142 5547 καθ’
2178 5490 2329 5562 ἡμᾶς
2377 5488 2554 5542 πάντα
2601 5487 2975 5558 οἰκονομοῦντι
3021 5487 3198 5558 δῆλον
3241 5485 3303 5541 ὃν
3347 5486 3404 5544 δὲ
3455 5488 3617 5557 ἡμεῖς

2023 5589 2203 5661 ἴσμεν,
2229 5579 2384 5649 οὗτός
2407 5587 2524 5638 ἐστι
2543 5583 2704 5647 τέως.
2737 5583 2924 5654 Φαμὲν
2946 5584 3029 5636 ὅτι
3053 5583 3121 5636 τά
3150 5583 3422 5638 σκάνδαλα
3440 5582 3617 5638 ταῦτα

2021 5684 2224 5756 ἀφείθη
2263 5682 2403 5754 ὑπὲρ
2449 5681 2543 5734 τοῦ
2589 5680 2666 5752 μὴ
2697 5679 3067 5750 ἐλαττωθῆναι
3097 5679 3207 5733 τῶν
3235 5676 3499 5747 γενναίων
3547 5679 3616 5734 τὰ

2025 5782 2280 5854 βραϐεἴα·
2310 5779 2339 5831 ὃ
2372 5779 2466 5832 καὶ
2488 5778 2564 5848 τῷ
2605 5778 2728 5831 Ἰὼϐ
2747 5776 3126 5849 διαλεγόμενος
3147 5777 3174 5830 ὁ
3193 5775 3326 5840 Θεὸς
3353 5774 3615 5848 ἐδήλωσε,

2089 5895 2116 5936 δ
2141 5896 2241 5946 Alii
2263 5893 2469 5955 γενναῖος
2489 5892 2567 5942 καὶ
2591 5893 2830 5955 πεπηγώς.
