4002 6384
333 398 429 459 509
1179 393 1272 449 AD
1312 391 1441 450 EOS
1480 392 1597 461 QUI
1636 387 2131 449 SCANDALIZATI
2170 390 2370 448 SUNT.
2417 390 2545 447 ΗΒ.
2591 390 2789 449 UNUS.

338 517 491 570 Purus
522 520 693 565 autem
722 526 803 564 me
835 510 982 565 aliter
1008 506 1096 562 tibi
1125 506 1443 576 respondisse
1463 545 1479 570 ,
1506 519 1658 574 quam
1678 512 1734 555 nt
1756 517 1922 569 appa-

335 624 442 660 rens
451 602 633 675 justus
657 602 782 675 (Job
814 603 904 658 40.
936 601 1040 672 5)?
1086 601 1151 655 Et
1181 613 1309 653 vero
1337 598 1532 653 Paulus
1564 597 1673 661 ait,
1719 592 1929 664 Oportet

332 708 498 752 autem
523 705 571 750 et
602 698 820 750 haereses
849 711 987 758 esse,
1029 701 1084 746 ut
1120 692 1205 763 qui
1247 689 1446 758 probati
1482 697 1629 753 sunt,
1673 685 1933 756 manifesti

327 794 457 863 [iant
482 791 534 844 in
556 789 695 844 vobis
727 791 804 857 (1.
826 788 940 843 Cor.
975 788 1062 842 11.
1096 785 1209 856 19).
1241 783 1310 837 At
1336 792 1390 837 tu
1418 796 1538 837 cum
1562 778 1735 846 audis,
1767 777 1933 848 Opor-

330 890 393 934 tet
426 890 597 934 autem
626 889 673 934 et
703 881 916 933 latereses
942 894 1048 931 esse
1068 918 1083 942 ,
1131 875 1240 929 noli
1288 873 1601 927 existimare
1640 871 1754 925 bmc
1786 868 1932 922 illum

334 971 687 1041 imperando,
735 971 818 1024 vel
850 969 1018 1038 legem
1062 964 1283 1021 ferendo
1328 961 1672 1034 pronuntiare
1698 1001 1714 1028 ,
1762 958 1929 1023 absit;

332 1078 523 1117 verum
555 1079 618 1118 ea
649 1078 768 1133 qua:
798 1063 972 1115 futura
1019 1067 1173 1114 erant
1214 1053 1622 1127 pmnuutiando
1647 1094 1663 1120 ,
1710 1059 1765 1105 et
1792 1049 1933 1121 quod

337 1156 544 1209 lucrum
565 1154 900 1225 vigilantibus
917 1152 1039 1207 inde
1054 1152 1405 1206 obventurum
1429 1155 1546 1202 erat
1567 1141 1931 1215 prtcdiccndo.

337 1245 488 1299 Tunc
510 1246 677 1311 enim,
709 1262 742 1299 ο
773 1258 866 1298 vos
894 1243 981 1313 qui
1010 1241 1180 1311 decipi
1207 1253 1315 1294 non
1347 1236 1588 1308 potestis,
1618 1244 1795 1291 vestra
1826 1232 1928 1286 vir-

338 1347 421 1391 tus
455 1336 715 1390 illustrior
750 1333 1046 1404 apparebit.
1078 1332 1158 1386 Ad
1189 1332 1304 1384 hinc
1329 1329 1489 1383 aliam
1516 1327 1676 1381 etiam
1704 1324 1774 1379 ob
1803 1337 1933 1377 cau-

336 1443 451 1482 sam
498 1427 774 1496 improbos
819 1440 939 1480 esse
968 1426 1109 1480 Deus
1155 1422 1316 1485 sivit,
1366 1434 1436 1476 ne
1481 1419 1618 1473 forte
1667 1416 1859 1472 sublati
1903 1430 1934 1469 e

339 1521 518 1576 medio
538 1560 558 1586 ,
587 1535 647 1574 ea
667 1562 682 1585 ,
727 1534 846 1589 quae
875 1517 980 1572 illis
1005 1532 1069 1571 ex
1107 1514 1465 1571 conversione
1503 1526 1598 1565 sua
1640 1511 1934 1565 obventura

337 1623 485 1679 erat,
516 1613 744 1667 utilitate
780 1610 1175 1665 fraudarentur.
1234 1606 1308 1661 Ita
1348 1614 1404 1660 et
1429 1604 1624 1659 Paulus
1651 1600 1827 1657 salvus
1855 1598 1934 1653 fa-

338 1718 456 1761 ctus
479 1715 567 1761 est
591 1748 604 1770 ,
649 1706 718 1759 ita
748 1704 887 1759 latro
909 1745 924 1769 ,
972 1704 1043 1756 ita
1072 1700 1349 1766 meretrix,
1394 1699 1463 1753 ita
1496 1697 1833 1769 publicanus,
1863 1694 1933 1748 ita

338 1798 519 1853 caeteri
551 1796 721 1850 multi.
777 1793 929 1863 Quod
961 1792 1006 1846 si
1040 1793 1187 1862 prius
1223 1805 1381 1860 quam
1432 1789 1876 1850 immutarentur,
1905 1800 1936 1839 e

339 1889 517 1942 medio
566 1887 760 1943 sublati
807 1892 1021 1950 essent,
1076 1883 1253 1938 nullus
1291 1897 1357 1937 ex
1406 1881 1514 1935 illis
1561 1880 1739 1934 salvus
1791 1885 1936 1932 esset

342 1980 534 2034 factus.
587 1978 756 2032 Porro
798 1976 865 2031 de
903 1974 1219 2031 antichristo
1264 1972 1485 2027 alteram
1521 1970 1684 2025 etiam
1715 1981 1932 2023 causam

340 2070 553 2139 profert
582 2068 799 2124 Paulus.
841 2066 1010 2134 Quam
1058 2065 1310 2120 tandem?
1361 2062 1430 2119 Ut
1459 2063 1601 2118 omni
1642 2060 1745 2116 hoc
1782 2069 1936 2130 pacto

339 2164 690 2218 excusatione
741 2160 911 2216 Judtei
953 2158 1322 2215 excludantur.
1379 2156 1492 2225 Qua
1536 2156 1677 2211 enim
1722 2155 1934 2209 tandem

339 2256 495 2310 venia
523 2254 668 2324 digni
692 2253 855 2307 videri
889 2260 1169 2322 poterunt,
1212 2264 1332 2305 cum
1359 2249 1627 2303 Christum
1654 2262 1759 2301 non
1789 2260 1939 2301 rece-

340 2349 519 2417 perint
562 2347 652 2417 qui
699 2346 771 2400 illi
813 2345 1033 2400 credere
1067 2342 1401 2398 debuerunt?
1442 2342 1733 2410 Propterea
1763 2338 1889 2394 dicit
1924 2354 1936 2391 :

344 2437 410 2493 Ut
422 2438 731 2506 judicentur
752 2453 922 2491 omnes
941 2477 956 2502 ,
983 2436 1069 2507 qui
1098 2450 1196 2488 non
1222 2433 1542 2488 crediderunt
1567 2432 1766 2485 veritati
1791 2473 1804 2496 ,
1837 2431 1938 2484 hoc

341 2542 423 2585 est
458 2530 681 2586 Christo
705 2573 721 2596 ,
775 2530 865 2584 sed
903 2538 1264 2583 consenserunt
1301 2527 1553 2597 iniquitati
1581 2525 1661 2595 (2.
1695 2523 1849 2578 Thes.
1880 2523 1934 2577 2.

344 2624 431 2694 ll)
457 2669 471 2689 ,
505 2627 609 2679 hoc
635 2634 717 2679 est
742 2623 1075 2678 antichristo.
1108 2621 1236 2676 Nam
1266 2620 1515 2690 quoniam
1546 2617 1827 2681 dicebant,
1860 2615 1937 2670 id-

340 2718 486 2771 circo
534 2732 596 2771 se
638 2714 714 2771 illi
759 2730 875 2769 non-
905 2713 1160 2779 credere,
1215 2710 1354 2779 quod
1390 2711 1555 2765 Deum
1592 2724 1652 2763 se
1690 2708 1936 2773 diceret;

345 2808 630 2877 Propterea
649 2823 865 2872 namque
885 2814 932 2859 te
956 2805 1264 2875 lapidamus,
1296 2802 1559 2873 inquiunt,
1577 2801 1697 2869 quia
1723 2809 1774 2853 tu
1793 2801 1940 2853 homo

342 2917 456 2954 cum
489 2900 594 2966 sis,
630 2899 758 2971 fucis
788 2899 1001 2968 teipsum
1026 2895 1190 2949 Deum
1223 2894 1401 2965 (Joan.
1440 2893 1526 2948 10.
1557 2891 1648 2963 55)
1682 2907 1695 2942 :
1731 2889 1940 2946 tametsi

344 2992 573 3061 plurima
606 2990 748 3044 illum
780 2989 1022 3043 audirent
1048 2986 1429 3041 attribuentem
1452 2984 1618 3051 Patri,
1659 2997 1724 3038 ac
1749 2982 1937 3037 dicen-

345 3096 453 3139 tem
482 3100 542 3138 se
570 3099 639 3139 ex
668 3083 836 3153 ipsius
876 3082 1138 3138 sententia
1167 3081 1379 3135 venisse
1400 3123 1414 3144 ,
1460 3078 1616 3147 idque
1648 3078 1830 3132 multis
1855 3091 1938 3132 ar-

345 3174 617 3246 gumentis
664 3174 1119 3229 dcmonstrantcm
1162 3190 1178 3227 :
1225 3171 1350 3242 quid
1402 3170 1582 3225 dicent
1626 3184 1746 3224 cum
1800 3169 1940 3223 anti-

346 3266 610 3320 christum
675 3265 908 3334 seipsum
962 3264 1226 3319 dicentem
1275 3263 1481 3328 Deum,
1535 3276 1709 3331 neque
1767 3261 1940 3315 Patris

347 3357 675 3411 mentionem
708 3356 985 3410 facientem
1008 3396 1023 3421 ,
1071 3353 1163 3409 sed
1195 3353 1519 3408 contrarium
1549 3351 1832 3408 facientem
1860 3368 1945 3408 rc-

348 3450 592 3520 cipicnt?
640 3450 751 3503 lloc
792 3449 951 3503 etiam
982 3447 1225 3503 Christus
1250 3446 1582 3516 exprobrans
1612 3447 1714 3501 illis
1749 3445 1942 3515 pra'di-

346 3546 507 3599 ccbat
534 3543 616 3596 his
649 3542 825 3598 verbis
851 3559 864 3594 :
890 3541 1001 3612 Ego
1047 3541 1157 3595 veni
1200 3541 1252 3594 in
1292 3540 1495 3593 nomine
1526 3538 1695 3592 Patris
1733 3538 1832 3593 mei
1853 3578 1870 3606 ,
1897 3546 1945 3591 et

349 3652 454 3689 non
481 3634 707 3704 accipitis
740 3649 849 3699 me;
884 3632 928 3686 si
953 3631 1085 3685 alius
1110 3630 1294 3684 venerit
1322 3630 1375 3683 in
1403 3629 1605 3683 nomine
1635 3644 1728 3682 suo
1749 3668 1763 3690 ,
1800 3629 1945 3681 illum

349 3727 613 3799 accipietis
658 3725 851 3797 (Joan.
892 3726 946 3780 5.
984 3724 1087 3795 45)
1126 3740 1139 3776 :
1184 3730 1467 3794 propterea
1516 3721 1771 3791 permissa
1820 3730 1946 3774 sunt

349 3818 625 3874 scandala.
673 3815 826 3884 Quod
852 3817 894 3869 si
925 3830 1020 3871 eos
1044 3816 1132 3884 qui
1163 3813 1593 3869 scandalizantur
1620 3826 1947 3867 commemo-

351 3925 443 3966 res
463 3953 477 3977 ,
506 3925 604 3980 ego
631 3908 722 3963 tibi
751 3922 863 3973 eos,
894 3906 985 3977 qui
1021 3906 1335 3961 illustriores
1365 3904 1491 3959 inde
1513 3903 1633 3958 facti
1664 3912 1804 3969 sunt,
1846 3904 1946 3958 ob-

351 4004 570 4074 jiciam;
611 4015 675 4056 ac
713 4000 807 4054 tibi
850 4013 1034 4053 rursus
1062 3998 1235 4053 dicam
1275 4010 1485 4066 aequum
1518 4010 1621 4051 nou
1660 3994 1857 4061 fuisse,
1891 4004 1948 4049 ut

354 4104 579 4165 propter
603 4093 828 4147 aliorum
851 4090 1354 4146 inconsiderantiam
1386 4104 1447 4143 ac
1473 4089 1732 4144 desidiam
1758 4089 1833 4143 illi
1854 4090 1945 4160 qui

356 4194 608 4259 poterant
632 4195 686 4241 et
725 4184 913 4239 attenti
941 4198 1061 4239 esse
1097 4191 1152 4238 et
1185 4183 1400 4253 vigiles,
1435 4192 1594 4251 atque
1640 4181 1949 4237 innumeras

355 4296 425 4335 ex
452 4280 534 4333 his
556 4278 758 4348 palmas
780 4286 1077 4347 reportare,
1100 4274 1351 4330 deteriori
1389 4285 1573 4330 essent
1610 4275 1941 4339 conditione,

356 4389 481 4428 cum
512 4372 752 4427 laborum
791 4369 1009 4445 praemia
1050 4367 1428 4438 rependentur.
1478 4367 1684 4436 Quippe
1714 4367 1798 4421 isti
1827 4368 1948 4438 qui-

355 4468 481 4521 dem
512 4464 700 4535 injuria
744 4463 969 4519 fuissent
997 4461 1170 4517 affccti
1198 4501 1212 4526 ,
1264 4461 1308 4514 si
1335 4461 1686 4515 certaminum
1721 4461 1946 4516 istorum

356 4560 695 4614 occasionem
722 4557 1063 4621 amisissent;
1093 4557 1170 4611 illi
1200 4569 1329 4609 vero
1349 4598 1361 4617 ,
1386 4555 1429 4609 si
1461 4554 1586 4622 quid
1618 4555 1742 4609 inde
1769 4556 1950 4611 damni

357 4651 631 4717 fecissent,
674 4649 808 4705 nulli
830 4650 980 4704 alteri
1003 4692 1016 4715 ,
1051 4648 1144 4703 sed
1177 4648 1407 4718 sibiipsis
1438 4648 1805 4717 prolapsiones
1828 4663 1951 4706 suas

358 4747 624 4813 imputare
664 4742 1017 4808 debuissent,
1065 4742 1284 4811 ejusque
1314 4740 1557 4795 criminis
1594 4740 1662 4795 ab
1689 4740 1795 4796 illis
1822 4757 1951 4796 con-

356 4837 488 4890 victi
528 4844 748 4903 essent,
790 4835 882 4905 qui
933 4850 1039 4888 non
1087 4832 1247 4888 modo
1285 4832 1627 4889 scandalizati
1676 4850 1781 4889 non
1820 4836 1950 4890 fuis-

357 4935 481 4981 seut
502 4968 517 4989 ,
550 4925 643 4982 sed
670 4926 831 4981 etiam
861 4925 1180 4980 illustriores
1221 4923 1347 4978 inde
1382 4939 1444 4978 ac
1473 4924 1803 4982 robustiores
1824 4941 1950 4982 eva-

357 5023 578 5074 sissent.

432 5110 563 5169 CAP.
593 5109 733 5165 Xlll.
777 5108 926 5165 Nihil
949 5126 1034 5165 eos
1054 5110 1235 5165 laedere
1252 5111 1337 5180 qui
1356 5111 1529 5181 vigiles
1552 5121 1665 5165 sunt
1686 5122 1734 5167 et
1752 5114 1949 5180 attenti,

361 5217 522 5271 neque
547 5202 899 5271 supplantare.
941 5200 1196 5255 Abraham
1218 5200 1381 5270 ﬁlium
1406 5201 1953 5273 immolarejussus.—

356 5297 506 5357 Quos
525 5294 689 5356 enim,
721 5307 923 5364 quaeso,
951 5293 1257 5349 sacerdotes
1277 5292 1463 5347 habuit
1490 5293 1757 5347 Abraham
1775 5295 1799 5349 ?
1818 5310 1953 5365 quos

356 5382 608 5440 doctores
627 5384 654 5438 ?
672 5399 830 5455 quam
855 5383 1242 5439 institutionem
1261 5384 1285 5438 ?
1310 5400 1467 5454 quam
1492 5383 1909 5441 admonitionem
1930 5387 1953 5439 ?

358 5476 501 5545 quod
547 5476 873 5532 consilium?
918 5475 1351 5547 quandoquidem
1406 5490 1579 5545 neque
1631 5485 1740 5531 tum
1800 5487 1956 5533 erant

359 5569 531 5624 litera:
554 5610 569 5634 ,
602 5584 707 5625 non
741 5568 824 5625 lex
844 5610 858 5635 ,
887 5584 994 5623 non
1037 5568 1334 5640 propheta),
1365 5582 1469 5624 non
1498 5567 1641 5622 aliud
1664 5568 1950 5640 quidquam

362 5661 623 5729 ejusmodi
656 5679 670 5716 :
710 5661 806 5717 sed
839 5660 1073 5715 nondum
1104 5661 1413 5731 navigatum
1457 5676 1604 5716 mare
1646 5662 1950 5731 navigabat,

364 5762 415 5804 et
450 5766 545 5818 per
581 5753 720 5807 viam
762 5752 981 5807 minimc
1021 5753 1196 5807 tritam
1227 5752 1535 5815 incedebat,
1568 5752 1726 5822 idque
1752 5767 1872 5807 cum
1901 5762 1954 5808 ct

365 5838 529 5897 domo
554 5857 567 5895 :
589 5848 644 5895 et
670 5851 826 5913 patro
858 5844 1022 5914 impio
1062 5853 1213 5899 natus
1245 5854 1407 5899 esset.
1458 5844 1559 5899 Sed
1595 5861 1658 5898 ne
1687 5844 1799 5899 lliPC
1830 5845 1949 5914 qni-

3522 397 3628 453 810

2037 500 2158 555 dem
2209 502 2356 557 illum
2405 505 2689 571 laeserunt,
2740 504 2869 576 quin
2916 506 3090 576 potius
3130 509 3266 565 adeo
3291 510 3488 569 virtute
3518 521 3630 572 suis

2034 593 2317 663 prtelttxit,
2348 604 2405 649 ut
2429 611 2551 666 qum.
2598 606 2719 667 post
2757 598 2980 654 multum
3019 604 3311 672 temporis,
3351 614 3472 676 post
3501 622 3629 677 proo

2038 685 2258 753 phetas,
2311 677 2432 756 Est
2480 687 2688 756 legem,
2735 698 2789 744 ct
2827 699 3026 746 tantam
3055 693 3485 765 instructionem,
3526 716 3629 770 qua

2038 789 2135 844 per
2172 775 2322 846 signa
2364 776 2610 833 Christus
2643 786 2698 833 et
2737 780 2991 837 miracula
3016 783 3201 839 debuit
3225 784 3471 844 homines
3501 806 3626 846 eru-

2039 864 2156 921 dire
2179 876 2207 933 ,‘
2226 868 2416 922 horum
2450 869 2607 939 longe
2633 881 2759 926 ante
2783 874 3052 943 specimen
3084 877 3349 944 ediderit,
3389 884 3632 938 caritatis

2038 958 2263 1014 sincera:
2289 975 2351 1014 ac
2382 960 2618 1026 fervidae,
2640 964 2876 1032 pecunia:
2892 974 3250 1038 contemptus,
3280 985 3423 1026 curm
3439 988 3628 1029 eorum

2038 1049 2125 1118 qui
2168 1051 2444 1120 sanguinis
2481 1061 2608 1107 sunt
2649 1055 2967 1125 cognatione
3008 1060 3277 1128 conjuncti
3308 1079 3322 1116 :
3352 1072 3406 1118 et
3434 1063 3627 1120 fastum

2037 1152 2252 1194 onmem
2284 1143 2629 1209 conculcarit,
2670 1146 2883 1201 mollem
2912 1162 2975 1203 ac
2999 1148 3281 1207 delicatam
3304 1154 3465 1210 vitam
3488 1158 3633 1226 reje-

2038 1232 2190 1297 cerit,
2239 1235 2559 1291 sanctiorem
2602 1251 2762 1307 quam
2807 1238 2904 1304 illi,
2935 1240 3023 1309 qui
3057 1258 3197 1297 nunc
3224 1246 3484 1301 montium
3512 1264 3631 1305 vcr—

2041 1323 2173 1378 tices
2216 1336 2547 1395 occuparunt
2592 1328 2880 1395 monachi,
2924 1338 2980 1385 et
3016 1336 3365 1391 austeriorem
3418 1340 3628 1396 vivendi

2040 1414 2299 1471 rationem
2325 1420 2670 1486 expresserit.
2708 1420 2835 1476 Nam
2868 1437 3043 1493 neque
3066 1424 3257 1481 domus
3280 1429 3354 1483 illi
3375 1439 3510 1496 erat,
3537 1433 3631 1487 sed

2038 1505 2288 1576 laqueare
2318 1517 2623 1582 tectumque
2643 1512 2790 1583 justo
2828 1515 3076 1570 foliorum
3105 1519 3290 1573 umbra
3316 1523 3626 1592 suppedita-

2039 1596 2162 1665 bat,
2188 1614 2363 1670 ncque
2381 1641 2397 1667 ,
2426 1603 2668 1672 quamvis
2698 1607 3009 1676 peregrinus
3034 1618 3211 1676 esset,
3242 1610 3441 1669 idcirco
3468 1615 3633 1686 negli-

2040 1691 2250 1760 gentior
2290 1692 2356 1747 ad
2402 1694 2749 1764 excipiendos
2798 1705 2938 1752 tecto
2989 1703 3301 1772 peregrinos
3340 1715 3490 1772 erat,
3539 1710 3632 1763 scd

2041 1794 2264 1852 peregre
2308 1798 2429 1838 eum
2471 1794 2653 1852 esset,
2704 1796 2843 1843 totus
2873 1789 2925 1843 in
2954 1789 3005 1844 id
3046 1790 3387 1851 incumbebat
3430 1800 3630 1868 cperis,

2042 1881 2100 1927 ut
2123 1873 2337 1930 assidue
2372 1876 2551 1932 medio
2592 1878 2815 1934 meridie
2862 1890 3249 1950 praetereuntes
3274 1887 3546 1959 exciperet
3571 1907 3636 1946 ac

2041 1963 2305 2020 reficeret.
2361 1965 2480 2037 lpse
2517 1983 2642 2022 vero
2672 1986 2781 2023 rem
2827 1987 2920 2041 per
2953 1987 3013 2028 se
3041 1989 3254 2031 omnem
3290 1980 3538 2049 gerebat,
3580 1993 3634 2037 ct

2041 2073 2263 2114 uxorem
2306 2059 2358 2113 in
2409 2062 2736 2117 consortium
2778 2064 3049 2134 praeclarae
3079 2066 3222 2121 illius
3263 2072 3635 2141 occupationis

2041 2151 2392 2207 adsciscebat.
2415 2153 2554 2221 Quid
2582 2170 2709 2209 vero
2736 2170 2833 2226 pro
2861 2155 3040 2212 fratris
3065 2157 3173 2213 filio
3201 2177 3305 2216 non
3336 2162 3482 2231 fecit,
3506 2180 3628 2221 cum

2041 2243 2238 2314 alioqui
2269 2262 2373 2300 non
2398 2288 2412 2312 ,
2458 2259 2519 2302 ut
2546 2251 2822 2318 oportuit,
2851 2250 2919 2304 ab
2947 2265 3013 2306 eo
3045 2261 3301 2309 tractatus
3332 2266 3510 2323 esset,
3541 2261 3637 2315 sed

2043 2336 2281 2406 potiores
2307 2337 2396 2392 ille
2421 2348 2598 2408 partes
2626 2340 2726 2396 sibi
2754 2342 3103 2407 vindicasset,
3134 2344 3291 2416 idque
3319 2357 3441 2417 post
3463 2350 3639 2420 optio-

2043 2441 2164 2482 nem
2191 2428 2367 2483 datam
2407 2429 2727 2487 electidnis?
2769 2432 2958 2490 Nonne
3001 2437 3312 2507 sanguinem
3359 2440 3639 2511 profudit?

2044 2536 2222 2577 nonne
2267 2525 2582 2579 vernaculos
2634 2540 2825 2582 onmcs
2877 2542 3003 2583 suos
3051 2530 3317 2586 armavit?
3363 2548 3542 2590 nonne
3588 2538 3637 2589 in

2042 2624 2289 2685 apertum
2328 2632 2387 2672 se
2416 2618 2705 2674 discrimen
2743 2620 2937 2691 objecit
2956 2622 2983 2675 ’ἲ
3028 2624 3093 2675 At
3122 2639 3227 2692 quo
3256 2635 3499 2696 tempore
3522 2629 3640 2698 jus-

2044 2721 2139 2761 sus
2160 2716 2243 2763 est.
2286 2708 2505 2764 domum
2552 2709 2834 2778 deserere,
2881 2724 3041 2784 atque
3083 2716 3134 2770 in
3163 2717 3325 2772 aliam
3363 2722 3638 2793 regionem

2045 2800 2352 2872 proficisci,
2401 2818 2580 2858 nonne
2628 2805 2809 2859 statim
2845 2808 3039 2875 paruit,
3090 2818 3144 2863 et
3191 2811 3393 2879 patria,
3430 2815 3639 2881 amicis,

2048 2895 2359 2965 prepinquis
2380 2936 2395 2961 ,
2428 2906 2482 2951 et
2509 2898 2758 2952 omnibus
2779 2898 3053 2954 derelictis
3080 2944 3095 2968 ,
3128 2904 3378 2958 mandato
3401 2905 3641 2975 jnhentis

2046 2987 2323 3054 obediens,
2354 3004 2474 3060 qua:
2504 2998 2645 3044 certa
2663 3002 2815 3044 erant
2840 2990 3112 3059 deseruit,
3145 3004 3200 3049 ct
3228 2994 3447 3050 incertis
3476 3000 3640 3054 multo

2046 3082 2347 3152 promptius
2374 3098 2532 3153 quam
2560 3084 2724 3139 certis
2756 3083 2983 3139 adltresit
3016 3103 3030 3139 :
3065 3084 3199 3141 adeo
3232 3089 3507 3157 promissis
3550 3091 3641 3147 Dei

2049 3172 2372 3241 confidebat,
2407 3174 2546 3245 quod
2595 3174 3003 3245 perfectissimae
3032 3177 3150 3233 fidei
3184 3177 3319 3233 fuit?
3364 3180 3489 3236 Post
3523 3182 3642 3237 haec

2048 3273 2226 3319 autem
2254 3266 2431 3320 omnia
2460 3282 2637 3322 nonne
2662 3283 2783 3323 cum
2822 3267 2996 3324 fames
3035 3269 3279 3339 saeviret,
3325 3271 3516 3327 iturum
3542 3289 3637 3328 ex-

2053 3358 2218 3413 torris
2255 3369 2337 3413 est
2376 3358 2544 3413 factus
2565 3401 2578 3425 ,
2606 3374 2781 3430 neque
2806 3362 3251 3417 consternabatur
3274 3404 3290 3429 ,
3318 3375 3409 3419 aut
3437 3375 3647 3436 perun"

2048 3450 2293 3517 babatur,
2331 3450 2423 3505 sed
2445 3451 2686 3505 eamdem
2710 3450 3090 3520 obedientiam,
3120 3452 3435 3510 modestiam
3452 3470 3515 3511 ac
3548 3473 3643 3526 pa-

2049 3542 2287 3598 tiemiam
2324 3558 2432 3619 pra:
2459 3558 2517 3598 se
2546 3542 2787 3609 ferebat,
2820 3553 2978 3614 atque
3018 3545 3067 3599 in
3099 3544 3390 3618 IEgyptum
3417 3548 3645 3604 desecu—

2050 3635 2233 3702 debat,
2268 3637 2349 3691 sic
2378 3644 2436 3690 ut
2459 3649 2581 3693 cum
2613 3636 2724 3692 Deo
2766 3638 3030 3706 paruisset
3061 3636 3175 3692 haec
3206 3638 3525 3710 imperanti,
3554 3657 3647 3697 sua

2051 3727 2121 3780 sit
2164 3741 2327 3781 uxore
2385 3727 2660 3795 privatus,
2715 3741 2834 3782 eam
2889 3727 3080 3798 injuria
3134 3729 3378 3785 affectam
3429 3733 3644 3797 viderit,

2050 3826 2305 3888 quantum
2335 3818 2551 3887 quidem
2579 3818 2630 3872 in
2661 3817 2910 3890 AEgyptio
2943 3820 3103 3873 situm
3150 3818 3285 3887 fuit,
3328 3832 3381 3876 ct
3406 3842 3417 3875 :
3438 3824 3649 3880 chbio-

2052 3922 2164 3962 rem
2209 3917 2384 3964 morte
2431 3909 2641 3978 plagam
2684 3908 2898 3964 letalem
2943 3911 3249 3980 acceperit?
3303 3913 3439 3981 Qttid
3483 3916 3648 3982 enim,

2053 4013 2255 4070 qumso,
2283 3997 2381 4056 fuit
2405 4002 2669 4069 acerbius,
2702 4016 2861 4072 quam
2892 4002 3171 4057 mulierem
3201 4004 3298 4060 sibi
3325 4006 3651 4063 matrimonii

2054 4093 2171 4162 lege
2209 4094 2510 4162 copulatam
2536 4104 2654 4163 post
2688 4104 2762 4149 tot
2798 4103 2943 4149 recte
2976 4093 3113 4150 facta
3144 4078 3365 4153 cernere
3396 4114 3424 4153 a
3456 4100 3649 4155 barba-

2054 4185 2163 4239 rica
2189 4185 2464 4255 abreptam
2494 4187 2732 4253 lascivia,
2776 4188 2827 4241 in
2859 4189 3003 4257 regia
3040 4189 3399 4246 introductam
3429 4194 3647 4262 palatia,

2055 4277 2378 4331 contumelia
2407 4277 2652 4333 affectam
2679 4279 2947 4335 cernere?
2975 4281 3232 4348 Quamvis
3262 4285 3405 4338 enim
3435 4284 3486 4338 in
3516 4299 3650 4355 Opus

2056 4384 2159 4424 non
2183 4371 2378 4426 exierit
2403 4373 2727 4428 contumelia
2752 4415 2765 4439 ,
2794 4373 2907 4443 ipse
2935 4381 3114 4429 tamen
3144 4374 3270 4430 illud
3295 4382 3645 4446 exspectavit,

2056 4471 2110 4516 et
2135 4464 2310 4517 omnia
2352 4464 2615 4533 patienter
2640 4463 2848 4520 ferebat
2874 4484 2886 4520 :
2912 4467 2990 4519 sic
3019 4477 3074 4521 ut
3104 4482 3280 4538 neque
3318 4469 3651 4527 calamitates

2057 4569 2177 4608 cum
2209 4556 2603 4623 subverterint,
2647 4572 2819 4627 neque
2848 4560 3086 4627 prosperi
3124 4573 3405 4616 successus
3439 4564 3650 4618 extule-

2056 4646 2202 4713 rint,
2254 4647 2348 4702 sed
2395 4648 2447 4702 in
2495 4657 2792 4719 temporum
2845 4648 3145 4704 differentia
3186 4652 3447 4720 :rqualcm
3488 4658 3651 4708 animi

2058 4752 2272 4793 sensum
2299 4741 2650 4794 conservarit.
2704 4740 2842 4806 Quid
2872 4754 3034 4807 vero,
3067 4756 3188 4795 cum
3215 4741 3289 4796 illi
3329 4743 3493 4799 lilium
3526 4761 3649 4815 pro-

2058 4830 2230 4897 misit,
2260 4847 2437 4886 nonne
2466 4847 2525 4887 se
2561 4832 2704 4888 mille
2746 4832 3126 4904 impedimenta
3149 4832 3463 4904 objeccrunt
3489 4879 3502 4901 ,
3534 4855 3655 4909 quae

2058 4923 2309 4993 cogitanti
2360 4926 2495 4979 ratio
2521 4923 2881 4996 suggerebat?
2924 4940 3044 4995 qua:
3073 4927 3255 4981 omnia
3284 4944 3406 4984 cum
3449 4930 3536 4986 ille
3563 4947 3650 4986 sc-

2058 5016 2274 5084 dasset,
2323 5034 2645 5089 omnemque
2691 5018 2903 5074 illorum
2957 5019 3240 5075 tumultum
3286 5024 3649 5093 repressissi't,

2060 5110 2164 5165 ﬁde
2193 5111 2422 5166 maxime
2452 5111 2674 5165 illustris
2716 5110 2852 5166 fuit?
2894 5111 3118 5180 Quando
3149 5122 3329 5170 autem
3373 5116 3655 5173 immolare

2058 5201 2206 5257 illum
2224 5202 2404 5273 jussus
2423 5209 2523 5267 est,
2544 5217 2720 5258 nonne
2741 5218 2947 5258 summa
2968 5218 3089 5259 cum
3115 5204 3476 5273 festinatione,
3500 5211 3651 5278 quasi

2058 5295 2353 5365 nuptialem
2382 5294 2447 5348 ad
2482 5293 2772 5349 thalamum
2806 5294 3134 5351 deducturus
3176 5295 3329 5351 illum
3367 5307 3546 5364 esset,
3580 5299 3650 5353 ita

2060 5384 2205 5439 illum
2260 5385 2453 5440 duxit?
2524 5395 2684 5455 atque
2737 5386 2907 5455 ipsam
2962 5387 3351 5458 propemodum
3407 5396 3650 5444 naturam

2058 5490 2259 5531 exuens
2278 5517 2291 5540 ,
2337 5485 2389 5530 ct
2418 5475 2579 5531 homo
2604 5491 2724 5532 esse
2754 5476 3006 5532 desinens
3030 5517 3045 5543 ,
3081 5492 3276 5532 novum
3305 5477 3570 5547 quoddam
3605 5490 3664 5535 et

2059 5567 2366 5623 inusitatum
2389 5567 2580 5623 obtulit
2604 5567 2944 5635 sacrificium,
2974 5570 3227 5639 solusque
3253 5579 3523 5624 certamen
3548 5568 3653 5624 hoc

2060 5658 2349 5725 CODSCl'Ull,
2388 5673 2492 5713 non
2522 5674 2645 5714 cum
2678 5674 2845 5715 UXOI‘C
2864 5701 2876 5725 ,
2909 5675 3013 5714 non
3043 5673 3163 5714 eum
3192 5674 3367 5724 SOPVO,
3390 5673 3507 5715 non
3531 5674 3653 5715 eum

2060 5736 2164 5806 alio
2210 5752 2398 5820 quovis
2447 5752 2910 5808 communicavit?
2964 5752 3195 5807 Noverat
3244 5750 3428 5817 enim,
3489 5752 3657 5822 probe

2060 5852 2299 5910 ιιονςωῐ,
2330 5852 2525 5914 quanta
2560 5844 2763 5914 scopuli
2790 5843 2934 5899 illius
2956 5851 3097 5899 esset
3112 5841 3435 5912 sublimitas,
3459 5850 3653 5914 quanta
