4002 6378
483 346 582 405 5"
1203 348 1263 405 s.
1304 348 1582 412 JOANNIS
1619 347 2100 406 cnnvsosront
2142 348 2461 412 ARCHIEP.
2494 356 3028 430 consumatur.
3669 383 3766 439 ﬁt!

486 465 661 522 moles
691 463 836 522 illius
859 462 1117 532 mandati,
1154 472 1348 534 quanta
1371 463 1510 518 illius
1535 461 1843 518 certaminis
1869 461 2078 533 magni-

486 558 647 614 tudo:
667 573 825 628 quam
851 557 922 613 ob
941 571 1154 611 causam
1180 555 1325 610 solus
1343 555 1483 610 hunc
1509 570 1723 609 cursum
1747 555 2003 624 suscepit,
2025 562 2080 610 et

485 649 744 717 cucurrit,
771 658 823 703 et
845 648 1156 708 certavit,et
1177 661 1429 701 coronam
1455 645 1678 716 adeptus
1703 654 1805 712 el,
1828 655 1880 700 et
1911 648 2080 700 victor

488 751 570 796 est
598 743 949 798 renuntiatus.
995 739 1122 807 Quis
1145 753 1268 794 eum
1298 739 1552 795 sacerdos
1582 739 1682 794 ista
1715 737 1930 794 docuit?
1959 739 2078 806 quis

487 831 676 888 doctor
699 831 724 886 ?
751 831 870 900 quis
901 829 1155 899 prephcta
1181 829 1205 883 ‘l
1245 828 1432 884 Nullus
1462 829 1621 898 plane
1655 848 1669 885 :
1702 829 1798 886 sed
1824 828 2074 898 quoniam

489 925 652 994 proba
683 933 860 978 mente
903 922 1158 992 pneditus
1201 919 1335 988 fuit,
1389 921 1465 978 illi
1511 921 1576 975 ad
1623 922 1802 975 omnia
1844 920 2071 977 suffecit.

485 1013 623 1081 Quid
667 1028 795 1068 vero
837 1011 990 1066 Noe?
1043 1012 1214 1080 Quem
1263 1011 1448 1068 habuit
1497 1011 1870 1068 sacerdotem?
1917 1026 2074 1081 quem

483 1103 798 1162 doctorem?
819 1117 977 1174 quem
1001 1102 1418 1158 instruetorem?
1447 1101 1876 1173 quandoquidem
1905 1101 2072 1169 solus,

483 1209 603 1249 cum
647 1202 794 1248 totus
833 1191 978 1247 orbis
1020 1201 1283 1247 terrarum
1319 1191 1613 1246 sceleribus
1654 1190 1880 1246 infectus
1909 1201 2072 1258 esset,

481 1285 748 1340 contraria
794 1284 876 1339 via
945 1282 1252 1349 incessit‘,
1303 1291 1360 1337 et
1412 1282 1662 1338 virtutem
1709 1283 2070 1346 conservavit,

480 1391 650 1446 eaque
682 1375 892 1431 czcteris
918 1373 994 1429 sic
1017 1373 1258 1444 prazluxit
1277 1413 1294 1440 ,
1323 1382 1380 1427 ut
1406 1373 1460 1426 in
1485 1378 1754 1428 communi
1785 1373 1931 1428 orbis
1961 1384 2072 1428 ter-

483 1481 662 1522 rarum
703 1465 977 1536 naufragio
1001 1479 1122 1519 cum
1149 1463 1264 1532 ipse
1290 1463 1468 1518 salvus
1501 1473 1556 1518 et
1579 1463 1854 1518 incolumis
1877 1463 2070 1518 evade-

481 1567 587 1623 ret,
616 1568 730 1615 tum
758 1567 981 1613 ceteros
1011 1571 1120 1626 prae
1166 1556 1326 1612 nimia
1369 1570 1481 1611 sua:
1517 1555 1726 1609 virtutis
1769 1555 2071 1626 prurstautia

481 1666 546 1707 ex
603 1649 1004 1704 imminentibus
1052 1648 1302 1718 periculis
1355 1646 1632 1720 eriperet?
1682 1645 1834 1702 Unde
1895 1646 2072 1717 justus

479 1742 690 1804 evasit?
731 1741 872 1798 unde
902 1740 1203 1810 perfectus?
1241 1741 1394 1811 cujus
1420 1740 1716 1796 sacerdotis
1741 1749 1795 1795 et
1822 1740 1957 1812 ipse,
1987 1740 2070 1794 vel

477 1835 629 1904 cujus
655 1833 894 1889 doctoris
919 1832 1179 1886 industria
1206 1841 1290 1887 est
1311 1833 1487 1886 usus?
1521 1830 1690 1886 Nemo
1716 1840 1801 1886 est
1824 1831 1912 1901 qui
1943 1846 2070 1902 pos-

477 1926 548 1981 sit
590 1925 691 1980 hoc
717 1924 918 1980 dicere.
970 1922 1140 1991 Hujus
1169 1937 1330 1992 porro
1361 1922 1534 1988 filius,
1579 1923 1790 1977 tametsi
1817 1921 2073 1977 domesti-

477 2032 597 2073 cum
645 2016 924 2071 doctorem
971 2014 1202 2069 habebat
1239 2013 1515 2068 assiduum
1540 2053 1556 2080 ,
1600 2014 1769 2083 patris
1796 2014 2069 2076 virtutem.

476 2108 699 2182 ejusque
724 2107 940 2163 monitis
971 2105 1332 2170 imbuebatur,
1361 2105 1474 2160 sive
1500 2119 1596 2174 per
1621 2105 1807 2172 verba,
1838 2105 1953 2160 sive
1975 2119 2072 2173 per

475 2215 638 2270 opera
659 2241 676 2266 ,
721 2207 778 2256 et
820 2207 1079 2254 eventum
1128 2213 1308 2252 rerum
1338 2204 1621 2266 cerneret,
1665 2211 1787 2252 cum
1815 2197 1977 2252 etiam
2002 2211 2069 2250 ex

476 2292 821 2359 calamitate,
866 2300 1028 2362 atque
1072 2305 1137 2344 ex
1181 2289 1550 2343 incolumitate
1594 2303 1699 2342 non
1727 2287 1861 2342 levis
1887 2286 2072 2342 admo-

479 2384 612 2440 nitio
652 2365 1009 2452 suppetebat,
1056 2381 1330 2452 improbus
1378 2381 1432 2435 in
1471 2389 1748 2450 parentem
1787 2381 1991 2444 evasit,
2018 2387 2072 2436 et

477 2473 739 2546 genitoris
779 2472 863 2526 sui
908 2473 1201 2528 nuditatem
1246 2472 1414 2526 irrisit
1451 2486 1516 2527 ac
1555 2470 1848 2542 divulgavit
1890 2469 2067 2542 (Gen.

477 2564 533 2619 9.
561 2563 680 2637 22).
721 2562 887 2618 Vides
916 2563 1115 2633 ubique
1148 2563 1315 2632 proba
1345 2571 1525 2617 mente
1551 2577 1686 2632 opus
1711 2562 1877 2617 esse?
1931 2561 2070 2628 Quid

476 2673 608 2713 vero
647 2656 780 2722 Job,
825 2657 942 2722 dic,
983 2655 1201 2726 quaeso?
1251 2671 1386 2725 quos
1425 2654 1716 2726 prophetas
1753 2654 2072 2710 audiverat?

475 2764 579 2818 qua
623 2748 862 2804 doctrina
911 2747 1083 2802 fuerat
1121 2746 1399 2802 imbutus?
1445 2745 1620 2802 Nulla.
1667 2747 1736 2802 At
1765 2746 1852 2801 hic
1891 2756 2069 2803 tamen

473 2855 686 2910 quoque
709 2880 726 2908 ,
755 2839 880 2894 licet
904 2837 1034 2892 nihil
1061 2838 1328 2907 ejusmodi
1361 2846 1670 2907 suppeteret
1696 2879 1713 2904 ,
1739 2838 1884 2892 omni
1913 2837 2072 2892 virtu-

476 2931 543 2985 tis
564 2945 764 3001 genere
804 2945 863 2985 se
900 2928 1183 2999 praeditum
1227 2928 1648 2998 exquisitissime
1675 2929 1928 2984 ostendit.
1975 2928 2068 2982 Et-

472 3023 618 3078 enim
653 3021 932 3077 facultates
959 3035 1084 3076 suas
1119 3020 1306 3074 habuit
1330 3035 1449 3076 cum
1482 3020 1804 3091 pauperibus
1828 3035 2068 3075 commu-

472 3128 590 3177 nes,
616 3127 790 3183 neque
821 3111 1095 3167 facultates
1115 3111 1310 3178 solum,
1337 3111 1431 3167 sed
1462 3112 1632 3182 ipsum
1661 3113 1821 3166 etiam
1848 3127 2064 3182 corpus.

471 3206 606 3262 Nam
634 3216 688 3264 et
713 3207 947 3262 viatores
972 3205 1136 3260 domo
1175 3205 1476 3277 excipiebat
1500 3246 1515 3270 ,
1560 3215 1613 3260 et
1649 3204 1860 3259 illorum
1890 3205 2069 3275 potius

476 3313 637 3370 quam
679 3297 881 3352 domini
926 3306 1042 3352 erat
1086 3296 1310 3362 domus;
1356 3298 1597 3367 corporis
1646 3307 1823 3353 autem
1865 3298 2069 3353 viribus

475 3405 591 3455 eos,
617 3387 706 3458 qui
734 3387 1070 3458 patiebantur
1095 3387 1365 3457 injuriam,
1397 3387 1772 3453 ulciscebatur,
1796 3396 1848 3442 at
1874 3387 2069 3458 lingua:

471 3481 779 3554 prudentia,
800 3481 1172 3551 sapientiaque
1197 3480 1467 3535 silentium
1490 3481 1941 3537 obtrectatoribus
1968 3482 2061 3538 im-

471 3573 739 3644 ponebat,
790 3571 1154 3641 evangelicam
1183 3569 1414 3641 denique
1440 3572 1561 3627 vitae
1594 3571 2059 3628 conversationem

469 3666 524 3721 in
552 3663 800 3718 omnibus
827 3662 940 3717 Suis
969 3661 1268 3716 actionibus
1308 3647 1612 3718 elucentem
1640 3661 1947 3718 exhibebat.
1977 3661 2068 3719 Sic

469 3764 647 3810 autem
693 3769 804 3809 rem
842 3752 1108 3822 expende.
1160 3752 1306 3806 Beati
1345 3771 1591 3826 pauperes
1627 3756 1809 3825 spiritu
1841 3753 2061 3828 (Matth.

468 3849 523 3904 5.
549 3845 636 3920 '5),
667 3845 744 3900 ait
766 3845 1034 3901 Christus.
1085 3845 1198 3900 iloc
1229 3845 1342 3914 ipse
1370 3861 1533 3915 opere
1559 3845 1864 3902 confectum
1895 3846 2063 3900 dedit.

468 3941 531 3998 Si
560 3941 692 3996 enim
714 3939 942 4011 despexi,
975 3939 1182 4009 inquit,
1204 3939 1455 4008 judicium
1487 3941 1698 4011 famuli,
1725 3951 1814 3995 aut
1841 3942 2060 4007 ancilltc,

469 4051 584 4088 cum
613 4034 712 4102 ipsi
739 4033 994 4104 litigarem
1023 4049 1235 4086 mecum.
1288 4032 1423 4098 Quid
1451 4034 1584 4087 enim
1616 4034 1839 4104 faciant,
1867 4033 1909 4087 si
1941 4034 2062 4088 uisi-

467 4128 709 4183 tationem
731 4126 826 4179 mei
848 4125 1002 4196 faciat
1031 4123 1280 4177 Dominus
1302 4125 1328 4178 .9
1382 4123 1586 4191 Nonne,
1625 4125 1754 4177 sicut
1780 4140 1872 4194 ego
1898 4127 2066 4194 factus

465 4234 580 4274 sum
605 4220 657 4270 in
685 4226 826 4270 utero
849 4257 865 4284 ,
895 4225 943 4268 et
979 4215 1058 4268 illi
1097 4215 1219 4284 facti
1256 4214 1410 4267 sunt?
1448 4212 1597 4267 Facti
1627 4223 1793 4268 autem
1816 4231 1988 4268 sumus
2010 4216 2064 4268 in

464 4307 640 4361 eodem
674 4316 841 4360 uentre
867 4304 990 4374 (Job
1023 4305 1111 4360 ⁸51.
1145 4305 1316 4360 13-15
1345 4303 1389 4375 ).
1436 4303 1578 4358 Beati
1610 4306 1780 4372 mites,
1827 4307 2064 4376 quoniam

463 4397 564 4468 ipsi
595 4395 944 4451 heredilabunt
982 4407 1166 4449 terram
1193 4394 1404 4467 (Matth.
1429 4397 1482 4452 5.
1519 4394 1598 4463 4).
1640 4395 1776 4465 Quid
1809 4413 1935 4452 vero
1961 4399 2064 4452 mi-

465 4493 570 4548 tius
597 4491 687 4546 illo
709 4491 844 4558 fuit,
875 4488 942 4545 de
968 4505 1074 4561 quo
1100 4488 1350 4544 dicebant
1377 4489 1557 4543 famuli
1591 4507 1604 4542 :
1641 4489 1765 4555 Quis
1786 4490 1865 4543 det
1897 4490 2060 4558 nobis,

464 4594 521 4636 ut
560 4583 796 4637 carnibus
837 4582 948 4653 ejus
989 4581 1233 4635 satientur
1267 4579 1404 4650 (Job
1436 4581 1522 4636 3|.
1556 4581 1670 4652 51).
1717 4580 1867 4636 Adeo
1900 4580 2064 4636 vehe-

455 4685 673 4730 mentes
697 4676 838 4730 illius
863 4684 1136 4728 amatores
1157 4681 1325 4728 erant.
1355 4671 1501 4727 Beati
1512 4674 1595 4744 qui
1613 4674 1800 4744 lugent,
1821 4674 2062 4744 quoniam

467 4767 566 4836 ipsi
594 4767 990 4821 consolabuntur
1012 4765 1224 4840 (Matth.
1258 4766 1310 4822 5.
1336 4768 1411 4839 5).
1442 4765 1548 4822 Sed
1575 4782 1641 4822 nc
1664 4766 1822 4838 hujus
1843 4767 2058 4837 quidem

469 4873 661 4928 expers
700 4859 908 4914 virtutis
951 4860 1068 4916 fuit.
1117 4861 1253 4916 Audi
1297 4877 1425 4914 sane
1451 4859 1575 4929 quid
1614 4861 1801 4916 dicat:
1839 4860 1990 4928 Quod
2016 4864 2061 4918 si

467 4965 582 5001 cum
612 4959 791 5018 sponte
819 4965 1132 5018 peccassem,
1175 4953 1351 5022 expavi
1394 4953 1592 5004 turbant
1623 4952 1836 5021 populi,
1875 4963 1929 5006 ut
1959 4971 2058 5008 non

465 5057 756 5094 enarrurcm
803 5040 1116 5107 iniquitatem
1155 5061 1315 5097 meam
1363 5044 1482 5116 (Job
1509 5045 1596 5100 5|.
1621 5047 1710 5100 55.
1743 5047 1857 5116 ⁸54).
1889 5047 2060 5103 Porro

465 5132 554 5202 qui
584 5131 662 5186 sic
701 5131 921 5186 allectus
958 5144 1110 5210 erat,
1158 5135 1294 5189 haud
1323 5137 1542 5192 dubium
1567 5137 1692 5207 quin
1721 5139 1865 5192 illam
1899 5156 2059 5209 supra

359 5240 367 5248 ·
465 5221 682 5275 modum
717 5222 944 5292 lugeret.
990 5223 1136 5278 Beati
1161 5227 1246 5292 qui
1271 5229 1495 5281 esuriant
1521 5239 1566 5282 et
1596 5230 1771 5283 sitiunt
1801 5231 2060 5300 justitiam

466 5313 676 5385 (Matth.
707 5316 760 5369 5.
793 5313 872 5385 6).
924 5314 1056 5369 Vide
1085 5315 1186 5370 hoc
1226 5319 1384 5372 etiam
1426 5320 1494 5374 ab
1523 5321 1614 5375 illo
1657 5322 1881 5377 mirifice
1905 5339 2057 5378 com-

467 5407 686 5472 pletum.
716 5403 958 5478 Confregi
982 5450 996 5472 ,
1030 5407 1198 5477 inquit
1220 5449 1236 5472 ,
1271 5411 1432 5464 molas
1459 5413 1767 5483 iniquorum,
1791 5425 1835 5469 et
1864 5415 1928 5470 de
1950 5434 2059 5471 me-

465 5495 549 5546 dio
579 5497 802 5549 dentium
841 5513 1012 5550 eorum
1041 5497 1274 5568 rapinam
1301 5503 1463 5571 eripui
1517 5503 1647 5576 (Job
1693 5506 1784 5562 99.
1817 5506 1926 5580 l7).
1959 5506 2058 5562 Ju-

465 5585 655 5638 stitiam
687 5603 802 5641 vero
839 5589 1047 5642 indutus
1085 5607 1195 5643 sum
1219 5632 1234 5656 ,
1261 5602 1308 5644 ct
1337 5594 1538 5648 vestitus
1567 5614 1677 5650 sunt
1703 5597 1902 5666 judicio
1929 5602 2060 5654 sicut

469 5673 695 5740 diploidc
719 5676 822 5746 (Ib.
846 5695 894 5732 υ.
930 5678 1037 5750 l/t).
1087 5679 1230 5735 Beati
1274 5684 1652 5756 misericordes,
1693 5691 1928 5760 quoniam
1959 5693 2057 5764 ipsi

535 5781 554 5814 ³
578 5783 684 5844 Alli,
708 5786 757 5835 in
783 5789 860 5843 nia
882 5798 1016 5842 recta
1039 5793 1310 5848 ambulavit.

2191 471 2586 527 misericordiam
2614 491 2978 548 consequentur
2997 480 3210 552 (Matth.
3240 485 3292 541 5.
3330 487 3410 558 7).
3455 490 3527 545 At
3552 491 3646 548 ista
3670 512 3764 551 non

2188 561 2240 617 in
2269 566 2506 632 pecuniis
2545 575 2748 624 tantum
2781 573 3082 629 misericors
3105 586 3254 644 erat,
3312 591 3409 635 aut
3443 582 3572 640 dum
3609 588 3764 645 nudos

2187 654 2472 724 indueret,
2509 669 2564 715 et
2587 662 2886 718 esurientes
2927 665 3135 735 aleret,
3175 669 3420 726 viduitati
3450 675 3763 740 subveniret.

2185 745 2456 816 orphanos
2487 759 2759 819 tueretur,
2805 764 3009 810 natura:
3033 757 3245 816 oblteste
3273 762 3423 820 vitiis
3451 765 3762 837 mederetur,

2183 838 2277 894 sed
2321 850 2375 896 et
2417 841 2532 909 ipso
2575 843 2742 899 animi
2786 848 3158 916 compatientis
3205 851 3423 909 alfectu.
3475 853 3591 925 Ego
3612 859 3762 922 enim,

2184 929 2386 999 inquit,
2417 949 2570 1003 super
2597 936 2736 990 omni
2776 937 3048 1007 impotente
3082 942 3232 1010 ﬂevi,
3281 954 3331 997 et
3357 961 3529 1014 gemat
3553 988 3568 1012 ,
3607 950 3764 1002 rideas

2181 1021 2343 1076 virum
2369 1022 2421 1076 in
2447 1025 2819 1082 necessitatibus
2845 1027 2965 1098 (Job
2992 1029 3082 1087 '50.
3109 1031 3225 1100 25).
3273 1033 3578 1106 Tamquam
3632 1039 3762 1092 enim

2181 1114 2483 1170 communis
2507 1117 2745 1172 omnium
2772 1127 2926 1187 pater
2957 1132 3142 1189 esset,
3172 1124 3242 1179 ita
3270 1125 3606 1194 singulorum
3630 1130 3762 1184 cala-

2181 1202 2394 1259 mitates
2439 1205 2572 1259 alias
2611 1207 2911 1276 sarciebat,
2956 1211 3088 1267 alias
3118 1214 3364 1284 lugebat,
3408 1218 3679 1282 etverbis.
3713 1230 3762 1274 et

2182 1292 2334 1349 factis
2353 1336 2372 1361 ,
2395 1305 2450 1350 et
2474 1299 2851 1367 compatientis
2873 1301 3060 1358 ati‘ectu
3081 1343 3098 1370 ,
3125 1314 3181 1360 et
3210 1305 3465 1378 lacrymis
3483 1347 3500 1375 ,
3530 1319 3583 1364 et
3607 1312 3762 1366 modis

2179 1388 2428 1444 omnibus
2455 1390 2845 1450 calamitatibus
2883 1410 3098 1464 pressos
3122 1397 3403 1467 erigebat,
3450 1411 3507 1454 ut
3543 1400 3610 1456 ad
3651 1418 3760 1457 eum

2179 1493 2368 1535 clunes
2395 1491 2662 1552 tamquam
2691 1484 2758 1538 ad
2787 1499 3127 1544 communem
3155 1499 3373 1556 portum
3402 1494 3756 1562 confugerent.

2178 1571 2323 1628 Beati
2349 1574 2437 1644 qui
2463 1576 2638 1629 ntuudi
2673 1587 2790 1633 sunt
2827 1580 2977 1636 corde
2996 1623 3011 1647 ,
3043 1583 3283 1652 quoniam
3310 1585 3418 1654 ipsi
3454 1583 3616 1639 Deum
3638 1587 3756 1640 ride-

2179 1666 2299 1720 bunt
2345 1665 2557 1736 (Matth.
2585 1668 2642 1724 5.
2672 1669 2748 1740 8).
2805 1671 2873 1725 Et
2917 1671 3020 1727 hoc
3064 1672 3153 1728 ille
3196 1689 3302 1728 non
3346 1675 3608 1730 mediocri
3648 1691 3756 1732 cum

2179 1756 2335 1814 laude
2360 1758 2664 1828 prmstabat.
2695 1761 2832 1818 Audi
2857 1763 3000 1817 enim
3035 1764 3201 1819 Deum
3231 1764 3334 1820 hoc
3363 1766 3433 1820 de
3451 1767 3545 1820 illo
3573 1776 3755 1822 testan-

2179 1856 2284 1903 tem
2321 1865 2335 1902 :
2368 1847 2490 1904 Non
2516 1859 2588 1906 est
2617 1851 2767 1908 homo
2792 1853 2974 1910 similis
3007 1854 3053 1908 ei
3080 1855 3134 1910 in
3161 1864 3296 1908 terra
3315 1897 3332 1922 ,
3360 1855 3512 1909 homo
3536 1856 3641 1910 sine
3665 1857 3756 1910 cri-

2176 1939 2343 2004 mine,
2370 1941 2547 2009 justus
2567 1983 2586 2008 ,
2618 1957 2804 2007 verax,
2834 1943 3002 1997 colens
3040 1941 3227 2012 Deum,
3257 1946 3520 2000 abstinens
3551 1949 3612 1998 ab
3635 1947 3756 1999 cauti

2176 2030 2314 2086 mala
2342 2047 2396 2085 re
2433 2029 2553 2104 (Job
2583 2033 2633 2086 ί.
2662 2032 2696 2086 8
2721 2031 2765 2102 ).
2813 2031 2960 2088 Beati
2986 2035 3072 2104 qui
3102 2037 3541 2106 persequutionem
3574 2038 3757 2107 patiun-

2178 2129 2260 2174 tur
2287 2131 2496 2190 propter
2528 2122 2822 2192 justitiam,
2875 2125 3114 2190 quoniam
3160 2127 3395 2198 ipsorum
3443 2137 3516 2182 est
3563 2144 3751 2201 regnum

2175 2213 2417 2267 ctelorum
2443 2213 2658 2283 (Matth.
2680 2215 2734 2271 5.
2761 2217 2872 2288 10).
2908 2217 2977 2276 Et
3006 2218 3131 2274 inde
3159 2219 3388 2274 multam
3416 2221 3749 2276 certaminum

2176 2319 2240 2360 ac
2267 2306 2604 2374 prsemiorum
2642 2309 2850 2379 copiam
2881 2311 3183 2382 colligebat.
3232 2313 3356 2372 Non
3395 2315 3538 2372 enim
3567 2315 3630 2368 ab
3663 2314 3750 2370 bo-

2177 2398 2410 2455 miuibus
2438 2400 2762 2470 vexabatur,
2803 2402 2897 2457 sed
2933 2404 3049 2473 ipse
3069 2405 3332 2462 malorum
3359 2407 3566 2476 primus
3587 2416 3752 2460 auctor
3835 2478 3837 2480 η

2177 2489 2388 2548 daemon
2419 2491 2471 2544 in
2501 2506 2624 2547 eum
2671 2493 2939 2549 ferebatur
2962 2535 2979 2561 ,
3020 2505 3077 2552 et
3117 2497 3372 2552 omnibus
3401 2497 3514 2554 suis
3541 2496 3749 2552 admotis

2176 2581 2438 2637 machinis
2467 2582 2724 2653 impetum
2748 2585 2801 2639 in
2830 2600 2954 2641 eum
2983 2586 3254 2656 faciebat,
3296 2589 3464 2644 domo
3504 2598 3557 2645 et
3599 2589 3748 2658 patria

2175 2672 2440 2742 pellebat,
2472 2684 2529 2730 et
2563 2675 2630 2729 ad
2659 2675 2840 2730 [illium
2866 2677 3186 2736 amaudabat
3207 2721 3224 2744 ,
3257 2681 3501 2750 pecuniis
3527 2680 3748 2734 omnibus

2175 2762 2461 2834 spoliabat,
2487 2767 2938 2836 possessionibus,
2971 2769 3178 2837 liberis,
3211 2770 3324 2842 ipsa
3353 2771 3592 2841 corporis
3618 2771 3746 2825 sani-

2177 2863 2285 2909 tate
2306 2896 2322 2924 ,
2348 2869 2412 2912 ac
2441 2855 2582 2913 fame
2601 2859 2914 2929 gravissima
2945 2861 3253 2930 cruciabat;
3287 2873 3344 2918 et
3371 2878 3500 2918 vero
3526 2877 3638 2918 cum
3667 2861 3745 2916 illo

2175 2948 2390 3018 quidam
2415 2965 2481 3005 ex
2509 2951 2693 3007 amicis
2719 2967 2828 3006 non
2872 2954 3215 3010 mediocriter
3237 2958 3287 3010 ei
3317 2954 3636 3010 insultabant
3655 2993 3670 3020 ,
3697 2961 3744 3008 et

2174 3039 2290 3110 ejus
2315 3041 2507 3097 animae
2533 3042 2708 3099 ulcera
2739 3043 3102 3102 laneinabant.
3133 3045 3282 3101 Beati
3311 3047 3451 3102 eritis
3476 3086 3494 3112 ,
3519 3060 3627 3099 cum
3648 3059 3742 3096 nta-

2175 3131 2440 3186 ledixerint
2463 3133 2599 3188 vobis
2627 3135 2854 3191 homines
2876 3178 2892 3202 ,
2932 3145 2979 3192 et
3023 3139 3310 3210 persequuti
3349 3155 3436 3194 uos
3469 3137 3672 3210 fuerint,
3703 3141 3745 3188 et

2175 3225 2394 3281 dixerint
2424 3243 2572 3282 omne
2599 3229 2789 3283 malum
2813 3230 3078 3285 adversum
3105 3247 3193 3286 vos
3219 3233 3535 3294 mentientes,
3563 3235 3742 3301 propter

2173 3335 2269 3372 me.
2291 3318 2538 3386 Gaudete,
2561 3330 2606 3378 et
2630 3323 2897 3389 exsultate,
2914 3325 3153 3394 quoniam
3173 3341 3365 3380 merces
3383 3335 3542 3380 vestra
3561 3321 3740 3390 copiosa

2173 3419 2244 3464 est
2272 3411 2326 3464 in
2361 3412 2499 3466 ctelis
2538 3411 2754 3485 (Matth.
2783 3415 2838 3470 5.
2869 3415 2956 3469 11.
2984 3408 3106 3484 12).
3140 3415 3244 3472 Sed
3271 3425 3329 3472 et
3360 3417 3496 3471 hanc
3535 3411 3736 3469 beatitu-

2172 3500 2352 3558 dinem
2391 3501 2727 3559 abundanter
2754 3504 3002 3561 obtinuit.
3046 3505 3182 3560 Nam
3208 3516 3261 3561 et
3297 3508 3390 3578 qui
3429 3505 3641 3561 aderant
3676 3499 3737 3554 illi

2174 3600 2331 3658 tunc,
2360 3593 2820 3650 criminationibus
2845 3610 2968 3654 eum
2997 3597 3366 3666 oppetebant,
3396 3611 3516 3652 cum
3544 3592 3736 3650 leviori-

2172 3681 2274 3738 bus
2322 3698 2444 3740 eum
2486 3687 2659 3755 poenis
2703 3686 2861 3757 plecti
2905 3687 3180 3756 dicerent,
3229 3705 3392 3761 quam
3437 3702 3531 3759 pro
3557 3682 3737 3742 delictis

2172 3775 2284 3830 suis
2325 3786 2693 3845 promeruerat
2716 3819 2732 3844 ,
2775 3793 2897 3833 cum
2940 3779 3127 3850 longas
3167 3780 3221 3835 in
3247 3797 3374 3837 eum
3401 3776 3736 3836 accusationes

2174 3876 2436 3936 texerant,
2465 3883 2529 3924 ac
2557 3883 2835 3926 sermones
2862 3871 3156 3927 mendaciis
3179 3880 3233 3927 et
3260 3870 3540 3928 calumniis
3565 3865 3736 3922 redun-

2171 3956 2380 4014 dantes.
2429 3959 2678 4016 Attamen
2721 3960 2819 4016 hos
2856 3962 3016 4017 etiam
3043 3962 3133 4016 ille
3155 4005 3170 4028 ,
3199 3977 3323 4017 cum
3350 3960 3634 4034 periculum
3666 3953 3735 4009 eis

2171 4049 2512 4117 immineret,
2543 4051 2611 4106 ab
2634 4052 2906 4108 inferenda
2931 4068 2963 4108 a
2993 4054 3101 4108 Deo
3125 4054 3273 4124 plaga
3303 4050 3622 4112 vindicavit.
3651 4055 3734 4100 nec

2173 4142 2334 4197 ullam
2359 4157 2545 4198 eorum
2565 4185 2580 4209 ,
2627 4161 2747 4214 qua:
2777 4145 2828 4200 in
2859 4145 3034 4215 ipsum
3061 4146 3342 4214 dixerant,
3382 4145 3518 4216 apud
3553 4157 3608 4198 se
3631 4152 3732 4194 me-

2169 4233 2394 4288 moriam
2435 4236 2793 4292 conservavit.
2844 4237 2912 4292 Et
2939 4237 2992 4291 in
3037 4238 3140 4293 hoc
3181 4253 3396 4309 quoque
3439 4240 3730 4308 pmcepium

2171 4342 2358 4382 rursus
2381 4326 2507 4382 illud
2536 4328 2884 4399 adimplebat,
2907 4329 3116 4401 Diligite
3137 4330 3369 4386 inimicos
3395 4337 3592 4389 vestros,
3609 4326 3732 4376 orate

2171 4433 2264 4487 pro
2302 4418 2708 4488 persequentibus
2739 4435 2825 4474 vos
2877 4418 3105 4491 (Matth.
3138 4411 3201 4475 5.
3219 4421 3290 4476 44
3307 4421 3351 4492 ).
3403 4415 3653 4488 Siquidem
3684 4415 3730 4462 et

2170 4507 2375 4574 dilexit,
2397 4519 2451 4564 et
2477 4525 2572 4578 pro
2593 4510 2695 4565 illis
2718 4511 2908 4576 oravit,
2939 4520 2995 4566 et
3024 4512 3154 4566 iram
3178 4511 3270 4568 Dei
3297 4512 3524 4575 sedavit,
3548 4515 3598 4562 el
3625 4515 3728 4572 νοε-

2169 4609 2287 4656 cata
2307 4615 2492 4666 eorum
2519 4601 2716 4658 delevit
2743 4620 2758 4657 :
2787 4605 2994 4660 tametsi
3018 4621 3123 4660 non
3150 4605 3457 4675 prophetas,
3481 4616 3577 4658 non
3599 4608 3727 4651 evan-

2168 4692 2386 4763 gelistas
2409 4732 2426 4759 ,
2456 4709 2561 4747 non
2592 4693 2901 4750 sacerdotes
2923 4737 2939 4763 ,
2971 4712 3077 4752 non
3119 4697 3394 4753 doctorem
3413 4738 3427 4762 ,
3460 4709 3560 4748 non
3584 4689 3722 4744 alium

2167 4785 2471 4856 quempiam
2503 4785 2568 4840 ad
2596 4787 2843 4841 virtutem
2889 4789 3312 4859 amplectendam
3350 4787 3578 4842 audierat
3610 4792 3721 4833 con-

2167 4879 2343 4934 silium
2366 4878 2601 4934 dantem.
2623 4879 2783 4936 Vides
2803 4891 2998 4953 quanta
3023 4883 3091 4936 sit
3113 4882 3227 4937 laus
3247 4884 3438 4940 animae
3459 4883 3720 4950 genero“,

2168 4985 2435 5040 quamque
2481 4971 2580 5026 sibi
2633 4971 2732 5041 ipsi
2779 4973 2845 5027 ad
2893 4973 3197 5028 sectandam
3227 4976 3470 5028 virtutem
3502 4961 3717 5022 sufﬁciat.

2169 5065 2294 5120 licet
2335 5066 2532 5120 nullius
2561 5081 2686 5121 cura
2712 5075 2766 5120 et
2795 5066 3056 5122 industria
3086 5068 3401 5123 excolatur?
3445 5059 3597 5130 Atqui
3620 5067 3717 5108 ma-

2163 5158 2310 5226 jores
2337 5156 2593 5211 habuerat
2619 5172 2723 5211 non
2754 5157 2916 5212 modo
2937 5158 3156 5213 minime
3175 5159 3366 5222 bonos,
3393 5154 3483 5210 sed
3501 5159 3550 5206 et
3566 5139 3717 5201 multis

2167 5248 2310 5302 vitiis
2337 5249 2578 5303 infectos.
2620 5248 2763 5304 Sane
2789 5248 3003 5320 quidem
3034 5250 3102 5305 de
3129 5251 3366 5321 principe
3402 5240 3598 5317 generis
3620 5233 3718 5301 eius

2169 5340 2240 5393 ita
2283 5339 2516 5409 loquitur
2543 5339 2738 5394 Paulus
2767 5356 2781 5392 :
2812 5338 2897 5393 Ne
2915 5340 3027 5410 quis
3055 5340 3336 5409 fornicator
3367 5347 3451 5392 aut
3477 5329 3714 5420 profanis,

2168 5441 2224 5484 ut
2256 5430 2427 5497 Esau,
2473 5433 2562 5503 qui
2588 5441 2795 5503 propter
2838 5449 2994 5487 unam
3033 5449 3201 5488 escam
3241 5416 3702 5495 vendiditprimill‘a

2169 5523 2350 5596 (Hebr.
2383 5525 2612 5596 12.16).

2237 5617 2368 5671 Car.
2395 5616 2536 5672 XIV.
2555 5618 2914 5687 Apostolorum
2936 5619 3088 5672 etiam
3114 5618 3414 5690 temporibus
3429 5607 3574 5664 multa
3583 5596 3714 5668 [ιιίεδε

2166 5710 2432 5774 scandala,
2474 5711 2757 5781 multosque
2803 5713 3126 5782 depravatos,
3179 5726 3240 5764 ac
3285 5709 3532 5761 doctorum
3559 5699 3706 5792 μετεδ-

2169 5803 2430 5876 quutiones
2451 5819 2507 5872 ac
2538 5805 2697 5857 ca’dcs
2728 5803 3239 5875 frequentem—Quid
3273 5818 3394 5859 vero
3421 5782 3705 5862 tempttl‘ii’m’
