4002 6382
300 413 398 471 5H

300 528 510 598 ἀγῶνος
547 527 611 581 τὸ
643 526 896 599 μέγεθος*
925 524 1004 580 διὸ
1033 527 1194 597 μόνος
1219 528 1380 592 αὐτὸς
1415 527 1507 582 τὸν
1540 528 1738 600 δρόμον
1762 529 1883 586 ἀνε-

298 623 490 688 δέξατο
508 621 721 685 τοῦτον,
783 623 876 676 καὶ
907 621 1116 692 ἔτρεχε,
1142 621 1236 677 καὶ
1269 623 1589 692 ἠγωνίζετο,
1617 622 1712 676 καὶ
1734 623 1884 674 ἐστε-

301 713 555 784 φανοῦτο,
578 715 672 768 καὶ
699 712 1118 784 ἀνεκηρύττετο.
1147 715 1306 777 Ποίος
1325 713 1498 768 ταῦτα
1517 714 1679 767 αὑτὸν
1704 714 1884 785 ἱερεὺς

299 802 546 867 ἐδίδαξες
576 805 726 865 ποῖος
753 801 810 856 δέ
839 802 1194 868 διδάσκολος;
1222 805 1373 866 ποῖος
1395 804 1717 874 προφήτης;
1749 803 1883 866 Οὑδέ

299 891 380 958 εἷς
400 911 416 924 ⁸
443 894 562 948 ἀλλ’
591 895 783 966 ἐπειδὴ
803 889 1123 964 εὐγνώμονα
1147 891 1260 965 εἶχε
1293 895 1490 965 ψυχὴν,
1521 895 1756 964 ῆρκεσεν
1779 894 1876 946 αὺ-

301 984 376 1054 τῷ
406 984 548 1054 πρὸς
581 983 818 1038 ἅπαντα.
849 984 916 1036 Τί
949 984 1008 1038 δέ
1035 985 1066 1037 ό
1093 983 1250 1048 Νῶες
1295 983 1454 1035 Ποῖον
1487 981 1648 1051 ἔσχεν
1694 979 1882 1050 ίερέα;

301 1080 452 1130 ποῖον
480 1076 832 1142 διδάσκαλον;
860 1079 1012 1130 ποῖον
1049 1076 1403 1147 καθηγητήνς
1443 1076 1533 1128 ὅτε
1578 1074 1760 1145 μόνος,
1783 1075 1884 1142 τῆς

299 1170 627 1239 οἰκουμένης
670 1168 888 1238 ἁπάσης
928 1167 1322 1239 διαφθαρείσης
1362 1171 1423 1221 ἐν
1467 1167 1736 1238 πονηρίᾳ,
1783 1166 1884 1236 τὴν

298 1259 556 1314 ἐναντίαν
583 1254 745 1329 ἦλθεν
765 1258 884 1310 ὁδὸν
900 1269 950 1321 ι,
973 1259 1068 1312 καὶ
1091 1257 1187 1328 τὴν
1213 1257 1416 1328 ἀρετὴν
1445 1257 1752 1327 διετήρησε,
1788 1255 1884 1310 καὶ

297 1351 443 1405 οὕτω
471 1351 789 1422 διέλαμψεν,
819 1349 895 1414 ὡς
920 1351 982 1403 ἐν
1025 1350 1104 1420 τῷ
1150 1349 1394 1420 ναυαγίῳ
1429 1348 1528 1417 τῆς
1558 1347 1884 1417 οἰκουμένης

299 1442 467 1496 αὐτόν
493 1459 555 1497 τε
578 1442 928 1512 διασωθῆναι,
963 1443 1056 1495 καὶ
1082 1441 1299 1511 ἐτέρους
1323 1439 1414 1492 διὰ.
1443 1439 1542 1509 τὴν
1567 1436 1882 1508 περιουσίαν

297 1537 399 1605 τῆς
432 1535 640 1598 οἰκείας
659 1535 856 1607 ἀρετῆς
883 1535 992 1589 τῶν
1021 1533 1416 1605 ἐπηρτημένων
1443 1532 1750 1603 ἐξαρπάσαι
1775 1547 1883 1582 κιν-

300 1625 513 1691 δύνων;
544 1626 714 1679 Πόθεν
742 1626 948 1688 δίκαιος
981 1624 1233 1693 ἐγένετο;
1273 1624 1440 1676 πόθεν
1466 1623 1702 1687 τέλειος;
1730 1625 1882 1675 ποῖον

304 1715 460 1786 ἱερέα
506 1716 602 1768 καὶ
642 1708 797 1778 οὗτος
829 1714 863 1786 ἢ
906 1715 1226 1768 διδάσκαλον
1269 1713 1560 1788 ἐσχηκώς;
1597 1715 1784 1778 Οὐδεὶς
1815 1714 1884 1767 ἂν

301 1810 478 1861 εἰπεῖν
508 1808 639 1878 ἔχοι.
657 1809 716 1862 Ὀ
745 1808 802 1861 δὲ
832 1807 945 1872 υίὸς
963 1810 992 1861 ό
1016 1807 1229 1874 τούτου,
1257 1809 1434 1860 καίτοι
1461 1806 1606 1860 ἔνδον
1634 1807 1771 1877 ἔχων
1793 1807 1884 1859 τὸν

299 1899 625 1952 διδάσκαλον
670 1899 953 1970 διηνεκῶς,
1003 1899 1098 1952 τοῦ
1143 1899 1350 1971 πατρὸς
1395 1899 1496 1971 τὴν
1541 1899 1763 1970 ἀρετὴν,
1790 1898 1886 1951 καὶ

299 1990 586 2054 νουθεσίας
611 1991 920 2056 ἀπολαύων,
946 1993 1042 2046 καὶ
1086 1995 1186 2063 τῆς
1223 1991 1312 2045 διὰ
1346 1993 1625 2062 ῥημάτων,
1662 1991 1757 2044 καὶ
1786 1991 1885 2061 τῆς

299 2081 391 2136 διὰ
417 2081 530 2135 τῶν
559 2081 755 2154 ἔργων,
780 2084 872 2136 καὶ
900 2084 998 2154 τὴν
1023 2083 1130 2137 ἀπὸ
1155 2082 1262 2136 τῶν
1291 2083 1630 2154 πραγμάτων
1663 2081 1886 2134 ἔκϐασιν

300 2172 467 2241 ὁρῶν,
499 2173 596 2225 καὶ
631 2172 731 2243 τὴν
771 2172 879 2226 ἀπὸ
916 2173 1013 2244 τῆς
1061 2173 1363 2244 συμφορᾶς,
1399 2172 1493 2227 καὶ
1523 2171 1619 2242 τὴν
1652 2169 1760 2224 ἀπὸ
1787 2169 1886 2240 τῆς

303 2263 582 2335 σωτηρίας
612 2264 950 2336 παραίνεσιν,
980 2264 1212 2336 πονηρὸς
1238 2246 1382 2336 περὶ¹
1413 2263 1502 2318 τὸν
1551 2261 1728 2332 φύντα
1765 2261 1886 2329 ἐγέ-

300 2373 448 2420 νετο,
483 2357 575 2408 καὶ
603 2355 880 2428 ἐκωμῴδει
901 2355 993 2409 τοῦ
1029 2355 1418 2426 γεγεννηκότος
1445 2353 1544 2425 τὴν
1585 2352 1882 2424 γύμνωσιν,

301 2448 402 2504 καὶ
437 2445 1042 2518 ἐξεπόμπευσεν.⁹ορᾷς
1079 2447 1161 2500 ὅτι
1189 2446 1465 2517 πανταχοῦ
1508 2444 1684 2516 ψυχῆς
1730 2443 1886 2515 χρεία

301 2537 682 2610 εὐγνώμονος;
719 2537 783 2594 Τί
812 2539 869 2592 δὲ
900 2542 927 2592 ὁ
962 2537 1102 2606 Ἰὼϐ,
1136 2540 1260 2592 εἰπέ
1293 2555 1424 2610 μοις
1460 2537 1628 2590 ποίων
1675 2553 1888 2608 προφη-

299 2628 417 2681 τῶν
458 2628 692 2698 ῆκουσε;
733 2629 892 2692 ποίας
932 2627 1273 2691 διδασκαλίας
1320 2627 1674 2699 ἀπήλαυσεν;
1725 2625 1888 2678 Οὐδε-

306 2722 460 2794 μιᾶς.
492 2720 630 2773 Ἀλλ’
658 2722 806 2792 ὅμως
834 2721 929 2774 καὶ
961 2715 1116 2783 οὗτος
1157 2719 1368 2783 οὐδενὸς
1416 2719 1620 2772 τούτων
1663 2735 1890 2788 τετυχη-

303 2813 441 2877 κὼς,
471 2815 566 2867 καὶ
597 2815 704 2866 πᾶν
733 2812 937 2886 ἀρετῆς
968 2809 1106 2876 εἶδος
1154 2813 1295 2884 μετὰ
1343 2811 1544 2881 πολλῆς
1577 2809 1890 2874 ἐπεδείξατο

301 2903 408 2974 τῆς
437 2903 745 2975 ἀκριϐείας.
777 2903 888 2956 Καὶ⁷
919 2902 1026 2974 γὰρ
1058 2903 1212 2957 κοινά
1234 2903 1302 2957 τά
1332 2902 1460 2956 ὄντα
1480 2905 1590 2966 τοῖς
1618 2901 1891 2971 δεομένοις

305 2993 593 3064 ἐκέκτητο,
623 2993 718 3046 καὶ
759 2993 878 3063 οὐχὶ
915 2994 984 3048 τὰ
1013 2993 1142 3048 ὄντα
1173 2994 1353 3064 μόνον,
1383 2991 1518 3046 ἀλλὰ
1549 2992 1642 3047 καὶ
1671 2991 1802 3045 αὐτὸ
1829 2991 1890 3045 τὸ

307 3083 490 3154 σῶμα.
525 3084 606 3155 Τῇ
642 3086 741 3156 μὲν
779 3085 886 3156 γὰρ
914 3085 1061 3160 οίκίᾳ
1090 3085 1217 3148 τοὺς
1244 3085 1423 3149 ὁδίτας
1451 3084 1765 3154 ὑπεδέχετο,
1796 3083 1890 3136 καὶ

304 3175 532 3234 ἐκείνων
563 3175 763 3246 μᾶλλον
790 3171 858 3246 ῆν
889 3178 922 3248 ἡ
951 3175 1119 3240 οἰκία,
1152 3177 1185 3247 ἢ
1211 3176 1306 3230 τοῦ
1338 3175 1676 3248 κεκτημένου
1696 3191 1710 3205 ·
1737 3178 1806 3245 τῇ
1834 3174 1890 3228 δὲ

304 3267 404 3325 τοῦ
433 3267 685 3340 σώματος
707 3267 852 3338 ίσχύῖ
868 3271 980 3334 τοῖς
1000 3269 1374 3339 ἀδικουμένοις
1399 3267 1595 3337 ῆμυνε,
1620 3269 1688 3338 τῇ
1715 3265 1771 3320 δὲ
1792 3266 1891 3336 τῆς

303 3359 554 3434 γλώττης
603 3361 814 3414 συνέσει
837 3363 932 3415 καὶ
979 3361 1140 3433 σοφίᾳ
1166 3363 1291 3424 τοὺς
1328 3359 1730 3431 ἐπηρεάζοντας
1763 3360 1892 3410 ἐπε-

305 3451 559 3522 στόμιζε,
622 3452 720 3506 καὶ
749 3453 846 3524 τὴν
874 3450 1235 3522 εύαγγελικὴν
1263 3451 1537 3504 πολιτείαν
1561 3451 1648 3504 διὰ
1675 3451 1891 3506 πάντων

301 3547 721 3618 διαλάμπουσαν
747 3548 1111 3609 ἐπεδείκνυτο.
1145 3547 1344 3604 Σκόπει
1379 3547 1470 3601 δέ’
1505 3547 1794 3616 Μακάριοι
1836 3549 1891 3600 οἱ

302 3640 535 3707 πτωχοὶ
567 3638 650 3704 τῷ
683 3641 995 3709 πνεύματι,
1029 3639 1196 3709 φησὶν
1238 3641 1268 3692 ό
1311 3639 1563 3709 Χριστός.
1595 3637 1765 3692 Τοῦτο
1793 3640 1892 3692 αύ-

303 3731 400 3794 τὸς
426 3730 518 3784 διὰ
543 3732 652 3786 τῶν
679 3731 852 3802 ἔργων
883 3730 1267 3802 κατώρθωσεν.
1298 3733 1369 3784 El
1411 3729 1523 3798 γὰρ
1566 3730 1888 3798 ἑφαύλισα,

301 3821 466 3890 φησὶ,
501 3820 682 3888 κρῖμα
724 3819 1086 3887 θεράποντος
1120 3819 1159 3888 ἣ
1202 3818 1582 3888 θεραπαίνης,
1623 3816 1894 3886 κρινομέο

305 3929 434 3966 νων
457 3911 660 3966 αὐτῶν
687 3911 839 3978 πρός
865 3926 961 3979 με.
993 3911 1054 3965 Τί
1080 3909 1192 3980 γὰρ
1218 3908 1474 3977 ποιήσω,
1517 3907 1626 3961 ἐὰν
1651 3908 1894 3962 ἐπίσκε-

303 4005 426 4073 ψιν
446 4021 568 4073 μου
594 4002 819 4071 ποιήσῃ
854 4005 886 4055 ό
919 4003 1136 4070 Κύριος
1155 4018 1174 4066 ;
1215 4002 1475 4070 Πότερον
1518 4001 1631 4069 οὐχ
1672 4000 1752 4064 ὡς
1780 3997 1895 4068 ἐγὼ

306 4095 609 4166 ἐγενόμην
636 4095 708 4148 ἐν
755 4095 990 4164 γαστρί,
1019 4093 1118 4148 καί
1141 4093 1358 4148 ἐκεῖνοι
1389 4091 1704 4161 ἐγένοντο;
1739 4093 1894 4160 Ἔτει

307 4189 536 4258 νόμεθα
564 4186 632 4240 δὲ
653 4187 724 4240 ἐν
747 4186 822 4254 τῇ
845 4185 1000 4253 αὐτῇ
1030 4184 1554 4252 κοιλίᾳ.Μακάριοι
1584 4186 1636 4236 οὶ
1665 4181 1894 4251 πραεῖς,

308 4279 405 4334 ὅτι
437 4279 606 4332 αὐτοὶ
639 4277 1168 4347 κληρονομήσουσι
1197 4275 1312 4345 τὴν
1337 4276 1474 4346 γῆν.
1510 4276 1622 4329 Καὶ
1647 4275 1700 4327 τί
1728 4274 1896 4346 πραόο

307 4387 472 4441 τερον
496 4369 702 4423 ἐκείνου
735 4369 947 4438 γέγονε,
979 4369 1106 4440 περὶ
1136 4361 1198 4422 οῦ
1230 4369 1322 4422 καὶ
1350 4368 1398 4420 οἱ
1425 4367 1630 4421 οίκέται
1670 4366 1854 4435 ἔλεγον
1878 4382 1894 4397 ο

314 4464 416 4528 Τίς
443 4461 522 4518 ἂν
560 4460 682 4530 δῴη
717 4461 864 4532 ἡμῖν
889 4461 1012 4516 τῶν
1037 4461 1282 4534 σαρκῶν
1323 4459 1510 4514 αὐτοῦ
1551 4457 1898 4527 ἐμπλησθῆ-

313 4567 449 4615 rat;
480 4551 665 4615 Οὕτως
692 4548 830 4623 ἦσαν
863 4550 1025 4603 αὐτοῦ
1073 4549 1292 4620 σφοδροὶ
1322 4549 1568 4618 ἐρασταί.
1603 4547 1890 4615 Μακάριοι

312 4646 375 4698 οι
397 4642 776 4707 πενθοῦντες,
803 4642 892 4694 ὅτι
918 4641 1087 4694 αὐτοὶ
1115 4638 1707 4710 παρακληθήσονται.
1750 4636 1888 4690 Ἀλλ’

311 4735 441 4788 οὓδέ
467 4733 665 4804 ταύτης
691 4735 916 4804 ἄμοιρος
935 4729 1003 4804 ἦν
1021 4733 1121 4801 τῆς
1143 4731 1362 4803 ἀρετῆς.
1390 4731 1654 4782 Ἀκουσον
1683 4727 1812 4796 γοῦν
1836 4725 1888 4780 τί

313 4842 517 4895 φησιν·
548 4829 618 4880 El
648 4825 717 4878 δὲ
752 4825 850 4879 καί
879 4823 1156 4894 ἁμαρτὼν
1183 4823 1476 4899 ἑκουσίως
1488 4823 1539 4884 b,
1568 4819 1892 4888 διετράπην

312 4916 699 4985 πολυοχλίαν
739 4916 923 4980 λαοῦ,
971 4915 1078 4969 τοῦ
1105 4915 1192 4985 μὴ
1231 4915 1622 4984 ἐξαγορεῦσαι
1660 4913 1774 4982 τὴν
1821 4915 1889 4970 ἀ·-

312 5007 536 5075 νομίαν
551 5023 689 5073 μου.
719 5007 777 5060 '0
804 5006 860 5059 δέ
889 5005 1032 5059 οὕτω
1058 5005 1418 5076 διακείμενος,
1446 5004 1666 5075 εὔδηλον
1693 5006 1774 5057 ὅτι
1795 5003 1890 5058 αύ-

309 5099 416 5170 τὴν
445 5099 661 5152 ἐπένθει
701 5098 839 5172 μετά
877 5099 1074 5169 πολλῆς
1105 5099 1206 5170 τῆς
1241 5098 1565 5170 ὑπερϐολῆς.
1599 5095 1890 5165 Μακάριοι

310 5194 372 5246 οἱ
397 5189 718 5256 πεινῶντες
741 5190 838 5243 καί
863 5189 1152 5258 διψῶντες
1177 5189 1290 5258 τὴν
1307 5188 1723 5255 δικαιοσύνην.
1751 5187 1892 5256 Ὅρα

311 5283 410 5336 καὶ
431 5282 588 5335 τοῦτο
613 5279 730 5349 μεθ’
755 5281 1055 5351 ὑπερϐολῆς
1079 5281 1227 5350 αὐτῷ
1259 5277 1712 5350 κατωρθωμένον.
1739 5281 1892 5334 Συν-

308 5362 548 5428 ἐτριψα,
580 5364 733 5432 φησὶ,
779 5365 981 5433 μύλας
1006 5365 1248 5428 ἀδίκων,
1279 5365 1378 5420 καὶ
1407 5367 1477 5419 ἐκ
1501 5366 1699 5435 μέσου
1727 5365 1900 5422 ὀδόν-

309 5469 433 5504 των
455 5451 605 5524 [498]
627 5453 828 5508 αὐτῶν
847 5455 1124 5526 ἅρπαγμα
1144 5456 1478 5522 ἐξέσπασα,
1501 5458 1902 5528 δικαιοσύνην

308 5542 382 5594 δέ
406 5543 772 5610 ἐνδεδύκειν,
785 5546 1182 5616 ἠμφιασάμην
1205 5547 1273 5602 δὲ
1303 5547 1478 5618 κρῖμα
1495 5548 1599 5604 ἴσα
1617 5547 1898 5607 διπλοΐδι.

307 5635 603 5705 Μακάριοι
646 5639 701 5692 οί
726 5638 1075 5708 ἐλεήμονες,
1112 5639 1200 5694 ὅτι
1237 5639 1407 5693 αὐτοὶ
1439 5639 1895 5709 ἐλεηθήσονται.

372 5785 398 5848 ξ
545 5787 638 5845 τήν
655 5787 794 5848 ὀρθὴν
827 5787 1172 5839 (ﬂavas-1666‘].

375 5842 403 5885 ι’
420 5846 518 5899 Alii
537 5842 794 5907 ἀκουσίως.

1121 411 1212 468 AD
1250 411 1384 470 EOS
1419 411 1539 482 QUI
1579 411 2086 472 SCANDALIZATI
2128 414 2336 472 SUNT.
2372 416 2500 474 LIB.
2544 417 2751 476 UNUS.

3460 423 3568 482 5η

1992 522 2163 592 οὗτος
2193 529 2250 584 δέ
2283 531 2382 584 οὐκ
2414 531 2473 585 ἐν
2500 534 2745 604 χρήμασι
2778 532 2938 604 μόνον
2969 534 3216 607 ἐλεήμων
3244 530 3332 607 ῆν,
3363 537 3480 592 οὐδὲ
3502 540 3563 591 ἐν

1984 625 2063 695 τῷ
2089 627 2292 681 ἐνδύειν
2320 629 2447 693 τοὺς
2471 632 2730 701 γυμνοὺς,
2764 631 2859 684 καὶ
2897 632 3120 703 τρέφειν
3167 633 3294 696 τοὺς
3336 637 3572 692 πεινῶνς

1982 739 2102 787 τας,
2143 724 2236 777 καὶ
2269 725 2497 796 χηρείαν
2538 728 2800 799 διορθοῦν,
2849 731 2944 784 καὶ
2986 731 3250 802 ὀρφανίαν
3282 733 3568 804 περιστέλο

1983 819 2115 887 λειν,
2162 823 2255 876 καὶ
2303 823 2614 896 πηρώματα
2668 825 2882 896 φύσεως
2932 828 3397 898 παραμυθεῖσθαι,
3433 829 3570 883 ἀλλά

1985 918 2079 970 καὶ
2107 918 2166 971 ἐν
2201 921 2337 992 αὐτῇ
2367 923 2432 993 τῇ
2465 923 2776 993 συμπαθείᾳ
2801 925 2898 990 τῆς
2924 923 3121 994 ψυχῆς.
3142 926 3283 994 Ἐγὼ
3309 924 3438 996 γὰρ.
3464 943 3570 998 φη·

1985 1014 2090 1078 σὶν,
2119 1011 2218 1068 ἐπὶ
2259 1017 2437 1070 παντὶ
2475 1018 2753 1086 ἀδυνάτῳ
2791 1020 3086 1084 ἔκλαυσα,
3126 1023 3224 1075 καί
3267 1023 3569 1086 ἐστέναεα

1986 1110 2131 1164 ἰδὼν
2159 1111 2351 1180 ἄνδρα
2397 1113 2467 1168 ἐν
2505 1113 2816 1184 ἀνάγκαις.
2850 1115 3116 1188 Καθάπερ
3148 1117 3258 1189 γὰρ
3286 1119 3462 1182 κοινὸς
3491 1118 3572 1172 ὢν

1987 1208 2243 1261 ἁπάντων
2297 1211 2500 1283 πατὴρ,
2531 1212 2672 1264 οὕτω
2709 1212 2808 1276 τὰς
2851 1215 3079 1268 ἑκάστου
3134 1214 3438 1286 συμφορὰς,
3467 1214 3569 1279 τὰς

1989 1307 2087 1378 μὲν
2134 1305 2384 1378 διώρθου,
2411 1307 2509 1374 τὰς
2554 1311 2610 1363 δὲ
2651 1311 2890 1382 ἐθρήνει,
2922 1313 3016 1366 καὶ
3047 1313 3134 1366 διὰ
3165 1315 3447 1386 ῥημάτων,
3475 1311 3570 1366 καὶ

1985 1402 2074 1456 διὰ
2105 1405 2468 1474 πραγμάτων,
2501 1407 2593 1460 καὶ
2625 1407 2714 1464 διὰ
2754 1408 3114 1478 συμπαθείας,
3166 1411 3262 1464 καὶ
3293 1409 3566 1482 δακρύων,

1985 1499 2079 1551 καί
2133 1498 2222 1553 διὰ
2270 1501 2470 1564 παντὸς
2500 1503 2700 1572 τρόπου
2727 1503 2854 1566 τοὺς
2887 1505 2946 1558 ἐν
2983 1508 3290 1577 συμφοραῖς
3337 1507 3566 1576 ἀνέχων,

1985 1593 2082 1646 καὶ
2112 1595 2289 1658 κοινός
2319 1613 2405 1659 τις
2433 1597 2688 1651 ἁπάντων
2735 1598 2902 1670 λιμὴν
2939 1600 3241 1670 γινόμενος.
3279 1600 3570 1670 Μακάριοι

1985 1690 2042 1742 οἱ
2074 1691 2321 1758 καθαροί
2350 1691 2426 1760 τῇ
2455 1693 2688 1762 καρδίᾳ,
2717 1693 2805 1747 ὅτι
2831 1695 3000 1749 αὐτοὶ
3045 1695 3152 1748 τόν
3195 1698 3344 1750 Θεὸν
3386 1697 3572 1766 ὄψον-

1985 1801 2100 1839 ται.
2156 1787 2266 1839 Καὶ
2311 1787 2472 1841 τοῦτο
2522 1790 2620 1859 οὐχ
2661 1789 2738 1853 ὡς
2779 1789 2970 1861 ἔτυχεν
3019 1790 3171 1862 αὐτῷ
3219 1791 3566 1864 κατώρθωτο.

1989 1880 2255 1936 Ἄκουσον
2295 1882 2428 1951 γοῦν
2472 1883 2567 1937 τοῦ
2611 1883 2746 1938 Θεοῦ
2795 1886 3198 1959 μαρτυροῦντος
3222 1888 3406 1959 αὐτῷ*
3446 1891 3572 1944 Οὐκ

1986 1975 2160 2031 ἔστιν
2207 1977 2519 2046 ἅνθρωπος
2547 1980 2748 2050 ὅμοιος
2772 1982 2959 2036 αὐτοῦ
2996 1982 3117 2037 τῶν
3151 1983 3249 2038 ἐπὶ
3291 1984 3403 2054 τῆς
3433 1984 3570 2055 γῆς,

1986 2073 2299 2142 ἄνθρωπος
2338 2075 2662 2148 ἄμεμπτος,
2709 2079 2958 2146 δίκαιος,
3005 2080 3312 2148 ἀληθινὸς,
3365 2085 3572 2136 θεοσε-

1988 2171 2119 2240 θὴς,
2140 2173 2512 2243 ἀπεχόμενος
2531 2175 2646 2230 ἀπὸ
2671 2178 2897 2244 παντὸς
2918 2177 3188 2244 πονηροῦ
3205 2178 3571 2248 πράγματος.

1988 2269 2276 2338 Μακάριοι
2308 2273 2362 2326 οἱ
2391 2271 2770 2342 δεδιωγμένοι
2798 2274 3008 2327 ἐνεκεν
3039 2275 3454 2344 δικαιοσύνης,
3481 2276 3572 2331 ὅτι

1988 2366 2186 2424 αὐτῶν
2208 2367 2380 2423 ἐστιν
2409 2370 2448 2439 ἡ
2467 2371 2759 2435 βασιλεία
2783 2371 2902 2426 τῶν
2931 2372 3220 2441 οὐρανῶν.
3249 2375 3357 2426 Καὶ
3389 2374 3573 2428 ἐντεῦο

1989 2466 2080 2520 θεν
2108 2465 2312 2538 πολλὴν
2345 2467 2456 2524 τῶν
2484 2466 2712 2542 ἀγώνων
2743 2468 2837 2522 καὶ
2867 2469 2976 2524 τῶν
3011 2468 3280 2540 βραϐείων
3305 2470 3401 2542 τὴν
3424 2471 3576 2540 δαψί-

1988 2563 2140 2618 λειαν
2190 2567 2507 2636 ἐποιήσατο.
2555 2568 2630 2624 Οὐ
2677 2567 2786 2639 γὰρ
2832 2567 2897 2620 δι’
2925 2567 3229 2638 ἀνθρώπων
3271 2567 3576 2638 ἠλαύνετο,

1989 2660 2104 2713 ἀλλ’
2141 2661 2305 2726 αὐτὸς
2357 2664 2386 2716 ό
2439 2664 2747 2734 ἀρχέκακθς
2796 2665 3009 2736 δαίμων
3064 2664 3422 2734 ἐπιθέμενος,
3479 2666 3576 2720 καὶ

1990 2758 2167 2812 πάντα
2204 2759 2368 2814 αὐτοῦ
2413 2760 2483 2812 τὰ
2524 2762 2894 2832 μηχανήματα
2933 2764 3182 2832 κινήσας,
3211 2762 3384 2827 οὕτως
3411 2758 3579 2834 ἦλθεν

1990 2854 2080 2908 ἐπ’
2109 2855 2290 2920 αὐτὸν,
2322 2856 2602 2920 ἀπελάσας
2630 2858 2793 2910 αὑτὸν
2822 2858 2916 2910 καὶ
2953 2859 3129 2922 οἰκίας
3161 2860 3253 2912 καὶ
3296 2862 3574 2934 πατρίδος,

1991 2951 2086 3004 καὶ
2132 2953 2211 3015 εἰς
2255 2953 2358 3022 τὴν
2400 2954 2635 3024 κοπρίαν
2667 2951 2975 3022 ἐξαγαγὼν,
3003 2956 3301 3028 χρημάτων
3327 2958 3577 3014 ἐκϐαλὼν

1991 3049 2232 3115 πάντων,
2263 3052 2580 3121 κτημάτων,
2621 3051 2849 3116 παίδων,
2881 3053 3051 3124 αὐτῆς
3079 3052 3172 3106 τοῦ
3201 3053 3452 3126 σώματος
3474 3057 3576 3127 τῆς

1991 3147 2222 3217 ὑγιείας,
2259 3147 2354 3200 καὶ
2395 3146 2539 3217 λιμῷ
2584 3147 2855 3218 παραδοὺς
2898 3149 3305 3222 χαλεπωτάτῳο
3339 3153 3476 3222 μετὰ
3518 3154 3576 3209 δέ

1991 3245 2198 3298 ἐκείνου
2229 3247 2322 3302 καὶ
2347 3245 2454 3299 τῶν
2480 3244 2646 3314 φίλων
2681 3246 2845 3312 τινὲς,
2874 3247 2972 3317 οὐχ
3003 3247 3078 3311 ὠς
3112 3247 3322 3318 ἔτυχεν.
3349 3250 3577 3320 ἥλλοντο

1991 3341 2087 3396 καὶ
2113 3339 2390 3408 ἀνέξαινον
2427 3341 2593 3394 αὐτοῦ
2636 3341 2736 3412 τῆς
2773 3341 2952 3414 ψυχῆς
2998 3342 3065 3398 τὰ
3105 3343 3258 3414 ἕλκη.
3285 3345 3577 3415 Μακάριοι

1989 3437 2150 3501 ἐστε,
2186 3437 2332 3492 ὅταν
2381 3439 2766 3494 ὀνειδίσωσιν
2810 3438 2968 3509 ὑμᾶς
3015 3440 3115 3496 καί
3167 3440 3445 3509 διώξωσι,
3479 3443 3579 3497 καί

1990 3535 2204 3586 εἴπωσι
2233 3530 2357 3586 πᾶν
2388 3534 2658 3602 πονηρὸν
2705 3533 2874 3604 ῥῆμα
2921 3536 3049 3589 καθ’
3070 3537 3238 3604 ὑμῶν
3286 3538 3579 3608 ψευδόμε-

1990 3646 2110 3694 νοι,
2131 3627 2344 3683 ἕνεκεν
2364 3628 2530 3697 ἐμοῦ.
2560 3632 2802 3699 Χαίρετε
2845 3633 2946 3686 καὶ
2999 3633 3391 3702 ἀγαλλιᾶσθε,
3426 3636 3515 3692 ὅτι
3542 3639 3579 3694 ό

1986 3724 2205 3793 μισθὸς
2251 3723 2418 3794 ὑμῶν
2461 3724 2656 3791 πολὺς
2695 3727 2767 3780 ἐν
2810 3727 2934 3794 τοῖς
2977 3729 3453 3796 οὐρανοῖς.Ἀλλά
3480 3731 3578 3787 καὶ

1990 3815 2180 3868 τοῦτον
2232 3816 2370 3886 μετά
2413 3817 2613 3888 πολλῆς
2645 3817 2746 3887 τῆς
2784 3819 3046 3889 ἀφθονίας
3075 3819 3437 3893 ἐκαρπώσατο
3481 3823 3576 3876 τὸν

1997 3909 2364 3979 μακαρισμόν.
2399 3910 2512 3962 Καὶ
2555 3911 2664 3980 γὰρ
2688 3911 2783 3963 καὶ
2840 3912 2888 3964 οἱ
2939 3910 3206 3978 παρόντες
3259 3913 3408 3984 αύτῷ
3453 3916 3577 3970 τότε

1991 3999 2268 4053 διέϐαλλον
2295 4001 2476 4068 αὑτὸν,
2509 3995 2765 4056 ἐλάττονα
2797 3995 2871 4056 ὧν
2903 4003 3289 4075 ἐπλημμέλησε
3325 4005 3576 4074 λέγοντες

1993 4092 2156 4145 αὑτὸν
2193 4092 2618 4163 τετιμωρῆσθαι,
2654 4092 2870 4163 μακρὰς
2900 4094 3232 4165 κατηγορίας
3258 4096 3579 4150 ἀποτείνον-

1993 4201 2084 4250 τες
2114 4184 2235 4238 κατ’
2272 4183 2457 4246 αὐτοῦ,
2494 4185 2588 4237 καὶ
2612 4184 2800 4253 λόγους
2827 4185 3040 4254 ψευδεῖς
3079 4186 3176 4239 καὶ
3213 4188 3579 4255 συκοφαντίας

1994 4275 2284 4348 γέμοντας.
2303 4276 2442 4332 Ἀλλ’
2479 4277 2627 4346 ὅμως
2669 4277 2764 4330 καὶ
2800 4276 3020 4341 τούτους
3058 4278 3255 4342 αὐτοὺς
3287 4279 3580 4350 μέλλοντας

1994 4365 2324 4420 κινδυνεύειν
2368 4366 2643 4436 ἐξήρπασε
2691 4365 2791 4436 τῆς
2843 4366 3102 4436 θεηλάτου
3157 4367 3392 4439 πληγῆς,
3435 4371 3581 4440 ὑπὲρ

1994 4458 2208 4519 οὐδενὸς
2257 4456 2367 4510 τῶν
2414 4458 2718 4529 εἰρημένων
2772 4461 3190 4529 μνησικακήσας
3233 4461 3436 4524 αὐτοῖς.
3466 4463 3579 4516 Καὶ

1995 4547 2230 4604 ἐνταῦθα
2272 4548 2434 4603 πάλιν
2479 4549 2653 4601 ἐκεῖνο
2697 4548 2935 4619 ἐπλήρου
2974 4548 3036 4600 τὸ
3063 4548 3450 4620 παράγγελμα,
3477 4552 3575 4604 τόδ

2009 4636 2289 4706 Ἀγαπᾶτε
2314 4637 2458 4704 τοὺς
2487 4636 2739 4706 ἐχθροὺς
2773 4638 2960 4706 ὑμῶν,
2981 4637 3235 4706 εὔχεσθε
3261 4639 3414 4709 ὑπὲρ
3455 4639 3576 4696 τῶν

1993 4727 2435 4797 ἐπηρεαζόντων
2462 4729 2637 4798 ὑμᾶς.
2674 4727 2784 4780 Καὶ
2812 4728 2917 4799 γὰρ
2950 4729 3202 4799 ἠγάπησε
3249 4731 3342 4784 καὶ
3372 4729 3578 4801 ηὔξατο

1999 4821 2136 4891 ὑπὲρ
2165 4819 2364 4882 αὐτῶν,
2400 4821 2494 4874 καὶ
2524 4819 2620 4889 τὴν
2649 4819 2817 4890 ὀργὴν
2849 4818 2941 4874 τοῦ
2971 4818 3105 4874 Θεοῦ
3131 4819 3330 4884 ἀνεῖλε,
3359 4821 3455 4876 καὶ
3475 4821 3576 4896 τὴν

1998 4914 2271 4986 ἁμαρτίαν
2319 4913 2498 4966 αὐτῶν
2543 4913 2732 4965 ἔλυσε·
2782 4912 2958 4967 καίτοι
3014 4913 3090 4986 μὴ
3136 4915 3450 4987 προφητῶν.
3499 4917 3576 4990 μὴ

1997 5004 2416 5076 εὐαγγελιστῶν,
2451 5005 2526 5076 μὴ
2563 5004 2770 5076 ἱερέων,
2818 5005 2898 5075 μὴ.
2936 5005 3280 5072 διδασκάλου,
3308 5009 3382 5079 μὴ
3415 5009 3575 5066 ἄλλου

1996 5099 2138 5163 τινὸς
2183 5097 2419 5160 ἀκούσας
2474 5097 2612 5169 ὑπὲρ
2657 5097 2856 5168 ἀρετῆς
2902 5096 3380 5166 συμϐουλεύοντος.
3414 5101 3578 5171 Ὁρᾷς

1998 5190 2183 5260 ἡλίκον
2214 5189 2331 5242 ἐστὶ
2359 5188 2580 5258 γενναία
2615 5185 2780 5257 ψυχὴ,
2813 5188 2906 5239 καὶ
2938 5187 3056 5250 πῶς
3087 5189 3249 5259 ἀρκεῖ
3286 5191 3420 5261 πρὸς
3450 5192 3578 5260 ἀρε.

1997 5280 2096 5351 τὴν
2123 5280 2315 5351 ἑαυτῇ,
2341 5278 2446 5331 κᾶν
2473 5276 2744 5348 μηδεμιᾶς
2776 5277 3091 5347 ἐπιμελείας
3128 5279 3406 5349 άπολαύῃ;
3441 5279 3577 5333 Καί-

1997 5390 2082 5426 τοι
2103 5389 2167 5440 γε
2195 5371 2490 5442 προγόνους
2521 5369 2581 5421 οὐ
2617 5368 2774 5438 μόνον
2803 5371 3070 5440 χρηστοὺς
3103 5371 3204 5424 οὐκ
3231 5369 3407 5439 ἔσχεν,
3439 5369 3577 5425 ἀλλὰ

2000 5465 2096 5518 καὶ
2147 5462 2344 5532 πολλὴν
2399 5460 2596 5516 κακίαν
2640 5459 3099 5530 ἐπιδειξαμένους.
3145 5459 3280 5530 Περὶ
3325 5457 3456 5527 γοῦν
3481 5459 3579 5513 τοῦ

2001 5557 2265 5627 προγόνου
2293 5553 2457 5607 αὑτοῦ
2483 5568 2647 5622 φησιν
2677 5553 2705 5604 ὁ
2733 5551 2944 5615 Παῦλος
2962 5568 2976 5583 ·
3024 5551 3122 5620 Μή
3169 5568 3257 5617 τις
3285 5551 3509 5618 πόρνος
3537 5550 3576 5620 ἧ

1994 5648 2279 5715 βέϐηλος,
2312 5647 2385 5708 ὡς
2423 5643 2624 5710 Ἠσαῦ,
2665 5642 2734 5708 ὂς
2769 5643 2902 5698 ἀντὶ
2941 5642 3227 5712 βρώσεως
3267 5640 3412 5711 μιᾶς
3431 5643 3578 5697 ἀπὲη

2003 5743 2070 5796 δο
2079 5760 2139 5796 το
2167 5741 2236 5792 τὰ
2267 5739 2664 5807 πρωτοτόκια.-

2075 5838 2213 5905 Κεφ.
2249 5833 2328 5887 ιδ’.
2359 5831 2423 5885 Τί
2446 5832 2522 5899 δὲ,
2542 5832 2632 5884 ἐπὶ
2655 5831 2761 5887 τῶν
2785 5828 3116 5894 ἀποστόλων,
3140 5827 3263 5884 εἰπέ
3290 5846 3399 5900 μοι,
3425 5826 3579 5902 μοοι
