4002 6380
497 423 601 482 513

494 543 560 596 οὗ
591 540 761 613 μυρία
789 537 1012 592 τοιαῦτα
1047 534 1284 602 ὲγίνετο;
1330 535 1594 584 Ἄκουσον
1619 527 1748 596 γοῦν
1777 527 1828 580 τί
1861 543 2023 599 φησιν
2049 524 2078 576 6

496 629 729 690 Παῦλος·
768 623 944 687 Οἶδας
970 623 1166 681 τοῦτο,
1199 620 1290 672 ὅτι
1323 615 1806 684 ἀπεστράφησάν
1832 632 1909 686 με
1930 615 2077 671 πάν-

493 731 594 780 τες
616 716 668 767 οἱ
699 714 770 765 ἐν
807 711 882 777 τῇ
917 709 1108 774 Ἀσίᾳ,
1133 700 1221 758 ὧν
1238 707 1370 759 ἐστι
1400 705 1710 769 Φύγελνιος
1745 701 1842 759 καὶ
1881 703 2078 772 Ἑρμο-

495 801 694 870 Τένης·
725 799 798 850 Οὐ
853 795 1202 866 δεσμωτήρια
1254 791 1436 862 ᾤκουν
1481 792 1531 844 οἱ
1580 789 1919 857 διδάσκαλοις
1977 792 2076 861 οὐχ

495 888 712 950 ἁλύσεις
747 885 1122 955 περιέκειντος
1155 881 1216 936 ού
1244 880 1397 952 παρὰ
1423 879 1534 934 τῶν
1561 879 1799 945 οἰκείων,
1825 879 1887 931 ού
1923 878 2074 950 παρά

492 979 602 1032 τῶν
634 974 931 1043 ἀλλοτρίων
961 970 1031 1024 τά
1078 971 1284 1041 ἔσχατα
1317 968 1556 1038 ἔπασχον
1594 965 1780 1031 κακά;
1843 965 1903 1018 οὐ
1957 967 2074 1036 μετ’

492 1066 732 1128 ἐκείνους
763 1062 876 1118 ἀντ’
928 1063 1154 1116 ἐκείνων
1196 1059 1350 1113 λύκοι
1380 1059 1568 1130 βαρεῖς
1595 1057 1850 1128 εἰσῄεσαν
1890 1057 1970 1120 εἰς
2006 1056 2076 1109 τὰ.

491 1155 750 1224 ποίμνια;
788 1151 911 1222 οὐχὶ
958 1149 1133 1203 ταῦτα
1166 1147 1468 1218 προύλεγεν
1498 1147 1526 1198 6
1563 1144 1774 1208 Παῦλος
1807 1144 2076 1213 Ἐφεσίοις

491 1243 569 1306 είς
619 1241 860 1310 Μίλητον
911 1239 1109 1300 αὐτοὺς
1169 1233 1706 1306 μεταπεμψάμενος
1773 1231 1914 1300 Ἐγὼ
1964 1233 2076 1300 γὰρ

491 1326 645 1392 οἴδα,
677 1329 862 1398 φησὶν,
894 1327 984 1378 ὅτι
1011 1325 1471 1378 εἰσελεύσονται
1516 1319 1665 1391 μετὰ
1710 1319 1827 1387 τὴν
1868 1317 2078 1387 ἄφιξίν

485 1435 606 1488 μου
659 1416 838 1470 ,λύκοι
874 1411 1087 1480 βαρεῖς
1105 1414 1192 1477 είς
1227 1409 1403 1480 ὑμᾶς,
1461 1409 1547 1478 μὴ
1591 1407 1928 1478 φειδόμενοι
1967 1404 2076 1458 τοῦ

491 1503 795 1572 ποιμνίου.
839 1499 945 1554 Καὶ
972 1500 1042 1564 ἐξ
1089 1497 1255 1567 ὑμῶν
1276 1497 1344 1550 δὲ
1386 1496 1588 1550 αὐτῶν
1624 1493 2076 1559 ἀναστήσονται

492 1591 710 1658 ἇνδρες
735 1588 1073 1652 ,λαλοῦντες
1109 1583 1569 1654 διεστραμμένα,
1622 1583 1730 1636 τοῦ
1785 1579 2078 1647 ἀποσπᾷν

492 1680 635 1746 τοὺς
654 1679 924 1748 μαθητὰς
958 1675 1151 1728 ὀπίσω
1181 1671 1396 1727 αὐτῶν.
1431 1673 1505 1724 Οὐ
1556 1669 1898 1742 χαλκοτύπος
1935 1671 2077 1740 ἀνὴρ

507 1767 851 1837 Ἀλέξανδρος
873 1765 1042 1836 μυρία
1065 1763 1338 1834 παρέσχεν
1364 1760 1514 1832 αῦτῷ
1535 1761 1860 1831 πράγματα,
1880 1775 2078 1813 παντα-

493 1857 648 1928 χόθεν
683 1853 942 1918 ἐλαύνων,
978 1851 1257 1922 πολεμῶν,
1299 1849 1612 1915 πυκτεύων,
1644 1849 1739 1902 καὶ
1775 1851 1854 1912 εἰς
1880 1847 2076 1900 τοσαύ-

491 1962 590 2014 την
619 1944 782 1998 αὑτὸν
825 1943 1161 2012 κατέστησεν
1197 1939 1472 2009 ἀγωνίαν,
1501 1937 1577 2002 ὡς
1613 1938 1706 1990 καὶ
1735 1935 1815 2006 τῷ
1858 1935 2075 2006 μαθητῇ

494 2032 859 2104 παραγγεῖλαι
921 2031 1017 2084 καὶ
1057 2031 1265 2082 εἰπεῖν·
1295 2030 1398 2080 Ὃν
1447 2027 1543 2079 καὶ
1595 2026 1677 2079 σὺ
1726 2024 2076 2094 φυλάσσου·

490 2123 637 2178 λίαν
678 2121 789 2190 γὰρ
813 2118 1151 2184 ἀνθέστηκε
1197 2115 1320 2182 τοῖς
1365 2113 1675 2184 ἡμετέροις
1701 2115 1937 2182 λόγοις
1967 2112 2079 2182 υύχ

491 2209 688 2280 ὀλόκλη
697 2226 788 2278 ρον
813 2206 967 2270 ἔθνος
997 2205 1102 2258 τῶν
1121 2203 1374 2258 Γαλατῶν
1392 2203 1497 2256 ὑπό
1523 2219 1682 2256 τινων
1697 2201 2080 2270 ψευδαδέλφων

493 2297 787 2368 διεφθάρη,
820 2295 916 2348 καὶ
937 2293 1073 2364 πρὸς
1104 2291 1439 2361 Ἰουδαϊσμὸν
1455 2289 1858 2360 ηύτομόλησεν;
1881 2290 1996 2340 Οὐκ
2021 2289 2080 2340 ἐν

496 2384 806 2459 προοιμίοις
848 2381 944 2435 τοῦ
988 2379 1352 2451 κηρύγματος
1387 2382 1416 2432 ὁ
1457 2379 1731 2447 Στέφανος
1771 2377 1914 2448 ὑπὲρ
1953 2377 2079 2440 τοὺς

496 2473 772 2543 ποταμοὺς
798 2469 935 2542 ῥέων
964 2468 1061 2521 καλ⁵
1090 2467 1297 2529 πάντας
1328 2466 1717 2537 ἐπιστομίζων,
1749 2467 1778 2518 6
1801 2464 1898 2528 τὰς
1928 2465 2080 2518 ἀναι-

497 2561 757 2632 σχύντους
789 2557 1155 2627 ἀποφράττων
1203 2554 1476 2608 Ἰουδαίων
1519 2553 1787 2616 γλώττας,
1825 2549 1870 2620 ᾧ
1904 2553 2079 2616 οὐδεὶς

494 2649 813 2718 ἀντιστῆναι
837 2645 1090 2715 ἠδύνατο,
1119 2647 1147 2698 ὁ
1175 2645 1355 2698 πάντα
1390 2645 1592 2713 συγχὺς
1621 2655 1645 2684 ει
1678 2642 1746 2696 τὰ
1789 2641 2078 2701 Ἰουδαϊκὰ,

494 2743 525 2794 6
552 2737 808 2809 λαμπρὸν
851 2737 1057 2808 στήσας
1085 2735 1346 2806 τρόπαιον
1387 2733 1482 2786 καὶ
1523 2733 1678 2803 νίκην
1717 2731 2022 2804 περιφανῆ,
2050 2733 2080 2785 6

494 2829 739 2896 γενναοίς
759 2818 932 2886 οὗτος,
950 2823 1044 2876 καὶ
1061 2820 1244 2890 σοφὸς,
1269 2822 1361 2874 καὶ¹
1384 2820 1605 2892 χάριτος
1625 2820 2078 2892 πεπληρωμένος,

494 2916 588 2968 καὶ
607 2911 877 2982 τοσαύτην
892 2909 1222 2979 Ἐκκλησίαν
1256 2908 1504 2976 ὠφελῶν,
1537 2907 1657 2960 οῦδέ
1681 2905 1850 2962 πολὺν
1885 2906 2078 2976 χρόνον

495 3005 726 3074 ποιήσας
767 3003 824 3056 ἐν
860 2999 939 3070 τῷ
977 2999 1318 3070 κηρύγματι,
1355 2996 1550 3068 ἀθρόον
1589 2996 1834 3066 ἡρπάγη,
1874 2997 1965 3048 κοιλ⁹
2003 2995 2079 3062 ὡς

499 3091 814 3164 βλάσφημος
877 3085 1264 3148 κατεδικάζετο
1319 3086 1415 3137 καὶ
1465 3082 1820 3147 κατελεύετο;
1871 3082 1937 3134 Τί
1989 3082 2080 3135 δαὶ

508 3179 802 3240 Ἰάκωϐος;
839 3175 940 3227 οὐκ
970 3175 1026 3226 ἐν
1059 3174 1201 3244 ἀρχῇ
1252 3173 1346 3225 καί
1372 3172 1536 3235 αὐτὸς
1567 3173 1658 3224 καὶ
1687 3170 1745 3236 ἐξ
1777 3170 1969 3240 αὐτῆς,
2002 3171 2078 3234 ὡς

496 3268 695 3322 εἰπεῖν,
723 3261 966 3333 βαλϐῖδος
998 3258 1337 3329 ἀνεσπάσθη,
1367 3261 1460 3312 καὶ¹
1492 3259 1832 3329 ἀποτμηθεὶς
1862 3260 1942 3322 είς
1981 3259 2080 3328 χά-

500 3371 585 3426 ριν
604 3353 710 3405 τῶν
753 3348 1024 3403 Ἰουδαίων
1055 3348 1161 3401 ὑπὸ
1199 3346 1465 3420 Ἡρώδου,
1485 3347 1629 3400 οὕτω
1656 3347 1747 3399 τὸν
1771 3346 1882 3417 βίον
1913 3347 2078 3400 κατέ-

503 3449 626 3492 λυσε
648 3475 662 3499 ,
696 3434 885 3496 στῦλος
916 3432 1157 3497 τοιοῦτος
1185 3433 1278 3485 καὶ
1311 3433 1593 3504 ἑδραίωμα
1622 3429 1942 3502 τηλικοῦτον
1979 3431 2080 3501 τῆς

499 3525 791 3596 ἁληθείαςς
821 3523 983 3574 Πόσοι
1005 3521 1124 3574 τότε
1149 3521 1595 3592 ἐσκανδαλίζοντο
1623 3521 1923 3591 γινομένων
1952 3521 2078 3572 τού-

498 3627 641 3674 των;
691 3606 833 3660 Ἀλλ’
887 3607 938 3658 οἱ
985 3605 1216 3668 ἑστῶτες
1278 3606 1497 3659 ἵσταντο
1548 3607 1614 3670 ι’,
1665 3605 1760 3658 καὶ
1816 3602 2080 3675 μειζόνως

501 3695 734 3748 ἵσταντο.
769 3691 1033 3742 ’Ἄκουσον
1088 3687 1218 3757 γοῦν
1261 3690 1312 3741 τί
1365 3706 1528 3760 φησιν
1561 3690 1589 3741 6
1626 3689 1836 3752 Παῦλος
1889 3687 2081 3741 Φιλιπ-

499 3775 718 3845 πησίοις
751 3772 1104 3826 ἐπιστέλλων·
1123 3774 1172 3824 Γ
1177 3773 1457 3826 ινώσκειν
1482 3773 1551 3825 δὲ
1576 3771 1731 3842 ὑμᾶς
1750 3773 2079 3840 βούλομαι,

499 3859 772 3928 ἀδελφοὶ,
810 3857 897 3910 ὅτι
937 3854 1009 3909 τὰ
1065 3856 1194 3908 κατ’
1223 3855 1329 3926 ἐμὲ
1365 3853 1606 3925 μᾶλλον
1637 3858 1726 3922 εἰς
1763 3855 2082 3924 προκοπὴν

499 3943 608 3997 τοῦ
651 3941 1022 4010 ΕὑιιγηοελΙου
1061 3937 1382 4005 ἐλήλυθεν,
1412 3938 1565 3993 ὥστε
1611 3940 1752 4006 τοὺς
1793 3940 2084 4005 πλείονας

499 4023 620 4080 τῶν
647 4022 928 4091 ἀδελφῶν
955 4022 1025 4075 ἐν
1057 4023 1268 4089 Κυρίῳ,
1303 4025 1661 4088 πεποιθότας
1691 4021 1812 4089 τοῖς
1836 4021 2082 4090 δεσμοῖς

495 4127 638 4179 μου,
659 4105 1099 4174 περισσοτέρως
1123 4103 1354 4172 τολμᾷν
1379 4106 1613 4173 ἀφόϐως
1635 4105 1743 4157 τὸν
1761 4106 1952 4172 λόγον
1975 4103 2080 4158 τοῦ

451 4237 458 4242 .
502 4193 654 4248 Θεοῦ
710 4188 946 4244 λαλεῖν.
1005 4183 1157 4250 Εἶδες
1210 4187 1496 4257 άνδρείαν;
1555 4184 1694 4252 εἱδες
1729 4188 2079 4260 παῤῥησίαν;

503 4272 643 4336 εἶδες
706 4269 948 4324 εὐτονίαν
999 4270 1214 4340 ψυχῆς
1277 4266 1418 4332 εἶδες
1479 4271 1766 4339 φιλόσοφον
1817 4271 2078 4340 γνώμηνς

473 4367 481 4374 ’
515 4357 732 4429 Ἐώρων
781 4354 872 4408 τὸν
904 4353 1225 4407 διδάσκαλον
1270 4356 1327 4407 ἐν
1363 4353 1722 4426 δεσμωτηρίῳ
1767 4355 1863 4408 καὶ
1893 4353 2080 4408 ἁλύσει

505 4439 1016 4512 συγκεκλεισμένον,
1070 4437 1394 4508 ἀγχόμενον,
1427 4437 1739 4507 παιόμενον,
1784 4439 1880 4490 καὶ
1912 4437 2084 4509 μυρία

505 4527 781 4598 πάσχοντα
809 4521 978 4583 δεινά,
1015 4521 1110 4576 καὶ
1156 4522 1216 4574 ού
1262 4521 1420 4592 μόνον
1449 4523 1548 4575 οὐκ
1599 4521 2080 4587 ἐσκανδαλίζοντο,

500 4610 624 4664 οὐδὲ
681 4606 1074 4680 ἐθορυϐοῦντο,
1133 4604 1271 4658 ἀλλά
1334 4605 1429 4658 καὶ
1493 4605 1715 4678 μείζονα
1773 4607 2082 4677 προθυμίαν

501 4693 756 4758 ἐκτῶντο,
811 4693 906 4745 καὶ
953 4690 1176 4744 πλείονα
1230 4689 1513 4760 προκοπὴν
1559 4693 1639 4754 είς
1693 4691 1818 4754 τοὺς
1865 4690 2081 4758 ἀγῶνας

504 4775 807 4846 ἐλάμϐανον
827 4775 918 4828 τοῦ
948 4772 1270 4827 διδασκάλου
1297 4775 1410 4836 τοῖς
1436 4773 1774 4844 παθήμασιν.
1807 4772 1967 4826 Ἀλλά
1987 4773 2082 4826 καὶ

505 4857 860 4926 ὑπεσύροντο,
901 4857 1088 4928 φησὶν,
1145 4856 1341 4928 ἐτεροι.
1401 4856 1536 4910 Οὐδὲ
1593 4856 1702 4922 ἐγὼ
1759 4857 1895 4928 πρὸς
1926 4856 2082 4910 τοῦτο

504 4939 788 5007 ἀντιλέγω·
821 4939 916 4991 καὶ
953 4940 1063 5010 γάρ
1109 4939 1255 5002 εἰκὸς
1287 4939 1514 5002 πολλοὺς
1541 4941 1634 4993 καὶ
1681 4939 2077 5011 ὑποσύρεσθαι,

505 5022 804 5094 γινομένων
829 5021 1052 5076 τούτων·
1075 5023 1211 5086 ἀλλ’,
1246 5023 1274 5076 ὃ
1304 5023 1561 5087 πολλάκις
1586 5020 1758 5088 εἷπον,
1791 5025 1883 5077 καὶ
1906 5023 2080 5094 λέγων

503 5110 564 5163 ού
597 5107 910 5178 παύσομαι,
954 5105 1111 5160 τοῦτο
1155 5107 1248 5160 καὶ
1293 5107 1385 5160 νῦν
1416 5109 1544 5180 ἐρῶ·
1579 5119 1600 5147 ε
1643 5110 1855 5172 ἑαυτοῖς
1881 5109 2079 5162 δίκαιοι

501 5193 661 5248 τοῦτο
681 5192 746 5246 ἂν
772 5188 882 5244 εἷεν
909 5191 1216 5260 λογίζεσθαι
1239 5183 1405 5252 οῦτοι,
1424 5193 1483 5246 ού
1509 5195 1574 5262 τῇ
1603 5193 1709 5246 τῶν
1745 5193 2080 5266 πραγμάτων

502 5277 684 5346 φύσει.
730 5276 841 5330 Καὶ
886 5273 996 5346 γὰρ
1031 5273 1210 5328 ἀπιὼν
1246 5278 1275 5328 6
1333 5275 1566 5347 Χριστὸς
1597 5275 1849 5330 ἐντεῦθεν
1878 5276 2080 5346 ταύτην

503 5361 792 5414 κατέλιπεν
813 5357 965 5432 [500]
997 5359 1128 5429 ἡμῖν
1173 5358 1271 5429 τὴν
1313 5359 1700 5432 κληρονομίαν,
1750 5359 1942 5429 λέγων,
1987 5361 2082 5412 Ἐν

502 5445 583 5510 τῷ
621 5445 832 5513 κόσμῳ
865 5442 1082 5509 θλίψιν
1103 5440 1292 5504 ἕξετε·
1320 5443 1440 5506 καὶ,
1488 5443 1612 5496 Ἐπί
1647 5445 1948 5514 ἡγεμόνας
1981 5443 2082 5497 καί

501 5527 795 5593 βασιλέας
843 5525 1212 5596 ἀχθήσεσθε·
1266 5528 1382 5592 καὶ,
1427 5528 1637 5582 Ἔσται
1695 5529 1936 5597 καιρὸς,
1983 5526 2082 5582 ὅτε

499 5608 620 5674 πᾶς
657 5613 689 5662 ό
717 5610 1080 5677 ἀποκτείνας
1119 5609 1297 5682 ὑμᾶς,
1327 5611 1490 5674 δόξει
1515 5612 1796 5690 ,ἰατρείαν
1821 5612 2082 5682 προσφέ-

563 5765 587 5827 ξ¹
729 5764 972 5827 συσχείας.

556 5821 587 5886 ξι
621 5822 730 5886 ςλίιὶΔ
747 5819 852 5872 ἀλλτ
868 5827 928 5886 οἱ,
943 5826 1114 5886 ἑδραῖοι
1138 5832 1348 5878 ἵσταντο.

557 5885 578 5909 '~
616 5883 700 5926 Hic
722 5883 849 5935 locus
885 5883 1082 5937 vitiatus
1107 5895 1316 5941 videtur.

1211 418 1268 473 S.
1307 411 1592 473 JOANNIS
1629 403 2128 469 CHRYSUSTOMI
2176 403 2498 464 ARCHIEP.
2540 404 3101 463 CONSTANTINOP.

3667 411 3766 468 5η

2173 539 2309 590 ρειν
2333 521 2413 588 τῷ
2438 521 2579 588 Θεῷ.
2593 521 2762 576 Ὥστε
2785 521 3053 594 περιττῶς
3077 538 3166 590 μοι
3186 522 3309 587 τοῦς
3343 523 3766 597 σκανδαλιζομέο

2181 629 2306 676 νους
2344 612 2622 684 πανταχοῦ
2653 611 2969 683 προφέρεις·
3002 611 3090 664 ἀεὶ
3116 611 3224 681 γὰρ
3255 611 3438 665 ταῦτα
3467 614 3762 669 συνέϐαινε.

2180 702 2293 754 Καὶ
2338 701 2392 753 τί
2433 700 2576 768 λέγω
2623 700 2693 753 τά
2728 702 2838 753 τῶν
2877 699 3226 766 ἀποστόλων;
3261 699 3430 754 Ιιότοι
3453 701 3536 772 τῷ
3560 703 3766 774 σταυρῷ

2180 786 2346 842 αὐτοῦ
2369 787 2465 841 τοῦ
2501 787 2685 840 κοινοῦ
2716 788 2934 842 πάντων
2963 786 3121 858 ἡμῶν
3143 788 3423 841 Δεσπὸτου
3452 791 3765 844 ἐσκανδαλί-

2182 875 2411 947 σθησαν,
2441 875 2536 930 καὶ
2582 873 3036 947 παρανομώτεροι
3071 875 3166 928 καὶ
3198 876 3536 948 θρασύτεροι
3576 878 3767 947 μᾶλλον

2180 963 2450 1031 ἐγένοντο,
2477 964 2572 1018 καὶ
2604 964 2895 1035 παριόντες
2922 963 3249 1034 ἐκωμῴδουν
3277 963 3472 1028 αὑτὸν,
3502 964 3764 1032 λέγοντες,

2191 1052 2254 1106 '0
2298 1054 2619 1106 καταλύων
2649 1053 2756 1108 τὸν
2792 1052 2966 1111 ναὸν.
3016 1053 3116 1107 καί
3169 1053 3244 1106 ἐν
3287 1054 3499 1121 τρισίν
3536 1053 3767 1122 ἡμέραις

2176 1141 2424 1209 ἐγείρων
2454 1140 2642 1194 αὑτὸν
2680 1140 2731 1204 ά,
2757 1140 2992 1206 ἄλλους
3011 1141 3271 1205 ἔσωσεν,
3301 1141 3534 1195 ἑαυτὸν
3560 1147 3632 1196 οὑ
3669 1141 3766 1196 δύο

2178 1247 2352 1286 ναται
2381 1229 2576 1284 σῶσαι
2598 1247 2615 1295 ;
2641 1231 2710 1283 El
2741 1230 2874 1296 Υἱὸς
2905 1225 2960 1283 εἶ
2988 1229 3095 1284 τοῦ
3121 1230 3294 1290 Θεοῦ.
3319 1229 3618 1296 κατάϐηθι
3653 1231 3766 1284 ἀπὸ

2180 1319 2288 1373 τοῦ
2316 1319 2607 1387 σταυροῦ,
2635 1317 2735 1372 καί
2771 1320 3184 1388 πιστεύσομεν
3206 1322 3296 1386 εἰς
3319 1319 3422 1374 σέ.
3463 1318 3605 1372 Ἀλλ’
3625 1321 3765 1390 ὅμως

2179 1408 2280 1460 οὐκ
2304 1407 2370 1461 ἂν
2405 1407 2577 1478 ἔχοιεν
2623 1407 2920 1476 ἀπολογίαν
2951 1401 3098 1460 οῦτοι
3147 1407 3237 1460 διὰ
3259 1407 3354 1462 τὸν
3398 1408 3660 1478 σταυρόν.
3707 1405 3765 1462 '0

2179 1494 2288 1565 γάρ
2339 1494 2542 1565 λῃστὴς
2576 1495 2833 1548 ἀπάντων
2862 1498 3162 1566 κατηγορεῖ
3200 1495 3311 1550 τῶν
3340 1495 3629 1552 τοιούτων.
3665 1497 3763 1550 Καὶ

2180 1583 2290 1654 γάρ
2309 1585 2402 1637 καὶ
2424 1585 2631 1648 ἐκεῖνος
2659 1585 3074 1656 ἐσταυρωμένον
3090 1583 3228 1640 εἶδεν
3249 1586 3387 1651 ἄνω,
3405 1586 3507 1640 καὶ
3528 1587 3588 1638 οὺ
3615 1587 3763 1657 μόνον

2178 1673 2279 1726 ούκ
2311 1672 2724 1743 ἐσκανδαλίσθη,
2755 1673 2891 1727 ἀλλὰ
2919 1674 3015 1727 καὶ
3041 1674 3294 1728 ἐντεῦθεν
3325 1673 3562 1745 μείζονα
3582 1675 3764 1728 ὑπόθε-

2183 1777 2266 1815 σιν
2293 1760 2484 1814 ἐλαϐεν
2515 1762 2596 1825 είς
2622 1761 2684 1814 τὸ
2715 1760 3095 1832 φιλοσοφῆσαι,
3118 1765 3213 1817 καὶ
3234 1765 3416 1818 πάντα
3441 1763 3684 1836 ὑπερϐὰς
3701 1765 3765 1818 τὰ

2181 1848 2518 1922 ἀνθρώπινα,
2550 1849 2644 1904 καὶ
2671 1849 2750 1919 τῷ
2796 1849 2983 1921 πτερῴ
3009 1851 3110 1920 τῆς
3141 1853 3386 1917 πίστεως
3419 1855 3759 1922 κουφισθεὶς,

2183 1940 2311 2010 περὶ
2337 1939 2446 1992 τῶν
2485 1939 2788 2010 μελλόντων
2817 1938 3150 2010 ἐφιλοσόφει.
3195 1940 3374 2013 Ὁρῶν
3411 1941 3526 2014 γὰρ
3553 1943 3762 1997 ἀνεσκο-

2180 2019 2540 2097 λοπισμένον,
2603 2029 3116 2099 μεμαστιγωμένον,
3174 2028 3562 2102 ὑϐριζόμενον,
3614 2033 3762 2104 χολήν

2184 2114 2558 2186 ποτιζόμενον,
2576 2116 2974 2186 ἐμπτυόμενον,
2992 2115 3098 2170 ὑπὸ
3115 2116 3287 2188 δήμου
3306 2118 3573 2172 τοσούτου
3585 2119 3761 2190 χλευα-

2183 2199 2432 2271 ζόμενον,
2489 2201 2596 2255 ύπδ
2643 2201 2995 2274 δικαστηρίου
3047 2205 3480 2277 κατακριθέντα,
3529 2208 3626 2278 τὴν
3678 2208 3762 2261 ἐπὶ

2184 2289 2412 2344 θάνατον
2465 2289 2800 2361 ἀπαχθέντα,
2851 2292 3027 2346 οὐδενὶ
3077 2294 3284 2349 τούτων
3351 2297 3755 2367 ἐσκανδαλίσθη-

2181 2377 2297 2432 ἀλλ’
2331 2377 2472 2449 ὁρῶν
2511 2379 2744 2450 σταυρὸν
2778 2380 2869 2433 καὶ
2899 2381 3062 2451 ἥλους
3095 2383 3523 2454 ἐμπεπηγότας,
3549 2386 3640 2439 καὶ
3659 2401 3759 2437 κω-

2187 2467 2391 2538 μῳδίαν
2431 2467 2700 2540 τοσαύτην
2749 2469 3040 2540 γινομένην
3093 2471 3200 2525 ὑπὸ
3257 2471 3354 2526 τοῦ
3412 2473 3648 2546 πλήθους
3678 2471 3758 2528 τοῦ

2182 2553 2608 2627 διεφθαρμένου,
2645 2555 2744 2627 τὴν
2772 2557 2938 2628 ὀρθὴν
2968 2557 3085 2612 ὁδὸν
3116 2559 3278 2624 αὐτὸς
3319 2561 3545 2615 ἐϐάδισε
3569 2561 3756 2630 λέγων,

2182 2640 2505 2711 Μνήσθητί
2523 2663 2644 2714 μου
2674 2645 2742 2698 ἐν
2761 2645 2838 2714 τῇ
2861 2646 3156 2715 ,βασιλείᾳ
3179 2663 3318 2701 σου·
3351 2649 3452 2702 καὶ
3485 2649 3576 2703 τὸν
3604 2667 3756 2718 κατη-

2183 2730 2453 2802 γοροῦντα
2477 2733 2822 2804 ἐπεστόμιζε,
2844 2735 3024 2789 καὶτὰ
3043 2737 3218 2790 οἰκεῖα
3244 2738 3622 2810 ἁμαρτήματα
3639 2737 3758 2802 ἐξω-

2187 2822 2486 2891 μολογεῖτο,
2506 2823 2600 2876 καὶ
2625 2841 2690 2876 πε
2699 2824 2752 2895 ρὶ
2772 2824 3119 2889 ἀναστάσεως
3136 2827 3475 2897 ἐφιλοσόφει·
3494 2829 3583 2881 καὶ
3603 2826 3754 2881 ταῦτα

2182 2913 2243 2966 ού
2267 2915 2494 2984 νεκροὺς
2522 2913 2644 2966 ἰδὼν
2661 2915 3064 2984 ἐγειρομένους,
3093 2916 3154 2969 οῦ
3175 2917 3418 2988 λεπροὺς
3449 2916 3755 2990 καθαιρομέ-

2183 3020 2326 3068 νους,
2363 3004 2424 3055 ού
2463 3004 2670 3075 χωλοὺς
2693 3005 2906 3077 διορθου
2915 3005 3129 3076 μένους,
3147 3006 3207 3059 ού
3231 3007 3513 3062 θάλατταν
3527 3007 3752 3078 χαλινου-

2187 3091 2377 3162 μένην,
2405 3091 2466 3144 ού
2495 3092 2758 3162 δαίμονας
2779 3093 3190 3163 ἐλαυνομένους,
3227 3097 3328 3150 οὐκ
3357 3097 3560 3167 ἄρτους
3593 3095 3748 3165 πηγά-

2184 3179 2396 3244 ζοντας,
2421 3180 2481 3232 ού
2503 3181 2571 3234 τά
2592 3181 2746 3246 ἄλλα,
2785 3182 2930 3254 άπερ
2983 3183 3249 3237 ἐθεάσατο
3277 3184 3394 3238 τῶν
3446 3183 3700 3239 Ἰουδαίων
3729 3182 3755 3234 6

2182 3268 2376 3339 δῆμος,
2410 3269 2503 3322 καὶ
2537 3268 2875 3340 θεασάμενος
2916 3270 3284 3342 ἐσταύρωσεν.
3330 3273 3480 3327 Ἀλλ’
3498 3267 3644 3335 οὗτος
3667 3269 3754 3340 μὲν

2186 3357 2713 3428 ἀνεσκολοπισμένον
2773 3357 2897 3412 ἰδὼν
2945 3360 3039 3414 καὶ
3093 3359 3420 3431 ὡμολόγησε
3477 3360 3626 3425 Θεὸν,
3675 3351 3754 3410 καὶ

2187 3444 2470 3516 βασιλείας
2526 3445 2924 3517 ἐμνημόνευσε,
2989 3448 3083 3501 καὶ
3141 3450 3269 3520 περὶ
3324 3450 3442 3504 τῶν
3477 3447 3752 3521 μελλόντων

2185 3532 2602 3602 ἐφιλοσόφησεν·
2639 3535 2838 3587 ἐκεῖνοι
2866 3533 2923 3587 δέ
2952 3533 3485 3608 θαυματουργοῦντα
3510 3536 3753 3604 θεασάμε-

2187 3639 2288 3684 νοι,
2345 3621 2440 3675 καὶ
2497 3621 2598 3691 τῆς
2652 3622 2740 3676 διά
2777 3621 2975 3690 λόγων,
3015 3625 3244 3694 καὶτῆς
3292 3626 3388 3681 διὰ
3435 3625 3752 3698 πραγμάτων

2187 3709 2595 3774 ἀπολαύσαντες
2617 3711 2986 3775 διδασκαλίας,
3017 3713 3079 3766 ού
3113 3714 3273 3784 μόνον
3293 3715 3453 3768 οὐδὲν
3472 3712 3749 3768 άπώναντο.

2183 3797 2322 3852 ἀλλὰ
2345 3798 2439 3851 καὶ
2465 3799 2543 3862 εἰς
2557 3798 2618 3851 τὸ
2650 3798 2874 3869 ἔσχατον
2909 3799 3180 3874 βάραθρον
3206 3801 3309 3872 τῆς
3330 3802 3608 3864 ἀπωλείας
3635 3813 3750 3852 κατ-

2187 3885 2514 3958 ηνέχθησαν,
2558 3887 2652 3939 ἐπὶ
2699 3887 2792 3941 τὸν
2840 3889 3074 3959 σταυρὸν
3121 3889 3285 3942 αὑτὸν
3320 3888 3748 3946 ἀναϐιϐάσαντες-

2197 3975 2361 4047 Ὁρᾷς
2395 3976 2479 4028 ὅτι
2503 3976 2553 4028 οί
2597 3975 2698 4044 μὲν
2749 3974 3068 4046 ἀγνώμονες
3118 3978 3212 4032 καὶ
3260 3979 3614 4050 ἠμελημένοι,
3647 3971 3748 4026 οὐδὲ

2187 4063 2296 4117 ἀπὸ
2319 4062 2428 4116 τῶν
2453 4061 2812 4132 ὠφελούντων
2833 4065 3234 4136 κερδαίνουσιν·
3257 4067 3307 4118 οί
3344 4066 3407 4120 δὲ
3437 4063 3750 4134 εὐγνώμονες

2188 4150 2280 4204 καὶ
2299 4150 2578 4220 νήφοντες,
2607 4151 2702 4220 ἀφ’
2720 4144 2796 4205 ὧν
2829 4150 3008 4222 ἐτεροι
3034 4152 3503 4216 σκανδαλίζονται,
3523 4149 3624 4204 ἀπὸ
3642 4144 3747 4199 τού-

2186 4257 2295 4292 των
2345 4239 2413 4292 τά
2449 4239 2680 4309 μέγιστα
2722 4240 3094 4309 ὠφελοῦνταις
3157 4242 3327 4296 Τοῦτο
3390 4243 3484 4296 καὶ
3534 4237 3622 4292 ἐπὶ
3662 4233 3746 4287 τοῦ

2199 4325 2390 4388 Ἰούδα,
2418 4327 2514 4379 καὶ
2545 4327 2641 4378 ἐπὶ
2661 4326 2756 4380 τοῦ
2805 4327 2926 4380 Ἰὼϐ
2953 4328 3101 4381 ἐστιν
3127 4329 3279 4384 ἰδεῖν.
3311 4330 3369 4383 '0
3396 4331 3492 4401 μὲν
3512 4327 3612 4397 γάρ
3634 4319 3747 4376 Ἰού-

2186 4411 2284 4476 δας
2310 4413 2431 4466 ούδέ
2463 4413 2572 4466 ἀπὸ
2593 4413 2688 4467 τοῦ
2715 4415 2956 4485 Χριστοῦ
2989 4414 3082 4469 τοῦ
3127 4415 3228 4487 τὴν
3263 4415 3590 4488 οἰκουμένην
3618 4411 3744 4478 διορ-

2189 4499 2465 4565 θώσαντος
2493 4501 2696 4575 ἐσώθη·
2745 4505 2774 4556 6
2809 4503 2869 4556 δὲ
2918 4503 3040 4557 Ἰὼϐ
3067 4505 3188 4559 οὐδὲ
3243 4506 3356 4560 ἀπὸ
3383 4505 3477 4560 τοῦ
3521 4497 3741 4557 διαϐόλου

2187 4590 2280 4644 τοῦ
2335 4593 2626 4656 τοσούτους
2679 4594 3047 4660 ἀπολέσαντος
3109 4597 3337 4668 ἐϐλάϐη.
3399 4594 3533 4650 Ἀλλ’
3585 4593 3612 4644 6
3657 4584 3741 4657 μὲν

2191 4682 2359 4754 μυρία
2395 4683 2620 4753 πάσχων
2651 4684 2817 4747 κακὰ,
2848 4687 3232 4754 ἐστεφανοῦτο·
3261 4689 3469 4752 ἐκεῖνος
3499 4683 3574 4747 δὲ,
3599 4683 3626 4734 ὁ
3655 4693 3740 4744 ση·

2189 4772 2317 4841 μεῖα
2332 4770 2684 4840 θεασάμενος,
2700 4773 2794 4824 καὶ
2809 4773 2972 4836 αὐτὸς
2992 4775 3242 4844 ποιήσας,
3260 4777 3290 4829 6
3311 4774 3534 4848 νεκροὺς
3549 4765 3740 4837 ἐγείρας

2189 4857 2284 4910 καὶ
2333 4857 2595 4928 δαίμονας
2641 4859 2843 4924 ἐλάσας
2883 4861 3153 4931 (καὶγὰρ
3209 4863 3304 4917 καὶ
3361 4860 3519 4922 αὐτὸς
3561 4851 3738 4916 ταύτην

2187 4943 2378 5015 εἴληφε
2410 4945 2512 5016 τὴν
2543 4944 2856 5017 ἐξουσίαν),
2879 4946 2908 4998 6
2950 4947 3120 5020 μυρία
3174 4948 3304 5021 περὶ
3360 4942 3624 5019 βασιλείας
3660 4932 3737 4988 καὶ

2185 5032 2412 5102 γεέννης
2437 5031 2698 5100 ἀκούσας,
2731 5035 2759 5087 6
2791 5034 3071 5105 τραπέζης
3100 5039 3438 5108 κοινωνήσας
3466 5023 3734 5106 μυστικῆςο

2183 5123 2212 5174 6
2242 5119 2458 5173 δείπνου
2511 5119 2800 5191 μετασχών
2846 5122 3306 5192 φρικωδεστάτου,
3361 5124 3451 5177 καὶ
3498 5111 3735 5192 ’τοσαύτην⁹

2184 5205 2502 5270 ἀπολαύσας
2541 5207 2754 5269 εὐνοίας
2787 5191 2898 5262 καί
2937 5209 3212 5280 προνοίας,
3265 5211 3398 5281 ὅσης
3438 5206 3626 5275 Πέτρος
3659 5191 3736 5281 κα)

2198 5294 2454 5360 Ἰάκωϐος
2501 5295 2597 5348 καὶ
2641 5295 2917 5366 Ἰωάννης,
2955 5277 3156 5368 μᾶλλον
3189 5297 3246 5350 δὲ
3279 5277 3373 5351 καί
3419 5293 3558 5368 [501]
3581 5277 3736 5368 πολλῷ

2189 5381 2449 5445 πλείονος·
2508 5382 2647 5452 μετὰ
2697 5385 2805 5454 γάρ
2848 5367 2964 5454 τῆς
2988 5384 3153 5455 ἄλλης
3188 5367 3502 5456 ἐπιμελείας
3537 5374 3623 5430 καὶ
3655 5367 3735 5436 τῆς

2189 5469 2672 5538 συγκαταϐάσεως,
2699 5465 2767 5542 ἧς
2799 5473 3027 5544 μετέσχε
3055 5474 3279 5546 πολλῆς,
3315 5475 3407 5528 καὶ
3430 5472 3492 5526 τὰ
3513 5465 3736 5540 χρήματα

2185 5555 2294 5609 τῶν
2334 5559 2585 5628 πενήτων
2636 5560 3000 5632 ἐγχειρισθεὶς
3036 5556 3126 5633 ἦν·
3157 5562 3280 5616 τότε
3310 5554 3464 5623 οὗτος
3492 5549 3617 5625 μετά
3656 5558 3734 5596 τοο

2190 5645 2364 5700 σαῦτα
2395 5645 2786 5720 ἐξεϐακχεύθη,
2842 5650 2938 5704 καὶ
2970 5649 3062 5704 τὸν
3105 5651 3352 5707 Σατανᾶν
3377 5641 3734 5708 ὑποδεξάμενος

2187 5732 2276 5787 διὰ
2298 5733 2398 5804 τῆς
2429 5734 2819 5807 φιλαργυρίας,
2847 5738 2926 5802 είς
2959 5737 3057 5808 τὴν
3083 5739 3278 5794 ἐαυτοῦ
3303 5738 3529 5796 διάνοιαν
3546 5724 3731 5796 ἐγένετο

2253 5895 2280 5936 ά
2301 5897 2398 5949 Alii
2421 5901 2613 5964 ἡμέραις
2637 5901 2902 5964 οἰκοδομῶν
2928 5903 3069 5952 αὐτόν
