4002 6370
291 450 389 506 6εό

285 558 680 629 apostolorum,
702 552 931 625 quasso?
961 566 1137 605 nonne
1177 552 1451 605 innumera
1486 551 1607 604 talia
1651 550 1867 604 evenie-

290 650 447 702 bant?
477 646 619 700 Audi
654 646 778 716 quid
803 645 940 698 dicat
966 643 1159 697 Paulus
1188 660 1201 695 :
1231 642 1347 697 Scis
1369 642 1492 706 hoc,
1535 641 1670 711 quod
1711 642 1872 693 aversi

288 750 397 794 sunt
426 755 457 789 a
484 754 567 789 me
587 752 764 789 omnes
783 734 867 804 qui
888 734 940 786 in
969 733 1088 786 Asia
1109 740 1243 794 sunt,
1268 747 1330 786 ea:
1348 732 1524 800 quibus
1549 741 1622 785 est
1647 730 1873 801 Phygel-

287 832 361 881 lns
403 837 447 880 et
494 827 846 891 llennogenes
875 825 970 896 (2.
1003 822 1137 876 Tim.
1163 824 1215 877 1.
1245 821 1312 877 15
1420 821 1609 875 Nonne
1631 835 1875 875 carceres

288 918 669 975 inhabitabant
697 915 983 971 doctores?
1025 929 1202 967 nonne
1232 913 1435 967 catenis
1461 920 1616 966 erant
1647 912 1877 965 circum-

286 1012 431 1064 dati?
457 1026 649 1064 nonne
673 1026 701 1063 a
732 1008 1055 1072 domesticis,
1086 1006 1154 1059 ab
1174 1005 1361 1060 alienis
1385 1005 1520 1057 mala
1544 1003 1879 1074 patiebantur

285 1102 565 1156 extrema?
589 1116 770 1154 nonne
794 1110 908 1170 post
924 1099 1043 1152 illos
1066 1099 1117 1151 in
1140 1097 1297 1151 ovilia
1320 1096 1426 1164 lupi
1444 1110 1632 1166 graves
1653 1095 1876 1165 ingressi

286 1193 438 1246 sunt?
481 1207 670 1246 nonne
696 1193 793 1245 ista
827 1190 1026 1244 Paulus
1073 1188 1396 1257 prmdicebat
1438 1186 1685 1254 Ephesiis
1713 1226 1728 1252 ,
1756 1199 1876 1239 cum

290 1282 524 1336 Miletum
555 1282 681 1335 illos
729 1279 1155 1335 transmitteret?
1182 1277 1294 1349 Ego
1336 1279 1478 1331 enim
1508 1277 1632 1341 scio,
1684 1276 1876 1346 inquit,

287 1374 523 1441 quoniam
539 1374 801 1426 intrabunt
825 1380 935 1441 post
955 1370 1304 1425 discessionem
1324 1386 1487 1422 meum
1512 1369 1621 1438 lupi
1634 1384 1809 1439 graves
1827 1369 1879 1421 in

290 1452 392 1529 tios,
413 1480 516 1516 non
540 1473 805 1534 parcentes
829 1463 988 1532 gregi.
1017 1459 1086 1514 Et
1115 1477 1176 1514 ea:
1198 1459 1336 1514 vobis
1361 1460 1484 1530 ipsis
1506 1470 1772 1529 exsurgant
1787 1460 1882 1512 viri

293 1558 549 1625 loquentes
578 1572 831 1623 perversa,
863 1566 915 1607 ut
947 1554 1195 1607 abducant
1220 1553 1492 1622 discipulos
1522 1560 1634 1620 post
1656 1567 1709 1605 se
1742 1550 1878 1622 (Act.

293 1648 380 1700 ‘30.
407 1648 498 1701 29.
552 1648 673 1717 50).
704 1646 897 1701 Nonne
942 1645 1247 1701 Alexander
1300 1646 1381 1696 vir
1427 1645 1648 1697 :erarius
1701 1642 1882 1696 multis

295 1755 410 1792 cum
440 1739 675 1807 negotiis
700 1738 992 1803 infestavit,
1024 1738 1485 1807 perscquutionem
1516 1750 1759 1801 movens,
1787 1749 1885 1787 un-

296 1830 449 1898 dique
501 1829 844 1899 impugnans,
884 1830 1173 1895 lacessens,
1221 1826 1353 1883 etin
1395 1834 1569 1880 tantas
1609 1824 1884 1893 angustias

296 1934 412 1975 etim
439 1921 748 1990 redegerat,
773 1929 898 1975 utet
921 1920 1236 1988 discipulum
1249 1918 1633 1973 admoueretac
1645 1917 1847 1970 diceret
1864 1932 1879 1968 :

303 2010 453 2073 Quem
477 2021 527 2063 et
557 2020 614 2063 tu
641 2011 805 2064 devita
829 2026 847 2063 :
865 2011 1011 2063 valde
1030 2010 1161 2063 enim
1190 2009 1370 2061 restitit
1393 2008 1555 2061 verbis
1571 2007 1752 2060 nostris
1783 2004 1879 2078 (2.

306 2099 427 2152 Tim.
443 2102 531 2156 4.1
545 2098 608 2172 Ξῖ)
622 2103 647 2152 ?
666 2101 851 2156 Nonne
873 2116 900 2153 a
926 2100 1237 2167 quibusdam
1261 2099 1404 2153 falsis
1432 2098 1680 2152 fratribus
1694 2113 1883 2153 corru-

303 2200 381 2258 pta
401 2200 484 2244 est
503 2193 714 2259 integra
734 2191 875 2244 natio
892 2190 1216 2255 Galatarum,
1241 2198 1290 2244 et
1307 2189 1374 2244 ad
1386 2189 1413 2244 J
1420 2189 1689 2243 ttdmorum
1708 2197 1884 2257 partes

305 2279 500 2333 transiit
516 2278 667 2347 (Gal.
680 2279 732 2332 2.
749 2277 844 2349 4)“1
863 2278 1046 2333 Nonne
1059 2280 1109 2331 in
1128 2279 1290 2347 ipsius
1306 2277 1622 2347 evangelicre
1642 2277 1886 2345 praedica-

304 2371 349 2422 tis
373 2371 451 2425 nis
499 2371 812 2439 primordiis
848 2370 1168 2440 Stephanus,
1199 2371 1287 2440 qui
1314 2371 1501 2440 majori
1531 2385 1651 2424 cum
1684 2370 1884 2438 impetu

304 2475 450 2527 quam
491 2461 607 2530 ipsa
660 2460 875 2514 ﬂumina
915 2461 1074 2514 verba
1117 2461 1401 2525 fundebat,
1433 2469 1487 2514 et
1521 2459 1768 2514 omnibus
1809 2459 1881 2512 si-

307 2550 514 2604 lentium
532 2551 867 2619 imponebat,
886 2556 974 2623 qui
991 2551 1295 2606 Judaeorum
1317 2553 1524 2622 linguas
1552 2552 1886 2621 impudentes

305 2642 602 2696 occludcbat
615 2683 634 2707 ,
661 2643 744 2697 cui
765 2644 1014 2698 resistere
1041 2658 1197 2698 nemo
1214 2652 1440 2711 poterat,
1458 2643 1547 2714 qui
1568 2658 1655 2697 res
1670 2643 1887 2699 .Iudeeo-

307 2750 413 2788 rum
450 2750 649 2790 omnes
680 2736 1034 2791 confundebat
1061 2778 1076 2803 ,
1108 2738 1421 2806 praeclarum
1462 2745 1719 2805 tropzeum
1763 2751 1885 2791 ere-

308 2836 467 2893 xerat,
483 2836 538 2881 et
553 2828 818 2898 insignem
838 2829 1107 2883 victoriam
1129 2836 1445 2898 reportarat,
1462 2842 1753 2897 generosus
1775 2828 1882 2895 ille,

308 2927 355 2970 et
383 2918 622 2987 sapiens,
654 2927 707 2973 et
736 2921 900 2989 gratia
932 2920 1137 2988 plenus,
1172 2919 1259 2988 qui
1292 2918 1360 2972 de
1391 2927 1533 2973 tanta
1564 2919 1701 2973 bene
1729 2918 1888 2972 meri-

310 3017 383 3062 tus
409 3018 523 3063 erat.
558 3009 823 3075 Ecclesia,
876 3025 993 3064 eum
1024 3027 1127 3064 non
1159 3010 1444 3065 admodum
1472 3001 1887 3077 diuturnoJem-

311 3114 425 3164 pore
452 3100 820 3168 praedicasset,
853 3102 1130 3156 confestim
1175 3102 1426 3170 abreptus
1473 3110 1720 3172 tanquam
1772 3103 1887 3157 bla-

308 3188 549 3254 sphemus
614 3190 968 3245 damnabatur
1015 3202 1068 3246 et
1118 3193 1462 3262 lapidabatur.
1537 3195 1671 3261 Quid
1729 3210 1889 3265 porro

307 3278 566 3335 lacubus?
630 3297 807 3337 nonne
858 3284 926 3337 ab
971 3284 1119 3338 initio
1163 3287 1274 3354 ipse
1318 3301 1566 3355 quoque,
1616 3297 1776 3357 atque
1822 3287 1889 3340 ab

314 3370 429 3435 ipsis
456 3372 848 3441 propemodum
888 3375 1047 3429 stadii
1093 3377 1401 3431 carceribus
1434 3380 1667 3443 avulsus,
1715 3387 1770 3435 et
1816 3382 1884 3436 ab

312 3459 509 3516 llerode
539 3464 593 3516 in
625 3463 847 3532 gmtiam
877 3464 1184 3520 Judaeorum
1212 3468 1385 3537 Capite
1420 3478 1694 3524 truncatus
1727 3473 1887 3527 vitam

312 3552 451 3617 tiuiit,
482 3562 635 3608 tanta
684 3554 767 3607 illa
795 3557 1061 3622 columna,
1111 3566 1312 3611 tantum
1353 3560 1602 3615 columen
1650 3562 1890 3618 veritatis

311 3642 436 3703 (Act.
462 3645 547 3699 12.
574 3644 680 3718 ‘2)?
708 3646 874 3713 Quam
907 3649 1056 3701 multi
1089 3657 1195 3703 tum
1227 3650 1740 3719 scandalizabantur,
1767 3669 1887 3708 cum

313 3734 416 3789 Inee
440 3736 671 3792 ﬁerent?
724 3737 829 3792 Sed
878 3740 966 3808 qui
1022 3740 1250 3806 stabant,
1283 3748 1564 3805 steterunt,
1589 3751 1643 3797 et
1686 3743 1890 3799 firmius

310 3834 557 3880 steterunt
588 3827 632 3879 ί.
662 3827 798 3881 Audi
828 3843 960 3883 sane
984 3829 1112 3899 quid
1150 3830 1216 3882 ad
1249 3830 1612 3898 l’hilippenses
1640 3833 1886 3889 scribens

311 3914 440 3969 dicat
489 3916 692 3972 Paulus
738 3935 753 3970 :
808 3919 957 3973 Scire
1002 3930 1169 3974 autent
1208 3937 1295 3974 vos
1338 3921 1470 3987 colo,
1518 3925 1719 3993 fratres,
1774 3926 1892 3993 quia

312 4020 414 4072 qua:
435 4007 571 4060 circa
605 4024 686 4061 me
714 4018 849 4075 sunt,
877 4010 1037 4080 magis
1067 4012 1136 4063 ad
1163 4014 1442 4081 profectum
1472 4023 1710 4066 venerunt
1736 4030 1889 4068 evan-

312 4098 437 4163 gelii,
464 4100 536 4152 ita
564 4108 622 4153 ut
651 4101 823 4170 plures
846 4117 873 4155 e
893 4102 1134 4171 fratribus
1163 4103 1214 4156 in
1238 4103 1478 4169 Domino,
1508 4106 1818 4173 conﬁdentes
1836 4107 1891 4160 in

312 4189 512 4244 vinculis
538 4191 684 4254 meis,
720 4193 1059 4247 abundantius
1078 4195 1321 4249 auderent
1358 4197 1467 4248 sine
1489 4198 1664 4250 timore
1689 4199 1892 4251 verbum

318 4278 401 4333 1)ιὶ
443 4280 585 4354 logui
618 4282 877 4354 (Philipp.
925 4287 971 4339 l.
1005 4287 1249 4359 12.14).
1286 4287 1448 4344 Vides
1488 4289 1893 4346 fortitudinem?

313 4368 452 4424 rides
482 4372 770 4426 fiduciam?
794 4373 941 4428 vides
966 4375 1159 4430 animae
1182 4378 1575 4432 constantiam?
1595 4380 1743 4434 vides
1762 4396 1891 4449 pro—

315 4461 533 4523 positum
560 4462 915 4532 philosophiae
962 4467 1227 4534 plenum?
1274 4468 1533 4524 Videbunt
1581 4472 1891 4541 magistrum

315 4549 363 4604 in
388 4566 607 4610 carcere
634 4566 689 4612 et
709 4556 933 4611 vinculis
955 4560 1289 4624 conclusum,
1324 4563 1528 4628 vexari,
1555 4563 1710 4630 Ctt‘dl,
1738 4566 1893 4622 malis

315 4641 601 4700 innumeris
626 4646 810 4716 afﬂigi,
840 4658 893 4702 et
910 4664 1014 4702 non
1037 4651 1209 4704 solum
1240 4666 1345 4704 non
1372 4653 1891 4722 scaudalizabantur,

316 4748 478 4803 neque
514 4739 989 4806 perturbabantur,
1038 4741 1134 4797 sed
1162 4750 1219 4797 et
1262 4743 1516 4812 majorem
1561 4745 1891 4801 alacritatem

314 4826 673 4892 arquirebant,
714 4838 767 4884 et
792 4830 856 4884 ad
906 4833 1179 4887 subeunda
1219 4837 1511 4889 certamina
1543 4839 1781 4907 magistri
1811 4840 1894 4895 sui

315 4913 687 4974 afﬂictionibus
707 4922 882 4975 acrius
906 4923 1279 4979 iueitabautur.
1308 4926 1379 4981 At
1406 4928 1547 4982 enim
1570 4930 1748 4983 exnteri
1770 4945 1895 4998 per-

319 5011 674 5076 Vcrlchautur,
701 5012 1072 5083 dicetaliquis.
1106 5016 1289 5085 Neque
1317 5034 1416 5088 ego
1439 5019 1520 5072 his
1534 5022 1844 5075 contradico
1880 5040 1893 5077 :

317 5098 597 5154 verisimile
632 5116 860 5171 namque
876 5113 955 5158 est
978 5105 1192 5173 multos,
1211 5107 1335 5161 dum
1359 5109 1474 5164 haec
1497 5110 1706 5174 tierent,
1734 5111 1897 5167 fuisse

318 5202 627 5259 perversos;
662 5194 755 5248 sed
786 5196 926 5264 quod
958 5210 1101 5266 szepe
1127 5199 1258 5263 dixi,
1294 5210 1347 5254 et
1385 5200 1566 5257 dicere
1608 5219 1894 5273 numquam

318 5282 556 5345 Ct‘SSHbO,
607 5283 656 5338 id
699 5301 840 5340 nunc
886 5288 1045 5342 etiam
1089 5288 1258 5343 dicam
1291 5307 1302 5342 :
1332 5290 1433 5344 sibi
1478 5291 1582 5346 hoc
1634 5293 1895 5361 ejusmodi

321 5368 556 5428 homines
580 5376 840 5430 deberent
866 5362 1147 5446 impniarc,
1188 5397 1294 5435 non
1333 5398 1509 5436 rermn
1560 5394 1782 5439 naturas.
1824 5383 1899 5440 Si-

322 5462 524 5526 quidem
550 5467 669 5522 hinc
692 5468 974 5524 discedens
998 5471 1244 5526 Christus
1270 5473 1409 5526 hanc
1439 5474 1591 5529 nobis
1627 5476 1897 5530 heredita-

328 5556 422 5605 trm
455 5556 686 5626 reliquit,
718 5559 903 5615 dicens
936 5578 949 5615 :
982 5560 1048 5615 In
1091 5564 1278 5616 mundo
1327 5580 1614 5634 pressuram
1657 5564 1898 5621 habebitis

333 5639 494 5707 (Joun.
523 5646 605 5700 lli.
639 5650 751 5720 53),
779 5661 851 5715 et,
875 5652 952 5705 Ad
973 5653 1232 5721 pra'sides,
1263 5664 1309 5707 et
1344 5655 1412 5707 ad
1442 5672 1580 5726 rcges
1606 5658 1857 5712 dacemini
1879 5701 1893 5722 ,

333 5729 527 5800 (ﬂuuii.
563 5740 644 5794 10.
678 5741 779 5809 l8),
806 5751 877 5807 et,
907 5741 1019 5795 Erit
1045 5754 1259 5813 tempus,
1290 5763 1401 5799 cum
1430 5736 1593 5801 omnis
1620 5749 1705 5819 qui
1740 5750 1894 5803 inter-

388 5846 404 5876 ¹
437 5850 539 5911 ΑΜ,
564 5852 647 5913 qui
678 5852 809 5916 [irini
832 5865 989 5916 crmu,
1016 5863 1266 5919 sicterum,
1292 5865 1337 5909 et
1363 5861 1516 5925 magis
1541 5868 1788 5912 stctmaa.

1107 438 1197 493 AD
1235 436 1364 492 EOS
1401 437 1515 505 QUI
1556 436 2047 497 SCANDALIZATI
2088 435 2284 493 SUNT.
2318 435 2444 489 LIB.
2480 431 2672 488 UNUS.

3450 429 3553 483 δη

1982 547 2155 616 fecerit
2205 563 2312 611 vos,
2362 547 2687 601 arbitrabitur
2728 546 3016 616 obsequium
3063 561 3116 599 se
3167 554 3404 614 pra‘stare
3453 546 3555 596 luco

1981 634 2159 707 (Joan.
2191 637 2276 693 16.
2307 638 2382 704 2).
2416 639 2596 706 Itaque
2641 636 2838 692 fruatra
2881 637 3012 692 mihi
3048 651 3141 692 eos
3166 637 3255 707 qui
3283 636 3552 692 scandali-

1978 736 2185 789 znntur,
2209 726 2407 796 ubique
2433 728 2620 798 objicis
2647 745 2662 781 :
2693 742 2910 796 semper
2935 728 3075 780 enim
3100 727 3213 781 haec
3224 727 3555 782 acciderunt.

1980 816 2049 870 Et
2068 817 2194 886 quid
2224 833 2312 873 res
2334 820 2694 888 apostolorum
2735 819 2974 888 attingo?
2997 819 3166 888 Quam
3209 820 3360 873 iiiulti
3397 835 3559 873 cruce

1981 907 2149 976 ipsius
2169 910 2407 964 omnium
2446 923 2684 966 nostrum
2715 912 2923 965 Domini
2950 911 3289 966 scandalizati
3318 921 3472 977 sunt,
3506 920 3559 966 et

1979 998 2266 1067 nequiores
2304 1010 2464 1070 atque
2517 1001 2830 1057 audaciores
2892 1012 3014 1056 sunt
3060 1002 3214 1065 facti,
3260 1017 3383 1056 cum
3426 1017 3560 1070 pne-

1981 1097 2249 1145 tereuntes
2286 1091 2455 1159 ipsum
2511 1091 2834 1154 irridebant,
2886 1092 3165 1146 dicentes:
3201 1092 3298 1156 Qui
3348 1092 3560 1145 destruit

1982 1180 2243 1249 templum,
2267 1190 2313 1234 et
2340 1182 2394 1235 in
2420 1166 2586 1236 triduo
2616 1183 2746 1236 illud
2766 1184 3058 1251 resediﬁcat,
3079 1183 3205 1237 alios
3231 1184 3395 1236 salvos
3418 1185 3558 1253 fecit,

1982 1269 2203 1340 seipsum
2232 1287 2334 1324 non
2359 1281 2518 1342 potest
2559 1273 2757 1325 salvum
2793 1273 3002 1340 facere?
3040 1272 3101 1326 Si
3146 1271 3195 1325 [θ’
3197 1273 3314 1326 ilius
3356 1271 3453 1326 Dei
3485 1288 3558 1338 es,

1982 1358 2227 1413 descende
2244 1361 2307 1414 de
2335 1377 2501 1428 cruce,
2527 1372 2575 1415 et
2599 1363 2859 1416 credemus
2883 1364 2935 1416 in
2968 1374 3014 1416 te
3042 1365 3062 1433 (
3096 1361 3283 1417 Matth.
3315 1362 3403 1416 9.7.
3426 1364 3495 1418 40
3517 1362 3561 1435 ).

1982 1447 2092 1504 Nec
2117 1461 2289 1505 tamen
2314 1452 2400 1505 isti
2426 1452 2769 1507 excusatione
2800 1453 2947 1522 digni
2976 1454 3168 1508 fuerint
3206 1464 3421 1525 propter
3436 1470 3561 1508 cru-

1982 1556 2122 1596 cem.
2147 1541 2281 1596 Nam
2308 1559 2497 1598 omnes
2535 1545 2794 1613 ejusmodi
2842 1545 2980 1599 latro
3005 1554 3240 1599 accusat.
3289 1546 3561 1616 Siquidem

1986 1633 2073 1689 ille
2092 1635 2302 1689 sublimi
2324 1636 2469 1690 cruci
2489 1636 2707 1690 aflixum
2732 1638 2881 1702 vidit,
2910 1647 2963 1691 et
2988 1653 3094 1691 non
3118 1638 3275 1693 modo
3301 1638 3565 1693 scandali-

1984 1733 2134 1778 zatns
2166 1735 2394 1792 nonest,
2418 1726 2512 1781 sed
2539 1727 2666 1781 inde
2700 1742 2913 1797 quoque
2950 1727 3204 1798 majorem
3232 1729 3299 1783 ad
3332 1728 3564 1798 philoso-

1987 1815 2254 1885 phandum
2280 1817 2616 1872 occasionem
2637 1819 2861 1887 accepit,
2880 1834 3173 1890 omnesque
3198 1834 3283 1873 res
3304 1819 3565 1875 humanas

1987 1907 2389 1972 transcendens,
2411 1916 2467 1963 et
2490 1909 2590 1962 alis
2612 1908 2733 1962 fidei
2765 1910 2815 1962 in
2833 1909 2994 1962 altum
3027 1920 3244 1964 evectus
3263 1951 3279 1977 ,
3307 1909 3375 1964 de
3404 1911 3565 1964 rebus

1988 1996 2179 2051 futuris
2223 1997 2646 2068 philosophatur.
2698 2000 2829 2052 Cum
2868 1999 3008 2053 enim
3067 1999 3301 2069 patibulo
3347 1998 3563 2054 affixqu

1987 2096 2251 2154 cerneret,
2305 2089 2614 2144 verberibus
2657 2104 2877 2155 casum,
2925 2091 3263 2145 contumeliis
3291 2089 3563 2155 aﬂ‘eetum,

1988 2179 2110 2234 felle
2138 2189 2395 2250 potatum,
2424 2183 2592 2251 sputis
2606 2198 2970 2252 conspersum,
2996 2198 3027 2237 a
3056 2192 3201 2237 tanto
3226 2184 3421 2254 populo
3442 2183 3569 2238 sub-

1987 2279 2290 2338 sannatum,
2310 2287 2342 2326 a
2365 2272 2544 2341 judice
2566 2273 2893 2342 damnatum,
2925 2274 2989 2329 ad
3014 2282 3237 2328 mortem
3259 2274 3565 2339 abductum,

1989 2362 2137 2417 nullo
2165 2364 2390 2418 istorum
2433 2366 2823 2420 scandalizatus
2869 2376 2995 2421 est:
3024 2366 3117 2421 sed
3163 2381 3284 2420 cum
3326 2378 3569 2421 cerneret

1988 2467 2201 2509 crucem
2226 2464 2280 2510 et
2306 2456 2485 2510 clavos
2511 2457 2741 2524 deﬁxos,
2759 2466 2815 2512 et
2832 2465 3033 2511 tantam
3057 2458 3168 2512 fieri
3197 2458 3569 2512 subsanuatio-

1990 2559 2110 2598 nem
2139 2559 2172 2599 a
2194 2545 2348 2614 plebe
2376 2547 2680 2617 depravata,
2710 2557 2855 2603 recta
2891 2549 3003 2618 ipse
3041 2549 3122 2602 via
3168 2549 3446 2603 incedebat
3484 2550 3569 2603 di-

1990 2651 2120 2692 cens
2151 2655 2165 2691 :
2198 2638 2452 2693 Memento
2482 2640 2578 2693 mei
2600 2641 2651 2693 in
2677 2657 2832 2712 regno
2856 2652 2941 2693 tuo
2970 2640 3119 2713 (Luc.
3147 2641 3235 2697 25.
3265 2641 3394 2713 42);
3429 2652 3482 2695 et
3521 2643 3570 2696 ei

1989 2728 2078 2796 qui
2098 2728 2466 2795 maledicebat,
2491 2745 2553 2783 os
2578 2730 2915 2795 occludebat,
2950 2746 3152 2801 suaque
3178 2743 3390 2801 peccata
3404 2736 3571 2788 conli-

1993 2819 2221 2882 tebatur,
2247 2831 2301 2874 et
2323 2820 2390 2875 de
2435 2824 2825 2878 resurrectione
2868 2824 3337 2894 philosophabatur
3367 2845 3382 2882 :
3413 2828 3572 2899 idque

1991 2926 2112 2965 cum
2162 2912 2423 2967 excitatos
2463 2924 2702 2969 mortuos
2743 2931 2849 2969 non
2900 2917 3139 2983 vidisset,
3191 2935 3297 2973 non
3331 2921 3572 2990 leprosos

1992 3002 2292 3068 inundatos,
2327 3019 2432 3057 non
2459 3004 2676 3060 claudos
2697 3018 2933 3073 sanatos,
2981 3022 3086 3061 non
3131 3025 3277 3064 mare
3327 3011 3568 3065 refrena-

1994 3102 2126 3160 tum,
2156 3109 2260 3149 non
2289 3095 2560 3151 daemones
2585 3096 2803 3165 ejectos,
2833 3112 2936 3151 non
2978 3114 3139 3167 panes
3169 3102 3568 3170 multiplicatos,

1996 3184 2221 3239 nonalia
2242 3200 2359 3255 qua:
2402 3184 2652 3240 Judaicus
2689 3188 2916 3257 populus
2963 3199 3405 3257 Spectaverat,et
3450 3208 3570 3246 cum

1993 3285 2304 3345 spectasset,
2335 3293 2453 3332 cum
2475 3281 2618 3334 cruci
2644 3281 2906 3334 aflixcrat.
2936 3282 3030 3335 llic
3045 3298 3171 3336 vero
3192 3299 3312 3337 cum
3339 3287 3575 3356 patibulo

1993 3368 2210 3423 aftixum
2237 3372 2622 3440 conspexisset,
2649 3380 2704 3426 et
2736 3373 2900 3428 Deum
2938 3375 3083 3428 illiilli
3102 3377 3378 3430 confessus
3397 3386 3497 3444 est,
3521 3388 3576 3433 et

1994 3461 2144 3531 regni
2171 3464 2431 3528 meminit,
2465 3474 2516 3519 ct
2543 3465 2610 3520 de
2633 3465 2794 3521 rebus
2819 3465 3010 3521 futuris
3041 3464 3441 3538 philosophatus
3470 3482 3571 3535 est;
3662 3528 3685 3539 ἦ

1993 3562 2050 3606 at
2074 3554 2147 3606 illi
2178 3555 2266 3623 qui
2293 3556 2542 3610 miracula
2571 3557 2850 3611 facientem
2883 3570 3301 3628 conspexerant,
3346 3571 3399 3616 et
3441 3577 3577 3634 quos

1996 3643 2189 3713 partim
2211 3645 2412 3712 verbis,
2434 3648 2627 3714 partim
2660 3648 2912 3716 operibus
2960 3650 3088 3718 ipsis
3116 3651 3379 3708 doctrina:
3408 3657 3575 3723 parti-

1993 3736 2140 3803 cipes
2168 3736 2385 3803 fecerat,
2403 3754 2510 3792 non
2539 3740 2696 3793 modo
2728 3740 2859 3794 nihil
2887 3742 3009 3797 inde
3036 3744 3276 3800 utilitatis
3296 3758 3575 3815 ceperunt,

1994 3827 2087 3881 sed
2117 3842 2237 3880 cum
2285 3832 2338 3881 in
2387 3845 2598 3884 crucem
2634 3830 2780 3883 illum
2814 3833 3144 3898 sustulerint,
3182 3836 3234 3888 in
3278 3846 3575 3893 extremum

1996 3918 2310 3985 perditionis
2336 3929 2460 3973 sunt
2480 3919 2784 3974 barathrum
2806 3921 3059 3976 devoluti.
3077 3924 3234 3980 Vides
3263 3936 3319 3979 ut
3347 3928 3573 3997 improbi

1995 4021 2048 4065 et
2074 4012 2285 4067 desides
2315 4028 2381 4067 ne
2407 4030 2472 4068 ex
2505 4014 2662 4069 rebus
2688 4015 2902 4084 quidem
2955 4018 3173 4074 utilibus
3219 4018 3447 4075 fructum
3478 4024 3576 4076 ali-

1995 4121 2152 4175 quem
2186 4108 2478 4176 percipiant
2508 4125 2525 4164 :
2558 4108 2705 4178 probi
2742 4117 2920 4164 autem
2950 4125 3015 4165 ac
3039 4111 3244 4182 vigiles,
3276 4115 3466 4183 quibus
3492 4131 3578 4171 re-

1996 4197 2096 4252 bus
2145 4199 2235 4252 alii
2282 4199 2726 4264 seaudalizantur,
2759 4218 3020 4257 summam
3054 4217 3118 4257 ex
3154 4206 3258 4261 illis
3297 4207 3577 4263 utilitatem

1998 4288 2330 4357 decerpant?
2361 4291 2470 4343 Hoc
2501 4301 2555 4345 et
2584 4292 2635 4345 iu
2661 4290 2819 4359 Juda,
2843 4304 2896 4348 et
2923 4295 2973 4348 in
3021 4295 3125 4350 Joh
3171 4312 3392 4353 cernere
3433 4300 3577 4354 licet.

1996 4381 2127 4436 Nam
2149 4382 2316 4438 Judas
2340 4400 2407 4438 ne
2428 4400 2458 4438 a
2477 4384 2693 4440 Christo
2722 4387 2955 4455 quidem,
2988 4389 3077 4457 qui
3104 4391 3356 4443 mundum
3380 4391 3582 4446 instau-

2000 4477 2157 4541 ravit,
2188 4477 2365 4531 salvus
2394 4477 2507 4531 fieri
2535 4478 2707 4549 potuit
2740 4495 2755 4532 :
2779 4478 2881 4532 Job
2907 4488 3084 4534 autem
3113 4496 3209 4534 nec
3236 4482 3303 4534 ab
3328 4481 3578 4550 ipsodia-

1998 4565 2145 4631 bolo,
2174 4568 2263 4636 qui
2292 4580 2397 4621 tam
2433 4570 2629 4622 multos
2673 4570 2935 4638 perdidit,
2992 4571 3149 4624 lmsus
3197 4580 3296 4625 est.
3352 4572 3454 4626 Sed
3495 4573 3581 4628 hic

1998 4656 2212 4725 quidem
2262 4657 2412 4712 mille
2439 4657 2717 4713 divexatus
2750 4661 2904 4714 malis
2956 4660 3181 4728 palmam
3241 4668 3533 4730 reportavit
3566 4686 3578 4720 :

2003 4747 2090 4801 ille
2120 4748 2373 4819 verorqui
2422 4749 2572 4818 signa
2600 4759 2969 4817 conspexerat,
3000 4757 3055 4804 et
3084 4750 3199 4819 ipse
3232 4751 3450 4821 fecerat,
3493 4758 3582 4825 qui

2003 4847 2244 4895 mortuos
2287 4841 2590 4906 suscitarat,
2643 4849 2698 4894 et
2734 4840 3007 4896 daemones
3047 4844 3322 4911 CXpuIerat
3347 4846 3494 4916 (nam
3529 4860 3581 4903 ct

2005 4932 2140 4986 hanc
2163 4932 2276 5001 ipse
2302 4940 2620 5002 potestatem
2652 4932 2916 5004 accepit),
2966 4935 3056 5003 qui
3095 4935 3163 4990 de
3211 4953 3376 5008 regno
3398 4955 3461 4995 ac
3488 4958 3583 5012 ge-

2004 5026 2181 5081 henna
2211 5028 2412 5082 infinita
2460 5028 2759 5091 audiverat,
2788 5029 2879 5098 qui
2909 5030 3199 5099 spiritualis
3227 5049 3424 5088 mensa:
3456 5051 3581 5105 par-

2005 5119 2170 5188 tiecps
2188 5119 2377 5181 fuerat,
2404 5119 2493 5190 qui
2518 5120 2854 5174 tremendum
2883 5120 2950 5174 ad
2982 5121 3110 5175 illud
3161 5124 3461 5178 convivium
3492 5126 3587 5180 ad-

2003 5212 2198 5266 missus
2220 5211 2410 5275 fuerat,
2463 5227 2589 5281 erga
2633 5227 2791 5280 quem
2827 5221 3030 5267 tantam
3074 5215 3500 5271 benevolentiam
3532 5228 3587 5272 et

2003 5318 2184 5356 curam
2211 5304 2544 5366 exhibuerat,
2574 5312 2821 5372 quantum
2840 5318 2964 5374 erga
2983 5304 3218 5369 Petrum,
3240 5305 3587 5374 etlacobum,

2002 5406 2056 5450 et
2085 5395 2367 5460 Joannem,
2414 5397 2520 5450 imo
2568 5412 2698 5451 vero
2750 5398 3008 5466 majorem
3043 5419 3058 5455 :
3090 5400 3352 5469 siquidem
3397 5411 3591 5470 praster

2003 5489 2161 5541 aliam
2185 5489 2596 5543 sollicitudinem
2620 5500 2676 5543 et
2702 5489 3087 5559 dignationem,
3111 5505 3214 5559 qua
3260 5490 3405 5544 illum
3439 5506 3590 5545 com-

2005 5580 2193 5649 plexus
2222 5588 2357 5643 erat,
2391 5579 2629 5649 pecunia:
2646 5595 2942 5650 pauperum
2986 5580 3158 5634 fuerat
3193 5581 3266 5635 illi
3307 5582 3590 5636 commissa
3668 5579 3678 5585 ’

2004 5670 2272 5734 costodia;
2304 5681 2412 5726 tum
2455 5686 2582 5726 vero
2627 5672 2727 5726 istc
2755 5681 2873 5741 post
2913 5680 3127 5740 accepta
3164 5671 3421 5726 beneficia
3469 5672 3606 5727 furi-

2008 5762 2180 5816 lnmda
2205 5764 2431 5832 quadam
2483 5763 2759 5818 insolentia
2808 5766 2970 5833 carpit
2995 5762 3194 5829 efferri,
3237 5778 3300 5818 ac
3342 5762 3593 5820 Satanam

2017 5870 2109 5923 per
2132 5854 2404 5909 aratitiam
2439 5854 2487 5909 in
2516 5855 2747 5909 animum
2798 5870 2949 5909 suum
2994 5853 3312 5923 admittens,
3359 5854 3598 5926 proditar
