4002 6400
475 427 581 486 διδ

474 538 648 594 factus
673 546 778 604 est,
809 544 864 593 et
891 533 1032 605 quod
1070 541 1228 603 caput
1261 541 1346 586 est
1394 530 1655 585 malorum
1690 525 2057 596 perpetravit,

475 633 637 686 talem
667 628 978 698 sanguinem
1005 626 1216 695 triginta
1242 622 1513 693 argenteis
1556 618 1815 683 vendidit,
1859 630 1923 670 ac
1953 616 2060 670 Do-

474 720 677 776 minum
727 719 911 773 osculo
957 715 1190 787 prodidit
1241 713 1597 769 fraudulento.
1644 711 1814 778 Quam
1867 707 2062 762 multos

474 819 628 880 putas
659 810 759 863 hoc
783 807 943 860 etiam
972 805 1362 864 scandalizatus
1389 817 1510 858 esse
1535 842 1551 868 ,
1576 801 1718 872 quod
1746 815 1776 854 a
1801 797 2063 867 discipulo

472 899 699 968 proditio
721 899 790 954 sit
815 897 1048 952 admissa
1067 896 1092 948 ?
1115 895 1252 964 Quid
1276 909 1403 950 vero
1427 893 1624 949 deserti
1649 891 1842 958 incola,
1866 890 2062 946 sterilis

471 992 671 1060 proles,
704 989 974 1044 Zachariae
1006 988 1168 1055 filius,
1201 988 1292 1058 qui
1338 998 1581 1041 sanctum
1613 1000 1676 1040 ac
1724 985 2059 1040 tremendum

468 1082 603 1137 illud
627 1092 786 1151 caput
817 1083 1014 1137 meruit
1037 1081 1331 1149 baptizare,
1366 1079 1554 1148 suique
1584 1077 1794 1132 Domini
1826 1091 2060 1145 praecur-

468 1191 560 1229 sor
590 1175 730 1240 fieri,
752 1189 874 1229 cum
907 1174 960 1227 in
992 1189 1210 1228 carcere
1239 1170 1542 1236 habitabat,
1566 1185 1688 1225 cum
1717 1167 1890 1238 capite
1917 1177 2064 1221 trun-

468 1267 709 1330 cabatur,
743 1277 798 1321 et
826 1267 877 1320 in
909 1265 1226 1320 meretricia:
1255 1264 1554 1319 saltationis
1583 1261 1858 1331 praemium
1887 1259 2063 1314 caedes

469 1357 900 1424 permittebatur,
932 1372 1090 1427 quam
1116 1355 1313 1409 multos
1339 1353 1726 1408 scandalizatos
1753 1361 1863 1407 tum
1897 1350 2062 1405 fuisse

472 1448 796 1502 arbitraris?
848 1447 984 1514 Quid
1035 1447 1157 1502 dico
1196 1457 1304 1500 tum
1358 1445 1649 1514 temporis?
1689 1444 1858 1511 Quam
1909 1441 2060 1496 multi

470 1553 612 1593 nunc
634 1547 754 1609 post
785 1548 986 1592 tantum
1016 1547 1226 1608 tempus
1253 1537 1513 1606 elapsum,
1531 1537 1658 1590 dum
1685 1535 1800 1590 haec
1819 1534 2057 1597 audiunt,

469 1629 933 1684 scandalizantur?
953 1629 1088 1698 Quid
1115 1629 1236 1683 dico
1263 1628 1546 1693 Joannem,
1577 1635 1631 1682 et
1664 1641 1958 1689 carcerem,
2008 1633 2062 1678 ct

469 1718 672 1774 caedem
703 1719 866 1785 illam,
889 1728 944 1773 et
968 1719 1108 1773 circa
1137 1734 1322 1774 servos
1342 1733 1596 1789 oecupor,
1628 1733 1750 1772 cum
1772 1716 1840 1772 ad
1881 1716 2062 1771 Domi-

465 1826 591 1865 num
621 1811 789 1878 ipsum
819 1825 1097 1866 recurrere
1122 1811 1438 1879 oporteret?

533 1900 663 1958 Car.
698 1900 812 1956 XV.
854 1900 1162 1969 lnsipientes
1201 1903 1354 1954 etiam
1394 1917 1458 1955 ex
1492 1918 1550 1955 eo
1579 1901 1716 1971 quod
1749 1910 1901 1970 caput
1947 1910 2060 1954 erat

467 1989 734 2055 bonorum,
765 1991 859 2045 hoc
888 2001 960 2044 est
985 2007 1048 2046 ea:
1068 2007 1216 2045 cruce
1234 2031 1250 2057 ,
1295 2007 1384 2062 per
1411 2008 1562 2061 quam
1600 1992 1770 2045 salvus
1795 1995 1962 2062 factus
1989 2002 2060 2045 est

461 2082 597 2135 orbis
626 2093 876 2136 terrarum
895 2122 912 2148 ,
942 2084 1241 2139 scandalum
1285 2100 1460 2153 passos
1499 2100 1624 2138 esse.
1651 2113 1722 2125 -ο-
1745 2085 1883 2138 Crux
1915 2085 2058 2139 enim

459 2173 678 2240 Christi,
705 2190 826 2244 quis
859 2175 1116 2230 mundum
1144 2176 1447 2231 universum
1469 2177 1658 2237 erexit,
1677 2191 1796 2246 qua:
1816 2191 2054 2232 errorem

461 2267 698 2334 sustulit,
725 2283 845 2336 qua:
867 2277 1064 2323 terram
1096 2269 1148 2322 in
1172 2250 1361 2322 caelum
1385 2269 1680 2334 convertit,
1712 2284 1831 2339 qua:
1865 2285 2058 2324 nervos

464 2357 655 2412 mortis
675 2358 890 2424 excidit,
923 2374 1044 2428 qua:
1081 2358 1348 2414 infernum
1385 2359 1628 2415 inutilem
1660 2361 1908 2428 reddidit,
1937 2377 2058 2432 qua:

457 2449 656 2504 diaboli
683 2465 862 2506 arcem
908 2452 1125 2518 evertit,
1173 2468 1292 2521 quae
1320 2453 1656 2507 daamonibus
1699 2468 1762 2508 os
1809 2455 2054 2522 occlusit,

458 2557 578 2610 qua:
608 2540 850 2596 homines
878 2543 1097 2612 angelos
1118 2543 1386 2610 reddidit,
1409 2559 1530 2613 quae
1558 2544 1742 2598 altaria
1771 2547 2054 2614 subvertit,

455 2640 513 2684 et
543 2631 808 2688 idolorum
844 2633 1040 2702 templa
1074 2633 1341 2688 destruxit
1369 2675 1382 2700 ,
1431 2649 1549 2704 quae
1589 2650 1781 2690 novam
1808 2645 1863 2691 et
1892 2637 2057 2691 inusi-

463 2731 628 2778 tatam
687 2724 828 2779 hanc
881 2725 1277 2796 phiIOSOphiam
1319 2726 1371 2780 in
1421 2737 1615 2782 terram
1661 2728 1880 2796 invexit,
1935 2745 2055 2800 qua:

459 2813 596 2869 liena
621 2815 824 2884 peregit
867 2816 1166 2884 innumera,
1213 2818 1326 2873 haec
1356 2819 1654 2885 tremenda,
1698 2820 1949 2890 ingentia,
2001 2830 2056 2876 et

454 2905 725 2971 sublimia,
770 2921 950 2962 nonne
999 2907 1178 2962 multis
1232 2908 1546 2963 scandalum
1593 2911 1813 2966 attulit?
1864 2912 2054 2968 Nonne

452 2998 690 3068 quotidie
709 2999 902 3054 clamat
923 3000 1114 3056 Paulus
1131 2999 1338 3068 dicens,
1372 3017 1547 3072 neque
1571 3003 1894 3060 erubescens
1917 3005 2055 3060 :Nos

446 3098 617 3141 autem
643 3090 982 3158 pradicamus
1006 3091 1263 3145 Christum
1284 3094 1606 3161 cruciﬁxum,
1625 3093 1826 3149 ludatis
1851 3097 2056 3167 quidem

451 3179 772 3247 scandalum,
812 3181 1054 3236 Gentibus
1093 3194 1260 3238 autent
1310 3187 1576 3240 stultitiam
1619 3186 1693 3258 (l.
1720 3187 1838 3242 Cor.
1867 3189 2054 3261 1.25)?

451 3269 590 3335 Quid
616 3271 790 3340 igitur,
815 3271 922 3337 die,
945 3275 1150 3341 qtneso?
1169 3291 1272 3328 non
1293 3276 1530 3344 oportuit
1548 3276 1671 3330 ferri
1689 3290 1924 3343 crucem,
1956 3296 2052 3333 nc-

454 3378 558 3430 que
571 3364 907 3422 trentendum
932 3365 1058 3419 illud
1081 3365 1399 3421 sacriﬁcium
1421 3366 1620 3433 oll'erri,
1639 3384 1812 3438 neque
1829 3379 1906 3424 tot
1921 3387 2054 3439 prte-

455 3457 600 3512 clara
623 3457 858 3512 facinora
878 3459 1096 3528 patrari,
1124 3467 1402 3529 propterea
1423 3461 1565 3529 quod
1598 3478 1683 3514 res
1709 3462 1797 3515 illa
1822 3479 2052 3530 pereun-

455 3548 596 3603 tibus
621 3561 738 3604 erat
765 3549 1097 3617 scandalum,
1121 3561 1175 3605 et
1205 3560 1336 3618 tum,
1368 3560 1422 3605 et
1439 3551 1710 3622 deinceps,
1732 3563 1786 3608 et
1807 3557 2050 3624 sequenti

455 3639 643 3708 quovis
671 3641 949 3709 tempore?
975 3639 1106 3708 Quis
1134 3641 1271 3696 adeo
1302 3641 1534 3697 furiosus
1563 3653 1666 3709 eSt,
1704 3643 1840 3699 adeo
1871 3655 2051 3701 meme

453 3739 660 3799 captus,
689 3741 751 3786 ut
771 3730 874 3785 hoc
901 3731 1086 3786 dicat?
1117 3732 1186 3788 Ut
1231 3732 1392 3803 igitur
1434 3733 1538 3788 hoc
1584 3735 1705 3790 loco
1732 3751 1837 3790 non
1864 3751 2048 3792 eorum

447 3832 539 3876 est
596 3821 838 3879 habenda
881 3823 1018 3877 ratio
1046 3825 1134 3894 qni
1179 3824 1629 3892 scandalizentur,
1665 3828 1876 3882 tametsi
1918 3829 2049 3882 tanti

448 3915 560 3968 sint
589 3930 833 3980 numero,
866 3916 958 3971 sed
980 3932 1169 3970 eorum
1198 3917 1289 3986 qni
1319 3919 1448 3972 salvi
1469 3917 1592 3973 facti
1615 3929 1758 3985 sunt,
1786 3921 1875 3991 qui
1909 3937 2053 3990 prm-

443 4007 597 4061 clare
621 4017 921 4078 gesserunt,
961 4009 1052 4079 qui
1095 4026 1187 4080 per
1217 4021 1418 4066 tantam
1463 4013 1779 4082 sapientiam
1810 4016 2052 4084 profece-

446 4106 615 4162 runt;
647 4113 822 4169 neque
850 4100 1134 4156 dicendum
1156 4111 1240 4156 est
1259 4103 1418 4172 objici
1451 4119 1609 4173 posse
1637 4104 1759 4159 illos
1785 4107 1874 4175 qui
1897 4122 2050 4162 scan-

445 4191 664 4245 dalizati
695 4201 841 4256 sunt,
867 4195 1114 4248 cumsibi
1139 4194 1330 4250 merito
1353 4196 1453 4264 ipsi
1477 4198 1687 4265 possint
1717 4199 1844 4253 illud
1874 4200 2048 4269 impu-

457 4290 572 4337 tare
627 4299 642 4334 :
700 4282 768 4336 ita
819 4284 1068 4338 nimirum
1115 4300 1287 4355 neque
1323 4287 1426 4341 hoc
1467 4299 1726 4359 tempore.
1775 4291 2048 4361 Siquidem

452 4373 764 4429 scandalum
790 4392 894 4431 non
915 4391 982 4430 ex
1005 4386 1190 4431 natura
1208 4379 1382 4432 crucis
1403 4379 1617 4446 accidit,
1641 4381 1736 4436 sed
1761 4397 1827 4437 ex
1857 4399 2042 4438 eorum

451 4465 679 4520 stultitia
702 4467 787 4535 qui
813 4467 1156 4523 scandalizati
1175 4477 1299 4523 sunt
1321 4486 1335 4536 ;
1367 4486 1524 4540 quam
1544 4472 1613 4526 ob
1635 4488 1849 4528 causam
1870 4475 2053 4544 adjicit

447 4562 611 4614 etiam
635 4558 831 4616 Paulus
862 4576 876 4612 :
910 4558 1045 4630 Ipsis
1061 4573 1229 4616 autem
1254 4563 1462 4628 vocatis,
1489 4561 1692 4620 Iudaeis
1712 4575 1862 4637 atque
1901 4566 2049 4622 Grai-

443 4651 542 4716 eis,
574 4649 828 4706 Christum
852 4650 947 4706 Dei
969 4653 1202 4710 virtutem
1223 4664 1269 4708 et
1293 4653 1389 4709 Dei
1411 4656 1715 4726 sapientiam
1733 4659 1838 4731 (Ib.
1858 4675 1906 4713 υ.
1931 4659 2046 4730 9.4):

443 4743 882 4814 quandoquidem
909 4745 987 4799 sol
1009 4762 1224 4816 quoque
1247 4747 1457 4804 debiles
1485 4749 1671 4806 oculos
1709 4752 1873 4806 Imdlt.
1913 4752 2048 4819 Quid

445 4835 619 4902 ergo?
660 4849 764 4888 non
809 4837 1044 4903 oportuit
1085 4852 1208 4892 esse
1245 4839 1459 4893 solem?
1488 4841 1588 4895 Mel
1616 4858 1829 4912 quoque
1859 4844 2050 4898 morbo

452 4915 823 4973 laborantibus
868 4934 1107 4978 atnarum
1135 4921 1364 4979 videtur.
1396 4925 1533 4991 Quid
1549 4926 1719 4996 ergo?
1748 4945 1872 4984 num
1919 4929 2048 4985 illud

447 5027 484 5065 e
530 5009 707 5066 medio
739 5011 1028 5066 tollendum
1083 5015 1200 5068 est?
1242 5015 1348 5084 lpsi
1401 5019 1652 5087 apostoli,
1701 5037 1880 5076 nonne
1928 5023 2048 5078 aliis

448 5101 665 5170 quidem
694 5101 832 5156 odor
857 5103 1043 5158 mortis
1065 5106 1118 5160 in
1146 5116 1396 5174 mortem,
1425 5109 1542 5166 aliis
1572 5121 1749 5166 autem
1767 5113 1901 5167 odor
1923 5113 2048 5169 vita:

447 5196 502 5249 in
537 5195 699 5250 vitam
741 5195 956 5250 fuerunt
1002 5196 1079 5263 (2.
1111 5195 1229 5252 Cor.
1258 5199 1313 5252 2.
1347 5200 1475 5272 16)2
1515 5204 1598 5258 An
1638 5204 1795 5274 igitur
1829 5214 2050 5276 propter

446 5303 542 5342 cos
572 5287 662 5357 qui
691 5295 936 5357 pereunt,
963 5295 1108 5342 tanta
1151 5289 1309 5356 petiri
1353 5307 1480 5348 cura
1527 5310 1636 5350 non
1677 5297 1914 5365 oportuit
1955 5312 2049 5353 eos

445 5381 536 5450 qui
566 5379 793 5436 vivunt?
821 5378 936 5447 Ipse
962 5395 1092 5433 vero
1131 5380 1328 5437 Christi
1367 5385 1646 5454 adventus,
1686 5397 1742 5444 et
1773 5390 1919 5445 salus
1949 5405 2048 5445 no-

449 5483 578 5538 stra,
613 5471 736 5526 fons
779 5471 1072 5537 bonorum,
1113 5483 1170 5529 et
1197 5474 1330 5541 vita,
1361 5475 1496 5530 bona
1545 5480 1825 5536 innumera
1849 5523 1864 5544 ,
1888 5497 2046 5552 quam

447 5563 631 5618 multis
658 5565 836 5633 gravia
871 5565 1086 5622 fuerunt
1114 5578 1169 5622 et
1205 5567 1471 5622 molesta?
1499 5587 1657 5640 quam
1706 5573 1906 5628 multos
1949 5587 2047 5627 ex-

441 5653 727 5706 cusatione
755 5669 817 5708 ac
837 5657 991 5710 venia
1020 5658 1328 5726 privarunt?
1358 5658 1471 5713 Non
1502 5662 1655 5716 audis
1683 5663 1808 5732 quid
1854 5663 1922 5718 de
1955 5664 2048 5718 Ju-

436 5742 582 5798 daeis
599 5741 840 5802 Christus
859 5748 1048 5802 dicat?
1077 5750 1135 5805 Si
1165 5769 1264 5805 non
1294 5753 1557 5818 venissem,
1581 5766 1626 5808 et
1656 5757 1894 5825 loquutus
1910 5757 2041 5824 [uis-

432 5844 555 5884 sem
580 5829 672 5897 eis,
694 5847 962 5895 peccatum
991 5855 1087 5896 non
1109 5843 1346 5899 haberent
1373 5861 1391 5900 .'
1417 5861 1550 5900 nunc
1567 5856 1734 5902 autem
1760 5849 2040 5904 excusatio-

1184 421 1241 478 S.
1280 417 1558 476 JOANNIS
1597 369 2073 473 CHRYSOSTOMl
2111 407 2431 465 ARCHIEP.
2469 405 3006 464 CONSTANTINOP.
3651 417 3746 472 516

2177 537 2291 575 nem
2325 537 2426 574 non
2457 519 2639 574 habent
2681 520 2745 575 de
2769 528 2976 590 peccato
3002 538 3092 576 suo
3117 521 3136 591 (
3158 519 3315 576 Joan.
3351 523 3439 579 l5.
3468 523 3540 578 22
3561 524 3599 592 ).
3627 526 3752 595 Quid

2169 611 2337 677 ergo?
2367 625 2433 664 an
2461 611 2584 680 quia
2609 621 2728 680 post
2751 612 3040 666 adventum
3063 612 3444 668 inexcusabilia
3480 613 3614 669 facta
3641 631 3755 672 Sunt

2169 717 2355 756 eorum
2379 711 2614 771 peccata,
2642 717 2746 756 non
2795 702 3034 771 oportuit
3083 702 3236 757 illum
3265 703 3528 759 advenire
3551 720 3756 777 propter

2168 807 2262 848 eos
2293 792 2380 863 qui
2408 792 2550 848 bono
2579 792 2718 848 male
2743 804 2867 848 sunt
2895 794 3015 847 usi?
3038 792 3169 861 Quis
3209 793 3309 850 hoc
3351 795 3541 850 dicat?
3579 797 3754 866 Nemo,

2168 899 2343 953 neque
2388 883 2432 938 si
2461 885 2616 953 plane
2659 884 2730 938 sit
2773 893 2952 940 mente
2978 896 3185 954 captus.
3207 884 3346 953 Quid
3379 902 3513 943 vero
3533 903 3600 943 ex
3626 887 3757 944 Scri-

2169 974 2360 1044 pturis,
2392 989 2595 1044 quaeso,
2619 991 2778 1044 quam
2837 976 2988 1030 multi
3033 976 3344 1032 scandalum
3401 982 3754 1050 acceperunt?

2167 1080 2328 1135 quam
2360 1065 2540 1119 multa:
2590 1065 2825 1122 hmreses
2852 1067 2978 1122 inde
3003 1069 3341 1124 occasionem
3387 1072 3756 1142 arripuerunt?

2167 1157 2251 1210 An
2275 1155 2432 1226 igitur
2452 1158 2692 1226 oportuit
2721 1158 2902 1214 delere
2918 1160 3225 1230 Scripturas
3257 1162 3326 1217 ob
3348 1176 3448 1218 cos
3475 1165 3563 1234 qui
3607 1180 3755 1218 scau-

2165 1247 2380 1303 dalizati
2416 1249 2582 1303 sunt?
2607 1260 2699 1305 aut
2724 1267 2792 1306 nc
2817 1252 2885 1306 ab
2908 1253 3061 1308 initio
3098 1254 3312 1322 quidem
3356 1256 3536 1310 tradi?
3561 1257 3753 1328 Nequa-

2166 1355 2324 1410 quam
2358 1358 2372 1393 :
2403 1342 2510 1397 imo
2541 1357 2670 1398 vero
2711 1345 2943 1399 maxime
2973 1349 3209 1415 oportuit
3238 1348 3375 1402 tradi
3406 1359 3625 1418 propter
3646 1366 3750 1415 eos,

2164 1431 2232 1486 ad
2287 1446 2424 1502 quos
2474 1449 2662 1503 magna
2703 1435 2826 1490 inde
2871 1436 3054 1490 debuit
3107 1439 3308 1493 utilitas
3351 1439 3648 1496 dimanare.
3680 1441 3751 1496 Illi

2164 1521 2310 1576 enim
2340 1523 2576 1594 sibiipsis
2613 1525 2632 1595 (
2666 1541 2838 1594 neque
2885 1538 3130 1596 repetere
3169 1530 3358 1584 eadem
3398 1547 3486 1586 me
3527 1532 3750 1603 pigebit)

2165 1613 2414 1668 scandala
2461 1614 2726 1682 imputent
2755 1634 2768 1668 :
2799 1618 2891 1687 qui
2943 1634 3073 1672 vero
3114 1623 3406 1675 maximam
3466 1623 3590 1677 inde
3635 1636 3748 1678 sunt

2162 1702 2448 1760 utilitatem
2478 1709 2799 1776 percepturi,
2821 1724 2925 1763 non
2955 1711 3279 1767 mediocrem
3296 1713 3568 1783 jacturam
3596 1711 3744 1770 fecis-

2162 1806 2303 1865 sent,
2345 1796 2390 1852 si
2427 1808 2645 1870 propter
2689 1800 2914 1854 aliorum
2956 1802 3353 1872 improbitatem
3387 1820 3453 1860 ac
3498 1807 3749 1878 ngligen-

2165 1888 2292 1943 tiam
2325 1887 2423 1955 illi,
2454 1889 2646 1959 quibus
2674 1905 2858 1945 earum
2890 1892 3101 1962 largitio
3137 1894 3418 1962 profutura
3455 1906 3590 1963 erat,
3619 1906 3747 1953 tanta

2163 1976 2389 2034 fuissent
2410 1979 2636 2033 utilitate
2665 1980 2910 2034 fraudati.
2930 1981 3051 2036 Noli
3079 1999 3206 2052 ergo
3235 1985 3369 2040 mihi
3411 2000 3509 2040 eos
3529 2001 3746 2041 comme-

2163 2086 2376 2125 morare
2405 2072 2495 2142 qui
2522 2082 2749 2142 pereunt
2781 2074 2959 2143 :quod
2987 2075 3131 2128 enim
3164 2076 3216 2130 in
3256 2077 3428 2146 priori
3458 2077 3592 2132 libro
3626 2077 3743 2146 dixi,

2163 2160 2342 2216 nullus
2366 2163 2519 2217 exiis
2544 2164 2632 2233 qui
2660 2165 2865 2234 seipsos
2897 2165 3087 2235 injuria
3119 2182 3225 2222 non
3255 2168 3524 2234 alliciunt,
3551 2170 3616 2225 ab
3639 2169 3744 2224 aliis

2163 2251 2282 2306 lzedi
2313 2264 2504 2324 potest,
2539 2257 2785 2326 quamvis
2807 2257 2876 2312 de
2896 2259 3002 2312 vita
3033 2258 3150 2329 ipsa
3183 2260 3258 2314 sit
3297 2261 3600 2330 periculum
3626 2259 3742 2316 sub-

2161 2343 2416 2400 eundum.

2233 2437 2359 2492 CAP.
2405 2437 2545 2492 XVI.
2599 2438 2700 2506 Qui
2725 2439 2946 2510 seipsum
2989 2441 3181 2510 injuria
3217 2459 3319 2498 non
3379 2445 3591 2515 afﬁciet,
3641 2461 3738 2498 eum

2161 2543 2192 2580 a
2219 2528 2415 2583 nemine
2451 2528 2567 2583 ἰωάὶ
2606 2546 2772 2600 posse.
2801 2561 2873 2570 —
2901 2532 3040 2598 Quid
3075 2534 3218 2588 enim
3259 2534 3424 2590 lit-sus
3464 2545 3547 2591 est
3581 2536 3737 2604 Abel,

2161 2618 2304 2688 quod
2337 2618 2571 2676 fraterna
2599 2639 2758 2678 manu
2803 2624 2874 2678 sit
2915 2625 3164 2693 occisus,
3209 2637 3265 2681 et
3306 2627 3645 2684 immaturam
3681 2644 3736 2683 ac
3775 2634 3778 2637 '

2159 2710 2449 2765 violentam
2482 2722 2708 2768 mortem
2734 2715 2804 2768 sit
2828 2716 3056 2783 passus?
3085 2717 3271 2772 Nonne
3304 2720 3486 2788 potius
3509 2720 3558 2774 id
3587 2721 3740 2774 lucra-

2159 2808 2248 2856 tus
2287 2809 2408 2866 est,
2458 2811 2515 2856 ut
2559 2803 2978 2873 splendidiorem
3009 2820 3264 2861 coronam
3309 2809 3577 2865 referret?
3618 2809 3735 2876 Quid

2160 2908 2320 2963 porro
2345 2893 2535 2962 Jacob,
2566 2896 2654 2964 qui
2685 2896 2842 2951 tantis
2866 2912 2896 2950 a
2923 2897 3088 2954 fratre
3120 2901 3481 2958 incommodis
3509 2912 3589 2959 est
3612 2902 3731 2957 alle-

2158 2994 2301 3053 ctus,
2328 2997 2382 3040 et
2408 2987 2527 3042 loco
2558 2989 2764 3058 pulsus,
2786 2990 2963 3056 exsul,
2987 2993 3240 3059 extorris,
3261 3008 3324 3046 ac
3347 3008 3540 3048 servus
3560 2993 3732 3060 factus,

2158 3077 2224 3131 ad
2255 3086 2548 3133 extremam
2567 3078 2764 3134 famem
2792 3089 2877 3136 est
2896 3082 3183 3137 redactus?
3211 3084 3348 3152 Quid
3380 3101 3510 3142 vero
3533 3085 3730 3155 Joseph,

2157 3171 2249 3240 qui
2279 3171 2392 3241 pari
2435 3172 2643 3228 ratione
2688 3175 2808 3229 loco
2852 3173 3122 3245 domoque
3151 3179 3335 3246 pulsus
3355 3221 3374 3244 ,
3405 3180 3666 3249 captivus,
3688 3187 3734 3232 ct

2159 3275 2364 3330 servus,
2394 3273 2447 3317 et
2490 3264 2697 3320 vinctus
2719 3266 2886 3319 evasit
2911 3306 2926 3331 ,
2970 3267 3024 3322 in
3067 3278 3375 3325 extremum
3419 3271 3538 3325 vita:
3566 3269 3732 3325 discri-

2158 3368 2280 3411 men
2312 3353 2602 3419 adductus,
2645 3366 2698 3410 et
2727 3371 2849 3412 cum
2879 3359 2932 3410 in
2966 3359 3135 3428 patria
3157 3401 3172 3425 ,
3217 3369 3332 3414 tum
3381 3376 3601 3432 peregre
3640 3371 3730 3414 tam

2157 3445 2339 3502 multis
2365 3459 2450 3501 est
2483 3448 2763 3503 calumniis
2795 3452 3112 3518 appetitus?
3152 3451 3286 3519 Quid
3329 3465 3516 3509 autem
3545 3453 3730 3523 Moyses

2156 3551 2187 3590 a
2213 3545 2362 3591 tanto
2386 3539 2585 3607 pepqu
2615 3540 2813 3596 millies
2839 3540 3134 3610 lapidatus,
3164 3554 3217 3598 et
3245 3544 3312 3598 ab
3341 3545 3439 3610 iis,
3470 3545 3537 3600 de
3561 3543 3730 3615 quibus

2155 3626 2294 3683 bene
2325 3630 2550 3684 meritus
2579 3641 2714 3696 erat,
2745 3631 2969 3688 insidias
2994 3636 3218 3704 passus?
3245 3636 3388 3705 Quid
3416 3651 3596 3692 omnes
3623 3649 3728 3704 pro-

2158 3719 2354 3790 phetae,
2385 3722 2577 3792 quibus
2604 3731 2682 3779 tot
2705 3723 2934 3781 intulere
2955 3727 3092 3781 mala
3114 3727 3475 3797 Judaei?Quid
3495 3729 3592 3785 Job
3611 3729 3724 3797 ipse.

2156 3829 2315 3884 quem
2341 3815 2636 3873 innumeris
2662 3817 2911 3873 diabolus
2932 3819 3196 3876 machinis
3221 3822 3584 3893 oppugnavit?
3603 3817 3721 3886 Quid

2158 3914 2265 3962 tres
2294 3907 2486 3976 pueri?
2509 3907 2646 3976 Quid
2668 3909 2873 3978 Daniel,
2898 3912 2988 3981 qui
3015 3913 3156 3980 vitm,
3179 3912 3467 3981 libertatis,
3490 3923 3541 3969 et
3560 3910 3726 3982 capitis

2155 4014 2422 4054 summum
2464 4001 2678 4056 subiere
2715 4002 3042 4059 discrimen?
3069 4005 3206 4072 Quid
3240 4022 3367 4062 vero
3409 4009 3450 4063 ll
3488 4008 3582 4062 lias
3603 4048 3616 4073 ,
3646 4004 3723 4074 qui

2155 4107 2363 4148 summa
2391 4108 2612 4163 pressus
2638 4095 2839 4166 inopia,
2868 4096 3081 4152 sedibus
3102 4100 3215 4154 suis
3236 4099 3447 4170 pulsus,
3477 4099 3719 4170 fugitivus,

2155 4183 2329 4240 incola
2356 4185 2593 4253 deserti,
2633 4201 2848 4258 semper
2885 4190 3042 4244 exsul
3087 4199 3143 4244 et
3180 4193 3414 4246 extorris
3437 4200 3516 4247 est
3541 4186 3722 4244 factus?

2155 4278 2294 4346 Quid
2323 4280 2537 4334 tandem
2566 4280 2752 4347 David,
2775 4281 2864 4350 qui
2897 4290 3023 4336 tota
3049 4281 3211 4338 Suitle
3237 4284 3416 4352 malis,
3451 4293 3522 4339 tot
3546 4279 3720 4337 deinde

2154 4386 2184 4424 a
2222 4371 2440 4440 proprio
2468 4370 2579 4426 lilio
2614 4381 2697 4426 est
2738 4371 3006 4427 allectus?
3035 4389 3215 4429 nonne
3257 4375 3516 4431 illustrior
3539 4370 3717 4433 evasit,

2155 4462 2380 4518 sunnnis
2408 4477 2698 4532 oppressus
2725 4463 3074 4519 incommodis
3101 4507 3116 4530 ,
3145 4481 3304 4534 quam
3334 4482 3455 4521 cum
3485 4475 3716 4535 prospere

2153 4563 2347 4608 cuncta
2392 4553 2785 4608 succederent?
2832 4555 2972 4621 Quid
3018 4555 3234 4610 demum
3291 4557 3522 4612 Joannes
3567 4551 3718 4621 capite

2156 4646 2464 4702 truncatus?
2489 4646 2625 4714 Quid
2651 4647 2899 4718 apostoli,
2927 4664 3155 4718 quorum
3197 4649 3286 4704 alii
3314 4651 3488 4720 capite
3515 4642 3714 4702 truncati

2155 4747 2310 4805 sunt,
2342 4739 2431 4794 alii
2463 4740 2674 4796 caeteris
2710 4741 2988 4810 suppliciis
3029 4742 3242 4797 allecti?
3267 4742 3404 4810 Quid
3447 4747 3711 4810 martyres.

2153 4832 2245 4904 qni
2275 4833 2326 4887 in
2360 4833 2550 4888 mediis
2589 4834 2872 4889 tormentis
2912 4835 3246 4905 gravissimis
3272 4838 3503 4891 animam
3545 4843 3715 4904 posue-

2154 4925 2314 4980 runt?
2336 4939 2515 4980 nonne
2534 4939 2724 4980 omnes
2745 4926 2829 4981 isti
2860 4935 2970 4981 tum
3001 4928 3231 4982 maxime
3254 4929 3486 4983 illustres
3506 4924 3714 4983 fuerunt,

2155 5032 2276 5072 cum
2297 5016 2684 5087 appetebantur
2704 5017 2939 5087 injuriis,
2963 5033 3082 5073 cum
3109 5019 3316 5074 insidiis
3341 5015 3714 5075 obsidebantur.

2153 5124 2275 5164 cum
2307 5108 2490 5164 ultima
2512 5109 2693 5164 omnia
2724 5109 2868 5178 passi
2891 5121 3202 5165 constanter
3232 5109 3507 5166 ferebant?

2223 5202 2355 5258 CAP.
2414 5201 2579 5256 XVII.
2625 5233 2628 5236 ~
2671 5200 2920 5256 Maxima:
2964 5202 3328 5272 providentiae,
3374 5197 3629 5259 bonitatis,
3675 5196 3713 5242 ει

2153 5295 2380 5350 caritatis
2424 5293 2522 5349 Dei
2561 5295 2918 5349 documentum
2955 5312 3061 5350 esse
3099 5312 3319 5350 crucem.
3362 5327 3428 5336 -—
3452 5294 3574 5349 Cum
3603 5298 3714 5341 vero

2153 5402 2496 5443 communem
2532 5387 2813 5442 Dominum
2856 5397 3096 5442 nostrum
3139 5388 3209 5442 ob
3247 5389 3350 5442 alia
3377 5393 3557 5443 cuncta
3584 5378 3707 5433 cclc-

2155 5479 2394 5544 bramus,
2427 5494 2607 5534 nonne
2634 5480 2703 5534 ob
2726 5478 2827 5534 hoc
2853 5480 3125 5550 praecipue
3151 5479 3502 5540 celebramus,
3533 5465 3710 5542 glorifi—

2155 5585 2360 5638 camus,
2388 5580 2442 5624 et
2467 5570 2810 5642 suspicimus,
2838 5571 2982 5641 quod
3012 5586 3251 5637 crucem,
3277 5582 3332 5626 et
3353 5579 3565 5624 mortem
3587 5560 3707 5615 illam

2155 5664 2539 5720 exsecrabilem
2575 5680 2764 5734 passus
2807 5666 2929 5720 est?
2967 5664 3156 5720 Nonne
3207 5665 3308 5720 hoc
3351 5674 3537 5732 susque
3563 5655 3710 5718 dc‘l'“

2154 5767 2332 5812 versat
2368 5757 2563 5811 Paulus
2588 5759 2827 5813 caritatis
2867 5758 3034 5829 ipsius
3065 5759 3116 5811 in
3152 5776 3248 5812 nos
3277 5757 3514 5814 indicium
3536 5792 3551 5815 ,
3580 5739 3700 5814 il”0d

2159 5849 2227 5906 sit
2264 5852 2544 5907 mortuus?
2572 5851 2714 5924 quod
2753 5867 2848 5924 pro
2877 5851 3141 5922 ejusmodi
3168 5835 3239 5906 sit
3272 5848 3560 5906 hominibus
3584 5844 3691 5894 utor.
