4002 6384
290 410 392 468 ὖίὸ

289 524 575 596 προδότης.
612 523 712 576 καὶ
739 521 804 576 16
855 524 1146 594 κεφάλαιον
1189 525 1484 598 εἰργάσατο
1510 525 1618 577 τῶν
1651 525 1836 578 κακῶν
1856 563 1871 588 ,

288 609 424 684 αἷμα
445 613 691 668 τοιοῦτον
723 615 981 686 πωλήσας
1012 616 1300 687 τριάκοντα
1322 617 1622 688 ἀργυρίων,
1658 616 1752 669 καὶ
1780 633 1873 686 φι-

289 711 485 780 λήματι
515 707 678 774 δολίῳ
705 708 941 775 προδοὺς
967 707 1058 762 τὸν
1088 708 1388 778 Δεσπότην.
1414 709 1620 761 Πόσους
1645 708 1748 760 οἴει
1780 707 1875 760 καὶ

288 801 343 852 ἐν
371 799 547 869 τούτῳ
582 796 1063 866 σκανδαλισθῆναι,
1099 796 1178 867 τῷ
1208 798 1358 868 παρά
1386 797 1481 850 τοῦ
1511 796 1752 869 μαθητοῦ
1782 813 1873 865 γε-

289 890 478 943 νέσθαι
505 890 605 959 τὴν
634 887 929 957 προδοσίαν
953 905 967 951 ;
991 887 1056 940 Τί
1081 887 1170 940 δαὶ
1194 889 1223 940 6
1246 889 1348 958 τῆς
1375 889 1582 959 ἐρήμου
1616 887 1839 954 πολίτης
1856 929 1872 954 ,

287 983 316 1034 6
343 981 443 1052 τῆς
467 979 692 1050 στείρας
718 978 953 1050 καρπὸς,
999 980 1027 1030 6
1057 977 1153 1031 106
1195 979 1468 1050 Ζαχαρίου
1503 981 1665 1043 παῖς,
1710 981 1738 1031 6
1776 978 1874 1049 τὴν

290 1072 453 1140 ἁγίαν
485 1071 706 1140 ἐκείνην
729 1071 822 1123 καὶ
852 1068 1096 1140 φρικώδη
1121 1069 1482 1135 καταξιωθεὶς
1501 1068 1764 1138 βαπτίσαι
1783 1086 1876 1121 κε-

291 1163 492 1234 φαλὴν,
525 1163 619 1214 καὶ
669 1160 922 1229 γενέσθαι
956 1161 1263 1232 πρόδρομος
1294 1159 1388 1212 τοῦ
1423 1160 1624 1213 οίκείου
1667 1159 1874 1212 Δεσπό-

289 1272 407 1317 του,
455 1254 548 1306 ὅτε
593 1252 964 1323 δεσμωτήριον
1007 1251 1182 1321 ᾤκει,
1223 1251 1311 1302 ὅτε
1359 1250 1735 1320 ἀπετέμνετο,
1777 1248 1873 1301 καὶ

291 1347 567 1416 πορνικῇς
595 1345 876 1415 ὀρχήσεως
925 1341 1110 1412 σφαγὴ
1160 1341 1352 1411 μισθὸς
1398 1341 1625 1409 ἐγίνετο,
1675 1340 1876 1403 πόσους

289 1438 394 1490 οἴει
431 1435 880 1499 σκανδαλίζεσθαι
909 1434 1063 1500 τότε;
1110 1435 1219 1487 Καὶ
1259 1435 1313 1486 τί
1351 1433 1494 1502 λέγω
1527 1434 1681 1499 τότε;
1711 1433 1877 1486 Πόσοι

290 1528 387 1580 νῦν
421 1526 560 1597 μετά
587 1526 778 1597 χρόνον
821 1525 1076 1580 τοσοῦτον
1106 1525 1284 1579 ταῦτα
1320 1525 1610 1588 ἀκούοντες
1645 1525 1875 1578 σκανδα-

292 1619 572 1684 λίζονται;
608 1617 717 1670 Καὶ
754 1617 807 1669 τί
841 1616 986 1684 λέγω
1016 1615 1110 1669 τὸν
1143 1615 1417 1686 Ἰωάννην,
1449 1617 1543 1668 καὶ
1565 1615 1626 1668 16
1667 1616 1880 1685 δεσμωο

290 1714 504 1781 τήριον,
539 1710 632 1763 καὶ
665 1709 763 1780 τὴν
790 1709 1004 1779 σφαγὴν
1037 1707 1274 1777 ἐκείνην,
1300 1709 1395 1761 καὶ
1426 1707 1556 1776 περὶ
1581 1706 1707 1765 τοὺς
1733 1705 1881 1758 οίκέ·

292 1819 393 1865 τας
447 1799 901 1870 ἀναστρέφομαι,
953 1799 1071 1853 δέον
1112 1799 1274 1852 πάλιν
1320 1798 1414 1851 ἐπὶ
1457 1797 1550 1850 τὸν
1601 1796 1878 1868 Δεσπότην

293 1895 640 1960 καταφυγεῖν
661 1908 678 1956 ;

364 1987 515 2054 Κεφ.
539 1983 620 2039 ιε’.
663 1985 721 2036 '0
749 1983 857 2053 γάρ
880 1981 1110 2054 σταυρὸς
1150 1980 1244 2034 τοῦ
1291 1980 1552 2052 Χριστοῦ,
1601 1980 1631 2031 6
1675 1979 1773 2048 τὴν
1803 1979 1882 2032 οί-

294 2076 570 2148 κουμένην
599 2075 865 2146 ὀρθώσας,
903 2075 933 2128 6
975 2074 1074 2145 τὴν
1121 2073 1328 2144 πλάνην
1357 2073 1542 2138 λύσας,
1582 2074 1610 2125 6
1650 2071 1747 2142 τὴν
1779 2071 1882 2140 γῆν

295 2171 535 2240 ποιήσας
565 2167 812 2238 οὐρανὸν,
855 2168 884 2220 6
924 2166 1020 2220 106
1053 2165 1282 2220 θανάτου
1314 2165 1381 2218 τά
1418 2164 1585 2235 νεῦρα
1619 2163 1882 2232 ἐκκόψας,

295 2264 325 2314 6
352 2261 448 2313 τὸν
468 2259 600 2330 ᾅδην
622 2257 894 2330 ἄχρηστον
918 2257 1315 2329 ἐργασάμενος,
1338 2259 1366 2310 6
1395 2256 1490 2309 106
1517 2256 1763 2310 διαϐόλου
1785 2255 1884 2327 τὴν

297 2353 598 2427 ἀκρόπολιν
619 2351 948 2416 καταλύσας,
976 2352 1004 2402 6
1024 2349 1149 2413 106;
1172 2348 1431 2418 δαίμονας
1455 2348 1835 2419 ἐπιστομίσας,
1856 2348 1886 2399 6

299 2445 429 2506 τοὺς
451 2441 774 2512 ἀνθρώπους
801 2439 1064 2509 ἀγγέλους
1086 2441 1337 2508 ποιήσας,
1359 2439 1387 2490 6
1412 2437 1628 2508 βωμοὺς
1651 2436 1887 2491 καταλύ-

303 2553 404 2599 σας
435 2536 532 2589 καὶ
563 2535 725 2608 ναοὺς
757 2536 1090 2606 ἀνατρέψας,
1121 2536 1150 2587 6
1179 2535 1278 2608 τὴν
1315 2537 1508 2606 καινὴν
1543 2536 1749 2607 ταύτην
1791 2535 1885 2590 καὶ

303 2625 464 2698 ξένην
491 2626 806 2696 φιλοσοφίαν
834 2627 910 2690 είς
945 2628 1044 2698 τὴν
1066 2627 1171 2697 γῆν
1197 2627 1632 2696 καταφυτεύσας,
1659 2631 1688 2682 6
1717 2629 1886 2699 μυρία

302 2720 681 2792 ἐργασάμενος
694 2718 974 2788 ἀγαθὰ,τά
993 2720 1237 2791 φρικώδη
1256 2719 1427 2773 ταῦτα
1450 2721 1541 2772 καὶ
1567 2720 1774 2790 μεγάλα
1795 2720 1888 2772 καὶ

303 2811 508 2880 ὑψηλὰ,
540 2811 660 2880 οὐχὶ
695 2811 992 2865 σκάνδαλον
1028 2810 1246 2874 πολλοῖς
1271 2811 1532 2879 γέγονεν;
1566 2811 1701 2882 Ούχὶ
1741 2811 1888 2864 Παῦ-

303 2904 396 2967 λος
429 2903 527 2974 βοᾷ
557 2902 678 2956 καθ’
713 2904 953 2974 ἑκάστην
977 2904 1194 2974 ἡμέραν
1225 2903 1422 2971 λέγων,
1452 2905 1546 2956 καὶ
1571 2905 1672 2956 οὑκ
1697 2903 1890 2974 αἰσχύ-

304 3012 495 3048 νεται·
538 2994 736 3064 Ἡμεῖς
756 2993 825 3047 δὲ
864 2995 1255 3063 κηρύσσομεν
1294 2995 1554 3063 Χριστὸν
1597 2997 1893 3064 ἐσταυρω-

304 3087 513 3156 μένον,
556 3087 854 3152 ἰουδαίοις
874 3088 992 3156 μὲν
1019 3086 1401 3151 σκάνδαλον,
1437 3087 1640 3142 ἔθνεσι
1667 3088 1736 3141 δὲ
1769 3106 1891 3157 μω-

303 3181 476 3246 ριάν;
501 3179 566 3230 Τί
597 3174 710 3246 οῦν,
734 3179 855 3231 είπέ
879 3195 968 3250 μοι
989 3195 1003 3245 ;
1031 3179 1132 3232 οὐκ
1151 3179 1321 3250 ἐχρῆν
1342 3179 1595 3248 γενέσθαι
1615 3179 1706 3233 τὸν
1732 3197 1895 3234 σταυ-

314 3271 430 3342 ρὸν,
458 3271 580 3323 ούδέ
609 3269 707 3341 τὴν
740 3269 986 3342 φρικώδη
1019 3271 1237 3342 ἐκείνην
1270 3273 1623 3343 ἀνενεχθῆναι
1667 3271 1858 3325 θυσίαν
1879 3312 1894 3336 ,

309 3363 434 3416 οὐδὲ
457 3362 697 3416 τοσαῦτα
717 3361 1033 3432 τελεσθῆναι
1063 3361 1487 3434 κατορθώματα,
1514 3363 1704 3434 ἐπειδὴ
1731 3364 1897 3418 σκάν-

310 3454 470 3507 δαλον
493 3454 712 3521 ἐγένετο
733 3455 847 3516 τοῖς
876 3452 1270 3524 ἀπολλυμένοις
1293 3454 1354 3507 τὸ
1379 3457 1611 3525 πρᾶγμα
1637 3456 1731 3508 καὶ
1751 3455 1893 3519 τότε,

313 3547 409 3601 καὶ
439 3545 578 3616 μετά
599 3543 791 3608 ταῦτα,
820 3545 914 3598 καὶ
937 3545 1088 3616 παρὰ
1111 3544 1288 3598 πάντα
1310 3545 1401 3598 τὸν
1429 3547 1622 3616 χρόνον
1643 3563 1657 3612 ;
1686 3548 1796 3600 Καὶ
1814 3545 1899 3610 τίς

311 3639 460 3692 οὕτω
497 3638 856 3708 μαινόμενος,
891 3638 974 3702 τίς
1025 3637 1200 3700 οὓτως
1241 3637 1581 3709 ἐξεστηκὼς,
1625 3640 1700 3703 ὼς
1742 3639 1900 3693 τοῦτο

314 3732 525 3792 είπεῖνς
546 3731 756 3801 Ὥσπερ
777 3726 870 3782 οὖν
891 3730 1125 3782 ἐνταῦθα
1141 3731 1201 3782 o6
1223 3731 1349 3794 τοὺς
1373 3731 1901 3802 σκανδαλιζομένους

314 3824 400 3876 δεῖ
428 3820 774 3889 λογίζεσθαι,
807 3821 986 3875 καίτοι
1018 3821 1308 3886 τοσούτους
1353 3821 1514 3885 ὄντας
1535 3862 1549 3885 ,
1599 3823 1737 3877 ἀλλά
1775 3825 1902 3887 τοὺς

318 3913 616 3976 σωθέντας,
647 3913 774 3976 τοὺς
797 3912 1282 3983 κατορθώσαντας,
1315 3914 1440 3976 τοὺς
1483 3913 1903 3978 ἀπολαύσαντας

317 4006 420 4074 τῆς
449 4003 717 4075 τοσαύτης
747 4004 959 4072 σοφίας·
992 4003 1085 4058 καὶ
1123 4005 1182 4058 06
1218 4005 1322 4075 χρὴ
1348 4005 1548 4074 λέγειν,
1581 4005 1645 4058 Τί
1682 4005 1738 4058 δὲ
1768 4007 1902 4078 πρὸς

318 4096 450 4157 τοὺς
477 4094 999 4160 σκανδαλισθέντας;
1041 4097 1257 4159 ἑαυτοῖς
1309 4095 1418 4166 γὰρ
1460 4095 1526 4149 ἂν
1561 4092 1670 4149 εἶεν
1706 4098 1904 4150 ἐκεῖνοι

319 4187 523 4240 δίκαιοι
560 4185 890 4254 λογίζεσθαι·
921 4187 1066 4242 οὕτω
1105 4188 1168 4258 δὴ
1201 4189 1323 4242 ούδέ
1357 4189 1475 4245 νῦν.
1503 4188 1576 4242 Τὸ
1608 4189 1718 4261 γὰρ
1742 4191 1907 4244 σκάν-

320 4279 480 4332 δαλον
517 4280 576 4332 06
609 4279 760 4350 παρά
787 4280 888 4350 τὴν
926 4279 1089 4352 φύσιν
1116 4278 1209 4332 τοῦ
1236 4279 1470 4351 σταυροῦ
1499 4281 1747 4348 γέγονεν,
1771 4279 1906 4334 ἀλλά

323 4387 404 4422 πα
411 4368 480 4439 ρὰ
493 4369 593 4441 τὴν
618 4371 806 4424 ἄνοιαν
822 4370 928 4423 τῶν
951 4369 1475 4440 σκανδαλιζομένων·
1495 4371 1575 4425 διὸ
1594 4372 1690 4425 καὶ
1713 4358 1908 4440 ἐπάγει

323 4462 353 4513 6
379 4459 610 4524 Παῦλος,
639 4461 851 4527 Αὺτοῖς
872 4461 938 4513 δὲ
959 4460 1084 4526 τοῖς
1103 4460 1370 4528 κλητοῖς,
1389 4459 1700 4527 Ἰουδαίοις
1726 4478 1787 4514 τε
1811 4461 1908 4514 καὶ

327 4552 617 4618 Ἕλλησι,
637 4550 894 4624 Χριστὸν
907 4551 1055 4605 Θεοῦ
1083 4550 1340 4621 δύναμιν
1360 4551 1459 4604 καὶ
1483 4550 1631 4604 Θεοῦ
1660 4551 1907 4620 σοφίαν·

322 4639 453 4693 ἐπεὶ
469 4640 565 4693 καὶ
585 4642 613 4693 6
628 4640 778 4711 ἥλιος
805 4639 1032 4710 βλάπτει
1050 4643 1175 4706 τοὺς
1193 4642 1440 4706 ἀσθενεῖς
1456 4642 1565 4696 τῶν
1591 4643 1908 4714 ὀφθαλμῶν.

324 4731 395 4784 Τί
417 4727 540 4796 οὖν;
569 4731 670 4784 οὐκ
716 4731 822 4784 ἔδει
873 4731 1125 4800 γενέσθαι
1174 4733 1268 4786 τὸν
1310 4733 1498 4804 ἧλιονς
1549 4735 1660 4788 Καὶ
1697 4735 1758 4788 τὸ
1789 4735 1912 4804 μέλι

325 4823 530 4895 πικρὸν
554 4825 666 4890 τοῖς
707 4827 918 4879 νοσοῦσι
972 4827 1244 4896 φαίνεται.
1290 4828 1354 4880 Τί
1388 4823 1509 4893 οῦν;
1547 4829 1912 4899 ἀφανισθῆναι

326 4915 442 4968 εδει
471 4914 630 4970 τοῦτο
657 4919 722 4970 ἐκ
749 4916 840 4970 τοῦ
868 4917 1068 4988 μέσους
1095 4919 1256 4972 Αὐτοὶ
1295 4919 1351 4972 δὲ
1374 4921 1422 4972 οί
1451 4920 1758 4984 ἀπόστολοι,
1793 4920 1915 4990 οὐχὶ

326 5011 444 5072 τοῖς
475 5008 572 5079 μὲν
594 5009 738 5081 ὀσμὴ
759 5010 992 5064 θανάτου
1019 5012 1097 5075 είς
1121 5010 1350 5065 θάνατον
1369 5005 1531 5082 ἦσαν,
1562 5013 1675 5074 τοῖς
1691 5011 1748 5063 δὲ
1770 5011 1914 5081 ὀσμὴ

329 5100 481 5171 ζωῆς
525 5102 604 5164 είς
651 5098 830 5172 ζωήν;
887 5101 986 5155 Διά
1035 5102 1160 5166 τοὺς
1212 5101 1618 5172 ἀπολλυμένους
1671 5096 1765 5154 οὖν
1815 5101 1917 5153 οὐκ

330 5191 442 5244 ἔδει
474 5192 600 5255 τοὺς
623 5190 773 5264 [502]
803 5191 1010 5257 ζῶντας
1049 5191 1355 5246 ἀπολαῦσαι
1398 5192 1496 5262 τῆς
1526 5191 1795 5261 τοσαύτης
1819 5208 1919 5262 κη-

330 5281 625 5350 δεμονίας;
657 5281 805 5352 Λῦτη
849 5282 906 5335 δὲ
939 5284 970 5354 ή
1022 5282 1292 5354 παρουσία
1330 5282 1422 5336 τοῦ
1456 5281 1716 5354 Χριστοῦ,
1754 5283 1787 5352 ή
1817 5299 1921 5334 σω-

329 5371 504 5443 τηρία
537 5373 569 5443 ή
609 5373 872 5444 ήμετέρα,
911 5375 944 5444 ή
978 5374 1129 5444 πηγὴ
1169 5373 1280 5426 τῶν
1316 5373 1556 5441 ἀγαθῶν,
1602 5375 1635 5444 ή
1676 5374 1811 5442 ζωὴ,
1851 5372 1920 5426 τὰ

336 5464 512 5536 μυρία
553 5464 732 5530 καλὰ,
783 5463 984 5528 πόσους
1039 5465 1317 5535 ἐϐἀρησε,
1371 5463 1573 5527 πόσους
1623 5463 1921 5533 ἀπολογίας

1127 411 1218 466 ΑΙ)
1258 409 1388 466 EOS
1419 409 1540 477 QUI
1580 399 2083 466 SCANDALIZA'TI
2126 410 2332 468 SUNT.
2376 410 2505 467 LIB.
2552 410 2753 467 UNUS.

3450 413 3556 471 516

1977 525 2042 577 Τί
2088 521 2214 591 οῦν;
2275 526 2460 596 ἐπειδὴ
2516 527 2898 596 ἀναπολόγητα
2945 527 3130 590 αὐτοῖς
3197 527 3387 596 γέγονε
3420 530 3559 598 μετά

1975 615 2074 685 τὴν
2104 614 2405 684 παρουσίαν
2425 615 2493 667 τά
2516 617 2916 687 ἁμαρτήματα,
2938 617 3039 670 οὐκ
3062 617 3166 670 ἔδει
3187 617 3348 671 αὑτὸν
3375 634 3558 688 παρα-

1975 706 2228 773 γενέσθαι
2255 706 2322 758 δι⁹
2356 706 2597 769 ἐκείνους
2641 702 2768 770 τοῦς
2798 707 2984 770 κακῶς
3157 707 3308 778 καλῷ
3345 723 3559 778 χρησα-

1980 797 2208 867 μένους;
2253 797 2364 851 Καὶ
2400 797 2486 860 τίς
2521 798 2586 852 ἂν
2630 799 2801 851 ταῦτα
2832 799 3011 865 είποσ;
3047 799 3237 862 Οὐδεὶς
3279 799 3402 852 ούδέ
3450 801 3558 851 τὼν

1978 886 2184 957 σφόδρα
2219 886 2606 956 ἐξεστηκότων.
2633 889 2700 940 Τί
2719 887 2825 950 δαὶ,
2856 889 2967 942 ἀπὸ
3003 889 3111 941 τών
3143 889 3409 960 Γραφῶν,
3437 888 3559 942 εἰπέ

1981 995 2090 1048 μοι,
2114 976 2268 1030 πόσοι
2295 976 2824 1050 ἐσκανδαλίσθησαν;
2857 979 3021 1032 πόσαι
3045 980 3285 1051 αἱρέσεις
3308 979 3560 1032 ἐντεῦθεν

1977 1069 2164 1122 ἔτεκον
2186 1070 2407 1132 ἑαυταῖς
2423 1070 2724 1140 προφάσεις
2743 1087 2757 1134 ;
2776 1070 3195 1141 Ἐξαλειφθῆναι
3218 1067 3313 1124 οὖν
3336 1070 3442 1123 ἔδει
3459 1068 3560 1130 τὰς

1980 1159 2204 1229 Γραφάς
2231 1158 2318 1211 διὰ
2338 1161 2466 1223 τοὺς
2494 1159 3012 1224 σκανδαλισθέντας,
3039 1156 3072 1230 ἥ
3102 1159 3235 1230 μηδὲ
3258 1161 3355 1230 τὴν
3387 1158 3563 1230 ἀρχὴν

1976 1250 2230 1320 δοθῆναις
2263 1251 2558 1322 Οὐδαμῶς·
2621 1253 2755 1306 ἀλλά
2812 1253 2907 1305 καλ⁹
2964 1252 3173 1322 σφόδρα
3220 1250 3435 1321 δοθῆναι
3472 1250 3563 1302 διὰ

1977 1343 2104 1406 τοὺς
2141 1343 2432 1412 μέλλοντας
2459 1343 2804 1414 καρποῦσθαι
2829 1343 2928 1415 τὴν
2956 1345 3051 1398 ἀπ’
3073 1343 3254 1398 αὐτῶν
3267 1343 3558 1412 ὠφέλειαν.

1993 1433 2222 1486 Ἐκεῖνοι
2273 1433 2372 1504 μὲν
2415 1434 2523 1506 γὰρ
2559 1436 2743 1506 (πάλιν
2775 1437 2834 1489 06
2868 1437 3145 1505 παύσομαι
3194 1434 3265 1487 τὰ
3303 1434 3446 1487 αὐτά
3475 1433 3562 1486 λέ-

1981 1523 2116 1594 γων)
2151 1526 2367 1588 ἑαυτοῖς
2400 1525 2802 1594 λογιζέσθωσαν
2832 1527 2899 1579 τὰ
2931 1525 3204 1578 σκάνδαλα
3227 1540 3242 1554 ·
3277 1525 3327 1576 οί
3357 1520 3413 1576 δέ
3439 1524 3565 1594 μέλ-

1982 1614 2164 1677 λοντες
2189 1615 2246 1681 ἐξ
2277 1614 2455 1667 αὐτῶν
2483 1616 2551 1668 τά
2587 1615 2821 1685 μέγιστα
2853 1614 3200 1683 ὠφελεῖσθαι,
3250 1615 3313 1666 o6
3355 1614 3453 1683 τὴν
3479 1631 3567 1664 τυ-

1982 1706 2183 1776 χοῦσαν
2230 1708 2527 1778 ὑπέμειναν
2573 1708 2641 1761 ἂν
2675 1708 2919 1778 ζημίαν,
2981 1708 3030 1759 εί
3070 1705 3160 1760 διὰ
3205 1705 3302 1776 τὴν
3360 1704 3571 1774 ἐτέρων

1984 1796 2378 1867 ἀγνωμοσύνην
2412 1799 2507 1850 καὶ
2534 1798 2806 1868 ρᾳθυμίαν
2846 1799 2999 1850 αὐτοὶ
3036 1797 3322 1868 μέλλοντες
3349 1794 3567 1866 κερδαίά

1982 1905 2095 1942 νειν
2132 1888 2209 1958 τῷ
2234 1887 2417 1941 λαϐεῖν
2446 1889 2638 1953 αύτάς,
2674 1889 3127 1960 ἀπεστερήθησαν
3166 1888 3263 1958 τῆς
3305 1885 3566 1955 τοιαύτης

1985 1980 2272 2049 ὠφελείας.
2322 1981 2414 2051 Μὴ
2446 1981 2622 2034 τοίνυν
2664 1998 2755 2051 μοι
2801 1981 2929 2050 λέγε
2968 1982 3096 2040 τοὺς
3139 1979 3563 2049 ἀπολλυμένους·

1986 2074 2123 2145 ὅπερ
2157 2073 2262 2144 γὰρ
2293 2073 2388 2126 καὶ
2413 2073 2469 2124 ἐν
2499 2072 2576 2144 τῷ
2633 2071 2940 2144 ἔμπροσθεν
2989 2067 3141 2123 εἷπον
3191 2069 3358 2138 λόγῳ,
3391 2068 3570 2130 οὐδεὶς

1985 2163 2094 2216 τῶν
2123 2164 2346 2226 ἑαυτοὺς
2395 2163 2471 2234 μὴ
2511 2163 2844 2217 ἀδικούντων
2884 2162 3014 2233 παρ’
3051 2161 3254 2233 ἐτέρων
3301 2158 3570 2213 ἀδικεῖται

1991 2276 2141 2324 ποτε,
2177 2258 2281 2312 κᾶν
2321 2261 2400 2321 είς
2430 2259 2564 2312 αὐτὸ
2597 2258 2658 2311 16
2688 2258 2787 2328 ζῇν
2819 2256 3126 2327 κινδυνεύῃ.

2059 2358 2200 2424 Κεφ.
2229 2362 2322 2420 ις’.
2340 2355 2404 2408 Τί
2425 2355 2530 2425 γὰρ
2547 2355 2576 2405 6
2599 2353 2764 2406 νΑϐελ
2784 2352 3008 2422 ἐϐλάϐη,
3026 2351 3147 2404 είπέ
3170 2367 3278 2418 μοι,
3298 2348 3405 2401 ὑπὸ
3421 2345 3574 2400 ἀδελ-

1990 2455 2158 2524 φικῆς
2184 2452 2528 2524 κατενεχθεὶς
2555 2450 2756 2515 δεξιᾶς,
2790 2449 2884 2502 καὶ
2906 2448 3084 2518 ἄωρον
3111 2447 3206 2501 καὶ
3243 2445 3413 2517 βίαιον
3439 2443 3574 2495 ὑπο-

1993 2550 2181 2622 μείνας
2200 2548 2426 2602 θάνατον
2443 2565 2457 2613 ;
2480 2547 2594 2600 ἀλλ’
2617 2547 2736 2616 οὐχὶ
2763 2544 2961 2616 μᾶλλον
2979 2545 3251 2615 ἐκέρδανε,
3264 2539 3575 2612 λαμπρότιο

1995 2663 2086 2718 ρον
2112 2643 2520 2714 ἀναδησάμενος
2542 2644 2834 2710 στέφανον;
2857 2641 2996 2694 Τίδέ
3016 2643 3044 2693 6
3059 2637 3275 2703 Ἰακὼϐ,
3290 2641 3317 2690 6
3332 2635 3577 2690 τοσαῦτα

1993 2740 2182 2793 παθὼν
2209 2738 2362 2811 παρὰ
2383 2737 2477 2791 τοῦ
2507 2736 2761 2806 ἀδελφοῦ,
2792 2737 2886 2790 καὶ
2911 2735 3124 2802 ἄπολις,
3146 2736 3238 2789 καὶ
3263 2733 3461 2803 φυγὰς,
3481 2733 3579 2785 καὶ

1996 2838 2362 2909 μετανάστης,
2398 2836 2491 2888 καὶ
2530 2834 2718 2897 δοῦλος
2750 2833 3061 2904 γενόμενος,
3094 2831 3186 2884 καὶ
3225 2832 3304 2892 εἰς
3351 2829 3582 2898 ἔσχατον

1993 2935 2152 3006 λιμὸν
2185 2931 2562 3003 κατενεχθείς;
2603 2930 2666 2982 Τί
2699 2929 2788 2982 δαὶ
2823 2931 2852 2982 6
2878 2928 3096 2998 Ἰωσὴφ,
3129 2926 3331 2996 ὁμοίως
3359 2925 3455 2978 καὶ
3480 2923 3584 2977 αὑ-

1992 3033 2085 3096 τὸς
2115 3031 2326 3093 ἄπολις,
2350 3029 2555 3092 ἄοικος,
2583 3027 2678 3080 καὶ
2709 3024 3077 3095 αἰχμάλωτος,
3113 3023 3209 3076 καὶ
3236 3021 3444 3084 δοῦλος,
3484 3021 3584 3073 καὶ⁹

1995 3126 2282 3198 δεσμώτης
2311 3123 2575 3195 γεγονὼς,
2610 3122 2706 3174 καὶ
2736 3122 2865 3191 περ)⁵
2892 3119 2998 3172 τῶν
3022 3119 3268 3188 ἐσχάτων
3306 3115 3582 3170 κινδυνεύ-

2000 3242 2120 3288 σας,
2139 3225 2234 3277 καλ.
2259 3225 2316 3275 ἐν
2339 3223 2404 3292 τῇ
2428 3219 2606 3290 οἰκείᾳ
2630 3218 2725 3270 καὶ
2746 3219 2802 3270 ἐν
2825 3219 2890 3286 τῇ
2915 3215 3193 3286 ἀλλοτρία,
3211 3215 3304 3267 καὶ
3325 3212 3582 3274 τοιαύτας

2000 3325 2301 3394 ὑπομείνας
2333 3320 2619 3382 διαϐολάς;
2650 3317 2716 3371 Τί
2745 3317 2834 3369 δαὶ
2861 3319 2888 3370 6
2918 3316 3158 3385 Μωῦσῆς
3189 3315 3295 3366 ὑπὸ
3325 3310 3582 3364 τοσούτου

2000 3419 2172 3491 δήμου
2208 3416 2470 3488 μυριάκις
2496 3413 2908 3476 καταλευσθεὶς,
2933 3411 3026 3464 καὶ
3055 3409 3208 3480 παρά
3230 3408 3338 3460 τῶν
3361 3406 3584 3476 εὐεργε-

1999 3516 2273 3587 τηθέντων
2309 3510 2748 3576 ἐπιϐουλευθείς;
2782 3509 2847 3560 Τί
2886 3509 2975 3561 δαὶ
3004 3509 3051 3560 οί
3078 3505 3354 3576 προφῆται
3387 3503 3587 3564 πάιτες

2001 3612 2242 3665 τοσαῦτα
2272 3609 2424 3680 παρά
2449 3606 2557 3660 τῶν
2593 3605 2862 3658 Ἰουδαίων
2895 3603 3158 3665 παθόντες
3185 3601 3368 3665 κακά;
3398 3599 3464 3651 Τί
3498 3598 3587 3650 δαὶ

2001 3712 2030 3762 6
2069 3707 2210 3774 Ἰὼϐ,
2251 3706 2356 3759 6116
2392 3705 2486 3758 106
2536 3703 2784 3755 διαϐόλου
2823 3700 3046 3772 μυρίαις
3108 3698 3377 3768 μηχαναῖς
3429 3693 3590 3745 πολε-

2007 3804 2236 3876 μηθείς;
2266 3803 2331 3855 Τί
2370 3802 2457 3854 δαὶ
2482 3803 2531 3854 οἱ
2562 3800 2751 3862 παῖδες
2786 3799 2836 3850 οί
2863 3799 3046 3869 τρεῖς;
3085 3796 3151 3848 Τί
3183 3795 3269 3848 δαὶ
3308 3795 3336 3845 ὁ
3365 3789 3586 3862 Δανιὴλ,

2007 3901 2136 3968 περὶ
2165 3899 2332 3969 ζωῆς,
2365 3901 2495 3970 περὶ
2527 3897 2862 3969 ἐλευθερίας,
2895 3895 3022 3966 περὶ
3049 3894 3160 3948 τῶν
3193 3892 3438 3962 ἐσχάτων
3470 3908 3590 3944 κιν-

2004 3998 2270 4060 δυνεύσας
2290 3997 2470 4050 αὐτῶν
2492 4015 2506 4064 ;
2526 3997 2592 4049 Τί
2612 3996 2696 4049 δαὶ
2718 3997 2746 4048 6
2769 3994 2954 4056 ’Πλίας
2978 3994 3181 4063 ἐσχάτῃ
3204 3990 3364 4060 πενία
3389 3988 3589 4052 συζῶν,

2008 4095 2388 4165 ἐλαυνόμενος,
2412 4092 2784 4164 δραπετεύων,
2805 4090 2904 4154 τὰς
2930 4089 3170 4161 ἐρήμους
3202 4085 3386 4149 οἰκῶν,
3413 4085 3596 4154 φυγὰς

2008 4197 2100 4249 ἀεὶ
2153 4194 2246 4247 καὶ⁸
2296 4193 2640 4264 μετανάστης
2689 4189 3018 4260 γινόμενος;
3071 4186 3136 4238 Τί
3191 4185 3280 4238 δαὶ
3325 4186 3353 4237 6
3389 4182 3599 4247 Δαυῖδ,

2009 4291 2250 4346 τοσαῦτα
2299 4291 2398 4362 μὲν
2431 4289 2584 4359 παρά
2615 4286 2709 4341 τοῦ
2744 4285 2954 4350 Σαοὺλ,
2989 4283 3228 4338 τοσαῦτα
3269 4282 3327 4336 δὲ
3367 4281 3604 4352 ὕστερονι

2012 4387 2167 4460 παρὰ
2195 4386 2287 4441 τοῦ
2315 4387 2445 4440 ίδίου
2472 4385 2662 4447 παιδὸς
2691 4381 2914 4448 παθών;
2937 4381 3058 4451 οὐχὶ
3084 4378 3283 4451 μᾶλλον
3303 4376 3603 4446 διέλαμψε,

2010 4487 2080 4540 τὰ
2105 4485 2306 4556 ἔσχατα
2340 4485 2566 4552 πάσχων
2599 4480 2765 4543 κακὰ,
2798 4481 2830 4550 ἢ
2857 4482 2944 4534 ὅτε
2977 4477 3281 4550 εὐημερίας
3311 4473 3600 4545 ἀπήλαυε;

2015 4584 2081 4636 Τί
2113 4582 2200 4635 δαὶ
2227 4584 2255 4634 6
2289 4581 2544 4649 Ἰωάννης
2571 4576 2943 4645 ἀποτμηθείςς
2976 4574 3041 4626 Τί
3073 4572 3162 4626 δαὶ
3197 4573 3246 4632 οί
3285 4569 3605 4635 ἀπόστολοι,

2013 4683 2062 4735 οἱ
2098 4682 2196 4752 μὲν
2223 4678 2658 4749 ἀποτμηθέντες,
2682 4675 2731 4728 οἱ
2751 4673 2812 4741 ,δὲ
2845 4672 3059 4743 ἐτέραις
3085 4669 3381 4740 τιμωρίαις
3419 4684 3607 4738 παρα·-

2015 4778 2261 4839 δοθέντες
2286 4793 2300 4840 ;
2325 4775 2388 4826 Τί
2415 4775 2505 4828 δαὶ
2529 4773 2578 4825 οί
2609 4773 2906 4842 μάρτυρες,
2927 4771 2977 4820 οἱ
2996 4767 3194 4829 δειναῖς
3221 4765 3475 4836 βασάνοις
3495 4764 3604 4834 τὴν

2017 4878 2197 4948 ψυχὴν
2218 4872 2630 4946 ἀπορρήξαντες
2649 4886 2663 4934 ;
2689 4869 2810 4938 οὐχὶ
2831 4867 3030 4928 πάντες
3052 4858 3194 4918 οὗτοι
3215 4864 3335 4916 τότε
3361 4863 3604 4933 μάλιστα

2021 4973 2294 5043 ἔλαμψαν,
2326 4972 2416 5023 ὅτε
2459 4965 2859 5037 ἐπηρεάζοντο;
2889 4963 2980 5015 ὅτε
3020 4959 3477 5026 ἐπεϐουλεύοντο;
3507 4959 3608 5012 ὅτε.

1997 5051 2091 5125 ’τὰ
2118 5070 2324 5139 ἔσχατα
2353 5066 2656 5135 πάσχοντες
2683 5058 2948 5129 γενναίως
2971 5057 3352 5127 είστήκεισανς
3503 5113 3509 5117 _

2094 5170 2235 5236 Κεφ.
2267 5165 2352 5228 ιζ’.
2386 5165 2489 5216 Τὸν
2506 5161 2563 5214 δέ
2583 5159 2759 5214 κοινὸν
2780 5156 2936 5228 ήμῶν
2960 5156 3237 5226 Δεσπότην
3267 5155 3354 5209 διὰ
3377 5153 3446 5208 τά
3467 5155 3609 5209 ἄλλα

2027 5267 2204 5320 πάντα
2226 5261 2613 5334 ἀνυμνοῦντες,
2648 5258 2707 5312 o6
2736 5257 2823 5310 διὰ
2846 5255 3003 5309 τοῦτο
3032 5253 3268 5325 μάλιστα
3297 5252 3447 5326 [503]
3479 5255 3608 5306 ἀνυ-

2029 5362 2162 5434 μνοῦ
2173 5379 2291 5434 μεν,
2303 5357 2635 5426 δοξάζοντες,
2654 5353 3079 5425 ἐκπληττόμενοι
3092 5364 3117 5391 α
3134 5351 3223 5404 διὰ
3237 5351 3326 5403 τὸν
3350 5349 3617 5418 σταυρὸν,

2026 5461 2116 5515 διὰ
2138 5461 2227 5516 τὸν
2254 5459 2482 5512 θάνατον
2501 5455 2708 5506 ἐκεῖνον
2731 5451 2826 5504 τὸν
2850 5449 3122 5519 ἐπάρατον
3149 5465 3165 5513 ;
3197 5445 3274 5500 Οὐ
3301 5443 3462 5498 τοῦτο
3489 5445 3606 5498 ἀνω

331 5555 681 5628 ἀπεστέρησε
729 5556 824 5609 καὶ
875 5555 1235 5626 συγγνώμης;
1282 5556 1397 5609 Ούκ
1443 5555 1662 5618 ἀκούεις
1702 5555 1755 5608 τί
1789 5572 1924 5625 φησι
2030 5561 2128 5615 καὶ
2147 5558 2297 5613 κάτω
2319 5548 2808 5626 σημεῖονὸΠαῦλος
2829 5549 3062 5600 ποιεῖται
3085 5545 3184 5614 τῆς
3204 5541 3424 5610 ἀγάπης
3441 5541 3619 5594 αὑτοῦ

333 5649 465 5719 περὶ
498 5648 610 5702 τῶν
669 5647 937 5702 Ἰουδαίων
981 5649 1010 5700 6
1051 5647 1324 5718 Χριστός;
1361 5648 1429 5700 El
1467 5645 1554 5716 μὴ
1589 5643 1782 5714 ἦλθον
1825 5646 1926 5699 καὶ
2028 5660 2129 5729 τῆς
2159 5656 2288 5726 περὶ
2310 5654 2482 5725 ἡμᾶς,
2502 5649 2563 5702 16
2587 5647 2914 5711 ἀποθανεῖν;
2939 5643 2998 5695 τὸ
3026 5644 3164 5712 ὑπὲρ
3189 5638 3446 5690 τοιούτων
3469 5634 3616 5688 ἀπο-

331 5740 620 5808 ἐλάλησα
671 5739 922 5805 αὐτοῖς,
974 5739 1269 5808 ἁμαρτίαν
1313 5740 1423 5792 οὐκ
1475 5735 1666 5806 εἶχον·
1713 5737 1829 5792 νῦν
1859 5737 1926 5790 δὲ

332 5834 650 5903 πρόφασιν
677 5834 789 5887 οὐκ
819 5833 1036 5901 ἔχουσι
1068 5831 1201 5900 περὶ
1237 5829 1346 5900 τῆς
1377 5831 1667 5901 ἁμαρτίας
1703 5829 1918 5886 αὐτῶν.

2095 5779 2118 5807 ⁸
2146 5776 2242 5825 Alii
2269 5775 2347 5822 διὰ
2383 5769 2526 5820 τοῦτο
2566 5768 2742 5832 μᾶλλον
2787 5763 3099 5825 θαυμάζομεν,
3141 5756 3414 5811 δοξάζοντες
3430 5753 3514 5804 καὶ
3533 5752 3613 5800 ἐχ-

2031 5837 2359 5899 πληττόμενοι.
