4002 6388
459 385 558 442 5H

459 501 676 566 θανεῖν;
701 505 796 556 καὶ
827 503 1021 574 παρεὶς
1050 505 1221 558 είπεῖν
1244 505 1333 558 τὸν
1369 506 1616 576 οὐρανὸν,
1653 507 1749 576 τὴν
1785 505 1910 574 γῆν,
1936 505 2033 573 τὴν

461 589 752 652 θάλατταν,
773 591 843 644 τά
883 591 1018 644 ἀλλα
1053 591 1254 654 πάντα,
1287 594 1434 662 ειπερ
1462 593 1718 663 ἐποίησεν
1742 595 1771 644 ό
1805 591 2036 662 Χριστὸς

461 679 541 739 εἰς
569 677 758 748 χρείαν
781 677 940 747 ἡμῶν
968 677 1060 730 καὶ
1089 679 1418 745 ἀνάπαυσιν,
1441 679 1553 732 ἀνω
1584 680 1679 732 καὶ
1702 678 1853 732 κάτω
1885 695 2034 746 περι-

463 767 684 834 στρέφει
727 764 816 817 τὸν
863 764 1126 837 σταυρὸν,
1159 765 1368 834 λέγων·
1410 767 1764 835 Συνέστησε
1817 766 1885 818 δὲ
1921 765 2034 834 τὴν

460 853 680 906 ἑαυτοῦ
713 853 953 922 ἀγάπην
991 857 1026 908 ὀ
1067 856 1212 920 Θεὸς
1253 859 1340 922 εἰς
1359 855 1552 926 ἡμᾶς,
1587 855 1696 918 ὅτι,
1729 857 1815 910 ἐτι
1847 857 2031 925 ἀμαρ-

461 939 665 992 τωλῶν
683 941 870 993 ὄντων
889 940 1076 1010 ἡμῶν,
1100 943 1353 1009 Χριστὸς
1375 942 1525 1010 ὑπὲρ
1549 941 1715 1011 ἡμῶν
1738 943 1998 997 ἀπέθανε
2017 958 2030 971 ·

461 1026 553 1078 καὶ
591 1025 840 1079 ἐντεῦθεν
881 1029 1011 1098 ἡμῖν
1048 1027 1290 1098 χρηστὰς
1335 1029 1602 1082 ὑποτείνει
1634 1028 1734 1092 τὰς
1780 1029 2033 1091 ἐλπίδας.

459 1111 664 1178 λέγων·
706 1114 774 1166 El
821 1115 932 1181 γὰρ
991 1114 1191 1182 ἐχθροὶ
1245 1115 1416 1180 ὄντες
1458 1117 1921 1184 κατηλλάγημεν
1951 1115 2032 1180 τῷ

462 1197 584 1264 Θεῷ
618 1198 716 1254 διὰ
753 1201 860 1253 τοῦ
909 1201 1168 1254 θανάτου
1203 1202 1309 1255 τοῦ
1374 1203 1510 1256 Υἱοῦ
1552 1203 1738 1256 αὑτοῦ
1761 1245 1775 1264 ,
1825 1201 2033 1266 πολλῷ

455 1285 696 1354 μᾶλλον
729 1287 1208 1358 καταλλαγέντες
1258 1291 1652 1359 σωθησόμεθα
1697 1291 1768 1343 ἐν
1815 1289 1890 1358 τῇ
1919 1289 2033 1356 ζωῇ

459 1373 686 1437 αὐτοῦ,
715 1375 831 1428 Οὐκ
873 1373 967 1427 ἑπὶ
1006 1375 1183 1444 τούτῳ
1217 1376 1450 1446 μάλιστα
1482 1378 1576 1430 καὶ
1614 1377 1776 1440 αὐτὸς
1822 1379 2030 1432 καλλω-

461 1460 700 1526 πίζεται,
737 1463 832 1514 καὶ
863 1463 1005 1531 μέγα
1031 1465 1236 1532 φρονεῖ,
1273 1467 1366 1514 καὶ
1391 1464 1606 1532 σκιρτᾷ,
1637 1463 1729 1515 καὶ
1758 1463 2032 1516 πέτατγιι

463 1547 569 1599 ὑπὸ
597 1548 695 1617 τῆς
737 1549 950 1618 ἡδονῆς,
983 1549 1247 1611 Γαλάταις
1284 1549 1510 1620 γράφων
1545 1548 1736 1613 οὕτως,
1772 1548 1934 1616 Ἐμοὶ
1965 1547 2035 1602 δὲ

461 1635 544 1700 μὴ
577 1635 807 1702 γένοιτο
841 1636 1198 1704 καυχᾶσθαι,
1227 1639 1280 1690 εί
1300 1636 1386 1705 μὴ
1421 1637 1490 1688 ἐν
1529 1635 1607 1702 τῷ
1643 1635 1884 1702 σταυρῷ
1928 1636 2033 1689 τοῦ

462 1723 682 1790 Κυρίου
709 1721 880 1791 ἡμῶν
929 1723 1124 1790 Ἰησοῦ
1157 1724 1450 1790 Χριστοῦ;
1483 1725 1589 1776 Καὶ
1617 1722 1670 1776 τί
1711 1723 2031 1793 θαυμάζεις,

461 1811 511 1861 εἰ
542 1810 752 1873 Παῦλος
783 1811 876 1864 ἐπὶ
906 1811 1080 1880 τούτῳ
1131 1813 1328 1882 σκιρτᾷ
1365 1812 1461 1864 καὶ
1513 1812 1656 1882 πηδᾷ
1689 1813 1782 1865 καὶ
1820 1811 2034 1863 καλλω-

462 1895 716 1961 πίζεταις
771 1898 942 1961 Αὐτὸς
982 1901 1011 1950 ό
1038 1898 1210 1951 ταῦτα
1244 1897 1452 1960 παθὼν,
1493 1899 1651 1965 δόξαν
1690 1899 1752 1950 τὸ
1798 1899 2034 1967 πρᾶγμα

464 1983 636 2038 καλεῖ.
666 1985 857 2052 Πάτερ
886 1986 1015 2056 γὰρ,
1052 1989 1235 2056 φησὶν,
1263 1986 1566 2052 ἐλήλυθεν
1603 1989 1643 2053 ἡ
1687 1985 1828 2054 ὥρα,
1858 1987 2036 2050 δόξα-

460 2072 577 2124 σόν
605 2088 721 2125 σου
755 2073 863 2125 τὸν
889 2075 1041 2127 Υἰόν.
1071 2075 1178 2127 Καὶ
1205 2077 1233 2128 ὁ
1268 2074 1511 2145 μαθητὴς
1540 2073 1596 2126 δὲ
1623 2075 1652 2124 ό
1688 2073 1862 2126 ταῦτα
1896 2073 2033 2143 γρά-

458 2156 565 2224 ψας
587 2159 759 2223 οὕτως
788 2160 973 2232 ἑλεγεν
995 2179 1008 2191 ·
1030 2163 1204 2216 Οὔπω
1225 2165 1334 2232 γὰρ
1361 2160 1440 2232 ἦν
1463 2163 1534 2216 ἐν
1560 2162 1763 2228 αὐτοῖς
1794 2163 2035 2230 Πνεῦμα

457 2245 650 2314 ἅγιον,
685 2248 776 2302 ὅτι
809 2249 1047 2317 Ἰησοῦς
1070 2251 1302 2304 οὐδέπω
1324 2251 1648 2319 ἐδοξάσθη,
1670 2251 1828 2316 δόξαν
1853 2251 2034 2304 καλῶν

459 2335 550 2386 τὴν
578 2334 832 2405 σταυρόν.
862 2337 993 2390 Ὅτε
1015 2336 1073 2390 δὲ
1102 2338 1268 2391 αὑτοῦ
1299 2339 1398 2409 τὴν
1432 2339 1652 2406 ἀγάπην
1686 2338 2035 2408 παραστῆσαι

459 2421 762 2492 ἐϐουλήθη,
809 2425 904 2478 καὶ
943 2425 1105 2489 αὐτὸς
1153 2427 1208 2479 τί
1253 2421 1404 2493 εἷπε;
1463 2427 1701 2497 σημεῖα,
1745 2426 2034 2496 θαύματα,

459 2507 719 2578 τεράστιά
737 2525 856 2562 τινα
879 2528 894 2576 ;
922 2511 1206 2583 Οὐδαμῶς,
1235 2513 1371 2566 ἀλλά
1389 2513 1478 2566 τὸν
1508 2513 1739 2584 σταυρὸν
1764 2515 1842 2577 εἰς
1875 2513 2036 2581 μέσον

460 2594 640 2665 φέρει,
677 2596 882 2664 λέγων·
921 2598 1118 2666 Οὕτως
1165 2599 1485 2668 ἠγάπησεν
1513 2605 1545 2655 ό
1596 2601 1740 2666 Θεὸς
1789 2601 1897 2655 τόν
1933 2601 2035 2656 κό-

458 2699 639 2751 σμον,
667 2683 756 2737 ὅτι
787 2684 896 2740 τὸν
937 2686 1074 2739 Υὶὸν
1106 2687 1292 2741 αὐτοῦ
1331 2689 1438 2740 τὸν
1462 2687 1761 2758 μονογενῆ
1790 2689 2032 2756 ἔδωκεν,

459 2769 561 2822 ἵνα
599 2769 717 2836 πᾶς
764 2774 798 2825 ό
839 2773 1142 2827 πιστεύων
1182 2775 1276 2826 ἐπ’
1329 2777 1548 2839 αὐτὸν,
1595 2775 1681 2846 μὴ
1715 2777 2033 2846 ἀπόληται,

458 2856 597 2912 ἀλλ’
625 2859 734 2926 ἔχη
763 2857 916 2927 ζωὴν
947 2861 1208 2916 αἰώνιον.
1233 2864 1342 2917 Καὶ
1373 2863 1583 2926 Παῦλος
1614 2865 1776 2918 πάλιν
1795 2883 1808 2896 ·
1841 2865 1942 2932 Ὅς
1967 2883 2034 2934 γε

459 2945 566 3012 τοῦ
607 2945 761 3000 ἰδίου
817 2947 953 3000 Υίοῦ
1005 2953 1116 3004 οὐκ
1149 2951 1465 3018 ἐφείσατο,
1507 2952 1642 3006 ἀλλ’
1683 2952 1834 3020 ὑπὲρ
1867 2954 2036 3021 ἡμῶν

458 3031 702 3087 πάντων
749 3035 1090 3102 παρέδωκεν
1137 3037 1345 3100 αὐτὸν,
1393 3038 1520 3103 πῶς
1575 3039 1710 3108 οὐχὶ
1767 3040 1865 3094 καὶ
1913 3040 2035 3093 σὺν

457 3118 618 3184 αὐτῷ
649 3121 722 3174 τὰ
749 3122 946 3174 πάντα
978 3123 1124 3192 ἡμῖν
1149 3128 1493 3194 χαρίσεται;
1533 3127 1643 3178 Καὶ
1670 3129 1750 3190 εἰς
1777 3144 2035 3180 ταπεινο-

461 3205 736 3278 φροσύνην
771 3208 826 3260 δὲ
847 3209 977 3262 ὅταν
999 3211 1192 3280 ἐνάγῃ,
1226 3211 1477 3264 ἑντεῦθεν
1504 3211 1903 3277 κατασκευάζει
1936 3199 2036 3282 τὴν

461 3293 818 3361 παραίνεσιν,
853 3293 998 3348 οὕτω
1045 3296 1252 3363 λέγων’
1299 3298 1374 3351 Εἴ
1418 3315 1508 3364 τις
1547 3315 1652 3365 ,καί
1669 3298 1927 3366 άκλησις
1965 3301 2036 3352 ἐν

460 3379 712 3446 Χριστῷ,
741 3381 798 3434 εἴ
819 3398 874 3434 τι
901 3384 1275 3450 παραμύθιον
1297 3383 1554 3453 ἀγάπης,
1575 3386 1631 3438 εἴ
1654 3403 1742 3450 τις
1759 3387 2037 3438 κοινωνία

461 3467 830 3534 Πιεεύματος,
849 3469 904 3520 ετ
931 3485 1062 3522 τινα
1085 3469 1410 3540 σπλάγχνα
1431 3473 1524 3526 καὶ
1549 3472 1852 3542 οἰκτιρμοί,
1886 3477 2036 3542 πλη-

457 3551 692 3631 ιῴσατέ
735 3572 854 3622 μου
885 3554 1000 3622 τὴν
1042 3556 1256 3624 χαρὰν,
1291 3557 1391 3609 ἵνα
1442 3559 1507 3611 τὸ
1553 3558 1700 3610 αὐτὸ
1751 3558 2034 3628 φρονῆτε,

461 3640 578 3708 τὴν
600 3641 797 3712 αὐτὴν
823 3643 1064 3712 ἀγάπην
1083 3643 1329 3712 ἔχοντες
1353 3647 1684 3715 σύμψ-υχοι,
1719 3647 1782 3700 τὸ
1811 3646 1880 3699 ἓν
1903 3665 2039 3716 φρο-

462 3727 732 3796 νοῦντες,
753 3731 946 3799 μηδὲν
969 3731 1094 3784 κατ’
1123 3733 1382 3800 έρίθειαν
1408 3734 1444 3802 ἢ
1474 3735 1848 3801 κενοδοξίαν,
1875 3735 2038 3790 ἀλλὰ

461 3816 536 3886 τῇ
558 3820 1076 3889 ταπεινοφροσύνῃ
1093 3820 1404 3890 ἀλλήλους
1420 3839 1573 3890 προη
1581 3827 1854 3892 γούμενοι
1871 3826 2038 3894 ὑπερ-

459 3904 716 3974 έχοντας
734 3905 985 3960 ἑαυτῶν.
1002 3903 1132 3962 Εἶτα
1153 3909 1388 3976 εἰσάγων
1403 3909 1502 3980 τὴν
1525 3927 1586 3962 συ
1594 3911 1853 3982 μόουλὴν,
1875 3913 2034 3984 φησί·

468 3993 648 4046 Τοῦτο
690 3993 799 4062 γὰρ
843 3996 1175 4062 φρονείσθω
1201 3995 1272 4048 ἐν
1308 3995 1470 4064 ὑμῖν,
1511 3995 1542 4049 ὃ
1575 3997 1673 4050 καὶ
1708 3997 1778 4050 ἐν
1803 3996 2038 4066 Χριστῷ

475 4079 701 4146 Ἰησοῦ,
726 4079 790 4146 ὃς
807 4079 876 4132 ἐν
889 4080 1093 4150 μορφῇ
1111 4082 1258 4136 Θεοῦ
1277 4082 1580 4152 ὑπάρχων,
1597 4087 1667 4137 οὐ
1671 4103 1708 4153 χ
1725 4085 2040 4154 ἁρπαγμόν

465 4167 736 4238 ’ἡγήσατο
766 4169 833 4220 τὸ
858 4164 1012 4221 εἶναι
1038 4171 1143 4222 ἴσα
1171 4167 1312 4234 Θεῷ,
1339 4171 1474 4224 ἀλλ’
1501 4172 1718 4226 ἑαυτὸν
1752 4173 2035 4238 ἐκένωσε,

460 4253 706 4330 μορφὴν
741 4253 965 4308 δούλου
1010 4255 1230 4320 λαϐὼν,
1273 4257 1344 4309 ἐν
1382 4257 1694 4327 ὁμοιώματι
1723 4259 2038 4328 ἀνθρώπου

467 4342 804 4412 γενόμενος,
826 4343 924 4396 καὶ
943 4345 1014 4397 ἐν
1034 4343 1295 4414 σχήματι
1314 4347 1576 4412 εὑρεθεὶς
1591 4351 1672 4412 ὡς
1693 4341 2001 4416 ἄνθρωπος
2020 4367 2032 4379 ·

463 4423 869 4484 ἐταπείνωσεν
907 4430 1157 4496 ἑαυτὸν,
1212 4433 1532 4502 γενόμενος
1559 4435 1829 4502 ὑπήκοος
1860 4435 2039 4504 μέχρι

464 4520 748 4585 θανάτου,
778 4519 1038 4574 θανάτου
1069 4521 1138 4574 δὲ
1181 4522 1469 4590 σταυροῦ.
1509 4523 1618 4576 Καὶ
1653 4525 1778 4594 περὶ
1817 4525 2038 4594 ἀγάπης

460 4603 518 4656 δὲ
565 4605 729 4658 πάλιν
780 4605 1164 4677 συμϐουλεύων
1203 4606 1361 4658 τοῦτο
1413 4609 1487 4670 είς
1553 4608 1717 4676 μέσον
1771 4611 2034 4680 παράγει,

475 4686 786 4754 Ἀγαπιὶτε,
831 4689 1003 4758 λέγων
1023 4729 1036 4754 ,
1081 4688 1415 4756 ἀλλήλους,
1457 4691 1643 4756 καθὼς
1687 4692 1785 4746 καὶ
1832 4695 1865 4746 ό
1909 4695 2037 4760 Χριο

463 4769 611 4838 σζὸς
665 4773 985 4842 ἠγάπησεν
1034 4773 1188 4843 ημᾶς
1252 4775 1353 4828 καὶ
1410 4775 1630 4829 ἑαυτὸν
1695 4776 2038 4845 παρέδωκεν

465 4856 618 4924 ὑπὲρ
668 4859 836 4925 ἡμῶν
885 4863 1238 4930 προσφορὰν
1267 4864 1368 4916 καί
1415 4865 1633 4918 θυσίαν
1682 4865 1760 4930 τῷ
1803 4863 1924 4929 Θεῷ
1953 4867 2039 4930 εἰς

464 4943 671 5012 ὀσμὴν
697 4946 966 5012 εὐωδίας.
1003 4952 1112 5002 Καὶ
1149 4954 1416 5019 γυναῖκας
1448 4951 1738 5005 συνάπτων
1779 4953 2036 5022 ἀνδράσιν

465 5031 548 5093 τίς
575 5029 848 5098 ὁμόνοιαν,
871 5033 1012 5086 οὕτω
1054 5035 1202 5103 λέγει
1221 5053 1234 5066 ο
1263 5040 1327 5090 Ol
1365 5036 1602 5104 ἄνδρες,
1627 5039 1894 5108 ἀγαπᾶτε
1933 5039 2040 5106 τὰς

464 5113 750 5182 οιννιιῖκας
782 5113 1030 5180 ἑαυτῶν,
1053 5119 1246 5184 καθὼς
1275 5120 1374 5172 καὶ
1412 5124 1444 5174 ό
1471 5123 1723 5188 Χριστὸς
1759 5123 2042 5192 ἠγάπησε

463 5197 579 5265 τὴν
628 5199 1028 5267 Ἐκκλησίαν,
1090 5205 1188 5257 καὶ
1231 5204 1578 5272 παρέδωκεν
1625 5207 1845 5261 ἑαυτὸν
1888 5209 2040 5276 ὑπὲρ

461 5279 676 5350 αὐτῆς.
718 5283 828 5336 Καὶ
857 5283 1018 5348 αὐτὸς
1055 5283 1110 5338 δὲ
1138 5286 1350 5350 δεικνὺς
1378 5287 1494 5352 πῶς
1533 5289 1683 5360 αὐτῷ
1712 5289 1773 5342 τὸ
1808 5293 2040 5362 πρᾶγμα

464 5365 930 5436 περισπούδαστον
967 5362 1055 5437 ἦν,
1081 5369 1174 5420 καὶ
1217 5377 1332 5432 πῶς
1364 5369 1512 5444 [504]
1557 5373 1758 5444 σφόδρα
1793 5375 1902 5446 ἦρα
1943 5374 2038 5428 τοῦ

463 5451 692 5512 πάθους,
729 5449 818 5503 τὸν
864 5451 1078 5521 πρῶτον
1111 5451 1220 5503 τῶν
1265 5453 1610 5521 ἀποστόλων,
1655 5459 1756 5524 τὴν
1799 5460 2038 5529 κρηπῖδα

461 5535 559 5604 τῆς
598 5531 947 5604 Ἐκκλησίας,
981 5535 1073 5588 τὸν
1121 5540 1418 5604 κορυφαῖον
1457 5541 1553 5594 τοῦ
1589 5541 1752 5613 χοροῦ
1787 5543 1895 5594 τῶν
1939 5561 2040 5612 μα-

464 5616 666 5688 θητῶν,
697 5621 990 5676 καὶταῦτα
1023 5621 1084 5685 ἑξ
1131 5623 1357 5686 ἀγνοίας
1404 5627 1646 5692 εἰπόντα,
1685 5629 1882 5696 Ἵλεώς
1916 5647 2038 5697 σοι,

469 5703 663 5770 Κύριε,
683 5709 755 5759 οὐ
779 5707 865 5776 μὴ
885 5707 1053 5760 ἔσται
1071 5723 1170 5762 σοι
1200 5705 1394 5776 τοῦτο,
1427 5711 1655 5765 ἄκουσον
1674 5715 1724 5766 τί
1746 5714 2002 5768 ἐκάλεσεν
2024 5735 2035 5748 ’

524 5802 546 5828 ⁸
577 5806 610 5855 Α
621 5803 674 5852 Eii
695 5805 898 5855 πέτεται.

1126 386 1183 439 S.
1219 385 1503 442 .IOANNIS
1539 385 2026 442 CIIIKYSOSTOMI
2059 387 2384 448 ARCHIEP.
2427 393 2973 456 CONSTANTINOP.

3602 408 3700 459 ΜΒ

2142 511 2358 580 Ὕπαγε
2380 514 2574 566 ὀπίσω
2590 533 2730 583 μου,
2757 514 3014 580 Σατανᾶ,
3037 517 3388 571 σκάνδαλόν
3403 535 3523 586 μοι.
3543 513 3621 572 εἷ·
3639 525 3703 592 τῇ

2137 602 2236 654 ὑπε
2245 603 2408 674 ρὸολῇ
2424 605 2522 675 τῆς
2537 605 2747 678 ὖϐρεώς
2768 625 2825 660 τε
2846 609 2942 662 καὶ
2957 609 3057 678 τῆς
3072 609 3449 680 ἐπιτιμήσεως
3471 610 3570 681 τὴν
3585 613 3706 663 πολ-

2137 692 2231 762 λὴν
2249 695 2376 764 περὶ
2391 695 2454 748 τὸ
2478 698 2709 766 πρᾶγμα
2727 699 2892 752 αὐτοῦ
2911 699 3152 770 σπουδὴν
3168 699 3706 770 ἐνδεικνύμενος-,Καὶ

2133 781 2232 852 τὴν
2264 784 2362 852 μὲν
2389 784 2685 840 ἀνάστασιν
2710 787 2891 860 λάθρα
2922 789 3014 842 καὶ
3039 791 3098 843 ἔν
3125 791 3467 862 παραϐύστῳ
3492 792 3708 860 πεποίη-

2137 890 2251 936 κεν,
2283 875 2593 946 ἑπιτρέπων
2619 879 2790 948 αὐτῆς
2821 881 2918 950 τὴν
2956 880 3229 946 ἀπόδειξιν
3260 882 3338 952 τῷ
3377 882 3520 952 μετά
3541 881 3708 936 ταῦτα

2134 966 2312 1036 χρόνῳ
2344 970 2540 1022 παντί·
2573 970 2664 1024 τὸν
2697 972 2756 1024 δὲ
2804 972 3037 1040 σταυρὸν
3076 974 3136 1026 ἑν
3181 973 3322 1045 μέσῃ
3352 976 3420 1043 τῇ
3455 972 3626 1032 πόλει,
3654 975 3708 1024 ἑν

2141 1055 2282 1128 μέσῃ
2334 1061 2400 1128 τῇ
2445 1060 2629 1130 ἑορτῇ,
2661 1062 2717 1113 ὲν
2771 1063 2923 1132 μέσῳ
2970 1061 3048 1130 τῷ
3075 1062 3231 1132 δήμῳ
3273 1061 3383 1114 τῶν
3421 1060 3708 1125 Ἰουδαίων,

2135 1145 2412 1216 ἑκατέρων
2438 1147 2547 1200 τῶν
2571 1149 2936 1220 δικαστηρίων
2967 1150 3272 1220 παρόντων,
3297 1149 3624 1218 ⁹Ρωμαῖ.-ὦν
3651 1165 3708 1202 τε

2135 1236 2232 1290 κοιλ⁸
2270 1238 2613 1302 Ἰουδαϊκῶν,
2648 1239 2751 1308 τῆς
2790 1241 2981 1310 ἑορτῆς
3017 1241 3222 1303 πάντας
3259 1239 3622 1309 συναγούσης,
3656 1243 3711 1292 ἐν

2133 1328 2316 1399 ἡμέρα
2343 1329 2505 1401 μέσῃ,
2537 1333 2595 1382 ἑν
2629 1331 2794 1400 κοινῷ
2821 1332 2923 1401 τῆς
2963 1332 3290 1401 οἰκουμένης
3329 1330 3551 1400 θεάτρῳ
3585 1330 3709 1383 ὑπέ-

2139 1435 2310 1488 μεινε.
2341 1421 2453 1473 Καὶ
2475 1420 2662 1490 ἐπειδὴ
2684 1423 2734 1474 οἱ
2775 1422 3044 1492 παρόντες
3077 1422 3237 1491 μόνον
3266 1422 3456 1492 ἑώρων
3487 1421 3550 1472 τὸ
3579 1420 3711 1488 γινό-

2139 1525 2321 1577 μενον,
2359 1509 2590 1574 ἐπέταξε
2631 1511 2711 1581 τῷ
2744 1512 2878 1581 ἡλίῳ
2910 1511 3166 1582 κρυϐέντι
3201 1511 3483 1582 πανταχοῦ
3514 1511 3611 1580 τῆς
3637 1511 3710 1562 οί-

2137 1599 2408 1670 κουμένης
2456 1601 2785 1669 ἀπαγγεῖλαι
2825 1603 2885 1654 τὸ
2918 1603 3193 1672 τόλμημα.
3240 1603 3440 1655 Καίτοι
3479 1601 3708 1664 πολλοῖς,

2133 1691 2272 1762 ὅπερ
2310 1691 2480 1762 ἔφθην
2507 1694 2708 1759 εἰπὼν,
2745 1695 3040 1748 σκάνδαλον
3088 1693 3151 1746 τὺ
3195 1695 3432 1764 πρᾶγμα
3466 1693 3705 1760 ἑγίνετο·

2135 1779 2250 1832 ἀλλ’
2285 1781 2346 1832 ού
2367 1781 2448 1833 δεῖ
2466 1782 2683 1846 τούτοις
2715 1783 3024 1854 προσέχειν,
3061 1782 3196 1836 ἀλλά
3223 1785 3334 1845 τοῖς
3365 1780 3707 1852 σωζομένοις.

2134 1871 2246 1932 τοῖς
2285 1870 2696 1940 κατωρθωκόσι.
2728 1872 2838 1924 Καὶ
2863 1871 2914 1923 τί
2938 1871 3264 1941 θαυμάζεις,
3295 1873 3342 1924 εἰ
3379 1872 3441 1922 ὲν
3467 1871 3548 1941 τῷ
3581 1887 3715 1942 παρ-

2133 1959 2247 2013 όντι
2273 1960 2373 2031 βίῳ
2401 1961 2544 2014 οὓτω
2562 1961 2811 2033 λαμπρὸς
2829 1963 2858 2014 ό
2881 1961 3113 2031 σταυρὸς
3153 1961 3228 2024 ὡς
3252 1962 3345 2013 καὶ
3370 1959 3532 2026 δόξαν
3555 1959 3708 2011 αὐτὸν

2137 2052 2420 2106 καλεῖσθαι
2451 2054 2685 2124 Χριστὸν
2709 2054 2760 2117 ι),
2797 2053 2891 2106 καὶ
2917 2054 3008 2106 τὸν
3042 2051 3256 2104 Παῦλον
3286 2053 3377 2104 ἐπ’
3413 2050 3562 2120 αὐτῷ
3585 2066 3708 2102 καυ-

2136 2141 2370 2210 χᾶσθαι;
2427 2143 2517 2196 Ἐν
2563 2142 2670 2213 γὰρ
2719 2143 2902 2214 ἐκείνῃ
2943 2144 3010 2213 τῇ
3054 2142 3262 2212 φοϐερᾷ
3304 2141 3405 2194 καὶ
3457 2139 3707 2212 φρικώδει

2137 2233 2343 2304 ἡμέρᾳ,
2372 2233 2500 2287 ὅταν
2527 2233 2654 2304 ἔλθῃ
2687 2234 2787 2302 τὴν
2823 2231 2980 2297 δόξαν
3006 2231 3421 2302 ἐνδεικνύμενος
3454 2231 3555 2300 τὴν
3586 2231 3706 2283 ἑαυ-

2137 2325 2250 2388 τοῦ,
2285 2325 2413 2378 ὅταν
2451 2324 2582 2396 ἔλθῃ
2615 2327 2672 2377 ἑν
2711 2327 2776 2396 τῇ
2823 2325 2948 2396 δόξῃ
2981 2323 3075 2378 τοῦ
3106 2323 3320 2394 Πατρδς
3363 2321 3554 2386 αὑτοῦ,
3587 2321 3706 2375 ὅταν

2137 2417 2198 2469 τὸ
2229 2417 2459 2488 φοϐερὸν
2505 2419 2654 2488 ποιρῇ
2697 2417 3002 2488 κριτήριον,
3036 2417 3164 2470 ὃταν
3204 2417 3358 2468 πᾶσα
3407 2416 3444 2486 ἡ
3478 2413 3587 2466 τῶν
3623 2413 3708 2466 ἀν-

2139 2507 2374 2578 θρώπων
2413 2508 2742 2578 παραστήκῃ
2771 2508 2953 2576 φύσις,
2986 2507 3114 2559 ὅταν
3140 2505 3381 2576 ποταμοὶ
3413 2503 3698 2575 καχλάζον-

2135 2617 2262 2664 τες,
2315 2601 2444 2653 ὅταν
2491 2600 2737 2668 ἀγγέλων
2779 2599 2938 2669 δῆμοι
2983 2598 3077 2650 καὶ
3130 2598 3238 2650 τῶν
3283 2599 3400 2652 ἀνω
3437 2597 3705 2666 δυνάμεων

2136 2692 2331 2762 ἀθρόον
2361 2693 2657 2762 ἑκχέωνται
2677 2691 2828 2744 κάτω
2858 2691 2978 2760 μετ’
3003 2690 3190 2752 αὑτοῦ,
3219 2690 3350 2742 ὅταν
3387 2687 3613 2760 βραδεῖα
3637 2685 3701 2737 τά

2140 2783 2311 2854 μυρία
2343 2786 2546 2847 ἐκεῖνα,
2575 2784 2702 2836 ὅταν
2725 2783 2774 2836 οί
2818 2782 2916 2852 μὲν
2942 2782 3016 2845 ὼς
3046 2781 3197 2852 ἥλιος
3226 2781 3548 2850 λάμπωσιν,
3577 2777 3624 2829 οι
3653 2775 3704 2828 δὲ

2136 2877 2212 2938 ὡς
2233 2876 2481 2946 ἀστέρες,
2511 2876 2637 2929 ὅταν
2661 2874 2964 2946 συμμορίαι
2993 2871 3306 2944 μαρτύρων,
3333 2871 3468 2925 ὅταν
3488 2868 3705 2922 ἀποστό-

2136 2965 2243 3018 λων
2273 2967 2445 3036 χοροὶ.
2479 2967 2608 3018 ὅταν
2649 2965 2946 3036 προφητῶν
2988 2965 3261 3034 τάγματα,
3291 2963 3425 3016 ὃταν
3458 2959 3706 3028 γενναίων

2135 3057 2346 3126 ἀνδρῶν
2379 3057 2626 3126 σύλλογοι
2655 3058 2854 3120 πάντες
2885 3057 2966 3120 εἰς
2998 3056 3161 3126 μέσον
3189 3055 3455 3123 ἄγωνται,
3481 3053 3599 3104 τότε
3625 3050 3702 3118 δὴ,

2134 3149 2256 3201 τότε
2283 3149 2341 3200 ἑν
2375 3148 2558 3218 ἑκείνῃ
2592 3151 2659 3220 τῇ
2689 3148 3055 3220 λαμπρότητι,
3077 3148 3135 3198 ἑν
3157 3145 3343 3217 ἑκείνῃ
3375 3147 3442 3214 τῇ
3485 3157 3703 3210 περιφα-

2137 3239 2295 3308 νείᾳ,
2339 3238 2502 3292 αὑτὸν
2551 3238 2768 3310 ἑρχεται
2817 3239 2999 3308 φέρων
3049 3236 3311 3308 λαμπρὰς
3351 3234 3584 3304 ἀφιέντα
3615 3229 3702 3290 τάς

2137 3331 2380 3393 ἀκτῖνας.
2425 3331 2563 3384 Τότε
2594 3329 2725 3400 γὰρ,
2766 3331 2930 3398 φησὶ,
2969 3327 3306 3397 φανήσεται
3350 3327 3421 3379 τὸ
3469 3320 3705 3390 σημεῖον

2135 3421 2242 3474 τοῦ
2294 3420 2429 3474 Υίοῦ
2481 3419 2587 3474 τοῦ
2638 3420 2951 3488 ἀνθρώπου
2988 3421 3058 3472 ἐν
3099 3417 3182 3483 τῷ
3226 3415 3497 3484 οὐρανῷ,
3547 3409 3638 3466 καὶ
3673 3411 3704 3461 ὁ

2138 3513 2312 3578 ἣλιος
2339 3511 2826 3578 σκοτισθήσεται,
2859 3511 2956 3564 καὶ
2987 3510 3026 3576 η
3060 3509 3295 3576 σελήνη
3332 3509 3408 3562 οὐ
3445 3505 3616 3559 δώσει
3643 3499 3703 3552 τὸ

2137 3601 2356 3670 φέγγος
2387 3600 2595 3668 αὐτῆς,
2626 3601 2690 3654 τὸ
2725 3600 2793 3653 δὲ
2823 3599 3076 3667 σημεῖον
3095 3598 3200 3653 τοῦ
3224 3593 3496 3664 σταιψοῦ
3529 3587 3704 3661 φανή·

2137 3706 2326 3745 σεται.
2354 3692 2416 3742 Ὤ
2444 3689 2648 3753 πάθους
2675 3689 3022 3760 λαμπρότης,
3045 3687 3090 3740 ὢ
3122 3685 3360 3758 σταυροῦ
3388 3682 3669 3755 φαιδρότης
3687 3692 3700 3706 ⁸

2137 3782 2288 3852 ἥλιος
2319 3780 2646 3844 σκοτίζεται,
2684 3779 2780 3834 καὶ
2816 3781 2994 3850 ἄστρα
3018 3779 3212 3832 πίπτει.
3240 3777 3434 3847 ὥσπερ
3465 3773 3646 3843 φύλλα,
3677 3769 3704 3819 ὁ

2137 3873 2194 3926 δὲ
2227 3873 2460 3944 σταυρὸς
2505 3873 2725 3925 πάντων
2766 3871 2992 3925 ἐκείνων
3041 3868 3334 3939 φανότερον
3387 3863 3698 3933 διαλάμπειν

2138 3960 2258 4014 ὅλον
2290 3960 2535 4030 κατέχων
2575 3959 2666 4012 τὸν
2697 3959 2948 4030 οὐρανόν.
3004 3956 3168 4028 Ὁρᾷς
3207 3955 3324 4017 πῶς
3376 3945 3701 4021 ἐγκαλλωπί-

2138 4046 2292 4111 ζεται
2315 4047 2489 4116 τούτῳ
2516 4047 2544 4100 ό
2578 4045 2896 4114 Δεσπότης;
2933 4043 3050 4106 πῶς
3083 4041 3242 4106 δόξαν
3277 4039 3446 4093 αὐτοῦ
3484 4037 3544 4090 τὸ
3577 4031 3702 4104 πρᾶο

2141 4150 2259 4204 γμα
2285 4134 2344 4188 ὃν
2374 4134 2687 4202 ἀποφαίνει,
2725 4135 2853 4186 όταν
2886 4133 2942 4184 ἑν
2985 4130 3170 4204 ἐκείνῃ
3197 4129 3421 4202 δεικνύῃ
3450 4125 3604 4180 αὐτόν
3639 4121 3698 4189 τῇ

2139 4223 2322 4292 ἡμέρᾳ
2338 4223 2404 4290 τῇ
2423 4221 2714 4293 οἰκουμένῃ
2731 4220 2880 4292 πάσῃ
2901 4217 3040 4289 μετὰ
3054 4216 3319 4287 τοσαύτης
3339 4210 3697 4284 λαμπηδόνοςς

2211 4311 2351 4378 Κεφ.
2388 4306 2478 4376 ιη’.
2515 4307 2624 4360 Καὶ
2669 4307 2733 4358 σὺ
2756 4306 2955 4370 τοίνυν,
2985 4305 3114 4358 ὅταν
3148 4305 3262 4376 ῐδῃς
3297 4303 3450 4364 τινάς
3483 4297 3585 4352 ἀπὸ
3604 4293 3700 4378 τών

2141 4377 2460 4465 συμϐάντων
2479 4391 3014 4462 σκανδαλιζομένους,
3035 4390 3244 4460 πρῶτον
3269 4389 3367 4460 μὲν
3384 4389 3556 4441 ἐκεῖνο
3573 4377 3700 4446 λογί-

2139 4483 2255 4547 ζου,
2287 4482 2366 4534 ὅτι
2397 4482 2499 4534 οὐκ
2526 4478 2921 4544 ἑντεῦθεν,ἀλλ’
2953 4477 3061 4531 ἀπὸ
3080 4476 3179 4546 τῆς
3211 4477 3420 4538 οἰκείας
3440 4465 3700 4527 ἀσθενείας

2137 4555 2206 4622 τά
2227 4569 2498 4624 σκάνδαλα
2513 4584 2526 4599 '
2543 4569 2636 4622 καὶ
2649 4551 2905 4638 δηλοῦσιν
2916 4569 2964 4620 of.
2980 4564 3135 4620 τοῦτο
3159 4564 3232 4636 μὴ
3251 4557 3700 4622 παθόντες.Ἕπει·

2138 4671 2207 4712 τα
2242 4658 2456 4717 σκόπει,
2478 4659 2559 4710 ὅτι
2592 4655 2775 4709 πολλοὶ
2799 4655 2892 4708 καὶ
2928 4653 3230 4724 διέλαμψαν
3263 4650 3512 4704 ἐντεῦθεν
3538 4639 3698 4716 μειζό·

2139 4763 2264 4810 νως,
2277 4745 2368 4798 τόν
2383 4743 2515 4798 Θεὸν
2533 4742 2843 4808 δοξάζοντες
2858 4743 2953 4795 καὶ
2980 4741 3118 4812 μετά
3141 4742 3320 4808 πάσης
3342 4727 3700 4807 εὐχαριστοῦν-

2137 4851 2230 4896 τες
2265 4832 2498 4902 σπουδῆς
2534 4830 2680 4901 αὺτῷ
2719 4831 2814 4883 καὶ
2860 4831 2954 4882 ἐπὶ
2983 4829 3211 4892 τούτοις.
3247 4827 3456 4880 Οὐκοῦν
3489 4821 3560 4893 μὴ
3588 4818 3696 4902 τοὺς

2141 4901 2530 4989 σαλευομένους
2558 4919 2680 4986 δρα,
2695 4916 2830 4970 ἀλλά
2857 4917 3088 4977 καὶτοὺς
3115 4913 3328 4984 παγίως
3346 4911 3596 4970 ἑστῶτας,
3616 4901 3698 4956 καὶ

2141 5008 2430 5077 ἀκινήτους
2457 5051 2463 5056 -
2486 5005 2766 5075 μένοντας,
2802 5005 2896 5056 καὶ
2943 5003 3113 5074 ταύτῃ
3151 5000 3527 5072 ἰσχυροτέρους
3568 5005 3695 5061 γινο-

2147 5099 2375 5170 μένουςσ
2409 5095 2565 5168 [305]
2593 5095 2668 5166 μὴ
2691 5096 2818 5157 τοὺς
2839 5093 3069 5164 θορύϐου
3079 5092 3293 5161 μένους,
3313 5089 3449 5144 ἀλλά
3475 5085 3564 5140 καὶ
3586 5079 3695 5172 rei);

2142 5185 2202 5248 ἐξ
2240 5184 2438 5255 ούρίων
2465 5183 2748 5245 πλέοντας,
2785 5181 2878 5234 καὶ
2929 5179 3108 5249 πολλῷ
3154 5177 3372 5240 πλείους
3410 5176 3560 5233 ὄντας
3598 5181 3692 5255 τίον

2143 5253 2589 5344 παρασυρέντων.
2633 5271 2696 5322 El
2743 5268 2801 5320 δὲ
2841 5268 3059 5330 πλείους
3107 5263 3246 5338 ἦσαν
3285 5267 3498 5323 ἐκεῖνοι,
3528 5253 3690 5352 κρείξ·

2142 5381 2250 5416 των
2280 5357 2362 5425 εἷς
2403 5361 2576 5414 ’ποιῶν
2614 5357 2678 5412 τὸ
2715 5356 2929 5426 θέλημα
2973 5355 3202 5426 Κυρίου,
3239 5354 3272 5425 ἢ
3315 5352 3491 5424 μύριοι
3533 5355 3690 5411 παρα·

2142 5469 2318 5522 νομοι.

2217 5520 2346 5609 Κεφ.
2381 5539 2466 5594 ιθν.
2529 5539 2812 5607 Ἐννόησον
2857 5537 2971 5590 ὅσοι
3015 5535 3110 5590 καὶ
3168 5531 3462 5606 μαρτυρίου
3508 5520 3684 5609 στέφῆ-

2143 5646 2234 5682 νον
2256 5603 2598 5696 ἀνεδήσαντο.
2631 5603 2821 5694 Οίμὲν
2852 5623 2962 5694 γὰρ
2992 5603 3462 5706 ἐμαστιγώθησαν,
3487 5613 3531 5665 oi
3552 5609 3601 5706 δὲ

2143 5715 2517 5784 δεσμωτήριον
2540 5712 2924 5784 ἐνεδλήθησαν,
2945 5711 2994 5762 οἱ
3017 5697 3072 5762 δῖἑ
3095 5707 3314 5772 ἁλύσεις
3332 5707 3405 5769 ὡς
3425 5697 3692 5766 κακοῦργηι

2195 5813 2233 5867 ,ι
2261 5815 2460 5877 Χριστόν
2481 5814 2622 5861 ἀθεεὶ
2645 5815 2693 5860 in
2715 5811 3001 5873 quibusdam
3025 5821 3141 5856 mss.
