4002 6386
266 359 362 416 ΗΠ

264 471 425 527 mus?
452 478 508 527 ct
536 471 796 526 omittens
836 468 1024 525 cazlum
1043 511 1057 536 ,
1095 478 1292 523 terram
1314 511 1327 534 ,
1360 484 1537 532 mare,
1570 484 1633 522 ac
1661 477 1854 522 cmtera

266 567 441 617 ranula
462 575 916 626 commemorare,
942 575 1058 630 qua:
1090 560 1153 612 ad
1178 574 1331 612 usum
1365 568 1605 614 nostrum
1632 568 1685 613 ct
1712 559 1854 612 sola-

263 660 393 708 tium
418 654 663 710 condidit
688 652 953 717 Christus,
984 666 1183 721 susque
1213 651 1387 720 deque
1415 660 1593 705 versat
1618 664 1853 713 crucem,

260 750 443 799 dicens
493 761 509 798 :
560 740 945 797 Connuendavit
998 752 1167 795 autem
1217 743 1481 796 caritatem
1531 759 1674 795 suam
1719 740 1859 795 Deus

260 853 378 906 erga
425 852 561 900 nos,
604 834 845 904 quoniam
894 850 1006 887 cum
1054 834 1222 887 adhuc
1276 843 1561 903 peccatores
1602 849 1856 898 essemus,

260 926 491 981 Christus
520 942 612 993 pro
642 924 783 977 nobis
814 934 1042 977 mortuus
1072 934 1143 976 est
1176 923 1351 992 (Rom.
1382 924 1436 977 5.
1470 924 1525 977 8.
1557 922 1636 993 9);
1662 931 1717 976 et
1737 922 1860 976 inde

261 1034 358 1072 nos
390 1018 444 1071 in
472 1033 622 1086 spem
653 1017 908 1086 optimam
937 1017 1089 1086 erigit
1120 1016 1304 1069 dicens
1333 1034 1348 1071 :
1383 1016 1442 1069 Si
1463 1017 1594 1069 enim
1620 1034 1731 1069 cum
1758 1016 1860 1069 ini-

262 1109 378 1161 mici
407 1124 659 1174 essemus,
688 1106 1003 1160 reconciliati
1038 1123 1214 1159 sumus
1256 1106 1361 1161 Deo
1393 1124 1480 1176 per
1502 1118 1708 1159 mortem
1735 1106 1862 1160 Filii

260 1202 373 1270 ejus
399 1216 419 1252 :
448 1200 607 1252 multo
651 1199 812 1268 magis
839 1199 1154 1251 reconciliati
1182 1200 1309 1251 salvi
1336 1199 1521 1252 erimus
1558 1199 1612 1252 in
1650 1200 1751 1251 vita
1776 1202 1857 1267 ip-

264 1296 369 1345 sius
406 1290 596 1361 (Rom.
640 1291 693 1345 5.
730 1290 853 1360 10).
898 1289 1089 1344 Nonne
1130 1300 1183 1343 et
1224 1291 1337 1358 ipse
1384 1290 1482 1343 hac
1529 1305 1588 1343 re
1635 1290 1863 1343 maxime

264 1384 548 1453 gloriatur,
578 1391 633 1436 et
660 1384 757 1436 sibi
794 1383 999 1450 placet,
1028 1381 1260 1451 gaudet,
1291 1390 1342 1435 et
1367 1381 1598 1435 exsultant
1640 1397 1747 1449 prae
1777 1383 1862 1434 ni-

267 1477 373 1529 mia
406 1475 676 1543 voluptate
701 1516 715 1540 ,
747 1488 868 1528 cum
900 1474 967 1527 ad
995 1473 1213 1527 Galatas
1252 1473 1320 1526 ita
1363 1473 1576 1537 scribit,
1611 1473 1743 1525 Mihi
1771 1490 1866 1526 an-

268 1577 365 1619 tem
401 1566 531 1618 absit
563 1565 812 1635 gloriari,
858 1565 955 1617 nisi
998 1566 1052 1618 in
1100 1582 1247 1618 cruce
1290 1564 1497 1619 Domini
1536 1566 1696 1618 nostri
1740 1564 1864 1619 Jesu

268 1658 459 1711 Christi
487 1655 634 1726 (Gal.
665 1656 717 1710 6.
754 1657 856 1727 l4).
893 1655 1030 1724 Quid
1063 1671 1190 1711 vero
1220 1655 1431 1710 miraris
1451 1697 1465 1720 ,
1495 1657 1539 1709 si
1567 1655 1765 1709 Paulus
1792 1656 1861 1710 ob

268 1749 323 1802 id
355 1749 623 1812 exsultat,
656 1748 869 1811 exsilit,
903 1756 957 1802 cl
995 1748 1293 1818 gloriatur?
1340 1747 1431 1800 Ille
1476 1748 1591 1816 ipse
1631 1748 1719 1817 qui
1754 1749 1865 1802 lucc

273 1856 466 1909 passus
491 1849 591 1903 est,
624 1840 849 1909 gloriam
878 1856 991 1893 rem
1024 1840 1164 1893 illam
1196 1839 1447 1908 appellat.
1485 1839 1642 1894 Pater
1681 1842 1822 1896 enim
1846 1882 1863 1906 ,

270 1916 479 2002 inquit,
504 1931 634 1984 venit
657 1932 803 1998 hora,
828 1932 1061 2002 glori/ica
1083 1930 1276 1984 Filium
1303 1940 1443 1984 tuum
1469 1931 1648 2002 (Joau.
1673 1933 1760 1987 ‘17.
1786 1934 1863 2001 I).

275 2024 343 2076 Et
371 2023 670 2091 discipulus
699 2022 786 2092 qui
819 2023 916 2075 ista
948 2023 1163 2091 scripsit
1188 2022 1399 2077 dicebat
1425 2040 1439 2078 :
1467 2023 1710 2077 Nondum
1734 2026 1868 2078 erant

270 2125 381 2167 erat
404 2116 455 2168 in
482 2115 607 2185 ipsis
636 2113 859 2181 Spiritus
886 2124 1110 2180 sanctus,
1136 2116 1255 2183 quia
1277 2115 1428 2171 Jesus
1457 2117 1679 2170 nondum
1701 2118 1867 2187 fuerat

272 2206 592 2275 glori/Scalas
623 2203 799 2276 (Joan.
830 2205 882 2258 7.
909 2205 1023 2276 59),
1054 2205 1246 2274 quibus
1270 2207 1446 2261 verbis
1472 2207 1694 2277 gloriam
1742 2223 1867 2262 cru-

274 2314 396 2351 cem
428 2297 678 2366 appellat.
707 2296 838 2350 Cum
874 2312 1001 2351 vero
1029 2299 1306 2352 Caritatem
1331 2299 1502 2368 ipsius
1530 2300 1696 2354 νυιιιίι
1724 2301 1866 2355 desi-

274 2404 466 2457 gnare,
515 2387 639 2456 quid
686 2398 739 2441 et
788 2388 900 2456 ipse
943 2388 1112 2442 dixit?
1162 2406 1286 2442 num
1334 2390 1519 2459 signa,
1571 2391 1867 2458 miracula,

277 2479 521 2548 prodigia
551 2479 855 2548 qucepiam?
881 2478 1037 2532 Nullo
1076 2480 1234 2533 modo
1254 2524 1268 2546 ,
1303 2482 1395 2535 sed
1428 2497 1639 2536 crucem
1673 2484 1723 2537 in
1750 2500 1867 2538 me-

274 2570 427 2623 dium
471 2568 677 2638 profert
713 2568 939 2623 dicens:
975 2570 1063 2624 Sic
1102 2569 1242 2624 Deus
1280 2572 1457 2626 dilexit
1501 2574 1747 2628 mundum
1771 2618 1785 2641 ,
1815 2586 1870 2629 ut

276 2660 475 2714 Filium
502 2677 651 2715 suum
692 2661 1009 2732 unigenitum
1038 2661 1181 2715 daret
1206 2703 1220 2725 ,
1250 2673 1304 2716 ut
1335 2665 1497 2718 omnis
1520 2666 1607 2735 qui
1636 2667 1791 2719 credit
1818 2668 1871 2720 in

275 2772 425 2818 eum,
454 2771 555 2807 non
590 2762 789 2822 pereat,
817 2754 905 2807 sed
943 2753 1122 2807 habeat
1154 2755 1303 2814 vitam
1330 2767 1570 2811 retentam
1601 2758 1781 2828 (Joan.
1813 2761 1866 2815 5.

278 2846 393 2917 ιθ).
425 2844 493 2898 Et
524 2844 716 2899 Paulus
755 2845 943 2898 iterum
981 2864 994 2900 :
1026 2846 1124 2911 Qui
1153 2847 1362 2917 praprio
1392 2847 1531 2901 Filio
1559 2866 1657 2902 non
1687 2867 1870 2919 peper-

278 2941 365 3002 cit,
402 2937 494 2991 sed
520 2955 612 3008 pro
639 2937 780 2990 nobis
811 2938 1039 2992 omnibus
1070 2938 1277 2991 tradidit
1303 2940 1467 3006 illum,
1497 2942 1750 3011 quomodo
1771 2961 1873 2997 non

277 3031 434 3084 etiam
462 3045 578 3082 cum
603 3028 692 3081 illo
720 3028 888 3081 omnia
914 3029 1056 3082 nobis
1091 3029 1294 3082 donabit
1328 3029 1514 3101 (Rom.
1546 3033 1599 3087 8.
1632 3033 1699 3086 52
1720 3032 1783 3107 )1
1808 3037 1873 3090 Et

280 3135 405 3174 ctam
431 3120 501 3174 ad
542 3120 895 3174 humilitatem
930 3121 1151 3185 incitat,
1185 3121 1307 3177 hinc
1332 3123 1759 3181 adhortationem
1789 3128 1873 3181 in-

278 3212 454 3266 stituit
482 3213 533 3265 in
569 3213 682 3265 lucc
714 3213 879 3267 verba
911 3229 927 3267 :
968 3213 1028 3267 Si
1066 3230 1167 3285 qua
1198 3232 1314 3286 ergo
1339 3218 1616 3271 consolatio
1644 3220 1695 3273 in
1724 3220 1873 3273 Chri-

278 3314 380 3370 sto,
404 3305 448 3357 si
476 3303 613 3373 quod
642 3305 880 3357 solatium
904 3306 1150 3371 caritatis,
1173 3312 1217 3358 si
1244 3323 1343 3377 qua
1364 3309 1574 3362 societas
1610 3309 1835 3380 Spiritus
1854 3353 1869 3378 ,

278 3397 322 3463 si
352 3412 454 3464 qua
482 3396 673 3448 viscera
702 3412 761 3447 ac
785 3396 1130 3450 miserationes
1149 3438 1162 3462 ,
1186 3398 1390 3468 implete
1410 3399 1653 3469 gaudium
1675 3416 1869 3467 meum,

279 3499 334 3541 ut
362 3488 497 3540 idem
517 3488 749 3555 sapiatis,
773 3489 997 3541 eamdem
1019 3489 1278 3543 caritatem
1305 3489 1561 3556 habentes,
1585 3492 1870 3557 unanimes,

276 3580 506 3649 idipsum
530 3579 779 3647 sapientes
803 3619 818 3643 ,
848 3579 976 3631 nihil
1015 3595 1104 3648 per
1141 3580 1544 3648 contentionem,
1587 3597 1747 3652 neque
1786 3600 1875 3651 per

278 3671 485 3724 inanem
515 3669 726 3739 gloriam
753 3710 768 3735 ,
798 3668 887 3721 sed
911 3669 965 3723 in
994 3670 1279 3723 humilitate
1304 3664 1593 3740 superiores
1619 3672 1713 3724 sibi
1739 3672 1874 3725 invi-

281 3779 394 3827 cent
409 3762 705 3815 arbitrantes
732 3759 991 3832 (Philipp.
1016 3761 1071 3815 2.
1097 3764 1125 3818 1
1158 3792 1177 3802 -
1203 3763 1278 3832 5).
1311 3762 1445 3817 Tum
1467 3764 1751 3827 consilium
1776 3765 1874 3819 ad-

277 3854 513 3925 iungens
536 3854 611 3907 ait
639 3871 652 3908 :
683 3852 799 3907 Hoc
823 3854 956 3907 enim
979 3855 1155 3908 sentite
1172 3856 1226 3907 in
1251 3856 1407 3921 vobis,
1432 3857 1568 3924 quod
1593 3856 1646 3909 in
1676 3855 1875 3911 Christo

281 3944 414 4017 {esu
433 3983 452 4009 ,
478 3945 562 4013 qui
589 3960 703 3996 cum
730 3944 783 3997 in
807 3943 973 4014 forma
1002 3943 1099 3998 Dei
1138 3956 1265 4000 esset
1288 3987 1304 4013 ,
1347 3962 1447 3999 non
1478 3947 1714 4016 rapinam
1742 3947 1879 4001 arbi-

283 4044 452 4089 tratus
480 4045 551 4089 est
575 4052 681 4090 esse
702 4052 754 4090 se
778 4036 1021 4105 a’qualem
1040 4035 1170 4102 Deo,
1189 4040 1277 4090 sed
1302 4039 1622 4108 semetipsum
1645 4040 1877 4094 exinani-

283 4128 379 4192 eit,
410 4126 628 4196 formam
645 4128 776 4181 servi
808 4128 1060 4198 accipiens
1079 4171 1094 4195 ,
1123 4131 1176 4182 in
1203 4130 1584 4189 similitudinem
1616 4133 1878 4186 hominum

286 4222 455 4290 factus
476 4260 492 4284 ,
523 4228 569 4271 et
594 4219 769 4273 habitu
806 4221 1036 4275 inuentus
1063 4231 1117 4274 ut
1141 4221 1290 4275 homo
1318 4237 1336 4275 :
1367 4222 1650 4278 humiliavit
1676 4227 1878 4279 semeti-

286 4328 461 4380 psum,
483 4313 646 4380 factus
675 4311 908 4367 obediens
935 4330 1090 4382 usque
1115 4315 1182 4367 ad
1210 4324 1438 4381 mortem,
1472 4326 1681 4371 mortem
1712 4328 1879 4372 autem

284 4401 455 4454 crucis
501 4399 615 4472 (Ib.
647 4418 697 4455 υ.
751 4401 831 4457 5-
862 4401 953 4473 8).
1005 4403 1079 4458 De
1126 4405 1346 4460 caritate
1392 4421 1556 4475 porro
1598 4408 1878 4463 consilium

289 4492 431 4546 dans
454 4534 470 4557 ,
502 4492 603 4546 hoc
652 4493 705 4547 in
750 4494 982 4549 medium
1022 4496 1240 4551 adducit
1271 4513 1287 4550 :
1318 4495 1526 4568 Diligite
1553 4515 1638 4553 vos
1662 4510 1836 4568 mutuo
1861 4543 1877 4568 ,

287 4585 480 4652 inquit,
509 4585 634 4637 sicut
663 4583 889 4641 Christus
919 4587 1093 4642 dilexit
1120 4606 1232 4655 nos,
1255 4600 1302 4643 et
1327 4591 1534 4643 tradidit
1560 4594 1881 4663 semetipsum

286 4692 387 4744 pro
416 4675 557 4728 nobis
587 4675 889 4731 oblationem
913 4688 959 4732 et
985 4679 1202 4733 hostiam
1227 4678 1339 4734 Deo
1380 4681 1434 4734 in
1478 4681 1684 4736 odorem
1711 4685 1882 4737 suavi-

286 4765 410 4819 tatis
436 4764 658 4836 (Ep/tes.
688 4769 741 4823 5.
770 4767 806 4821 2
829 4767 871 4837 ).
899 4768 1033 4824 Cum
1068 4786 1196 4825 vero
1217 4781 1399 4825 mutua
1429 4772 1573 4828 viros
1595 4776 1878 4830 concordia

284 4872 415 4911 cum
447 4860 699 4915 uxoribus
729 4861 1003 4932 conjungit
1026 4903 1040 4926 ,
1076 4863 1144 4916 ita
1174 4862 1412 4935 loquitur
1438 4883 1467 4922 .:
1500 4864 1646 4933 Viri,
1688 4868 1884 4939 diligite

285 4964 477 5004 uetares
506 4959 694 5004 uestras
718 4993 734 5016 ,
763 4952 891 5005 sicut
930 4962 975 5006 et
1008 4952 1234 5007 Christus
1277 4956 1458 5012 dilexit.
1487 4957 1765 5013 Ecclesium
1788 5000 1803 5023 ,
1832 4970 1883 5014 et

287 5041 506 5121 tradidit
532 5043 755 5113 “ipsum
801 5061 892 5115 pro
927 5061 985 5098 ea
1011 5045 1191 5116 (Ibid.
1225 5064 1271 5102 υ.
1301 5049 1427 5119 25).
1461 5051 1631 5120 Atque
1656 5060 1711 5106 ut
1745 5052 1884 5107 indi-

286 5140 436 5188 caret
469 5131 585 5202 ipse
606 5148 767 5203 quam
798 5134 1037 5190 studiose
1063 5153 1174 5191 rem
1205 5138 1348 5193 illam
1376 5150 1684 5209 expeteret,
1711 5159 1880 5213 quan-

289 5238 450 5295 taque
474 5226 740 5296 passionis
763 5227 1052 5296 cupiditate
1081 5239 1369 5296 teneretur,
1401 5233 1629 5301 primum
1662 5246 1882 5304 aposto-

288 5318 508 5381 lorum,
558 5315 960 5373 fundamentum
1023 5318 1317 5387 Ecclesia},
1379 5324 1669 5394 principem
1713 5336 1886 5383 castus

284 5407 724 5480 discipulorum,
779 5407 940 5480 idque
996 5425 1116 5464 cum
1167 5428 1230 5467 ex
1283 5412 1579 5483 ignorantia
1634 5416 1885 5487 loquutus

283 5500 538 5565 dixisset,
572 5498 841 5571 Propitius
869 5500 958 5559 tibi
981 5513 1117 5567 esto,
1138 5502 1370 5571 Domine,
1404 5523 1503 5560 non
1530 5509 1623 5562 erit
1649 5510 1737 5563 tibi
1766 5510 1881 5579 hoc,

278 5593 403 5648 audi
432 5592 564 5665 quid
590 5591 799 5661 vocarit
822 5609 837 5647 :
870 5590 1147 5664 Vadepost
1172 5613 1251 5649 me
1284 5606 1490 5666 satana,
1513 5602 1808 5655 scandalum
1834 5620 1887 5658 es

274 5685 403 5739 mihi
422 5684 457 5761 (
484 5683 679 5740 Matth.
714 5684 801 5740 ‘16.
828 5683 919 5739 22.
946 5685 1054 5759 23)
1085 5704 1098 5740 :
1132 5703 1234 5757 qua
1264 5691 1604 5745 contumeliae
1626 5704 1679 5748 et
1708 5694 1884 5749 incre-

268 5780 513 5853 pationis
534 5779 847 5850 asperitate,
869 5788 1069 5849 quanto
1088 5780 1263 5836 studio
1281 5797 1391 5836 rem
1419 5783 1564 5838 illam
1581 5800 1643 5839 ex
1652 5795 1879 5855 peteret,

1068 414 1075 421 ο
1114 354 1201 408 AD
1240 352 1367 409 EOS
1403 352 1519 418 QUI
1560 348 2059 407 SCANDALIZATI
2099 351 2294 407 SUN'I‘.
2340 354 2468 410 LIB.
2511 357 2713 420 UNUS.

2780 307 2821 344 \

3451 366 3554 421 518

1968 467 2249 524 indicavit.‘
2291 473 2365 525 Ac
2402 478 2849 531 resurrectionem
2881 477 3095 547 quidem
3134 494 3284 532 suam
3331 480 3465 534 clam
3506 500 3555 535 ei

1966 557 2020 617 in
2050 557 2262 613 occulto
2294 559 2409 615 ﬁeri
2439 564 2637 627 voluit,
2671 566 2892 634 ejusque
2919 568 3402 623 manilestationem
3446 580 3558 625 toto

1964 653 2310 720 consequenti
2340 661 2578 723 tempore
2608 657 2718 710 fieri
2753 658 3032 725 permisit:
3064 674 3277 714 crucem
3301 672 3477 715 alllt‘llt
3504 663 3555 716 in

1965 738 2139 795 media
2168 742 2415 806 civitate,
2451 745 2501 798 in
2531 747 2702 800 media
2733 746 3051 814 festivitate,
3082 750 3134 804 in
3171 752 3349 805 ntedio
3378 753 3556 821 pepuli

1963 831 2268 889 Jndmorum
2295 876 2310 901 ,
2340 851 2460 890 cum
2508 847 2792 907 utrumque
2835 839 3094 907 judicium
3140 842 3394 905 adesset,
3443 853 3554 897 tmu

1968 923 2268 978 Romanum
2295 966 2310 990 ,
2342 934 2450 978 tum
2493 926 2773 981 Judaicum
2799 969 2815 994 ,
2860 945 2980 982 cum
3023 932 3335 986 solemuitas
3370 949 3559 988 «annos

1966 1026 2345 1085 congregaret,
2376 1018 2552 1071 medio
2577 1018 2701 1081 die,
2738 1021 2788 1072 in
2816 1022 3088 1075 cmnmuui
3117 1023 3262 1076 orbis
3293 1033 3555 1078 terrarum

1970 1104 2179 1159 theatro
2199 1109 2467 1161 sustinuit.
2496 1109 2560 1162 Et
2582 1110 2829 1178 quoniam
2856 1112 2931 1164 illi
2953 1112 3123 1165 solum
3151 1114 3239 1183 qui
3264 1116 3558 1169 intererant

1970 1209 2081 1246 rem
2128 1211 2246 1263 qua:
2288 1198 2577 1265 gerebatur
2624 1200 2909 1266 νίόυικιιιῑ,
2944 1202 3225 1269 imperavit
3262 1204 3363 1257 soli
3404 1214 3458 1257 ut
3500 1220 3559 1259 se

1968 1287 2321 1342 absconderet
2343 1330 2357 1351 ,
2400 1300 2560 1358 atque
2586 1292 2655 1344 ita
2688 1292 2941 1346 universo
2977 1301 3235 1347 terrarum
3266 1295 3382 1348 orbi
3414 1297 3561 1350 nefa-

1969 1377 2104 1429 rium
2134 1377 2261 1430 illud
2287 1378 2488 1431 facinus
2512 1382 2890 1450 pronmlgarct.
2915 1383 3204 1437 Enimvero
3228 1386 3350 1439 licet
3376 1388 3556 1441 multis

1970 1483 2056 1520 res
2084 1467 2192 1533 illa,
2231 1479 2286 1522 ut
2313 1479 2436 1524 ante
2464 1471 2596 1534 dixi,
2624 1474 2931 1526 scandalum
2955 1476 3212 1543 attulerit,
3243 1493 3348 1530 non
3381 1487 3557 1531 tamen

1971 1557 2195 1613 istorqu
2241 1559 2482 1614 habenda
2532 1565 2709 1626 ratio,
2753 1564 2847 1619 sed
2893 1566 3101 1619 iIlot'um
3129 1569 3215 1636 qui
3259 1569 3388 1622 salvi
3434 1569 3556 1623 facti

1971 1660 2114 1715 sunt,
2148 1652 2235 1718 qui
2263 1667 2322 1706 se
2354 1662 2495 1708 recte
2516 1665 2816 1724 gesserunt.
2842 1656 2977 1724 Quid
3005 1674 3131 1712 vero
3161 1659 3390 1723 miraris,
3417 1663 3558 1730 quod

1972 1742 2024 1795 in
2057 1742 2156 1796 hac
2197 1745 2303 1798 vita
2335 1760 2465 1799 crux
2506 1747 2640 1801 adeo
2668 1748 2736 1800 sit
2765 1748 3107 1812 illustris,.ut
3135 1753 3295 1805 etiam
3333 1752 3560 1822 gloriam

1971 1833 2113 1886 illam
2162 1834 2408 1891 Christus
2461 1839 2730 1907 appellet,
2786 1849 2839 1893 ct
2900 1840 3095 1896 Paulus
3148 1858 3209 1895 ea
3266 1845 3563 1913 glorietur?

1971 1924 2244 1994 Siquidem
2275 1927 2324 1980 in
2357 1928 2446 1982 illo
2488 1930 2711 1983 terribili
2749 1946 2811 1983 ac
2837 1931 3116 1986 tremendo
3146 1933 3233 1986 die
3254 1975 3267 1997 ,
3299 1949 3420 1988 cum
3449 1937 3564 2005 glo-

1973 2017 2110 2071 riam
2141 2034 2291 2073 suam
2322 2030 2638 2077 ostensurus
2675 2023 2987 2086 advenerit,
3024 2039 3145 2078 cum
3190 2026 3240 2080 in
3286 2027 3449 2095 gloria
3482 2030 3562 2082 sui

1974 2108 2146 2163 Patris
2175 2110 2477 2175 advenerit,
2502 2128 2620 2166 cum
2647 2114 2883 2169 terribile
2908 2116 3136 2168 tribunal
3169 2118 3418 2183 adstahit,
3442 2133 3562 2172 cum

1974 2200 2147 2255 omnis
2177 2201 2452 2256 hominum
2478 2212 2665 2257 natura
2693 2203 2927 2269 sistetur,
2958 2221 3078 2259 cum
3111 2207 3252 2260 fluvii
3288 2209 3567 2264 trahentur

1977 2292 2133 2360 ignis,
2162 2308 2280 2347 cum
2312 2295 2623 2363 angelorum
2668 2306 2857 2348 turma:
2883 2297 3283 2367 czelcstiuutque
3310 2301 3563 2354 virtutum

1975 2383 2153 2436 statim
2198 2384 2572 2451 eﬂ'undcntur,
2617 2395 2673 2440 ut
2718 2402 2836 2441 etim
2884 2388 2998 2456 ipso
3038 2389 3404 2456 descendant,
3433 2408 3553 2446 cum

1976 2473 2253 2530 innumera
2286 2477 2374 2531 illa
2416 2480 2634 2547 prrcmia
2683 2491 3087 2548 proponentur,
3132 2497 3252 2537 cmn
3299 2485 3387 2537 alii
3430 2485 3569 2550 sicut

1977 2566 2087 2628 sol,
2116 2567 2206 2620 alii
2239 2568 2377 2622 sicut
2405 2569 2574 2625 stellre
2600 2569 2968 2639 refulgebunt,
2997 2588 3117 2627 cum
3151 2584 3443 2645 martyrum
3473 2592 3566 2628 co-

1978 2656 2195 2725 hortes,
2228 2674 2348 2713 cum
2381 2661 2743 2729 apostolorum
2788 2662 2973 2727 chori,
3021 2680 3141 2717 cum
3188 2666 3569 2734 prOphetatum

1976 2748 2228 2814 ordines,
2258 2766 2376 2804 cum
2408 2767 2790 2820 generosorum
2834 2755 3071 2807 virorum
3099 2766 3273 2808 coetus
3301 2772 3489 2810 omnes
3515 2756 3568 2810 in

1978 2839 2210 2894 medium
2260 2841 2549 2909 prodibant
2582 2859 2595 2896 :
2631 2850 2741 2894 tum
2788 2843 2839 2895 iu
2882 2843 2972 2897 illo
3011 2844 3334 2912 splendore,
3385 2846 3438 2898 in
3481 2846 3569 2900 illa

1978 2931 2407 3000 magniﬁcentia,
2460 2932 2771 3001 splendidos
2813 2934 2992 2988 radios
3041 2937 3372 2990 emittentem
3422 2936 3569 2990 illam

1975 3030 2193 3089 gestans
2217 3021 2484 3076 adveniet.
2511 3021 2654 3075 Tunc
2675 3024 2837 3087 enim,
2865 3025 3058 3093 inquit,
3082 3028 3344 3095 apparebit
3368 3028 3569 3098 signum

1980 3112 2106 3166 Filii
2136 3114 2354 3167 hominis
2383 3116 2434 3168 in
2464 3116 2587 3169 cwlo'
2609 3159 2622 3182 ,
2648 3125 2693 3168 et
2722 3116 2800 3168 sol
2830 3116 3198 3182 obscurabitur,
3232 3130 3277 3171 et
3317 3120 3440 3172 luna
3468 3136 3570 3173 non

1979 3207 2117 3261 dabit
2145 3209 2314 3262 lumen
2339 3226 2504 3274 suum,
2541 3220 2592 3262 at
2631 3211 2831 3280 signum
2860 3212 3023 3264 crucis
3062 3211 3325 3281 apparebit
3350 3212 3567 3282 (Matth.

1978 3300 2068 3353 24.
2111 3298 2243 3369 50).
2284 3298 2328 3354 Ο
2373 3301 2637 3370 passionis
2675 3300 3047 3371 splendorem!
3095 3318 3129 3357 ο
3172 3305 3349 3357 crucis
3396 3303 3568 3373 fulgo-

1978 3393 2133 3446 rem!
2166 3393 2246 3447 sol
2276 3393 2595 3447 obscuratur
2620 3436 2635 3460 ,
2685 3406 2738 3449 et
2780 3396 2948 3451 stella:
2995 3396 3192 3451 cadunt
3230 3397 3365 3451 sicut
3409 3397 3532 3452 folia
3555 3439 3570 3462 ,

1980 3498 2110 3537 crux
2141 3496 2317 3538 autem
2349 3486 2601 3540 omnibus
2629 3486 2731 3539 illis
2758 3487 2954 3541 clarius
2979 3486 3244 3557 refulget,
3277 3499 3331 3542 et
3362 3490 3573 3542 univer-

1979 3589 2097 3627 sum
2130 3575 2319 3628 cadum
2351 3584 2599 3644 occupat.
2635 3575 2795 3629 Vides
2825 3586 2879 3630 ut
2906 3592 2965 3630 ea
2997 3576 3253 3630 Dominus
3278 3579 3572 3645 glorietur?

1981 3663 2132 3717 vides
2164 3674 2222 3717 ιιι
2245 3680 2355 3718 rem
2385 3665 2528 3718 illam
2565 3666 2791 3734 gloriam
2823 3681 2974 3719 suam
3006 3681 3125 3720 esse
3157 3667 3416 3733 declaret,
3450 3684 3571 3724 cum

1985 3757 2036 3811 in
2070 3757 2163 3810 illo
2194 3756 2278 3810 die
2311 3758 2402 3811 toti
2435 3758 2549 3811 orbi
2579 3767 2842 3813 terrarum
2871 3774 2993 3813 cum
3027 3768 3174 3813 tanto
3210 3760 3355 3813 illam
3393 3762 3572 3830 splen-

1983 3847 2112 3902 dore
2143 3848 2479 3903 manifestet?

2053 3937 2184 3995 CAP.
2213 3936 2400 3991 XVIII.
2458 3937 2578 3992 Non
2604 3939 2903 3993 mediocrem
2927 3941 3195 3994 utilitatem
3246 3958 3309 3995 ea:
3357 3943 3420 3996 iis
3458 3959 3572 4013 quae

1983 4028 2296 4095 acciderunt,
2330 4030 2399 4082 ad
2424 4029 2701 4084 Ecclesiam
2724 4030 3032 4085 dimanasse.
3063 4063 3135 4072 —
3163 4033 3231 4086 Et.
3256 4043 3309 4087 lu
3342 4035 3499 4103 igitur
3528 4037 3573 4089 si

1984 4120 2201 4189 quando
2225 4122 2503 4191 anSpiam
2532 4123 2731 4178 videris
2778 4140 2841 4177 ex
2883 4125 2948 4178 iis
2991 4141 3110 4195 quae
3147 4127 3394 4180 accidunt
3419 4144 3573 4182 scau-

1985 4211 2227 4276 daIiZaI‘i,
2255 4212 2485 4281 primum
2513 4213 2727 4283 quidem
2758 4215 2887 4269 illud
2915 4217 3084 4285 cogita
3106 4259 3120 4280 ,
3147 4233 3255 4270 non
3286 4217 3409 4273 inde
3429 4260 3444 4282 ,
3477 4218 3573 4273 sed

1986 4316 2015 4355 a
2058 4303 2273 4371 propria
2302 4304 2539 4372 ipsorum
2566 4305 2930 4360 imbecillitate
2965 4306 3209 4360 scandala
3246 4309 3529 4377 provenire
3560 4326 3575 4364 :

1988 4393 2040 4448 id
2067 4393 2209 4463 quod
2240 4394 2476 4449 iudieaut
2503 4395 2600 4460 illi,
2631 4396 2719 4465 qui
2748 4396 2878 4450 nihil
2913 4396 3017 4451 tale
3051 4398 3342 4466 patiuntur.
3376 4398 3577 4453 Deinde

1987 4485 2268 4541 considera
2312 4485 2511 4540 multos
2539 4487 2864 4542 illustriores
2895 4486 3017 4541 inde
3044 4488 3282 4541 redditos
3309 4503 3456 4553 esse,
3486 4476 3577 4557 qui

1991 4580 2157 4634 Deum
2183 4579 2515 4649 glorificant,
2540 4578 2696 4647 eique
2725 4594 2935 4632 summo
2960 4579 3136 4632 studio
3164 4595 3258 4647 pro
3289 4578 3373 4633 his
3400 4582 3576 4634 enmi-

1990 4671 2087 4726 bus
2108 4670 2310 4740 gratias
2333 4678 2515 4739 agunt.
2541 4669 2660 4723 Noli
2691 4684 2820 4739 ergo
2847 4684 2962 4732 eos,
2986 4669 3074 4738 qui
3098 4669 3395 4725 Iabefactati
3426 4682 3576 4742 sunt,

1990 4771 2254 4832 spectare,
2286 4760 2383 4815 ‘sed
2410 4774 2505 4815 eos
2526 4760 2615 4829 qui
2640 4761 2856 4816 stabiles
2884 4772 3289 4829 permanserunt
3310 4772 3365 4816 et
3386 4764 3579 4819 hutno-

1992 4852 2123 4906 biles
2142 4892 2157 4917 ,
2190 4866 2359 4920 eaque
2387 4850 2594 4904 ratioae
2624 4850 2954 4904 robustiores
2992 4859 3280 4904 evaserunt
3306 4870 3319 4907 :
3354 4867 3460 4906 non
3486 4869 3582 4909 eos

1991 4945 2079 5014 qui
2100 4944 2399 4999 conturbati
2417 4953 2562 5010 sunt,
2581 4944 2674 4997 sed
2692 4958 2786 4998 eos
2809 4943 2894 5009 qui
2916 4942 3208 4998 secundum
3228 4947 3581 5015 navigationis

1991 5051 2206 5091 cursum
2239 5044 2561 5099 tenuerunt,
2605 5036 2876 5104 multoque
2921 5037 3097 5104 plures
3140 5046 3264 5091 sunt
3310 5039 3450 5106 illis,
3493 5042 3582 5111 qui

1994 5128 2144 5184 fuere
2186 5128 2446 5198 perversi.
2489 5129 2736 5181 Attamen
2777 5128 3018 5196 utramvis
3050 5128 3123 5181 illi
3156 5130 3337 5199 plures
3364 5142 3543 5187 essent
3568 5173 3584 5196 ,

1994 5220 2185 5275 melior
2212 5229 2295 5274 est
2325 5235 2489 5284 unus,
2521 5220 2609 5288 qui
2640 5218 2762 5272 facit
2792 5219 3116 5274 voluntatem
3151 5221 3364 5275 Domini
3385 5238 3583 5293 ,quam

1993 5312 2141 5366 mille
2177 5311 2612 5380 praevaricatores
2643 5309 2827 5379 (Ereti.
2859 5311 2946 5365 16.
2977 5309 3052 5385 5).

2048 5424 2178 5479 CAP.
2201 5422 2341 5479 XIX.
2369 5423 2481 5478 Hoc
2502 5424 2774 5478 multorum
2792 5436 3072 5497 martyrum
3087 5428 3366 5481 institutum
3385 5443 3443 5480 ac
3460 5443 3584 5498 pro-

1993 5515 2213 5586 positum
2238 5517 2395 5586 fuisse
2417 5517 2519 5569 sive
2546 5531 2659 5567 cum
2686 5520 2922 5582 viverent,
2951 5519 3053 5570 sive
3087 5534 3201 5571 cum
3246 5530 3588 5584 morerentur;

1994 5616 2240 5678 martyres
2277 5605 2447 5676 plures
2483 5606 2544 5660 ob
2571 5623 2774 5660 causas.
2795 5637 2866 5647 —
2899 5607 3089 5662 Veniat
3116 5608 3205 5661 tibi
3240 5609 3305 5661 in-
3326 5620 3582 5679 mentem,

1994 5708 2125 5768 quot
2155 5708 2415 5770 martyres
2445 5698 2640 5754 fuerint
2682 5714 2933 5754 coronam
2960 5700 3156 5768 adepti.
3175 5700 3319 5753 .Nam
3347 5701 3434 5753 alii
3462 5705 3583 5770 qui-

1993 5791 2113 5845 dem
2154 5791 2457 5847 verberibus
2490 5792 2613 5845 ρειτεί
2640 5800 2796 5858 sunt,
2840 5801 2892 5846 ct
2932 5792 2982 5846 in
3015 5807 3282 5848 carcerem
3314 5795 3543 5865 conjceti
3566 5837 3580 5862 ,
