4002 6380
471 386 574 443 519

463 499 555 554 alii
601 493 949 566 compedibus
990 500 1259 559 tamquam
1305 485 1676 539 malefactores
1721 479 1881 535 vincti
1906 519 1923 545 ,
1963 477 2051 532 alii

465 590 638 660 patria
667 585 806 656 pulsi
832 591 978 646 sunt,
999 580 1088 634 alii
1119 592 1268 631 suam
1294 574 1648 630 substantiam
1683 567 2051 640 perdiderunt,

466 659 555 734 alii
573 692 796 752 peregre
813 682 938 730 sunt
962 668 1200 740 relegati,
1218 667 1306 721 alii
1349 664 1652 732 interempti
1673 671 1818 727 sunt,
1837 659 2052 730 quidam

467 786 530 826 re
567 750 676 838 ipsa
703 750 724 831 ,'
746 765 960 837 quidam
1003 761 1116 816 sola
1161 758 1454 813 voluntate.
1495 753 1632 808 Cum
1671 753 1812 807 enim
1855 750 2054 803 lancea:

467 860 845 932 expedirentur
865 897 880 922 ,
917 862 1239 910 acuerentur
1263 863 1422 906 enses
1447 889 1463 913 ,
1493 846 1650 899 minae
1692 842 1914 912 singulis
1941 841 2054 895 die-

470 954 566 1008 bus
597 953 1008 1012 intentarentur,
1039 953 1093 999 et
1115 944 1205 1014 qui
1234 940 1573 1010 magistratus
1601 933 1891 1006 gerebant,
1921 933 2054 985 iram

467 1045 736 1114 spirarent
754 1083 768 1105 ,
796 1039 974 1095 caedes
1004 1036 1337 1090 minarentur
1363 1041 1416 1085 et
1448 1041 1642 1099 genera
1672 1023 2054 1094 suppliciorum

469 1134 749 1189 innumera
774 1171 790 1196 ,
819 1129 1040 1183 minime
1061 1129 1375 1184 cesserunt,
1422 1133 1592 1188 neque
1619 1115 2014 1170 succubuerunt
2036 1151 2054 1177 ,

467 1224 562 1280 sed
605 1223 658 1276 in
706 1235 838 1292 rupe
883 1223 1148 1274 steterunt
1195 1211 1532 1272 immobiles,
1559 1215 1615 1262 et
1654 1205 1835 1260 omnia
1884 1203 2058 1257 facere

469 1315 686 1388 patique
723 1311 1064 1372 maluerunt,
1093 1320 1252 1377 quam
1294 1312 1353 1357 ut
1377 1301 1430 1356 in
1459 1298 1788 1354 consortium
1816 1293 2060 1348 venerint

469 1387 657 1464 eorum
697 1404 788 1476 qui
829 1402 1032 1458 scelera
1065 1407 1206 1454 tanta
1233 1400 1604 1467 patraverant,
1635 1404 1807 1459 neque
1839 1387 1938 1441 viri
1967 1399 2059 1440 so-

471 1503 579 1557 lum
606 1544 621 1569 ,
649 1499 744 1556 sed
764 1509 820 1555 et
849 1495 1117 1552 mulieres.
1149 1491 1280 1545 Nam
1321 1495 1375 1542 et
1418 1485 1669 1540 mulieres
1702 1482 1806 1536 hoc
1852 1478 2060 1533 inivere

475 1603 772 1653 certamen,
797 1597 851 1642 et
873 1584 1100 1655 amplius
1124 1595 1269 1651 saepe
1298 1593 1453 1648 quam
1483 1575 1584 1630 viri
1610 1590 1668 1628 se
1695 1573 1914 1626 viriliter
1946 1568 2059 1622 for-

471 1687 705 1754 titerqne
745 1686 1042 1751 gesserunt.
1083 1674 1266 1743 Neque
1307 1670 1559 1725 mulieres
1601 1675 1842 1729 tantum,
1874 1663 1968 1718 sed
2007 1669 2064 1717 et

468 1753 874 1836 adolescentes,
921 1777 975 1824 et
1013 1764 1297 1820 admodum
1333 1761 1579 1829 juvenes.
1619 1757 1702 1812 An
1747 1755 1906 1824 igitur
1946 1753 2062 1807 haec

468 1865 648 1936 exigui
676 1872 798 1918 sunt
826 1858 1080 1915 momenti
1111 1867 1187 1910 tot
1213 1862 1505 1925 martyrum
1536 1859 1739 1904 turmas
1768 1845 2062 1901 Ecclesiam

472 1934 843 2012 lucrifccisse?
872 1952 1008 2007 Sunt
1045 1949 1189 2004 enim
1223 1956 1487 2016 martyres
1512 1941 1600 1996 isti
1624 1952 1838 1995 omnes.
1883 1934 2063 2006 Neque

469 2048 615 2104 enim
664 2045 740 2100 illi
780 2044 952 2099 solum
997 2040 1087 2110 qui
1135 2038 1202 2093 ad
1241 2035 1501 2106 judicium
1543 2043 1668 2087 sunt
1710 2027 1964 2094 adducti,
2011 2036 2066 2081 et

473 2138 777 2194 sacrificare
794 2134 950 2205 jussi,
981 2145 1153 2201 neque
1180 2133 1505 2200 paruerunt,
1531 2123 1655 2193 quia
1681 2120 1820 2191 passi
1847 2127 1973 2173 sunt
1998 2133 2062 2172 ea

473 2246 595 2301 qua:
625 2239 749 2284 sunt
789 2227 929 2297 passi
951 2267 965 2286 ,
1007 2233 1268 2294 martyres
1305 2228 1429 2274 sunt
1467 2215 1692 2272 vocandi
1725 2231 1739 2267 :
1768 2211 1862 2266 sed
1901 2211 2064 2266 etiam

464 2317 549 2375 'illi
578 2321 666 2390 qui
695 2318 765 2372 ob
791 2333 903 2371 rem
929 2313 1202 2384 quamvis,
1233 2326 1353 2380 qua}
1399 2309 1511 2364 Deo
1553 2307 1789 2376 placeret
1808 2345 1822 2368 ,
1867 2301 2066 2372 aliquid

477 2411 586 2481 pati
641 2410 781 2463 ultro
833 2407 1156 2470 voluerunt;
1217 2412 1272 2456 et
1332 2401 1377 2454 si
1442 2401 1562 2470 quis
1613 2413 1726 2452 rem
1788 2395 2070 2465 diligenter

473 2500 902 2563 examinaverit,
949 2497 1002 2551 hi
1047 2505 1172 2550 sunt
1221 2493 1393 2562 potius
1437 2505 1598 2561 quam
1645 2489 1740 2543 illi.
1776 2487 1892 2542 Non
1924 2487 2066 2542 enim

473 2592 698 2662 aequalis
727 2598 808 2644 est
831 2587 1031 2650 meriti,
1046 2599 1167 2640 cum
1184 2580 1444 2652 ejusmodi
1465 2580 1714 2634 interitus
1730 2587 1783 2631 et
1805 2577 2070 2646 pernicies

479 2686 673 2736 aninmo
690 2680 757 2733 sit
775 2677 1066 2748 proposita,
1079 2681 1388 2728 contentum
1411 2686 1531 2726 esse
1546 2668 1739 2738 aliquid
1757 2668 1946 2738 pati,ct
1963 2680 2068 2721 non

483 2772 694 2843 perire,
737 2778 896 2838 atque
939 2769 1009 2821 ob
1053 2767 1229 2820 minus
1267 2761 1482 2832 aliquod
1550 2761 1745 2814 bonum
1793 2774 1927 2828 opus
1968 2757 2074 2812 hoc

475 2863 651 2931 ipsum
683 2859 1002 2929 supplicium
1047 2856 1335 2911 sustinere.
1365 2853 1548 2922 Neque
1591 2866 1720 2905 vero
1764 2851 1938 2906 solum
1976 2863 2073 2905 eos

473 2954 564 3024 qui
591 2953 753 3007 occisi
781 2960 926 3016 sunt,
953 2949 1047 3004 sed
1078 2949 1238 3004 etiam
1280 2961 1376 3001 cos
1413 2945 1504 3016 qui
1547 2944 1715 3014 parati
1746 2945 1992 3011 fuerunt,
2019 2950 2076 2998 et

473 3047 540 3100 ad
574 3047 677 3100 hoc
704 3044 939 3115 prompti
966 3085 980 3108 ,
1015 3041 1256 3112 martyrii
1286 3053 1540 3094 coronam
1579 3036 1802 3105 adeptus
1829 3049 1948 3090 esSc
1967 3076 1982 3100 ,
2015 3041 2076 3090 et

477 3139 578 3193 hoc
605 3138 800 3207 ipsum,
833 3145 886 3190 et
911 3133 1051 3204 quod
1087 3132 1232 3204 prius
1258 3129 1388 3191 dixi,
1417 3144 1538 3183 eum
1563 3128 1650 3196 qui
1678 3127 1748 3181 ob
1779 3141 1865 3180 res
1889 3126 2072 3180 mino-

479 3246 568 3286 res
596 3231 808 3286 occisus
835 3229 922 3292 sit,
963 3236 1255 3298 martyrem
1279 3239 1398 3278 esse
1428 3221 1742 3292 perfectum,
1765 3220 2076 3275 testimonio

479 3323 631 3379 Pauli
658 3321 899 3377 conabor
926 3317 1175 3388 probare.
1203 3315 1336 3370 Cum
1366 3315 1510 3369 enim
1539 3313 1792 3379 «cpisset
1815 3325 1914 3365 eos
1939 3327 2076 3365 enuo

482 3428 690 3468 uierare
758 3411 946 3466 beatus
994 3409 1231 3469 Paulus,
1284 3406 1374 3475 qui
1429 3403 1692 3473 majorum
1751 3401 2078 3470 ICIIIIKWibIlS

483 3507 717 3561 illustres
743 3503 992 3567 fuerant,
1027 3509 1186 3569 atque
1213 3499 1282 3554 ab
1308 3499 1423 3568 ipso
1450 3496 1615 3551 Abele
1656 3496 1860 3548 initium
1899 3494 2080 3548 duxis-

477 3609 584 3661 set,
600 3595 795 3652 deinde
813 3595 879 3649 ad
903 3594 1014 3649 Noe
1037 3605 1368 3663 progressus.
1393 3589 1680 3654 Abraham,
1704 3588 1867 3647 Isaac.
1887 3585 2074 3651 Iacob,

480 3692 718 3762 Moysem
739 3729 754 3751 ,
781 3686 975 3749 Iosue,
1006 3684 1292 3749 Davidem,
1336 3681 1640 3737 Samuelem
1664 3721 1678 3742 ,
1728 3680 1894 3734 Eliam
1917 3721 1932 3743 ,
1965 3678 2079 3732 Eli-

476 3799 684 3847 sazum,
712 3780 902 3836 Jobum
922 3820 940 3840 ,
964 3777 1166 3846 adjecit
1191 3776 1376 3830 dicens
1400 3792 1413 3827 :
1444 3773 1669 3840 Ideoque
1695 3783 1741 3826 et
1770 3789 1860 3825 nos
1887 3780 2080 3824 tantam

481 3873 717 3927 ‘tabentes
741 3870 1025 3941 impositam
1045 3869 1224 3922 nubem
1251 3877 1526 3935 martyrum
1549 3863 1730 3938 (Hebr.
1760 3863 1846 3916 η.
1881 3862 1955 3932 1).
1985 3864 2090 3914 At-

476 3965 573 4033 qui
599 3978 705 4017 non
733 3975 922 4016 omnes
948 3960 1026 4014 illi
1058 3959 1242 4024 occisi,
1270 3958 1378 4011 imo
1405 3973 1473 4010 ne
1501 3970 1636 4010 unus
1665 3955 1916 4024 quidem.
1946 3954 2082 4007 duo-

481 4055 587 4108 bus
631 4061 723 4106 aut
764 4051 942 4106 tribus
989 4049 1268 4119 exceptis,
1313 4048 1479 4102 Abcle
1518 4047 1723 4101 scilicet
1751 4053 1806 4098 ct
1831 4043 2078 4098 Joanne:

478 4144 666 4200 επιετί
695 4158 825 4197 vero
855 4141 1082 4194 naturali
1108 4147 1282 4194 morte
1307 4138 1468 4191 vitam
1500 4137 1773 4192 finierunt.
1795 4134 2082 4188 Enimvero

482 4239 723 4293 Joannes
749 4237 863 4305 ipse
886 4249 990 4288 non
1013 4246 1136 4286 cum
1167 4228 1471 4286 sacriﬁcare
1493 4228 1679 4297 jussus
1700 4237 1844 4281 esset
1868 4269 1882 4290 ,
1911 4239 2084 4295 neque

484 4329 772 4401 paruisset,
806 4325 1016 4380 occisus
1037 4333 1144 4396 est,
1182 4337 1357 4391 neque
1381 4319 1446 4373 ad
1478 4321 1644 4372 altare
1665 4317 1925 4372 deductus
1946 4358 1962 4383 ,
1987 4331 2084 4370 ne-

484 4435 593 4491 que
640 4417 708 4472 ad
757 4417 958 4472 idolum
1006 4421 1339 4484 pertractus,
1393 4410 1488 4466 sed
1528 4410 1597 4464 ob
1643 4406 1807 4463 unum
1839 4409 2082 4463 verbum.

488 4511 624 4568 Nam
656 4509 906 4580 quoniam
941 4505 1149 4560 dixerat
1185 4501 1379 4557 llerodi
1411 4518 1424 4554 :
1461 4499 1582 4555 Non
1625 4500 1738 4554 licet
1777 4498 1862 4553 tibi
1906 4498 2088 4552 habere

491 4620 704 4659 uxorem
743 4599 979 4669 Philippi
1011 4597 1185 4669 fratris
1215 4597 1289 4649 tui
1319 4596 1336 4665 (
1359 4593 1546 4648 Matth.
1572 4594 1658 4648 Η.
1687 4591 1782 4663 4),
1811 4603 1864 4646 et
1891 4592 1942 4646 in
1969 4606 2089 4646 car-

491 4709 617 4749 cere
651 4691 928 4754 habitavit,
975 4698 1031 4742 et
1079 4686 1280 4742 czcdem
1311 4685 1452 4739 illam
1478 4684 1747 4740 sustinuit.
1792 4682 1943 4750 Quod
1967 4681 2013 4736 si
2044 4683 2088 4738 is

487 4783 580 4854 qui
614 4782 1008 4836 matrimonium
1039 4787 1225 4835 contra
1257 4778 1400 4846 leges
1425 4783 1756 4829 contractum
1796 4775 1938 4828 ultus
1970 4783 2082 4842 est,

495 4879 753 4940 quantum
785 4872 837 4924 in
867 4871 985 4941 ipso
1009 4870 1225 4940 quidem
1255 4865 1353 4920 fuit
1378 4864 1399 4939 (
1420 4880 1592 4934 neque
1620 4865 1760 4919 enim
1787 4863 1928 4934 quod
1961 4878 2088 4933 per-

499 4977 682 5031 peram
713 4969 916 5030 gestum
942 4968 1028 5013 est
1051 4957 1376 5020 emendavit,
1400 4955 1493 5010 sed
1516 4954 1650 5009 dixit
1670 4962 1894 5016 Lautum,
1915 4967 2089 5024 neque

491 5053 666 5124 potuit
694 5049 994 5121 impedire),
1023 5051 1068 5104 si
1092 5065 1228 5120 ergo
1251 5063 1373 5102 cum
1403 5046 1632 5101 dixisset
1662 5054 1891 5112 tantum,
1915 5060 2088 5116 neque

498 5144 651 5201 aliud
683 5159 749 5198 ex
779 5157 840 5196 se
863 5141 1193 5204 contulisset,
1217 5156 1284 5195 eo
1310 5138 1450 5210 quod
1481 5139 1654 5208 capite
1683 5146 1978 5192 trunctatns
1998 5139 2088 5206 sit,

498 5248 702 5309 martyr
727 5245 780 5290 et
810 5242 1103 5304 martyrum
1138 5233 1338 5302 primus
1363 5240 1447 5285 est
1476 5248 1489 5283 :
1521 5231 1610 5300 qui
1642 5240 1748 5283 tam
1780 5229 1958 5283 multis
1982 5245 2092 5282 ca:-

493 5330 652 5386 dibus
680 5342 740 5383 se
769 5325 1103 5393 objeccrunt,
1134 5337 1309 5391 neque
1329 5323 1440 5389 jam
1471 5321 1666 5375 llerodi
1689 5361 1704 5384 ,
1731 5320 1826 5374 sed
1854 5319 2088 5374 universi

496 5423 646 5478 orbis
689 5431 952 5476 terrarum
995 5415 1323 5485 principibus
1373 5429 1433 5469 se
1475 5423 1871 5483 opposuerunt,
1920 5427 2093 5480 neque

496 5511 734 5582 conjugii
780 5509 941 5564 unius
972 5505 1168 5575 injuste
1213 5503 1365 5567 initi,
1395 5503 1490 5559 scd
1520 5505 1804 5573 patriarum
1839 5503 2012 5571 legum
2039 5510 2094 5556 et

505 5604 760 5659 Ecclesia:
788 5602 983 5656 rituum
1014 5596 1381 5652 defensionem
1414 5602 1806 5665 susceperunt,
1841 5609 1975 5662 quos
2003 5593 2093 5647 alii

500 5696 924 5757 insectabantur,
953 5703 1006 5747 ct
1046 5704 1168 5744 cum
1211 5687 1389 5743 verbis
1426 5697 1539 5742 tum
1568 5686 1818 5756 Operibus
1849 5684 2093 5738 fiduciam

515 5801 625 5854 pra:
651 5802 709 5843 se
738 5788 973 5842 tulerunt
996 5825 1011 5853 ,
1042 5797 1163 5838 cum
1194 5781 1412 5853 singulis
1437 5777 1626 5834 diebus
1655 5786 2011 5844 morerentur,
2041 5785 2097 5831 et

1181 374 1237 431 S.
1276 367 1552 429 JOANNIS
1575 361 2049 423 CIIRYSOSTOMI
2091 355 2405 418 ARCIIIEP.
2447 359 2985 419 CONSTANTINOP.

3631 367 3728 422 520

2158 478 2284 545 viri,
2310 487 2364 533 et
2390 479 2662 543 mulieres,
2683 490 2736 535 et
2764 479 2936 550 pueri,
2961 494 3137 535 nonne
3157 480 3352 538 millies
3381 481 3434 536 in
3454 493 3737 559 martyrum

2161 584 2441 623 numerum
2479 570 2710 626 adscribi
2751 571 3065 626 merentur?
3091 571 3534 644 Quandoquidem
3575 577 3736 631 Abra-

2160 658 2282 714 ham
2311 676 2540 732 quoque,
2574 677 2695 717 cum
2725 677 2831 716 non
2858 664 3030 734 reipsa
3061 663 3224 718 lilimn
3257 676 3569 733 mactasset,
3589 669 3737 724 animi

2159 758 2433 824 proposito
2479 756 2644 810 lilium
2676 757 2963 824 mactavit,
2993 767 3048 812 et
3077 775 3261 814 vocem
3292 761 3444 816 illam
3485 764 3742 820 cmlestem

2159 846 2428 902 dicentem
2469 849 2674 902 audivit
2705 867 2718 902 :
2757 849 2875 902 Non
2919 851 3184 920 pepercisti
3218 853 3481 923 unigenito
3526 854 3632 922 ﬁlio
3669 865 3745 911 tuo

2160 949 2368 1008 propter
2394 957 2474 994 me
2498 939 2648 1007 (Gen.
2679 941 2769 994 22.
2797 941 2908 1014 12).
2933 941 3005 996 Ita
3030 944 3107 1008 lit,
3136 952 3192 997 ut
3214 944 3414 1014 ubique
3441 946 3604 1000 animi
3635 963 3744 1017 pro.

2162 1029 2392 1096 positum
2418 1070 2433 1094 ,
2465 1030 2552 1083 ubi
2585 1030 2878 1098 perfectum
2925 1032 3082 1086 fuerit
3120 1033 3172 1086 in
3217 1034 3414 1088 virtute
3437 1076 3454 1100 ,
3501 1036 3743 1106 integrant

2161 1132 2416 1172 coronam
2444 1120 2690 1189 accipiat.
2722 1120 2874 1187 Quod
2900 1122 2943 1175 si
2977 1121 3067 1178 ille
3086 1165 3100 1188 ,
3131 1138 3254 1178 cum
3279 1124 3388 1179 lilio
3417 1139 3517 1180 suo
3542 1142 3642 1181 non
3664 1143 3745 1197 pe-

2164 1209 2459 1276 percisset,
2496 1210 2564 1263 ita
2590 1212 2892 1265 celebratus
2922 1221 3034 1277 est,
3076 1212 3129 1266 hi
3171 1228 3292 1268 cum
3339 1213 3444 1269 sibi
3484 1215 3613 1285 ipsis
3650 1233 3746 1272 non

2164 1299 2518 1367 pepercerim,
2545 1301 2716 1370 cogita
2740 1311 2991 1371 quantam
3013 1303 3118 1356 sint
3141 1305 3406 1373 recepturi
3430 1307 3742 1372 mercedem,

2163 1390 2252 1459 qui
2285 1403 2389 1445 nor.
2421 1407 2584 1446 unum
2615 1403 2669 1447 et
2709 1393 2843 1450 duos
2863 1435 2879 1459 ,
2929 1403 3106 1449 tresve
3148 1395 3301 1464 dies,
3341 1398 3439 1453 sed
3471 1413 3564 1467 per
3589 1408 3744 1453 totum

2163 1483 2287 1537 vita:
2315 1498 2426 1538 sua:
2454 1492 2664 1554 tempus
2687 1486 2738 1539 in
2761 1484 2860 1539 hac
2879 1487 2994 1540 acie
3013 1497 3301 1552 steterunt,
3325 1490 3602 1556 conviciis,
3631 1506 3744 1554 con:

2166 1576 2416 1640 tumeliis,
2448 1576 2674 1645 injuriis,
2698 1578 2978 1632 calumniis
3003 1579 3259 1633 divexati.
3285 1579 3472 1651 Neque
3492 1582 3630 1635 enim
3653 1582 3745 1638 hoc

2163 1667 2341 1736 exigui
2369 1677 2451 1722 est
2479 1668 2754 1722 momenti.
2777 1667 3036 1735 Quocirca
3068 1669 3245 1723 laudat
3276 1670 3379 1725 hoc
3407 1686 3616 1742 quoque
3643 1688 3745 1726 ma-

2167 1773 2302 1827 gnus
2333 1759 2528 1813 Paulus
2556 1759 2740 1815 dicens
2768 1777 2781 1813 :
2819 1760 2883 1814 Et
2915 1762 2966 1814 in
2991 1759 3152 1814 altera
3181 1762 3387 1830 quidem
3415 1765 3690 1834 approbriis
3709 1777 3746 1819 et

2169 1849 2577 1903 tribulationibus
2599 1851 2940 1919 spectaculum
2965 1853 3088 1919 facti
3115 1869 3134 1905 :
3160 1853 3210 1906 in
3240 1854 3405 1907 altero
3440 1865 3606 1909 autem
3639 1859 3749 1910 socii

2169 1939 2336 1993 taliter
2360 1943 2759 1994 conversantium
2785 1941 2952 2009 eﬂ'ecti
2975 1944 2994 2012 (
3025 1942 3182 1997 Heln.
3217 1945 3300 1998 l0.
3326 1946 3400 2000 35
3420 1945 3464 2018 ).
3495 1947 3607 2001 Jam
3636 1949 3745 2017 quid

2171 2029 2363 2084 attinet
2392 2045 2488 2085 eos
2514 2046 2940 2086 commemorare
2965 2034 3053 2101 qui
3083 2045 3134 2088 et
3169 2035 3266 2104 ipsi
3298 2046 3423 2090 sunt
3455 2040 3673 2103 mortui,
3701 2049 3747 2092 ct

2171 2120 2260 2188 qui
2291 2135 2385 2174 eos
2409 2122 2728 2188 incitarunt,
2756 2137 2786 2177 a
2819 2125 3006 2192 quibus
3035 2125 3156 2178 talia
3190 2128 3618 2198 suscipiebantur
3641 2142 3745 2184 cer-

2172 2212 2369 2264 tamina
2394 2252 2408 2276 ,
2434 2226 2556 2265 cum
2586 2213 2729 2267 viros
2749 2253 2765 2278 ,
2795 2221 2904 2267 tum
2937 2214 3232 2269 mulieres?
3259 2216 3428 2272 Recte
3468 2228 3637 2272 autem
3663 2217 3746 2272 bos

2171 2314 2383 2369 quoque
2410 2301 2605 2354 laudat.
2636 2301 2766 2356 Nam
2796 2311 2849 2356 et
2879 2301 3158 2358 facultates
3182 2318 3308 2359 suas
3339 2321 3629 2377 exposuere
3650 2321 3745 2377 per-

2171 2391 2350 2458 multi,
2369 2392 2611 2447 utetiam
2641 2393 2802 2448 vincti
2824 2403 2878 2448 et
2905 2396 3118 2450 exsules
3145 2405 3304 2451 tanta:
3335 2399 3646 2453 calamitatis
3662 2399 3746 2452 ali-

2173 2498 2281 2553 quo
2308 2485 2501 2539 solatio
2538 2484 2864 2551 fruerentur,
2896 2496 2950 2542 et
2973 2487 3122 2556 juxta
3151 2488 3356 2544 dictum
3391 2489 3516 2544 illud
3543 2490 3745 2559 apostoli

2174 2574 2298 2647 (lb.
2335 2591 2388 2634 ο.
2417 2572 2546 2647 54),
2579 2591 2697 2629 cum
2738 2577 2931 2645 gaudio
2978 2579 3215 2646 rapinam
3261 2579 3526 2635 bonorum
3553 2595 3746 2634 soortun

2175 2669 2548 2737 susciperent:
2577 2669 2664 2722 alii
2699 2672 2888 2738 partim
2920 2673 3084 2740 patria
3107 2713 3122 2736 ,
3157 2673 3352 2741 partim
3380 2674 3485 2727 vita
3519 2674 3623 2741 ipsa
3648 2673 3741 2741 pri-

2174 2762 2284 2816 vati
2326 2771 2467 2816 suut.
2514 2761 2646 2816 Cum
2691 2763 2849 2832 igitur
2893 2771 3066 2818 tantas
3104 2779 3234 2834 opes
3286 2766 3510 2831 videas,
3561 2773 3742 2819 tantum

2178 2854 2407 2920 lucrum,
2442 2863 2645 2908 tantum
2675 2865 2935 2925 qumstum
2963 2856 3217 2910 Ecclesiae
3247 2857 3533 2912 obvenisse
3551 2899 3564 2921 ,
3593 2863 3745 2909 tantos

2176 2945 2473 3014 acquisitns
2503 2959 2625 3001 esse
2667 2946 2948 3001 thesauros
2972 2989 2986 3010 ,
3015 2963 3111 3004 eos
3139 2949 3226 3018 qui
3255 2949 3409 3019 prius
3434 2949 3606 3003 animo
3630 2961 3742 3001 con-

2177 3035 2421 3091 ciderant
2441 3077 2456 3102 ,
2487 3035 2609 3105 igne
2638 3037 2972 3093 ardentiorcs
3001 3053 3121 3094 esse
3168 3040 3337 3094 factos
3362 3082 3378 3107 ,
3419 3053 3512 3094 eos
3545 3038 3626 3107 qui
3666 3035 3744 3090 toti

2180 3124 2400 3181 theatris
2447 3126 2594 3181 affixi
2638 3137 2824 3193 erant,
2873 3128 3081 3183 deserta
3128 3131 3389 3198 petiisse,
3431 3145 3493 3184 ac
3529 3129 3678 3182 saltus
3700 3133 3746 3180 et

2180 3225 2391 3270 montes
2419 3216 2471 3270 in
2504 3215 2774 3272 Eeclesias
2802 3219 3131 3274 convertisse
3154 3259 3169 3284 ,
3215 3234 3278 3274 ac
3319 3221 3537 3274 nemine
3559 3229 3742 3287 gregem

2180 3307 2463 3373 educente,
2485 3324 2611 3364 oves
2641 3323 2912 3379 paStorum
2944 3326 3166 3367 munere
3191 3311 3407 3368 functas
3431 3327 3564 3374 esse,
3589 3324 3646 3363 ac
3669 3307 3746 3361 mi-

2182 3399 2302 3454 lites
2328 3400 2454 3455 item
2487 3401 2822 3471 imperatoris
2845 3418 2908 3458 ac
2933 3404 3103 3469 ducis,
3131 3420 3252 3459 cum
3281 3415 3484 3460 tantam
3505 3400 3745 3459 conliden-

2182 3491 2309 3546 tiam
2337 3506 2398 3547 ac
2427 3492 2787 3548 fortitudinem
2821 3509 2930 3564 pra:
2959 3512 3019 3550 sc
3059 3497 3289 3560 ferrent,
3329 3509 3618 3566 omnesque
3641 3505 3742 3546 cum

2181 3596 2249 3635 eo
2273 3597 2379 3651 quo
2409 3597 2506 3651 par
2541 3595 2659 3637 erat
2687 3583 2881 3640 ardore
2905 3626 2920 3650 ,
2958 3585 3135 3641 studio
3158 3628 3174 3652 ,
3216 3587 3488 3657 diligentia
3525 3583 3745 3640 collecus

2182 3671 2456 3727 celebrare
2486 3690 2501 3728 :
2528 3689 2633 3728 non
2655 3675 2993 3744 obstupescis
3017 3685 3071 3730 et
3095 3677 3328 3744 miraris,
3356 3677 3614 3748 negotium
3633 3671 3744 3727 adeo

2184 3763 2406 3818 feliciter
2443 3765 2811 3820 successisse?
2849 3764 2966 3820 Non
3011 3769 3152 3822 enim
3200 3770 3366 3823 modo
3403 3769 3493 3839 qui
3538 3763 3743 3820 moribus

2186 3855 2365 3925 probis
2395 3865 2568 3920 erant,
2599 3857 2693 3911 sed
2721 3867 2778 3911 et
2804 3859 2954 3911 multi
2987 3860 3075 3928 qui
3111 3859 3440 3914 theatrorum
3469 3856 3656 3914 insania
3681 3851 3742 3905 la-

2185 3947 2464 4015 borabant,
2507 3957 2558 4002 ct
2609 3949 2744 4003 ludis
2785 3950 3128 4006 Circensibus
3173 3952 3371 4008 addicti
3425 3958 3606 4013 erant,
3645 3944 3742 4000 zelo

2184 4037 2413 4107 quodam
2446 4038 2566 4107 igne
2594 4039 2978 4094 vehementiori
3006 4043 3249 4096 succensi
3278 4053 3442 4098 totam
3470 4042 3603 4096 illam
3624 4036 3742 4090 insa-

2188 4131 2329 4183 niam
2373 4129 2681 4198 abjecerunt
2706 4171 2722 4197 ,
2761 4142 2816 4185 et
2858 4147 2954 4200 per
2982 4132 3124 4202 ipsos
3154 4134 3532 4203 prepemodum
3567 4125 3743 4199 gladios

2186 4221 2504 4279 exsilicrunt
2523 4263 2538 4287 ,
2575 4223 2914 4292 magistratus
2937 4225 3192 4279 audacter
3213 4241 3276 4281 ac
3305 4227 3468 4281 libere
3491 4233 3605 4280 sunt
3626 4216 3740 4272 allo'

2189 4315 2370 4383 qunti,
2411 4323 2676 4370 tormenta
2720 4325 3075 4385 spreverunt,
3109 4320 3282 4374 minas
3320 4318 3578 4390 aspernati
3605 4318 3736 4370 sunt.

2189 4415 2386 4474 quanta
2419 4405 2628 4461 virtutis
2651 4407 2721 4461 sit
2749 4409 2830 4461 vis
2859 4409 3236 4475 ostenderunt,
3265 4421 3321 4466 et
3348 4427 3454 4482 quo
3481 4414 3623 4478 pacto
3646 4396 3738 4454 ﬁcri

2191 4497 2363 4566 possit
2403 4507 2460 4551 ut
2497 4499 2660 4552 etiam
2706 4499 2864 4554 valde
2913 4500 3154 4568 perditus
3198 4501 3361 4556 homo
3409 4492 3737 4571 pteniteutiam

2193 4603 2360 4657 agens
2388 4598 2762 4647 etconversus
2794 4593 2965 4660 ipsum
3013 4595 3173 4648 etiam
3219 4596 3478 4666 fastigium
3520 4589 3736 4644 ctelomll

2194 4680 2438 4750 attingat.
2467 4681 2600 4735 Cum
2644 4697 2772 4751 ergo
2817 4693 2923 4736 tam
2971 4685 3136 4737 multa
3179 4687 3396 4755 przemia
3431 4682 3625 4741 videas,
3651 4684 3738 4726 tam

2193 4771 2388 4825 multas
2418 4786 2648 4826 coronas
2671 4773 2957 4842 acquisitas
2982 4815 2998 4838 ,
3031 4783 3228 4829 tantam
3257 4791 3491 4846 sparsam
3518 4783 3628 4826 esse
3661 4762 3738 4816 do-

2193 4861 2440 4924 ctrinam,
2476 4861 2619 4916 unde
2641 4904 2656 4928 ,
2697 4877 2880 4933 qumso
2900 4906 2916 4930 ,
2959 4865 3042 4929 lit,
3087 4874 3146 4920 ut
3176 4862 3574 4922 scandalizeris?
3600 4857 3666 4911 Ει.
3685 4866 3738 4906 εὑ

2193 4953 2336 5020 quod
2359 4954 2594 5007 nonnulli
2625 4964 2868 5024 pereant,
2901 4957 3089 5024 inquit.
3119 4959 3187 5011 At
3210 4960 3353 5013 enim
3376 5004 3390 5025 ,
3415 4968 3471 5012 ιιι
3493 4955 3593 5023 jam
3625 4943 3732 5004 dixi.

2195 5057 2370 5111 neque
2395 5043 2575 5098 dicere
2599 5045 2860 5108 desinam,
2890 5045 2942 5100 hi
2971 5048 3287 5115 perditionis
3313 5064 3421 5103 suae
3443 5040 3737 5099 occasionem

2194 5135 2293 5187 sibi
2321 5135 2449 5204 ipsis
2486 5136 2684 5190 debent
2709 5137 2991 5206 imputare.
3019 5139 3158 5194 Nihil
3198 5141 3339 5195 enim
3380 5136 3512 5195 aliud
3539 5141 3635 5187 toto
3657 5123 3735 5178 de-

2195 5242 2354 5281 cursu
2381 5229 2642 5281 oratinnis
2666 5229 2893 5297 probare
2916 5231 3188 5286 contendi.
3217 5232 3392 5285 Dicam
3415 5240 3463 5284 et
3487 5219 3613 5277 aliud
3636 5225 3738 5284 Plic‘

2194 5319 2398 5373 clarum
2430 5318 2635 5374 facinus
2664 5320 2785 5374 inde
2811 5328 3014 5374 natum.
3035 5321 3206 5389 Quam
3239 5323 3386 5376 tuulti
3411 5324 3542 5374 larva
3564 5299 3737 5380 pictatis

2196 5409 2392 5463 obtecti
2419 5450 2433 5472 ,
2465 5425 2624 5478 quam
2663 5410 2816 5464 multi
2847 5413 3152 5466 simulatam
3182 5407 3620 5468 tmmsuetudincm
3649 5402 3738 5462 [Ir-1’-

2197 5514 2255 5553 se
2283 5498 2516 5554 ferentes
2535 5538 2552 5566 ,
2599 5515 2760 5570 quam
2791 5502 2945 5556 multi
2973 5545 2987 5566 ,
3017 5504 3106 5572 qui
3136 5505 3232 5558 viri
3264 5502 3437 5574 magni
3479 5511 3586 5551 esse
3609 5491 3733 5556 P'm“

2199 5590 2408 5655 bantur,
2443 5605 2541 5645 nec
2579 5601 2768 5656 eruit,
2800 5592 3082 5661 confestim
3133 5594 3236 5648 hoc
3277 5573 3502 5665 tempore
3542 5573 3734 5636 comm“

2201 5683 2432 5746 fuerunt,
2467 5683 2785 5754 illorumque
2815 5684 3020 5739 fallacia
3049 5685 3283 5750 detecta,
3311 5683 3444 5756 quod
3471 5680 3634 5733 erant.
3654 5673 3734 5756 πρέ

2207 5783 2526 5846 paruerunt,
2551 5790 2656 5829 non
2693 5775 2833 5844 quod
2866 5791 2960 5846 per
3001 5791 3265 5830 summam
3307 5754 3528 5830 fraudem
3560 5773 3612 5816 se
3633 5754 3732 5809 655°
