4002 6384
258 326 352 383 ὕῖθ

258 440 590 514 περιέκειντο
610 480 625 505 ,
661 442 714 496 οί
746 441 805 496 δέ
851 442 1105 513 πατρίδος
1137 439 1415 506 ἐξέπεσον,
1461 441 1511 493 οἱ
1541 439 1599 493 δέ
1642 438 1830 492 οὐσίαν

256 533 549 597 meam,
573 537 623 588 οί
648 533 709 588 δέ
747 534 889 607 πρὸς
930 534 1029 607 τὴν
1042 514 1357 607 ’ὑπερορίαν
1388 532 1827 605 μετῳκίσθησαν,

254 626 301 680 ot
330 625 387 680 δέ
418 626 770 698 ἐσφάγησαν,
793 628 845 680 οί
873 625 973 697 μὲν
996 626 1093 681 καὶ
1113 628 1179 698 τῇ
1211 627 1400 698 πείρα,
1423 627 1472 679 οἱ
1493 625 1551 679 δὲ
1572 625 1667 678 καὶ
1693 624 1828 695 μόνῃ

253 721 315 790 τῇ
340 719 689 792 γνώμῃ.Καὶ
714 720 825 793 γάρ
844 719 1088 792 δοράτων
1108 719 1518 792 γυμνουμένων,
1542 719 1636 772 καὶ
1661 717 1830 788 ξιφῶν

250 810 644 883 ἡκονημένων.
704 813 803 866 καὶ
856 812 1098 867 ἀπειλῶν
1156 811 1278 866 καθ’
1337 811 1575 883 ἑκάστην
1617 811 1829 881 ἡμέραν

249 901 574 971 γινομένων,
602 900 700 954 καὶ
727 900 836 954 τῶν
869 901 928 954 ἐν
964 900 1163 972 ἀρχαῖς
1194 898 1369 971 θυμοῦ
1404 901 1673 954 πνεόντων
1691 939 1707 963 ,
1738 901 1830 954 καὶ

248 992 427 1062 φόνων
453 992 981 1062 ἐπανατεινομένων,
1009 992 1105 1046 καὶ
1132 992 1344 1064 μυρίων
1370 992 1525 1045 εἰδῶν
1554 992 1828 1046 κολάσεων

245 1082 342 1137 καὶ
369 1083 676 1156 τιμωριῶν,
697 1085 800 1138 οὐκ
839 1079 1010 1151 εἶξαν,
1038 1083 1159 1137 οὐδὲ
1200 1084 1488 1144 ἐνέδωκαν,
1521 1083 1637 1138 ἀλλ’
1665 1084 1827 1154 έστη-

250 1191 348 1229 σαν
396 1176 494 1228 ἐπὶ
544 1174 645 1245 τῆς
677 1175 881 1245 πέτρας
926 1173 1213 1246 ἀκίνητοι,
1248 1174 1425 1229 πάντα
1463 1175 1558 1227 καὶ
1604 1174 1828 1243 ποιῆσαι

249 1264 342 1319 καὶ
384 1264 582 1319 παθεῖν
613 1264 947 1337 αἱρούμενοι,
973 1265 1114 1320 ὥστε
1154 1265 1229 1338 μὴ
1264 1265 1589 1336 κοινωνῆσαι
1617 1268 1685 1336 τῇ
1719 1283 1826 1319 πα-

251 1356 490 1428 ρανομίᾳ
519 1356 630 1410 τῶν
664 1357 731 1410 τά
763 1356 987 1411 τοιαῦτα
1020 1358 1433 1431 τετολμηκότων
1452 1397 1467 1421 ,
1506 1359 1607 1413 οὐκ
1636 1358 1826 1430 ἄνδρες

242 1447 306 1501 δὲ
342 1447 529 1518 μόνον,
553 1447 691 1501 ἀλλά
721 1449 815 1502 καὶ
845 1452 1121 1516 γυναῖκες.
1156 1450 1268 1504 Καὶ
1302 1450 1412 1523 γὰρ
1440 1435 1542 1504 καὶ
1570 1451 1826 1519 γυναῖκες

245 1536 384 1608 πρὸς
408 1536 502 1590 τὸν
528 1534 714 1605 ἀγῶνα
747 1536 1085 1592 ἀπεδύσαντο
1109 1538 1318 1605 τοῦτον,
1349 1538 1444 1593 καὶ
1469 1537 1679 1609 ἀνδρῶν
1703 1536 1828 1590 πολ-

242 1628 416 1700 λαχοῦ
479 1628 678 1700 μᾶλλον
730 1628 1072 1700 ὴνδρίσαντο.
1108 1631 1185 1687 Οὐ
1232 1633 1489 1701 γυναῖκες
1526 1630 1582 1684 δὲ
1626 1630 1788 1702 μόνον
1806 1670 1821 1696 ,

242 1718 386 1773 ἀλλά
418 1720 513 1772 καί⁵
542 1718 650 1773 νέοι
677 1721 774 1775 καὶ
812 1722 1073 1792 μειράκια
1102 1721 1324 1793 κομιδῆ.
1355 1720 1518 1775 Ταῦτ’
1546 1717 1661 1787 οῦν,
1701 1721 1823 1775 είπέ

245 1826 361 1880 μοι,
393 1809 592 1881 μικρὰ,
622 1808 875 1865 τοσοῦτον
910 1812 1081 1882 δῆμον
1119 1812 1414 1883 μαρτύρων
1440 1812 1698 1884 κερδᾶναι
1724 1811 1822 1883 τὴν

254 1901 621 1973 Ἑκκλησίανς,
652 1902 943 1975 Μάρτυρες
984 1903 1092 1975 γὰρ
1134 1903 1372 1968 ἅπαντες
1404 1898 1568 1959 οὗτοι.
1606 1903 1680 1958 Οὐ
1710 1903 1822 1975 γὰρ

239 1994 307 2064 δὴ
344 1992 512 2065 μόνον
542 1994 738 2049 ἐκεῖνοι
768 1996 816 2047 οί
847 1996 927 2058 είς
954 1996 1305 2068 δικαστήριον
1330 1995 1703 2059 ἐλκυσθέντες,
1727 1995 1822 2049 καὶ

243 2086 410 2139 θῦσαι
437 2084 821 2150 κελευσθέντες
846 2128 861 2151 ,
906 2086 1001 2139 καὶ
1057 2087 1132 2157 μὴ
1187 2087 1528 2153 πεισθέντες,
1560 2086 1822 2150 παθόντες

240 2176 389 2247 Imp
424 2174 647 2239 ἔπαθον,
682 2175 960 2247 μάρτυρες
992 2175 1058 2230 ἂν
1102 2172 1214 2230 εἷεν
1236 2193 1251 2207 ⁸
1296 2178 1434 2232 ἀλλὰ
1476 2179 1719 2232 κάκεῖνοι
1768 2179 1819 2230 οἱ

240 2269 388 2340 ὑπὲρ
415 2267 637 2323 ὁτουοῦν
666 2267 774 2321 τῶν
804 2268 883 2339 τῷ
926 2268 1045 2340 Θεῷ
1084 2269 1383 2323 δοκούντων
1412 2269 1602 2324 παθεῖν
1635 2288 1688 2323 τι
1715 2287 1819 2324 κα-

238 2360 600 2432 ταδεξάμενοι
623 2378 637 2391 ο
662 2361 758 2414 καὶ
792 2359 847 2412 εί
872 2378 956 2425 τις
998 2360 1135 2432 μετά
1165 2360 1449 2434 ἀκριϐείας
1489 2361 1818 2428 ἐξετάσειεν,

236 2443 391 2505 οὗτοι
424 2450 646 2522 μᾶλλον,
675 2450 708 2521 ἢ
754 2452 973 2505 ἐκεῖνοι.
1010 2452 1083 2504 Οὐ
1114 2450 1222 2523 γάρ
1255 2453 1400 2505 ἐστιν
1443 2451 1555 2505 ἴσον
1595 2451 1817 2524 ὀλέθρου

237 2542 487 2597 τοιούτου
520 2543 615 2596 καὶ
658 2542 934 2606 ἀπωλείας
966 2541 1146 2614 ψυχῆς
1183 2544 1608 2617 προτεινομένης
1646 2561 1817 2598 κατα-

238 2636 504 2703 δέξασθαι
541 2635 732 2689 παθεῖν
762 2653 816 2688 τι
846 2635 939 2687 καὶ
969 2633 1045 2706 μὴ
1083 2633 1515 2705 παραπολέσθαι.
1553 2634 1645 2688 καὶ
1675 2634 1818 2705 ὑπὲρ

237 2728 526 2791 ἐλάττονος
545 2724 970 2797 κατορθώματος
998 2724 1096 2797 τὴν
1116 2724 1286 2796 αὐτὴν
1304 2724 1508 2795 ταύτην
1530 2726 1818 2795 ὑπομεῖναι

237 2820 533 2892 τιμωρίαν.
560 2820 684 2872 Ὅτι
710 2817 767 2871 δέ
795 2818 892 2888 οὐχ
919 2818 966 2871 οί
1004 2817 1304 2885 σφαγέντες
1336 2815 1518 2886 μόνον,
1558 2816 1694 2870 ἀλλὰ
1721 2816 1818 2870 καὶ

234 2916 288 2968 οἱ
309 2909 821 2986 παρεσκευασμένοι
843 2911 937 2962 καὶ
952 2909 1235 2980 γενόμενοι
1253 2906 1389 2980 πρὸς
1411 2907 1568 2962 τοῦτο
1584 2908 1695 2961 ἐτοι
1702 2923 1814 2980 μοι,

240 3000 549 3077 μαρτυρίου
588 3001 852 3070 στέφανον
891 3000 1240 3071 ἀνεδήσαντο,
1272 2999 1430 3053 τοῦτό
1454 3017 1518 3053 τε
1541 2999 1695 3063 αὐτὸ,
1722 3000 1817 3053 καὶ

234 3093 268 3147 δ
306 3093 575 3166 πρότερον
617 3093 834 3163 εἴρηκα,
864 3090 946 3144 δτι
998 3093 1027 3144 ό
1054 3090 1192 3162 ὐπέρ
1236 3090 1531 3145 ἐλαττόνων
1564 3091 1813 3160 σφαγεῖς,

241 3184 456 3256 μάρτυς
485 3181 634 3235 ἐστὶν
665 3182 1097 3253 ἀπηρτισμένος,
1129 3180 1237 3234 ἀπὸ
1268 3181 1364 3251 τῆς
1390 3178 1605 3234 Παύλου
1632 3181 1817 3252 φωνῆς

239 3273 524 3341 ἀποδεῖξαι
557 3270 713 3325 τοῦτο
739 3271 1092 3341 πειράσομαι.
1128 3269 1456 3343 Ἀρξάμενος
1484 3270 1594 3342 γάρ
1618 3270 1816 3342 ἁπαριυ

240 3365 501 3438 θμεῖσθαι
530 3364 658 3429 τοὺς
687 3364 782 3417 ἐπὶ
807 3361 916 3416 τῶν
936 3362 1216 3433 προγόνων
1240 3360 1559 3433 λάμψαντας
1578 3364 1606 3415 ὁ
1636 3362 1815 3432 μακάο

241 3474 360 3531 ριος
385 3456 620 3520 Παῦλος,
654 3456 748 3510 καὶ
773 3454 872 3525 τὴν
906 3454 1080 3526 ἀρχὴν
1119 3453 1228 3508 ἀπὸ
1268 3453 1365 3508 τοῦ
1398 3452 1566 3507 ’Δεελ
1590 3453 1818 3526 ποιησά-

242 3565 437 3621 μενος,
478 3543 599 3602 εἶτα
643 3547 919 3621 προελθὼν
964 3549 1047 3611 είς
1072 3545 1165 3600 τὸν
1201 3545 1361 3612 Νῶε,
1390 3545 1482 3599 τὸν
1530 3544 1814 3616 Ἀϐραὰμ,

237 3641 333 3695 τδν
372 3639 590 3707 Ἰσαὰκ,
631 3639 723 3693 τὸν
767 3636 982 3704 Ἰακὼϐ,
1016 3638 1107 3692 τὸν
1150 3638 1418 3702 Μωῦσέα,
1445 3637 1538 3690 τὸν
1586 3635 1814 3708 Ἰησοῦν,

237 3736 332 3789 τδν
364 3733 553 3798 Δαυῖδ,
575 3733 667 3787 τὸν
703 3730 975 3804 Σαμουὴλ,
1005 3731 1100 3784 τὸν
1131 3729 1339 3792 Ἠλίαν,
1370 3729 1461 3783 τὸν
1495 3729 1813 3792 Ἐλισσαῖον,

237 3827 331 3881 τὸν
366 3824 508 3891 Ἰὼϐ,
538 3826 787 3896 ἐπήγαγε
812 3823 982 3893 λέγων
1001 3840 1014 3853 ·
1052 3822 1375 3892 Τοιγαροῦν
1399 3823 1497 3876 καί
1526 3821 1695 3890 ἡμεῖς
1717 3837 1813 3874 το-

238 3919 469 3973 σοῦτον
496 3915 739 3986 ἔχοντες
765 3914 1176 3983 περικείμενον
1208 3915 1354 3984 ἡμῖν
1382 3915 1564 3981 νέφος
1592 3912 1816 3981 μαρτύ-

231 4026 380 4078 ρων.
413 4009 671 4077 Καίτοιγε
704 4008 767 4061 οὐ
811 4007 1011 4073 πάντες
1056 4007 1370 4078 ἐσφάγησαν
1408 3998 1575 4067 οὗτοι,
1614 4001 1814 4076 μᾶλλον

236 4102 298 4155 δὲ
324 4100 449 4154 οὐδὲ
482 4095 583 4165 εἷς,
626 4099 770 4170 πλὴν
796 4099 942 4154 δυοῖν
974 4099 1007 4171 ἢ
1050 4098 1239 4173 τριῶν,
1261 4097 1357 4153 τοῦ
1390 4097 1558 4152 Ἅϐελ
1589 4099 1684 4152 καὶ
1718 4097 1812 4151 τοῦ

253 4193 531 4246 Ἰωάννοψ
566 4191 617 4245 οἱ
644 4191 703 4246 δέ
728 4190 876 4246 ἄλλοι
909 4191 1107 4255 πάντες
1131 4190 1308 4263 οἰκείᾳ
1330 4189 1553 4262 τελευτῇ
1581 4190 1672 4245 τὸν
1696 4189 1815 4260 βίον

237 4282 565 4338 κατέλυσαν.
593 4284 705 4337 Καὶ
736 4284 987 4355 Ἰωάννης
1023 4283 1081 4336 δέ
1121 4283 1285 4348 αὐτὸς
1322 4284 1383 4337 οὐ
1422 4283 1585 4337 θῦσαι
1622 4282 1812 4337 κελευ-

239 4372 394 4437 σθεὶς
423 4373 520 4427 καὶ
545 4373 619 4444 μὴ
652 4373 1089 4444 καταδεξάμενος
1116 4373 1352 4445 ἐσφάγη,
1374 4373 1497 4427 οὐδὲ
1524 4376 1605 4437 εἰς
1632 4373 1814 4446 βωμὸν

239 4464 455 4536 ἀχθεὶς,
480 4464 601 4519 οὐδὲ
630 4466 768 4537 πρὸς
811 4465 1028 4520 είδωλον
1061 4464 1363 4528 ἐλκυσθεὶς,
1389 4465 1504 4519 ἀλλ’
1537 4466 1680 4538 ὑπὲρ
1714 4469 1815 4539 ῥή·

242 4573 415 4628 ματος
454 4557 593 4621 ἑνός.
625 4555 844 4627 Ἐπειδὴ
875 4558 982 4630 γὰρ
1012 4553 1132 4611 εἷπε
1170 4556 1246 4627 τῷ
1280 4556 1516 4631 Ἡρώδῃ,
1555 4559 1677 4614 Οὐκ
1710 4558 1812 4622 ἐξ·

238 4650 376 4703 εστι
394 4664 495 4702 σοι
508 4648 672 4716 ἔχειν
693 4648 809 4716 τὴν
834 4648 1087 4717 γυναῖκα
1101 4649 1402 4704 Φιλίππου
1416 4649 1523 4703 τοῦ
1546 4649 1811 4719 ἀδελφοῦ

238 4756 384 4804 σου,
423 4740 520 4793 καὶ
562 4739 625 4793 τὸ
662 4738 1035 4811 δεσμωτήριον
1068 4741 1280 4812 ᾤκησε,
1326 4740 1421 4794 καὶ
1457 4740 1555 4812 τὴν
1600 4741 1812 4813 σφαγὴν

140 4854 157 4873 ο
236 4828 804 4913 ἐκάνψνώῇπεμεινεν.
854 4832 918 4886 Εἰ
964 4831 1020 4884 δὲ
1051 4833 1078 4883 ὀ
1107 4832 1282 4902 γάμον
1330 4832 1812 4904 παρανομούμενον

236 4914 561 4993 ἐκδικήσας,
590 4920 654 4976 τό
681 4938 745 4990 γε
770 4922 850 4986 είς
883 4921 1043 4977 αὐτὸν
1073 4917 1208 4996 ἧκον
1236 4922 1383 4994 (οὐδέ
1408 4924 1517 4995 γὰρ
1536 4922 1810 4996 διώρθωσε

238 5013 305 5068 τδ
336 5000 940 5085 κακῶςγεγενημένον,
970 5012 1122 5086 [506]
1157 5013 1268 5067 ἀλλ’
1304 5010 1426 5067 εἶπε
1463 5014 1648 5084 μόνον,
1670 5013 1810 5068 παῦ-

245 5103 420 5179 σαιδέ
457 5105 558 5160 οὐκ
586 5103 861 5175 ίσχυσεν),
907 5106 956 5158 εί
986 5106 1166 5159 τοίνυν
1207 5107 1236 5158 ὁ
1286 5104 1443 5176 μόνον
1474 5105 1677 5170 εἰπὼν,
1716 5107 1810 5159 καὶ

432 5186 647 5273 οἴκοθεν
671 5197 706 5269 ἢ
730 5196 892 5251 τοῦτο
914 5196 1260 5266 εἰσενεγκὼν,
1283 5196 1469 5268 ἐπειδὴ
1495 5198 1807 5268 ἀπετμήθη,

450 5280 480 5357 ’ν
533 5288 631 5344 καὶ
675 5289 970 5364 μαρτύρων
1011 5288 1128 5342 ἐστὶ
1166 5289 1411 5360 πρῶτος’
1458 5290 1508 5341 οῖ
1545 5292 1810 5354 τοσαύτας

144 5444 151 5453 ,
237 5368 459 5461 σφαγάς
504 5378 1023 5461 προσδοκήσαντες,
1056 5382 1150 5435 καὶ
1199 5380 1319 5451 οὐχὶ
1366 5379 1500 5450 πρὸς
1541 5378 1807 5452 Ἡρώδην,

566 5472 695 5532 τούς
731 5460 1067 5543 κρατοῦντας
1101 5474 1202 5543 τῆς
1231 5471 1555 5542 οἰκουμένης
1594 5474 1810 5544 ἁπάσης

234 5538 668 5647 ἀποξυσάξενοι,
815 5560 937 5631 οὐχὶ
962 5561 1126 5632 γάμῳ
1157 5538 1649 5633 παρανομουμένῳ,
1675 5538 1812 5615 ἀλλά

794 5653 890 5706 καὶ
931 5651 1153 5724 θεσμοῖς
1198 5650 1520 5721 Ἐκκλησίας
1567 5653 1809 5725 ima-

463 5730 869 5814 παραστάντες,
891 5745 984 5798 καὶ
1013 5745 1104 5798 διὰ
1140 5743 1249 5801 τῶν
1282 5743 1543 5816 ῥημάτων
1588 5747 1682 5813 καὶ
1720 5747 1807 5802 διὰ

528 5837 808 5902 ΡΑτιιοι..
853 5835 970 5899 Gn.
1010 5833 1139 5895 LII.

1095 325 1188 382 AD
1225 314 1356 384 EOS
1401 324 1524 393 QUI
1555 317 2059 381 SCANDALIZATI
2100 317 2305 375 sum.
2339 316 2467 372 us.
2509 315 2722 373 UNUS.

3400 315 3512 373 520

1931 432 2041 488 τῶν
2073 432 2414 504 πραγμάτων
2445 428 2757 502 παρρησίαν
2803 426 3237 498 ἐπιδειξάμενοι,
3262 427 3359 480 καὶ
3385 428 3511 482 καθ’

1932 522 2166 594 ἑκάστην
2203 520 2419 592 ἡμέραν
2451 518 2904 588 ἀποθνήσκοντες,
2937 515 3027 569 καὶ
3062 516 3254 587 ἄνδρες
3287 516 3383 570 καὶ
3411 534 3511 585 γυ-

1931 618 2111 675 ναῖκες
2139 612 2231 664 καὶ
2262 610 2473 673 παῖδες,
2497 607 2616 671 πῶς
2646 607 2747 660 οὐκ
2780 605 2847 659 ἂν
2875 602 2984 660 εἷεν
3012 605 3211 659 δίκαιοι
3247 606 3509 676 μυριάκις

1933 706 2012 766 εἰς
2040 700 2131 754 τὸν
2150 700 2259 754 τῶν
2289 699 2581 771 μαρτύρων
2608 697 2973 767 καταλεγῆναι
3005 695 3198 768 χορόν;
3232 695 3385 750 Ἐπεὶ
3412 697 3507 750 καὶ

1930 791 1959 843 ό
1997 788 2269 861 Ἀϐραάμ.
2306 788 2381 859 μὴ
2413 787 2621 856 σφάξας
2649 788 2716 857 τῇ
2771 785 2937 857 πείρᾳ
2964 785 3055 837 τὸν
3094 785 3228 842 υἱὸν,
3267 786 3334 855 τῇ
3371 801 3505 856 προο

1932 879 2078 933 θέσει
2107 877 2325 948 ἔσφαξε,
2362 876 2456 931 καὶ
2486 876 2668 946 φωνῆς
2700 875 2931 945 ἤκουσεν
2966 872 3170 927 ἀνωθεν
3215 871 3503 941 λεγούσης,

1929 971 2012 1023 ὅτι
2041 970 2161 1022 Οὐκ
2201 967 2422 1036 ἐφείσω
2459 964 2565 1018 τοῦ
2608 964 2744 1019 υίοῦ
2783 978 2900 1017 σου
2940 961 3046 1016 τοῦ
3088 960 3396 1030 ἀγαπητοῦ
3432 960 3508 1013 δι’

1931 1055 2054 1125 ἐμέ.
2079 1056 2237 1109 Οὕτω
2258 1052 2535 1123 πανταχοῦ
2561 1051 2654 1105 καὶ¹
2674 1052 2708 1122 ὴ
2728 1048 2943 1121 γνώμη,
2965 1050 3092 1103 ὅταν
3123 1047 3507 1119 ἀπηρτισμένη

1928 1140 1961 1216 ᾖ
1990 1142 2084 1195 ἐπὶ
2114 1142 2216 1211 τῆς
2242 1142 2462 1213 ἀρετῆς,
2488 1139 2778 1210 ὁλόκληρον
2807 1136 3073 1208 λαμδάνει
3100 1136 3193 1190 τὸν
3219 1135 3504 1205 στέφανον.

1931 1234 1993 1286 Εί
2037 1232 2096 1285 δὲ
2141 1234 2368 1294 ἐκεῖνος.
2401 1229 2518 1283 υἱοῦ
2568 1230 2641 1300 μὴ
2694 1228 3045 1299 φεισάμενος,
3079 1225 3251 1289 οὕτως
3300 1225 3504 1293 ἀνεκη-

1939 1320 2162 1392 ρύττετο
2196 1332 2246 1382 ιι,
2279 1313 2426 1374 οὗτοι
2480 1316 2689 1371 ἑαυτῶν
2722 1316 2796 1388 μὴ
2848 1314 3204 1385 φεισάμενοι,
3252 1312 3505 1383 ἐννόησον

1930 1409 2093 1462 πόσον
2137 1407 2394 1477 λήψονται
2436 1405 2659 1476 μισθὸν,
2695 1403 2756 1456 οὐ
2789 1403 2939 1474 μίαν,
2988 1402 3049 1455 οὐ
3094 1400 3206 1464 δύο,
3232 1399 3328 1454 καὶ
3355 1401 3505 1470 τρεῖς

1924 1497 2162 1568 ἡμέρας,
2184 1495 2298 1549 ἀλλ’
2330 1494 2621 1566 ὁλόκληρον
2644 1492 2734 1545 τὸν
2759 1490 2872 1562 βίον
2896 1490 2988 1544 ἐπὶ
3015 1489 3114 1560 τῆς
3147 1486 3504 1561 παρατάξεως

1927 1582 2208 1654 ἱστάμενοι
2248 1581 2487 1652 ταύτης,
2530 1580 2844 1651 βαλλόμενοι
2891 1577 3218 1649 λοιδορίαις,
3258 1574 3499 1645 ὕϐρεσιν,

1925 1675 2232 1744 ἐπηρείαις,
2266 1671 2667 1740 συκοφαντίαις.
2693 1667 2827 1721 Οὐδὲ
2851 1667 2960 1737 γὰρ
2990 1664 3146 1719 τοῦτο
3172 1663 3384 1735 μικρόν.
3411 1659 3503 1714 Διδ

1925 1762 2020 1815 καὶ⁹
2064 1761 2139 1823 ὡς
2174 1760 2316 1828 μέγα
2357 1758 2568 1822 Παῦλος
2607 1756 2738 1810 αὐτὸ
2772 1751 3038 1826 θαυμάζει
3073 1752 3277 1820 λέγων·
3325 1749 3504 1803 Τοῦτο

1920 1846 2035 1917 μὲν
2055 1844 2417 1916 ὀνειδισμοῖς
2446 1846 2546 1899 καὶ
2574 1844 2827 1912 θλίψεσι
2852 1837 3298 1908 θεατριζόμενοι,
3325 1835 3500 1892 τοῦτο

1923 1935 1992 1989 δὲ
2021 1933 2295 1989 κοινωνοί
2336 1932 2455 1987 τῶν
2479 1933 2635 1988 οὕτω
2677 1931 3043 1998 πασχόντων
3074 1924 3425 1997 γενηθέντες
3446 1923 3495 1976 δ.

1924 2022 1990 2075 Τί
2017 2022 2085 2077 άν
2115 2039 2203 2086 τις
2234 2022 2378 2075 εἴποι
2399 2023 2527 2085 τοὺς
2555 2020 2650 2074 καὶ
2679 2020 2877 2083 αὐτοὺς
2904 2017 3371 2086 ἀποθνήσκοντας,
3404 2012 3499 2066 καὶ

1920 2112 2048 2173 τοὺς
2079 2108 2147 2164 τά
2182 2108 2408 2163 τοιαῦτα
2449 2107 2745 2171 ἀθλοῦντας
2779 2104 3127 2172 ἀλείψαντας,
3173 2103 3266 2156 καὶ
3298 2101 3501 2171 ἄνδρας

1922 2201 2019 2252 καὶ
2040 2201 2340 2267 γυναῖκαςς
2368 2197 2565 2260 Καλῶς
2592 2196 2649 2249 δὲ
2690 2196 2887 2259 αὐτοὺς
2931 2194 3026 2247 καὶ
3068 2190 3357 2260 θαυμάζει.
3388 2188 3500 2242 Καὶ

1920 2284 2029 2357 γὰρ
2058 2285 2153 2339 καί
2178 2283 2365 2348 οὐσίας
2394 2283 2672 2337 ἐπέδωκαν
2701 2280 2916 2343 πολλοὶ,
2948 2279 3089 2333 ῶστε
3128 2279 3255 2340 τούς
3289 2273 3500 2346 δεσμώ-

1921 2390 2019 2436 τας
2053 2374 2147 2425 καὶ
2180 2372 2306 2436 τούς
2335 2371 2644 2443 ἐξορίστους
2671 2369 2816 2440 ἐχειν
2856 2369 2978 2422 τινὰ
3010 2362 3360 2437 παραμυθίαν
3398 2362 3499 2432 τῆς

1920 2459 2189 2531 τοσαύτης
2226 2459 2624 2530 ταλαιπωρίας,
2652 2458 2748 2512 καὶ
2770 2455 2868 2528 τὴν
2900 2454 3156 2527 ἁρπαγὴν
3182 2451 3290 2505 τῶν
3322 2450 3499 2519 ὐπαρ-

1919 2546 2121 2616 χόντων
2155 2546 2329 2617 ἡδέως
2358 2545 2626 2612 ἐδέξαντο,
2650 2545 2792 2598 κατὰ
2834 2544 2896 2597 τὸ
2927 2539 3281 2596 ἀποστολικδν
3322 2538 3499 2590 έκεῖνο

1917 2633 2095 2703 λόγιον
2122 2651 2136 2664 ·
2172 2634 2372 2706 ἕτεροι,
2401 2637 2451 2687 οί
2481 2634 2580 2704 μὲν
2614 2633 2893 2704 πατρίδος,
2916 2634 2965 2685 οί
2995 2631 3053 2684 δὲ
3082 2630 3177 2683 καὶ
3215 2627 3384 2695 αὐτῆς
3414 2623 3500 2688 ἐξ-

1916 2722 2221 2793 εϐλήθησαν
2242 2723 2342 2792 τῆς
2373 2719 2540 2792 ζωῆς.
2573 2720 2744 2792 Ὁρῶν
2766 2720 2944 2773 τοίνυν
2971 2715 3224 2771 τοσοῦτον
3247 2715 3495 2776 πλοῦτον,

1916 2810 2167 2864 τοσοῦτον
2196 2809 2409 2880 κέρδος,
2448 2807 2721 2879 τοσαύτην
2766 2805 3037 2877 ἐμπορίαν
3079 2806 3146 2873 τῇ
3197 2800 3496 2871 Ἐκκλησία

1920 2898 2297 2970 συνηγμένην,
2332 2895 2623 2960 τοσούτους
2668 2893 2980 2965 θησαυροὺς
3030 2889 3493 2959 ἀποτιθεμένους,

1920 2986 2089 3057 πυρὸς
2125 2985 2512 3056 σφοδροτέρους
2544 2985 2860 3054 γινομένους
2904 2982 3028 3043 τούς
3071 2978 3335 3049 πρότερον
3364 2977 3495 3028 ἀνα-

1918 3075 2300 3141 πεπτωκότας,
2344 3074 2439 3127 καὶ
2478 3075 2604 3138 τοὺς
2636 3072 2883 3143 θεάτροις
2925 3065 3385 3139 προσηλωμένους
3415 3066 3496 3126 είς

1917 3164 2015 3228 τὰς
2048 3162 2285 3235 ἐρημίας
2317 3161 2578 3228 ἐξιόντας,
2638 3161 2733 3214 καὶ
2770 3158 2870 3222 τὰς
2911 3157 3089 3219 νάπας
3133 3156 3230 3208 καὶ
3279 3153 3348 3207 τὰ
3390 3153 3492 3224 ὅρη

1917 3250 2207 3314 ποιοῦντας
2229 3250 2546 3321 ἐκκλησίας,
2572 3250 2665 3304 καὶ
2691 3246 2906 3310 οὐδενὸς
2925 3244 3211 3313 ἐξάγοντος
3233 3240 3333 3312 τὴν
3365 3240 3495 3308 ἀγέ-

1916 3338 2035 3410 λην,
2061 3341 2139 3401 εἰς
2163 3337 2262 3410 τὴν
2291 3338 2400 3391 τῶν
2429 3338 2703 3409 ποιμένων
2732 3335 2883 3398 τάξιν
2910 3331 3250 3405 μεταστάντα
3274 3328 3344 3383 τὰ
3369 3329 3495 3399 πρό-

1917 3427 2078 3490 δατα,
2114 3428 2210 3481 καὶ
2241 3428 2369 3491 τοὺς
2410 3423 2747 3497 στρατιώτας
2782 3425 2864 3487 είς
2891 3423 2988 3494 τὴν
3015 3419 3111 3474 τοῦ
3161 3416 3491 3490 στρατηγοῦ,

1916 3515 2230 3587 παρρησίας
2269 3514 2456 3568 ἕνεκεν
2507 3513 2601 3567 καὶ
2650 3512 2943 3583 ἀνδρείας,
2980 3509 3076 3563 καὶ
3108 3508 3315 3571 πάντας
3354 3505 3494 3578 μετά

1913 3605 2014 3674 τῆς
2058 3603 2440 3675 προσηκούσης
2474 3601 2822 3673 θερμότητος,
2867 3599 3130 3670 σπουδῆς,
3172 3596 3490 3668 ἐμμελείας,

1913 3696 2012 3759 τὰς
2040 3695 2286 3761 συνάξεις
2309 3692 2711 3756 ἐπιτελοῦντας,
2732 3694 2833 3746 οὐκ
2860 3691 3137 3761 ἐκπλήττῃ
3165 3689 3259 3742 καὶ
3281 3688 3492 3758 θαυμά-

1916 3784 2049 3846 ζεις,
2072 3783 2196 3835 ὅσον
2227 3784 2293 3836 ἐκ
2322 3781 2513 3836 τούτου
2540 3780 2873 3854 κατόρθωμα
2902 3779 3156 3848 γέγονεν;
3185 3777 3259 3830 Οὐ
3284 3776 3392 3847 γὰρ
3423 3776 3490 3847 δὴ

1916 3870 2078 3941 μόνον
2115 3871 2162 3923 οἱ
2193 3869 2371 3942 ὀρθῶς
2408 3869 2674 3940 βιοῦντες,
2717 3866 2855 3922 ἀλλά
2885 3866 3070 3920 πολλοὶ
3100 3865 3196 3919 καὶ
3222 3864 3330 3918 τῶν
3360 3866 3502 3935 περὶ·

1914 3959 1982 4012 τὰ
2029 3957 2233 4030 θέατρα
2275 3958 2595 4029 μεμηνότων
2645 3957 2738 4010 καὶ
2789 3953 3150 4026 ἱπποδρομίας
3192 3950 3489 4023 προσεχόν-⁵

1914 4061 2044 4111 των,
2078 4045 2182 4098 ὐπδ
2202 4045 2297 4098 τοῦ
2327 4045 2490 4116 ζήλου
2525 4044 2695 4116 πυρὸς
2733 4042 3090 4114 σφοδροτέρου
3120 4040 3484 4112 πυρωθέντες,

1916 4135 2093 4189 πᾶσαν
2122 4134 2337 4204 ἐκείνην
2366 4132 2629 4187 ἀπέθεντο
2654 4132 2753 4202 τὴν
2786 4130 3002 4202 μανίαν,
3027 4132 3123 4184 καὶ
3157 4132 3278 4182 κατ’
3305 4128 3488 4182 αὐτῶν

1914 4221 2023 4274 τῶν
2045 4220 2215 4292 ξιφῶν
2241 4221 2425 4292 σχεδὸν
2464 4221 2765 4292 ἐπήδησαν,
2799 4217 2936 4290 πρὸς
2962 4219 3229 4290 ἄρχοντας
3268 4219 3487 4288 παρρη-

1918 4308 2250 4381 σιαζόμενοι,
2278 4309 2527 4381 βασάνων
2550 4308 3037 4381 καταφρονοῦντες,
3060 4305 3298 4361 ἀπειλῶν
3325 4323 3488 4361 κατα-

1916 4397 2202 4466 γελῶντες,
2223 4396 2528 4462 δεικνύντες
2555 4398 2680 4451 ὅσον
2718 4397 2866 4450 ἐστὶν
2899 4396 3090 4469 ἀρετὴ,
3126 4396 3222 4450 καί
3243 4393 3361 4459 πῶς
3406 4394 3485 4447 ενι

1910 4487 2005 4539 τὸν
2039 4486 2245 4556 σφόδρα
2285 4484 2691 4556 ἀπολλύμενον,
2725 4487 3134 4555 μετανοήσαντα
3180 4483 3274 4536 καὶ
3323 4498 3485 4551 μετα-

1917 4576 2119 4629 στάντα
2134 4573 2285 4646 [507]
2308 4574 2480 4643 αὐτῆς
2504 4573 2746 4644 ἅψασθαι
2762 4572 2870 4626 τῶν
2891 4571 3135 4642 οὐρανῶν
3154 4570 3255 4640 τῆς
3273 4569 3478 4639 ἁψῖδος.

1915 4657 2165 4712 Τοσαῦτα
2190 4654 2283 4712 οὐν
2309 4658 2539 4728 βραδεῖα
2561 4656 2726 4728 ὁρῶν,
2742 4655 3027 4717 τοσούτους
3050 4654 3343 4723 στεφάνους
3366 4652 3484 4705 πλε-

1914 4747 2209 4816 κομένους,
2238 4744 2506 4816 τοσαύτην
2540 4743 2886 4798 διδασκαλίαν
2919 4742 3246 4813 γινομένην,
3284 4741 3479 4803 πόθεν,

1912 4831 2034 4883 εἱπέ
2066 4847 2178 4900 μοι,
2209 4829 2573 4900 σκανδαλίζῃς
2609 4828 2740 4880 Ἀπὸ
2759 4826 2868 4880 τῶν
2889 4824 3265 4888 ἀπολωλότων,
3293 4827 3457 4898 φησίν

1930 4913 2092 4977 Ἀλλ’,
2118 4915 2256 4985 ὅπερ
2277 4912 2435 4984 ἔφην,
2459 4913 2552 4966 κα)⁵
2579 4911 2751 4981 λέγων
2777 4909 2840 4962 οὐ
2869 4908 3170 4979 παύσομαι,
3192 4903 3338 4963 οῦτοι
3361 4913 3458 4964 έαυ

1917 4998 2030 5061 τοῖς
2050 4997 2450 5065 λογιζέσθωσαν
2473 4997 2572 5066 τῆς
2600 4995 2874 5058 ἀπωλείας
2890 4995 2990 5067 τὴν
3017 4995 3292 5049 ὑπόθεσιν.
3315 4995 3487 5049 τοῦτο

1911 5084 2020 5152 γὰρ
2041 5083 2106 5135 δι’
2133 5083 2255 5135 ὅλου
2277 5084 2306 5136 ό
2333 5081 2492 5151 λόγος
2512 5083 2646 5151 ἡμῖν
2667 5079 3070 5151 ἀγωνιζόμενος
3092 5077 3313 5144 ἔδειξεν.
3332 5080 3485 5134 Είπω

1912 5166 2008 5219 καὶ
2035 5166 2218 5238 ἕτερον
2251 5165 2598 5238 κατόρθωμα.
2629 5164 2795 5219 Πόσοι
2826 5165 3165 5234 προσωπεῖον
3196 5162 3484 5228 εὐλαϐείας

1910 5250 2306 5321 περικείμενοι,
2338 5250 2496 5303 πόσοι
2524 5247 2909 5320 πεπλασμένην
2941 5248 3223 5321 πραότητα
3248 5247 3480 5319 ἔχοντες.

1913 5335 2069 5388 πόσοι
2092 5333 2315 5405 μεγάλοι
2342 5334 2484 5398 τινὲς
2508 5331 2647 5387 εἶναι
2674 5331 3039 5403 νομιζόμενοι,
3063 5333 3158 5387 καὶ
3186 5333 3287 5385 οὐκ
3309 5332 3483 5396 ὄντες,

1911 5417 2106 5489 ἀθρόον
2132 5419 2229 5471 ἐπὶ
2267 5417 2361 5471 τοῦ
2400 5418 2667 5490 παρόντος
2704 5416 3100 5489 διηλέγχθησαν
3141 5415 3358 5488 καιροῦ,
3391 5416 3486 5469 καὶ

1911 5502 1977 5554 τὰ
2040 5501 2141 5572 τῆς
2191 5501 2407 5570 ἀπάτης
2451 5502 2631 5564 αὐτοῖς
2672 5498 2895 5573 διερρύη
2922 5541 2938 5566 ,
2995 5501 3090 5555 καὶ
3133 5502 3270 5569 ὅπερ
3305 5494 3484 5570 ἦσαν,

1912 5586 2212 5655 ἐφάνησαν,
2256 5586 2356 5656 οὐχ
2402 5584 2539 5655 ὅπερ
2587 5585 2945 5657 ὑπεκρίνοντο
2976 5588 3071 5640 καὶ
3102 5586 3358 5656 ὴπάτωνς
3405 5582 3483 5638 Οὐ

1973 5678 2001 5724 ί
2022 5694 2118 5742 Am
2140 5690 2524 5750 ἀνακηρύττεται.

1973 5755 2001 5795 b
2025 5757 2120 5804 Alii
2142 5757 2237 5802 τῶν
2261 5753 2412 5808 οὕτως
2429 5753 2844 5816 ἀναστρεφομένων
2867 5753 3148 5819 γενηθέντες,

3075 5832 3117 5893 9
