4002 6374
524 290 622 345 52!

501 431 721 550 ὶμικρὸν
763 430 819 484 δὲ
872 432 1062 494 τοῦτο.
1116 431 1252 485 ἀλλά
1300 435 1397 487 καὶ
1446 432 1649 505 σφόδρα
1707 433 1959 504 μέγιστον
2018 430 2095 490 εἰς

519 525 789 600 ὒφέλειαν
825 528 935 582 τῶν
992 527 1283 583 ἐθελόντων
1330 530 1653 601 προσέχειν,
1707 529 1767 583 τὸ
1804 525 2099 595 διαγνῶναι

520 629 648 691 τοὺς
679 626 906 698 ἔχοντας
932 624 1042 678 τῶν
1084 625 1374 695 προϐάτων
1402 625 1502 690 τάς
1530 625 1715 698 δοράς,
1744 624 1840 678 καὶ
1870 623 1947 695 μὴ
1972 623 2101 676 ἀνα-

525 723 817 795 μίγνυσθαι
847 723 972 787 τοὺς
998 724 1194 786 λύκους
1219 724 1347 787 τοὺς
1378 721 1520 775 οῦτω
1548 720 1961 794 κρυπτομένους
1989 723 2102 784 τοῖς

521 823 688 887 ὅντως
718 821 1032 894 προϐάτοις.
1059 823 1171 877 Καὶ
1198 822 1307 893 γάρ
1338 820 1565 892 κάμινος
1595 822 1819 889 γέγονεν
1851 820 1880 873 6
1911 820 2103 891 καιρὸς

521 912 696 982 οὗτος,
727 920 795 972 τά
833 918 1035 989 χαλκὸν
1061 918 1255 989 ἔχοντα
1288 917 1392 971 τῶν
1413 918 1768 989 νομισμάτων
1791 916 2101 987 διελέγχων,

520 1015 611 1068 τὸν
647 1014 897 1085 μόλιϐδον
938 1016 1289 1087 κατατήκων,
1336 1016 1435 1085 τὴν
1470 1013 1725 1085 καλάμην
1767 1013 2101 1075 κατακαίων,

522 1112 621 1176 τὰς
650 1113 839 1183 τιμίας
870 1111 1001 1177 ὕλας
1038 1112 1372 1184 τιμιωτέρας
1397 1112 1737 1180 ἀποφαίνων.
1763 1109 1935 1165 Τοῦτο
1958 1113 2053 1164 καὶ
2079 1112 2107 1164 6

506 595 515 617 ί

525 1210 737 1275 Παῦλος
770 1210 1054 1281 σημαίνων
1084 1209 1239 1278 ἔλεγε
1257 1224 1270 1240 ·
1301 1207 1401 1262 Δεῖ
1419 1207 1488 1262 δὲ
1518 1207 1615 1262 καὶ
1644 1207 1906 1276 αἱρέσεις
1932 1202 2105 1271 εἶναι,

525 1311 624 1363 ἵνα
649 1313 701 1363 οἱ
732 1309 965 1378 δόκιμοι
993 1307 1241 1378 φανεροὶ
1267 1305 1557 1377 γένωνται
1579 1305 1648 1360 ἐν
1676 1305 1839 1374 ὑμῖν.

599 1428 739 1495 Κεφ.
766 1431 832 1479 κ’.
868 1424 1048 1494 Μηδὲν
1068 1423 1163 1477 οὖν
1186 1440 1245 1476 σε
1264 1423 1466 1477 τούτων
1497 1421 1908 1485 σκανδαλιζέτω,
1939 1421 2016 1492 μὴ
2038 1422 2113 1473 ἱε-

532 1525 657 1596 ρεὺς
678 1523 771 1576 νῦν
794 1521 993 1591 φαῦλος
1009 1520 1393 1591 γεγενημένος,
1408 1519 1501 1574 καλ⁵
1516 1518 1677 1572 λύκου
1701 1517 1900 1582 παντὸς
1916 1515 2113 1588 ἀγριώ-

530 1638 687 1691 τερον
714 1619 993 1691 ἐπιπηδῶν
1013 1622 1079 1689 τῇ
1102 1618 1293 1689 ἀγέλῃ.
1321 1617 1396 1689 μὴ
1436 1616 1543 1669 τῶν
1564 1616 1858 1687 ἀρχόντων,
1898 1614 1973 1687 μὴ
2001 1614 2110 1668 τῶν

532 1720 877 1789 κρατούντων
906 1735 990 1782 τις
1019 1717 1219 1789 πολλὴν
1247 1716 1504 1788 ὠμότητα
1531 1714 1956 1784 ἐνδεικνύμενος.
1989 1714 2109 1768 Ἐν-

531 1820 720 1889 νόησον
736 1817 868 1888 γοῦν
894 1819 977 1873 ὅτι
1003 1817 1097 1872 καὶ
1111 1818 1204 1870 ἐπὶ
1228 1817 1335 1871 τῶν
1351 1816 1662 1871 ἀποστόλων
1685 1816 1882 1886 συνέϐη
1909 1813 2112 1868 τούτων

531 1916 907 1988 χαλεπώτερα.
933 1916 1003 1970 ’0
1031 1932 1090 1969 τε
1118 1914 1230 1988 γὰρ
1254 1914 1473 1987 κρατῶν
1505 1914 1626 1968 τότε
1653 1914 1716 1968 16
1740 1912 2115 1985 σκῆπτρον,τὺ

535 2016 832 2086 μυστήριον
853 2012 954 2084 τῆς
991 2013 1221 2084 ἀνομίας
1239 2007 1308 2084 ἦν
1337 2010 1502 2084 (οὕτω
1521 2010 1632 2082 γάρ
1666 2010 1830 2065 αὐτὸν
1853 2012 1883 2064 6
1904 2008 2115 2074 Παῦλος

532 2114 815 2185 ἐκάλεσε),
870 2114 978 2168 πᾶν
1021 2108 1159 2176 εἶδος
1212 2111 1414 2173 κακίας
1461 2107 1724 2175 ἐπελθὼν,
1773 2109 1867 2163 καί
1904 2110 2116 2171 πάντας

533 2210 859 2282 ἀποκρύψας
886 2212 950 2282 τῇ
979 2209 1234 2281 πονηρίᾳ,
1276 2207 1390 2262 ἀλλ’
1412 2206 1566 2262 ούδὶν
1589 2205 1713 2260 οὔτε
1739 2206 1841 2278 τὴν
1885 2205 2116 2277 Ἐκκλη-

536 2312 679 2376 σίαν,
698 2308 820 2365 οὔτε
840 2309 965 2370 τοὺς
986 2307 1266 2377 γενναίους
1292 2307 1533 2371 ἐκείνους
1549 2306 1747 2377 ἄνδρας
1792 2303 1951 2358 τοῦτο
1974 2319 2118 2375 παρ-

536 2408 794 2479 έϐλαψεν,
845 2406 983 2461 ἀλλὰ
1032 2407 1127 2460 καὶ
1147 2405 1563 2477 λαμπροτέρους
1616 2404 1925 2475 ἀπέφηνεν*
1970 2402 2117 2454 οἵτε

540 2508 707 2579 ἱερεῖς
738 2506 848 2559 τῶν
886 2504 1152 2559 Ἰουδαίων
1185 2503 1329 2557 οὕτω
1360 2502 1554 2573 φαῦλοι
1587 2503 1682 2557 καὶ
1703 2499 1928 2573 πονηροί
1974 2515 2119 2562 τινες

537 2600 699 2677 ἦσαν,
730 2604 804 2666 ὡς
830 2602 1145 2657 κελεύεσθαι
1172 2614 1197 2643 α
1225 2602 1315 2655 τὸν
1345 2599 1504 2673 ζῆλον
1532 2599 1711 2655 αὐτῶν
1739 2597 1833 2652 τοῦ
1865 2597 1981 2669 βίου
1998 2595 2121 2665 φεύ-

545 2719 681 2771 γειν·
710 2702 834 2754 Ἐπὶ
857 2702 965 2773 γὰρ
989 2700 1100 2769 τῆς
1123 2698 1416 2764 Μωῦσέως
1436 2677 1752 2765 καθέδρας,
1780 2695 1965 2766 φησὶν,
1982 2692 2108 2748 ἐκά-

545 2808 727 2858 θισαν
753 2805 807 2856 οἱ
826 2798 1182 2871 γραμματεῖς
1203 2797 1299 2851 καὶ
1320 2799 1373 2850 ol
1394 2795 1703 2865 Φαρισαῖοι
1723 2812 1736 2825 ⁸
1765 2791 1963 2848 πάντα
1983 2787 2118 2858 οὖν,

539 2900 658 2955 ὅσα
681 2901 757 2955 ἂν
773 2899 1034 2970 λέγωσιν
1058 2895 1202 2967 ὑμῖν
1234 2894 1447 2958 ποιεῖν,
1485 2893 1736 2948 ποιεῖτε·
1769 2891 1924 2946 κατὰ
1948 2889 2017 2944 δὲ
2049 2889 2122 2944 τὰ

539 3001 685 3071 ἔργα
714 2996 913 3053 αὐτῶν
938 2997 1026 3067 μὴ
1065 2994 1318 3050 ποιεῖτε·
1361 2993 1535 3048 καίτοι
1560 2991 1612 3046 τί
1637 2990 1832 3061 γένοιτ’
1862 2989 1928 3044 ἂν
1959 3005 2125 3060 πονη-

545 3099 767 3170 ρότερον
802 3094 1013 3167 ἱερέων,
1064 3086 1139 3146 ὦν
1173 3094 1201 3145 6
1227 3089 1388 3162 ζῆλος
1436 3088 1723 3144 ἀπολλύειν
1778 3085 1969 3158 ἔμελλε
2000 3084 2124 3148 τοὺς

551 3193 947 3266 μιμουμένους;
974 3189 1111 3244 Ἀλλ’
1135 3189 1281 3258 ὅμως
1314 3187 1408 3241 καὶ
1428 3185 1682 3240 τοιούτων
1701 3184 1867 3238 όντων
1884 3181 1989 3237 τῶν
2006 3182 2125 3235 τότε

548 3292 914 3364 κρατούντων,
954 3290 1003 3343 οί
1039 3287 1372 3358 λάμψαντες,
1424 3284 1475 3337 οἱ
1507 3281 1943 3352 στεφανωθέντες
1976 3278 2127 3333 οὐδὲν

551 3389 997 3465 παρεϐλάϐησαν,
1025 3386 1163 3440 άλλά
1191 3384 1451 3456 μειζόνως
1472 3378 1932 3451 ἐδοξάσθησαν.οὺ
1949 3375 2128 3430 τοίνυν

554 3489 855 3558 ξενίζεσθαι
880 3489 988 3562 χρὴ
1013 3489 1125 3549 τοῖς
1156 3482 1482 3555 γινομένοις.
1501 3477 1785 3551 Πανταχοῦ
1808 3476 1916 3550 γὰρ
1945 3492 2131 3547 πειρα·

555 3592 683 3662 σμοὶ
707 3592 822 3653 τοῖς
868 3586 1128 3659 νήφουσίν
1175 3585 1282 3637 εἱσι
1316 3578 1755 3654 παρεζευγμένοι
1785 3577 1893 3630 ἀπὺ
1917 3574 2025 3628 τῶν
2055 3576 2133 3628 οἰ-

553 3690 737 3758 κείων,
768 3687 876 3743 ἀπὸ
900 3685 1008 3740 τῶν
1029 3683 1343 3754 ἀλλοτρίων.
1369 3678 1470 3734 Διά
1494 3677 1651 3733 τοῦτο
1677 3678 1771 3732 καὶ
1798 3675 2011 3739 Παῦλος
2034 3674 2133 3739 τάς

554 3787 781 3858 νιφάδος
812 3782 955 3857 ὁρῶν
986 3781 1096 3835 τῶν
1139 3778 1403 3834 κινδύνων
1422 3776 1521 3840 τὰς
1556 3773 1904 3846 ἐπαγομένας
1928 3772 2130 3836 αὐτοῖς,

554 3887 651 3940 καὶ
700 3880 952 3945 δεδοικὼς
981 3880 1055 3951 μή
1088 3894 1231 3942 τινες
1253 3875 1357 3930 τῶν
1397 3872 1656 3946 μαθητῶν
1690 3870 1940 3925 ἐντεῦθεν
1976 3870 2137 3938 θορυ-

559 3984 789 4058 ϐηθῶσι,
822 3979 1050 4052 γράφων
1083 3976 1300 4044 ἔλεγεν·
1354 3973 1640 4041 Ἐπεμψα
1678 3966 1821 4039 ὑμῖν
1852 3965 2138 4037 Τιμόθεον

558 4087 644 4151 εὶς
660 4082 727 4137 τὸ
735 4077 969 4151 μηδένα
994 4074 1309 4129 σαίνεσθαι
1343 4070 1413 4123 ἐν
1439 4069 1569 4135 ταῖς
1586 4067 1835 4135 θλίψεσι
1862 4064 2133 4128 ταύταις·

560 4181 730 4235 αὐτοὶ
756 4176 866 4248 γὰρ
889 4173 1088 4227 οἴδατε
1119 4169 1208 4223 ὅτι
1237 4170 1324 4234 εἰς
1353 4164 1528 4220 τοῦτο
1552 4164 1812 4233 κείμεθα.
1838 4164 1904 4215 Ὃ
1917 4161 1975 4214 δέ
1986 4160 2138 4230 λέγει

560 4275 799 4334 τοιοῦτόν
833 4274 979 4325 ἐστιν
1000 4287 1011 4299 ·
1040 4260 1207 4329 Οὗτος
1233 4263 1390 4335 ἡμῶν
1411 4265 1439 4316 6
1461 4260 1596 4332 βίος,
1621 4261 1759 4330 αῦτη
1783 4258 1881 4331 τῆς
1904 4260 2137 4312 ἀποστο-

561 4379 720 4445 λικῆς
747 4368 1020 4429 πολιτείας
1049 4366 1082 4435 ἡ
1113 4359 1422 4423 ἀκολουθία,
1449 4358 1509 4412 16
1538 4357 1706 4429 μυρία
1726 4357 1953 4427 πάσχειν
1970 4353 2137 4409 κακά.

562 4475 666 4540 Εἰς
696 4470 875 4526 τοῦτο
900 4467 1008 4539 γὰρ
1030 4461 1290 4533 κείμεθα,
1309 4456 1465 4531 φησί.
1525 4454 1590 4508 Τί
1616 4456 1781 4518 ἐστιν,
1815 4454 1918 4519 Εἰς
1963 4450 2143 4506 τοῦτο

564 4572 845 4643 κείμεθα;
869 4566 1079 4631 Ὥσπερ
1116 4560 1185 4614 τά
1209 4556 1345 4611 ώνια
1366 4556 1445 4619 είς
1467 4553 1627 4608 τοῦτο
1654 4552 1951 4623 παρῆκται,
1982 4553 2063 4615 εἰς
2082 4550 2143 4604 16

565 4670 716 4746 [508]
748 4663 1062 4726 πωλεῖσθαι,
1085 4657 1228 4712 οὕτω
1260 4654 1356 4710 καὶ
1383 4655 1412 4706 6
1434 4652 1789 4715 ἀποστολικὺς
1832 4650 1945 4721 βίος
1974 4651 2054 4713 είς
2082 4647 2145 4701 16

565 4745 922 4839 λοιδορεῖσθαι
952 4760 1047 4816 καὶ
1079 4758 1158 4821 εἰς
1186 4755 1247 4809 16
1272 4753 1502 4824 πάσχειν
1530 4748 1739 4813 κακῶς,
1783 4749 1863 4812 εἰς
1884 4747 1947 4800 16
1978 4745 2146 4817 μηδέ-

569 4881 702 4921 ποτε
732 4861 1009 4921 ἀναπνεῖν,
1034 4857 1112 4920 εἰς
1136 4854 1196 4907 16
1222 4849 1497 4923 μηδεμίαν
1526 4847 1669 4919 ἔχειν
1696 4847 2002 4917 ἀνακωχήν.
2037 4844 2147 4899 Καὶ

568 4962 684 5016 ὅσοι
716 4958 999 5028 νήφουσιν,
1026 4952 1088 5004 οὐ
1117 4950 1277 5021 μόνον
1315 4946 1469 5001 οὐδὲν
1507 4942 1759 4999 ἐντεῦθεν
1795 4943 2144 5015 βλάπτονται,

571 5055 710 5115 ἀλλά
731 5054 827 5108 καὶ
849 5049 1107 5122 μειζόνως
1129 5045 1489 5119 κερδαίνουσι.
1518 5043 1609 5097 Διὸ
1631 5042 1726 5097 καὶ
1741 5040 1980 5105 τούτους,
2013 5038 2149 5111 μετά

570 5154 635 5209 16
655 5150 862 5225 μαθεῖν,
890 5148 972 5201 ὅτι
988 5147 1250 5218 ἑστήκασι
1277 5141 1563 5211 γενναίως,
1581 5136 1886 5210 θαυμάζει·
1906 5138 2002 5191 καὶ
2023 5136 2150 5208 περὶ

574 5251 778 5323 ἐτέρων
810 5246 867 5300 δὲ
897 5242 1071 5298 ταῦτα
1096 5242 1265 5310 λέγει,
1287 5242 1372 5295 ὅτι
1400 5238 1538 5312 μετὰ
1564 5237 1636 5292 τά
1665 5236 1840 5308 δεσμά
1870 5233 2036 5289 αὑτοῦ
2057 5234 2151 5286 καὶ⁵

572 5351 673 5414 τάς
708 5344 925 5407 ἁλύσεις
947 5338 1347 5413 περισσοτέρως
1373 5337 1615 5408 ἐτόλμων
1634 5334 1851 5405 ἀφόϐως
1882 5331 1976 5386 16v
1997 5331 2152 5399 λόγον

573 5446 774 5502 λαλεῖν.
810 5442 878 5496 Τί
904 5440 993 5495 δαὶ
1025 5439 1118 5492 ἐπὶ
1139 5436 1440 5500 Μωῦσέως,
1471 5435 1590 5489 είπέ
1627 5450 1745 5505 μοι;
1774 5434 1832 5485 ἐν
1857 5431 1997 5503 μέσῃ
2021 5428 2148 5500 βαρο

577 5514 761 5615 ϐάρων
788 5538 942 5611 χώρᾳ
960 5536 1061 5591 οὐκ
1084 5534 1293 5615 ἀφῆκεν
1314 5535 1342 5588 ό
1365 5532 1498 5596 Θεὸς
1526 5531 1619 5585 καὶ
1646 5529 1856 5601 μάγους
1881 5528 1950 5581 τά
1976 5525 2155 5580 αὐτῶν

578 5612 981 5702 ἐπιδείξασθαις
1009 5612 1132 5703 ούχλ.
1153 5632 1247 5686 καὶ
1261 5628 1466 5699 ταύτης
1490 5627 1761 5698 μέμνηται
1785 5625 1885 5694 τῆς
1917 5623 2155 5693 ἱστορίας

644 5769 672 5798 ⁸
695 5766 843 5817 Savil.
866 5769 917 5817 in
936 5779 1091 5829 marg.
1112 5764 1245 5814 addit
1266 5763 1375 5820 τοὺς
1409 5762 1570 5818 λαούς.

1238 291 1294 345 S.
1334 291 1623 350 JOANNIS
1660 287 2159 349 CIIRYSOSTOMI
2194 288 2519 347 ARCHIEP.
2554 286 3106 346 CONSTANTINOP.

3711 283 3810 342 582

2196 428 2225 479 6
2257 427 2500 495 Παῦλος;
2541 431 2652 482 Ὃν
2674 429 2897 496 τρόπον
2945 426 3014 478 δὲ
3061 421 3312 491 Ἰαννῆς
3341 421 3447 475 καὶ
3494 420 3809 490 Ἰαμϐρῆς.

2199 525 2383 595 φησιν,
2416 526 2804 593 ἀντέστησαν
2823 500 3084 584 Μωϋέεῖ,
3116 520 3279 575 οὕτω
3305 518 3417 572 καὶ
3448 512 3623 573 οὗτοι
3654 519 3813 573 dra.

2200 622 2532 690 στήσονται
2570 620 2641 689 τῇ
2680 620 2951 687 ἀληθείᾳ.
2998 610 3169 681 Οὗτος
3232 614 3520 669 οὐδέποτε
3554 613 3812 669 ἐπέλιπεν

2201 718 2324 773 οὔτε
2360 718 2426 773 τά
2461 718 2753 785 σκάνδαλα,
2780 716 2902 775 οὕτε
2929 712 3441 785 οἱστεφανούμενοι
3471 711 3566 766 διά
3589 710 3810 767 τούτων.

2202 815 2366 869 Ταῦτ’
2389 811 2482 869 οὖν
2520 815 2735 869 ἅπαντα
2765 812 2999 883 λογίζου,
3020 811 3116 865 καὶ
3144 809 3218 882 μὴ
3250 809 3448 864 ταῦτα
3467 808 3657 879 μόνον,
3684 808 3812 862 ἀλλά

2203 913 2300 966 καὶ
2331 913 2454 967 ὅσον
2478 911 2667 984 κέρδος
2688 910 2797 965 ἀπὸ
2820 909 2912 962 τοῦ
2942 908 3277 978 πράγματος
3310 905 3544 976 γέγονε.
3580 907 3812 961 Κάκεῖνο

2207 1011 2430 1075 σκόπει,
2475 1008 2560 1062 ὅτι
2604 1010 2701 1062 καὶ
2739 1006 2916 1078 ἕτεροί
2954 1004 3101 1068 τινές
3128 1006 3276 1057 εἰσιν
3308 1002 3637 1074 ἀπόρρητοι
3669 1001 3812 1069 λόγοι

2203 1106 2439 1160 τούτων’
2472 1105 2532 1158 οὐ
2560 1103 2669 1177 γάρ
2695 1104 2874 1157 πάντα
2902 1102 3101 1156 ειδέναι
3123 1102 3279 1172 ἡμᾶς
3308 1099 3553 1153 δυνατόν
3574 1116 3588 1129 α
3622 1098 3715 1152 καὶ
3734 1099 3807 1151 ὅτι

2207 1205 2273 1257 τά
2300 1204 2641 1276 χρηστότερα
2674 1204 3046 1274 ἀπαντήσεται
3083 1199 3221 1269 μετά
3246 1197 3463 1260 ταῦτα,
3495 1197 3595 1250 καὶ
3621 1195 3809 1249 πλείων

2208 1304 2241 1374 ἡ
2270 1302 2730 1374 παραδοξοποιίαο
2768 1297 2957 1371 ὥσπερ
2996 1294 3087 1353 οὖν
3114 1298 3206 1352 ἐπὶ
3255 1296 3360 1350 τοῦ
3409 1295 3618 1365 Ἰωσὴφ
3653 1296 3685 1364 ή
3715 1290 3806 1364 μὲν

2208 1399 2353 1472 ἀρχὴ
2403 1398 2685 1453 δυσκολίαν
2729 1393 2877 1468 εἶχε,
2936 1397 3030 1449 καὶ
3068 1396 3228 1467 μέχρι
3279 1391 3495 1448 πολλοῦ
3531 1390 3724 1463 προῄει
3748 1390 3811 1443 τὲ

2210 1496 2531 1568 πράγματα,
2562 1494 2893 1557 ἀπεναντίας
2922 1489 3059 1547 εἶναι
3082 1491 3355 1545 δοκοῦντα
3383 1492 3454 1562 τῇ
3489 1488 3802 1558 ὑποσχέσειο

2211 1593 2438 1665 ὕστερον
2484 1593 2543 1645 δὲ
2584 1590 2804 1664 μείζονα
2853 1591 2962 1643 τῶν
3018 1587 3526 1661 προσδοκηθέντων
3574 1585 3802 1655 ἐγένετο.

2210 1690 2321 1744 Καὶ
2354 1688 2447 1743 ἐπὶ
2474 1686 2567 1743 τοῦ
2604 1686 2837 1759 σταυροῦ
2874 1687 2932 1741 δέ
2965 1685 3065 1739 οὐκ
3100 1684 3338 1748 εὐθέως,
3383 1683 3516 1737 οὐδὲ
3547 1685 3606 1736 ἐν
3631 1698 3800 1753 προοιε

2215 1788 2359 1859 μίοις
2398 1788 2493 1841 καλ⁵
2520 1787 2579 1839 ἐν
2606 1787 2751 1857 ἀρχῇ
2784 1785 2845 1838 16
2878 1781 3208 1853 κατόρθωμα
3249 1781 3412 1836 ἆπαν
3448 1778 3800 1849 ἐϐλάστησεν,

2212 1884 2347 1940 ἀλλά
2370 1885 2430 1936 16
2459 1882 2558 1955 μὲν
2587 1882 2882 1936 σκάνδαλον
2903 1878 3119 1952 προῄει,
3149 1879 3245 1932 καὶ
3272 1878 3443 1947 ὀλίγα
3471 1875 3599 1930 τινά
3621 1875 3796 1943 γέγονε

2213 1986 2413 2057 σημεῖα
2467 1981 2742 2052 θαύματος
2787 1979 2972 2033 ἕνεκεν
3023 1976 3117 2030 καὶ
3146 1976 3247 2048 τῆς
3297 1973 3651 2046 διορθώσεως
3702 1971 3800 2023 τῶν

2212 2081 2385 2136 ταῦτα
2410 2079 2819 2152 τολμησάντων,
2866 2077 2961 2131 καὶ
3017 2074 3220 2138 εὐθέως
3265 2073 3498 2128 ἅπαντα
3537 2071 3793 2143 παρέδραο

2217 2198 2337 2251 μεν.
2363 2178 2424 2232 ΕΞ
2453 2177 2561 2250 γάρ
2603 2176 2696 2231 καὶ
2722 2176 2784 2230 16
2812 2173 3213 2244 καταπέτασμα
3259 2171 3501 2243 ἐσχίσθη
3552 2169 3646 2222 τοῦ
3683 2164 3797 2220 ναοῦ

2213 2277 2355 2339 τότε,
2405 2274 2502 2329 καὶ¹
2549 2274 2748 2345 πέτραι
2776 2272 3116 2345 ἐρῤάγησαν,
3147 2269 3243 2324 καὶ
3296 2269 3462 2339 ἥλιος
3502 2263 3793 2332 ἐσκοτίσθη,

2215 2374 2353 2430 ἀλλά
2386 2373 2561 2429 ταῦτα
2593 2373 2650 2425 ἐν
2690 2371 2791 2443 μιᾷ
2820 2369 3008 2441 ἡμέρᾳ
3035 2369 3131 2422 καὶ⁵
3168 2369 3229 2421 ἐν
3254 2366 3407 2439 λήθῃ
3438 2365 3631 2434 γέγονε
3661 2361 3795 2432 παρὰ

2213 2473 2327 2535 τοῖς
2350 2468 2585 2533 πολλοῖς.
2618 2467 2774 2522 Μετά
2799 2465 2857 2520 δὲ
2876 2465 3049 2520 ταῦτα
3078 2462 3287 2527 εὐθέως
3316 2464 3378 2516 ἐν
3420 2463 3569 2532 φυγῇ
3594 2461 3643 2512 οἱ
3669 2456 3791 2512 ἀπό-

2218 2567 2414 2626 στολοι,
2438 2567 2496 2620 ἐν
2523 2563 2727 2631 διώξει,
2758 2564 2818 2617 ἐν
2863 2562 3144 2633 πολέμοις,
3176 2561 3237 2614 ἐν
3273 2556 3622 2619 ἐπιϐουλαῖς,
3677 2552 3790 2604 λαν-

2219 2667 2493 2730 θάνοντες,
2546 2662 2935 2735 κρυπτόμενοι,
2975 2659 3304 2726 δεδοικότες,
3361 2653 3788 2723 καταλευόμενοι,

2217 2762 2362 2817 οὓτω
2389 2761 2483 2816 τὸν
2514 2759 2673 2830 λόγον
2709 2759 3007 2830 ἐκήρυττον
3026 2772 3039 2787 ·
3077 2755 3172 2809 καὶ
3216 2756 3279 2809 ἐν
3308 2752 3604 2822 δυναστείᾳ
3642 2746 3789 2816 πολλῇ

2219 2858 2329 2913 τῶν
2383 2857 2654 2913 Ἰουδαίων
2707 2858 2737 2910 6
2781 2854 2953 2926 δῆμος
2972 2895 2988 2920 ,
3044 2853 3292 2922 ἀγόντων
3321 2892 3335 2912 ,
3394 2845 3752 2921 περιαγόντων
3773 2881 3785 2899 .

2225 2952 2954 3028 έλκόντων,σπαραττὸντων
2970 2950 3098 3015 τοὺς
3140 2947 3529 3008 πιστεύοντας.
3566 2940 3669 2996 Καὶ
3698 2937 3789 3006 γὰρ

2221 3052 2349 3115 τοὺς
2384 3050 2651 3122 ἄρχοντας
2692 3046 2811 3119 μεθ’
2852 3045 3064 3101 ἑαυτῶν
3110 3045 3331 3115 ἔχοντες
3354 3085 3373 3111 ,
3418 3041 3539 3097 καθ’
3577 3038 3787 3101 ἑκάστην

2221 3144 2359 3220 ἦγον
2407 3148 2502 3202 καὶ
2542 3144 2808 3217 περιῆγον
2849 3145 2978 3208 τοὺς
3021 3141 3385 3204 ἀποστόλους.
3428 3138 3541 3193 Kal
3581 3135 3632 3188 τί
3666 3132 3788 3198 λέγω

2223 3245 2333 3299 τῶν
2365 3243 2633 3299 Ἰουδαίων
2664 3243 2756 3297 16v
2782 3241 2953 3312 δῆμον
2992 3240 3088 3295 καὶ.
3114 3240 3423 3311 άρχοντας;
3457 3229 3553 3296 Εἷς
3584 3226 3787 3299 σκηνορο

2228 3342 2418 3413 ράφος,
2474 3339 2603 3411 περὶ
2653 3339 2901 3410 δέρματα
2949 3335 3366 3407 ήσχολημένος,
3405 3334 3435 3386 6
3478 3326 3682 3388 Παῦλος
3714 3318 3786 3393 (τί

2226 3438 2283 3491 δὲ
2313 3436 2692 3509 σκηνορρἀου
2743 3431 3191 3505 εὐτελέστερονς)
3249 3428 3492 3499 τοσαύτῃ
3550 3422 3783 3492 ἐκέχρητο

2227 3539 2295 3607 τῇ
2329 3535 2516 3605 μανίᾳ.
2532 3534 2609 3597 ὡς
2639 3530 2824 3605 σύρειν
2848 3529 3047 3601 ἄνδρας
3071 3528 3167 3582 καὶ
3192 3528 3490 3596 γυναῖκας,
3517 3520 3610 3574 καὶ
3630 3530 3782 3585 παρα-

2228 3633 2428 3688 διδόναι
2448 3633 2527 3696 είς
2557 3630 2834 3701 φυλακήνσ
2861 3628 2999 3682 καὶὸ
3022 3625 3364 3697 σταυρωθεὶς
3380 3620 3622 3693 ἠνείχετο
3636 3611 3785 3666 ταῦτα

2229 3732 2393 3806 ὁρῶν.
2432 3732 2598 3787 Ἀλλά
2617 3732 2719 3803 ὅρα
2752 3730 2869 3795 πῶς
2902 3727 3042 3801 μετά
3063 3726 3240 3782 ταῦτα
3259 3716 3421 3788 οὗτός
3446 3739 3513 3775 1e
3532 3721 3560 3772 6
3580 3712 3786 3776 διώκτης

2232 3831 2442 3894 πάντας
2495 3828 2925 3904 ύπερηκόντισε,
2965 3825 3063 3880 καὶ
3117 3825 3180 3878 16
3235 3823 3476 3896 πρᾶγμα
3528 3813 3660 3882 ὑπὲρ
3708 3806 3784 3859 τὸν

2231 3929 2383 4004 ἥλιον
2410 3926 2691 3999 διέλαμψε,
2725 3925 2821 3979 καὶ
2850 3925 3030 3978 πᾶσαν
3059 3920 3293 3992 κατέσχε
3335 3918 3438 3989 τὴν
3469 3906 3781 3979 οἰκουμένην·

2306 4054 2449 4122 Κεφ.
2477 4048 2585 4106 κα’.
2616 4050 2680 4103 El
2702 4047 2762 4103 δὲ
2792 4046 2991 4116 λέγοις,
3019 4045 3131 4099 Καὶ
3161 4044 3308 4107 τίνος
3327 4042 3513 4097 ἕνεκεν
3541 4034 3629 4089 καλ⁸
3657 4031 3708 4083 ἐν
3727 4024 3782 4093 τῇ

2236 4148 2453 4218 Παλαιᾷ
2484 4147 2580 4202 καὶ
2604 4147 2663 4200 ἐν
2694 4147 2761 4216 τῇ
2795 4145 2971 4214 Καινῇ
3001 4140 3247 4195 τοσοῦτοι
3292 4138 3543 4199 κίνδυνοι,
3571 4123 3783 4183 τοσοῦτοι

2237 4215 2554 4317 πειρασμοὶ,
2608 4215 2869 4296 τοσαῦται
2916 4238 3241 4303 ἐπιϐουλαί;
3290 4234 3529 4308 μάνθανε
3579 4225 3667 4280 καὶ
3700 4215 3781 4317 τὴν

2238 4314 2555 4406 αἰτίαν.Τίς
2568 4335 2713 4410 οὖνὴ
2740 4338 2917 4404 αίτία;
2950 4336 3265 4405 Παλαίστρα
3293 4337 3323 4388 6
3339 4328 3526 4401 παρὼν
3543 4323 3648 4395 βίος
3667 4314 3780 4373 ἐστὶν

2239 4442 2541 4513 γυμνάσιον
2567 4440 2663 4495 καὶ
2691 4437 2861 4507 ἁγὼν,
2901 4437 3287 4508 χωνευτήριον,
3343 4429 3560 4503 βαφεῖον
3589 4412 3778 4488 ἀρετῆς·

2244 4541 2455 4612 Ὥσπερ
2480 4535 2573 4594 οῦν
2604 4539 2654 4592 οἱ
2686 4533 3011 4604 σκυτοδέψαι
3046 4531 3117 4586 τά
3162 4532 3410 4603 δέρματα
3449 4517 3779 4612 λαμϐάνοχῖξξ

2246 4637 2511 4708 στύφουσι
2541 4636 2830 4709 πρότερον,
2865 4629 3268 4692 κατατείνουσι,
3300 4623 3520 4680 παίουσι
3538 4614 3627 4669 καὶ
3652 4597 3781 4680 [509]

2244 4703 2443 4815 τοίχοις
2463 4738 2557 4792 καὶ
2572 4703 2742 4798 λίθοις
2762 4731 3235 4804 προσαράσσοντες
3256 4726 3350 4781 καὶ
3366 4720 3572 4791 ἑτέραις
3591 4703 3781 4815 (fuam;

2247 4803 2564 4913 θεραπείαις
2593 4832 2731 4887 αύτά
2758 4831 3085 4900 ποιήσαντες
3109 4825 3391 4895 ἐπιτήδεια
3408 4816 3539 4888 πρὸς
3564 4810 3655 4879 τὴν
3678 4803 3783 4856 ύπιγ
3824 4808 3831 4819 ·

2245 4905 2407 5010 δοχὴν
2438 4939 2536 5008 τῆς
2568 4933 2767 5006 βαφῆς,
2805 4928 2950 4984 οὕτω
2979 4927 3040 4981 16
3066 4926 3263 4998 χρῶμα
3292 4922 3353 4975 16
3376 4919 3550 5010 τίμιον

2252 4992 2375 5091 ίτιιν·Ι
2414 5032 2468 5087 οἵ
2569 4992 2579 5006 ⁵
2626 4992 2912 5103 χρυσοχόοι
2941 5025 3004 5079 16
3032 4992 3254 5095 χρυσίον
3282 5021 3362 5083 εἰς
3387 5013 3446 5070 16
3472 5008 3576 5081 πῦρ
3610 4992 3780 5103 ἒμξέὼ

2249 5139 2454 5201 λοντες,
2480 5136 2547 5205 τῇ
2580 5097 2809 5202 βέιὲάνῴ
2825 5129 2922 5200 τῆς
2964 5126 3195 5197 καμίνου
3237 5114 3624 5193 παραδιδόασιν,
3644 5097 3777 5205 ’ὥστε

2253 5234 2478 5305 ποιῆσαι
2508 5227 2932 5301 καθαρώτατονί
2965 5224 3019 5277 οῖ
3044 5241 3101 5276 τε
3130 5215 3489 5291 παιδοτρίϐαι,
3533 5207 3586 5259 ἐν
3612 5200 3671 5269 τῇ
3693 5204 3779 5245 πα·

2250 5296 2485 5402 λαίσῖιτρᾳ⁸
2512 5296 2729 5391 πολλοῖς
2765 5324 2952 5387 πόνοις
2978 5322 3105 5386 τοὺς
3132 5317 3427 5377 ἀθλοῦντας
3454 5296 3771 5402 γυμνάζουξίζ
3808 5386 3816 5395 θ

2254 5428 2362 5482 τῶν
2388 5395 2698 5480 ἀντιπάλων
2720 5419 3077 5491 σφοδρότερον
3104 5418 3289 5479 αὐτοῖς
3320 5408 3681 5482 ἐμπίπτοντες.
3704 5395 3774 5488 ira

2255 5527 2315 5579 ἐν
2360 5526 2429 5594 τῇ
2462 5520 2742 5593 γυμνασίᾳ
2776 5518 2837 5573 τὸ
2868 5520 2976 5572 πᾶν
3014 5514 3450 5587 κατορθώσαντες
3479 5503 3531 5554 ὲν
3562 5491 3659 5594 τοῖς

2255 5587 2590 5677 διδασκάλων
2612 5587 2882 5691 σώμασιν,
2915 5617 3009 5670 ἐπὶ
3034 5614 3143 5667 τῶν
3173 5611 3397 5681 ἀγώνων
3429 5587 3679 5691 εὑτρεξπεξς

2262 5721 2359 5776 καὶ
2385 5678 2899 5789 παρεσκευασμένοι
2932 5713 3069 5785 πρὸς
3102 5710 3202 5775 τὰς
3224 5678 3410 5766 *λαϐὰς
3452 5692 3550 5750 τῶν
3575 5678 3764 5754 ἐχθρῶν,
