4002 6420
402 299 498 356 Sil
1222 296 1317 353 AD
1354 295 1484 354 EOS
1519 294 1636 364 QUI
1674 291 2165 351 SCANDALIZATI
2192 290 2390 350 SUNT.
2432 291 2563 349 LIB.
2606 292 2803 351 UNUS.

400 412 758 469 simulabant?
777 412 959 483 Neque
984 429 1113 469 vero
1139 414 1189 469 id
1222 414 1396 484 exigui
1438 410 1693 467 momenti
1735 419 1818 465 est
1840 452 1855 473 ,
1885 408 1979 463 sed

399 519 742 575 summopere
769 505 989 576 prodest
1013 506 1115 561 illis
1143 507 1234 576 qui
1265 505 1431 561 velint
1453 503 1752 566 attendere,
1779 510 1834 555 ut
1865 501 1984 554 illos

400 597 818 668 dignoscantqui
841 597 1069 668 pellibus
1091 598 1268 652 ovium
1292 597 1414 651 tecti
1444 606 1585 658 sunt,
1618 578 1695 649 ne.
1712 595 1789 649 sic
1807 592 1985 646 occul-

399 689 487 743 tati
515 689 627 759 lupi
655 705 780 745 cum
813 690 957 745 veris
983 690 1175 745 ovibus
1212 690 1554 745 misceantur.
1586 687 1682 742 Est
1707 688 1849 740 enim
1878 685 1985 739 for-

400 796 498 835 nax
530 781 775 851 quredam
804 789 1014 852 tempus
1055 781 1222 846 istud,
1265 796 1384 851 quae
1420 780 1713 834 submratos
1738 791 1984 832 nummos

397 870 689 942 patefacit,
734 886 854 942 quze
902 872 1173 942 plumbum
1218 870 1524 942 liquefacit,
1570 870 1749 939 paleas
1786 872 1980 931 exurit,

397 968 631 1034 pretiosa
660 966 881 1023 metalla
911 967 1225 1035 pretiosiora
1253 963 1445 1019 reddit.
1470 963 1582 1017 Hoc
1620 962 1779 1016 etiam
1821 960 1983 1029 signi-

395 1054 561 1111 ﬁcans
582 1058 778 1113 Paulus
801 1057 1013 1113 dicebat
1041 1075 1053 1110 :
1091 1056 1301 1126 Oportet
1326 1065 1493 1109 autem
1521 1064 1566 1107 et
1603 1053 1814 1107 hatreses
1844 1068 1979 1116 esse,

394 1157 451 1200 ut
475 1149 566 1218 qui
593 1149 792 1219 probati
827 1158 974 1217 sunt,
1006 1148 1261 1220 manifesti
1295 1147 1420 1217 ﬁant
1462 1147 1516 1200 in
1561 1146 1696 1199 vobis
1727 1145 1821 1215 (l.
1861 1143 1980 1198 Cor.

393 1240 640 1312 “.19).

463 1330 595 1387 CAP.
666 1331 787 1389 XX.
849 1331 1176 1404 Temporibus
1228 1328 1571 1402 apostolorum
1637 1345 1717 1382 res
1764 1328 1983 1383 ercuisse

389 1426 651 1495 graviores
687 1440 708 1490 ,°
774 1425 888 1479 vita:
930 1422 1223 1494 apostolica:
1301 1422 1634 1494 prwrogativa
1696 1421 1880 1492 qualis.
1910 1449 1982 1459 -

393 1514 536 1569 Nihil
564 1530 694 1586 ergo
720 1517 941 1570 istorum
973 1525 1025 1570 te
1053 1514 1396 1577 scandalizet,
1425 1529 1530 1568 non
1558 1512 1811 1567 sacerdos
1838 1525 1981 1565 nunc

393 1607 745 1677 depravatus,
785 1617 841 1664 et
884 1609 1011 1679 lupo
1047 1608 1236 1678 quovis
1287 1607 1478 1662 saevius
1521 1609 1574 1660 in
1603 1620 1817 1676 gregem
1848 1604 1979 1658 insi-

394 1697 554 1764 liens,
608 1713 714 1753 non
757 1712 819 1753 ex
859 1697 1257 1768 magistratibus
1303 1707 1393 1751 aut
1436 1696 1763 1765 principibus
1801 1695 1975 1760 nllus,

390 1788 485 1858 qui
516 1805 760 1859 magnam
786 1789 1152 1846 crudelitatem
1198 1804 1307 1859 prae
1346 1803 1406 1845 se
1450 1787 1603 1843 ferat.
1648 1786 1837 1842 Veniat
1882 1786 1975 1841 tibi

389 1879 450 1933 in
490 1889 723 1936 mentem
770 1881 1130 1950 apostolorum
1174 1882 1505 1951 temporibus
1544 1896 1629 1936 res
1669 1878 1834 1934 multo
1859 1895 1981 1949 gra-

389 1971 573 2027 viores
614 1971 731 2026 istis
771 1971 1052 2028 accidisse.
1093 1972 1223 2027 Nam
1255 1982 1309 2027 et
1333 1973 1399 2037 is,
1449 1974 1675 2043 quitum
1706 1985 1975 2041 sceptrum

388 2066 610 2135 gerebat
651 2064 965 2136 Imperator,
1012 2068 1325 2140 mysterium
1366 2075 1482 2121 erat
1530 2066 1826 2136 iniquitatis
1874 2065 1977 2137 (sic

388 2158 534 2211 enim
565 2172 685 2213 eum
718 2158 910 2213 Paulus
934 2159 1223 2229 appellavit
1245 2157 1320 2231 [2.
1350 2157 1529 2213 Thess.
1556 2157 1611 2212 2.
1645 2156 1699 2231 7]
1726 2158 1767 2229 ),
1798 2159 1975 2214 omnia

387 2264 587 2320 genera
628 2252 878 2306 vitiorum
932 2259 1259 2321 pervaserat,
1305 2259 1361 2306 et
1401 2266 1588 2306 omnes
1642 2251 1977 2320 improbitate

388 2351 754 2412 superaverat,
797 2353 851 2398 at
903 2344 1036 2398 nihil
1082 2343 1183 2398 hoc
1212 2343 1645 2409 autEcclesiam,
1690 2354 1782 2398 aut
1808 2358 1975 2413 gene-

388 2450 547 2490 rosos
572 2435 690 2490 illos
718 2437 860 2490 viros
890 2436 1049 2502 laesit,
1082 2436 1192 2491 imo
1219 2438 1380 2492 etiam
1413 2437 1731 2492 illustriores
1751 2434 1925 2491 ell'ecit
1958 2454 1972 2489 :

384 2538 447 2583 et
484 2527 793 2584 Iudaeorum
823 2529 1131 2583 sacerdotes
1161 2527 1231 2582 ita
1258 2528 1404 2598 pravi
1434 2538 1489 2583 et
1524 2528 1752 2598 improbi
1801 2527 1976 2583 homi-

386 2635 487 2674 nes
528 2628 700 2683 erant,
746 2629 805 2674 ut
832 2619 1146 2689 juberentur
1190 2619 1372 2690 populi
1400 2634 1589 2675 eorum
1630 2620 1754 2674 vitte
1801 2618 1977 2673 imita-

386 2710 589 2765 tionem
611 2711 783 2766 vitare
812 2729 825 2765 :
859 2709 1029 2782 Super
1049 2710 1342 2766 cathedram
1368 2713 1509 2766 enim
1536 2711 1753 2782 Moysis,
1780 2711 1972 2781 inquit,

385 2805 623 2859 sederunt
652 2803 847 2859 Scriba:
875 2816 921 2859 et
950 2804 1202 2858 Pharistei
1233 2820 1253 2859 :
1281 2805 1452 2859 omnia
1480 2821 1599 2877 ergo
1623 2819 1735 2875 qua:
1757 2804 1975 2858 dixerint

384 2901 526 2955 vobis
553 2900 806 2972 facienda,
836 2902 1006 2973 facite,
1035 2902 1310 2957 secundum
1347 2919 1500 2972 opera
1530 2919 1645 2957 vero
1688 2919 1859 2957 eorum
1885 2919 1975 2956 no-

384 2993 478 3047 lite
508 2997 673 3067 facere
728 2993 939 3070 (Matth.
971 2995 1060 3050 25.
1091 2996 1147 3050 2.
1179 2994 1234 3067 5)
1267 3014 1282 3054 :
1314 2997 1525 3050 tametsi
1567 2995 1696 3066 quid
1752 2995 1976 3066 nequius

384 3084 491 3140 illis
510 3086 875 3142 sacerdotibus
902 3086 1026 3157 ﬁngi
1058 3097 1253 3157 potest,
1301 3103 1526 3158 quorum
1566 3088 1790 3142 imitatio
1830 3097 1977 3158 pote-

383 3186 471 3231 rat
514 3176 740 3246 perdere
774 3188 1067 3235 sectatores
1111 3180 1370 3235 illorum?
1414 3182 1661 3236 Attamen
1693 3180 1815 3235 licet
1842 3181 1976 3236 tales

382 3278 571 3323 essent
598 3270 861 3340 principes
887 3270 1030 3324 illius
1056 3271 1311 3339 temporis
1334 3311 1350 3337 ,
1397 3271 1486 3340 qui
1516 3271 1838 3327 celebriores
1861 3280 1973 3325 tum

384 3359 627 3426 fuerunt,
659 3369 819 3432 atque
867 3362 1110 3417 coronati
1135 3371 1440 3429 evaserunt,
1488 3363 1638 3418 nullo
1678 3363 1837 3417 melo
1865 3362 1973 3417 1ωεί

383 3464 548 3522 sunt,
603 3457 710 3511 imo
770 3457 946 3526 potius
992 3456 1248 3512 clariores
1289 3455 1411 3511 facti
1457 3465 1602 3512 sunt.
1656 3455 1772 3510 Non
1817 3455 1976 3527 igitur

383 3555 599 3616 oportet
645 3551 714 3603 ob
757 3563 843 3613 ea,
889 3563 1009 3618 qute
1055 3548 1322 3613 accidunt,
1376 3548 1779 3618 obstupescere.
1832 3547 1967 3603 Nam

387 3640 584 3709 ubique
612 3640 938 3699 tentationes
968 3641 1055 3707 iis,
1105 3641 1196 3711 qui
1243 3641 1428 3712 vigiles
1470 3652 1525 3696 et
1570 3642 1759 3697 attenti
1806 3651 1971 3707 sunt,

384 3732 683 3795 adhaerent,
738 3735 850 3788 sive
897 3749 928 3787 a
970 3732 1300 3798 domesticis,
1349 3734 1461 3788 sive
1501 3734 1569 3788 ab
1602 3733 1813 3788 alienis.
1843 3733 1977 3788 Pro—

387 3833 571 3897 pterea
618 3824 813 3879 Paulus
849 3825 1031 3891 etiam,
1081 3841 1201 3880 cum
1234 3826 1498 3894 ingentem
1531 3840 1808 3880 numerum
1834 3826 1975 3897 peri-

384 3915 632 3969 culorum
678 3915 785 3971 illis
810 3927 1059 3971 cerneret
1105 3917 1407 3979 imminere,
1457 3931 1521 3971 ac
1564 3926 1860 3980 vereretur,
1907 3933 1975 3971 ne

384 4008 478 4078 qui
507 4008 749 4077 discipuli
777 4008 901 4064 inde
927 4009 1287 4074 turbarentur,
1335 4010 1386 4062 iu
1429 4010 1545 4063 hare
1570 4010 1732 4065 verba
1767 4010 1972 4065 scribe-

387 4102 480 4155 bat
503 4118 516 4153 :
548 4100 669 4155 Misi
693 4103 761 4155 ad
779 4119 865 4158 vos
888 4101 1227 4169 Timotheum,
1267 4113 1321 4157 ut
1347 4119 1492 4157 nemo
1522 4113 1778 4157 moveatur
1801 4103 1856 4157 in
1884 4105 1974 4157 tri-

384 4191 723 4248 bulationibus
759 4194 867 4248 istis
896 4195 1037 4259 :ipsi
1068 4195 1199 4248 enim
1246 4195 1381 4248 scitis
1416 4194 1551 4264 quod
1593 4196 1648 4248 in
1688 4195 1783 4249 hoc
1824 4195 1975 4264 positi

381 4299 561 4337 sumus
601 4283 622 4354 (
646 4285 698 4338 l.
744 4283 919 4341 Thess.
956 4284 1137 4356 3.2).
1194 4289 1428 4353 Quorum
1477 4287 1563 4340 hic
1614 4301 1803 4341 sensus
1848 4296 1969 4341 est:

384 4376 514 4432 “326
547 4386 630 4432 est
670 4378 775 4431 vita
818 4387 1022 4445 nostra,
1071 4377 1185 4432 haec
1223 4378 1525 4447 apostolicae
1553 4378 1974 4433 conversationis

382 4476 471 4523 est
501 4468 754 4533 conditio,
795 4479 852 4523 ut
875 4468 1106 4533 ferendis
1130 4471 1284 4523 malis
1313 4471 1608 4524 innumeris
1636 4471 1700 4525 sit
1723 4469 1969 4525 obnoxia.

383 4558 457 4613 In
486 4560 580 4614 hoc
609 4563 752 4615 enim
784 4562 932 4630 positi
961 4578 1153 4627 sumus,
1197 4561 1386 4631 inquit.
1426 4559 1562 4627 Quid
1611 4571 1727 4623 est,
1772 4559 1838 4614 In
1878 4562 1973 4615 hoc

384 4653 540 4722 positi
563 4654 776 4708 sumus?
802 4653 1259 4720 Quemadmodum
1294 4668 1377 4706 res
1407 4652 1618 4706 venales
1650 4652 1699 4705 in
1730 4651 1830 4706 hoc
1848 4661 1973 4706 sunt

384 4744 666 4813 exposita},
708 4755 766 4800 ut
806 4744 1107 4801 vendantur
1148 4745 1271 4798 :sie
1312 4754 1367 4798 et
1407 4743 1695 4811 apostolica
1740 4745 1866 4809 vita,
1911 4752 1971 4797 ut

381 4836 642 4890 conviciis
667 4836 981 4900 incessatur,
1026 4845 1082 4890 ut
1121 4836 1257 4890 mala
1303 4836 1552 4905 patiatur,
1598 4848 1657 4889 ut
1682 4850 1969 4905 numquam

385 4927 640 4996 respiret,
682 4936 741 4982 ut
783 4928 953 4981 nullas
983 4927 1222 4982 inducias
1262 4927 1618 4982 nanciscatur.
1671 4926 1837 4981 Porro
1878 4926 1969 4996 qui

386 5018 574 5089 vigiles
617 5029 672 5074 et
711 5020 900 5075 attenti
931 5029 1075 5085 sunt,
1121 5035 1224 5074 non
1256 5019 1415 5074 modo
1441 5019 1573 5073 nihil
1607 5018 1729 5074 inde
1755 5020 1970 5089 capiunt

384 5111 715 5179 detrimenti,
767 5111 857 5166 sed
899 5111 1127 5179 amplius
1174 5110 1298 5165 inde
1336 5111 1624 5166 lucramur.
1671 5110 1844 5178 Quam
1901 5111 1970 5165 ob

382 5215 603 5256 causam
647 5210 704 5256 et
750 5201 881 5257 istos
931 5202 1015 5256 ubi
1059 5209 1364 5256 constanter
1390 5202 1648 5257 restitisse
1685 5203 1965 5272 cognovit,

384 5292 729 5348 commendat
755 5311 768 5345 :
796 5303 852 5348 et
878 5293 946 5348 de
975 5295 1094 5347 aliis
1121 5292 1219 5347 ista
1247 5292 1396 5357 dicit,
1438 5307 1533 5348 eos
1561 5301 1681 5362 post
1708 5292 1823 5364 ejus
1849 5294 1966 5347 via-

384 5384 505 5437 cula
569 5393 625 5437 et
664 5395 882 5440 catenas
919 5385 1277 5444 abundantius
1305 5399 1462 5439 ausos
1487 5398 1608 5440 esse
1630 5385 1747 5440 sine
1778 5386 1967 5441 timore

385 5473 609 5528 Verbum
648 5475 743 5530 Dei
789 5476 930 5546 loqui
968 5479 986 5547 (
1016 5475 1246 5546 Philipp.
1277 5477 1329 5530 l.
1363 5477 1427 5529 14
1446 5475 1488 5545 ).
1515 5475 1650 5543 Quid
1675 5491 1804 5531 vero
1835 5485 1969 5531 tem-

382 5580 519 5636 pore
545 5565 762 5640 Moysis,
790 5569 1012 5639 quaeso?
1054 5583 1233 5623 nonne
1258 5565 1309 5621 in
1332 5567 1502 5622 media
1533 5569 1750 5638 regione
1778 5568 1968 5625 barba-

286 5680 293 5687 υ
386 5673 569 5714 rerum
610 5676 794 5731 magos
836 5650 993 5716 etiam
1043 5658 1287 5732 permisit
1330 5658 1473 5715 Deus
1514 5674 1694 5715 rerum
1751 5668 1965 5717 suarum

383 5771 655 5820 specimen
703 5758 1003 5813 exhibere?
1045 5768 1221 5811 nonne
1269 5750 1425 5828 hujus
1468 5767 1678 5826 quoque
1720 5757 1964 5813 meminit

3573 294 3679 350 5‘32

2093 406 2327 462 historia:
2386 407 2620 463 Paulus?
2675 406 3110 477 Quemadmodum
3160 418 3328 466 autem
3368 411 3564 467 lannes
3632 420 3681 465 et

2087 497 2341 565 Jambres,
2389 500 2579 570 inquit,
2624 502 2910 571 restiterunt
2959 500 3151 572 Moysi,
3200 504 3274 557 ita
3302 509 3346 556 et
3370 503 3425 558 hi
3446 505 3681 559 resistent

2088 589 2287 643 veritati
2331 588 2410 660 (2.
2436 589 2568 645 Tim.
2598 592 2651 648 5.
2682 591 2758 662 8).
2781 591 2855 646 lta
2883 608 3171 663 numquam
3196 593 3482 650 defuerunt
3504 610 3675 666 neque

2089 680 2360 747 scandala,
2389 697 2563 752 neque
2592 682 2681 753 qui
2707 684 2988 740 occasione
3026 685 3241 741 illorum
3271 701 3469 743 corona
3509 687 3668 743 dona-

2090 782 2292 828 rentur.
2352 774 2477 830 llaac
2521 776 2684 846 igitur
2729 777 2905 831 omnia
2949 793 3069 833 cum
3113 778 3293 834 animo
3329 789 3421 835 tuo
3463 789 3696 850 reputa,‘

2089 880 2262 935 neque
2286 867 2403 921 haec
2429 874 2655 935 tantum,
2687 868 2782 923 sed
2810 879 2863 924 et
2886 880 3139 939 quantum
3163 887 3232 927 ex
3255 870 3357 927 hac
3378 888 3439 929 re
3467 872 3676 930 lucrum

2088 957 2386 1011 obvenerit.
2436 955 2573 1014 Illud
2617 973 2829 1029 quoque
2875 960 3192 1028 considera,
3237 963 3493 1032 quasdam
3540 964 3674 1020 alias

2087 1047 2250 1103 etiam
2294 1049 2519 1103 istorum
2564 1064 2785 1106 arcanas
2822 1066 2945 1107 esse
2992 1053 3264 1121 rationes;
3309 1069 3484 1126 neque
3528 1056 3673 1112 enim

2088 1140 2204 1195 ﬁeri
2236 1150 2428 1209 potest,
2472 1151 2530 1197 ιιι
2569 1142 2746 1199 omnia
2793 1144 3062 1211 sciamus;
3106 1161 3171 1201 ac
3223 1161 3311 1202 res
3349 1148 3516 1205 multo
3549 1163 3675 1220 pro-

2087 1233 2354 1302 speriores
2399 1244 2682 1289 cveuturas
2724 1244 2947 1305 postea,
3018 1237 3291 1308 multoque
3358 1240 3505 1309 plura
3574 1255 3673 1295 nos

2087 1326 2339 1380 miracula
2399 1336 2729 1397 spectaturos
2806 1346 2819 1383 :
2888 1332 3333 1400 quemadmodum
3396 1345 3449 1389 et
3515 1346 3673 1391 mtate

2083 1414 2284 1485 Joseph
2333 1418 2657 1488 principium
2692 1419 2906 1490 quidem
2948 1421 3349 1480 difﬁcultatibus
3389 1426 3669 1498 obseptum

2086 1508 2200 1572 fuit,
2244 1509 2443 1580 diuque
2486 1526 2573 1566 res
2618 1512 2992 1580 succedebant,
3021 1531 3141 1586 qua:
3186 1523 3395 1587 penitus
3440 1522 3669 1590 promis-

2084 1601 2218 1655 sioni
2263 1603 2542 1657 contraria:
2568 1604 2883 1661 videbantur
2934 1624 2950 1661 :
3004 1618 3185 1678 postea
3233 1621 3407 1667 tamen
3456 1630 3667 1671 omnem

2082 1694 2530 1761 exspectationem
2557 1698 2829 1764 superavit
2853 1706 3093 1754 eventus.
3116 1700 3401 1760 Enimvero
3431 1714 3670 1775 tempore

2084 1785 2344 1852 passionis
2371 1785 2567 1841 Christi
2596 1802 2701 1843 non
2727 1789 2924 1856 statim,
2957 1807 3129 1863 neque
3160 1794 3212 1848 in
3240 1796 3461 1852 exordio
3487 1806 3542 1853 et
3571 1799 3671 1855 ini-

2084 1876 2159 1931 tio
2185 1878 2426 1948 prosperi
2454 1893 2734 1936 successus
2761 1897 2951 1940 omnes
2971 1887 3360 1955 germinarunt,
3393 1890 3488 1945 sed
3514 1905 3670 1947 scan-

2080 1970 2259 2027 dalum
2285 1973 2497 2044 quidem
2525 1976 2740 2046 prodiit,
2784 1985 2840 2034 et
2882 1993 3049 2049 pauca
3082 1980 3326 2050 quaedam
3366 1982 3505 2039 facta
3542 1997 3670 2041 sunt

2082 2063 2360 2134 miracula,
2387 2077 2445 2122 ut
2470 2069 2866 2140 corrigerentur
2888 2072 2976 2141 qui
3005 2073 3120 2128 haec
3145 2074 3349 2131 scelera
3367 2076 3663 2148 patrabant,

2080 2169 2143 2210 ac
2166 2156 2344 2211 subito
2368 2167 2558 2214 cuncta
2582 2163 2974 2230 praeterierunt.
2997 2164 3252 2233 Quamvis
3270 2166 3414 2222 enim
3439 2168 3664 2225 scissum

2083 2245 2240 2303 fuerit
2265 2258 2373 2304 tum
2401 2253 2583 2322 templi
2614 2253 2815 2321 velum,
2847 2266 2901 2311 et
2924 2267 3091 2327 petrae
3117 2258 3303 2314 scissae
3324 2260 3449 2327 sint,
3493 2271 3548 2318 et
3583 2264 3664 2317 sol

2079 2341 2396 2403 obscuratus
2427 2363 2441 2398 :
2474 2343 2590 2401 hate
2619 2356 2794 2403 tamen
2822 2349 2960 2405 intra
2984 2366 3147 2405 unum
3175 2352 3318 2409 diem
3338 2354 3664 2423 acciderunt,

2080 2441 2133 2488 et
2162 2433 2213 2487 in
2242 2434 2562 2491 oblivionem
2595 2438 2736 2511 vulgi
2767 2451 3044 2497 venerunt.
3092 2443 3283 2501 Postea
3312 2461 3442 2503 vero
3478 2449 3667 2506 confe-

2079 2525 2202 2578 stim
2250 2525 2301 2580 in
2349 2525 2523 2598 fugam
2552 2531 2692 2586 versi
2753 2542 2878 2587 sunt
2923 2535 3175 2605 apostoli,
3232 2540 3664 2609 persequutione,

2080 2614 2272 2683 bellis,
2324 2618 2531 2675 insidiis
2578 2621 2830 2691 divexati,
2863 2625 3110 2694 latentes,
3154 2628 3470 2695 absconditi,
3521 2644 3666 2690 metu

2079 2710 2352 2779 correpti,
2411 2711 2675 2781 lapidibus
2731 2718 2952 2785 appetiti
2998 2720 3217 2775 verbum
3269 2722 3361 2777 Dei
3408 2723 3668 2793 praedica-

2079 2797 2207 2853 bant
2247 2819 2262 2855 :
2307 2811 2523 2873 tumque
2561 2805 2845 2875 plurimum
2886 2808 3261 2867 dominabatur
3308 2816 3536 2883 populus
3571 2817 3668 2873 Ju-

2079 2890 2354 2959 dzeorum,
2411 2896 2499 2964 qui
2556 2895 2741 2953 ﬁdeles
2790 2900 3163 2968 ahducebant,
3213 2906 3663 2979 circumagebant,

2079 2982 2396 3053 trahebant,
2469 2989 2806 3058 torquebant.
2883 2991 3017 3047 Cum
3079 2995 3221 3049 enim
3275 2996 3379 3051 illis
3426 2997 3669 3056 faverent

2080 3074 2438 3145 magistratus,
2469 3080 2707 3149 quotidie
2755 3082 3094 3139 abducehant
3120 3095 3177 3141 et
3200 3087 3672 3147 circumducebant

2079 3166 2370 3235 apostolos.
2421 3168 2557 3237 Quid
2605 3170 2726 3227 dico
2773 3174 3027 3243 populum
3056 3175 3360 3234 Judteorum
3409 3191 3463 3236 et
3496 3184 3666 3251 magi-

2078 3260 2318 3315 stratus?
2370 3261 2519 3318 Unus
2564 3263 2740 3334 opifex
2792 3266 3277 3337 tabernaculorum,
3322 3271 3463 3327 circa
3503 3274 3668 3343 pelles

2080 3362 2392 3421 occupatus,
2424 3355 2617 3413 Paulus
2655 3357 2817 3430 (quid
2865 3374 3027 3429 porro
3054 3362 3510 3419 tabernaculorum
3546 3367 3665 3436 opi-

2079 3445 2179 3502 lice
2220 3448 2456 3520 vilius?)
2509 3459 2651 3505 tanta
2701 3452 2956 3509 saeviebat
3003 3453 3247 3520 insania,
3303 3465 3363 3511 ut
3414 3459 3556 3513 viros
3605 3473 3669 3514 ac

2079 3539 2332 3596 mulieres
2385 3542 2657 3609 traheret,
2704 3553 2754 3598 et
2801 3545 2856 3599 in
2907 3560 3180 3603 carcerem
3230 3550 3518 3618 conjiceret
3545 3591 3560 3616 ,
3607 3562 3663 3604 et

2080 3629 2184 3686 hoc
2221 3630 2518 3688 Crucilixus
2564 3649 2686 3689 cum
2732 3647 3000 3701 cerneret,
3056 3640 3396 3709 permittebat
3419 3641 3558 3712 (Aet.
3607 3645 3665 3698 9.

2080 3723 2133 3776 l.
2189 3722 2269 3795 2).
2312 3725 2382 3779 At
2429 3733 2481 3778 tu
2532 3725 2655 3780 vide
2702 3741 2809 3796 quo
2857 3737 3013 3796 pacto
3065 3729 3263 3785 deinde
3317 3740 3428 3786 tum
3475 3747 3664 3804 perse-

2078 3826 2274 3888 quutor
2302 3819 2401 3875 iste
2428 3833 2614 3875 omnes
2642 3822 2992 3889 superaverit,
3030 3831 3088 3878 et
3130 3838 3216 3879 res
3257 3824 3354 3879 ista
3393 3825 3509 3881 sole
3550 3827 3666 3896 ipso

2079 3910 2276 3965 clarius
2320 3910 2616 3979 refulserit,
2662 3921 2933 3984 totumque
2977 3915 3163 3971 orbem
3209 3927 3471 3974 terrarum
3510 3934 3667 3976 occu-

2081 4002 2236 4071 parit.

2176 4092 2305 4149 Csr.
2351 4093 2491 4149 XXI.
2557 4095 2659 4151 Cur
2714 4104 2819 4149 tam
2864 4098 2918 4150 in
2980 4097 3145 4152 Veteri
3194 4115 3348 4170 quant
3392 4102 3446 4156 in
3513 4101 3662 4158 Novo

2084 4182 2397 4240 Testamento
2422 4187 2595 4241 multa:
2621 4188 2806 4259 fuerint
2831 4189 3141 4260 aﬂlictiones.
3170 4222 3241 4231 —
3269 4192 3421 4260 Quod
3447 4194 3491 4248 si
3522 4193 3660 4251 forte

2080 4275 2244 4340 dicas,
2274 4292 2431 4346 quam
2460 4278 2528 4333 ob
2557 4294 2767 4334 causam
2799 4291 2853 4335 et
2881 4281 2933 4336 in
2966 4280 3140 4337 Veteri
3180 4294 3235 4339 et
3274 4285 3326 4340 in
3362 4284 3512 4341 Novo
3558 4286 3664 4343 Te-

2080 4377 2347 4423 stamento
2378 4377 2483 4424 tam
2513 4371 2675 4425 multa
2702 4372 2956 4441 pericula,
2991 4385 3094 4428 tam
3121 4376 3299 4430 multa:
3327 4376 3662 4443 afﬂictiones,

2082 4466 2186 4512 tam
2230 4459 2410 4515 multae
2456 4461 2659 4517 insidiae
2700 4461 2918 4529 fuerint,
2960 4480 3174 4520 causam
3202 4482 3484 4538 cognosce.
3512 4469 3667 4537 Qua:-

2080 4566 2200 4605 nam
2248 4566 2377 4622 ergo
2423 4569 2581 4609 causa
2628 4555 2747 4610 est?
2797 4556 3050 4613 Palaestra
3107 4559 3348 4628 quaedam
3401 4570 3484 4617 est
3550 4562 3664 4618 hare

2081 4643 2208 4707 vita,
2249 4646 2582 4716 gymnasium
2630 4655 2687 4701 et
2736 4657 3029 4714 certamen,
3071 4647 3259 4705 fornax
3307 4651 3616 4707 conﬂatoria
3648 4695 3664 4718 ,

2079 4748 2131 4793 et
2160 4738 2402 4794 tinctoria
2429 4739 2640 4794 virtutis
2668 4739 2901 4795 officina.
2933 4740 3003 4797 Ut
3034 4740 3192 4810 igitur
3215 4741 3384 4812 pelles
3418 4753 3664 4814 acceptas

2079 4829 2432 4901 adstringunt,
2484 4830 2798 4896 extendunt,
2842 4832 3180 4900 percutiunt,
3246 4848 3311 4890 ac
3375 4835 3665 4905 parietibus

2079 4933 2134 4975 et
2189 4921 2330 4976 saxis
2379 4921 2603 4976 allidunt
2643 4922 2890 4989 coriarii,
2929 4933 2984 4978 et
3030 4923 3149 4978 aliis
3190 4926 3486 4982 innumeris
3531 4929 3661 4982 arti-

2080 5011 2213 5066 liciis
2259 5011 2325 5066 ad
2368 5012 2760 5082 suscipiendam
2808 5013 3090 5069 tincturam
3134 5016 3359 5071 reddunt
3418 5017 3660 5085 idoneas,

2078 5118 2142 5158 ac
2187 5103 2379 5159 deinde
2416 5104 2705 5174 pretiosum
2742 5104 2975 5162 colorem
3002 5105 3299 5173 inducunt;
3330 5117 3385 5164 et
3417 5110 3661 5165 aurilires

2081 5196 2131 5248 in
2160 5196 2333 5266 ignem
2364 5196 2661 5266 conjectum
2687 5213 2875 5253 aurum
2906 5196 3138 5255 fornacis
3160 5202 3392 5256 examini
3423 5201 3657 5267 tradunt,

2081 5298 2138 5343 ut
2162 5289 2504 5357 purissimum
2529 5289 2787 5356 reddant;
2830 5301 2940 5347 tum
2966 5293 3125 5348 etiam
3150 5293 3455 5364 ptedotriba:
3481 5294 3661 5350 multis

2080 5381 2351 5437 laboribus
2390 5382 2442 5436 in
2497 5382 2741 5452 paltestra
2779 5394 3031 5440 exercent
3058 5385 3306 5450 athletas,
3333 5385 3457 5440 dum
3487 5385 3664 5439 acrius

2078 5491 2238 5546 quam
2282 5474 2573 5531 adversarii
2619 5478 2670 5531 in
2710 5492 2808 5533 eos
2849 5482 3102 5548 impetum
3145 5479 3369 5546 iaciunt,
3435 5489 3492 5532 ut
3538 5494 3658 5533 cum

2079 5566 2131 5621 in
2162 5566 2634 5624 exercitationibus
2658 5579 2846 5626 cuncta
2869 5572 3188 5641 peregerint,
3213 5585 3438 5640 corpore
3462 5569 3659 5626 decoro

2076 5662 2185 5715 sint
2212 5669 2265 5715 et
2290 5660 2518 5731 eleganti
2547 5662 2599 5716 in
2625 5663 3023 5729 certaminibus,
3063 5672 3120 5718 et
3156 5664 3225 5719 ita
3251 5662 3562 5732 comparati.
3605 5673 3660 5717 ut

2080 5755 2234 5811 facile
2284 5753 2615 5811 inimicorum
2659 5757 2942 5827 petitiones
3003 5770 3193 5812 omnes
3253 5758 3467 5813 eludant
3514 5774 3527 5811 :
3586 5755 3662 5811 ita
