4002 6420
335 282 440 337 525

326 411 548 482 ‘quoque
595 396 722 453 facit
770 396 825 452 in
871 395 971 452 hac
1012 395 1120 450 vita
1152 395 1322 458 Deus.
1381 396 1508 450 dum
1567 396 1799 451 animam
1847 395 1915 450 ad

340 494 581 545 virtutem
607 499 784 559 aptam
815 488 926 542 vult
954 486 1176 542 reddere
1213 503 1226 541 :
1257 487 1556 558 adstringit,
1599 497 1654 542 et
1697 486 1916 552 conllat,

339 593 390 638 et
431 581 778 636 afﬂictionum
820 577 979 634 tradit
1017 577 1280 642 examini,
1338 586 1396 632 ut
1438 577 1804 649 pusillanimes
1857 592 1918 632 ac

336 670 547 727 remissi
586 671 995 738 adstringantur,
1027 677 1080 722 et
1116 669 1203 737 qui
1237 667 1443 736 probati
1483 678 1608 722 sunt
1645 669 1918 738 probatio-

338 777 426 818 res
469 761 732 825 evadant,
786 774 886 816 nec
921 759 991 814 ab
1033 760 1156 816 ullis
1197 759 1499 814 daemonum
1546 760 1784 824 insidiis,
1829 769 1920 814 aut

334 854 532 910 diaboli
576 853 779 924 laqueis
823 852 1064 923 superari
1093 851 1317 921 possint,
1366 851 1462 906 sed
1505 866 1694 906 omnes
1731 851 1919 906 admo-

333 953 461 1005 dum
511 949 688 1005 idonei
729 947 796 1004 ad
838 949 1012 1003 futura
1054 948 1192 1003 bona
1235 945 1570 1016 suscipienda
1610 945 1914 1000 reddantur.

337 1043 430 1097 Vir
470 1041 633 1106 enim,
659 1041 852 1111 inquit,
894 1040 982 1110 qui
1035 1052 1142 1093 non
1188 1046 1272 1092 est
1314 1046 1566 1102 tentatus,
1595 1052 1698 1091 non
1732 1037 1919 1105 proba-

337 1146 419 1190 tus
445 1143 529 1189 est
558 1150 572 1188 :
606 1143 662 1189 et
704 1132 920 1197 Paulus,
968 1122 1248 1185 Tribulatio
1296 1131 1587 1199 patientiam
1632 1138 1872 1199 operatur
1899 1143 1918 1182 :

338 1226 578 1297 patientia
607 1240 726 1279 vero
753 1224 1100 1296 probationem
1147 1221 1322 1292 (Rom.
1357 1221 1411 1275 5.
1443 1221 1496 1276 ὅ.
1529 1221 1608 1291 4).
1660 1219 1918 1275 Toleran-

337 1323 501 1376 tiores
527 1320 688 1390 igitur
711 1327 768 1373 et
796 1316 1140 1389 patientiores
1166 1315 1353 1369 volens
1378 1313 1623 1380 reddere,
1655 1313 1918 1368 numisma

335 1415 464 1470 sinit
488 1412 738 1469 omnibus
755 1410 925 1466 modis
950 1409 1232 1480 explorari.
1259 1407 1366 1462 llac
1393 1407 1460 1463 de
1479 1421 1640 1462 causa
1665 1405 1767 1461 Job
1789 1421 1922 1476 quo-

336 1523 442 1579 que
460 1506 568 1578 pati
599 1503 841 1576 permisit
870 1517 930 1557 ea
960 1516 1080 1571 quae
1109 1515 1296 1571 passus
1323 1507 1424 1564 est,
1455 1509 1512 1553 ut
1538 1499 1808 1568 probatior
1827 1512 1922 1568 ap-

341 1607 588 1669 pareret,
641 1605 698 1652 et
738 1593 936 1650 diaboli
981 1610 1040 1648 os
1085 1593 1429 1657 oceludcrct;
1468 1599 1748 1662 propterea
1801 1607 1923 1660 per-

341 1693 486 1747 misit
522 1700 576 1746 et
623 1687 916 1759 apostolos,
963 1695 1020 1740 ut
1066 1695 1122 1742 et
1165 1685 1239 1740 illi
1291 1684 1540 1740 fortiores
1595 1684 1919 1749 evaderent,

340 1795 394 1840 et
453 1784 642 1837 virium
693 1794 907 1835 suarum
962 1779 1059 1832 hac
1102 1777 1330 1837 ratione.
1360 1777 1630 1846 specimen
1679 1776 1918 1831 ederent.

341 1875 471 1930 Nam
515 1883 569 1930 et
607 1874 722 1928 hrec
753 1881 837 1927 est
868 1885 1029 1926 causa
1073 1885 1180 1924 non
1219 1870 1428 1939 exigua.
1467 1870 1822 1936 Quamobrem
1870 1877 1926 1922 et

341 1965 504 2023 Paulo
541 1965 773 2034 quietem
824 1976 888 2016 ac
931 1961 1313 2015 relaxationem
1362 1974 1391 2013 a
1433 1961 1590 2015 malis
1638 1960 1924 2030 postulanti

340 2059 542 2114 dicebat
569 2099 582 2122 ,
625 2056 821 2126 Suﬂicit
869 2053 959 2108 tibi
984 2054 1148 2124 gratia
1176 2069 1287 2106 mea
1315 2069 1334 2106 :
1365 2069 1484 2106 nam
1511 2053 1668 2106 uirtus
1716 2067 1828 2105 mea
1872 2051 1926 2104 in

340 2150 630 2221 inﬁrmitate
653 2147 914 2219 perﬁcitur
942 2147 1019 2216 (Ξ.
1047 2144 1168 2200 Cor.
1204 2146 1293 2200 12.
1324 2144 1404 2214 9).

413 2244 543 2301 CAP.
601 2241 764 2298 XXII.
813 2239 1115 2312 Aﬁlictiones
1155 2256 1256 2294 non
1311 2239 1463 2293 modo
1524 2256 1624 2293 non
1672 2238 1928 2293 scanduli-

344 2353 480 2404 κατε,
511 2336 597 2391 sed
623 2345 670 2388 et
694 2329 931 2405 prodesse
964 2331 1066 2385 illis
1091 2332 1178 2401 qui
1202 2347 1266 2386 ea:
1294 2347 1438 2401 irque
1457 2339 1502 2384 et
1529 2331 1655 2384 bono
1671 2331 1925 2400 judicent,

343 2436 442 2485 sint
469 2429 581 2483 licet
609 2426 852 2482 Gentiles.
891 2456 954 2466 —
988 2424 1262 2495 Siquidem
1289 2425 1361 2478 illi
1391 2424 1478 2494 qui
1505 2410 1741 2478 nondum
1769 2422 1927 2476 fidem

345 2520 702 2578 Christianam
748 2526 873 2572 sunt
919 2516 1171 2585 amplexi,
1217 2515 1444 2585 amplius
1474 2515 1598 2570 inde
1635 2515 1925 2579 lucrentur,

345 2613 392 2669 si
423 2612 607 2684 vigiles
643 2610 842 2666 fuerint
865 2619 920 2666 et
949 2609 1158 2664 attenti.
1187 2608 1321 2664 Cum
1351 2607 1492 2662 enim
1519 2622 1614 2662 eos
1643 2608 1849 2676 injuriis
1877 2617 1932 2662 et

346 2703 684 2762 contumeliis
712 2701 850 2758 allici
877 2701 1142 2768 viderent,
1169 2701 1224 2755 in
1254 2714 1520 2755 carcerem
1550 2699 1764 2769 conjici,
1805 2714 1930 2769 pro-

347 2798 458 2854 bris
514 2793 764 2860 onerari,
814 2793 1018 2848 insidiis
1061 2791 1387 2862 oppugnari,
1439 2790 1614 2862 capite
1657 2792 1926 2857 lmncal'i.

347 2886 525 2952 exuri,
559 2886 615 2940 in
652 2899 804 2939 mare
844 2883 1103 2954 demergi,
1144 2897 1318 2952 neque
1343 2881 1465 2936 ullis
1493 2883 1756 2952 ejusmodi
1777 2883 1932 2938 malis

348 2978 562 3042 cedere,
592 2976 765 3046 cogita
795 2983 1047 3044 quantam
1079 2975 1135 3028 in
1157 2973 1562 3029 admirationem
1594 2974 1934 3030 tradutnerent

349 3074 684 3140 Spectatores
705 3079 836 3121 suos
859 3079 982 3120 cum
1001 3064 1161 3127 illius.
1191 3073 1300 3118 tum
1332 3062 1490 3135 hujus
1516 3065 1771 3134 temporis
1797 3080 1934 3135 prte-

349 3157 664 3214 stantissimi
694 3157 908 3212 athletae
941 3155 1051 3211 isti.
1097 3155 1278 3224 itaque
1307 3170 1414 3210 non
1439 3155 1598 3212 modo
1624 3155 1932 3211 scandalum

351 3253 554 3308 nullum
583 3251 798 3322 pariunt
826 3249 928 3304 illis
952 3249 1043 3319 qui
1068 3248 1250 3324 vigiles
1275 3257 1400 3303 sunt
1425 3256 1478 3303 et
1502 3249 1710 3314 attenti,
1734 3263 1796 3303 ea
1816 3265 1935 3320 qua:

351 3343 620 3410 accidunt,
670 3341 766 3398 sed
815 3341 975 3396 etiam
1018 3339 1281 3398 doctrina:
1327 3338 1546 3408 majoris
1581 3341 1936 3412 adipiscenda:

353 3437 691 3494 occasionem
719 3433 824 3489 illis
848 3431 1115 3487 adferunt.
1163 3431 1366 3487 Idcirco
1394 3431 1590 3487 Paulus
1631 3433 1791 3487 etiam
1835 3433 1937 3488 hoc

354 3530 452 3585 sibi
501 3526 703 3584 dictum
745 3524 985 3590 audivit,
1045 3523 1219 3578 Virtus
1248 3539 1358 3577 mea
1401 3523 1454 3577 in
1483 3524 1777 3593 inﬁrmitate
1818 3541 1935 3594 per-

355 3623 545 3692 ﬁcitur.
580 3619 694 3676 Hoc
719 3629 776 3675 et
803 3619 860 3673 in
890 3616 1072 3673 Veteri
1096 3627 1153 3673 et
1181 3617 1233 3671 in
1262 3615 1410 3672 Novo
1437 3616 1783 3673 Testamento
1810 3634 1936 3688 spe-

353 3726 501 3771 ctare
549 3714 688 3769 licet.
757 3710 1034 3782 Perpende
1083 3725 1312 3772 namque
1360 3710 1629 3780 quomodo
1687 3709 1934 3766 allectum

355 3810 520 3865 fuisse
566 3805 1141 3864 Nabuchodonosorem
1201 3803 1486 3859 verisimile
1532 3804 1642 3869 sit,
1693 3820 1724 3856 a
1771 3803 1940 3859 tribus

357 3902 558 3974 pueris,
602 3900 791 3964 servis,
855 3898 1094 3968 captivis,
1143 3896 1488 3966 compedibus
1526 3897 1735 3962 vinctis,
1788 3897 1940 3951 llam-

356 3997 460 4050 mis
503 3993 779 4064 expositis,
831 4000 978 4046 tanto
1019 3991 1254 4045 exercitu
1297 3997 1570 4058 spectante
1609 3998 1938 4058 superatum,

355 4087 523 4156 utqui
567 4085 662 4138 tria
701 4098 926 4152 corpora
955 4081 1274 4150 mancipata,
1299 4079 1535 4141 subacta,
1569 4081 1737 4150 patria
1769 4081 1938 4150 pulsa,

355 4179 625 4240 libertate,
657 4175 882 4238 honore,
921 4183 1206 4242 potestate,
1244 4172 1484 4241 pecuniis
1513 4174 1755 4240 spoliata,
1789 4174 1943 4242 longe

354 4291 387 4326 a
443 4269 754 4339 propinquis
793 4267 1078 4322 constituta
1123 4281 1228 4320 non
1272 4275 1479 4335 poterat
1533 4269 1760 4322 vincere.
1789 4267 1941 4336 Quod

359 4365 404 4418 si
435 4360 696 4434 permissa
724 4360 812 4413 illa
853 4373 958 4412 non
1005 4357 1192 4412 fuisset
1219 4358 1447 4425 exustio,
1492 4367 1598 4413 tam
1625 4360 1941 4430 prmclarum

360 4452 641 4524 praemium
670 4466 773 4505 non
799 4448 1172 4512 obtinuissent,
1221 4463 1321 4504 nec
1364 4448 1436 4504 ita
1480 4450 1812 4520 Splendidam
1854 4468 1948 4507 co-

358 4560 548 4601 ronam
591 4542 768 4614 adepti
815 4549 1018 4596 essent.
1071 4528 1346 4611 Perpende
1385 4544 1653 4613 quomodo
1696 4543 1940 4600 allectum

361 4639 526 4695 fuisse
567 4635 854 4692 verisimile
892 4643 974 4690 est
1013 4633 1278 4689 Herodem
1327 4635 1714 4704 reprehensum
1755 4649 1784 4690 a
1824 4637 1943 4691 vin-

329 4745 469 4802 ,cto,
511 4747 632 4788 cum
677 4739 920 4788 cerneret
957 4729 1089 4785 nihil
1131 4743 1254 4787 eum
1294 4728 1362 4785 de
1408 4729 1656 4800 loquendi
1698 4731 1945 4788 libertate

332 4803 346 4854 ’·
362 4833 580 4894 propter
630 4832 870 4877 catenam
915 4822 1210 4887 remittere,
1250 4820 1346 4875 sed
1379 4820 1551 4876 occidi
1577 4823 1755 4889 malle,
1785 4837 1943 4894 quam

369 4912 775 4983 pulcherrimam
805 4912 949 4966 iilam
977 4911 1144 4968 libere
1167 4912 1418 4983 loquendi
1448 4914 1751 4970 facultatem
1782 4919 1947 4970 amit-

367 5016 498 5060 tere.
530 5004 714 5074 Cogita
741 5003 858 5074 quis
881 5019 950 5059 ex
971 5006 1274 5061 hominibus
1299 5006 1439 5061 illius
1463 5009 1656 5073 aetatis,
1680 5009 1762 5064 vel
1782 5010 1943 5066 etiam

367 5097 741 5166 consequentis
779 5095 917 5160 aevi,
973 5111 1091 5150 cum
1138 5097 1255 5152 hmc
1309 5108 1551 5154 cerneret
1601 5110 1656 5155 et
1696 5101 1946 5170 audiret,

367 5189 710 5262 quantumvis
755 5188 914 5242 deses
965 5203 1027 5242 ac
1070 5192 1326 5246 remissius
1353 5200 1519 5258 esset,
1554 5202 1609 5246 at
1639 5194 1836 5265 exiguo
1866 5206 1945 5250 ta-

369 5297 490 5339 men
519 5279 721 5350 judicio
770 5279 992 5340 valeret,
1047 5295 1152 5334 non
1191 5295 1455 5338 summam
1495 5284 1774 5340 utilitatem
1824 5288 1948 5343 inde

366 5373 696 5441 decerperet.
748 5367 867 5423 Noli
918 5369 1059 5423 enim
1119 5371 1248 5425 mihi
1307 5383 1730 5432 commemorare
1777 5379 1950 5434 scele-

369 5475 515 5521 ratos
562 5474 618 5518 et
664 5462 856 5517 stultos
905 5459 1170 5525 homines,
1221 5465 1493 5530 socordes,
1547 5476 1690 5522 tctus
1736 5471 1948 5538 cerpori

369 5554 636 5612 curandos
663 5553 924 5618 addictos,
977 5567 1039 5607 ac
1062 5551 1203 5608 foliis
1231 5553 1478 5611 leviores.
1517 5557 1609 5614 Isti
1656 5563 1798 5614 enim
1842 5573 1949 5617 non

376 5644 460 5702 his
483 5646 678 5712 solum,
704 5644 798 5700 sed
818 5655 878 5700 re
899 5644 1103 5713 quavis,
1133 5658 1254 5714 qua:
1282 5646 1554 5717 acciderit,
1579 5649 1948 5708 offenduntur:

370 5751 484 5796 non
503 5735 662 5791 aliter
687 5750 749 5792 ae
771 5735 1002 5806 populus
1027 5734 1356 5808 ludeonnn,
1407 5739 1496 5810 qui
1522 5749 1581 5799 et
1601 5755 1724 5800 cum
1749 5754 1950 5801 manna

1063 279 1122 334 S.
1160 277 1436 336 JOANNIS
1472 276 1942 336 CHRYSOSTOMI
1980 275 2295 335 ARCHIEP.
2336 276 2868 335 CONSTANTINOP.

3508 280 3609 336 595

2030 396 2354 460 comederet,
2405 406 2460 451 et
2513 411 2634 451 cum
2683 410 2897 465 panem,
2959 395 3155 465 pariter
3201 410 3452 452 morosus
3499 405 3614 452 erat

2027 496 2082 541 et
2125 486 2512 554 offendebatur,
2542 486 2655 542 sive
2684 487 2736 541 in
2757 484 2990 558 Egypto
3017 495 3179 552 esset,
3210 487 3324 542 sive
3347 487 3417 541 ab
3445 485 3610 561 Egy-

2032 588 2124 648 pto
2167 563 2444 640 liberatus,
2517 579 2633 633 sive
2681 578 2894 633 adesset
2931 577 3171 649 Moyses,
3224 579 3338 633 sive
3383 579 3609 634 abesset.

2032 667 2223 724 Verum
2260 669 2378 724 illos
2418 669 2469 724 in
2520 669 2753 723 medium
2793 669 2922 723 mihi
2966 669 3265 738 producito,
3311 671 3404 740 qui
3451 670 3611 724 sobrii

2027 772 2180 817 erant
2209 772 2263 816 et
2291 762 2516 833 vigiles;
2572 773 2627 818 et
2652 779 2770 817 cum
2798 764 2979 817 animo
3006 773 3095 817 tuo
3125 774 3332 832 reputa,
3363 775 3612 832 quantam

2029 852 2171 922 ipsos
2215 853 2490 923 probabile
2527 853 2597 908 sit
2636 855 2918 909 utilitatem
2957 854 3079 910 inde
3121 855 3444 925 percepisse,
3494 871 3614 909 cum

2028 943 2258 997 animam
2304 953 2640 999 constantem
2688 957 2992 1011 cernerent,
3041 956 3274 1000 mentem
3321 947 3611 1012 invictam,

2028 1034 2263 1106 linguam
2293 1037 2526 1090 maxima
2550 1037 2796 1092 libertate
2820 1038 3070 1107 loquendi
3101 1039 3406 1108 praiditam,
3439 1039 3612 1094 homi-

2028 1141 2148 1180 nem
2178 1126 2375 1182 deserti
2420 1127 2668 1192 iucolam,
2696 1143 2874 1198 regem
2902 1145 3174 1200 superare,
3202 1132 3446 1186 'vinctum
3473 1146 3613 1194 esse,

2029 1232 2127 1276 nec
2172 1228 2348 1272 tamen
2396 1220 2592 1274 cedere
2621 1221 2676 1286 ί,
2716 1222 2888 1291 capite
2935 1223 3204 1284 truncari,
3257 1239 3357 1278 nec
3405 1223 3613 1278 silere:

2027 1307 2123 1362 sed
2164 1323 2230 1364 ne
2282 1309 2370 1364 hic
2396 1312 2610 1380 quidem
2639 1312 2893 1378 subsiste,
2923 1328 3110 1367 verum
3137 1329 3199 1368 ea
3240 1329 3359 1384 qua:
3390 1325 3616 1383 sequuta

2027 1410 2191 1466 sunt,
2240 1401 2506 1454 examina.
2559 1402 2731 1468 Caput
2773 1405 3068 1473 amputavit
3107 1404 3384 1467 Herodes,
3441 1407 3618 1474 capite

2031 1502 2302 1548 truncatus
2344 1505 2426 1548 est
2459 1494 2714 1550 Joannes.
2747 1495 2877 1561 Quis
2903 1513 3028 1564 ergo
3060 1497 3250 1550 beatus
3277 1497 3345 1550 ah
3369 1498 3619 1550 omnibus

2031 1585 2384 1655 prmdicatur?
2412 1589 2528 1656 quis
2557 1588 2843 1642 imitandus
2869 1589 3210 1656 proponitur?
3237 1590 3356 1657 quis
3382 1589 3592 1643 celebra

2031 1679 2157 1732 tur?
2198 1679 2316 1748 quis
2337 1686 2667 1733 coronatur?
2709 1681 2826 1750 quis
2871 1682 3158 1752 praeconiis
3201 1684 3466 1736 ornatur?
3499 1693 3623 1751 qut.

2032 1769 2318 1824 laudatur?
2367 1773 2486 1840 quis
2534 1773 2984 1828 eotntnendatur?
3031 1773 3150 1843 quis
3189 1775 3240 1827 in
3292 1775 3430 1828 hunc
3455 1790 3622 1844 usque

2031 1861 2171 1916 diem
2225 1865 2610 1932 reprehendit?
2661 1865 2846 1920 Nonne
2886 1867 2939 1920 in
2968 1867 3188 1936 singulis
3235 1867 3485 1922 Ecclesiis
3535 1870 3624 1922 hic

2031 1959 2242 2029 quidem
2273 1960 2486 2024 clamat,
2523 1960 2642 2014 Non
2671 1962 2786 2014 licet
2815 1962 2901 2014 tibi
2933 1961 3117 2015 habere
3152 1978 3361 2015 uxorem
3393 1961 3624 2032 Philippi

2034 2053 2207 2123 fratris
2243 2053 2315 2105 tui
2355 2053 2565 2123 (Matth.
2600 2055 2686 2109 Η.
2719 2055 2778 2121 4)
2813 2073 2826 2109 :
2858 2055 2949 2109 ille
2975 2071 3103 2109 vero
3129 2055 3438 2110 diffamatur
3459 2059 3624 2109 etiam

2034 2143 2156 2213 post
2183 2144 2384 2199 obitum
2422 2145 2492 2200 ob
2515 2146 2852 2211 adulterium,
2884 2147 3168 2211 insaniam,
3221 2156 3277 2202 et
3301 2147 3577 2201 audaciam
3598 2148 3624 2200 2

2035 2235 2332 2290 Considera
2376 2252 2501 2290 vero
2548 2247 2743 2307 praeter
2787 2252 2849 2292 ea
2897 2255 3018 2307 qua:
3061 2237 3200 2293 dicta
3241 2247 3384 2301 sunt,
3425 2249 3624 2308 quanta

2035 2330 2202 2384 virtus
2231 2340 2378 2384 esset
2400 2331 2617 2402 captivi,
2647 2341 2840 2401 quanta
2867 2334 3077 2403 tyranni
3108 2332 3458 2387 imbecillitas.
3489 2331 3625 2385 Nam

2036 2419 2122 2475 hic
2149 2419 2364 2492 quidem
2403 2437 2509 2476 non
2560 2423 2732 2492 potuit
2773 2423 3004 2493 linguam
3058 2438 3219 2477 unam
3257 2438 3624 2494 compescere,

2035 2512 2130 2568 sed
2159 2528 2221 2568 ea
2253 2514 2493 2578 sublata,
2522 2524 2768 2570 sexcenta
2800 2531 2897 2586 pro
2923 2516 3014 2570 illa
3038 2526 3092 2571 et
3120 2531 3241 2570 cum
3275 2517 3362 2570 illa
3395 2533 3488 2571 ora
3535 2534 3626 2572 re-

2036 2607 2234 2660 seravit
2267 2625 2280 2660 :
2314 2607 2402 2662 ille
2431 2624 2559 2663 vero
2585 2620 2640 2664 et
2665 2619 2774 2663 tum
2807 2610 2955 2664 illum
2983 2620 3099 2680 post
3125 2611 3328 2666 cwdem
3357 2623 3628 2681 perterre-

2037 2698 2162 2751 fecit
2183 2697 2340 2771 (adeo
2381 2699 2576 2769 quippe
2605 2702 2990 2756 conscientiam
3017 2703 3132 2770 ejus
3159 2703 3486 2771 percellchat
3507 2718 3624 2758 me—

2039 2797 2143 2853 tus,
2193 2798 2250 2843 ut
2289 2789 2462 2861 ipsum
2498 2801 2610 2846 tum
2655 2794 2912 2862 temporis
2955 2794 3357 2850 arbitraretura
3397 2799 3625 2850 mortuis

2037 2879 2322 2934 excitatum
2351 2883 2606 2936 miracula
2634 2885 2867 2953 patrare)
2887 2925 2902 2947 ,
2954 2895 3010 2939 et
3038 2900 3166 2940 vero
3197 2901 3338 2940 nunc
3361 2896 3414 2942 et
3442 2902 3506 2942 ex
3535 2888 3634 2943 illo

2040 2981 2302 3042 tempore,
2351 2984 2608 3044 perpetuo
2658 2992 2754 3045 per
2796 2977 3102 3032 universum
3145 2979 3328 3033 orbem
3365 2988 3631 3034 terrarum

2039 3076 2096 3122 et
2133 3081 2227 3136 per
2256 3083 2314 3122 se
2359 3078 2414 3123 et
2445 3085 2539 3138 per
2565 3070 2701 3124 alios
2743 3069 3106 3140 reprehendit.
3152 3071 3423 3143 Siquidem
3466 3087 3634 3126 unus-

2039 3157 2265 3228 quisque
2289 3160 2414 3214 dum
2444 3162 2772 3231 evangelium
2801 3162 2940 3216 istud
2970 3163 3128 3233 legit,
3165 3163 3292 3218 dicit
3320 3179 3337 3216 :
3373 3162 3492 3219 Non
3517 3165 3632 3218 licet

2041 3249 2130 3303 tibi
2171 3251 2352 3305 habere
2382 3268 2588 3306 uxorem
2621 3253 2858 3325 Philippi
2882 3256 3062 3326 fratris
3086 3256 3159 3308 tui
3191 3272 3215 3309 :
3238 3264 3292 3311 et
3319 3257 3434 3310 sine
3463 3271 3630 3311 evan-

2041 3341 2180 3412 gelio
2223 3343 2274 3397 in
2323 3345 2570 3411 cmtibus,
2623 3347 2674 3400 in
2707 3349 3105 3416 congressibus,
3157 3349 3269 3404 sive
3315 3349 3406 3418 qui
3446 3349 3635 3415 domi,

2043 3433 2161 3488 sive
2203 3435 2294 3503 qui
2339 3436 2390 3488 in
2422 3435 2556 3501 foro,
2607 3438 2720 3492 sive
2747 3438 2834 3507 qui
2866 3438 3060 3508 ubique
3096 3438 3247 3502 fiunt,
3294 3440 3538 3508 quamvis
3561 3440 3632 3494 ad

2047 3525 2215 3595 ipsam
2266 3543 2456 3599 pergas
2495 3531 2764 3599 regionem
2818 3530 3117 3594 Persarum,
3167 3533 3407 3601 quamvis
3448 3533 3502 3587 in
3541 3531 3636 3586 ln-

2045 3619 2212 3687 diam,
2258 3622 2499 3692 quamvis
2550 3625 2599 3676 in
2641 3622 3043 3690 Mauritaniam,
3093 3625 3336 3693 quamvis
3382 3624 3436 3678 in
3475 3639 3638 3696 quas-

2047 3726 2275 3781 cumque
2329 3723 2499 3767 terras
2569 3714 2647 3767 sol
2701 3715 2931 3785 aspicit,
2996 3722 3076 3769 vel
3143 3716 3303 3771 etiam
3351 3716 3448 3772 ad.
3490 3717 3639 3786 ipsos

2045 3803 2258 3858 ultimos
2319 3805 2500 3859 mundi
2548 3805 2764 3871 limites,
2842 3807 2976 3861 hanc
3035 3822 3220 3863 vocem
3274 3807 3500 3873 audies,
3579 3818 3640 3862 ct

2043 3897 2243 3966 justum
2297 3897 2445 3952 illum
2479 3899 2686 3952 videbis
2712 3900 3002 3953 etiamnum
3053 3903 3396 3965 clamantem,
3460 3900 3638 3953 incul-

2047 3997 2303 4050 cantem,
2347 4000 2402 4044 et
2450 3990 2741 4058 nequitiam
2787 3992 2995 4062 tyranni
3045 3991 3473 4059 redarguentcm.
3525 4006 3631 4046 nec

2048 4096 2298 4150 umquam
2362 4082 2648 4146 silentem,
2729 4100 2902 4153 neque
2953 4094 3029 4136 tot
3087 4099 3350 4138 annorum
3412 4097 3642 4138 numero

2049 4173 2522 4242 reprehensionem
2603 4174 2888 4228 debilitari.
2961 4175 3095 4241 Quid
3155 4191 3282 4245 ergo
3332 4174 3642 4230 detrimenti

2049 4265 2191 4333 cepit
2230 4279 2296 4318 ex
2337 4265 2482 4318 obitu
2527 4265 2701 4334 justus
2739 4266 2866 4321 ille?
2904 4267 3029 4337 quid
3060 4282 3124 4320 ex
3173 4276 3347 4326 morte
3374 4265 3643 4320 violenta?

2049 4357 2176 4427 quid
2231 4373 2295 4412 ex
2341 4361 2574 4413 catena?
2616 4359 2740 4428 quid
2809 4376 2874 4414 ex
2938 4362 3206 4415 carcere?
3256 4359 3405 4426 Quos
3458 4367 3641 4414 autem

2051 4463 2157 4502 non
2184 4449 2433 4513 correxit,
2463 4451 2652 4519 quibus
2699 4466 2794 4505 cor
2841 4459 3074 4521 saperet.
3125 4467 3188 4505 ex
3237 4449 3302 4504 iis
3329 4466 3450 4520 quae
3479 4448 3638 4512 dixit,

2051 4557 2116 4596 ex
2161 4541 2224 4597 iis
2270 4558 2388 4612 qua:
2424 4558 2612 4612 passus
2647 4553 2747 4606 est,
2814 4560 2881 4598 ex
2932 4545 2996 4598 iis
3035 4559 3154 4612 qua:
3197 4558 3339 4597 nunc
3364 4541 3642 4612 prmdicat,

2051 4632 2238 4688 eadem
2288 4649 2529 4702 prorsus,
2572 4650 2690 4704 quae
2734 4651 2854 4689 cum
2907 4635 3153 4690 viveret?
3204 4634 3324 4689 Noli
3374 4648 3502 4703 ergo
3550 4631 3636 4686 di-

2051 4739 2176 4783 cere
2199 4767 2214 4791 ,
2279 4726 2447 4794 Quam
2492 4727 2563 4783 ob
2600 4743 2818 4782 causam
2864 4729 2999 4782 mori
3032 4727 3325 4799 permissus
3353 4727 3480 4782 est?
3521 4724 3641 4781 Non

2052 4818 2198 4874 enim
2252 4819 2383 4874 illud
2415 4830 2533 4876 erat
2577 4823 2732 4885 mori,
2788 4821 2882 4876 sed
2912 4836 3166 4877 coronam
3194 4820 3417 4892 adipisci
3463 4837 3480 4875 :
3533 4834 3643 4875 non

2054 4909 2297 4976 interire,
2346 4911 2440 4967 scd
2472 4912 2748 4967 meliorem
2773 4913 2938 4968 vitam
2987 4913 3269 4982 auspicari.
3323 4913 3478 4968 Disce
3520 4911 3641 4981 phi-

2059 5001 2350 5072 losophari,
2400 5013 2455 5056 et
2505 5019 2610 5057 non
2666 5005 2828 5059 modo
2867 5005 3001 5060 nihil
3041 5015 3092 5060 te
3133 5006 3234 5060 ista
3282 5003 3497 5068 laedent,
3548 5003 3645 5057 sed

2062 5104 2116 5151 et
2164 5095 2459 5150 commodis
2503 5098 2685 5151 multis
2730 5099 3031 5168 augeberis.

2123 5186 2349 5257 Iosepho
2391 5189 2522 5243 nihil
2563 5191 2730 5244 nocuit
2773 5189 3029 5262 Egyptia
3055 5208 3075 5256 ;
3103 5189 3319 5260 Joseplti
3357 5187 3644 5256 exemplum

2055 5295 2207 5348 quam
2228 5282 2369 5336 utile.
2397 5311 2470 5323 —
2497 5282 2636 5350 Quid
2658 5297 2787 5338 vero
2811 5283 3004 5338 mulier
3019 5281 3268 5354 Egyptia
3296 5280 3320 5334 ?
3348 5279 3538 5334 Nonne
3557 5292 3642 5332 ac.

2055 5372 2279 5435 cusavit,
2332 5383 2389 5428 et
2431 5375 2751 5430 calumniata
2801 5375 2920 5430 est?
2974 5390 3153 5430 nonne
3184 5373 3386 5443 justum
3427 5369 3646 5426 vinxit?

2057 5478 2237 5518 nonne
2283 5465 2336 5520 in
2392 5479 2662 5522 carcerem
2713 5467 3020 5538 compegit?
3062 5480 3241 5522 nonne
3281 5467 3334 5520 in
3377 5477 3644 5520 summum

2057 5555 2246 5622 capitis
2272 5555 2557 5612 discrimen
2604 5558 2869 5613 adduxit?
2920 5573 3098 5614 nonne
3135 5567 3393 5628 quantum
3444 5556 3499 5610 in
3528 5556 3641 5624 ipsa

2059 5641 2157 5698 fuit
2183 5645 2364 5710 situm,
2395 5646 2706 5704 interemit?
2733 5661 2912 5708 nonne
2938 5649 3170 5707 infamia:
3194 5657 3375 5706 notam
3400 5645 3641 5704 iamsi"

2111 5758 2146 5833 _‘
2173 5755 2770 5820 ﬂmmeum.
