4002 6412
349 609 455 670 535

353 730 442 783 καὶ
469 726 668 798 ῥᾳδίως
694 727 867 792 αύτάς
902 727 1219 783 διαλύσωσιν
1238 746 1252 760 '
1283 729 1427 784 οὕτω
1450 732 1545 785 καὶ
1561 730 1735 794 6656:;
1764 731 1820 782 ἐν
1843 727 1921 798 τῷ

353 818 574 892 παρόντι
600 817 700 888 βίῳ
722 821 899 872 ποιεῖ·
933 820 1067 892 πρὸς
1096 821 1298 894 ἀρετὴν
1326 822 1634 893 ἐπιτηδείαν
1666 820 1924 892 βουλόμε-

350 928 436 975 νος
456 911 864 982 μετασκευάσαι
879 912 977 983 τὴν
998 912 1195 984 ψυχὴν,
1219 914 1314 967 καὶ
1336 913 1547 984 στύφει,
1562 913 1657 967 καὶ
1674 910 1920 982 χωνεύει,

350 1003 442 1057 καὶ
472 999 693 1073 βασάνῳ
726 1000 1048 1072 πειρασμῶν
1080 1003 1466 1074 παραδίδωσιν,
1500 1003 1642 1057 ὥστε
1687 1002 1812 1067 τούς
1861 1006 1921 1056 τε

350 1092 816 1157 ἀναπεπτωκότας
845 1094 940 1146 καὶ
968 1093 1386 1166 διαλελυμένους
1426 1097 1724 1166 σφιγγῆναι
1745 1137 1761 1159 ,
1795 1093 1927 1158 τούς

347 1201 412 1237 τε
437 1184 699 1255 δοκίμους
728 1184 1123 1257 δοκιμωτέρους
1148 1188 1402 1255 γενέσθαι
1426 1228 1440 1251 ,
1470 1189 1563 1241 καὶ
1591 1185 1921 1257 ἀχειρώτους

350 1279 474 1341 ταῖς
494 1277 605 1330 τῶν
630 1276 901 1348 δαιμόνων
930 1277 1243 1342 ἐπιδουλαῖς
1271 1279 1365 1332 καὶ
1404 1282 1523 1342 ταῖς
1552 1279 1647 1332 τοῦ
1674 1277 1921 1332 διαδόλω

352 1365 569 1434 παγίσι,
600 1364 696 1419 καὶ
739 1364 944 1435 σφόδρα
987 1365 1319 1436 ἐπιτηδείους
1350 1368 1487 1440 πρὸς
1516 1366 1613 1439 τὴν
1645 1367 1751 1422 τῶν
1798 1366 1925 1439 μελ-

350 1454 554 1508 λόντων
573 1453 790 1521 ἀγαθῶν
818 1454 1082 1527 ὑποδοχὴν
1106 1454 1369 1518 ἅπαντας.
1401 1456 1562 1527 Ἀνὴρ
1579 1455 1709 1527 γὰρ,
1735 1456 1922 1526 φησὶν,

351 1546 705 1616 ἀπείραστος,
720 1546 975 1615 ἀδόκιμος
993 1564 1007 1578 ·
1029 1547 1123 1600 καὶ
1147 1549 1174 1601 6
1203 1547 1432 1613 Παῦλος,
1461 1546 1531 1600 Ἢ
1550 1548 1757 1616 θλίψις
1775 1549 1924 1601 ὐπο-

347 1638 553 1706 μονὴν
566 1634 969 1709 κατεργάζεται
988 1652 1002 1666 ⁸
1022 1639 1060 1706 ἡ
1092 1637 1160 1691 δὲ
1180 1638 1454 1708 ὑπομονὴ
1472 1638 1746 1709 δοκιμήν.
1770 1640 1923 1705 Καρ-

349 1730 608 1801 τερικοὺς
660 1725 755 1782 οὖν
809 1730 902 1782 καὶ
948 1729 1385 1801 ὑπομονητικοὺς
1424 1730 1645 1801 ποιῆσαι
1706 1730 1875 1783 θέλων
1906 1768 1922 1794 ,

351 1822 550 1893 ἀφίησι
579 1822 641 1875 τὸ
681 1822 925 1892 νόμισμα
958 1823 1452 1887 διακωδωνίζεσθαι
1508 1826 1670 1878 παντὶ
1714 1808 1919 1895 τρόπῳ.

354 1909 574 1982 Ταύτης
597 1911 781 1964 ἕνεκεν
798 1913 897 1983 τῆς
925 1912 1102 1974 αἰτίας
1135 1914 1338 1967 καὶτὸν
1382 1914 1500 1967 Ἰὼϐ
1529 1915 1704 1987 ἀφῆκε
1731 1914 1923 1970 παθεῖν

354 2003 506 2075 ἆπερ
552 2004 774 2069 ἔπαθεν,
822 2005 963 2059 ὥστε
1005 2007 1100 2061 καὶ
1129 2007 1494 2078 δοκιμώτερον
1536 2010 1793 2079 φανῆναι,
1830 2008 1924 2061 καὶ

352 2097 644 2168 ἐμφράξαι.
665 2097 760 2152 τοῦ
788 2098 1037 2154 διαϐόλου
1063 2102 1124 2154 1:6
1152 2103 1326 2173 στόμα
1349 2116 1363 2130 ·
1395 2102 1482 2156 διὰ
1505 2102 1662 2156 τοῦτο
1687 2104 1924 2165 καὶτοὺς

352 2190 688 2254 ἀποστόλους
737 2193 968 2265 ἀφῆκεν,
1013 2192 1153 2247 ὥστε
1194 2196 1478 2258 κάκείνους
1520 2195 1924 2267 ἀνδρειοτέρους

353 2281 630 2352 γενέσθαι,
662 2284 755 2337 καὶ
780 2284 876 2356 τὴν
908 2287 1117 2342 οἰκείαν
1167 2286 1397 2357 δύναμιν
1427 2286 1606 2361 ταύτῃ
1652 2286 1924 2352 ἐπιδείξα-

353 2373 507 2428 σθαι.
542 2376 649 2429 Καὶ
677 2377 785 2448 γὰρ
815 2378 907 2430 καὶ
954 2377 1093 2449 αὓτη
1140 2379 1288 2433 αἰτία
1344 2381 1405 2433 οὐ
1454 2380 1648 2451 μικρά.
1683 2379 1774 2433 Διὸ
1828 2378 1925 2432 καὶ

353 2468 555 2538 Παύλῳ
594 2469 747 2538 ἔλεγε
801 2469 1049 2541 ζητοῦντι
1083 2472 1267 2527 ἄνεσιν
1316 2472 1407 2527 καὶ
1459 2472 1780 2543 ἀπαλλαγὴν
1813 2470 1924 2525 τῶν

351 2563 692 2634 κατεχόντων
715 2564 921 2627 κακῶν,
965 2566 1161 2633 Ἀρκεῖ
1187 2584 1285 2620 σοι
1312 2568 1350 2635 ἡ
1373 2565 1542 2637 χάρις
1568 2584 1685 2637 μου
1705 2583 1718 2597 ⁸
1756 2566 1795 2634 ὴ
1816 2565 1927 2636 γὰρ

349 2654 611 2724 δύναμίς
628 2672 749 2725 μου
771 2657 841 2709 ἐν
857 2657 1141 2726 ἀσθενείᾳ
1170 2659 1520 2715 τελειοῦται.

425 2771 565 2836 Κεφ.
589 2768 690 2839 κβ’.
706 2770 815 2824 Καὶ
836 2770 942 2842 γὰρ
962 2771 1012 2823 οἱ
1044 2771 1274 2842 μηδέπω
1294 2770 1372 2842 τῷ
1397 2771 1537 2842 λόγῳ
1556 2770 1648 2825 τοῦ
1667 2774 1923 2843 Χριστια-

352 2860 551 2930 νισμοῦ
581 2860 1100 2933 προσελθόντες,καὶ
1129 2861 1375 2914 ἐντεῦθεν
1399 2862 1680 2932 μειζόνως,
1711 2863 1805 2917 ἐὰν
1833 2864 1924 2933 νήο

352 2969 519 3022 φωσι,
534 2952 892 3023 κερδαίνουσι.
910 2954 1023 3007 Καὶ
1046 2952 1153 3024 γὰρ
1168 2955 1295 3008 ὅταν
1320 2953 1499 3009 ἴδωσιν
1514 2955 1922 3028 ἀδικουμένους,

351 3042 810 3115 λοιδορουμένους,
831 3041 1203 3120 δεσμωτήριον
1232 3044 1533 3111 οἰκοῦντας,
1552 3045 1926 3118 ἐπηρεαζομέ-

353 3153 513 3202 νους,
529 3136 1059 3209 ἐπιδουλευομένους,
1075 3138 1564 3211 ἀποτεμνομένους,
1583 3140 1924 3210 καιομένους,

351 3228 939 3301 κιταποντιζομένους,
966 3229 1061 3283 καὶ
1087 3229 1276 3302 μηδενὶ
1298 3230 1407 3285 τῶν
1442 3231 1629 3285 δεινῶν
1657 3230 1927 3296 εἴκοντας,

353 3321 611 3391 ἐννόησον
641 3321 764 3375 ὅσον
813 3320 1029 3393 ἔχοντες
1074 3321 1258 3394 θαῦμα
1305 3321 1414 3377 τῶν
1450 3323 1770 3397 παραδόξων
1804 3323 1928 3378 τούο

352 3429 473 3467 των
517 3411 763 3484 ἀθλητῶν
799 3412 1109 3484 ἀπήρχοντο
1158 3413 1252 3467 καὶ
1296 3415 1349 3471 οἰ.
1389 3414 1543 3479 τότε,
1577 3416 1673 3469 καὶ
1709 3415 1760 3469 οἰ
1807 3415 1925 3469 νῦν.

354 3507 526 3560 Ὠστε
550 3506 617 3560 οὐ
645 3504 805 3576 μόνον
835 3506 935 3560 οὐκ
965 3505 1258 3577 ἐργάζεται
1288 3506 1581 3562 σκάνδαλον
1609 3507 1681 3562 τὰ
1707 3523 1931 3578 γεγενη-

356 3600 501 3672 μένα
521 3602 632 3664 τοῖς
663 3599 944 3671 νήφουσιν,
986 3598 1123 3655 ἀλλά
1152 3600 1247 3668 καὶ
1292 3599 1535 3665 πλείονος
1584 3599 1929 3667 διδασκαλίας

352 3691 615 3755 ὑπόθεσις
640 3690 870 3760 γίνεται.
899 3690 990 3745 Διὸ
1015 3691 1110 3746 καὶ
1131 3691 1341 3755 Παῦλος
1362 3692 1561 3763 ἢκουσε
1602 3691 1796 3757 ταῦτα,
1847 3693 1929 3746 ὃτι

363 3785 444 3838 Ἦ
468 3783 722 3852 δύναμίς
743 3800 864 3853 μου
883 3782 953 3837 ἐν
967 3782 1249 3848 ἀσθενείᾳ
1278 3782 1623 3837 τελειοῦται.
1640 3782 1809 3837 Τοῦτο
1836 3782 1931 3836 καὶ

352 3874 452 3929 ἐπὶ
470 3875 568 3946 τῆς
590 3873 830 3937 Παλαιᾶς
854 3874 947 3927 καὶ
968 3872 1061 3925 ἐπὶ
1083 3872 1181 3943 τῆς
1208 3872 1415 3944 Καινῆς
1431 3871 1577 3926 ἐστιν
1600 3874 1797 3946 εὑρεῖν.
1816 3876 1932 3930 Ἐν-

354 3969 550 4039 νόησον
583 3966 689 4039 γάρ
721 3966 774 4018 τί
819 3964 1046 4035 πάσχειν
1078 3964 1226 4030 εἰκὸς
1243 3959 1310 4039 ἦν
1336 3965 1428 4020 τὸν
1460 3963 1931 4042 Ναϐουχοδονόσορ

356 4061 467 4116 ὑπὸ
501 4058 667 4132 τριῶν
694 4057 919 4123 παίδων,
938 4056 1162 4123 δούλων,
1188 4056 1579 4130 αἰχμαλώτων,
1608 4056 1930 4131 δεδεμένων,

356 4148 820 4224 πυρπολουμένων
838 4189 865 4215 ,
914 4146 1173 4203 τοσούτου
1235 4147 1599 4220 στρατοπέδου
1666 4146 1932 4215 παρόντος

359 4241 702 4316 ἡττώμενον,
753 4241 848 4294 καὶ
891 4238 973 4312 μὴ,
1006 4238 1304 4310 δυνάμενον
1347 4237 1512 4309 τριῶν
1549 4240 1933 4316 περιγενέσθαι

359 4338 632 4408 σωμάτων
651 4332 1083 4405 δεδουλωμένων,
1117 4332 1512 4402 ὑποκειμένων,
1556 4332 1814 4405 πατρίδος
1839 4334 1933 4389 ἐκ-

360 4428 751 4494 πεπτωκότων,
782 4418 1114 4498 ἐλευθερίας,
1135 4424 1326 4497 τιμῆς.
1356 4425 1694 4488 δυναστείας,
1714 4427 1934 4499 χρημά-

357 4541 492 4588 των,
536 4521 724 4594 πιρρω
772 4519 885 4573 τῶν
930 4518 1148 4575 οίκείων
1175 4518 1598 4589 ἀπῳκισμένων.
1646 4520 1708 4573 Εἰ
1751 4518 1817 4590 δὴ
1858 4520 1934 4590 μὴ

362 4615 714 4687 συνεχωρήθη
765 4613 795 4666 6
845 4612 1174 4683 ἐμπρησμὸς
1226 4612 1470 4676 ἐκεῖνος,
1521 4613 1622 4667 ούκ
1676 4611 1743 4666 ἂν
1793 4612 1939 4668 οὕτω

358 4706 614 4779 λαμπρὸν
645 4705 706 4758 τὸ
730 4703 980 4775 βραϐεῖον
1008 4703 1248 4771 ἐγένετο,
1277 4704 1378 4755 οὐκ
1410 4702 1477 4757 ἂν
1501 4702 1645 4756 οὕτω
1667 4704 1891 4777 φαιδρὸς
1907 4705 1937 4757 6

363 4798 649 4866 στέφανος.
674 4795 960 4865 Ἐννόησον
979 4796 1032 4848 τί
1050 4796 1282 4867 πάσχειν
1302 4794 1446 4858 εἰκὸς
1475 4791 1543 4873 ἦν
1570 4796 1663 4850 τὸν
1691 4796 1939 4870 Ἡρώδην

360 4891 470 4946 ὑπὸ
500 4889 779 4961 δεσμώτου
804 4888 1179 4961 ἐλεγχόμενον,
1198 4888 1291 4942 καὶ
1316 4888 1527 4960 ὁρῶντα
1556 4889 1677 4944 ούδέ
1705 4890 1813 4943 ἀπὸ
1838 4892 1938 4962 τῆς

362 4981 604 5044 ἁλύσεως
627 4979 779 5053 [510]
808 4979 1076 5034 ἐνδιδόντα
1103 4982 1168 5051 τῇ
1198 4979 1503 5053 παρρησίᾳ,
1540 4979 1655 5034 ἀλλ’
1677 4979 1935 5053 αἱρούμε-

360 5095 452 5130 νον
508 5075 784 5145 σφαγῆναι
836 5072 1060 5144 μᾶλλον,
1109 5071 1446 5144 ῆ,προέσθαι
1488 5073 1590 5144 τὴν
1647 5072 1938 5145 καλλίστην

363 5163 849 5238 ἐλευθεροστομίαν
886 5164 1131 5235 ἐκείνην.
1164 5162 1447 5234 Ἐννόησον
1485 5163 1566 5227 τίς
1596 5163 1737 5236 ὁρῶν
1769 5164 1940 5220 ταῦτα

366 5258 459 5312 καὶ
484 5256 698 5311 ἀκούων
725 5255 822 5310 καὶ
836 5254 947 5310 τῶν
973 5254 1093 5309 τότε
1111 5252 1326 5320 ζώντων
1350 5253 1575 5308 καὶτῶν
1604 5254 1743 5325 μετά
1766 5255 1943 5311 ταῦτα.

366 5349 696 5419 γενομένων,
742 5346 846 5403 κᾶν
895 5345 1102 5419 σφόδρα
1155 5346 1568 5409 ἀναπεπτωκὼς
1614 5343 1682 5419 ᾗ,
1729 5346 1854 5401 νοῦν
1881 5348 1942 5406 δέ

327 5439 339 5507 3
362 5459 488 5497 τινα
519 5440 659 5513 ἔχων
684 5441 912 5513 βραχὺν,
945 5439 1062 5504 πῶς
1083 5441 1161 5495 τά
1178 5440 1408 5510 μέγιστα
1437 5441 1700 5512 κερδάνας
1727 5440 1956 5502 άπεισι.,

363 5534 457 5605 Μὴ
491 5531 602 5602 γάρ
635 5548 726 5617 μοι
750 5530 820 5585 τὰ
850 5530 1181 5603 καθάρματα
1211 5531 1323 5585 τῶν
1342 5533 1584 5604 ἀνοήτων
1606 5532 1789 5605 εἴπῃς,
1813 5533 1942 5598 τοὺς

364 5622 575 5693 βλᾶκας
606 5621 703 5676 καὶ
729 5621 1076 5693 αὑτόσαρκας
1099 5620 1281 5687 ὄντας,
1316 5622 1412 5677 καὶ
1434 5621 1647 5693 φύλλων
1676 5621 1942 5692 κουφοτέ-

365 5732 517 5785 ρους.
550 5706 712 5768 Οὗτοι
733 5712 844 5785 γὰρ
870 5712 990 5785 οὐχὶ
1014 5713 1223 5779 τούτοις
1254 5714 1432 5786 μόνον,
1468 5713 1606 5771 ἀλλά
1644 5717 1738 5773 καὶ
1779 5717 1943 5771 παντὶ

367 5804 557 5876 σχεδὸν
580 5805 863 5878 γενομένῳ
890 5807 1318 5877 προσπταίουσιν
1338 5821 1353 5837 ’
1376 5807 1453 5872 ὡς
1484 5806 1580 5861 καὶ
1605 5809 1634 5861 6
1664 5802 1941 5863 Ἰουδαίων

364 5894 539 5967 δῆμος
558 5897 653 5950 καὶ
672 5896 849 5968 μάννα
863 5896 1054 5952 ἐσθίων
1074 5897 1170 5952 καὶ
1192 5899 1376 5970 ἄρτον,
1395 5900 1596 5971 ὁμοίως
1616 5899 1945 5972 δυσάρεστος

370 5982 459 6058 ἦν,
488 5989 585 6042 καὶ
626 5991 684 6043 ἐν
710 5989 974 6062 Αἰγύπτῳ
1003 5990 1098 6056 ὣν,
1135 5993 1228 6046 καὶ
1271 5991 1607 6061 ἀπαλλαγεὶς
1635 5992 1937 6063 Αἰγύπτου,

371 6082 468 6136 καὶ
495 6082 758 6153 παρόντος
782 6080 1078 6149 Μωῦσέως,
1122 6084 1214 6138 καὶ
1237 6082 1582 6148 ἀπελθόντος.
1633 6083 1771 6139 Ἀλλ’
1794 6083 1939 6138 ἐκεί·

1161 615 1252 670 AD
1289 590 1422 672 Eos
1463 615 1582 685 QUI
1623 613 2131 672 SCANDALIIATI
2171 613 2373 670 sum.
2408 613 2538 671 LIB.
2576 615 2783 674 usus.

3487 617 3594 675 εει

2027 746 2152 793 νους
2184 731 2263 794 εἰς
2292 730 2457 800 μέσον
2487 730 2586 799 ἄγε
2619 748 2729 800 μοι,
2760 732 2887 794 τοὺς
2919 731 3212 802 νήφοντας,
3259 730 3384 797 τοὺς
3425 732 3596 805 ἐγρη-

2028 830 2277 902 γορότας,
2324 832 2419 884 καὶ
2467 830 2679 900 λογίζου
2729 831 2902 902 πόσην
2930 831 3078 896 εἰκὸς
3113 832 3316 898 αὐτοὺς
3347 834 3598 891 ἐντεῦθεν

2031 933 2424 1002 καρπώσασθαι
2456 934 2552 1004 τὴν
2574 934 2863 1000 ὠφέλειαν,
2903 934 3145 1006 ὁρῶντας
3174 934 3361 1007 ψυχὴν
3397 937 3597 1009 ἀπερί-

2028 1047 2283 1104 τρεπτον,
2302 1035 2556 1107 φρόνημα
2573 1034 2903 1106 ἀδούλωτον,
2964 1036 3211 1109 γλῶτταν
3287 1028 3600 1110 παρρησίας

2028 1134 2325 1207 γέμουσαν,
2354 1133 2638 1207 ἄνθρωπον
2667 1134 3069 1208 ἐρημοπολίτην
3094 1136 3353 1208 βασιλέως
3379 1156 3602 1211 περιγεο

2031 1237 2271 1309 νόμενον,
2305 1236 2671 1307 δεσμούμενον
2697 1237 2789 1292 καὶ
2819 1237 2921 1291 ούκ
2947 1237 3217 1293 ἐνδιδόντα
3233 1248 3274 1304 ⁸,
3303 1240 3601 1311 ἀποτεμνόο

2033 1358 2193 1410 μενον
2222 1340 2315 1393 καὶ
2345 1340 2404 1393 ού
2442 1339 2707 1408 σιγῶντα’
2739 1338 2833 1394 καὶ
2860 1339 2994 1411 μηδὲ
3026 1338 3185 1412 μέχρι
3208 1339 3410 1397 τούτων
3445 1345 3606 1414 στῆς,⁸

2029 1442 2167 1497 ἀλλά
2215 1443 2311 1496 καί
2361 1442 2430 1497 τά
2483 1441 2623 1513 μετά
2683 1444 2859 1500 ταῦτα
2909 1441 3151 1509 ἐξέταξε.
3226 1443 3523 1515 ’Δπέτεμεν
3574 1447 3603 1499 6

2040 1540 2304 1613 Ἡρώδης,
2323 1542 2612 1614 ἀπετμήθη
2637 1544 2666 1596 6
2704 1543 2976 1614 Ἰωάννης.
3004 1542 3100 1606 Τίς
3116 1538 3209 1598 οῦν
3234 1545 3383 1624 ἐστιν
3415 1547 3473 1598 ἐν
3492 1548 3604 1609 τοίς

2031 1646 2284 1702 ἁπάντων
2315 1647 2718 1716 μακαρισμοῇκ
2750 1643 2835 1705 τίς
2879 1643 3153 1715 ζηλωτός;
3180 1646 3267 1711 τίς
3293 1647 3604 1719 ἀνακηρύτ-

2030 1764 2219 1813 τεται;
2248 1745 2330 1811 τίς
2359 1743 2717 1817 στεφανοῦται
2737 1762 2752 1811 ;
2775 1745 2861 1809 τίς
2878 1746 3318 1817 ἐγκωμιάζεται;
3341 1748 3425 1814 τίς
3453 1750 3606 1803 ἐπαι-

2031 1849 2199 1901 νεῖται
2224 1864 2238 1912 ;
2264 1846 2348 1909 τίς
2373 1846 2744 1917 θαυμάζεται;
2775 1845 2859 1909 τίς
2894 1846 3055 1919 μέχρι
3078 1848 3320 1919 σήμερον
3353 1850 3602 1921 ἐλέγχεις

2031 1950 2106 2003 Οὐ
2136 1947 2255 2002 καθ’
2287 1948 2523 2017 ἑκάστην
2554 1948 2879 2018 Ἐκκλησίαν
2914 1950 2942 2001 6
2973 1949 3072 2018 μέν
3104 1949 3221 2021 βοᾷ,
3250 1927 3372 2005 Οὐκ
3402 1951 3607 2016 ἔξεστί

2029 2067 2130 2107 σοι
2177 2050 2346 2121 ἔχειν
2389 2049 2505 2120 τὴν
2548 2052 2803 2121 γυναῖκα
2840 2052 3145 2106 Φιλίππου
3197 2052 3305 2106 τοῦ
3337 2051 3615 2123 ἀδελφοῦ·

2028 2167 2180 2206 σοιν
2212 2154 2242 2206 6
2270 2151 2330 2206 δέ
2379 2151 2752 2225 στηλιτεύεται
2793 2151 2886 2206 καὶ
2935 2152 3073 2224 μετὰ
3115 2152 3373 2225 τελευτὴν
3410 2154 3505 2208 ἐπὶ
3539 2156 3605 2225 τῇ

2036 2253 2253 2327 μοιχείᾳ
2287 2253 2380 2307 καὶ
2412 2254 2478 2325 τῇ
2522 2253 2795 2325 παρανοίᾳ
2825 2254 2919 2308 καὶ
2944 2257 3012 2326 τῇ
3048 2253 3380 2328 θρασύτητις
3404 2254 3606 2310 Σκόπει

2030 2355 2086 2409 δὲ
2115 2354 2252 2425 μετὰ
2269 2354 2375 2408 τῶν
2400 2353 2727 2426 εἰρημένων,
2742 2354 2843 2425 ὅση
2868 2354 2961 2408 τοῦ
2992 2354 3271 2427 δεσμώτου
3293 2357 3327 2427 ἡ
3356 2354 3606 2426 δύναμις.

2032 2456 2126 2510 καὶ
2144 2455 2238 2509 τοῦ
2264 2455 2526 2527 τυράννου
2556 2457 2587 2526 ἠ
2621 2454 2891 2511 ἀσθένεια.
2935 2456 2996 2510 ’0
3024 2456 3123 2529 μέν
3155 2456 3263 2529 γὰρ
3292 2457 3393 2511 οὐκ
3422 2455 3610 2527 ἴσχυσε

2034 2559 2162 2630 μίαν
2182 2558 2531 2629 ἐπιστομίσαι
2552 2557 2822 2627 γλῶτταν.
2845 2558 2963 2613 ἀλλ’
2988 2558 3199 2613 ἀνελὼν
3225 2558 3417 2631 αὐτὴν,
3439 2559 3613 2631 μυρία

2032 2661 2145 2714 ἀντ’
2180 2659 2394 2731 ἐκείνης
2427 2660 2522 2713 καὶ
2549 2660 2668 2730 μετ’
2698 2659 2916 2731 ἐκείνης
2949 2660 3157 2729 ἠνέῳξε
3179 2661 3427 2731 στόματα
3455 2676 3470 2690 ·
3496 2663 3525 2714 6
3553 2659 3611 2713 δέ

2034 2762 2126 2818 καὶ
2170 2761 2295 2815 τότε
2338 2761 2501 2815 αὑτὸν
2552 2760 2755 2825 εὐθέως
2793 2762 3031 2833 ἐφόϐησε
3070 2763 3210 2832 μετὰ
3249 2761 3347 2833 τὴν
3392 2760 3610 2832 σφαγὴν

2034 2865 2198 2935 (οὕτω
2222 2864 2332 2936 γάρ
2379 2862 2547 2918 αὐτοῦ
2580 2863 2644 2917 τὸ
2674 2864 2912 2927 συνειδὸς
2954 2862 3237 2929 κατέπιεν
3261 2866 3290 2919 6
3319 2863 3502 2934 φόϐος,
3533 2863 3610 2929 ώς

2031 2968 2273 3040 νομίζειν
2300 2966 2467 3021 αὐτὸν
2493 2966 2616 3020 τότε
2642 2966 2738 3020 καὶ
2785 2968 2848 3019 ἐκ
2873 2966 3087 3046 νεοκρῶν
3116 2965 3427 3020 ἀναστάντα
3480 2965 3611 3019 θαυ-

2045 3070 2417 3144 ματουργεῖν),
2451 3070 2547 3125 καὶ
2577 3068 2673 3124 νῦν
2701 3068 2758 3123 δὲ
2793 3069 2889 3123 καὶ
2938 3069 2999 3133 ἐξ
3049 3068 3260 3122 ἐκείνου
3291 3067 3380 3121 διά
3410 3065 3617 3129 παντὸς

2032 3174 2126 3227 τοῦ
2150 3174 2342 3245 χρόνου
2369 3171 2510 3226 κατά
2526 3172 2706 3226 πᾶσαν
2727 3170 2890 3225 αὐτὸν
2914 3168 3129 3241 ἐλέγχει
3151 3168 3249 3241 τὴν
3263 3167 3616 3238 οἰκουμένην,

2035 3277 2127 3329 καὶ
2171 3275 2241 3329 δι’
2288 3274 2504 3340 ἐαυτοῦ,
2558 3273 2653 3328 καὶ
2689 3273 2757 3327 δι’
2792 3271 3017 3344 ἐτέρων.
3070 3270 3349 3334 Ἕκαστος
3392 3267 3501 3340 γάρ
3550 3267 3619 3321 τὸ

2035 3377 2375 3447 Εύαγγέλιον
2414 3374 2810 3445 ἀναγινώσκων
2841 3374 3023 3440 τοῦτο,
3051 3368 3222 3442 λέγει,
3255 3374 3378 3426 οὐκ
3407 3370 3615 3437 ἐξεστί

2026 3497 2133 3549 σοι
2174 3481 2339 3552 ἔχειν
2380 3479 2497 3549 τὴν
2534 3478 2795 3550 γυναῖκα
2852 3480 3157 3536 Φιλίππου
3193 3475 3302 3532 τοῦ
3340 3474 3630 3546 ἀδελφοῦι

2034 3598 2153 3638 σου
2179 3599 2194 3615 ο
2226 3581 2322 3637 καὶ
2368 3581 2463 3636 τοῦ
2494 3580 2832 3651 Εὐαγγελίου
2878 3579 3047 3651 χωρὶς
3082 3578 3143 3632 ἐν
3197 3576 3479 3648 συλλόγοις
3521 3578 3619 3631 καὶ

2039 3680 2367 3746 συνουσίαις,
2386 3683 2509 3746 ταῖς
2538 3681 2702 3745 οίκοι,
2733 3682 2854 3743 ταῖς
2886 3682 2946 3733 ἐν
2975 3678 3173 3750 ἀγορᾷ,
3203 3680 3325 3744 ταῖς
3359 3679 3620 3733 ἅπαντα-

2037 3782 2155 3856 χοῦ,
2182 3782 2286 3837 κᾶν
2319 3785 2398 3847 εἰς
2436 3781 2534 3855 τὴν
2586 3781 2815 3853 Περσῶν
2856 3781 3044 3853 χώραν
3075 3780 3340 3852 ἀπέλθῃς,
3387 3779 3494 3833 κάν
3532 3781 3622 3845 εἰς

2037 3886 2137 3958 τὴν
2183 3884 2384 3951 Ἰνδῶν,
2430 3883 2537 3939 κᾶν
2565 3885 2646 3948 είς
2695 3883 2793 3954 τὴν
2838 3882 3103 3954 Μαύρων,
3138 3882 3245 3937 κᾶν
3304 3882 3436 3953 ὅσην
3461 3881 3614 3954 ῆλιος

2041 3989 2213 4059 ἐφορᾷ
2248 3987 2373 4058 γῆν,
2423 3985 2520 4041 καὶ
2550 3984 2688 4057 πρὸς
2736 3983 2907 4049 αὑτὰς
2942 3981 3043 4047 τὰς
3074 3983 3357 4053 ἐσχατιὰς,
3409 3982 3617 4055 ταύτης

2038 4089 2278 4161 ἀκούσῃς
2306 4091 2407 4161 τῆς
2441 4087 2646 4160 φωνῆς,
2697 4086 2794 4142 καὶ
2841 4085 2965 4157 ὄψει
3013 4084 3107 4141 τὸν
3152 4085 3357 4141 δίκαιον
3408 4087 3622 4140 ἐκεῖνον

2039 4191 2122 4246 ἐτι
2171 4192 2266 4246 καὶ
2308 4188 2406 4246 νῦν
2451 4189 2682 4262 βοῶντα,
2731 4188 3067 4261 ἐνηχοῦντα,
3118 4188 3219 4243 καὶ
3264 4188 3381 4261 τὴν⁴
3415 4190 3629 4245 κακίαν.

2040 4294 2330 4366 ἐλέγχοντα
2355 4291 2452 4348 τοῦ
2479 4291 2772 4366 τυράννου,
2803 4292 2898 4347 καὶ
2922 4289 3179 4347 οὐδέποτε
3206 4290 3467 4362 σιγῶντα,
3494 4289 3621 4347 οὐδὲ

2040 4394 2120 4466 τῷ
2141 4393 2335 4468 πλήθει
2368 4392 2464 4449 τοῦ
2495 4394 2693 4467 χρόνου
2728 4392 2819 4448 τὸν
2840 4392 3062 4464 ἔλεγχον
3097 4390 3515 4464 μαραινόμενον.
3552 4388 3627 4454 τί

2041 4495 2218 4551 τοίνυν
2239 4494 2347 4550 ἀπὸ
2366 4495 2464 4565 τῆς
2484 4494 2738 4565 τελευτῆς
2763 4492 3081 4565 παρεδλάδη
3105 4495 3135 4547 6
3149 4491 3356 4558 δίκαιος
3376 4492 3580 4555 ἐκεῖνος
3597 4505 3614 4554 ς

2042 4600 2096 4654 τί
2123 4599 2179 4653 δέ
2200 4597 2309 4654 ἀπὸ
2324 4596 2421 4653 τοῦ
2449 4595 2626 4668 βιαίου
2649 4596 2915 4663 θανάτους
2935 4594 2990 4650 τί
3010 4594 3069 4649 δέ
3089 4593 3198 4649 ἀπὺ
3218 4593 3321 4664 τῆς
3343 4590 3615 4659 ἀλύσεως;

2044 4700 2096 4754 τί
2114 4700 2171 4754 δὲ
2194 4700 2303 4755 ἀπὸ
2323 4698 2419 4753 τοῦ
2441 4696 2844 4769 δεσμωτηρίους
2876 4695 3042 4760 Τίνας
3061 4694 3119 4749 δέ
3136 4694 3238 4749 οὐκ
3261 4691 3488 4766 ὤρθωσε
3508 4693 3619 4747 τῶν

2043 4802 2170 4857 νοῦν
2201 4801 2456 4872 ἐχόντων,
2492 4799 2588 4871 ἀφ’
2618 4791 2695 4855 ὧν
2732 4793 2908 4862 εἶπεν,
2937 4797 3032 4869 ἀφ’
3057 4790 3132 4853 ὧν
3171 4796 3393 4863 ἔπαθεν,
3425 4796 3519 4867 ἀφ’
3543 4793 3620 4854 ὧν

2045 4906 2126 4959 ἔτι
2144 4904 2240 4959 καὶ
2268 4902 2366 4957 νῦν
2387 4900 2647 4972 κηρύττει
2671 4899 2741 4954 τά
2767 4897 2926 4966 αὐτὰ,
2955 4897 2993 4954 ἃ
3020 4899 3117 4953 καὶ
3139 4897 3262 4953 τότε
3289 4897 3432 4964 (GN;
3464 4897 3616 4972 [5H]

2046 5005 2138 5074 Μὴ
2189 5004 2369 5056 τοίνυν
2397 5001 2546 5070 λέγε,
2570 4998 2669 5054 Διά
2700 4998 2752 5053 τί
2778 4998 3128 5072 συνεχωρήθη
3168 4999 3491 5066 ἀποθανεῖν;
3544 5000 3620 5055 Οὐ

2047 5104 2156 5178 γὰρ
2207 5103 2436 5167 θάνατος
2468 5098 2557 5175 ἦν,
2599 5098 2736 5157 ἀλλά
2759 5098 3022 5170 στέφανος
3039 5099 3103 5153 τὸ
3135 5101 3523 5172 γεγενημένον,
3558 5101 3620 5154 οὐ

2046 5205 2293 5279 τελευτὴ,
2326 5204 2465 5260 ἀλλὰ
2503 5200 2750 5277 μείζονος
2783 5202 2930 5276 ζωῆς
2962 5204 3245 5278 προοίμια.
3285 5204 3441 5260 Μάθε
3475 5204 3622 5273 φιλο-

2050 5311 2255 5380 σοφεῖν,
2287 5307 2382 5363 καὶ
2402 5308 2475 5363 οὐ.
2490 5307 2648 5377 μόνον
2669 5305 2820 5360 οὐδὲν
2850 5305 2917 5360 ἐκ
2938 5304 3048 5359 τῶν
3069 5305 3325 5363 τοιούτων
3352 5304 3618 5377 βλαϐήσῃ.

2047 5409 2184 5467 ἀλλά
2212 5407 2404 5465 καὶτὰ
2434 5407 2668 5479 μέγιστα
2696 5405 2997 5478 κερδανεῖς.

2121 5521 2187 5578 Τί
2245 5519 2305 5574 δὲ
2347 5521 2382 5591 ἡ
2438 5518 2714 5590 Αἰγυπτία
2748 5520 2917 5591 γυνή;
2949 5520 3025 5576 06
3064 5518 3476 5597 κατηγόρησας
3521 5518 3625 5572 οὐκ

2051 5622 2527 5692 ἐσυκοφάντησενς
2557 5618 2658 5673 οὐκ
2699 5619 2860 5692 ἔδησε
2890 5619 2982 5675 τὸν
3009 5619 3255 5687 δίκαιονς
3293 5620 3395 5674 οὐκ
3424 5620 3509 5684 εἰς
3537 5618 3625 5673 δε-

2052 5725 2369 5799 σμωτήριον
2399 5721 2682 5788 ἐνέδαλενς
2712 5722 2791 5781 ού,
2807 5721 2899 5776 τὸν
2930 5721 3058 5793 περὶ
3088 5719 3199 5775 τῶν
3232 5717 3475 5791 ἐσχάτοιν
3496 5719 3626 5773 ἐπε-

2052 5829 2331 5902 κρέμασεν
2353 5824 2504 5897 αὐτῷ
2532 5824 2800 5891 κίνδυνον;
2824 5823 2926 5879 οὐκ
2951 5823 3150 5889 ἀνεῖλε,
3170 5822 3233 5876 τό
3252 5839 3316 5892 γε
3346 5824 3426 5888 εἰς
3449 5821 3623 5895 αὐτὴν

2050 5923 2217 6000 ἦκον;
2244 5925 2305 5980 οὐ
2341 5923 2587 5997 πονηρὰν
2640 5922 2934 5998 περιέθηκε
2989 5921 3183 5995 δόξανς
3210 5921 3277 5982 Τί
3318 5916 3411 5979 οῦν
3459 5917 3622 5978 αὑτὸν

2109 6088 2144 6119 ⁸
2157 6083 2256 6138 Διῦ
2276 6085 2357 6135 καὶ
2378 6083 2434 6134 ού
2455 6081 2728 6138 σιωπῶντα.
