4002 6378
383 574 496 633 ἳῖίῖ
574 528 588 541 ⁸

389 691 796 766 παρέϐλαψενῆ
841 694 1001 759 τότε,
1052 695 1086 765 ἢ
1125 693 1256 762 νῦν;
1308 694 1579 766 Καθάπερ
1632 693 1743 765 γὰρ
1794 693 1965 764 πυρὸς

382 787 651 858 ἄνθρακες
683 787 789 839 ὑπὸ
841 787 1060 860 ἀχύρων
1098 787 1467 857 καλυφθέντες
1488 829 1503 853 ,
1533 788 1684 860 παρά
1734 789 1832 859 pév
1866 788 1964 858 τὴν

381 878 555 949 ἀρχὴν
578 878 894 943 σκιάζεσθαι
918 878 1186 945 δοκοῦσιν,
1217 879 1413 951 ἀθρόον
1434 880 1492 934 δὲ
1519 880 1874 949 διαφαγόντες
1896 878 1966 932 τά

380 969 726 1040 ἐπικείμενα,
744 970 812 1023 δι’
826 970 1006 1024 αὐτῶν
1028 970 1251 1026 ἐκείνων
1271 974 1378 1027 τῶν
1391 971 1610 1044 ἀχύρων
1629 973 1965 1044 ὑψηλοτέραν

381 1058 679 1111 ἀνάπτουσι
712 1061 813 1131 τὴν
862 1060 1072 1130 φλόγα·
1108 1060 1253 1115 οὕτω
1302 1058 1367 1134 δὴ
1413 1063 1509 1116 καὶ
1547 1064 1580 1133 η
1621 1062 1825 1133 ἀρετὴ,
1862 1061 1965 1115 κᾶν

382 1150 786 1220 ἐπηρεάζεσθαι
823 1151 980 1223 δοκῇ.
1006 1152 1233 1225 ὕστερον
1259 1153 1323 1225 δὴ
1354 1153 1424 1207 δι’
1450 1154 1631 1208 αὐτῶν
1656 1152 1766 1207 τῶν
1792 1153 1967 1208 κωλυ-

383 1242 574 1312 μάτων
610 1244 873 1314 μειζόνως
898 1246 1070 1312 ἀνθεῖ,
1098 1248 1191 1300 καὶ
1223 1250 1302 1311 είς
1335 1247 1502 1302 αὐτὸν
1529 1249 1721 1317 φθάνει
1756 1248 1848 1302 τὸν
1878 1249 1969 1302 οῦ-

383 1336 568 1404 ρανόν.
598 1337 663 1389 Τί
697 1337 807 1409 γὰρ
841 1338 1260 1412 μακαριώτερον
1306 1341 1501 1409 γένοιτ’
1555 1341 1622 1395 ἃν
1652 1339 1745 1395 τοῦ
1790 1340 1969 1395 νεανί-

386 1445 520 1483 σκου
547 1431 759 1485 ἐκείνου
785 1432 875 1486 διὰ
899 1432 999 1504 τὴν
1018 1434 1406 1502 συκοφαντίαν,
1422 1434 1512 1488 διὰ
1528 1435 1629 1504 τὴν
1651 1434 1965 1507 ἐπιϐουλὴν,

382 1523 446 1576 οὐ
471 1522 562 1575 διὰ
584 1523 677 1577 τὸν
706 1523 896 1596 θρόνον
927 1526 1022 1579 τὸν
1049 1526 1108 1579 ἐν
1136 1526 1419 1597 Αἰγύπτῳ,
1452 1526 1573 1581 οὐδὲ
1601 1527 1689 1581 διά
1723 1527 1823 1598 τὴν
1851 1529 1970 1581 ἐκεῖ

383 1613 704 1685 βασιλείαν;
736 1617 1020 1687 Πανταχοῦ
1048 1618 1158 1690 γάρ
1186 1621 1301 1682 τοῖς
1333 1618 1564 1673 πάθεσιν
1590 1622 1648 1672 αί
1675 1619 1844 1686 δόξαι,
1873 1620 1969 1674 καὶ

386 1709 442 1760 αἱ
480 1708 882 1779 εὐδοκιμήσεις,
924 1711 1020 1765 καὶ
1062 1714 1110 1765 οἱ
1147 1712 1401 1782 στέφανοί
1434 1715 1541 1767 είσι
1579 1713 1967 1786 συγκεκληρω-

388 1801 559 1870 μένοι.
586 1803 719 1873 Οὐχὶ⁷
760 1804 855 1856 καὶ
884 1803 1072 1859 τοῦτον
1110 1806 1310 1871 πάντες
1351 1806 1629 1878 πανταχοῦ
1652 1808 1752 1877 τῆς
1788 1809 1969 1861 οἰκου-

389 1893 558 1965 μένης
588 1893 803 1966 ᾁδουσις
836 1897 945 1951 Καὶ
971 1898 1163 1969 χρόνου
1190 1898 1445 1953 τοσούτου
1472 1899 1674 1971 πλῆθος
1702 1883 1803 1953 οὐκ
1834 1900 1971 1970 ἐμά-

387 2003 552 2058 ρανεν
579 1988 745 2041 αὐτοῦ
772 1988 871 2059 τὴν
911 1991 1154 2062 μνήμην,
1194 1990 1331 2044 ἀλλὰ
1365 1990 1474 2044 τῶν
1505 1990 1798 2061 βασιλικῶν
1826 1990 1971 2044 εἰκόο

386 2098 492 2134 νων
524 2079 907 2153 λαμπρότερόν
941 2099 1001 2135 τε
1024 2084 1120 2136 καὶ
1141 2082 1529 2154 διαρκέστερον
1557 2084 1614 2137 αἱ
1647 2082 1749 2154 τῆς
1768 2083 1970 2155 ἀρετῆς

387 2173 483 2227 καὶ
516 2172 619 2243 τῆς
642 2173 999 2245 σωφροσύνης
1019 2172 1186 2227 αὐτοῦ
1218 2174 1495 2244 πανταχοῦ
1515 2173 1616 2245 τῆς
1644 2173 1970 2245 οἰκουμένης

388 2266 703 2320 ἀνάκεινται
727 2266 955 2330 εἰκόνες,
984 2268 1042 2319 ἐν
1063 2268 1130 2337 τῇ
1164 2266 1474 2336 Ῥωμαίων,
1496 2267 1555 2318 ἐν
1580 2269 1645 2336 τῇ
1681 2265 1970 2337 βαρϐάρων

388 2357 563 2429 χώρᾳ,
596 2361 654 2411 ἐν
683 2358 762 2421 τῷ
788 2360 1021 2411 ἑκάστου
1054 2358 1339 2422 συνειδότι,
1371 2360 1429 2411 ἑν
1455 2361 1523 2430 τῇ
1548 2358 1777 2412 ἑκάστου
1805 2357 1971 2426 γλώτ-

390 2468 477 2521 τῃ.
519 2449 631 2503 Καὶ
657 2449 870 2521 ὁρῶμεν
903 2449 1068 2503 αὐτὸν
1107 2448 1347 2513 ἅπαντες
1384 2450 1771 2521 κατεχόμενον,
1808 2449 1972 2520 ἀρχό-

393 2559 552 2612 μενον
577 2583 592 2608 ,
643 2540 1084 2612 συμϐουλεύοντα
1141 2543 1208 2612 τῇ
1269 2540 1430 2613 ἀθλία
1480 2542 1574 2595 καὶ
1638 2543 1971 2615 ταλαιπώρῳ

392 2634 569 2706 πόρνῃ
598 2633 668 2687 τά
695 2634 906 2698 δέοντα,
938 2634 1129 2688 καὶτά
1169 2636 1300 2707 παρ’
1335 2634 1532 2689 ἑαυτοῦ
1573 2634 1751 2689 πάντα
1796 2636 1973 2706 εἰσφέ-

394 2744 555 2798 ροντα
587 2729 667 2789 εἰς
709 2727 807 2797 τὴν
848 2726 1067 2798 ἐκείνης
1098 2727 1397 2799 σωτηρίαν,
1438 2727 1765 2799 ἐντρέποντα
1802 2729 1971 2799 αὐτῆς

387 2821 485 2890 τὴν
511 2820 927 2891 ἀναισχυντίαν,
962 2819 1259 2874 σϐεννύντα
1292 2821 1393 2893 τὴν
1420 2820 1672 2892 κάμινον,
1703 2822 1973 2894 χειμῶνος

391 2912 699 2983 ἐξαρπάσαι
738 2904 1122 2983 ἐπιχειροῦντα
1161 2910 1437 2982 χαλεποῦ,
1488 2912 1584 2965 καὶ
1636 2913 1717 2975 είς
1746 2912 1842 2985 τὴν
1874 2930 1974 2981 γα-

387 3003 559 3075 λήνην
574 3002 871 3077 ὁρμίζονται
892 3023 904 3034 ·
934 3001 1054 3058 εἶτα
1074 3004 1260 3075 ἐπειδὴ
1281 3003 1342 3057 τὸ
1367 3003 1655 3059 κλυδώνιον
1678 3005 1970 3077 ὑπερέσχε,

391 3099 486 3152 καὶ
517 3097 851 3170 ὑπέραντλον
891 3097 953 3150 τὸ
985 3096 1169 3151 πλοῖον
1215 3097 1427 3166 γέγονε,
1457 3096 1805 3166 ναυαγούσης
1837 3098 1976 3151 ὲκεί-

390 3202 512 3259 νης,
537 3188 811 3258 φεύγοντα
849 3187 921 3242 τὰ
962 3188 1207 3260 κύματα,
1235 3189 1329 3242 καὶ
1367 3188 1463 3241 ἐπὶ
1493 3187 1592 3260 τὴν
1623 3188 1848 3259 στερεὰν
1875 3188 1976 3259 τῆς

394 3279 752 3350 σωφροσύνης
787 3281 991 3352 πέτραν
1022 3281 1307 3352 τρέχοντα,
1325 3281 1420 3334 καὶ
1451 3281 1522 3335 τὰ
1558 3281 1750 3352 ίμάτια
1776 3282 1835 3336 ἐν
1858 3284 1977 3344 ταῖς

393 3373 610 3443 ἐκείνης
640 3371 1126 3443 καταλιμπάνοντα
1156 3373 1335 3444 χερσὶ,
1376 3373 1472 3426 καὶ
1502 3372 1613 3428 τῶν
1648 3372 1747 3437 τὰς
1775 3390 1980 3444 πορφυο

399 3464 554 3537 ρίδας
586 3464 1071 3537 περιϐεϐλημένων
1097 3464 1481 3538 λαμπρότερον
1507 3468 1565 3520 ἐν
1587 3469 1653 3536 τῇ
1678 3466 1977 3538 γυμνότητι

396 3559 742 3630 φαινόμενον,
776 3557 871 3612 καὶ
911 3558 1165 3632 καθάπερ
1196 3560 1427 3631 ἀριστέα
1471 3560 1597 3615 τινὰ
1633 3562 1730 3615 καὶ
1758 3578 1978 3634 τροπαι-

394 3651 827 3724 οῦχονοφαιδρὺν,
853 3652 916 3707 τὸ
941 3653 1203 3725 τρόπαιον
1225 3654 1461 3711 ἱστῶντα
1477 3656 1576 3728 τῆς
1598 3655 1973 3729 σωφροσύνης.

397 3742 510 3796 Καὶ
540 3741 661 3797 οὐδὲ
700 3743 758 3794 ἐν
785 3741 998 3806 τούτοις
1042 3741 1386 3815 καταλύομεν
1416 3745 1516 3817 τὴν
1556 3745 1797 3816 μνήμην,
1843 3743 1979 3797 ἀλλὰ

398 3837 709 3911 περαιτέρω
746 3838 1060 3912 προϊόντες,
1088 3838 1303 3911 ὁρῶμεν
1354 3836 1517 3891 αὐτὸν
1564 3836 1725 3890 πάλιν
1773 3837 1855 3900 είς
1900 3836 1979 3889 δε-

401 3932 711 4004 σμωτήριον
737 3930 1108 4003 ἀπαγόμενον,
1130 3930 1437 4002 δεδεμένον,
1463 3928 1782 4000 αὐχμῶντα,
1813 3928 1979 3982 πολὺν

399 4027 516 4080 ἐκεῖ
538 4025 836 4097 τηκόμενον
881 4025 1091 4097 χρόνον.
1131 4024 1244 4080 Καὶ
1272 4023 1361 4077 διὰ
1387 4021 1561 4077 ταῦτα
1586 4021 1822 4093 μάλιστα
1858 4022 1981 4076 θαυ-

402 4116 646 4189 μάζομεν
675 4117 838 4171 πάλιν
867 4116 1055 4184 αὐτὸν,
1102 4115 1502 4188 μακαρίζομεν,
1540 4115 1977 4187 ἐκπληττόμεθα,

400 4207 751 4280 ἐπαινοῦμεν.
788 4208 910 4263 Κάν
952 4206 1184 4279 σώφρων
1228 4226 1314 4273 τις
1339 4205 1397 4283 ᾖ,
1433 4208 1629 4264 ἐννοῶν
1676 4208 1838 4262 αὐτὸν
1883 4226 1983 4261 σω-

405 4301 767 4376 φρονέστερος
797 4301 1035 4372 γίνεται·
1073 4302 1178 4356 κᾶν
1209 4302 1525 4367 ἀκόλαστος,
1556 4301 1742 4372 τάχιον
1770 4302 1848 4371 τῷ
1909 4301 1984 4355 δι.

400 4396 649 4468 ηγήματι
676 4395 814 4468 πρὸς
844 4394 1196 4468 σωφροσύνην
1233 4394 1575 4466 μεθίσταται,
1610 4395 1705 4448 κα)⁸
1749 4395 1854 4449 ὐπὸ
1884 4395 1983 4464 τῆς

407 4490 653 4564 ἱστορίας
680 4490 920 4563 ἀμείνων
946 4487 1295 4543 καθίσταται.
1331 4489 1515 4544 Ταῦτα
1552 4491 1733 4544 τοίνυν
1770 4490 1984 4545 ἅπαντα

404 4567 781 4655 ἀναλέγοντες,
802 4583 970 4657 μηδὲν
988 4581 1330 4654 θορυϐεῖσθε,
1369 4584 1509 4638 ἀλλά
1546 4584 1640 4638 καὶ
1668 4584 1985 4656 κερδαίνετε

407 4679 474 4732 ἐκ
499 4677 609 4731 τῶν
653 4677 958 4750 γινομένων
978 4693 993 4708 ·
1031 4676 1125 4730 καὶ
1157 4677 1191 4747 ή
1236 4674 1346 4729 τῶν
1389 4675 1695 4731 ἀθλούντων
1741 4677 1986 4750 ὑπομονὴ

408 4769 642 4839 γινέσθω
670 4771 964 4844 καρτερίας
993 4771 1122 4843 ὑμῖν
1163 4768 1509 4834 διδάσκαλος,
1548 4770 1645 4823 καὶ
1684 4769 1865 4825 πάντα
1896 4770 1987 4824 τὸν

414 4862 529 4933 βίον
554 4861 662 4915 τῶν
699 4864 960 4931 γενναίων
994 4863 1086 4918 καὶ
1129 4861 1352 4935 ὑψηλῶν
1381 4861 1590 4933 ἀνδρῶν
1640 4861 1873 4933 ὁρῶντες
1898 4861 1987 4917 διὰ

412 4952 567 5028 [512]
592 4955 850 5010 τοιούτων
882 4957 1264 5027 ὑφαινόμενον,
1291 4955 1366 5027 μὴ
1400 4955 1709 5025 συγχεῖσθε,
1739 4954 1872 5025 μηδὲ
1900 4970 1990 5009 τας

416 5045 697 5123 ράττεσθε,
732 5048 867 5121 μήτε
901 5052 1014 5115 τοῖς
1052 5048 1224 5111 ίδίοις,
1258 5048 1399 5119 μήτε
1424 5049 1538 5113 τοῖς
1570 5048 1770 5110 κοινοῖς
1805 5063 1991 5117 πειρα-

415 5144 603 5213 σμοῖς·
658 5139 889 5211 καὶγὰρ
936 5142 1029 5194 καὶ
1076 5142 1110 5213 ἡ
1154 5140 1448 5213 Ἐκκλησία
1493 5140 1552 5208 ἐξ
1609 5140 1784 5211 ἀρχῆς
1816 5139 1990 5205 οὕτως

413 5234 650 5307 ἐτράφη,
686 5231 861 5296 οῦτως
905 5232 1135 5303 ηὐξήθη.
1168 5233 1350 5304 Μηδὲν
1385 5228 1480 5286 οὖν
1506 5230 1808 5298 ξενίζεσθε·
1837 5232 1991 5287 οὐδὲν

414 5328 524 5400 γάρ
551 5325 781 5390 ἀπεικὸς
805 5325 1047 5394 γέγονεν.
1079 5323 1219 5376 Ἀλλ’
1241 5324 1431 5396 ὥσπερ
1447 5326 1541 5379 ἐπὶ
1566 5326 1676 5378 τῶν
1699 5324 1988 5395 βιωτικῶν,

411 5421 516 5474 οὐκ
547 5418 678 5473 ἔνθα
715 5418 896 5489 ἄχυρα
937 5416 1031 5469 καὶ
1070 5416 1285 5487 χόρτος,
1318 5418 1440 5472 οὐδέ
1470 5418 1600 5473 ἔνθα
1642 5419 1846 5490 ἄμμος,
1875 5418 1992 5473 ἀλλ’

416 5509 544 5563 ινθα
593 5508 817 5581 χρυσίον
870 5509 966 5562 καὶ
1020 5510 1393 5579 μαργαρῖται,
1426 5512 1546 5563 ἐκεῖ
1592 5510 1851 5581 πειραταὶ
1898 5509 1993 5562 καὶ

416 5601 845 5656 καταποντισταλ⁵
891 5602 985 5654 καὶ
1034 5599 1230 5671 λῃσταὶ
1262 5601 1359 5654 καὶ
1390 5601 1710 5673 τοιχωρύχοι
1753 5600 1994 5673 συνεχῶς

417 5689 694 5762 ἐνοχλοῦσι
727 5691 823 5745 καὶ
852 5688 1330 5744 ἐπιϐουλεύουσιν·
1367 5689 1511 5745 οὕτω
1543 5692 1637 5747 καὶ
1682 5694 1712 5747 ό
1747 5690 1994 5754 διάϐολος

421 5780 547 5836 ἔνθα
563 5781 627 5836 ἂν
654 5782 736 5855 ίδῃ
759 5780 988 5837 πλοῦτον
1016 5781 1381 5852 συναγόμενον
1403 5781 1491 5836 τὸν
1511 5784 1649 5856 κατά
1676 5782 1875 5856 ψυχὴν,
1896 5784 1994 5837 καὶ

427 5875 685 5946 εὐπορίαν
729 5874 1013 5939 εὐσεϐείας
1053 5874 1484 5946 ἐπιτεινομένην,
1516 5852 1632 5929 ἐκέῖ
1661 5873 1730 5928 τὰ
1761 5875 1996 5947 μηχανή·

427 5986 576 6038 ματα
621 5967 802 6038 ἵστησι
834 5969 926 6023 καὶ
957 5969 1245 6041 προσάγει.
1284 5969 1424 6022 Ἀλλ’
1458 5968 1552 6020 ἐὰν
1572 5970 1621 6021 οί
1659 5967 1997 6021 ἐπιϐουλευό-

430 6079 577 6133 μενοι
605 6061 866 6133 νήφωσιν,
890 6062 951 6118 οὐ
985 6062 1145 6136 μόνον
1165 6062 1314 6117 οὐδὲν
1348 6058 1693 6139 ἐλαττοῦνται
1726 6057 1992 6127 ἐντεῦθεν,

615 6368 675 6374 r——
863 6370 909 6374 —
958 6370 963 6371 ν
1156 6371 1205 6378 .—
1417 6371 1491 6376 __.

1142 536 1202 631 5'.
1241 573 1532 632 JOANNIS
1565 570 2056 630 cnmsosrom
2093 573 2413 632 ARCHIEP.
2456 575 2995 634 consumma

3543 573 3648 630 σεε

2068 692 2204 747 ἀλλά
2234 694 2329 747 καὶ
2371 694 2591 765 μείζονα
2639 694 2730 748 τὸν
2766 692 2993 749 πλοῦτον
3026 691 3123 761 τῆς
3159 690 3360 763 ἀρετῆς
3395 690 3656 757 συνάγου·

2069 796 2154 834 σιν
2172 797 2185 810 ·
2214 781 2244 833 δ
2268 780 2333 852 δὴ
2361 781 2457 836 καὶ
2491 780 2586 837 νῦν
2616 782 2827 850 γέγονε.

2138 870 2279 940 Κεφ.
2322 870 2429 940 κγ’.
2480 871 2591 924 Καὶ
2628 871 2880 941 μέγιστον
2910 869 2976 923 ἄν
3006 885 3087 932 τις
3116 866 3273 920 τοῦτο
3301 866 3529 937 σημεῖον
3554 862 3647 917 καὶ

2066 956 2159 1010 τοῦ
2183 958 2414 1012 πλούτου
2434 958 2542 1010 τῶν
2566 957 3023 1029 κατορθωμάτων,
3046 955 3257 1026 καὶτῆς
3273 953 3524 1023 ἀνδρείας
3551 952 3646 1021 τῆς

2082 1045 2407 1114 Ἐκκλησίας
2431 1046 2730 1117 ποιήσειεν.
2761 1046 2891 1098 Ὅτε
2923 1045 3030 1116 γὰρ
3060 1040 3199 1097 εἶδεν
3230 1042 3400 1112 αὐτὴν
3424 1043 3454 1093 ό
3484 1056 3646 1109 πονη-

2070 1133 2162 1204 ρὸς
2172 1134 2384 1205 δαίμων
2395 1136 2600 1198 ἐκεῖνος
2619 1134 2898 1191 ἀνθοῦσαν.
2914 1131 3323 1203 εὐδοκιμοῦσαν,
3344 1132 3401 1183 ἐν
3421 1128 3652 1200 βραχείᾳ

2069 1222 2262 1292 καιροῦ
2304 1225 2445 1294 ῥοπῇ
2477 1222 2613 1294 πρὸς
2648 1222 2781 1291 ὕψος
2820 1221 3218 1292 ἀνενεχθεῖσαν,
3255 1217 3456 1289 πολλὴν
3487 1234 3650 1270 σπου-

2068 1311 2162 1383 δὴν
2201 1313 2260 1365 ἐν
2307 1312 2446 1383 αὐτῇ
2487 1310 2800 1382 γινομένην,
2845 1311 2940 1365 κοιλ⁵
2974 1312 3074 1383 τὴν
3128 1309 3228 1380 μὲν
3277 1308 3388 1361 τῶν
3429 1306 3651 1359 εὐδοκι-

2074 1400 2317 1470 μούντων
2348 1400 2440 1453 ἐπὶ
2469 1399 2531 1453 τὸ
2579 1398 2788 1469 βέλτιον
2823 1399 3085 1464 ἐπίδοσιν,
3125 1395 3234 1450 τῶν
3266 1397 3325 1449 ἐν
3356 1394 3652 1465 ἁμαρτίαις

2070 1486 2289 1552 ζώντων
2327 1488 2407 1549 εἰς
2441 1487 2727 1557 μετάνοιαν
2757 1487 3108 1557 μετάστασιν,
3136 1486 3321 1538 πᾶσαν
3351 1482 3451 1553 τὴν
3478 1483 3656 1535 οἰκον·

2074 1575 2239 1645 μένην
2266 1574 2376 1628 ἀπὸ
2406 1574 2506 1645 τῆς
2532 1574 2737 1637 πόλεως
2763 1574 2966 1644 ταύτης
2995 1572 3444 1644 κατηχουμένην·
3471 1572 3652 1625 πάντα

2070 1663 2319 1734 ἐκίνησεν
2341 1662 2507 1716 αὐτοῦ
2533 1663 2842 1733 τάεμηχανή
2852 1678 3017 1733 ματα,
3037 1662 3133 1716 καὶ
3159 1659 3453 1732 ἐμφυλίους
3480 1658 3652 1729 ἀνῆψε

2070 1752 2359 1821 πολέμους.
2404 1750 2515 1804 Καὶ
2547 1750 2801 1821 καθάπερ
2844 1750 2935 1803 ἐπὶ
2964 1748 3059 1803 τοῦ
3097 1748 3241 1814 Ἰὼϐ,
3273 1747 3371 1801 νῦν
3419 1746 3517 1818 μὲν
3555 1746 3656 1815 τὴν

2070 1838 2346 1911 ἀποϐολὴν
2374 1839 2484 1893 τῶν
2530 1840 2851 1911 χρημάτων,
2898 1837 2995 1891 νῦν
3027 1838 3083 1891 δέ
3112 1837 3211 1908 τὴν
3251 1835 3523 1895 ἀπαιδίαν,
3557 1833 3656 1887 νῦν

2069 1929 2126 1981 δὲ
2157 1929 2256 1998 τὴν
2282 1928 2595 2000 ἀρρωστίαν
2620 1928 2715 1982 τοῦ
2748 1926 3021 1999 σώματος,
3058 1927 3155 1980 νῦν
3180 1926 3237 1978 δὲ
3270 1926 3367 1995 τῆς
3399 1925 3658 1993 γυναικὸς

2070 2017 2167 2087 τὴν
2214 2016 2482 2085 γλῶτταν,
2533 2015 2630 2071 νῦν
2678 2015 2736 2070 δὲ
2769 2015 2877 2069 τῶν
2917 2013 3084 2085 φίλων
3118 2013 3186 2066 τά
3230 2004 3405 2081 ὀνείδη
3457 2013 3550 2065 καὶ
3586 2010 3657 2063 τά

2073 2103 2382 2173 σκώμματα
2406 2104 2497 2157 καὶ
2523 2104 2623 2167 τάς
2643 2102 2909 2175 λοιδορίας
2940 2101 3108 2156 ἐκίνει
3133 2100 3276 2155 κατά
3303 2100 3396 2154 τοῦ
3421 2098 3656 2157 δικαίου,

2071 2192 2168 2245 καὶ
2202 2192 2309 2244 πᾶν
2366 2186 2505 2255 avoc;
2558 2191 2968 2262 μηχανημάτων
3007 2189 3318 2261 προσῆγεν·
3367 2187 3510 2242 οὕτω
3560 2188 3658 2241 καὶ

2070 2279 2164 2331 ἐπὶ
2191 2280 2292 2350 τῆς
2329 2278 2674 2349 Ἐκκλησίας,
2717 2280 2805 2332 διὰ
2839 2277 3029 2347 φίλων,
3067 2277 3135 2330 δι’
3169 2275 3402 2347 ἐχθρῶν,
3430 2276 3518 2329 διά
3547 2276 3660 2329 τῶν
3690 2286 3699 2301 '

2071 2368 2151 2430 εἰς
2182 2367 2384 2437 κλῆρον
2415 2367 2733 2428 τελούντων,
2765 2366 2853 2420 διὰ
2895 2365 3002 2419 τῶν
3033 2366 3114 2428 είς
3157 2365 3446 2436 στρατείαν
3491 2381 3662 2417 καταο

2071 2454 2404 2526 λεγομένων,
2430 2455 2517 2509 διὰ
2542 2454 2652 2507 τῶν
2682 2456 2954 2525 ἐπισκοπῇ
2989 2452 3393 2524 τετιμημένων,
3418 2451 3504 2504 διὰ
3535 2452 3661 2504 πολ-

2073 2541 2179 2595 λῶν
2209 2543 2302 2596 καὶ
2335 2541 2693 2596 παντοδαπῶν
2721 2541 3030 2613 προσώπων
3058 2541 3128 2593 τὰ
3153 2539 3282 2611 παρ’
3309 2538 3505 2592 ἑαυτοῦ
3541 2538 3662 2591 ἐκί-

2073 2647 2254 2701 νησεν.
2296 2629 2435 2683 Ἀλλ’
2459 2630 2608 2699 ὅμως
2655 2631 2749 2683 καὶ
2789 2627 3029 2683 τοσαῦτα
3080 2628 3557 2699 μηχανησάμενος,
3595 2626 3659 2679 οὐ

2077 2719 2239 2790 μόνον
2284 2719 2455 2791 αὐτὴν
2493 2722 2594 2773 οὐκ
2624 2720 2935 2784 ἐσάλευσεν,
2965 2718 3104 2772 ἀλλὰ
3136 2718 3232 2771 καὶ
3271 2716 3663 2789 λαμπροτέραν

2074 2807 2349 2877 ἐποίησεν.
2375 2807 2453 2861 υύ
2482 2808 2589 2877 γάρ
2625 2806 2768 2860 οῦτω
2792 2808 2912 2860 τότε
2945 2806 3020 2878 μὴ
3059 2805 3423 2875 ἐνοχλουμένη
3453 2805 3664 2867 πάντας

2075 2895 2412 2957 ἐπαίδευσεν,
2441 2895 2516 2958 ὡς
2549 2894 2646 2947 νῦν
2678 2895 2779 2966 τὴν
2814 2894 3140 2965 οἰκουμένην
3172 2893 3413 2947 διδάσκει
3459 2909 3653 2963 κοιρτε⁹

2078 2989 2212 3058 ρεῖν,
2255 2985 2706 3059 ἐγκρατεύεσθαι,
2747 2986 2935 3058 φέρειν
2981 2987 3344 3058 πειρασμοὺς,
3380 2985 3663 3056 ὑπομονὴν

2075 3073 2517 3140 ἐπιδείκνυσθαι,
2573 3077 2934 3148 καταφρονεῖν
2987 3075 3096 3130 τῶν
3143 3074 3435 3146 βιωτικῶν,
3491 3073 3663 3144 μηδὲν

2077 3161 2325 3232 ἡγεῖσθαι
2354 3160 2607 3228 πλοῦτον,
2632 3163 2941 3235 καταγελᾷν
2968 3164 3156 3235 τιμῆς,
3189 3163 3466 3235 ύπερορᾷν
3492 3162 3663 3216 θανά-

2074 3266 2190 3315 του,
2221 3252 2579 3322 καταφρονεῖν
2611 3251 2778 3322 ζωῆς,
2821 3251 3061 3323 πατρίδα
3094 3253 3357 3323 παρορᾷν,
3406 3250 3665 3314 οἰκείους,

2078 3339 2284 3409 φίλους,
2327 3338 2627 3408 συγγενεῖς,
2660 3341 2797 3413 πρὸς
2843 3341 3059 3411 σφαγὰς
3090 3340 3421 3395 ἀποδύεσθαι
3458 3358 3665 3394 παντο-

2075 3427 2283 3492 δαπὰς,
2330 3428 2471 3482 κατά
2526 3428 2694 3499 ξιφῶν
2738 3429 3020 3501 κυϐιστᾷν,
3055 3429 3123 3483 τά
3167 3428 3399 3502 λαμπρά
3426 3430 3668 3484 ’ἅπαντα

2076 3514 2170 3569 τοῦ
2209 3516 2473 3588 παρόντος
2500 3515 2637 3587 βίου,
2668 3516 2834 3589 τιμὰς
2860 3516 3005 3586 λέγω
3045 3519 3141 3570 καὶ
3168 3516 3349 3583 δόξας,
3377 3517 3472 3570 καὶ
3502 3517 3669 3571 δυνα-

2081 3603 2283 3671 στείαν,
2312 3605 2406 3658 καὶ
2436 3605 2666 3677 τρυφὴν,
2700 3605 2808 3658 τῶν
2838 3604 3041 3675 ἠρινῶν
3084 3603 3262 3659 ἀνθῶν
3310 3604 3670 3677 εὐτελέστερα

2079 3687 2218 3745 εἶναι
2255 3691 2518 3764 νομίζειν.
2549 3694 2661 3747 Καὶ
2697 3691 2868 3747 ταῦτα
2896 3692 2995 3764 οὐχ
3044 3687 3125 3757 εἷς
3178 3691 3425 3746 παιδεύει
3480 3692 3668 3764 μόνον,

2078 3782 2199 3835 οὐδέ
2231 3780 2323 3836 δύο
2350 3783 2446 3837 καὶ
2482 3785 2653 3856 τρεῖς,
2687 3782 2824 3837 ἀλλά
2853 3783 2961 3846 πᾶς
2990 3785 3019 3837 ό
3049 3782 3199 3849 λαὸς,
3231 3782 3326 3838 καὶ
3353 3783 3415 3837 οὐ
3451 3781 3537 3836 διά
3569 3785 3672 3855 ρη-

2083 3873 2268 3944 μάτων
2305 3874 2487 3946 μόνον,
2531 3873 2667 3928 ἀλλά
2698 3875 2790 3927 καὶ
2827 3872 2915 3927 διά
2950 3875 3314 3945 πραγμάτων,
3343 3873 3412 3927 δι’
3443 3866 3519 3926 ὧν
3559 3875 3670 3928 πά-

2082 3978 2293 4032 σχουσι,
2320 3961 2387 4016 δι’
2415 3957 2491 4017 ὧν
2529 3961 2740 4027 νικῶσι,
2769 3961 2838 4016 δι’
2866 3954 2943 4015 ὧν
2981 3961 3355 4033 περιγίνονται
3396 3960 3507 4014 τῶν
3544 3961 3674 4015 ἐπι-

2081 4048 2462 4114 ϐουλευόντων,
2501 4049 2568 4103 δι’
2594 4043 2671 4104 ὧν
2708 4049 3013 4121 ἀδάμαντος
3045 4049 3401 4121 στερρότερον
3430 4050 3526 4103 καὶ
3561 4049 3673 4104 πέο

2081 4154 2219 4209 τρας
2265 4138 2614 4209 ἰσχυρότερον
2655 4137 2870 4192 ἅπαντα
2915 4137 3223 4207 στέγουσιν,
3269 4137 3370 4209 οὐχ
3400 4138 3543 4192 ὅπλα
3576 4155 3675 4193 κι-

2084 4224 2322 4288 νοῦντες,
2354 4225 2418 4279 οὐ
2464 4225 2700 4296 πόλεμον
2748 4225 3224 4298 ἀναρριπίζοντες,
3276 4225 3340 4278 οὐ
3390 4225 3564 4290 τόξον,
3603 4227 3672 4280 οὑ

2085 4311 2214 4385 βέλη
2260 4313 2536 4383 ἀφιέντες,
2579 4313 2696 4367 ἀλλ’
2731 4313 3008 4384 ὑπομονῆς
3043 4316 3221 4384 τεῖχος
3249 4313 3480 4377 ἕκαστος
3510 4330 3675 4384 περι-
3756 4326 3761 4331 ³

2084 4400 2454 4473 ϐεϐλημένος,
2502 4400 2829 4473 ἐμμελείας,
2873 4402 3214 4474 πραότητος,
3262 4402 3546 4475 ἀνδρείας,
3588 4402 3679 4472 τῷ

2086 4490 2316 4560 πάσχειν
2334 4489 2522 4552 κακῶς
2548 4491 2675 4553 τοὺς
2691 4488 2982 4553 ποιοῦντας
3026 4491 3092 4543 ἐκ
3131 4488 3330 4543 πολλοῦ
3370 4488 3467 4544 τοῦ
3510 4505 3677 4560 περι-

2085 4594 2238 4641 οντος
2264 4578 2738 4650 καταισχύνοντες.

2159 4719 2309 4793 [515]
2334 4721 2471 4791 Κεφ.
2502 4722 2599 4776 κδ’.
2618 4718 2733 4775 Νῦν
2752 4720 2885 4790 γοῦν
2906 4713 3049 4777 οῦτοι
3068 4718 3165 4795 μὲν
3178 4717 3392 4790 φαιδρῷ
3405 4716 3482 4788 τῷ
3500 4734 3673 4789 προσ-

2083 4800 2218 4875 ώπῳ
2236 4849 2249 4872 ,
2294 4805 2597 4878 ἐλευθέροις
2609 4808 2721 4869 τοῖς
2735 4806 3053 4879 ὀφθαλμοῖς,
3067 4804 3352 4878 παρρησία
3369 4803 3559 4874 ἀφάτῳ
3572 4818 3676 4855 κε-

2088 4888 2371 4961 χρημένοι.
2391 4889 2470 4952 εἷς
2490 4888 2696 4960 ἀγορὰν
2719 4888 3097 4960 ἐμϐάλλουσιν,
3115 4891 3171 4943 ἐν
3186 4889 3384 4952 οίκίαις
3410 4885 3679 4957 στρέφον-

2087 4989 2200 5036 ται,
2225 4972 2362 5043 πρὸς
2388 4973 2487 5043 τὴν
2519 4972 2735 5039 σύναξιν
2766 4972 3157 5046 αὐτομολοῦσιν
3175 4988 3191 5004 ·
3222 4973 3273 5026 οί
3293 4971 3351 5025 δὲ
3379 4968 3551 5025 ταῦτα
3574 4970 3677 5040 ἑρ-

2090 5056 2413 5125 γασάμενοι,
2440 5053 2562 5109 καθ’
2577 5056 2806 5110 ἕκαστον
2827 5057 2935 5111 τῶν
2964 5057 3392 5127 μηχανημάτων,
3412 5048 3487 5108 ὧν
3510 5068 3680 5122 προσ-

2091 5139 2336 5209 άγουσιν,
2364 5139 2852 5210 ἐγκαλυπτόμενοι,
2885 5142 2980 5195 καὶ
3013 5140 3249 5211 πονηρὸν
3281 5139 3429 5192 ἑνδον
3458 5139 3679 5208 ἔχοντες

2094 5224 2351 5289 συνειδὸς,
2378 5225 2689 5295 τρέμοντες,
2729 5224 3045 5289 δεδοικότες,
3092 5223 3237 5277 οὕτω
3266 5223 3529 5295 περιίασι.
3562 5223 3680 5273 Καὶ

2093 5308 2344 5382 καθάπερ
2384 5309 2452 5361 τὰ
2483 5308 2790 5363 δυσθάνατα
2829 5308 2939 5363 τῶν
2977 5309 3180 5381 θηρίων
3223 5308 3362 5379 μετά
3398 5307 3679 5377 προτέραν

2094 5392 2189 5446 καὶ
2220 5392 2476 5464 δευτέραν
2509 5393 2723 5464 πληγὴν
2756 5395 3126 5465 σφοδροτέρως
3159 5393 3527 5447 ἐπιπίπτοντα
3551 5393 3678 5454 ταῖς

2094 5478 2318 5565 αίχμαῖς
2342 5475 2449 5565 τῶν
2477 5474 3147 5565 δοράτων,-χαλεπωτέραν
3175 5474 3524 5565 καθ’ὲίυτῶν.
3542 5474 3680 5527 ὠθεῖ

2093 5558 2193 5630 τὴν
2232 5557 2468 5630 πληγὴν,
2511 5560 2579 5612 τὰ
2622 5560 2915 5632 τραύματα
2968 5562 3049 5625 εἰς
3081 5560 3221 5614 αὐτά
3271 5557 3373 5613 τά”
3392 5559 3678 5630 σπλάγχνα

2092 5641 2359 5713 δεχόμενα
2380 5658 2392 5670 ·
2425 5643 2518 5697 καὶ
2555 5643 2623 5697 τά
2668 5642 2885 5715 κύματα
2911 5648 3028 5707 ταῖς
3061 5645 3289 5716 πέτραις
3333 5644 3675 5715 ῥηγνύμενα,

2094 5728 2159 5796 τῇ
2196 5724 2527 5798 σφοδροτέρᾳ
2575 5726 2724 5801 ῥύμῃ
2770 5726 2938 5782 ἑαυτά
2990 5729 3242 5798 ἀφανίζει
3292 5728 3387 5781 καὶ
3428 5726 3674 5779 διαλύει·

2095 5810 2239 5864 οὕτω
2284 5811 2348 5881 δὴ
2397 5813 2493 5864 καὶ
2544 5804 2689 5865 οὗτοι
2738 5812 2805 5865 δι’
2833 5806 2908 5867 ὧν
2950 5811 3411 5876 ἐπιϐουλεύουσιν,
3461 5811 3677 5875 ἑαυτοῖς

2101 5895 2301 5967 μᾶλλον
2328 5895 2361 5967 ἢ
2403 5896 2612 5967 ἑτέροις
2644 5897 2713 5951 τὰ
2746 5898 2999 5972 βάραθρα
3040 5898 3441 5971 ἀνορύττουσιν.
3474 5899 3537 5950 Οἱ
3573 5897 3678 5968 μὲν

2102 5980 2211 6051 γάρ
2250 5979 2721 6051 ἐπιϐουλευόμενοι
2749 5983 2848 6052 τὴν
2867 5984 3215 6054 οἰκουμένην,
3251 5982 3488 6055 ἐραστὰς
3521 5982 3707 6054 ἔχου--

2107 6083 2210 6136 σιν,
2240 6064 2551 6133 ἐπαινέτας,
2581 6065 2917 6141 θαυμαστάς.
2946 6067 3438 6142 ἀνακηρύττοντας,
3475 6081 3674 6139 στεφα-
