4002 6396
336 510 441 570 Βίίε

348 630 482 700 Quid
526 630 695 699 igitur
736 639 830 686 aut
877 641 987 687 tum
1022 633 1294 702 temporis,
1327 641 1418 688 aut
1468 650 1608 690 nunc
1649 636 1722 690 illi
1761 637 1941 690 nocuit

361 721 653 794 (Gen.59)?
682 724 754 780 Ut
804 725 949 780 enim
989 725 1088 778 sub
1127 725 1305 794 paleis.
1333 726 1628 781 absconditi
1681 728 1942 781 carbones

355 815 489 883 ignis
511 813 764 869 videntur
787 814 999 885 quidem
1030 815 1180 870 initio
1200 816 1471 880 occultari,
1503 815 1794 886 derepente
1814 832 1943 871 vero

345 907 475 978 'qute
509 909 912 978 impositasunt
938 917 1330 974 consumentes,
1362 924 1459 978 per
1480 909 1625 979 ipsas
1659 912 1943 979 paleassu-

355 1001 659 1057 blimiorem
688 1001 956 1056 ﬂammam
986 1003 1288 1058 accendunt
1318 1020 1332 1056 :
1365 1003 1438 1057 ita
1467 1003 1717 1058 nimirum
1749 1013 1804 1057 et
1834 1004 1943 1056 vir-

356 1107 464 1159 tus,
506 1095 630 1149 licet
672 1094 1012 1149 contumeliis
1054 1093 1193 1150 afﬁci
1239 1095 1501 1157 videatur,
1550 1105 1731 1165 postea
1767 1106 1942 1149 tamen

355 1187 441 1240 his
471 1187 605 1256 ipsis
623 1187 918 1242 obstaculis
943 1198 1184 1256 promota
1211 1186 1366 1242 ﬂoret
1391 1188 1620 1256 amplius
1644 1229 1660 1254 ,
1687 1197 1742 1243 et
1764 1189 1828 1242 ad
1858 1189 1940 1258 ip-

356 1293 476 1332 sum
531 1278 720 1331 czelum
774 1279 1033 1346 pervenit.
1085 1278 1220 1346 Quid
1270 1281 1411 1334 enim
1463 1279 1554 1333 illo
1608 1279 1947 1334 adolescente

359 1381 578 1442 propter
605 1372 923 1426 calumniam
950 1373 1157 1427 beatius
1185 1372 1297 1428 fieri
1333 1382 1532 1443 potest,
1562 1385 1780 1443 propter
1808 1373 1940 1427 insi-

355 1467 500 1532 dias,
532 1483 638 1522 non
666 1475 882 1537 propter
907 1467 1154 1522 thronum
1186 1468 1237 1521 in
1268 1467 1520 1537 Egypto,
1541 1484 1712 1535 neque
1730 1477 1947 1538 propter

359 1574 585 1628 regnum
636 1558 745 1613 illic
789 1559 1111 1614 obtentum?
1151 1558 1376 1625 Semper
1417 1559 1559 1614 enim
1615 1559 1949 1629 passionibus

357 1651 556 1720 gloria,
582 1661 635 1705 et
651 1649 954 1716 celebritas,
973 1659 1025 1704 et
1049 1665 1261 1705 coronae
1284 1658 1411 1705 sunt
1433 1652 1734 1720 assignatte.
1762 1650 1950 1704 Nonne

361 1742 525 1795 istum
570 1741 842 1796 celebrant
893 1756 1080 1797 omnes
1125 1742 1320 1812 ubique
1375 1749 1637 1796 terrarum
1693 1741 1716 1794 ?
1765 1741 1950 1811 Neque

363 1841 515 1886 tanto
542 1833 690 1902 lapsu
722 1834 977 1901 temporis
1001 1833 1118 1902 ejus
1159 1833 1415 1887 memoria
1457 1832 1732 1887 intermori
1756 1833 1946 1901 potuit,

359 1925 460 1981 sed
487 1926 616 1995 ipsis
641 1927 799 1996 regiis
816 1926 1133 1996 imaginibus
1159 1926 1476 1982 illustriores
1506 1942 1570 1982 ac
1590 1926 1950 1982 diuturniores

358 2019 579 2072 virtutis
606 2018 721 2087 ejus
750 2031 805 2073 et
841 2019 1100 2074 castitatis
1142 2019 1398 2088 imagines
1442 2019 1635 2089 ubique
1687 2028 1948 2073 terrarum

360 2119 494 2165 sunt
517 2113 720 2180 positae,
739 2111 792 2165 in
810 2111 1190 2176 Romanorum,
1208 2111 1260 2165 in
1279 2111 1625 2167 barbarorum
1644 2111 1878 2182 regione,
1897 2112 1952 2164 in

363 2206 783 2274 uru'uscujusque
807 2204 1157 2270 conscientia,
1189 2205 1240 2258 in
1271 2205 1527 2275 cujusque
1557 2204 1752 2275 lingua.
1786 2205 1953 2259 Etin-

365 2309 584 2352 tuemur
608 2297 756 2352 illum
799 2311 986 2352 omnes
1015 2297 1264 2361 detineri,
1298 2297 1490 2367 premi,
1536 2296 1820 2352 consulere
1848 2296 1950 2349 mi-

363 2407 506 2446 serae
525 2400 578 2446 et
608 2391 943 2446 iufortunatae
967 2392 1037 2448 illi
1063 2391 1329 2446 meretrici
1355 2407 1473 2461 quae
1497 2391 1751 2460 oportuit,
1774 2389 1841 2445 ad
1861 2403 1951 2444 sa-

363 2484 535 2537 .‘utem
567 2483 681 2552 ejus
728 2484 999 2549 tuendam,
1041 2484 1189 2538 omni
1235 2498 1455 2538 munere
1485 2497 1584 2537 suo
1611 2491 1758 2537 recte
1785 2481 1950 2552 fungi,

363 2572 714 2643 impudentiae
753 2575 920 2644 ipsius
961 2575 1219 2644 pudorem
1266 2574 1504 2644 injicere,
1548 2573 1819 2629 fornacem
1861 2589 1954 2628 ex-

363 2667 662 2736 stinguere,
715 2683 780 2722 ex
827 2668 1122 2738 periculosa
1165 2676 1482 2737 tempestate
1508 2669 1716 2738 eripere
1749 2669 1951 2732 conari,

364 2767 532 2828 atque
574 2758 640 2812 ad
681 2760 1076 2830 tranquillitatis
1117 2769 1333 2829 portum
1381 2758 1644 2815 deducere
1697 2777 1712 2815 :
1759 2759 1954 2815 deinde

366 2850 622 2918 quoniam
650 2849 883 2920 procella
912 2849 1196 2920 superabat
1223 2893 1237 2917 ,
1262 2860 1316 2904 et
1341 2848 1588 2904 ﬂuctibus
1619 2850 1956 2918 operiebatur

365 2939 660 3009 navigium,
706 2955 825 2995 cum
865 2942 1199 3012 naufragium
1253 2941 1340 2995 illa
1394 2942 1611 3008 faceret,
1663 2942 1952 3011 procellam

367 3034 594 3097 evitare,
643 3043 802 3104 atque
853 3034 920 3088 ad
952 3034 1200 3090 stabilem
1247 3034 1508 3088 castitatis
1537 3049 1723 3103 rupem
1769 3033 1957 3088 confu-

369 3125 568 3197 giendo
600 3137 780 3182 vestes
803 3127 855 3182 in
879 3128 1123 3182 manibus
1157 3127 1300 3182 illius
1327 3127 1698 3197 derelinquere
1727 3170 1742 3193 ,
1773 3128 1958 3197 sicque

370 3222 428 3274 in
472 3221 562 3275 illa
592 3221 829 3276 nuditate
877 3222 980 3276 illis
1024 3221 1112 3292 qui
1153 3221 1432 3292 purpureis
1470 3231 1593 3275 sunt
1636 3220 1958 3275 indumentis

369 3313 574 3378 amicti,
598 3313 936 3367 illustriorem
964 3329 1240 3383 apparere,
1269 3328 1332 3368 ac
1354 3322 1619 3383 tamquam
1645 3313 1954 3368 bellatorem

369 3404 656 3473 quemdam
695 3405 945 3460 eximium
980 3416 1138 3476 atque
1176 3407 1432 3461 victorem
1468 3417 1722 3477 tropzeum
1752 3408 1956 3477 erigere

370 3496 650 3551 castitatis.
708 3496 811 3552 Sed
858 3513 1030 3568 neque
1069 3498 1152 3551 his
1188 3497 1443 3553 limitibus
1485 3498 1602 3568 ejus
1643 3499 1955 3554 memoriam

374 3587 720 3642 terminamus
745 3630 759 3653 ,
790 3604 975 3643 verum
1004 3588 1228 3645 ulterius
1270 3590 1670 3660 progredientes
1701 3591 1871 3661 ipsum
1903 3591 1954 3645 in

369 3693 643 3732 carcerem
674 3679 861 3734 abduci
891 3679 1151 3746 videmus,
1183 3681 1396 3746 vinciri,
1426 3680 1678 3751 squalore
1715 3680 1952 3746 sordere,

370 3769 625 3822 diuturno
654 3770 761 3825 illic
800 3780 1039 3840 tempore
1082 3772 1485 3827 contabescere.
1522 3772 1694 3841 Atque
1742 3772 1812 3827 ob
1843 3771 1956 3826 lucc

373 3862 489 3931 ipsa
522 3861 750 3916 maxime
791 3862 934 3915 illum
968 3863 1158 3917 iterum
1183 3863 1618 3918 commendamus
1642 3905 1658 3929 ,
1701 3863 1956 3933 praedica-

373 3968 520 4018 mus,
563 3953 840 4019 miramur,
889 3954 1182 4009 laudamus.
1232 3952 1385 4022 Quod
1431 3954 1474 4008 si
1501 3963 1679 4008 castus
1716 3954 1785 4008 sit
1806 3955 1955 4022 quis-

377 4047 539 4115 piam,
569 4061 688 4099 cum
717 4046 783 4101 de
824 4048 916 4102 illo
954 4048 1171 4118 cogitat,
1200 4049 1396 4103 castior
1420 4047 1479 4102 fit
1526 4066 1539 4102 :
1572 4048 1712 4119 quod
1734 4048 1778 4103 si
1804 4049 1959 4106 lasci-

377 4154 496 4201 vus,
523 4138 628 4192 cito
674 4138 760 4192 illa
789 4139 1097 4193 narratione
1121 4138 1186 4192 ad
1229 4139 1525 4194 castitatem
1556 4139 1866 4205 traducitur,
1892 4140 1958 4194 il-

377 4231 584 4301 liusque
631 4231 866 4287 historiae
905 4235 1411 4290 commemoratione
1461 4234 1648 4289 melior
1699 4235 1958 4290 redditur.

381 4323 506 4377 llaec
537 4325 694 4394 igitur
715 4326 893 4380 omnia
919 4325 1230 4396 colligentes
1263 4327 1428 4381 nolite
1457 4327 1654 4381 turbari
1689 4369 1703 4393 ,
1735 4329 1828 4382 sed
1862 4343 1958 4397 po-

378 4417 483 4470 tius
507 4432 573 4471 ex
602 4417 666 4470 iis
692 4433 808 4486 quae
828 4417 1075 4472 accidunt
1101 4417 1305 4471 lucrum
1333 4417 1604 4486 decerpite
1629 4435 1642 4481 ;
1669 4419 1843 4488 sitque
1865 4435 1959 4471 vo-

377 4508 461 4563 bis
483 4524 664 4563 corum
690 4510 959 4578 patientia,
994 4510 1080 4579 qui
1122 4509 1415 4576 decertant,
1465 4510 1758 4564 tolerantia:
1799 4511 1962 4580 magi-

375 4611 522 4664 stra;
552 4600 781 4669 dumque
810 4602 972 4654 vitam
1017 4617 1227 4656 omnem
1256 4616 1636 4672 generosorum
1657 4611 1814 4672 atque
1842 4605 1961 4658 IIItl-

376 4695 566 4748 strium
593 4699 826 4750 virorum
852 4696 1069 4751 cernitis
1098 4711 1163 4751 ex
1199 4696 1282 4750 his
1320 4695 1567 4750 omnibus
1590 4711 1712 4752 esse
1754 4697 1958 4750 conﬂa~

378 4797 520 4850 Iani,
551 4803 618 4841 ne
646 4788 951 4842 terreaniini
983 4829 999 4854 ,
1028 4804 1202 4858 neque
1229 4789 1533 4855 turbemini,
1565 4790 1679 4845 sive
1710 4791 1958 4859 propriis,

376 4879 494 4933 sive
515 4879 702 4932 alienis
730 4879 1102 4934 afﬂictionibus
1133 4899 1144 4932 :
1175 4897 1296 4934 nam
1320 4881 1557 4935 Ecclesia
1584 4882 1651 4937 ab
1693 4882 1841 4936 initio
1885 4891 1962 4936 sic

378 4973 600 5038 nutrita,
641 4973 719 5028 sic
764 4983 918 5028 aucta
946 4982 1046 5029 est.
1086 4973 1227 5028 Nihil
1260 4990 1386 5044 ergo
1414 4991 1510 5029 vos
1550 4984 1789 5030 terreat:
1831 4961 1959 5029 nihil

375 5064 520 5116 enim
545 5061 740 5118 accidit
776 5072 968 5134 praeter
994 5080 1216 5118 morem.
1241 5065 1342 5119 Sed
1374 5066 1511 5119 sient
1541 5065 1592 5119 in
1621 5066 1779 5121 rebus
1804 5083 1961 5122 mun-

372 5155 531 5210 danis
559 5171 662 5209 non
693 5155 778 5210 ubi
819 5166 944 5211 sont
971 5158 1134 5226 paleae
1155 5157 1239 5213 vel
1261 5157 1481 5222 firmam,
1511 5175 1609 5214 nec
1649 5160 1736 5214 ubi
1776 5177 1960 5227 arena,

373 5245 469 5299 sed
501 5246 586 5300 tibi
615 5261 800 5301 aurum
819 5257 873 5300 et
893 5247 1258 5312 uniones,illic
1281 5249 1462 5317 pirata:
1487 5261 1631 5317 sunt,
1661 5251 1958 5319 praedones,

374 5347 430 5390 et
462 5336 716 5403 latrones,
748 5345 803 5392 et
829 5353 1101 5392 murorum
1155 5338 1484 5408 perfossores
1516 5339 1820 5410 frequenter
1848 5359 1963 5395 mo-

379 5428 500 5482 lesti
523 5438 666 5492 sunt,
699 5439 750 5482 et
779 5429 998 5483 insidias
1027 5439 1216 5499 parant
1245 5449 1258 5485 :
1299 5431 1373 5484 sic
1397 5433 1554 5486 etiam
1579 5433 1841 5497 diabolus,
1874 5436 1959 5489 ubi

373 5523 630 5576 collectas
660 5522 850 5578 viderit
876 5537 1006 5592 opes
1032 5524 1242 5590 animae,
1271 5539 1333 5578 ac
1356 5523 1628 5579 facultates
1650 5535 1830 5580 auctas
1854 5529 1964 5590 pic-

375 5617 521 5678 tatis,
553 5616 661 5669 illic
689 5631 814 5670 suas
843 5615 1114 5671 machinas
1153 5618 1291 5672 sistit
1324 5627 1377 5672 et
1405 5617 1671 5673 admovet.
1700 5621 1850 5688 Quod
1894 5622 1956 5686 si,

372 5709 567 5778 quibus
598 5708 805 5762 insidia:
845 5720 1097 5778 parantur
1123 5752 1136 5774 ,
1169 5711 1200 5764 ii
1235 5711 1418 5781 vigiles
1446 5709 1643 5766 fuerint
1667 5723 1722 5767 et
1748 5716 1958 5782 attenti,

376 5817 480 5856 non
513 5800 672 5854 modo
693 5799 824 5854 nihil
853 5799 973 5853 inde
1003 5800 1270 5870 patiuntur
1292 5801 1615 5868 detrimenti,
1650 5803 1742 5858 sed
1766 5813 1819 5858 ct
1845 5821 1962 5857 am-

378 5892 572 5962 pliores
617 5890 738 5947 inde
782 5892 991 5946 virtutis
1031 5907 1160 5961 opes
1185 5893 1519 5950 accumulant
1553 5911 1564 5948 :
1595 5893 1737 5964 quod
1769 5895 1962 5950 etiam-

376 6000 498 6041 num
528 5995 721 6040 evenit.

1140 517 1231 572 AD
1269 517 1396 574 EOS
1417 518 1532 587 QUI
1573 519 2070 577 SCANDALIZATI
2108 519 2306 586 SUNT.
2349 522 2478 577 LIB.
2522 523 2720 581 UNUS.

3530 519 3637 577 526

2120 635 2247 692 Car.
2299 636 2486 692 XXIII.
2527 637 2812 692 Maximum
2867 653 2968 691 esse
3022 637 3197 708 gloria
3235 645 3285 692 et
3342 634 3640 690 celebritatis

2051 724 2292 784 Ecclesia
2315 729 2587 794 indicium,
2618 745 2732 800 quae
2766 729 3055 783 acciderunt
3080 771 3095 795 ,
3125 745 3281 801 eaque
3313 729 3638 794 multispro-

2053 819 2226 889 fuisse.
2248 851 2321 862 —
2344 822 2517 891 Atque
2541 822 2644 877 hoc
2668 822 2954 876 maximum
2982 822 3234 877 indicium
3256 821 3512 876 ubertatis
3534 820 3634 875 bo-

2052 927 2241 966 norum
2280 928 2520 981 operum,
2555 922 2606 968 et
2638 912 2960 968 fortitudinis
2990 912 3247 969 Ecclesia:
3274 913 3631 984 poteritquis-

2054 1001 2194 1070 piam
2239 1004 2532 1073 assignare.
2581 1003 2712 1058 Cum
2761 1005 2902 1059 enim
2931 1004 3071 1058 illam
3115 1004 3386 1072 improbus
3426 1003 3637 1059 daemon

2053 1091 2332 1149 ﬂorentem
2355 1094 2505 1162 vidit,
2531 1094 2672 1149 fama
2694 1095 3039 1161 celebratam,
3069 1096 3219 1150 brevi
3242 1094 3500 1164 temporis
3525 1111 3638 1148 mo-

2053 1195 2236 1240 mento
2265 1187 2317 1239 in
2363 1187 2528 1241 altum
2560 1195 2817 1252 evectam,
2847 1187 3068 1241 multam
3109 1187 3162 1240 in
3204 1201 3266 1242 ea
3312 1185 3637 1256 diligentiam

2055 1277 2318 1346 adhiberi,
2347 1294 2410 1333 ac
2436 1279 2632 1350 probos
2657 1280 2888 1351 majores
2909 1281 3082 1336 facere
3110 1281 3160 1334 in
3180 1281 3374 1335 virtute
3404 1295 3640 1351 progres-

2055 1386 2168 1437 sus,
2199 1387 2292 1427 eos
2320 1374 2409 1444 qui
2437 1374 2600 1428 vitam
2641 1389 2792 1428 suam
2824 1374 3054 1443 peccatis
3091 1373 3405 1439 infecerant,
3429 1374 3492 1428 ad
3525 1388 3640 1443 poe-

2055 1465 2330 1519 nitentiam
2361 1480 2482 1522 esse
2518 1480 2826 1531 conversos,
2858 1474 3025 1520 totum
3053 1466 3235 1521 orbem
3268 1474 3528 1520 terrarum
3561 1466 3638 1520 is-

2058 1555 2162 1611 tius
2185 1555 2413 1610 civitatis
2436 1571 2595 1626 opera
2621 1557 2936 1611 instructum
2964 1570 3086 1612 esse
3115 1575 3126 1610 :
3151 1571 3339 1610 omnes
3368 1556 3642 1610 machinas

2057 1663 2181 1704 suas
2208 1649 2462 1715 admovit,
2483 1657 2538 1704 ει
2563 1649 2812 1704 intestina
2841 1649 2979 1704 bella
3005 1649 3275 1709 excitavit.
3310 1648 3376 1702 Et
3398 1646 3644 1717 quemado

2058 1742 2272 1798 modum
2295 1758 2416 1798 cum
2441 1742 2633 1798 Jobum
2663 1751 2994 1812 oppugnaret
3018 1783 3032 1806 ,
3059 1757 3201 1796 nunc
3234 1741 3457 1810 quidem.
3481 1755 3641 1809 pecu-

2059 1833 2263 1888 niarum
2285 1833 2512 1903 jactura,
2540 1849 2682 1888 nunc
2711 1841 2889 1888 autem
2919 1833 3145 1888 orbitate
3165 1833 3477 1897 liberorum,
3505 1847 3646 1885 nunc

2059 1925 2300 1994 corporis
2327 1925 2662 1994 aegritudine,
2692 1940 2834 1980 nunc
2881 1925 3058 1995 lingua
3101 1923 3303 1990 uxoris,
3334 1938 3476 1977 nunc
3513 1923 3645 1974 ami-

2058 2030 2244 2071 corum
2268 2017 2499 2086 probris,
2527 2016 2708 2072 sannis
2727 2025 2783 2072 et
2803 2016 3056 2072 conviciis
3081 2019 3280 2085 justum
3309 2012 3596 2083 impctebat
3629 2030 3643 2066 :

2059 2109 2136 2163 sic
2164 2108 2326 2163 etiam
2352 2108 2404 2162 in
2433 2107 2729 2164 Ecclesiam
2759 2123 2854 2178 per.
2882 2108 3103 2170 amicos,
3137 2123 3230 2175 per
3259 2105 3522 2166 inimicos,
3548 2120 3645 2172 per

2059 2216 2155 2256 eos
2173 2201 2264 2272 qui
2290 2201 2344 2256 in
2369 2203 2569 2256 clerum
2589 2201 2765 2256 allecti
2788 2209 2959 2267 erant,
2993 2214 3088 2269 per
3111 2214 3205 2254 eos
3225 2198 3314 2268 qui
3335 2197 3387 2251 in
3415 2195 3640 2250 militum

2061 2309 2314 2350 numeros
2341 2295 2515 2360 relati,
2547 2310 2642 2363 per
2665 2309 2758 2349 eos
2777 2294 2866 2364 qui
2886 2292 3176 2363 episc0pali
3211 2290 3422 2344 fuerant
3445 2288 3646 2342 honore

2060 2388 2317 2455 decorati,
2343 2404 2436 2459 per
2452 2387 2644 2443 multas
2659 2388 2938 2456 variasque
2959 2400 3214 2455 personas
3241 2381 3647 2452 impressionem

2062 2480 2201 2535 fecit.
2233 2479 2614 2535 Verumtamen
2659 2487 2738 2533 tot
2783 2477 3014 2533 admotis
3058 2475 3319 2530 machinis
3352 2489 3456 2526 non
3489 2471 3646 2524 modi:

2062 2573 2203 2627 illam
2220 2588 2323 2627 non
2335 2573 2623 2640 concussit,
2637 2571 2728 2627 sed
2749 2571 3088 2627 illustriorem
3103 2570 3258 2625 etiam
3277 2565 3521 2622 reddidit.
3534 2563 3644 2618 Non

2062 2667 2204 2721 enim
2233 2667 2304 2720 ita
2343 2677 2452 2721 tum
2484 2666 2703 2721 minime
2744 2664 2989 2720 divexata
3017 2673 3240 2717 cunctos
3265 2658 3561 2724 erudiebat,
3591 2665 3644 2709 ut

2061 2777 2204 2816 nunc
2246 2769 2412 2815 totum
2439 2761 2623 2814 orbem
2652 2769 2914 2815 terrarum
2945 2757 3256 2828 patientiam
3295 2753 3471 2814 docet,
3508 2760 3643 2804 tem-

2063 2852 2377 2922 perantiam,
2400 2851 2716 2906 alﬂictiones
2733 2850 2983 2915 tolerare,
3001 2845 3352 2903 constantiam
3368 2842 3640 2904 exhibere,

2062 2943 2334 2999 saecularia
2374 2951 2740 3006 contemnere,
2787 2941 2998 2995 divitias
3047 2954 3143 3009 pro
3189 2937 3356 2991 nihilo
3409 2935 3643 2996 habere,

2062 3037 2340 3108 despicere
2383 3037 2638 3102 honores,
2688 3044 2917 3089 mortem
2973 3030 3270 3103 aSpernari,
3321 3031 3487 3082 vitam
3513 3042 3646 3081 con-

2065 3139 2324 3196 temnere,
2356 3130 2580 3199 patriam
2613 3128 2900 3198 negligere,
2934 3125 3244 3190 familiares,
3276 3123 3496 3186 amicos,
3518 3137 3642 3192 pro-

2067 3223 2311 3293 pinquos,
2338 3222 2403 3276 ad
2442 3221 2620 3276 caedes
2647 3220 2893 3276 diversas
2921 3217 3226 3274 subeundas
3262 3231 3322 3270 se
3349 3215 3645 3286 accingere,

2065 3316 2118 3370 in
2158 3314 2363 3371 medios
2407 3314 2614 3385 gladios
2662 3313 2888 3378 insilire,
2933 3322 3122 3367 cuncta
3159 3325 3280 3381 quae
3323 3310 3376 3362 in
3413 3308 3514 3362 hac
3542 3307 3648 3360 vita

2062 3418 2187 3464 sunt
2213 3408 2512 3479 splendida,
2535 3407 2766 3464 honores
2793 3409 3029 3478 inquam,
3061 3415 3115 3460 et
3134 3404 3380 3476 gloriam,
3402 3402 3646 3473 imperia,

2064 3499 2303 3567 delicias,
2351 3500 2540 3555 viliora
2585 3499 2806 3556 ﬂoribus
2851 3499 3032 3555 vernis
3063 3497 3281 3552 ducere.
3314 3497 3487 3566 Atque
3535 3495 3649 3547 haec

2065 3609 2170 3648 non
2201 3608 2339 3648 unus
2366 3608 2463 3648 nos
2492 3592 2679 3648 edocet
2702 3602 2928 3656 tantum,
2957 3606 3132 3660 neque
3159 3591 3265 3644 duo
3296 3589 3375 3644 vel
3403 3599 3534 3652 tres,
3552 3587 3646 3641 sed

2065 3684 2292 3754 populus
2320 3683 2617 3751 universus,
2645 3699 2817 3754 neque
2837 3683 3016 3736 verbis
3037 3693 3262 3747 tantum,
3285 3695 3467 3733 verum
3487 3679 3646 3732 etiam

2064 3775 2341 3846 operibus,
2363 3791 2458 3847 per
2483 3791 2546 3830 ea
2566 3791 2684 3846 qua:
2711 3776 3002 3845 patiuntur,
3035 3784 3089 3829 et
3114 3774 3240 3828 dum
3261 3773 3498 3835 vincunt,
3522 3772 3648 3824 dum

2070 3868 2410 3924 insidiatores
2436 3882 2566 3923 suos
2592 3868 2878 3938 hostesque
2911 3875 3184 3936 superant,
3215 3867 3339 3920 dum
3370 3866 3652 3919 adamante

2069 3959 2347 4025 firmiores,
2380 3968 2434 4015 et
2460 3975 2592 4029 rupe
2620 3959 2948 4014 robustiores
2983 3967 3172 4013 cuncta
3204 3957 3498 4027 perferunt,
3541 3973 3647 4010 non

2065 4067 2213 4108 arma
2257 4062 2548 4117 sumentes,
2595 4067 2704 4107 non
2733 4052 2927 4108 bellum
2964 4051 3275 4116 excitantes,
3307 4065 3412 4104 non
3441 4065 3646 4113 arcum,

2066 4158 2172 4198 non
2215 4143 2433 4214 sagittas
2463 4143 2756 4209 vibrantes,
2803 4143 2897 4198 sed
2943 4142 3133 4212 singuli
3163 4142 3432 4212 patientiae
3463 4155 3650 4211 prepu-

2065 4235 2290 4306 gnaculo
2337 4235 2548 4302 muniti,
2576 4235 2873 4301 modestiae,
2906 4234 3346 4299 mansuetudinis,
3381 4233 3645 4288 fortitudi-

2066 4331 2183 4395 nis,
2211 4337 2266 4385 et
2292 4328 2418 4383 dum
2458 4328 2597 4382 mala
2625 4328 2886 4397 patienter
2914 4327 3121 4390 ferunt,
3152 4327 3256 4381 illis
3287 4327 3377 4397 qui
3404 4341 3467 4382 ea
3512 4325 3646 4379 inle-

2067 4430 2193 4475 runt
2221 4422 2390 4475 multo
2424 4420 2680 4490 majorem
2702 4419 3044 4491 ignominiam
3073 4421 3365 4474 inurentes.

2138 4515 2264 4570 CAP.
2308 4513 2496 4568 XXIV.
2541 4513 2641 4579 Qui
2694 4512 2800 4567 haec
2844 4516 3033 4568 scelera
3082 4521 3433 4584 perpetrarunt
3462 4552 3477 4575 ,
3534 4511 3649 4564 inde

2067 4623 2262 4677 quoque
2285 4606 2779 4676 jampaenasluere.
2821 4635 2892 4646 —
2927 4605 3078 4661 Nunc
3105 4605 3317 4674 quidem
3374 4611 3521 4658 certe
3566 4604 3650 4656 isti

2067 4697 2214 4752 vultu
2237 4697 2413 4762 hilari,
2448 4705 2664 4765 aspectu
2693 4697 2878 4760 libero,
2900 4695 3086 4750 Iiducia
3117 4693 3416 4748 incredibili
3444 4693 3648 4763 praediti

2071 4791 2122 4845 in
2153 4791 2324 4846 forum
2351 4807 2410 4846 se
2429 4789 2682 4854 inferunt,
2706 4797 2984 4844 versantur
3011 4803 3062 4842 in
3085 4787 3307 4852 aedibus,
3323 4787 3388 4841 ad
3404 4787 3652 4842 collectas

2069 4885 2392 4940 conveniunt
2409 4883 2788 4947 celebrandas;
2815 4881 2884 4935 illi
2910 4889 3085 4934 autem
3108 4881 3194 4950 qui
3214 4880 3336 4934 talia
3357 4889 3651 4949 patrarunt,

2068 4977 2193 5029 dum
2261 4976 2496 5045 singulas
2541 4974 2825 5028 admovent
2862 4971 3131 5026 machinas
3161 5008 3176 5037 ,
3221 4970 3484 5040 pudcfacti
3545 4972 3652 5025 cir—

2068 5079 2350 5136 cnmeunt,
2370 5079 2423 5124 et
2455 5085 2611 5138 prava
2661 5068 2802 5121 intus
2845 5066 3170 5120 conscientia
3205 5066 3362 5130 torti,
3398 5073 3541 5119 metu
3593 5081 3654 5118 ac

2072 5176 2304 5218 tremore
2334 5163 2582 5232 correpti.
2627 5157 3166 5229 thucma‘dmodum
3195 5158 3320 5212 ferae
3360 5172 3476 5226 qua:
3516 5156 3654 5208 difli-

2069 5255 2222 5308 cilius
2251 5265 2563 5317 caecantur,
2590 5266 2710 5306 cum
2740 5260 2860 5320 post
2887 5264 3046 5303 unam
3083 5255 3173 5302 aut
3200 5247 3419 5302 alteram
3450 5246 3652 5316 plagam

2071 5346 2322 5400 inﬂictam
2354 5346 2404 5399 in
2435 5344 2704 5399 hastarum
2735 5355 3019 5397 mucrones
3044 5338 3652 5400 irruuntvehementius,

2067 5438 2337 5508 graviores
2363 5437 2462 5490 sibi
2497 5437 2676 5506 plagas
2703 5433 3049 5504 inﬂigunt,_et
3075 5433 3203 5502 ipsis
3227 5429 3517 5485 visceribus
3545 5431 3655 5483 suis

2071 5531 2258 5583 vulnus
2289 5528 2593 5598 excipiunt;
2624 5527 2862 5596 itemque
2904 5525 3116 5590 ﬂuctus,
3143 5523 3232 5594 qui
3269 5521 3488 5592 rupibus
3535 5521 3654 5574 alli-

2068 5622 2285 5683 duntur,
2311 5619 2498 5689 majori
2521 5618 2726 5688 seipsos
2745 5619 2942 5687 impetu
2963 5615 3259 5670 dissolvunt
3278 5629 3340 5668 ac
3351 5611 3611 5682 dissipant
3640 5631 3651 5664 :

2068 5715 2144 5768 sic
2171 5715 2418 5767 nimirum
2450 5711 2606 5767 etisti
2632 5710 2757 5765 dum
2790 5710 3134 5773 insidiantur,
3174 5706 3273 5761 sibi
3301 5705 3478 5775 pmius
3498 5719 3654 5775 quam

2069 5807 2274 5861 caneris
2303 5805 2473 5859 fossas
2498 5813 2552 5858 et
2575 5802 2823 5858 barathra
2854 5800 3132 5857 eﬂ‘odiunt.
3165 5799 3296 5852 Nam
3321 5797 3396 5851 illi
3417 5796 3653 5867 quidem,

2070 5898 2260 5967 quibus
2290 5891 2495 5951 insidﬂe
2525 5895 2834 5958 tenduntur,
2868 5893 2934 5947 ab
2956 5892 3030 5945 iis.
3049 5898 3318 5955 amantur,
3352 5887 3655 5951 laudantur,

2075 5987 2546 6058 commendantur,
2581 5984 2974 6054 praedicantur,
3009 5997 3206 6038 corona
3240 5981 3538 6043 donantur,
3567 5975 3655 6048 qui
