4002 6412
447 524 549 580 527
1231 517 1288 573 S.
1327 516 1605 573 JOANNIS
1633 514 2008 572 CHRYSOST.
2043 514 2358 572 ARCHlEP.
2400 516 2929 577 CONS'I'ANTINOP.
3648 533 3750 590 533

451 655 546 695 cos
574 646 855 704 noverunt,
886 636 975 707 qui
1003 650 1108 690 non
1139 643 1419 699 noverunt,
1450 633 1539 703 qui
1569 648 1627 687 re
1655 636 1788 702 ipsa,
1808 633 1897 701 qui
1920 630 2033 685 sola

453 733 609 785 fama:
627 729 886 784 relatione
912 728 1122 781 illorum
1146 725 1380 781 didicere
1403 740 1489 779 res
1509 733 1706 795 gestas,
1732 724 2037 779 innumeros

454 822 653 877 habent
677 823 765 892 qui
796 820 1085 875 condolent
1108 861 1123 880 .
1152 820 1243 889 qui
1268 818 1322 872 in
1347 817 1729 873 certaminibus
1750 816 2034 885 adjuvant,

451 917 541 985 qui
580 929 833 984 prospera
890 913 993 968 illis
1038 920 1325 981 precantur
1365 925 1552 964 omnes
1587 927 1600 963 :
1630 909 1705 963 illi
1741 919 1918 963 autent
1948 910 2037 979 qui

417 1010 423 1081 ξ
453 1007 679 1064 tendunt
724 1006 967 1072 insidias,
1019 1006 1145 1060 odio
1194 1004 1455 1059 habentur
1493 1018 1524 1056 a
1556 1012 1662 1055 tam
1694 1001 1893 1064 multis,
1925 1011 1981 1056 et
2005 1016 2037 1055 a

454 1100 623 1154 multo
653 1099 891 1169 pluribus
926 1108 1264 1163 accusantur,
1286 1104 1576 1165 carpuntur
1594 1137 1609 1161 ,
1639 1093 2037 1164 reprehendun-

455 1203 564 1259 tur,
595 1192 883 1262 ignominia
911 1200 1181 1255 notantur,
1210 1191 1340 1245 diris
1364 1189 1657 1244 innumeris
1679 1188 2035 1254 devoventur;

455 1283 585 1337 nihil
615 1282 885 1352 plerisque
907 1274 1189 1351 optabilius
1212 1289 1294 1334 est
1312 1320 1330 1350 ,
1356 1294 1512 1351 quam
1539 1288 1599 1333 ut
1639 1293 1734 1334 eos
1760 1279 1933 1350 pinnis
1960 1278 2039 1334 vi-

452 1376 618 1430 deant
646 1374 1028 1445 suppliciisque
1054 1373 1357 1427 mulctatos.
1400 1375 1574 1443 Atque
1603 1372 1719 1427 hzec
1743 1372 1956 1443 quidem
1983 1373 2037 1428 in

454 1470 556 1525 hac
577 1471 684 1527 vita
720 1489 732 1523 :
759 1485 881 1541 quae
909 1485 1036 1525 vero
1061 1470 1113 1523 in
1140 1470 1313 1523 futura
1338 1477 1461 1523 sunt
1482 1467 1897 1537 eventura,quis
1918 1476 2037 1522 tan-

454 1563 579 1618 dem
614 1564 807 1633 poterit
832 1563 1073 1617 oratione
1096 1561 1419 1632 complecti?
1459 1560 1590 1615 Nam
1622 1562 1668 1615 si
1697 1560 1743 1615 is
1764 1562 1853 1631 qui
1875 1576 2037 1616 unum

455 1654 916 1721 scandalizaverit,
943 1662 1089 1709 tanto
1113 1653 1374 1722 supplicio
1393 1652 1699 1718 mulctatur,
1720 1660 1779 1707 ut
1794 1652 2040 1722 expediat

454 1748 503 1801 ei
534 1748 725 1801 molam
751 1747 1033 1801 asinariam
1064 1746 1117 1800 in
1139 1745 1253 1816 ejus
1272 1744 1411 1801 collo
1446 1746 1719 1816 suspendi,
1738 1754 1792 1800 ct
1811 1747 1864 1800 in
1890 1761 2038 1802 mare

454 1840 688 1910 demergi
708 1839 856 1909 (Luc.
881 1841 968 1894 17.
1036 1839 1111 1912 2):
1129 1838 1395 1909 perpende
1405 1854 1563 1909 quam
1579 1854 1767 1909 graves
1780 1839 1854 1894 illi
1865 1839 2037 1895 daturi

455 1935 557 1987 sint
582 1948 788 2002 poenas,
807 1935 859 1987 in
886 1933 978 1987 illo
1008 1942 1117 1987 tum
1134 1932 1335 2003 judicio
1361 1931 1659 1999 tremendo,
1678 1934 1889 2003 quantis
1909 1947 2037 2002 sup-

454 2024 626 2093 pliciis
652 2024 1311 2094 plcctendi,qui,quantum
1330 2025 1382 2077 in
1408 2022 1538 2093 ipsis
1557 2022 1769 2093 quidem
1796 2022 2038 2089 fuit,uni-

454 2132 664 2171 versum
696 2115 974 2170 turbarunt
998 2116 1183 2170 orbem
1210 2124 1489 2178 terrarum,
1513 2123 1619 2168 tam
1637 2115 1829 2171 multas
1847 2114 2036 2170 Eccle-

454 2209 561 2262 sias
587 2217 970 2269 everterunt,et
1000 2207 1293 2261 innumeris
1313 2206 1506 2276 ubique
1520 2205 2036 2262 scandalisexcitatis

455 2309 654 2353 tantam
679 2314 862 2367 pacem
889 2297 1289 2353 disturbarunt?
1325 2298 1396 2352 At
1420 2298 1493 2352 illi
1515 2298 1603 2369 qui
1634 2306 1712 2353 tot
1736 2297 1941 2367 injuriis
1969 2298 2036 2353 ab

456 2393 560 2448 illis
588 2392 762 2447 affecti
778 2402 921 2458 sunt,
949 2392 1104 2446 bonis
1120 2391 1391 2460 operibus,
1421 2391 1776 2460 passionibus,
1799 2391 2029 2457 coronis,

459 2484 712 2551 praemiis,
738 2499 859 2540 cum
889 2484 1056 2538 multa
1087 2482 1277 2539 ﬁducia
1304 2480 1631 2553 refulgentes
1648 2522 1665 2551 ,
1688 2496 1811 2539 cum
1836 2492 2037 2553 marty-

2147 631 2315 697 ribus,
2361 650 2481 687 cunt
2520 635 2794 703 apostolis,
2835 652 2957 693 cum
2988 639 3263 708 generosis
3306 651 3370 697 et
3414 641 3754 702 sublimibus

2146 723 2251 779 illis
2278 723 2403 778 viris
2430 725 2706 781 sistentur.
2747 728 2825 783 Ac
2847 728 3020 798 puniri
3049 731 3172 787 illos
3194 733 3426 803 quidem
3456 736 3751 808 ndebunt,

2146 812 2266 867 illos
2316 822 2494 869 tamen
2544 818 2817 886 suppliciis
2871 834 2977 874 non
3029 832 3281 891 poterunt
3335 825 3610 893 liberare,
3662 831 3753 885 sed

2144 908 2385 977 quamvis
2429 925 2618 979 preces
2661 910 2886 967 oderant
2911 914 3018 980 isti,
3047 916 3179 971 nihil
3208 918 3329 974 illos
3353 918 3657 989 juvabunt.
3699 902 3767 994 δ’,

2144 1002 2289 1055 enim
2329 1002 2374 1057 is
2413 1004 2503 1073 qui
2542 1004 2801 1061 Lazarum
2833 1024 2996 1063 unum
3042 1012 3381 1079 praterierat
3404 1056 3423 1082 ,
3458 1024 3543 1070 tot
3569 1033 3756 1086 prensa

2144 1094 2415 1157 sustinuit,
2448 1111 2621 1165 neque
2658 1098 2905 1153 solatium
2961 1101 3128 1156 ullum
3177 1104 3450 1171 obtinuit,
3480 1107 3615 1178 quid
3669 1110 3753 1165 isti

2146 1186 2433 1254 patientur,
2463 1189 2553 1259 qui
2581 1197 2686 1243 tam
2712 1191 2906 1245 multos
2926 1196 3437 1264 persequutionibus
3454 1209 3510 1253 et
3529 1200 3755 1254 scanda-

2143 1278 2212 1333 lis
2229 1278 2571 1335 oll‘enderunt
2595 1281 2747 1353 (Luc.
2770 1283 2903 1354 i6)?
2924 1284 3047 1340 Haec
3069 1286 3227 1356 igitur
3252 1290 3451 1344 omnia
3482 1305 3611 1345 cum
3641 1293 3755 1346 aui-

2144 1370 2248 1425 mis
2292 1372 2482 1427 vestris
2532 1383 2863 1442 reputantes,
2918 1386 2973 1431 et
3011 1390 3370 1450 quascumque
3422 1380 3515 1437 his
3559 1383 3753 1437 similia

2100 1530 2107 1535 ο
2143 1470 2359 1517 suntex
2404 1464 2571 1518 sacris
2601 1462 2795 1519 Litoris
2825 1466 3157 1537 colligentes,
3190 1470 3351 1526 vobis
3397 1471 3543 1541 ipsis
3587 1483 3751 1529 tutam

2145 1554 2519 1623 munitionem,
2548 1565 2603 1611 et
2646 1557 2753 1613 illis
2793 1558 2886 1627 qui
2938 1559 3315 1617 imbecilliores
3365 1563 3562 1620 adhuc
3607 1576 3748 1632 sunt,

2144 1648 2534 1705 medicamenta
2562 1666 2627 1706 ex
2647 1650 2732 1707 his
2752 1653 3149 1710 narrationibus
3168 1667 3584 1726 comparantes,
3612 1660 3748 1714 ﬁrmi

2143 1748 2281 1796 state
2303 1751 2463 1811 atque
2497 1742 2817 1811 immobiles,
2841 1754 2897 1800 et
2915 1745 3054 1800 bona
3078 1747 3231 1803 vobis
3269 1751 3523 1819 reposita
3554 1756 3745 1822 exspe-

2143 1841 2301 1887 ctate.
2342 1832 2577 1888 Omnino
2591 1835 2759 1902 enim,
2787 1838 3006 1893 omnino
3022 1852 3228 1895 merces
3252 1840 3415 1896 vobis
3448 1843 3740 1912 parabitur,

2144 1942 2251 1981 non
2277 1942 2394 1996 quae
2420 1927 2688 1983 laboribus
2706 1937 2909 1984 tantum
2940 1931 3009 1985 sit
3037 1932 3285 2002 aequalis,
3314 1933 3423 1989 sed
3455 1936 3742 2001 immensa,

2143 2035 2263 2090 qua:
2284 2020 2442 2090 longo
2480 2021 2600 2077 illos
2628 2032 2844 2093 superet
2886 2024 3185 2080 intervallo.
3224 2025 3377 2082 Talis
3405 2029 3618 2098 quippe
3661 2030 3744 2085 be-

2143 2113 2335 2183 nignus
2371 2121 2455 2168 est
2483 2113 2625 2169 Deus
2657 2129 2805 2185 τρι-ω
2856 2116 3016 2171 nimia
3068 2132 3166 2171 sua
3220 2118 3561 2176 liberalitate
3607 2122 3737 2184 illos.

2143 2205 2232 2275 qui
2254 2204 2380 2259 boni
2405 2206 2675 2277 quidpiam
2697 2218 2950 2279 prastare
2972 2210 3240 2267 voluerint
3282 2222 3382 2268 aut
3429 2213 3613 2283 eﬂ‘ari,
3652 2231 3737 2271 re-

2143 2298 2599 2354 munerationibus
2634 2314 2697 2354 ac
2723 2302 2955 2369 praemiis
2973 2316 3229 2372 superare
3269 2308 3600 2362 contendit:
3626 2323 3738 2378 qua:

2144 2391 2344 2446 utinam
2363 2407 2755 2462 consequamur
2784 2394 2839 2449 in
2862 2394 3079 2450 Christo
3102 2395 3230 2452 Iesu
3262 2397 3509 2456 Domino
3530 2410 3733 2465 nostro,

2140 2487 2226 2540 cui
2250 2484 2414 2555 gloria
2445 2486 2496 2541 in
2517 2485 2711 2542 stccula
2733 2489 3071 2545 manorum.
3103 2490 3294 2546 Amen.
