4002 6378
241 545 361 605 537

242 659 543 723 νοῦντας,
592 660 718 724 τοὺς
752 659 979 724 εἰδότας,
1025 659 1153 723 τοὺς
1193 660 1293 713 οὐκ
1321 659 1547 726 εἰδότας,
1581 661 1706 724 τοὺς
1752 661 1861 713 ἀπὸ

241 750 362 804 τῶν
405 751 791 821 πραγμάτων,
833 750 958 812 τοὺς
1011 750 1120 803 άπὸ
1150 751 1250 820 τῆς
1291 751 1479 822 φήμης
1525 750 1594 804 τά
1637 749 1860 804 ἐκείνων

246 841 678 912 μανθάνοντας,
718 843 845 904 τοὺς
878 840 1274 910 συναλγοῦντας
1311 843 1555 914 μυρίους,
1581 842 1704 905 τοὺς
1739 858 1864 896 συν·

241 930 740 1001 αγωνιζομένους,
769 933 895 994 τοὺς
935 931 1002 984 τὰ
1043 931 1255 1002 χρηστὰ
1301 932 1723 1003 συνευχομένους
1767 933 1859 985 αύ-

239 1021 365 1082 τοῐς
415 1020 686 1085 πάντας’
716 1023 766 1075 οί
820 1021 878 1074 δέ
927 1021 1365 1086 ἐπιϐουλεύοντες
1411 1023 1538 1086 τοὺς
1573 1021 1863 1092 μισοῦντας

240 1108 576 1174 τοσούτους
599 1109 693 1164 καὶ
721 1109 903 1181 πολλῷ
930 1110 1167 1175 πλείους,
1194 1113 1320 1176 τοὺς
1353 1112 1712 1184 κατηγόρους,
1737 1113 1863 1176 τοὺς

239 1198 692 1268 διαϐάλλοντας,
713 1203 840 1265 τοὺς
865 1202 1206 1273 ἐλέγχοντας,
1231 1202 1359 1265 τοὺς
1381 1201 1857 1273 καταισχύνοντας,

239 1291 376 1354 τοὺς
405 1289 832 1362 ἐπαρωμένους
857 1293 1047 1364 μυρία,
1072 1295 1199 1357 τοὺς
1230 1293 1636 1364 ἐπιθυμοῦντας
1667 1295 1862 1358 αὐτοὺς

243 1379 384 1433 eam
423 1381 496 1434 ἐν
542 1381 770 1436 κολάσει
806 1383 902 1436 καὶ
945 1383 1207 1456 τιμωρίᾳ.
1267 1384 1382 1439 Καὶ
1415 1384 1588 1438 ταῦτα
1629 1386 1728 1456 μέν
1774 1388 1863 1438 ἐν-

240 1471 463 1526 ταῦθα’
497 1473 580 1526 τὰ
614 1473 675 1526 δὲ
705 1475 822 1528 ἐκεῖ
846 1477 998 1539 ποῖος
1042 1476 1385 1546 παραστήσει
1415 1476 1607 1546 λόγος;
1646 1476 1712 1530 El
1748 1478 1858 1550 γὰρ

240 1564 342 1617 ἕνα
371 1580 470 1628 τις
510 1566 884 1632 σκανδαλίσας
915 1567 1153 1641 τοσαύτῃ
1183 1569 1402 1623 κολάσει
1447 1570 1858 1642 κατακρίνεται,

241 1654 317 1719 ὡς
349 1657 692 1728 συμφέρειν
724 1659 894 1730 μύλον
918 1661 1298 1732 κρεμασθῆναι
1332 1662 1424 1715 ἐπὶ
1465 1661 1562 1714 τὸν
1590 1661 1858 1732 τράχηλον

242 1747 443 1814 αὑτοῦ,
500 1751 612 1805 καὶ
646 1752 1140 1822 καταποντισθῆναι
1168 1755 1251 1817 είς
1288 1753 1387 1824 τὴν
1424 1752 1732 1806 θάλασσαν·
1774 1755 1858 1806 ἐν-

239 1837 445 1909 νόησον
489 1841 687 1906 πόσας
734 1841 996 1897 δώσουσιν
1021 1837 1166 1898 οὗτοι
1213 1843 1368 1907 δίκας
1413 1845 1477 1897 ἐν
1523 1843 1604 1916 τῷ
1646 1844 1860 1915 φοϐερῷ

239 1929 614 2004 δικαστηρίῳ
665 1933 787 1987 τότε
832 1934 1047 2006 ἐκείνῳ,
1101 1936 1272 1998 πόσας
1327 1935 1722 2006 ὑποστήσονται
1777 1952 1858 1988 τι-

245 2022 496 2092 μωρίας,
534 2026 610 2079 τό
639 2043 702 2095 γε
730 2028 810 2092 είς
849 2027 1044 2092 αὐτοὺς
1077 2022 1234 2100 ἧκον,
1277 2027 1374 2100 τὴν
1406 2028 1733 2100 οἰκουμένην
1761 2046 1859 2081 τα-

244 2111 525 2180 μάξαντες
578 2114 826 2181 ἅπασαν,
865 2119 1132 2182 τοσαύτας
1175 2115 1575 2188 ἀνατρέψαντες
1624 2116 1856 2187 Ἐκκληι-

244 2203 390 2269 σίας,
435 2205 708 2281 τοσαύτῃ
744 2208 1148 2281 πολεμήσαντες
1184 2211 1397 2280 είρήνῃ,
1441 2211 1610 2281 μυρία
1655 2228 1858 2264 παντα-

247 2293 343 2364 χοῦ
373 2296 684 2350 σκάνδαλα
726 2297 944 2364 θέντες;
981 2300 1032 2352 οἱ
1062 2299 1122 2352 δέ
1153 2301 1282 2372 παρ’
1309 2301 1530 2355 ἐκείνων
1574 2299 1857 2366 παθόντες,

247 2385 394 2457 ἆπερ
431 2385 690 2450 ἔπαθον,
725 2389 864 2458 μετὰ
905 2388 1014 2442 τῶν
1049 2389 1362 2462 μαρτύρων,
1398 2390 1539 2463 μετὰ
1583 2391 1691 2444 τῶν
1720 2393 1859 2444 άπο-

251 2477 482 2542 στόλων,
547 2478 706 2549 μετὰ
760 2479 868 2533 τῶν
921 2482 1184 2550 γενναίων
1236 2485 1330 2538 καὶ
1377 2482 1596 2555 ὑψηλῶν
1647 2481 1857 2554 ἀνδρῶν

264 2569 580 2640 στήσονται
613 2608 633 2635 ,
679 2569 991 2642 λάμποντες
1054 2574 1162 2628 ἀπὸ
1212 2575 1321 2629 τῶν
1386 2575 1856 2647 κατορθωμάτων,

1766 545 2150 602 ΕΡΙΒἹῸΗΕ.

3441 548 3544 602 528

1968 657 2076 712 ἀπὸ
2137 656 2246 710 τῶν
2306 655 2538 720 παθῶν,
2595 655 2705 710 ἀπὸ
2746 655 2855 710 τῶν
2915 655 3232 726 στεφάνων,
3281 659 3389 712 άπὸ
3438 661 3548 718 τῶν

1969 748 2262 821 βραδείων,
2290 748 2400 802 ἀπὸ
2428 749 2528 818 τῆς
2561 747 2762 818 πολλῆς
2797 748 3131 820 παρρησίας.
3173 750 3285 803 Καὶ⁸
3315 750 3550 819 ,ὄψονται

1968 841 2067 912 μὲν
2096 841 2297 903 αὐτοὺς
2351 839 2768 910 κολαζομένους,
2818 839 3123 910 ἐξαρπάσαι
3165 840 3250 904 δέ,
3304 842 3407 896 κᾶν
3445 861 3546 912 μιιο

1966 931 2151 1002 ριάκις
2178 929 2506 1001 βουληθῶσι,
2531 929 2631 999 τῆς
2662 929 2936 994 κολάσεως
2962 931 3022 984 ού
3047 931 3386 1001 δυνήσονται’
3414 933 3550 986 ἀλλὰ

1965 1021 2190 1092 θήσουσι
2225 1019 2323 1091 μέν
2368 1019 2648 1092 ἱκετηρίαν
2675 1015 2839 1084 οῦτοι,
2866 1019 3015 1072 οὐδὲν
3057 1019 3113 1072 δὲ
3146 1019 3450 1091 ὀνήσουσιν.
3486 1021 3547 1072 El

1964 1112 2073 1182 γὰρ
2097 1113 2125 1164 ὁ
2159 1112 2368 1180 πένητα
2394 1111 2494 1163 ἕνα
2538 1108 2912 1182 παραδραμὼν
2941 1109 3031 1162 τὸν
3062 1110 3311 1180 Λάζαρον
3353 1109 3545 1164 τοσαύ⁴

1961 1219 2060 1271 την
2090 1201 2348 1272 ὑπέμεινε
2376 1201 2551 1273 δίκην,
2579 1201 2673 1254 καὶ
2702 1201 2955 1272 οὐδεμιᾶς
2987 1200 3143 1272 ἔτυχε
3174 1200 3542 1272 παραμυθίας,

1962 1293 2015 1346 τί
2054 1293 2332 1348 πείσονται
2357 1287 2524 1357 οὗτοι,
2567 1292 2855 1356 τοσούτους
2881 1291 3164 1356 διώξαντες
3189 1293 3284 1346 καὶ
3317 1293 3544 1346 σκανδα-

1963 1385 2242 1449 λίσαντες;
2295 1385 2462 1438 Ταῦτ’
2503 1381 2596 1438 οὖν
2631 1383 2844 1438 ἅπαντα
2887 1383 3254 1454 λογιζόμενοι,
3305 1386 3398 1438 καὶ
3444 1387 3544 1439 ὅσα

1962 1477 2170 1542 τούτοις
2204 1477 2423 1532 ἐοικότα
2449 1477 2555 1531 ἀπὸ
2585 1477 2690 1531 τῶν
2719 1477 2878 1531 θείων
2916 1477 3260 1546 συλλέγοντες
3287 1477 3540 1550 Γραφῶν,

1962 1569 2176 1631 ἑαυτοῖς
2223 1568 2324 1639 μὲν
2370 1570 2548 1638 τεῖχος
2591 1566 2862 1636 ἀσφαλὲς,
2905 1569 3018 1630 τοῖς
3048 1566 3104 1619 δὲ
3139 1567 3544 1639 ἀσθενεστέροις

1961 1659 2042 1713 ἔτι
2070 1661 2340 1731 φάρμακα
2365 1659 2538 1714 ταῦτα
2583 1659 3082 1725 κατασκευάζοντες
3113 1659 3180 1713 τὰ
3209 1661 3542 1733 διηγήματα,

1964 1751 2190 1821 στήκετε
2245 1751 2469 1821 ἑδραῖοι,
2515 1750 2610 1804 καὶ
2658 1750 3066 1821 ἀμετακίνητοι,
3095 1751 3165 1805 τά
3212 1751 3544 1822 ὑποκείμενα

1965 1842 2094 1912 ὑμῖν
2119 1840 2298 1910 ἀγαθά
2326 1840 2711 1912 ἀναμένοντες.
2766 1841 2990 1907 Πάντως
3019 1840 3150 1912 γὰρ,
3179 1842 3393 1906 πάντως
3429 1842 3541 1896 κεί-

1964 1949 2116 1988 σεται
2152 1933 2280 2004 ὐμῖν
2320 1932 2548 2004 ἀμοιϐὴ,
2573 1933 2633 1985 ού
2665 1932 2773 1986 τῶν
2807 1933 2984 1986 πόνων
3017 1933 3128 2002 ἴση,
3163 1933 3277 1985 ἀλλ’
3309 1933 3375 1986 ἐκ
3412 1931 3540 1987 πολ-

1960 2023 2053 2078 λοῦ
2097 2024 2192 2079 τοῦ
2239 2025 2522 2098 περιόντος
2571 2024 2795 2093 ἄφατος.
2845 2024 3095 2089 Τοιοῦτος
3141 2025 3248 2095 γὰρ
3293 2026 3323 2078 ὁ
3355 2024 3539 2094 φιλάνς

1961 2116 2180 2188 θρωπος
2247 2116 2412 2180 Θεός·
2469 2115 2606 2188 μετὰ
2656 2117 2856 2186 πολλῆς
2903 2116 3003 2186 τῆς
3058 2115 3366 2186 φιλοτιμίας
3414 2119 3538 2179 τοὺς

1960 2207 2162 2276 ἀγαθόν
2214 2224 2268 2260 τι
2322 2210 2494 2260 ποιεῖν
2539 2208 2573 2278 ἢ
2629 2206 2810 2280 [514]
2870 2208 3049 2276 λέγειν
3077 2207 3539 2278 προαιρουμένους

1961 2302 2083 2364 ταῖς
2133 2299 2433 2353 ἀντιδόσεσι
2461 2343 2465 2348 .
2495 2301 2588 2353 καὶ
2641 2302 2761 2362 ταῖς
2818 2300 3071 2371 ἀμοιϐαῖς
3123 2301 3279 2370 νικᾷν
3343 2299 3537 2354 ἐσπού-

1958 2391 2121 2445 δακεν
2141 2408 2156 2422 ο
2185 2385 2260 2445 ὧν
2290 2391 2642 2464 ἐπιτύχοιμεν
2665 2395 2722 2446 ἐν
2750 2391 2974 2465 Χριστῷ
3025 2391 3200 2464 Ἰησοῦ
3231 2391 3308 2461 τῷ
3350 2392 3539 2463 Κυρίῳ

1959 2483 2137 2556 ήμῶν,
2187 2475 2234 2551 ᾧ
2284 2485 2319 2555 ή
2378 2483 2504 2552 δόξα
2556 2486 2638 2551 εἰς
2686 2485 2815 2550 τοὺς
2879 2483 3082 2549 αἰῶνας
3134 2482 3245 2537 τῶν
3302 2482 3533 2538 αἰώνων.

1972 2576 2027 2630 Ἀ
2036 2575 2165 2648 μήν.
