4002 6378
513 541 614 596 529
1240 537 1292 592 S.
1322 533 1602 591 JOANNIS
1632 534 2112 591 CHRYSOSTOMI
2139 532 2453 590 ARCHIEP.
2487 516 3028 587 CONSTANTINOP;

527 659 3543 702 ψ

604 781 953 844 MONITUM
985 780 1061 840 IN
1100 779 1500 839 EPISTOLAS
1534 777 1730 838 DUAS
1762 777 2074 837 JOANNIS
2101 775 2622 836 CHRYSOSTOMI
2658 774 2757 834 AD
2794 774 3333 834 INNOCENTIUM
3379 775 3659 848 PAPAM,

511 900 675 967 Inque
702 899 995 967 Epistolam
1023 899 1318 951 Innocentii
1357 899 1424 950 ad
1457 898 1909 966 Clirysostomum,
1941 908 1989 950 et
2024 898 2079 950 in
2107 896 2329 949 alterunt
2352 896 2420 948 ad
2459 897 2658 967 elerum,
2684 905 2731 948 et
2771 895 3022 967 populum
3058 894 3748 967 qonstantinopolitanum,

578 964 796 1037 itemqne
828 971 883 1020 in
920 967 1212 1037 Epistolam
1242 969 1464 1020 Honorii
1496 964 1882 1020 ari—Arcadium
1918 970 2060 1021 circa
2089 983 2150 1020 ea
2193 983 2309 1035 qua
2342 967 2395 1019 in
2436 966 2760 1037 depositione
2795 965 3012 1037 Joannis
3057 964 3435 1033 Chrysostomi
3469 977 3614 1037 gesta
3648 970 3752 1035 [ue-

578 1035 731 1101 rant;
753 1039 962 1091 demum
984 1039 1038 1090 in
1069 1036 1367 1106 Epistotam
1387 1037 1612 1091 Joannis
1630 1038 1986 1106 Chrysostomi
2016 1039 2084 1089 ad
2109 1038 2375 1104 episcopos
2401 1045 2450 1089 et
2475 1036 2800 1104 presbyteros
2824 1035 2884 1087 ob
2908 1035 3147 1103 pietatem
3174 1038 3229 1087 in
3259 1052 3480 1089 carcere
3509 1036 3746 1090 inclusos.

3657 534 3750 589 530

577 1177 684 1232 Cur
716 1180 962 1234 ordinem
997 1179 1360 1249 Epistolarum
1395 1182 1573 1249 qualis
1600 1182 1651 1234 in
1682 1181 1894 1235 duabus
1924 1180 2130 1235 Morelli
2159 1179 2503 1234 Editionibus
2536 1195 2566 1234 a
2601 1179 2872 1234 Frontone
2901 1178 3098 1234 Ducam
3125 1187 3375 1233 statutus
3410 1176 3536 1243 fuit,
3572 1193 3745 1232 serva-

505 1272 760 1335 verimus,
804 1271 943 1325 inira
969 1273 1019 1326 in
1058 1271 1261 1327 Monito
1286 1273 1337 1327 in
1368 1271 1637 1342 Epistolas
1662 1275 1726 1329 ad
1760 1272 2154 1346 Olympiadem,
2195 1283 2249 1328 et
2284 1275 2337 1328 in
2374 1275 2612 1343 reliquas
2660 1273 3028 1345 Chrysostomi
3069 1273 3338 1342 epistolas
3383 1270 3634 1340 pluribus
3659 1269 3744 1324 de-

503 1370 794 1423 claramus.
827 1367 944 1422 Jam
984 1370 1213 1439 quaestio
1241 1379 1325 1425 est
1362 1371 1428 1424 de
1456 1371 1665 1426 duabus
1694 1371 2065 1442 Chrysostomi
2095 1371 2161 1425 ad
2195 1371 2564 1425 Innocentium
2599 1385 2792 1439 papam
2826 1369 3086 1440 epistolis,
3121 1370 3301 1438 deque
3336 1368 3567 1436 epistola
3597 1366 3746 1419 Inno-

503 1462 665 1514 centii
693 1461 759 1514 ad
783 1459 1046 1515 Joannem
1079 1461 1555 1532 Chrysostomum.
1591 1478 1801 1517 necnon
1833 1464 1900 1517 de
1935 1464 2104 1518 altera
2130 1463 2424 1517 Innocentii
2460 1461 2527 1515 ad
2556 1462 2761 1516 clerum
2797 1473 2850 1516 et
2875 1461 3128 1531 populum
3175 1459 3742 1527 Constantinopolita-

503 1570 633 1609 num
660 1571 674 1620 ;
710 1555 908 1620 quibus
946 1557 1155 1611 accedit
1181 1558 1285 1610 alia
1322 1556 1542 1611 llonorii
1573 1557 1917 1626 Imperatoris
1942 1558 2006 1612 ad
2039 1559 2332 1613 Arcadium
2364 1556 2604 1616 fratrem,
2632 1555 2906 1626 alteraque
2932 1558 3057 1611 item
3101 1554 3492 1625 Chrysostomi
3525 1556 3590 1607 ad
3633 1555 3741 1622 epi-

501 1667 692 1724 scopos
723 1667 774 1710 et
809 1657 1156 1727 presbyteros
1181 1653 1252 1707 ob
1284 1654 1536 1722 pietatem
1565 1653 1616 1706 in
1644 1668 1860 1707 carcere
1891 1654 2151 1709 inclusos.
2181 1655 2424 1718 Quarum
2471 1652 2820 1722 epistolarum
2862 1652 2984 1706 duae
3032 1653 3247 1722 priores
3302 1661 3462 1706 extra
3507 1652 3738 1705 ordinem

501 1746 728 1799 aliarum
757 1747 1095 1814 sequentium
1127 1761 1156 1798 a
1183 1743 1456 1798 Frontone
1486 1743 1680 1798 Ducazo
1709 1746 1896 1814 posita:
1928 1746 2077 1799 fuere
2108 1764 2120 1798 :
2156 1746 2398 1815 epistola:
2451 1760 2578 1799 vero
2621 1743 2916 1800 Innocentii
2951 1745 3018 1800 ad
3043 1745 3533 1815 Chrysostomum,
3585 1754 3636 1798 et
3679 1745 3739 1798 ad

499 1838 702 1890 clerum
730 1854 758 1890 a
788 1837 1090 1892 Sozomeno
1118 1838 1294 1891 allata:
1325 1853 1467 1892 nunc
1500 1839 1732 1908 primum
1766 1839 2010 1906 epistolis
2041 1837 2412 1909 Chrysostomi
2447 1839 2888 1908 subjunguntun,
2926 1839 3052 1909 quia
3097 1839 3163 1892 ad
3191 1839 3453 1892 eamdem
3496 1837 3740 1908 negotio-

497 1948 617 1986 rum
649 1935 839 1987 seriem
885 1935 1190 2003 pertinent;
1229 1935 1685 2004 quemadmodum
1731 1944 1783 1988 et
1820 1937 2045 2004 epistola
2095 1935 2314 1990 llouorii
2365 1936 2431 1989 ad
2476 1935 2816 1989 Arcadium:
2864 1950 2985 2006 quae
3023 1944 3200 1988 autem
3256 1933 3348 1988 his
3400 1932 3737 2002 subjuugitur

495 2029 718 2097 epistola
747 2032 812 2083 ad
839 2031 1125 2102 episcopos
1155 2041 1207 2084 et
1238 2032 1578 2101 presbyteros
1611 2032 1682 2083 ob
1708 2031 1960 2100 pietatem
2000 2031 2052 2083 in
2080 2046 2296 2084 carcere
2322 2029 2582 2092 inclusos,
2615 2044 2644 2082 a
2675 2028 2951 2083 Frontone
2991 2027 3185 2082 Ducam
3236 2036 3368 2097 post
3413 2026 3552 2080 duas
3574 2024 3737 2096 Chry—

495 2123 723 2175 sostomi
750 2125 816 2178 ad
848 2125 1218 2178 Innocentium
1249 2125 1530 2192 epistolas,
1559 2133 1710 2177 extra
1743 2124 1991 2177 ordinem
2027 2132 2081 2177 et
2105 2138 2390 2176 numerum
2438 2121 2779 2192 sequentium
2825 2120 3176 2190 epistolarum
3223 2119 3410 2188 posita
3449 2119 3641 2171 fuerat.
3670 2115 3736 2169 De

494 2214 724 2282 singulis
753 2224 933 2268 autem
966 2215 1116 2270 hisce
1145 2216 1389 2284 epistolis
1415 2215 1502 2267 hic
1531 2217 1974 2270 commemoratis
2006 2214 2296 2285 agendum.

567 2312 830 2364 EPISTULA
865 2327 1026 2364 PRIMA
1062 2327 1129 2364 AD
1171 2312 1532 2364 lsxoces'rum
1564 2309 1748 2364 Parum
1778 2311 1976 2378 scripta
2010 2310 2113 2364 l'uit
2150 2318 2272 2379 post
2312 2308 2538 2369 Pascha,
2573 2316 2863 2376 antequam
2891 2305 3327 2375 Clirysostomus
3360 2306 3415 2359 in
3444 2303 3730 2359 secundum

494 2403 745 2456 exsilium
771 2411 1034 2471 pergeret,
1077 2417 1106 2454 a
1140 2417 1249 2470 quo
1282 2415 1580 2468 numquam
1615 2400 1794 2453 rediit.
1835 2400 2007 2464 Quam
2043 2398 2302 2468 temporis
2329 2409 2508 2451 notam
2543 2397 2668 2450 hinc
2718 2406 3052 2457 mutuamur,
3085 2398 3232 2465 quod
3282 2397 3728 2466 Chrysostonms,

494 2509 782 2566 postquam
810 2499 990 2549 omnia
1023 2498 1312 2559 recensuit,
1341 2511 1459 2563 quae
1481 2495 1548 2549 ab
1575 2495 1811 2549 adventu
1851 2493 2137 2564 Theophili
2179 2491 2707 2561 Constantinopolim
2753 2501 2900 2562 gesta
2937 2499 3084 2553 sunt,
3120 2503 3415 2560 postquam
3464 2493 3530 2547 de
3570 2492 3726 2545 Pseu-

491 2588 797 2658 dosynodo,
829 2589 916 2640 ubi
956 2589 1069 2655 ipse
1099 2587 1381 2656 depositus
1407 2587 1604 2651 fuerat,
1636 2589 1763 2658 egit,
1800 2596 1854 2641 et
1880 2602 1939 2641 se
1964 2586 2280 2639 destitutum
2314 2588 2738 2656 restitutumque
2784 2587 2954 2640 fuisse
2987 2587 3450 2641 commemoravit
3476 2627 3490 2649 ,
3521 2584 3726 2638 deinde-

491 2694 598 2744 que
627 2679 820 2732 iterum
852 2679 1179 2747 exagitatam
1204 2688 1258 2732 et
1283 2689 1620 2743 accusatum,
1650 2690 1703 2732 et
1731 2694 1796 2732 ex
1826 2677 2052 2732 ecclesia
2089 2677 2304 2745 pulsum
2332 2693 2345 2742 ;
2397 2687 2684 2746 postquam
2725 2677 3012 2731 violentam
3057 2677 3430 2746 irruptionem
3463 2676 3515 2728 in
3564 2675 3724 2729 eccle-

491 2789 627 2824 siam
660 2781 714 2825 et
744 2773 796 2826 in
828 2774 1202 2841 baptisterium
1239 2773 1435 2827 laetam
1471 2773 1784 2828 enarravit:
1830 2773 1918 2826 hic
1955 2773 2182 2842 gradum
2215 2772 2377 2835 sistit,
2414 2786 2512 2826 nec
2548 2787 2611 2827 ea
2653 2788 2775 2842 qua:
2811 2783 2998 2841 postea
3042 2781 3192 2841 gesta
3245 2781 3379 2826 sunt
3423 2781 3477 2825 et
3520 2770 3722 2839 quidem

490 2867 831 2921 atrocissima
857 2880 1264 2924 commemorat.
1295 2869 1430 2924 Cum
1462 2881 1642 2923 autem
1667 2907 1681 2932 ,
1713 2879 1770 2922 ut
1801 2869 2048 2923 observat
2083 2866 2347 2922 Baronius
2381 2867 2446 2920 ad
2478 2883 2679 2921 annum
2712 2867 2839 2931 404,
2878 2886 2894 2917 ι
2934 2875 3159 2921 cunctas
3208 2883 3298 2920 res
3326 2875 3507 2936 gestas
3551 2864 3722 2915 ordine

491 2961 749 3028 temporis
775 2960 1067 3030 dispositas
1095 2971 1299 3028 narrat,
1329 2963 1743 3032 orationemque
1771 2963 1838 3016 ad
1869 2978 1930 3016 ea
1967 2976 2090 3031 quae.
2125 2961 2178 3013 in
2214 2975 2410 3031 magno
2447 2961 2672 3014 sabbato
2714 2971 2834 3015 acta
2882 2969 3011 3015 sunt
3049 2961 3316 3029 perducit,
3365 2959 3456 3012 sed
3501 2958 3564 3009 de
3613 2955 3719 3008 aliis

489 3068 610 3120 quae
635 3069 816 3120 postea
844 3058 1163 3124 gravissima
1193 3059 1556 3127 contigerunt,
1587 3075 1654 3111 ne
1690 3058 1987 3127 quidquam
2036 3057 2276 3111 scribat:
2319 3056 2477 3125 plane
2523 3057 2783 3119 declarat,
2828 3071 2893 3110 eo
2945 3057 3190 3124 tempore
3235 3056 3384 3107 illam
3435 3069 3493 3108 se
3523 3052 3720 3106 dedisse

486 3145 794 3213 epistolam,
827 3164 936 3214 quo
968 3151 1314 3218 contigerunt
1341 3165 1426 3215 ea,
1452 3165 1572 3218 quae
1603 3149 1896 3203 novissime
1930 3149 1984 3200 in
2016 3149 2130 3217 ipsa
2158 3147 2352 3202 litteris
2382 3146 2801 3203 commendavit.
2831 3165 2850 3198 ι
2884 3145 3012 3201 Post
3038 3145 3249 3200 Pascha
3288 3147 3453 3215 igitur
3484 3143 3602 3197 anni
3626 3139 3719 3192 404

491 3241 632 3294 hanc
655 3243 940 3311 epistolam
967 3247 1225 3310 scripsit:
1268 3261 1390 3298 nam
1427 3244 1529 3298 Ubi
1560 3246 1737 3298 illuxit
1768 3245 1903 3307 dies,
1937 3245 2112 3312 inquit
2141 3245 2194 3298 in
2237 3245 2336 3298 hac
2378 3245 2604 3314 epistola
2641 3245 3085 3316 Cbrysostomus,
3133 3246 3307 3296 omnis
3362 3245 3545 3296 civitas
3583 3248 3716 3292 extra

491 3352 668 3390 muros
691 3339 785 3391 sub
815 3340 1048 3402 arbores,
1087 3350 1136 3392 et
1169 3342 1224 3393 in
1253 3357 1467 3394 nemora
1495 3342 1794 3410 emigravit,
1829 3341 1901 3393 ibi
1925 3340 2115 3407 festum
2137 3342 2274 3394 diem
2300 3342 2588 3404 celebrans,
2617 3343 2770 3412 quasi
2799 3357 2914 3394 oves
2945 3341 3219 3410 dispersio.

567 3433 865 3486 ltecensitis
906 3435 1068 3502 igitur
1095 3435 1181 3497 iis,
1211 3450 1330 3503 qua:
1361 3443 1547 3488 contra
1573 3449 1810 3488 canones
1840 3443 1987 3504 gesta
2027 3444 2175 3496 sunt,
2206 3436 2576 3489 Innocentium
2619 3437 2896 3501 obsecrat,
2933 3447 2988 3489 ut
3014 3436 3116 3489 sibi
3155 3435 3462 3497 condoleal,
3509 3440 3556 3484 et
3598 3424 3714 3479 nihil

492 3538 593 3574 non
619 3532 739 3592 agat
778 3533 831 3574 ut
874 3523 957 3575 hic
991 3526 1252 3577 malorum
1293 3525 1414 3592 finis
1455 3526 1545 3577 sit.
1601 3524 1811 3594 Saepius
1859 3536 2039 3579 autem
2084 3525 2458 3580 Innocentium
2507 3528 2679 3581 solum
2718 3529 3039 3598 alloquitur;
3092 3539 3506 3595 nonnumquam
3555 3533 3711 3574 tamen

487 3612 779 3682 episcopos
810 3614 862 3665 in
889 3614 1104 3682 plurali,
1140 3616 1284 3683 quod
1325 3618 1490 3669 sciret
1520 3616 1889 3670 Innocentium
1927 3619 2065 3672 hanc
2094 3617 2381 3688 epistolam
2413 3618 2602 3673 vicinis
2631 3620 2903 3689 episcopis
2929 3631 3276 3673 ostensurum
3309 3633 3451 3671 esse.

559 3708 843 3764 Secusom
875 3726 942 3764 AD
975 3709 1338 3766 INNOCENTIUII
1371 3727 1669 3767 smsroul
1705 3713 1850 3767 misit
1876 3729 2001 3768 cum
2029 3715 2140 3783 jain
2174 3714 2392 3768 tertium
2421 3729 2625 3768 annum
2654 3715 2929 3769 in-exsilio
2959 3722 3166 3786 ageret,
3201 3725 3257 3768 ut
3302 3715 3418 3784 ipse
3451 3713 3500 3764 in
3531 3708 3712 3778 episto-

1097 3953 1246 4026 [⁵⁸⁵]
1286 3964 1976 4052 ΙΝΝΟΚΕΝΤΙΩ

2157 3965 2642 4051 ἹΙΣΚΟΠΩ
2708 3965 3107 4053 ΡΩΜΗΣ.

598 4102 687 4168 Τῷ
715 4104 979 4174 δεσπότῃ
1003 4125 1123 4175 μου
1151 4106 1232 4172 τῷ
1259 4107 1720 4177 αῖδεσιμωτάτῳ,
1754 4109 1850 4163 καί
1881 4111 2321 4231 θερεριλεᾳτάτῳ
2355 4106 2663 4170 ἐπισκόπῳ
2704 4108 3065 4174 ἰννοκεντίῳ
3104 4105 3390 4174 Ἰωάννης
3415 4102 3484 4156 ἐν
3509 4101 3615 4153 Κυ-

1909 4197 1943 4231 o
1971 4196 2016 4231 ω
2050 4195 2290 4231 γαιοειν-

1901 4195 2016 4247 pta)
2046 4195 2291 4248 χαίρειν,

560 4423 631 4472 α’.
664 4416 774 4470 Καὶ
807 4417 914 4490 πρὸ
954 4419 1064 4472 τῶν
1091 4421 1434 4492 γραμμάτων
1456 4419 1608 4494 οἶμαι
1641 4423 1748 4479 τῶν
1783 4427 2064 4500 ἡμετέρων

485 4501 778 4573 ἀκηκοέναι
813 4503 914 4574 τὴν
939 4503 1224 4559 εὐλάϐειαν
1251 4505 1404 4577 ὑμῶν
1447 4508 1546 4578 τὴν
1594 4511 1937 4580 παρανομίαν
1962 4514 2062 4584 τὴν

484 4585 719 4640 ἐνταῦθα
772 4585 1152 4658 τολμηθεῖσαν.
1191 4589 1265 4642 Τὸ
1301 4589 1410 4662 γὰρ
1442 4591 1671 4662 μέγεθος
1716 4594 1826 4646 τῶν
1873 4595 2061 4651 δεινῶν

484 4669 603 4751 οῦδὲ
631 4669 688 4724 ἓν
721 4671 886 4743 μέρος
919 4673 1104 4742 σχεδὸν
1129 4674 1226 4745 τῆς
1249 4675 1572 4746 οἰκουμένης
1599 4677 1809 4748 ἀφῆκεν
1832 4679 2060 4751 ἀνήκοον

485 4750 621 4805 ε’ναι
647 4754 749 4823 τῆς
785 4756 1025 4828 χαλεπῆς
1056 4757 1260 4828 ταύτης
1288 4760 1598 4831 τραγῳδίας
1619 4778 1631 4789 °
1669 4766 1763 4814 καὶ
1792 4763 1900 4834 γὰρ
1923 4750 2059 4836 πρὸς

483 4835 654 4920 αὑτάς
677 4848 703 4876 ι
746 4838 848 4907 τῆς
881 4839 987 4909 γῆς
1031 4841 1129 4906 τὰς
1158 4845 1417 4914 ἐσχατιὰς
1447 4845 1687 4916 φέρουσα
1720 4849 1752 4918 ἡ
1792 4849 1949 4920 φήμη
1970 4835 2060 4904 ⁷τά

483 4918 767 5001 γενόμενα,
821 4921 984 4974 πολὺν
1039 4925 1316 4997 πανταχοῦ
1365 4926 1562 4998 θρῆνον
1611 4930 1706 4982 καὶ
1747 4918 2058 5001 ὀλοφυρμὸν

481 4999 796 5071 εἰργάσατο.
837 5002 974 5056 Ἀλλ’
1015 5007 1200 5079 ἐπειδὴ
1247 5009 1308 5060 οὐ
1353 5009 1568 5080 Θρηνεῖν
1601 5011 1682 5064 δεῖ
1712 4999 1892 5083 μόνον,
1923 4999 2058 5068 ἀλλά

482 5085 577 5166 καὶ
617 5084 862 5154 διορθοῦν
903 5088 996 5140 καὶ
1045 5094 1288 5156 σκοπεῖν,
1333 5094 1479 5157 ὅπως
1518 5093 1584 5148 ἂν
1616 5098 1644 5149 ό
1675 5097 2057 5166 χαλεπώτατος

479 5161 633 5231 οὗτος
662 5167 762 5237 τῆς
812 5169 1137 5241 Ἑκκλησίας
1178 5175 1336 5244 σταίη
1381 5178 1615 5247 χειμών·
1653 5161 1946 5249 ἀναγκαῖον
1978 5161 2056 5235 ei;

479 5268 566 5304 ναι
594 5250 924 5321 ἐνομίσαμεν
959 5255 1084 5317 τοὺς
1117 5257 1340 5327 κυρίους
1383 5276 1484 5328 μου
1512 5259 1640 5322 τοὺς
1692 5262 2054 5331 τιμιωτάτους

478 5334 572 5387 καὶ
598 5333 1030 5399 εὐλαϐεστάτους
1079 5339 1410 5403 ἐπισκόπους
1460 5344 1790 5415 Δημήτριον,
1843 5347 2051 5399 Πανσό-

479 5433 618 5484 φιον,
656 5415 803 5489 [516]
841 5418 1095 5484 Πάππον,
1147 5423 1242 5474 καὶ
1296 5424 1552 5492 Εὺγένιον
1609 5430 1795 5481 πεῖσαι
1848 5431 1947 5493 τάς
1992 5449 2052 5485 τε

477 5499 683 5552 ἑαυτῶν
714 5501 955 5569 ἀφεῖναι,
988 5503 1081 5555 καὶ
1120 5503 1388 5573 πελάγους
1427 5508 1837 5581 κατατολμῆσαι
1865 5513 2053 5566 τοσού-

529 5637 565 5709 ξ
595 5636 800 5708 Maxima
827 5651 941 5709 pars
953 5653 1075 5709 _ms_s.
1100 5639 1214 5709 ¹πρὸς
1245 5640 1404 5709 αὐτάς.
1424 5641 1576 5709 “Edil.
1611 5647 1673 5702 εἰς
1711 5648 1870 5704 αὐτάς.
1899 5647 2046 5708 Infra,

474 5701 634 5744 πεῖσαι
655 5701 811 5765 cog};
830 5702 1009 5765 ἑαυτῶν
1028 5701 1228 5764 ἀφεῖναι,
1253 5701 1455 5750 subaudi
1481 5701 1746 5765 ἐκκλησίας.
1774 5701 1852 5759 sui
1875 5701 2046 5761 omnes

473 5760 834 5834 us§._etEditi.
880 5761 988 5834 Mpx
1013 5760 1186 5834 omnes
1207 5778 1319 5812 mss.
1360 5766 1566 5834 δραμεῖν.
1591 5760 2043 5834 Ειιίιξάναδραμεῑνζ

539 5818 569 5859 Β
591 5820 697 5892 D‘uo
715 5834 830 5892 mss.
854 5824 961 5892 τοῦς
971 5825 1279 5892 τιμιωτάτους
1299 5827 1377 5872 καὶ
1390 5818 1665 5892 ’ἀγαπητοὺς
1684 5834 1778 5878 τῶν
1800 5818 2046 5892 statuatis,

477 5893 591 5948 qua;
630 5882 778 5948 lectio
814 5887 996 5948 melior
1020 5882 1229 5940 videtur.
1254 5900 1398 5948 quam
1442 5882 1689 5938 editorum
1710 5894 1790 5939 τὸν
1813 5882 2045 5942 διάκονονί

485 5942 898 6016 rallatll‘ius‘babet
919 5947 1186 6016 ἀγαπητοῦς
1206 5942 1454 6016 διακόνους
1475 5948 1661 6016 [Ιαῦλον
1683 5956 1776 6016 καὶ,
1796 5958 2046 6016 κυριακὸν.

481 6002 586 6053 l’bid
629 6000 1106 6058 εολειιηίειηυδάὺτὸι
1147 6000 1196 6060 δὲ
1219 6013 1282 6065 ὼς
1305 6011 1367 6058 ἔνι
1397 6000 1456 6058 δι”
1482 6011 1731 6071 ἐπιστολῆς
1763 6000 2042 6081 simil/gis;

2164 4445 2280 4495 του,
2325 4428 2419 4482 καὶ
2475 4431 2688 4502 μακρὰν
2735 4432 3045 4504 ἀποδημίαν
3079 4435 3422 4499 στείλασθαι,
3466 4430 3553 4484 καὶ
3597 4425 3715 4496 πρὸς

2163 4513 2262 4584 τὴν
2308 4513 2578 4586 ὑμετέραν
2619 4516 2849 4588 δραμεῖν
2897 4519 3138 4590 ἀγάπην,
3185 4525 3282 4574 καὶ
3342 4518 3514 4570 πάντα
3549 4509 3712 4578 σαφῶς

2162 4595 2600 4663 άναδιδάξαντας,
2623 4598 2886 4672 ταχίστην
2917 4604 3338 4674 παρασκευάσαι
3366 4597 3603 4670 γενέσθαι
3626 4591 3708 4660 τὴν

2160 4677 2462 4748 διόρθωσιν,
2491 4674 2571 4744 οἷς
2601 4682 2695 4734 καὶ
2721 4683 2849 4746 τοὺς
2892 4685 3254 4754 τιμιωτάτους
3286 4686 3380 4739 καὶ
3422 4677 3706 4749 ἀγαπητοὺς

2160 4763 2268 4814 τῶν
2301 4762 2563 4816 διακόνων
2593 4765 2620 4804 δ
2658 4765 2865 4819 Παῦλον
2912 4769 3005 4822 καὶ
3052 4771 3328 4841 κυριακὸν
3391 4757 3704 4841 συνεπέμψαζ

2163 4862 2290 4915 μεν·
2326 4847 2418 4899 καὶ
2450 4848 2603 4902 αὐτοὶ
2645 4848 2700 4900 δὲ
2732 4849 2808 4913 ὡς
2850 4850 2911 4902 ἐν
2942 4851 3079 4904 εῖδει
3112 4839 3423 4921 ἐπιστολῆς,
3451 4851 3505 4901 ὲν
3536 4839 3702 4914 βραχεῖ

2157 4929 2437 5000 διδάξομεν
2469 4931 2620 5000 ὑμῶν
2648 4930 2746 5001 τὴν
2771 4931 2992 5003 ἀγάπην
3026 4934 3096 4988 τά
3148 4934 3495 5006 γεγενημένα.
3531 4929 3583 4980 ’0
3609 4923 3699 4992 γάρ

2156 5017 2255 5084 τῆς
2296 5014 2620 5086 Ἐκκλησίας
2648 5016 2750 5085 τῆς
2790 5015 2848 5069 ἐν
2891 5016 3268 5091 Ἀλεξανδρείᾳ
3305 5018 3400 5089 τὴν
3441 5008 3698 5091 προεδρίαν

2156 5098 2516 5168 ἐγχειρισθεὶς
2546 5099 2820 5167 Θεόφιλος,
2860 5089 3190 5173 ἐντυχόντων
3219 5089 3377 5156 τινῶν
3405 5099 3477 5168 τῷ
3504 5089 3694 5148 εὐσεϐε-

2158 5181 2338 5250 στάτῳ
2393 5180 2599 5251 βασιλεῖ
2657 5184 2777 5236 κατ’
2825 5185 3021 5249 αὐτοῦ,
3072 5187 3380 5250 κελευσθεὶς
3432 5173 3692 5251 ἀφικέσθαι

2157 5263 2345 5331 μόνος,
2395 5265 2720 5332 συναγαγὼν
2768 5267 2888 5337 μεθ’
2934 5269 3126 5322 ἐαυτοῦ
3175 5270 3375 5341 πλῆθος
3416 5258 3692 5341 Αἰγυπτίων

2155 5345 2467 5402 ἐπισκόπων
2515 5350 2613 5402 οὐκ
2659 5350 2854 5418 ὀλίγων
2915 5339 3304 5423 παραγίνεται,
3357 5349 3586 5413 καθάπερ
3636 5339 3689 5428 ἐξ

2154 5429 2454 5498 προοιμίων
2489 5431 2659 5498 δεῖξαι
2707 5433 3065 5504 βουλόμενος,
3108 5436 3188 5488 ὅτι
3238 5439 3317 5499 εξς
3365 5433 3581 5499 πόλεμον
3610 5431 3689 5504 itm

2154 5512 2459 5581 παράταξιν
2491 5503 2748 5583 ἀφῖκται’
2777 5512 2896 5568 εἶτα
2925 5517 3025 5584 τῆς
3052 5519 3295 5590 μεγάλης
3320 5519 3410 5571 καὶ
3439 5503 3684 5579 Θεοφιλοῦς

2152 5596 2772 5663 Κωνσνταντινουπόλεως
2815 5600 3029 5667 ἐπιϐὰς,
3053 5603 3153 5655 οὐκ
3186 5605 3266 5666 εἰς
3294 5597 3567 5670 ἐκκλησίαν
3596 5591 3684 5640 είσ-

2154 5677 2282 5748 ἦλθε
2333 5681 2476 5734 κατά
2518 5683 2580 5734 τὸ
2618 5683 2807 5746 εἰωθὸς
2855 5683 2950 5736 καὶ
2991 5683 3083 5737 τὸν
3123 5685 3326 5739 ἀνωθεν
3370 5679 3679 5752 κρατήσαντα

2153 5760 2370 5830 θεσμὸν,
2409 5764 2506 5833 οὐχ
2551 5766 2681 5835 ἡμῖν
2729 5765 3065 5834 συνεγένετο.
3092 5769 3152 5820 οὐ
3184 5769 3336 5837 λόγου
3391 5761 3674 5835 μετέδωκεν.

2151 5844 2251 5896 οὐκ
2292 5845 2490 5914 εὐχῆς,
2533 5848 2594 5900 οὐ
2645 5849 2957 5912 κοινωνίας·
3001 5851 3117 5904 ἀλλ’
3145 5852 3350 5914 ἀποϐὰς
3379 5845 3465 5900 τοῦ
3498 5837 3673 5892 πλοίουι

2155 5929 2246 5980 καὶ
2280 5929 2345 5980 τά
2394 5930 2639 6001 πρόθυρα
2689 5931 2787 6001 τῆς
2828 5933 3123 6002 ἐκκλησίας
3178 5925 3546 6006 παραδραμὼν.
3587 5914 3674 5980 ἔξω

2158 6029 2257 6066 που
2287 6012 2386 6084 τῆς
2417 6014 2621 6080 πόλεως
2650 6015 2897 6071 ἀπελθὼν
2923 6015 3192 6089 ηὐλίζετο,
3219 6019 3308 6074 καὶ
3344 6010 3496 6069 πολλὰ
3524 6012 3670 6069 παρα·
