4002 6412
271 585 390 640 529
1736 577 2123 644 EP’ISTOLIE.
3444 595 3548 649 550

280 706 352 757 lae
383 701 494 757 line
523 713 953 760 commemorat.
979 702 1172 759 Pulsus
1196 712 1248 758 et
1273 703 1326 758 in
1354 704 1604 759 exsilium
1639 705 1907 762 abductus
1935 706 2038 760 fuit
2073 705 2496 776 Chrysostomus
2547 717 2692 758 anno
2737 704 2865 769 404,
2906 719 3093 761 mense
3121 703 3320 770 Juuio;
3351 707 3418 762 de
3461 711 3548 761 die

286 795 504 848 mensis
531 805 620 850 est
647 796 902 865 quaestio,
934 811 1056 865 qua:
1085 795 1139 849 in
1168 793 1286 849 Vita
1310 794 1686 866 Chrysostomi
1714 797 2058 862 excutietur;
2092 797 2205 850 haec
2233 796 2394 866 igitur
2443 794 2670 863 epistola
2711 795 2913 866 scripta
2951 795 3113 850 fuerit
3151 813 3340 854 versus
3385 802 3545 853 linem

287 888 429 940 anni
457 887 588 949 406,
621 901 753 942 cum
784 888 1001 942 tertium
1031 902 1234 940 annum
1269 887 1322 942 in
1346 886 1540 942 exsilio
1562 895 1747 956 ageret
1775 886 2222 956 Chrysostomus.
2256 884 2454 940 Verum
2481 886 2585 940 hac
2617 885 2682 939 de
2710 901 2770 939 re
2801 901 2905 940 non
2934 902 3096 956 parva
3129 890 3372 960 exsurgit
3398 890 3546 962 [515]

282 979 587 1034 difﬁcultas
617 999 630 1034 :
661 982 741 1035 ait
765 982 965 1051 quippe
997 980 1421 1049 Chrysostomus
1445 996 1502 1036 se
1528 981 1669 1034 hanc
1696 981 1980 1049 epistolam
2010 981 2225 1034 mittere
2258 995 2354 1050 per
2374 977 2638 1032 Joannem
2681 979 3054 1050 presbyterum
3079 997 3280 1052 perque
3319 981 3542 1036 Paulum

281 1071 593 1126 diaconum
622 1091 637 1128 :
670 1083 724 1128 et
759 1086 934 1128 tamen
970 1076 1024 1127 in
1055 1073 1282 1143 epistola
1313 1074 1434 1140 M8,
1463 1073 1624 1140 infra,
1655 1088 1778 1142 quae
1813 1087 1895 1128 est
1922 1075 1987 1127 ad
2016 1074 2303 1145 Cyriacum
2325 1114 2341 1138 ,
2373 1071 2703 1126 Demetrium
2733 1077 2808 1140 {et
2849 1082 3094 1138 caeteros,
3125 1086 3179 1128 et
3215 1075 3414 1143 scripta
3445 1090 3548 1143 pu-

287 1173 450 1218 tatur
481 1180 629 1219 anno
657 1165 782 1230 405,
809 1165 884 1219 ait
908 1164 1327 1234 Chrysostomus
1369 1163 1634 1219 Joannem
1667 1164 2038 1235 presbyterum
2070 1172 2124 1218 et
2164 1163 2390 1218 Paulum
2431 1162 2720 1217 diaconum
2745 1163 2848 1216 iter
2883 1178 3091 1231 parare,
3138 1174 3197 1218 ut
3241 1166 3388 1234 ipsos
3421 1182 3550 1220 cou-

289 1257 565 1322 veniant;
598 1257 643 1311 si
680 1267 856 1312 autem
887 1273 951 1311 eo
977 1272 1138 1320 anno,
1179 1274 1371 1329 nempe
1399 1258 1524 1324 405,
1559 1258 1700 1312 hanc
1726 1257 2009 1326 epistolam
2033 1257 2317 1323 scripserit
2342 1255 2789 1324 Chrysos'tomus,
2821 1271 2931 1324 quo
2968 1263 3128 1324 pacto
3166 1257 3346 1311 dicere
3373 1260 3546 1327 possit

287 1364 350 1402 se
383 1350 614 1402 tertium
641 1365 841 1402 annum
874 1349 926 1402 in
951 1350 1144 1404 exsilio
1166 1351 1338 1420 agere
1362 1349 1458 1418 qui
1491 1358 1604 1403 tum
1633 1348 1930 1403 secundum
1963 1357 2171 1401 tantum
2198 1348 2335 1401 inire
2380 1346 2627 1415 poterat?
2666 1345 2933 1415 Opinatur
2972 1345 3344 1402 Tillemontius
3377 1347 3544 1402 Joan-

287 1458 427 1498 nem
455 1452 512 1497 et
544 1444 796 1506 Paulum,
823 1443 916 1512 qui
942 1453 1071 1498 tunc
1095 1443 1198 1498 iter
1218 1443 1504 1514 parabant,
1533 1443 1587 1496 in
1613 1458 1817 1496 annum
1847 1451 2159 1510 sequentem
2194 1439 2495 1509 profectum
2544 1455 2702 1494 suum
2737 1440 3044 1505 distulisse;
3096 1441 3189 1494 sed
3243 1439 3344 1496 hac
3387 1441 3454 1496 de
3489 1459 3550 1496 re

287 1530 549 1598 pluribus
579 1530 633 1583 in
669 1530 789 1584 Vita
812 1530 1210 1602 Chrysostomi.
1249 1531 1305 1585 In
1352 1531 1454 1586 hac
1487 1530 1716 1601 epistola
1758 1531 2180 1600 Cbrysostomus
2232 1545 2338 1584 non
2376 1545 2544 1583 ttnum
2586 1529 2959 1584 Innocentium
3012 1531 3338 1600 alloquitur,
3371 1534 3463 1586 sed
3493 1542 3547 1586 et

286 1624 488 1690 plures
517 1623 746 1680 fortasse
775 1625 1061 1694 episcopos
1087 1627 1178 1696 qui
1216 1627 1298 1679 vel
1330 1642 1452 1680 cum
1487 1624 1802 1681 Innocentio
1830 1627 2080 1694 agebant,
2115 1625 2197 1679 vel
2243 1640 2272 1678 e
2310 1626 2487 1680 vicino
2511 1625 2670 1693 positi
2695 1635 2868 1680 erant.
2907 1625 2976 1680 Iis
3006 1627 3207 1694 gratias
3235 1626 3346 1696 agit
3374 1626 3550 1697 Chry-

286 1725 582 1771 sostomus
615 1719 680 1771 de
707 1720 974 1773 constanti
1003 1737 1126 1789 erga
1153 1738 1208 1774 se
1239 1721 1521 1784 cbaritate,
1550 1720 1724 1790 deque
1754 1720 2134 1785 sollicitnt'line,
2154 1735 2255 1789 qua
2291 1735 2388 1788 pro
2419 1719 2654 1773 sedanda
2683 1729 2996 1789 tempestate
3024 1729 3172 1775 tanta
3197 1722 3278 1775 usi
3313 1720 3542 1776 fuerant.

366 1808 646 1866 Ertsrou
697 1813 999 1867 laxocearn
1046 1832 1112 1867 an
1153 1814 1398 1868 Joaaueu
1443 1815 1898 1881 Cnavsosronuu,
1926 1831 2088 1884 quam
2138 1816 2372 1869 servavit
2419 1815 2770 1880 Sozomenus,
2819 1825 2928 1870 tota
2967 1816 3328 1871 consolatoria
3358 1825 3460 1883 est,
3490 1830 3545 1872 et

287 1902 668 1959 observantiae
698 1907 1049 1976 caritatisque
1073 1909 1223 1977 plena
1252 1927 1265 1960 :
1297 1911 1485 1978 paucis
1514 1912 1601 1963 hic
1632 1911 1810 1980 agitur
1836 1911 1900 1964 de
1925 1910 2182 1978 patientia
2211 1911 2264 1964 in
2294 1911 2558 1974 adversis,
2599 1909 2774 1979 deque
2814 1926 3012 1965 corona
3043 1910 3378 1980 patientibus
3417 1926 3545 1966 san-

287 1997 411 2053 ctis
439 2010 650 2068 parata.
687 2000 999 2072 Respondet
1031 2004 1376 2060 Innocentius
1401 2006 1645 2075 epistolae
1674 2005 2072 2076 Cbrysostomi,
2101 2021 2131 2058 a
2159 2006 2394 2074 quodam
2426 2004 2652 2074 Cyriaco
2677 2005 2904 2058 diacono
2931 2005 3033 2059 sibi
3065 2006 3260 2059 allatae.

368 2092 646 2150 EPISTOLA
677 2097 980 2153 lsuocsurn
1013 2117 1078 2152 Αυ
1109 2117 1316 2154 CLEBUM
1350 2101 2038 2155 Cous'rmriuorourauuu
2084 2110 2166 2153 est
2198 2100 2479 2168 responsio
2519 2099 2582 2151 ad
2615 2099 2895 2166 epistolam
2934 2099 3172 2167 ejusdem
3204 2098 3335 2151 cleri
3363 2106 3415 2151 et
3443 2111 3541 2165 po-

289 2187 438 2255 puli,
471 2203 501 2241 a
533 2188 802 2243 Germano
833 2191 1149 2260 presbytero
1179 2203 1230 2244 et
1259 2192 1518 2245 Cassiano
1567 2191 1798 2244 diacono
1847 2188 1913 2243 ad
1954 2187 2327 2243 Innocentium
2376 2188 2612 2250 allatam,
2648 2189 2700 2240 in
2732 2203 2836 2256 qua
2883 2188 3214 2240 calamitates
3263 2187 3542 2240 orientalis

290 2281 562 2337 Ecclesia:
591 2283 833 2351 deplorat
867 2285 1228 2339 Innocentius.
1265 2286 1351 2339 Ait
1380 2287 1741 2340 necessariam
1783 2302 1905 2341 esse
1950 2287 2014 2338 ad
2048 2284 2348 2339 curandum
2397 2283 2596 2335 malum
2653 2282 2842 2352 synodi
2892 2281 3307 2335 celebrationem
3339 2298 3352 2332 :
3402 2295 3455 2336 et
3483 2298 3542 2336 se

294 2370 599 2424 admodum
632 2381 820 2440 optare
851 2382 909 2427 ut
938 2379 1273 2428 (ecumenica
1320 2377 1558 2445 synodus
1587 2386 1830 2445 cogatur,
1862 2391 1970 2445 quo
2001 2374 2294 2429 turlmlenti
2323 2385 2498 2427 motus
2530 2373 2805 2428 scdentur.

371 2461 652 2516 Eptsrou
687 2462 918 2518 IIoa'oan
941 2465 1296 2520 Invennoms
1323 2483 1389 2520 an
1422 2467 1698 2522 ARCADll’M
1725 2465 1984 2523 Ommms
2015 2482 2319 2526 ratsmrsn.
2355 2482 2418 2519 ex
2450 2467 2647 2519 Codice
2676 2465 2937 2520 Vaticano
2966 2474 3178 2526 cuucta,
3209 2474 3263 2519 et
3290 2480 3319 2518 a
3347 2464 3539 2521 Cardi-

296 2555 415 2609 naIi
444 2554 677 2611 Baronio
709 2558 998 2624 publicata,
1030 2575 1249 2614 causam
1280 2559 1505 2616 Joannis
1551 2562 1920 2632 Clll‘ySOSIOIIII
1977 2561 2212 2630 respicit.
2251 2558 2474 2613 Orditur
2525 2559 2822 2628 Imperator
2869 2559 2936 2612 ab
2981 2559 3232 2628 imagine,
3285 2560 3540 2614 nimirum

298 2647 586 2713 Eudoxiaa,
620 2665 740 2719 quae
768 2667 864 2720 per
894 2653 1201 2720 provincias
1232 2653 1713 2708 circumferebatur
1747 2655 1970 2708 honoris
1999 2671 2163 2707 causa
2200 2670 2211 2704 :
2246 2663 2532 2722 postquam
2566 2653 2772 2706 scilicet
2804 2651 3060 2705 Eutloxize
3085 2662 3258 2706 statua
3289 2667 3541 2722 argentea

298 2744 354 2798 in
392 2746 570 2814 platea
601 2755 726 2800 ante
754 2748 1036 2803 ecclesiam
1069 2747 1127 2803 S.
1170 2750 1385 2818 Sophia:
1414 2759 1591 2803 erecta
1621 2759 1674 2803 et
1703 2750 1948 2804 dedicata
1998 2749 2120 2810 fuit,
2154 2750 2368 2816 ludique
2412 2748 2704 2812 celebrati,
2743 2755 2797 2800 et
2839 2749 3143 2816 spectacula
3191 2748 3327 2802 forte
3363 2750 3545 2803 minus

301 2841 536 2895 honesta
558 2841 701 2896 edita
732 2854 878 2909 sunt,
903 2859 1020 2911 qua:
1049 2845 1308 2914 populum
1339 2860 1368 2898 a
1403 2844 1644 2898 collectis
1670 2855 1722 2898 et
1749 2845 1870 2898 aliis
1903 2844 2117 2914 pietatis
2146 2844 2420 2897 exercitiis
2453 2852 2778 2907 averterent,
2804 2847 2934 2909 Qu:e
2956 2860 3117 2898 causa
3153 2844 3253 2898 fuit
3283 2854 3338 2898 ut
3367 2846 3544 2914 Chry-

301 2940 582 2986 sostomus
613 2933 665 2986 in
697 2933 1054 2988 concionibus
1090 2935 1204 2988 haec
1236 2951 1333 3005 pro
1362 2950 1512 2989 more
1543 2951 1643 2989 suo
1675 2935 2022 3004 pestringeret
2065 2951 2127 2988 ac
2158 2935 2506 3004 vituperaret,
2557 2935 2716 3002 inque
2755 2935 3012 2987 Eudoxiae
3059 2934 3407 2988 offensionem
3457 2936 3542 2988 in-

301 3037 572 3094 curreret,
605 3044 724 3096 qua:
759 3045 844 3085 res
873 3030 991 3085 fuse
1023 3033 1344 3086 tractabitur
1370 3033 1425 3084 in
1461 3029 1582 3085 Vita
1611 3031 2011 3104 Chrysostomi.
2055 3031 2108 3084 In
2157 3032 2256 3084 bac
2285 3030 2510 3099 epistola
2569 3038 2676 3083 tota
2724 3030 2918 3083 acriter
2960 3030 3230 3083 invehitur
3272 3031 3543 3084 Honorius

305 3123 362 3179 in
388 3132 534 3196 gesta
564 3123 654 3178 illa
679 3123 1300 3194 Constantiuopolitana,
1345 3139 1466 3194 qure
1501 3125 1551 3178 in
1598 3127 1936 3194 depositione
1973 3126 2062 3179 illa
2110 3125 2294 3195 iniqua
2339 3123 2711 3194 Clirysostomi
2758 3123 3043 3189 accidere;
3085 3125 3332 3192 queritur
3375 3126 3544 3179 altare

305 3217 573 3286 sanguine
604 3217 840 3270 humano
880 3218 1105 3272 tinctum
1138 3216 1325 3282 fuisse,
1353 3218 1664 3272 sacerdotes
1697 3219 1749 3271 in
1775 3219 2026 3272 exsilium
2065 3229 2235 3282 actos,
2279 3219 2490 3286 pulsum
2529 3216 2704 3286 ipsum
2747 3214 3010 3268 Joannem
3047 3215 3546 3284 Constantinopoli-

307 3323 499 3365 tanum
525 3329 538 3374 ;
569 3326 690 3380 quae
714 3312 892 3366 omnia
918 3312 969 3365 in
1003 3312 1120 3381 ipsa
1146 3312 1376 3381 epistola
1403 3313 1682 3368 suudiosus
1715 3315 1882 3367 lector
1912 3313 2329 3368 anitnadvertet.

379 3403 646 3457 EPISTOLA
680 3419 745 3456 AD
775 3418 1053 3459 EPISCOPOS
1084 3421 1152 3458 ET
1179 3419 1542 3458 paesnvrenos
1574 3419 1638 3459 ou
1669 3420 1940 3460 PIETA'I‘EI
1965 3421 2014 3459 IN
2035 3421 2273 3459 caucam:
2305 3421 2552 3459 INCLUSOS
2578 3404 2775 3459 Cucusi
2796 3402 2994 3470 scripta
3018 3411 3236 3470 putatur
3260 3417 3401 3457 anno
3421 3401 3546 3457 404.

307 3492 502 3548 Iisdem
533 3494 759 3564 epistola
789 3495 955 3549 altera
987 3498 1352 3551 consolatoria
1381 3495 1544 3551 missa
1577 3494 1679 3549 fuit
1706 3513 1735 3550 a
1764 3496 2175 3567 Cbrysostomo,
2204 3512 2322 3565 qua}
2352 3507 2434 3550 est
2473 3512 2698 3550 numero
2724 3493 2935 3549 CXVIII
2969 3492 3123 3549 infra.

381 3583 745 3652 Epistolarum
775 3587 1002 3641 duarum
1036 3588 1102 3642 ad
1125 3588 1521 3651 Innocentium,
1555 3598 1609 3642 et
1647 3589 1809 3657 hujus
1851 3590 1916 3641 all
1947 3589 2233 3657 episc0pos
2270 3597 2323 3640 et
2356 3588 2696 3656 presbyteros
2741 3586 3002 3648 inclusos,
3036 3584 3406 3653 interpretatio
3442 3584 3550 3638 La-

307 3679 420 3732 tina
454 3689 538 3734 est
571 3681 762 3736 incerti
791 3684 1097 3753 cujusdam,
1131 3700 1295 3754 quam
1328 3685 1512 3740 multis
1543 3685 1596 3739 in
1631 3684 1764 3739 locis
1793 3685 2218 3754 castigavimus;
2268 3683 2620 3752 cpistolarum
2672 3683 2833 3736 etiam
2884 3683 3181 3736 Innocentii
3222 3683 3549 3750 interpretaa

309 3778 512 3832 tionem
536 3776 780 3834 Latinam
805 3779 1034 3868 subinde
1063 3781 1490 3837 emendavimus.

2081 3921 3362 3933 Μωδ-
3433 3920 3532 3927 _._.

969 4017 1728 4110 INNOCENTIO
1800 4017 1891 4106 El

2009 4013 2386 4107 SCOPO
2460 4013 2870 4106 ΡιΟΜὶΕ.

316 4184 562 4232 ΒΟΜΙἿΟ
613 4189 743 4235 MEO
783 4191 1329 4237 REVEBENDISSIMO
1353 4217 1367 4238 ι
1406 4191 1933 4244 PIENTISSIMOQUE
1981 4187 2366 4233 lNI’lOCENTIO
2404 4185 2679 4231 JOANNES
2716 4186 2780 4228 IN
2819 4183 3066 4228 DOMINO
3107 4181 3392 4227 SALUTEM
3437 4156 3545 4243 (α).

1907 4327 1975 4344 σε..

386 4474 438 4527 I.
486 4471 660 4526 Etiam
707 4481 988 4541 antequam
1037 4471 1258 4527 redditae
1303 4481 1424 4526 sunt
1463 4473 1633 4527 literae
1678 4486 1891 4539 nostrzr,

310 4564 500 4634 opinor
522 4564 768 4633 pietatem
797 4574 1025 4617 vestram
1053 4564 1319 4617 audivisse
1338 4606 1353 4629 ,
1399 4565 1648 4633 quidnam
1686 4565 1772 4619 hic
1801 4581 1893 4634 pa-

313 4668 457 4712 trare
481 4671 606 4710 ausa
635 4657 792 4710 fuerit
817 4657 1088 4726 iniquitas.
1119 4657 1191 4710 Ea
1223 4657 1362 4710 enim
1387 4672 1566 4710 rerum
1589 4665 1669 4710 est
1697 4657 1895 4726 magni-

313 4749 440 4804 tudo
465 4758 516 4804 et
537 4749 788 4820 gravitas,
817 4758 873 4802 ut
899 4749 1039 4802 nulla
1067 4747 1234 4803 ferme
1259 4748 1404 4802 orbis
1433 4764 1553 4817 pars
1576 4749 1758 4802 relicta
1788 4750 1888 4814 sit,

312 4855 431 4911 quae
467 4840 668 4895 tristem
699 4840 836 4894 hanc
865 4841 1172 4910 tragoediam
1205 4855 1309 4893 non
1347 4840 1576 4894 audierit
1603 4857 1615 4892 :
1649 4838 1890 4908 quando-

314 4929 526 5001 quidem
569 4930 704 4983 fama
740 4945 907 5001 usque
948 4931 1012 4985 ad
1051 4932 1182 4985 lines
1221 4939 1378 4986 terrae
1416 4932 1638 5002 perlata,
1671 4932 1892 5001 plurima

315 5023 505 5094 ubique
532 5023 761 5077 lamenta
788 5033 842 5078 et
865 5023 1093 5092 ejulatus
1113 5023 1387 5079 excitavit.
1422 5023 1616 5078 Verum
1642 5025 1761 5093 quia
1786 5039 1890 5076 non

315 5116 440 5172 satis
469 5126 550 5169 est
575 5115 843 5186 plangere,
872 5116 965 5170 sed
993 5131 1128 5186 opus
1148 5115 1307 5171 etiam
1330 5124 1389 5170 ut
1409 5131 1535 5171 eura
1562 5127 1806 5186 geratur;
1839 5125 1895 5170 ct

317 5218 580 5278 spectetur
600 5224 703 5277 qua
737 5209 944 5263 ratione
981 5221 1033 5263 et
1075 5224 1181 5278 quo
1217 5208 1439 5262 consilio
1464 5208 1776 5278 gravissima
1804 5208 1891 5261 illa

318 5299 569 5356 Ecclesia!
597 5311 882 5369 tempestas
917 5300 1133 5355 sedetur
1164 5319 1176 5353 :
1210 5301 1568 5354 necessarium
1599 5314 1717 5354 esse
1740 5298 1894 5353 duxi-

317 5408 430 5447 mus
458 5403 515 5447 ut
541 5393 920 5462 persuadeatur
951 5393 1233 5459 Demetrio,
1265 5392 1586 5461 Pansopbio,
1611 5393 1814 5463 Pappo,
1839 5401 1894 5447 et

318 5486 567 5555 Eugenio,
589 5486 818 5540 dominis
845 5487 976 5540 meis
999 5487 1226 5541 maxime
1249 5487 1658 5551 venerabilibus,
1690 5489 1892 5556 piisque

315 5579 569 5648 episcopis
589 5620 606 5646 ,
640 5579 838 5633 relictis
866 5578 1121 5634 Ecclesiis
1149 5580 1376 5648 propriis
1394 5619 1409 5643 ,
1448 5579 1632 5649 pelago
1661 5595 1719 5634 se
1746 5587 1892 5633 tanto

317 5672 678 5736 committere,
731 5681 1078 5741 susceptaque
1133 5671 1417 5740 longinqua
1468 5669 1893 5739 peregrinatione

318 5762 426 5828 hac,
459 5761 525 5816 ad
549 5771 780 5818 vestram
813 5778 1098 5832 properare
1118 5764 1412 5829 caritatem,
1439 5762 1507 5818 de
1532 5765 1778 5818 omnibus
1799 5777 1892 5816 vos

371 5894 442 5958 (α)
465 5893 638 5960 ῳιιεηδ
659 5909 769 5946 cum
793 5895 982 5960 duobus
1001 5899 1170 5960 negiis
1193 5906 1294 5960 Mss.
1317 5897 1539 5960 itemque
1571 5911 1680 5946 cum
1703 5900 1884 5948 Vatica-

320 5969 390 6012 no,
413 5957 712 6016 Coisliniano,
755 5965 810 6008 et
847 5959 937 6007 viri
971 5957 1219 6009 clarissimi
1271 5957 1472 6010 Alberti‘
1495 5961 1690 6009 Fabricii
1723 5961 1892 6010 Codice

379 6032 456 6068 em
489 6020 814 6084 Fabricianum
836 6033 1088 6084 vocamus;
1122 6022 1299 6084 scripta
1337 6034 1464 6070 anno
1486 6021 1594 6070 494.
1621 6029 1669 6069 tu
1690 6023 1891 6084 quibus-

323 6081 416 6199 :am
437 6082 685 6134 Codicibus
706 6083 813 6134 hac
829 6120 844 6144 ,
869 6081 1058 6134 domino
1101 6081 1231 6146 meo;
1266 6096 1424 6147 usque
1448 6084 1634 6136 initium
1669 6081 1889 6148 cpistola:

351 6159 510 6199 εειιηὶ.

351 6164 467 6201 εειιη
473 6159 510 6205 ι.

2005 4481 2281 4528 manueste
2308 4473 2591 4536 docentes,
2632 4486 2736 4541 quo
2774 4470 3086 4541 quantocius
3117 4473 3270 4527 rebus
3296 4489 3577 4528 succurra-

2002 4572 2117 4627 tur;
2167 4564 2408 4617 misimus
2435 4571 2611 4616 autem
2638 4579 2757 4616 cum
2786 4563 2863 4616 eis
2893 4563 3220 4616 venerabiles
3255 4563 3578 4632 dilectosque

2001 4655 2255 4709 diaconos
2281 4654 2500 4708 Paulum
2530 4662 2582 4707 et
2606 4652 2919 4722 Cyriacum;
2958 4661 3012 4706 et
3038 4668 3132 4706 nos
3163 4668 3371 4721 quoque
3399 4654 3578 4720 paucis

2001 4748 2275 4803 caritatem
2295 4757 2522 4802 vestram
2552 4761 2670 4815 quae
2696 4745 2827 4798 facta
2855 4744 3055 4799 suntin
3085 4745 3320 4812 epistol-.e
3351 4744 3575 4800 formam

2000 4839 2331 4895 docebimus.
2381 4838 2707 4908 TheOphiIus
2751 4837 2892 4892 enim
2947 4837 3035 4891 ille
3079 4837 3167 4906 qui
3211 4838 3580 4893 Alexandrinae

2001 4931 2252 4986 Ecclesiae
2277 4931 2638 5000 episcopatum
2669 4927 2959 4998 regendum
2989 4929 3241 4997 suscepit.
3263 4944 3383 4983 cum
3405 4945 3434 4982 a
3457 4928 3584 4998 piis-

1999 5023 2136 5078 simo
2164 5023 2508 5092 Imperatore,
2531 5021 2613 5074 cui
2634 5019 2890 5075 adversus
2916 5021 3058 5073 illum
3081 5021 3320 5088 qutedam
3344 5023 3580 5075 nuntiata

2000 5121 2172 5179 erant,
2198 5113 2381 5182 jussus
2409 5121 2552 5167 esset
2579 5112 2760 5166 venire
2788 5111 2954 5176 solus,
2984 5111 3205 5166 collecta
3235 5111 3574 5165 multitudine

2000 5205 2368 5273 episc0porum
2397 5220 2503 5258 non
2535 5218 2823 5272 paucorum
2853 5202 2957 5256 huc
2983 5202 3162 5269 venit,
3190 5218 3297 5272 quo
3325 5201 3580 5271 prreludio

1999 5295 2150 5363 quasi
2192 5294 2462 5348 declarare
2489 5292 2729 5359 volebat,
2759 5307 2818 5347 se
2855 5291 2923 5346 ad
2965 5291 3160 5346 bellum
3188 5301 3242 5346 et
3266 5293 3431 5346 aciem
3462 5306 3582 5358 per-

1999 5402 2158 5455 gere,
2202 5401 2430 5455 cumque
2470 5385 2521 5438 in
2560 5400 2802 5454 magnam
2841 5384 3127 5453 divinoque
3156 5383 3317 5437 cultui
3345 5383 3576 5437 deditam

2001 5481 2184 5536 urbem
2231 5479 2746 5549 Constantinopolim
2796 5480 3067 5549 ingressus
3111 5487 3284 5543 esset,
3335 5492 3439 5529 non
3483 5491 3582 5544 pro

2000 5588 2149 5626 more
2189 5580 2244 5626 et
2287 5570 2672 5626 consuetudine
2711 5571 2876 5625 veteri
2924 5566 3138 5623 intravit
3181 5569 3233 5620 in
3273 5565 3573 5627 ecclesiam,

2001 5681 2172 5734 neque
2205 5664 2271 5719 ad
2312 5678 2410 5718 nos
2438 5663 2683 5730 accessit,
2715 5677 2887 5734 neque
2914 5661 3219 5732 participem
3250 5673 3309 5714 se
3339 5657 3464 5712 fecit
3495 5659 3579 5712 vel

2001 5759 2285 5821 sermonis,
2315 5757 2397 5812 vel
2431 5771 2672 5825 precum,
2700 5755 2784 5810 vel
2813 5751 3206 5810 communioois
3240 5768 3254 5803 :
3285 5749 3377 5803 sed
3404 5764 3583 5818 egres-

2000 5865 2090 5904 sus
2119 5864 2149 5902 e
2176 5847 2314 5913 navi,
2340 5854 2394 5901 et
2421 5846 2787 5916 prtetcrcursis
2810 5842 3049 5900 ecclesia:
3076 5839 3367 5900 vestibulis,
3393 5839 3582 5893 alicubi

1998 5947 2146 5995 extra
2165 5939 2348 5992 urbem
2372 5937 2675 5992 diversatus
2698 5943 2781 5991 est
2799 5951 2814 6001 ;
2835 5934 3042 5990 tametsi
3065 5946 3161 5986 nos
3177 5931 3463 6000 plurimum
3487 5929 3584 5984 ob-

1999 6044 2330 6087 secraremus
2363 6038 2418 6084 et
2439 6029 2610 6098 ipsum
2630 6035 2684 6083 et
2700 6043 2793 6083 eos
2813 6026 2903 6097 qui
2923 6039 3043 6081 cum
3063 6023 3180 6094 ipso
3200 6018 3580 6084 advenerant’,

2065 6146 2084 6177 ⁸
2118 6148 2220 6196 Duo
2240 6140 2411 6208 optimi
2432 6147 2538 6194 uss.
2572 6138 2885 6194 Coisliuianus
2918 6143 2968 6192 et
3001 6143 3116 6201 Reg.
3152 6147 3298 6197 unus,
3334 6136 3378 6184 et
3402 6141 3478 6182 eos
3500 6122 3582 6194 qui
