4002 6410
467 581 564 641 531

438 755 444 771 ἢ
474 718 530 755 nt
563 701 699 770 apud
730 715 826 754 nos
851 700 1176 756 diverterent
1205 717 1218 754 :
1249 710 1401 754 erant
1447 699 1587 753 enim
1630 696 1921 752 diversoria
1945 735 1960 757 ,
2002 699 2056 746 ct

468 791 646 846 omnia
673 791 774 845 alia
805 809 923 862 quae
951 791 1260 861 oportebat,
1305 793 1440 846 bene
1471 792 1724 845 instructa
1756 806 1767 842 :
1802 797 1855 841 at
1881 800 2053 856 neque

468 883 542 937 illi
572 898 745 953 neque
782 879 896 953 ipse
935 883 1090 938 nobis
1130 898 1332 936 morem
1374 882 1651 952 gerebant.
1685 879 1836 936 Unde
1867 891 1966 932 nos
1989 891 2052 930 ea

467 977 729 1041 videntes,
759 976 914 1032 valde
956 975 1434 1032 consternabamur
1467 974 1646 1029 animo
1673 990 1686 1026 :
1719 980 1773 1026 et
1814 968 2055 1039 quamvis

467 1069 786 1136 injustarum
827 1068 1036 1122 illarum
1081 1067 1474 1121 inimicitiarum
1502 1079 1715 1119 causam
1742 1062 1940 1117 nullam
1968 1060 2052 1114 in-

468 1161 654 1213 venire
683 1173 960 1228 possemus
982 1197 1000 1225 ,
1031 1157 1376 1212 nihilominus
1407 1165 1583 1210 tamen
1625 1154 1798 1209 oillcia
1840 1153 1918 1207 eis
1957 1151 2056 1205 im-

470 1248 776 1319 pendimus,
803 1264 922 1319 qua:
963 1263 1060 1318 par
1099 1257 1214 1304 erat
1255 1262 1354 1302 nos
1397 1247 1504 1302 illis
1546 1245 1831 1304 exhibere:
1859 1259 1923 1299 ac
1949 1243 2056 1300 fre-

472 1350 702 1407 quenter
725 1340 897 1410 ipsum
922 1340 1338 1406 obsecravimus,
1359 1348 1416 1393 ut
1435 1353 1493 1393 se
1513 1339 1666 1392 nobis
1687 1337 2053 1408 conjungeret,

474 1431 818 1501 diceretque,
859 1433 1010 1501 cujus
1042 1432 1210 1502 gratia
1241 1432 1418 1485 statim
1445 1431 1512 1486 ab
1543 1431 1693 1484 initio
1723 1438 1926 1483 tantum
1957 1442 2054 1482 ex-

475 1527 668 1580 citaret
688 1525 906 1591 bellum,
926 1525 978 1578 in
1003 1534 1251 1594 tantaque
1274 1524 1400 1578 urbe
1418 1522 1733 1577 discordiam
1758 1521 2051 1580 induceret.

479 1616 678 1673 Verum
703 1633 822 1672 cum
847 1617 932 1672 ille
952 1631 1164 1671 causam
1187 1617 1365 1670 dicere
1388 1615 1572 1678 nollet,
1596 1629 1789 1684 meque
1807 1621 2060 1684 urgerent

478 1719 817 1766 accusatores
838 1709 972 1780 ejus,
996 1709 1204 1765 vocavit
1234 1724 1331 1764 nos
1358 1708 1649 1778 Imperator
1675 1705 2056 1777 pientissimus,

479 1810 533 1856 et
557 1801 715 1871 jussit
745 1802 820 1856 ire
849 1801 915 1855 ad
945 1802 1116 1856 locum
1145 1801 1197 1855 in
1227 1815 1331 1871 quo
1363 1800 1450 1855 ille
1479 1799 1698 1870 agebat,
1733 1808 1790 1852 et
1823 1797 1933 1852 illic
1956 1797 2058 1852 cri-

481 1893 640 1956 mina,
671 1907 788 1962 qum
814 1893 912 1961 ipsi
937 1892 1275 1955 oll'errentur,
1301 1893 1506 1947 audire.
1543 1891 1673 1946 Nam
1705 1890 2057 1955 incursiones,

479 1991 534 2038 et
578 1983 791 2048 caades,
835 1991 892 2038 et
937 1984 1036 2038 alia
1085 1985 1308 2053 plurima
1348 1983 1671 2050 objiciebant
1697 1999 1710 2036 :
1741 1997 1840 2037 nos
1882 1991 2060 2036 autem

480 2073 708 2128 scientes
758 2073 899 2143 leges
946 2083 1174 2144 patrum,
1207 2075 1430 2145 viroque
1457 2072 1713 2129 honorem
1734 2072 2059 2136 deferentes,

483 2163 738 2221 habentes
764 2166 922 2220 etiam
951 2180 1109 2234 super
1134 2166 1234 2220 hac
1261 2181 1317 2219 re
1344 2165 1461 2234 ejus
1492 2166 1672 2219 literas
1697 2204 1712 2228 ,
1739 2171 1987 2232 oportere
2008 2163 2061 2217 in

481 2258 778 2328 quibusque
801 2257 1086 2326 provinciis
1112 2273 1204 2312 sua
1231 2257 1438 2326 negetia
1465 2257 1693 2319 tractari,
1722 2270 1893 2326 neque
1913 2263 2063 2309 extra

487 2348 683 2402 limites
710 2348 917 2402 illarum
947 2347 1116 2413 trahi,
1148 2347 1491 2402 vehementer
1516 2347 1926 2403 detrectavimus
1948 2387 1963 2410 ,
1995 2361 2065 2402 ne

484 2453 699 2492 causam
739 2439 1134 2507 susciperemus
1175 2438 1535 2508 judicandam.
1585 2438 1752 2495 Porro
1784 2438 1871 2493 ille
1910 2439 2062 2508 quasi

484 2529 751 2599 prioribus
802 2530 1078 2586 conatibus
1128 2529 1398 2585 cumulum
1451 2529 1651 2585 addere
1697 2529 2062 2594 contendens,

483 2621 650 2676 inulta
675 2621 993 2676 auctoritate
1014 2629 1200 2676 vocato
1219 2620 1596 2677 archidiacono
1623 2636 1764 2687 meo,
1787 2621 1936 2692 quasi
1954 2621 2063 2690 jam

484 2707 737 2768 Ecclesia'
767 2713 978 2767 viduata
1021 2723 1184 2781 esset,
1217 2729 1280 2768 ac
1324 2715 1629 2784 episcopum
1674 2729 1778 2768 non
1824 2712 2063 2778 haberet,

482 2809 682 2863 elerum
727 2822 940 2863 omnem
985 2809 1086 2865 sibi
1123 2824 1219 2880 per
1263 2809 1412 2863 illum
1454 2809 1732 2878 adjunxit:
1763 2809 2065 2880 ﬁebantque

484 2899 711 2954 deserta:
735 2899 786 2954 in
816 2900 932 2956 dies
959 2900 1223 2967 ecclesias,
1256 2899 1384 2956 dum
1410 2916 1440 2955 e
1470 2901 1691 2971 singulis
1711 2901 1951 2957 ecclesiis
1979 2900 2066 2956 ab-

482 2991 812 3047 ducebantur
825 2991 1001 3048 clerici
1033 3001 1087 3047 et
1115 2991 1514 3049 instruebantur
1537 3001 1595 3046 ut
1614 3007 1712 3046 nos
1729 3002 2062 3058 accusarent,

481 3094 536 3138 et
564 3083 774 3139 libellos
799 3082 1061 3140 adversus
1091 3097 1190 3138 nos
1219 3082 1591 3153 producerent.
1620 3083 1746 3138 Post
1772 3083 1888 3137 hate
1908 3098 2067 3137 voca-

481 3175 558 3228 vit
591 3183 648 3229 et
682 3189 778 3228 nos
817 3173 884 3228 ad
918 3173 1206 3244 judicium,
1239 3173 1474 3230 nondum
1507 3173 1692 3228 dilutis
1719 3174 1817 3230 sibi
1843 3173 2068 3245 objectis

483 3264 818 3329 criminibus,
845 3263 894 3317 id
923 3262 1063 3333 quod
1087 3264 1318 3320 maxime
1338 3274 1524 3319 contra
1550 3279 1738 3318 omnes
1759 3279 1993 3319 canones
2012 3273 2068 3320 et

482 3357 628 3428 leg/es
650 3364 785 3412 erat.

553 3446 609 3500 2.
643 3445 1030 3517 Clirysostomus
1071 3462 1162 3500 cur
1198 3463 1368 3502 coram
1395 3445 1675 3518 Theophila
1716 3456 1763 3500 et
1788 3447 1990 3501 asseclt's
2014 3463 2066 3501 se

481 3541 656 3595 sistere
678 3541 943 3594 recusarit.
967 3570 1037 3580 —
1068 3539 1237 3595 Porro
1259 3541 1517 3604 scientes,
1553 3555 1649 3593 nos
1677 3555 1782 3594 non
1821 3538 1886 3593 ad
1920 3539 2064 3609 judi-

481 3631 623 3686 cium
656 3632 814 3702 (nam
843 3629 1071 3702 alioquin
1100 3631 1396 3687 sexcenties
1425 3632 1752 3686 venissemus
1777 3633 1790 3664 ¹
1815 3636 1852 3698 ),
1877 3631 1969 3687 sed
1998 3630 2064 3686 ad

484 3721 692 3778 hostem
724 3731 779 3778 et
805 3723 1072 3778 inimicum
1103 3733 1375 3790 venturos,
1401 3723 1451 3778 id
1475 3723 1613 3794 quod
1638 3725 1766 3778 satis
1793 3724 2066 3778 declarant

486 3831 604 3885 quae
634 3815 780 3886 prius
806 3831 868 3871 ac
895 3827 1078 3886 postea
1104 3826 1227 3870 sunt
1254 3815 1410 3882 facta,
1442 3815 1681 3870 misimus
1703 3817 1768 3870 ad
1795 3832 1916 3870 eum
1947 3818 2064 3886 epi-

482 3920 696 3976 scopos,
735 3907 1060 3962 Demetrium
1091 3909 1397 3978 episcopum
1439 3907 1760 3974 Pcsinuntis,
1789 3907 2063 3980 Enlysium

481 3999 736 4066 Apamea:
759 4038 776 4065 ,
823 3997 1139 4068 Lupicinum
1181 3999 1471 4071 Appiariie,
1502 4001 1842 4071 presbyteros
1864 4011 2061 4063 autem,

483 4088 808 4146 Germanum
837 4099 892 4145 et
917 4092 1169 4148 Severum
1189 4133 1202 4155 ,
1232 4093 1710 4162 respondimusque
1734 4093 1973 4149 modeste
1998 4108 2066 4148 ex

483 4191 668 4238 nostro
696 4183 935 4238 instituto
963 4202 976 4236 :
1004 4201 1108 4238 non
1139 4185 1307 4239 vitare
1333 4199 1428 4237 nos
1449 4184 1729 4253 judicium,
1762 4185 1854 4239 sed
1885 4185 2063 4238 inimi-

486 4289 606 4325 cum
634 4282 874 4341 apertum
895 4315 910 4337 ,
939 4285 994 4328 et
1022 4275 1228 4329 hostem
1270 4276 1625 4329 manifestum.
1657 4275 1788 4329 Nam
1815 4276 1904 4346 qui
1932 4291 2064 4330 non-

484 4366 610 4420 dum
659 4367 888 4436 acceptis
931 4366 1125 4422 libellis
1159 4367 1336 4422 statim
1381 4367 1448 4423 ab
1491 4369 1641 4422 initio
1682 4369 1802 4423 talia
1841 4367 1982 4432 fecit,
2012 4377 2068 4423 et

483 4459 717 4528 seipsum
754 4457 1019 4512 abstraxit
1062 4457 1130 4512 ab
1175 4458 1426 4514 Ecclesiae
1455 4459 1699 4529 precibus
1739 4469 1793 4515 et
1826 4475 2067 4515 commu—

483 4552 672 4612 nione,
703 4559 759 4604 et
788 4550 1004 4620 insuper
1027 4559 1363 4605 accusatores
1389 4552 1735 4617 subornavit,
1764 4553 1968 4608 clerum
1998 4552 2064 4606 ad

481 4660 542 4700 se
569 4645 744 4711 traxit,
773 4643 1053 4700 ecclesiam
1079 4643 1372 4699 desolavit:
1399 4645 1666 4715 quomodo
1697 4646 1918 4702 idoneus
1941 4662 2066 4701 cen-

483 4736 588 4790 seri
621 4737 786 4805 possit
812 4736 1137 4808 hujusmodi,
1162 4746 1220 4791 ut
1243 4739 1296 4791 in
1323 4736 1517 4807 judicis
1544 4738 1791 4794 thronum
1813 4754 2066 4795 conscen-

484 4826 576 4880 dat
601 4826 699 4880 sibi
730 4829 945 4883 minime
969 4829 1390 4899 congruentem?
1413 4829 1593 4900 Neque
1607 4831 1749 4885 enim
1771 4846 2063 4900 congruum

481 4927 564 4974 est
591 4959 606 4983 ,
656 4929 712 4973 ut
751 4920 786 4973 ii
823 4922 915 4991 qui
959 4923 1010 4976 in
1053 4921 1289 4994 Egypto
1311 4933 1454 4989 sunt,
1483 4923 1723 4992 judicent
1759 4939 1854 4978 eos
1891 4925 1980 4994 qui
2011 4927 2062 4978 in

483 5011 735 5075 Thracia,
767 5022 820 5066 et
843 5016 1135 5082 prmsertim
1165 5017 1253 5072 ille
1281 5017 1371 5086 qui
1403 5018 1515 5086 ipse
1540 5032 1663 5072 reus
1685 5027 1787 5083 est,
1820 5018 2064 5073 inimicus

479 5114 535 5159 et
569 5103 739 5157 hostis
757 5104 799 5156 ’.
827 5104 898 5158 At
923 5105 1010 5161 ille
1038 5107 1170 5161 nihil
1197 5107 1389 5162 horum
1419 5109 1701 5174 reveritus,
1729 5123 1923 5179 magno
1948 5119 2064 5164 stu-

477 5265 589 5327 ειρῃ
611 5258 911 5327 macerant;
932 5256 1129 5327 Fabric,
1153 5265 1199 5309 et
1239 5271 1319 5327 eos
1341 5258 1425 5322 qui
1463 5263 1530 5312 ad
1553 5263 1708 5327 ipsum
1729 5272 2065 5327 accesseram;

477 5316 897 5392 res-.230?st
919 5324 1025 5392 9w
1046 5317 1218 5392 ερεεςηε.
1236 5316 1769 5392 “deterant-filaque-
1788 5316 2062 5388 σωγεοειοξ

477 5388 586 5426 mus
607 5377 736 5441 domi
760 5377 994 5441 excipere
1009 5377 1159 5431 voluit
1171 5381 1486 5441 Theophilum
1507 5377 1895 5438 Alexahdrinum'
1905 5395 1960 5438 et
1976 5402 2064 5438 eos

476 5441 558 5512 qui
585 5446 702 5511 ante
724 5440 883 5550 ipsum
916 5440 1236 5513 advenerant,
1279 5440 1320 5492 si
1355 5455 1542 5498 stemus
1577 5452 1712 5512 prius
1733 5449 1970 5498 Editorum
1995 5453 2064 5501 le-

476 5508 623 5550 αιοιιι
643 5515 657 5550 ζ
682 5513 745 5550 ve
802 5501 1122 5550 ThBODhllllm
1155 5511 1207 5550 et
1247 5518 1335 5550 eos
1353 5510 1434 5550 mli
1476 5511 1532 5550 ad
1556 5513 1711 5550 ingnm
1735 5523 2034 5550 annngqprnnl

476 5501 766 5570 ctioni;_ve1
802 5501 1122 5570 Theophilum
1155 5501 1335 5570 et:eos
1353 5510 1436 5570 qui
1476 5511 1534 5559 ad
1556 5501 1712 5570 ipsum
1735 5523 2058 5569 accesserant,

481 5564 750 5637 secundum
780 5565 1108 5637 Fabricianum
1139 5564 1408 5637 codicem3_
1427 5570 1506 5637 vel
1538 5564 1853 5637 Theophilum
1893 5583 1946 5624 et
1976 5564 2064 5624 eos

481 5630 563 5699 qui
588 5637 708 5699 cum
721 5630 828 5690 ipso
850 5635 1106 5699 venerant,
1129 5636 1185 5699 ut
1207 5630 1362 5699 fertur
1395 5632 1444 5680 in
1467 5634 1656 5699 duobus
1673 5630 1888 5699 'optimis
1926 5639 2060 5685 Codi—

801 5701 922 5762 vero
959 5691 1198 5762 posterior
1229 5689 1374 5762 lectio
1402 5698 1558 5757 magis
1589 5687 1790 5762 quadrat
1822 5698 1881 5746 ad
1916 5712 2062 5762 supra

482 5745 626 5820 dicta,
654 5749 854 5820 collecta
867 5745 1188 5820 multitudine
1225 5745 1557 5820 episcoporum
1596 5745 2063 5819 ὐεήἶιζξῇὶδῦἒῖὑῖ

483 5811 772 5874 etiamapnd
805 5811 1075 5865 Palladium.

547 5873 586 5947 ‘_
596 5873 672 5944 _sic
683 5873 861 5947 Omnes
883 5884 985 5926 Mss.
1013 5885 1168 5947 recte.
1194 5884 1243 5927 tu
1267 5878 1411 5929 Editis
1432 5879 1554 5942 hac,
1587 5895 1700 5932 nam
1721 5881 1930 5947 alioquin
1947 5899 2059 5938 sea:-

480 5939 657 6007 αζιίὶςδ
679 5939 980 6007 venissemus,
1004 5939 1202 6007 desunt.

545 6000 565 6030 ι
598 6004 700 6072 nuo
872 5999 1054 6054 etiam
1078 6016 1213 6055 reum
1257 6001 1593 6070 inimicumque
1617 6012 1854 6071 accusent,
1882 6023 1986 6072 pro,
2014 6019 2062 6063 et

475 6066 763 6121 primorum,
791 6067 884 6110 etc.

1244 579 1300 636 ε.
1339 576 1615 635 Joannis
1644 572 2017 632 cunrsosr.
2061 558 2379 629 suamne.
2420 575 2954 634 CONSTANTINOP.

3644 582 3772 646 333

2159 691 2248 746 dio
2274 693 2580 762 anhelabat,
2601 704 2660 750 ut
2679 695 2962 765 perﬁceret
2979 711 3041 750 ea
3062 711 3179 767 qua
3201 706 3380 752 mente
3399 710 3765 768 conceperat.

2157 787 2292 841 Cum
2321 799 2501 843 autem
2522 795 2947 844 contestaremur
2967 798 3182 858 paratos
3209 803 3308 844 nos
3333 789 3400 844 ad
3429 789 3770 846 diluendum

2159 877 2379 932 crimina
2400 919 2416 944 ,
2455 886 2509 932 et
2549 878 2616 932 ad
2659 879 3034 944 innocentiam,
3069 878 3208 934 sicut
3233 889 3286 933 et
3311 879 3633 935 innocentes
3665 897 3771 936 su-

2160 986 2299 1036 mus,
2319 971 2695 1026 declarandam
2720 986 2902 1026 coram
2927 981 3145 1027 centum
3167 974 3249 1027 vel
3277 973 3426 1028 mille
3451 974 3769 1042 episcopis,

2161 1078 2265 1118 non
2295 1063 2525 1119 assensit
2549 1081 2564 1118 :
2596 1063 2690 1118 sed
2721 1062 2843 1118 licet
2865 1062 3114 1118 absentes
3137 1078 3381 1119 essemus
3399 1106 3412 1128 ,
3442 1075 3498 1118 et
3526 1064 3600 1118 ad
3629 1081 3771 1136 syn-

2159 1156 2318 1212 odum
2367 1155 2780 1225 appellaremus,
2820 1153 3185 1225 judiciumque
3228 1155 3656 1224 requireremus,
3709 1163 3772 1210 et

2161 1261 2267 1300 non
2304 1245 2551 1312 tribunal,
2594 1245 2690 1301 sed
2732 1245 3042 1300 manifestas
3081 1245 3383 1300 inimicitias
3418 1247 3765 1316 fugeremus,

2162 1337 2276 1408 ipse
2315 1347 2492 1392 tamen
2533 1327 2872 1393 accusatores
2911 1337 3167 1406 suscepit,
3207 1338 3711 1392 excommunicatos
3735 1354 3766 1391 a

2163 1446 2250 1485 me
2275 1429 2522 1496 absolvit,
2541 1438 2595 1485 et
2622 1430 2690 1484 ab
2714 1429 2838 1496 illis,
2865 1429 2954 1500 qui
2982 1429 3215 1486 nondum
3239 1445 3298 1486 se
3323 1430 3391 1486 de
3417 1432 3530 1485 suis
3557 1445 3771 1500 purga-

2160 1533 2349 1578 verant
2387 1523 2729 1589 criminibus,
2769 1522 2977 1578 libellos
3003 1522 3083 1594 (a)
3109 1523 3349 1592 accepit:
3378 1533 3435 1579 et
3460 1533 3582 1578 aeta
3613 1540 3768 1592 prae-

2161 1615 2321 1672 scribi
2348 1615 2548 1685 jussit,
2584 1631 2705 1685 quae
2739 1615 2914 1670 omnia
2941 1613 3146 1684 legibus
3171 1621 3227 1668 et
3247 1613 3544 1670 canonibus
3571 1615 3771 1683 prohi-

2163 1707 2272 1763 bita
2297 1716 2466 1762 erant.
2494 1707 2562 1762 Et
2581 1705 2708 1777 quid
2727 1721 2864 1776 opus
2887 1715 2972 1762 est
2989 1706 3154 1760 multa
3173 1705 3385 1760 dicere?
3409 1703 3526 1760 Non
3545 1704 3773 1759 destitit

2163 1800 2342 1855 omnia
2371 1799 2548 1855 facere
2586 1814 2650 1854 ac
2687 1799 2892 1864 moliri,
2923 1798 3096 1854 donec
3129 1813 3228 1852 nos
3255 1798 3305 1851 vi
3343 1811 3408 1853 ac
3444 1797 3690 1866 potentia
3732 1811 3772 1850 θ

2163 1892 2379 1948 civitate
2415 1900 2471 1947 et
2509 1891 2748 1947 Ecclesia
2773 1891 3020 1961 ejiceret,
3048 1890 3207 1945 etiam
3232 1891 3341 1959 jam
3377 1896 3631 1959 provecta
3662 1905 3765 1941 ve-

2165 2000 2348 2055 spera,
2377 1997 2432 2040 et
2471 1985 2718 2040 universo
2752 1985 2946 2055 populo
2986 1999 3083 2039 nos
3122 1993 3496 2054 prosequente.
3529 1983 3770 2037 Tractus

2166 2077 2324 2147 igitur
2337 2077 2386 2131 vi
2403 2085 2457 2132 et
2475 2076 2730 2132 abductus
2752 2091 2783 2132 a
2809 2074 3034 2131 Curioso
3062 2075 3210 2131 urbis
3237 2075 3288 2130 in
3319 2074 3490 2130 media
3513 2074 3761 2138 civitate,

2165 2179 2222 2224 et
2246 2169 2299 2223 in
2329 2169 2501 2224 navim
2528 2168 2820 2239 conjectus,
2853 2183 2948 2238 per
2975 2177 3185 2223 noctem
3213 2167 3488 2237 navigavi,
3515 2180 3583 2221 eo
3610 2165 3773 2236 qued'

2166 2262 2233 2317 ad
2276 2263 2536 2335 synodum
2583 2271 2638 2318 et
2673 2262 2874 2333 justum
2914 2261 3168 2331 judicium
3212 2274 3576 2328 provocaram.
3623 2258 3768 2327 Quis

2169 2355 2283 2411 haec
2311 2356 2428 2411 sine
2456 2356 2725 2428 lacrymis,
2748 2355 2956 2412 etiamsi
2987 2369 3080 2409 cor
3105 2353 3373 2425 lapideum
3405 2353 3632 2416 habeat,
3665 2365 3763 2405 an.

2167 2449 2304 2505 diret
2324 2449 2349 2503 ?

2247 2542 2636 2613 Chrysostomus
2663 2559 2694 2596 a
2715 2541 2875 2611 priori
2900 2541 3080 2596 exsilio
3100 2539 3261 2594 redita:
3282 2538 3532 2610 quomodo
3558 2553 3612 2590 ss
3644 2553 3764 2607 ges-

2169 2638 2311 2700 serit,
2359 2647 2409 2691 et
2448 2652 2561 2707 qua:
2601 2637 2664 2690 sit
2702 2651 2988 2705 perpessus.
3036 2632 3266 2688 Violenta
3291 2633 3345 2686 in
3385 2628 3670 2686 Ecclesium
3693 2632 3762 2682 ira

2169 2728 2634 2799 raptim—Verum
2661 2727 2805 2796 quia,
2832 2727 2968 2781 sicut
2993 2725 3140 2794 prius
3165 2723 3296 2788 dixi,
3323 2737 3388 2778 ea
3415 2737 3535 2793 qum
3561 2736 3760 2791 perpe-

2169 2838 2282 2878 ram
2305 2822 2439 2877 llunt
2463 2863 2477 2888 ,
2506 2837 2613 2876 non
2643 2821 2814 2876 solum
2844 2817 3171 2890 deplorauda
3199 2857 3216 2884 ,
3242 2817 3336 2872 sed
3360 2825 3416 2873 et
3436 2813 3756 2884 corrigenda

2169 2927 2328 2972 sunt:
2359 2916 2480 2971 ideo
2503 2915 2777 2970 caritatem
2802 2923 3036 2968 vestram
3062 2909 3289 2966 obsecro
3311 2950 3326 2975 ,
3349 2918 3406 2965 ut
3434 2918 3758 2979 provocetur

2169 3010 2235 3064 ad
2266 3007 2676 3070 condolendum,
2702 3005 3107 3074 iaciendumque
3120 3003 3319 3069 omnia,
3341 3017 3448 3073 quo
3469 3002 3607 3058 mala
3638 3001 3755 3057 hate

2169 3104 2446 3158 sistantur.
2474 3101 2658 3172 Neque
2699 3101 2842 3155 enim
2884 3098 2971 3155 hic
3006 3097 3300 3153 facinorum
3337 3094 3444 3152 illis
3483 3093 3624 3160 linis,
3657 3093 3760 3152 sed

2169 3197 2236 3252 ad
2262 3196 2437 3266 priora
2467 3195 2780 3265 adjecerunt
2809 3203 2866 3249 et
2894 3193 3020 3249 alia.
3059 3190 3192 3248 Nam
3221 3198 3500 3260 postquam
3517 3202 3625 3276 eos
3659 3190 3754 3258 qui

2170 3290 2449 3345 ecclesiam
2478 3287 2815 3358 imprudenter
2842 3286 3147 3341 invaserant
3177 3325 3190 3348 ,
3220 3281 3489 3352 piissimus
3515 3281 3752 3349 Impera.

2171 3390 2254 3437 tor
2276 3381 2454 3450 ejecit,
2479 3389 2536 3436 et
2562 3380 2718 3436 multi
2743 3377 2999 3448 episcOpi,
3033 3375 3126 3445 qui
3147 3374 3390 3440 aderant,
3418 3385 3750 3442 cognoscen-

2171 3482 2252 3528 tes
2279 3473 2610 3542 iniquitatem
2651 3480 2706 3527 et
2744 3469 3074 3525 invasioaem
3115 3467 3326 3522 illorum
3349 3506 3366 3532 ,
3390 3462 3544 3534 quasi
3571 3463 3751 3520 incerto

2169 3566 2315 3620 dium
2343 3565 2639 3634 depascens
2674 3563 2853 3619 omnia
2883 3604 2900 3627 ,
2937 3561 3200 3633 fugientes
3231 3601 3248 3627 ,
3278 3559 3332 3614 in
3357 3573 3482 3614 suas
3506 3556 3752 3627 regiones

2168 3665 2553 3713 concesserunt
2582 3698 2596 3720 ,
2637 3669 2842 3724 nosque
2885 3654 3074 3708 iterum
3105 3653 3157 3706 in
3187 3651 3372 3707 urbem
3400 3659 3455 3706 et
3483 3649 3539 3704 in
3561 3647 3750 3706 Eccle-

2170 3751 2302 3805 siam
2334 3790 2350 3810 .
2389 3765 2419 3804 a
2456 3763 2559 3819 qua
2586 3748 2780 3818 injuste
2824 3745 2981 3816 ejecti
3010 3758 3221 3800 eramus
3248 3785 3263 3809 ,
3303 3741 3477 3798 vocati
3518 3753 3701 3795 sumus
3729 3780 3748 3807 ,

2170 3841 2547 3898 inducentibus
2577 3853 2677 3894 nos
2718 3838 2979 3909 episcopis
3007 3825 3164 3907 supra
3193 3836 3432 3906 triginta,
3465 3840 3520 3888 et
3544 3833 3752 3888 notario

2169 3935 2238 3989 ab
2267 3935 2590 4006 lmperatore
2618 3931 2858 4002 piissimo
2883 3932 2938 3986 in
2972 3929 3074 3985 hoc
3105 3929 3269 3983 misso
3297 3968 3311 3992 ,
3340 3926 3430 3982 ille
3455 3923 3630 3980 statim
3655 3937 3748 3978 au-

2170 4025 2320 4095 fugit.
2352 4025 2457 4080 Cur
2498 4033 2553 4080 et
2599 4039 2700 4096 qua
2731 4023 2799 4080 de
2837 4024 3041 4079 causa?
3067 4021 3148 4078 Eo
3185 4019 3326 4090 quod
3373 4017 3597 4089 ingressi
3621 4031 3745 4071 mox

2169 4121 2580 4175 obsecrabamus
2610 4117 3065 4188 religiosissimum
3095 4115 3471 4184 Imperatorem
3497 4153 3513 4180 ,
3544 4120 3600 4165 ut
3618 4124 3742 4164 con-

2169 4214 2347 4268 cilium
2369 4224 2602 4284 cogeret,
2631 4229 2738 4285 quo
2768 4214 2901 4268 facta
2935 4213 3049 4267 haec
3075 4211 3410 4282 punirentur.
3438 4207 3570 4263 Male
3591 4207 3744 4278 igitur

2169 4306 2416 4360 conscius
2441 4305 2564 4370 sibi,
2587 4315 2643 4359 et
2665 4305 3134 4376 reprehensionem
3164 4303 3548 4372 pertimescens
3575 4341 3590 4366 ,
3627 4313 3748 4353 cum

2170 4398 2508 4468 Imperatoris
2531 4400 2697 4454 litera:
2727 4400 2778 4453 in
2798 4399 2973 4452 omnia
3008 4399 3119 4453 loca
3147 4398 3484 4451 mitterentur
3507 4403 3561 4449 et
3579 4392 3741 4448 unde-

2168 4510 2396 4564 cumque
2419 4510 2605 4549 omnes
2623 4503 3023 4564 congregarent,
3045 4491 3270 4555 occulte,
3298 4489 3576 4558 mediaque
3595 4493 3742 4541 nocte

2170 4588 2284 4658 ipse
2312 4603 2431 4642 cum
2471 4587 2585 4642 suis
2629 4587 2878 4641 omnibus
2907 4599 3198 4640 conscensa
3246 4583 3368 4638 navi
3408 4582 3618 4650 elapsus
3641 4591 3735 4634 est.

2243 4684 2296 4738 '5.
2325 4682 2492 4736 Porro
2518 4696 2646 4744 nos,
2673 4688 2856 4749 utpote
2885 4677 3227 4733 conscientia:
3251 4684 3451 4730 nostrae
3481 4673 3696 4730 ﬁdentes
3731 4715 3746 4736 .

2171 4791 2276 4828 non
2297 4783 2574 4844 propterea
2591 4772 2912 4838 destitimus,
2941 4769 3038 4825 sed
3058 4768 3245 4825 eadem
3277 4769 3470 4822 iterum
3488 4782 3516 4820 s
3539 4765 3745 4836 religio-

2171 4868 2386 4923 sissimo
2410 4867 2736 4935 lmperatore
2761 4863 3064 4934 petivimus.
3087 4860 3188 4929 Qui
3216 4870 3270 4914 et
3301 4874 3397 4929 pro
3432 4873 3528 4916 sua
3559 4857 3745 4927 pietate

2170 4961 2346 5015 missis
2371 4960 2436 5014 ad
2470 4959 2614 5012 illum
2641 4956 2838 5011 nuntiis
2871 4997 2886 5020 ,
2931 4970 3054 5010 eum
3084 4995 3100 5022 ,
3133 4961 3188 5010 et
3223 4965 3411 5007 omnes
3434 4950 3662 5022 quicum
3683 4963 3746 5003 eo

2169 5065 2342 5123 erant,
2371 5071 2435 5110 ex
2465 5053 2696 5124 Egypto
2725 5052 2954 5118 vocavit,
2984 5060 3040 5104 ut
3061 5050 3321 5105 rationem
3348 5047 3607 5105 factorum
3627 5045 3742 5102 red~

2169 5151 2389 5206 darent:
2423 5164 2593 5219 neque
2622 5156 2866 5217 putarent
2891 5161 2953 5197 ea
2981 5159 3100 5214 qum
3146 5142 3244 5211 ipsi
3279 5155 3381 5197 una
3407 5141 3580 5195 solum
3609 5154 3729 5210 pra:-

2169 5254 2320 5298 scnte
2350 5250 2499 5313 parte
2530 5283 2544 5307 ,
2575 5239 2830 5308 nobisque
2859 5235 3165 5291 absentibus
3193 5242 3376 5288 contra
3407 5247 3636 5288 canones
3662 5232 3734 5286 ia-

2165 5335 2306 5405 juste
2335 5340 2659 5388 attentarant
2685 5371 2699 5393 ,
2729 5344 2850 5384 esse
2874 5327 2972 5382 sibi
3003 5327 3070 5381 ad
3102 5325 3469 5398 purgationem
3506 5323 3648 5378 satis.
3677 5327 3734 5376 At

2168 5425 2326 5495 regiis
2354 5423 2520 5477 literis
2543 5423 2632 5478 ille
2652 5437 2756 5475 non
2786 5418 3208 5488 obtemperavit,
3233 5415 3340 5472 sed
3361 5415 3506 5471 domi
3532 5415 3731 5479 mansit,

2167 5526 2466 5588 praetexens
2487 5514 2804 5570 seditionem
2825 5510 3004 5582 populi
3033 5551 3049 5577 ,
3092 5509 3326 5564 studium
3350 5507 3596 5563 nimirum
3616 5522 3734 5578 quo-

2230 5699 2302 5810 (αἱ
2335 5706 2432 5772 vox
2451 5697 2687 5772 frequens
2709 5694 3038 5768 apud'traecos
3055 5694 3327 5765 praesertim
3347 5689 3496 5740 medii
3509 5689 3618 5749 aevi,
3635 5701 3732 5752 qua

2246 5777 2278 5810 ι)
2299 5774 2506 5810 unmum
2542 5758 2778 5810 siamﬂcat
2815 5754 3036 5806 libellum
3070 5763 3402 5806 accusationes
3421 5749 3731 5810 complecten-

2167 5770 2221 5812 ut
2234 5749 2506 5826 ‘piurimum
2542 5749 2778 5819 signiﬁcat
2815 5754 3036 5806 libellum
3059 5749 3402 5806 "accusationes
3421 5749 3731 5815 complemen-

2166 5833 2285 5875 tem.
2311 5824 2427 5873 Vide
2448 5824 2676 5884 Cangium
2708 5822 2756 5868 in
2792 5819 3028 5868 Glossario
3069 5824 3248 5867 Graeco.
3275 5823 3343 5865 De
3373 5817 3583 5884 carioso.
3619 5812 3730 5884 quod

2166 5887 2502 5950 ciliciumerat
2523 5875 2606 5950 sat
2636 5883 2923 5950 frequenter
2961 5887 3300 5950 memoratum,
3344 5878 3538 5950 egimus
3558 5875 3727 5950 int-alit.

2167 5935 2412 6014 Athanasii
2445 5961 2495 6008 ρ.
2523 5947 2632 6014 199.
2655 5935 2838 5995 Curiosi
2862 5949 3004 6014 erant
3021 5943 3058 6014 εἰ
3079 5942 3259 6014 quibus

2165 6012 2364 6073 eri-ruina
2389 6001 2703 6073 et'quaelibet
2715 6013 2998 6073 perpetrata
3018 6001 3224 6073 facinora
3247 6001 3519 6073 indagandi,
3535 6009 3729 6073 reosque

2170 6072 2227 6124 ad
2252 6061 2593 6136 Imperatorem
2615 6061 2868 6122 deferendi
2892 6081 2949 6120 ac
2968 6065 3298 6118 denuntiandi.
3317 6061 3384 6113 tbi
3407 6061 3518 6114 vide
3535 6061 3616 6108 sis.
