4002 6384
305 287 423 340 533-

302 403 550 456 rumdam
581 402 1010 473 intempestivum
1034 444 1049 469 ,
1075 404 1163 474 qui
1187 405 1236 458 ei
1259 403 1535 471 favebant;
1560 408 1766 460 tametsi
1791 422 1887 477 po-

303 493 460 563 pulus
506 492 617 548 illic
650 512 863 566 quoque
902 508 1027 550 ante
1060 496 1238 551 literas
1278 499 1535 553 conviciis
1563 515 1684 553 eum
1737 501 1895 554 innu-

305 585 471 639 meris
504 589 848 657 prosciderat.
888 588 1082 643 Verum
1128 589 1243 644 lucc
1270 605 1413 645 nunc
1437 603 1622 646 exacte
1649 593 1896 662 prosequi

303 676 583 743 nolumus,
614 678 708 732 sed
731 678 847 733 haec
867 688 1069 733 tantum
1096 681 1295 735 idcirco
1331 681 1583 748 diximus,
1617 693 1813 737 uteum
1844 685 1894 737 in

291 765 530 822 nefariis
556 771 835 825 conatibus
857 770 1246 838 deprehensum
1268 773 1689 829 ostenderemus.
1718 774 1898 845 Itaque

310 877 409 917 nos
448 878 554 915 non
586 863 883 932 quievimus
904 905 923 933 ,
951 865 1047 920 sed
1077 866 1129 920 in
1157 866 1258 922 hoc
1286 868 1623 923 incubuimus
1642 909 1657 935 ,
1686 880 1900 924 orantes

310 954 716 1022 Imperatorem,
748 966 807 1011 ut
829 955 1120 1013 haberetur
1139 958 1421 1030 judicium,
1454 962 1506 1015 in
1537 977 1644 1032 quo
1665 977 1824 1033 agere
1845 974 1901 1018 et

308 1047 644 1116 reSpondere
672 1049 896 1105 liceret:
924 1049 1236 1107 dicebamus
1276 1055 1417 1108 enim
1453 1069 1552 1109 nos
1594 1065 1808 1123 paratos
1832 1057 1898 1111 ad

308 1139 709 1194 ostendendum
743 1156 843 1198 nos
869 1157 973 1197 non
1000 1159 1121 1200 esse
1154 1160 1306 1212 reos,
1335 1146 1429 1202 sed
1457 1146 1578 1200 illos
1606 1148 1778 1216 legum
1808 1163 1901 1202 ex-

310 1242 518 1286 tremos
554 1241 996 1305 transgressores.
1027 1238 1189 1293 Erant
1222 1247 1399 1294 autem
1429 1241 1596 1295 relicti
1623 1242 1707 1296 hic
1732 1241 1850 1313 Syri
1883 1282 1898 1306 ,

307 1323 404 1391 qui
430 1338 552 1378 cum
582 1340 649 1380 eo
672 1327 958 1393 aﬂ‘uerant,
992 1338 1047 1385 et
1080 1346 1200 1385 cum
1231 1331 1324 1385 ilio
1343 1335 1698 1389 communiter
1722 1335 1900 1389 omnia

312 1412 588 1481 fecerant;
615 1418 681 1472 ad
717 1417 816 1476 hos
860 1421 1182 1477 accessimus
1213 1465 1229 1490 ,
1261 1423 1326 1477 ad
1370 1424 1598 1480 dandam
1641 1427 1901 1483 rationem

317 1508 494 1573 parati
520 1547 536 1575 ,
567 1520 726 1579 atque
753 1526 913 1580 super
938 1528 1002 1568 ea
1033 1528 1091 1569 re
1120 1530 1263 1585 saepe
1288 1532 1382 1569 eos
1406 1518 1861 1587 interpellavimns
1885 1562 1899 1580 ,

315 1600 664 1657 obsecrantes
694 1612 752 1657 ut
777 1604 1124 1675 dignarentur
1168 1608 1322 1664 nobis
1360 1609 1567 1666 libellos
1597 1621 1653 1666 et
1688 1627 1905 1668 accusa-

318 1693 527 1749 tionum
555 1706 670 1751 acta
691 1697 841 1763 dare,
873 1701 955 1753 vel
978 1716 1144 1770 genus
1173 1702 1477 1769 criminum,
1511 1705 1596 1760 vel
1627 1715 1904 1760 accusato-

315 1801 410 1841 res
448 1788 595 1858 ipsos
637 1791 973 1861 signiﬁcare:
1006 1809 1190 1849 verum
1213 1795 1341 1849 nihil
1369 1795 1560 1850 horum
1601 1797 1904 1868 impetravi-

314 1893 441 1933 mus
460 1920 477 1945 ,
501 1879 595 1935 sed
625 1881 813 1937 iterum
843 1898 909 1938 ex
950 1885 1184 1940 Ecclesia
1210 1884 1599 1956 ejecti'sumus.
1625 1888 1905 1957 Quomodo

314 1987 441 2041 quae
465 1981 596 2028 tunc
620 1984 766 2044 gesta
792 1985 938 2044 sunt,
970 1987 1024 2033 et
1049 1993 1263 2034 omnem
1288 1980 1549 2034 excedunt
1568 1983 1902 2051 tragtediam,

314 2065 873 2138 enarraverimiquis
914 2084 976 2123 ea
1020 2085 1198 2125 sermo
1242 2071 1575 2144 explicabit?
1603 2088 1720 2143 quae
1761 2076 1907 2131 auris

316 2157 439 2211 sine
468 2156 690 2211 horrore
716 2160 1013 2230 percipiet?
1032 2162 1166 2218 Cum
1191 2163 1333 2218 enim
1371 2165 1456 2220 illa
1486 2182 1607 2238 quae
1627 2166 1737 2222 dixi
1770 2183 1908 2238 prae-

318 2247 670 2304 tenderemus
688 2291 702 2316 ,
734 2250 852 2320 ipso
882 2266 1074 2322 magno
1095 2255 1318 2309 sabbato
1346 2257 1567 2313 collecta
1590 2274 1779 2314 manus
1807 2261 1908 2313 mi-

317 2338 499 2406 litum,
529 2341 594 2394 ad
622 2356 900 2411 vesperam
917 2343 1021 2399 diei
1047 2344 1098 2398 in
1124 2347 1380 2401 ecclesias
1405 2347 1667 2420 ingressa,
1699 2351 1903 2406 elerum

318 2447 539 2486 onmem
584 2434 674 2504 qui
703 2434 984 2490 nobiscum
1014 2446 1132 2492 erat
1157 2439 1209 2493 vi
1234 2439 1391 2510 ejecit
1418 2482 1434 2506 ,
1483 2450 1538 2497 et
1572 2444 1739 2497 armis
1785 2458 1907 2499 san-

318 2526 589 2581 ctuarium
620 2526 851 2599 undique
879 2529 1108 2586 obsedit.
1133 2531 1382 2588 Mulieres
1402 2550 1608 2605 quoque
1632 2551 1904 2591 sacrarum

315 2620 549 2687 aedium,
578 2637 695 2692 qua
722 2637 818 2692 per
841 2624 965 2678 illud
998 2633 1205 2696 tempus
1234 2641 1294 2681 se
1322 2637 1619 2695 exuerant,
1650 2638 1707 2683 ut
1736 2629 1909 2700 bapti-

320 2720 577 2767 zarentur
599 2754 614 2779 ,
646 2723 789 2769 metu
819 2717 995 2786 gravis
1022 2716 1176 2770 istius
1220 2718 1465 2773 incursus
1495 2719 1650 2774 nuda:
1683 2720 1906 2790 aufuge-

317 2816 451 2861 runt
479 2823 494 2872 ;
522 2822 696 2878 neque
716 2809 859 2865 enim
888 2810 1282 2865 concedebatur
1307 2820 1366 2866 ut
1393 2827 1453 2867 se
1480 2812 1740 2880 velarent,
1770 2815 1908 2870 sicut

315 2897 580 2954 mulieres
610 2899 865 2955 honestas
891 2901 1084 2967 decet;
1115 2903 1297 2957 multae
1340 2905 1498 2958 etiam
1524 2907 1759 2976 acceptis
1785 2907 1906 2961 vul-

319 2991 540 3046 neribus
562 2991 924 3061 ejiciebantur,
944 3003 995 3049 et
1016 2993 1272 3064 sanguine
1295 2996 1647 3065 implebantur
1668 2997 1903 3066 piscina),

318 3092 377 3135 et
403 3097 596 3137 cruore
620 3083 760 3137 sacri
794 3083 977 3139 latices
1003 3085 1376 3140 rubescebant.
1407 3085 1590 3157 Neque
1613 3086 1701 3142 hic
1727 3103 1905 3143 rerum

320 3173 443 3227 linis
469 3183 602 3229 erat.
631 3173 762 3229 Nam
794 3183 848 3231 et
877 3175 1050 3230 locum
1076 3219 1091 3241 ,
1122 3178 1173 3230 in
1206 3193 1311 3245 quo
1338 3189 1520 3232 sancta
1547 3178 1758 3234 condita
1789 3193 1907 3235 ser-

321 3265 628 3331 vabantur,
679 3265 908 3337 ingressi
963 3275 1089 3321 sunt
1140 3266 1335 3322 milites
1365 3309 1380 3334 ,
1426 3284 1652 3338 quorum
1699 3271 1907 3341 aliquos

318 3357 525 3411 scimus
553 3356 711 3412 nullis
739 3357 973 3413 initiatos
1012 3360 1279 3430 mysteriis
1304 3403 1319 3426 ,
1362 3370 1414 3415 et
1444 3360 1691 3417 viderunt
1728 3362 1905 3418 omnia

319 3463 443 3517 qua:
475 3451 614 3503 intus
641 3460 813 3503 erant.
834 3449 968 3517 Quin
994 3460 1047 3504 et
1073 3452 1437 3505 sanctissimus
1453 3450 1647 3515 Christi
1667 3455 1904 3524 sanguis,

319 3545 465 3598 sicut
489 3543 543 3596 in
566 3542 654 3597 tali
680 3543 908 3596 tumultu
938 3545 1199 3612 contingit
1219 3585 1232 3608 ,
1264 3544 1314 3596 in
1345 3528 1723 3614 prtedictorum
1765 3547 1906 3601 mili-

320 3644 437 3689 tum
465 3642 644 3689 vestes
671 3632 872 3690 eﬂ'usus
899 3643 982 3689 est
1005 3676 1020 3700 ,
1046 3634 1347 3703 fiebantque
1372 3635 1521 3704 quasi
1550 3636 1601 3689 in
1632 3635 1908 3692 barbarica

317 3727 630 3796 captivitate
651 3726 849 3781 omnia.
878 3725 1080 3796 Vulgus
1108 3726 1251 3781 enim
1282 3726 1334 3781 in
1374 3726 1717 3783 solitudinem
1755 3729 1905 3800 fuga-

317 3819 484 3872 batur
512 3859 527 3884 ,
560 3817 844 3873 multitudo
871 3819 1045 3873 omnis
1072 3826 1223 3873 extra
1250 3818 1519 3873 civitatem
1554 3818 1867 3874 versabatur
1888 3862 1904 3887 ,

318 3920 583 3980 erantque
611 3909 664 3964 in
694 3918 842 3964 tanto
880 3908 1019 3965 festo
1061 3925 1241 3964 vacuae
1279 3909 1475 3981 populo
1516 3910 1757 3966 ecclesiae
1790 3953 1804 3975 ,
1855 3921 1910 3967 et

321 4006 506 4075 plures
524 4018 692 4086 gnam
713 4003 1058 4074 quadraginta
1086 4003 1346 4073 episcopi,
1377 4003 1465 4074 qui
1492 4005 1647 4059 nobis
1670 4020 1910 4060 commu-

323 4098 589 4163 nicarant,
617 4112 739 4151 cum
769 4097 964 4166 populo
985 4105 1037 4150 ct
1063 4096 1207 4150 clero
1236 4096 1351 4150 sine
1376 4111 1533 4151 causa
1559 4095 1905 4168 fugabantur:

321 4199 379 4243 et
404 4188 476 4242 ob
505 4188 803 4259 prodigiosa
830 4187 1047 4259 ﬂagitia,
1072 4187 1266 4259 ubique
1295 4203 1390 4258 per
1414 4185 1549 4253 fora,
1580 4202 1675 4258 per
1696 4188 1906 4252 domos,

323 4300 423 4352 per
467 4281 785 4337 solitudines
805 4325 818 4347 ,
848 4297 943 4351 per
971 4297 1158 4336 omnes
1203 4282 1432 4338 civitatis
1462 4290 1639 4351 partes
1662 4323 1678 4349 ,
1731 4283 1909 4337 omnia

321 4376 595 4442 lamentis,
621 4375 904 4444 ejulatibus
930 4416 944 4439 ,
994 4386 1046 4429 et
1089 4375 1324 4431 fontibus
1371 4377 1725 4445 lacrymarum
1755 4375 1909 4443 plena

320 4478 480 4522 erant
508 4484 525 4523 :
556 4477 614 4523 ut
636 4483 742 4525 non
756 4468 916 4523 modo
939 4469 1027 4538 qui
1052 4467 1440 4538 afﬂigebantur,
1467 4467 1560 4522 sed
1586 4477 1639 4522 et
1660 4468 1746 4537 qui
1782 4468 1909 4526 nihil

323 4562 434 4615 tale
465 4560 822 4630 patiebantur,
840 4567 896 4617 et
924 4577 1028 4614 non
1050 4561 1219 4615 solum
1250 4564 1336 4631 qui
1366 4572 1561 4618 nostum
1587 4563 1707 4619 lidei
1737 4574 1910 4628 erant,

320 4655 423 4709 sed
452 4665 506 4710 et
540 4654 779 4710 haeretici
808 4697 823 4722 ,
855 4665 909 4711 et
941 4654 1110 4710 Judaei
1144 4699 1158 4719 ,
1187 4665 1241 4710 et
1282 4656 1530 4726 gentiles,
1578 4659 1646 4712 ob
1692 4659 1913 4713 sceleris

321 4747 663 4801 atrocitatem
689 4746 966 4801 nobiscum
995 4747 1255 4813 dolerent,
1284 4756 1337 4801 et
1363 4748 1512 4817 quasi
1546 4764 1641 4816 per
1670 4748 1774 4803 vim
1824 4765 1916 4805 ca-

327 4847 421 4907 pta
445 4837 663 4892 civitate
692 4877 708 4904 ,
740 4838 968 4893 tumultu
993 4879 1009 4905 ,
1039 4838 1390 4907 trepidatione
1416 4853 1477 4892 ac
1509 4838 1721 4909 planctu
1758 4840 1911 4910 plena

326 4939 483 4984 erant
510 4932 712 4984 omnia.
740 4929 888 4984 Talia
912 4931 1026 4984 ausi
1055 4938 1180 4985 sunt
1213 4940 1410 5001 prseter
1435 4931 1755 4986 sententiam
1783 4933 1912 5001 piis-

318 5022 450 5080 simi
498 5022 844 5093 Imperatoris
873 5065 889 5090 ,
942 5037 1099 5079 nocte
1142 5024 1346 5090 multa,
1399 5026 1665 5095 episcopis
1693 5025 1807 5080 lucc
1833 5026 1917 5080 in-

318 5116 662 5172 struentibus
691 5159 707 5185 ,
734 5127 789 5172 et
812 5117 995 5173 multis
1030 5118 1082 5173 in
1113 5117 1246 5174 locis
1283 5118 1499 5173 ordines
1547 5118 1867 5173 ducentibus
1897 5160 1912 5185 ,

319 5224 429 5263 nec
459 5208 902 5265 erubescentibus
926 5251 942 5276 ,
973 5209 1115 5280 quod
1147 5222 1243 5279 pro
1271 5209 1512 5266 diaconis
1541 5210 1914 5280 campiducto-

321 5319 422 5359 res
461 5299 537 5371 (α)
581 5309 883 5370 przeeuntes
925 5299 1203 5356 baberent.
1239 5300 1339 5357 Ubi
1381 5316 1509 5356 vero
1544 5300 1714 5355 illuxit
1747 5301 1864 5356 dies
1897 5341 1914 5368 ,

389 5431 466 5493 (a)
498 5433 890 5497 Campiduetores
903 5432 1099 5497 ii_erant
1114 5432 1200 5497 qui
1222 5432 1474 5497 exercitiis
1494 5432 1780 5497 militaribus
1794 5445 1919 5497 prte-

325 5502 489 5559 erant,
510 5496 696 5557 quique
720 5495 904 5545 tirones
921 5495 1273 5559 doceban't,gut
1303 5496 1371 5544 ait
1404 5495 1644 5559 Vegetius
1664 5495 1702 5546 l.
1733 5497 1779 5553 1,
1797 5495 1915 5559 cap.

326 5557 408 5621 βξ.
432 5556 543 5606 Haec
562 5556 659 5607 vdx
682 5559 891 5621 occurrit
913 5558 1060 5606 etiam
1082 5558 1207 5621 apud
1227 5556 1546 5621 Lampridium
1567 5557 1620 5606 in
1652 5564 1851 5617 severo,
1865 5556 1916 5606 ἒς.

324 5618 391 5669 53
416 5632 429 5665 :
454 5627 593 5669 certe
614 5618 1010 5681 campiductores
1031 5617 1177 5669 uestri
1216 5617 1443 5669 Ιιωιεύω
1467 5620 1731 5670 docuerunt
1752 5624 1921 5681 contra

619 5689 715 5746 etc.
736 5679 830 5730 'Ubi
847 5681 1207 5746 restituendum
1237 5687 1390 5746 _putat
1429 5681 1701 5746 Salmasius,
1724 5679 1918 5746 empi-

326 5688 593 5741 Sarmatas,
619 5689 715 5731 etc.
743 5688 830 5730 Ubi
847 5688 1207 5732 restituendum
1251 5688 1390 5744 putat
1429 5688 1701 5740 salmasius,
1724 5688 1918 5746 Campi-

323 5754 570 5809 uoctom;
586 5743 678 5796 and
698 5755 794 5796 vox
827 5742 1216 5807 campiductom
1237 5743 1328 5795 hoc
1342 5743 1664 5807 Chrysostomi
1688 5742 1920 5807 exemplo

1724 295 2098 353 EPISTOLE.

3482 299 3589 354 535

2002 411 2177 465 omnis
2203 416 2393 467 civitas
2415 420 2565 468 extra
2596 427 2781 468 muros
2812 413 2914 467 sub
2952 411 3172 469 arbores
3200 420 3257 468 et
3282 414 3337 468 in
3366 428 3584 469 nemora

2003 506 2300 577 emigravit,
2334 506 2403 561 ibi
2427 505 2620 561 festum
2636 506 2782 562 diem
2803 506 3083 562 celebrans
3105 548 3120 573 ,
3147 506 3300 577 quasi
3325 520 3452 562 oves
3473 506 3585 560 dis-

2003 613 2196 668 persae.

2074 693 2127 746 4.
2184 691 2331 746 Licet
2377 690 2529 745 vobis
2567 705 2635 745 ex
2677 690 2760 745 his
2801 697 2859 745 et
2884 699 3074 745 cratera
3105 688 3282 744 omnia
3313 703 3585 759 pensare:

2005 798 2126 837 nam
2155 782 2334 838 omnia
2379 798 2499 852 quae
2539 781 2676 836 facta
2714 791 2839 835 sunt
2863 781 3131 851 sigillatim
3161 796 3411 836 sermone
3436 794 3589 836 com—

2006 878 2164 946 plecti
2197 917 2213 939 ,
2248 886 2307 930 ut
2346 876 2500 943 dixi,
2534 875 2861 946 impossibile
2909 883 3011 931 est.
3056 875 3151 930 Est
3180 884 3358 931 autem
3394 882 3449 930 et
3486 875 3591 929 hoc

2006 984 2261 1038 perquam
2304 968 2610 1028 molestum,
2633 966 2771 1038 quod
2806 967 2925 1020 talia
2947 974 3196 1035 tantaque
3219 966 3354 1020 mala
3380 966 3587 1021 nullum

2005 1063 2178 1117 adhuc
2217 1062 2374 1117 ﬁnem
2419 1062 2727 1133 accipiant,
2776 1075 2947 1129 neque
2995 1074 3118 1129 spes
3183 1060 3254 1113 sit
3309 1074 3374 1114 ea
3426 1059 3585 1114 ﬂnem

2008 1154 2302 1218 habitura;
2353 1154 2447 1209 sed
2508 1162 2767 1222 augentur
2835 1151 2889 1206 in
2957 1151 3074 1207 dies
3134 1152 3301 1221 magis
3360 1165 3423 1205 ac
3474 1165 3587 1205 ma-

2006 1249 2086 1319 gis
2112 1289 2126 1310 .
2153 1263 2354 1318 nosque
2398 1248 2662 1317 plerisque
2710 1246 2915 1301 ridiculi
2964 1245 3088 1300 facti
3138 1260 3353 1307 sumus;
3387 1245 3494 1299 imo
3519 1245 3593 1299 ri-

2006 1342 2097 1397 det
2128 1341 2301 1395 nullus
2324 1381 2337 1403 ,
2365 1339 2523 1394 etiam
2542 1341 2584 1393 si
2601 1338 2754 1393 valde
2778 1340 2844 1393 sit
2868 1351 3180 1408 perversus;
3210 1337 3389 1407 lugent
3412 1348 3586 1391 autem

2005 1447 2194 1487 omnes
2224 1441 2438 1501 prepter
2461 1440 2751 1486 extremam
2771 1441 2823 1484 et
2845 1430 3132 1484 inauditam
3159 1428 3293 1483 hanc
3314 1428 3588 1492 malitiam,

2007 1525 2272 1580 malorum
2303 1523 2457 1578 facile
2483 1521 2862 1591 colophonem.

1995 1667 1998 1673 ,
2081 1616 2402 1670 Perturbatio
2426 1615 2498 1668 rei
2526 1614 2874 1669 ecclesiastica
2897 1615 2948 1667 in
2983 1612 3203 1668 Oriente.
3225 1612 3438 1680 —Quis
3464 1628 3593 1667 vero

2007 1709 2329 1776 reliquarum
2356 1706 2713 1762 Ecclesiarum
2742 1706 3169 1775 perturbationes
3194 1704 3372 1774 eloqui
3402 1706 3593 1774 possit?

2008 1799 2124 1853 Non
2164 1798 2304 1852 enim
2361 1797 2445 1852 hic
2482 1797 2709 1852 cessavit
2751 1796 2852 1851 hoc
2891 1795 3088 1850 malum
3115 1837 3129 1859 ,
3176 1795 3269 1850 sed
3317 1810 3483 1865 usque
3527 1795 3594 1847 atl

2011 1890 2284 1946 Orientem
2312 1890 2572 1960 pervenit.
2600 1889 2729 1943 Nam
2753 1890 2886 1942 sicut
2912 1903 2944 1942 a
2968 1887 3140 1956 capite
3170 1885 3324 1941 malis
3350 1886 3591 1941 Immeri-

2011 1986 2109 2039 bus
2129 1982 2515 2046 deﬂuentibus,
2542 1981 2740 2050 reliqua
2765 1979 3002 2034 membra
3032 1986 3444 2047 corrumpuntur
3479 1995 3491 2030 :
3520 1977 3591 2030 ita

2011 2092 2151 2130 nunc
2176 2091 2387 2145 quoque
2416 2074 2694 2136 tumultus,
2724 2073 2812 2143 qui
2839 2073 2889 2127 in
2922 2071 3021 2126 hac
3041 2086 3227 2142 magna
3243 2072 3456 2126 civitate
3483 2085 3595 2125 caa-

2012 2176 2225 2238 perunt,
2255 2167 2406 2236 quasi
2432 2181 2498 2221 ex
2524 2166 2667 2220 fonte
2696 2164 2747 2219 in
2775 2165 2949 2218 omnia
2981 2163 3097 2219 loca
3125 2163 3325 2218 sensim
3347 2161 3591 2226 efﬂuunt,

2010 2273 2063 2318 et
2090 2262 2269 2318 clerici
2310 2261 2507 2330 ubique
2534 2261 2586 2313 in
2617 2260 2898 2329 episcopos
2928 2258 3208 2328 insurgunt
3235 2297 3249 2321 ,
3277 2265 3332 2311 et
3356 2255 3595 2325 episcopi

2011 2353 2077 2408 ab
2108 2353 2374 2422 episcopis
2399 2393 2415 2417 ,
2444 2360 2497 2406 et
2522 2350 2700 2421 populi
2726 2365 2756 2403 a
2788 2347 2996 2419 populis
3016 2348 3032 2379 ¹
3060 2347 3213 2402 scissi
3245 2356 3387 2411 sunt,
3421 2355 3474 2401 et
3504 2345 3595 2400 alii

2010 2444 2317 2517 prepediem
2339 2442 2668 2506 scindentur,
2686 2451 2739 2497 et
2760 2446 3099 2511 exspectatur
3118 2439 3312 2509 ubique
3329 2437 3591 2493 malorum

2011 2548 2214 2608 partus.
2245 2537 2494 2608 orbisque
2525 2536 2686 2591 totius
2715 2534 3011 2590 subversio.
3040 2533 3202 2604 lgitnr
3221 2573 3236 2598 ,
3258 2531 3458 2587 domini
3488 2530 3597 2585 mei

2009 2631 2241 2685 maxime
2279 2627 2564 2684 venerandi
2592 2638 2644 2683 et
2666 2627 2737 2698 pii
2770 2670 2785 2689 ,
2819 2643 2939 2682 cum
2972 2624 3084 2681 hsce
3111 2625 3182 2679 ita
3210 2639 3269 2679 se
3294 2622 3491 2679 habere
3517 2622 3599 2676 di-

2010 2721 2248 2775 diceritis
2277 2760 2292 2785 ,
2325 2720 2556 2774 studium
2596 2729 2830 2774 vestrum
2875 2727 2928 2771 et
2979 2732 3222 2787 magnam
3266 2714 3594 2786 diligentiam

2010 2813 2259 2868 adhibete
2282 2854 2297 2879 ,
2329 2827 2436 2882 quo
2461 2810 2771 2865 retundatur
2796 2808 2910 2862 luce
2933 2823 3050 2877 qua:
3079 2807 3133 2861 in
3160 2805 3425 2861 Ecclesias
3453 2804 3596 2859 irru-

2010 2909 2087 2977 pit
2114 2906 2379 2976 iniquitas.
2412 2903 2618 2973 Quippe
2644 2902 2689 2956 si
2720 2914 2836 2955 mos
2869 2900 2955 2955 hic
2978 2898 3278 2962 invaluerit,
3302 2908 3356 2953 et
3373 2897 3451 2953 fas
3473 2895 3592 2952 fue-

2010 3000 2081 3053 rit
2105 2998 2274 3053 cuivis
2299 2999 2350 3053 in
2382 2997 2607 3051 alienam
2646 2993 2930 3063 parmciam
2971 2991 3271 3061 irrumpere
3300 3031 3314 3056 ,
3347 2988 3506 3058 idque
3526 3004 3594 3043 ex

2011 3098 2173 3144 tanta
2197 3086 2488 3142 intervallis
2511 3127 2526 3150 ,
2568 3093 2623 3139 et
2647 3084 2842 3153 ejicere
2866 3097 2999 3152 quos
3024 3081 3254 3135 voluerit
3285 3120 3300 3145 ,
3333 3089 3388 3136 et
3410 3088 3593 3133 aucto-

2010 3183 2169 3237 ritate
2200 3180 2408 3249 propria
2435 3192 2658 3248 quaeque
2683 3191 2779 3246 pro
2807 3174 3026 3229 libidine
3051 3188 3147 3228 sua
3179 3175 3371 3238 facere,
3399 3172 3601 3231 scitote.

2011 3273 2153 3346 quod
2177 3272 2324 3328 brevi
2348 3269 2646 3325 transibunt
2674 3265 2873 3332 omnia,
2901 3276 2955 3321 et
2980 3275 3120 3320 totus
3149 3265 3294 3320 orbis
3322 3272 3595 3334 premetur

2011 3368 2151 3425 bello
2176 3364 2500 3437 inexpiabili,
2531 3362 2779 3418 omnibus
2806 3360 3010 3429 ejectis,
3045 3369 3098 3415 et
3124 3374 3312 3414 omnes
3338 3357 3598 3428 ejicienti-

2011 3463 2127 3518 bus.
2172 3460 2504 3529 Quapropter
2542 3471 2610 3510 ne
2648 3453 2889 3510 confusio
2930 3453 3044 3508 lucc
3086 3467 3297 3507 omnem
3338 3466 3458 3520 qua:
3498 3450 3599 3505 sub

2011 3555 2143 3611 etelo
2169 3563 2253 3608 est
2278 3552 2546 3605 nationem
2572 3548 2827 3612 invadat,
2878 3547 3105 3601 obsecro
3144 3554 3201 3600 ut
3225 3543 3426 3600 scribas
3452 3541 3595 3614 quod

2012 3647 2126 3702 base
2151 3656 2254 3699 tam
2285 3644 2463 3713 inique
2491 3641 2647 3704 facta,
2676 3649 2729 3694 et
2757 3639 2825 3693 ab
2847 3653 2949 3692 una
2983 3639 3153 3691 solum
3183 3645 3332 3706 parte
3360 3634 3594 3691 absenti-

2012 3739 2111 3793 bus
2138 3736 2311 3802 nobis.
2341 3744 2396 3790 et
2418 3748 2525 3788 non
2551 3730 2940 3787 declinantibus
2959 3728 3237 3799 judicium,
3269 3742 3374 3781 non
3397 3725 3597 3782 habent

2014 3830 2177 3884 robur
2197 3868 2213 3895 ,
2241 3827 2381 3881 sicut
2409 3839 2584 3896 neque
2608 3837 2704 3878 sua
2725 3830 2912 3877 natura
2944 3820 3171 3876 habent:
3201 3819 3278 3873 illi
3300 3828 3477 3872 autem
3501 3817 3592 3887 qui

2014 3920 2150 3975 adeo
2179 3919 2359 3988 inique
2396 3918 2571 3988 egisse
2597 3914 2918 3984 deprehensi
2946 3915 3102 3977 sunt,
3128 3926 3303 3982 paen-ce
3335 3910 3595 3966 ecclesia-

2014 4014 2264 4066 sticarum
2297 4010 2470 4081 legum
2500 4008 2845 4079 subjaceant:
2878 4005 3032 4060 nobis
3052 4020 3198 4069 vero,
3222 4003 3310 4075 qui
3342 4017 3443 4058 nec
3467 4017 3600 4058 con-

2015 4104 2138 4159 victi
2167 4145 2182 4170 ,
2216 4118 2314 4158 nec
2342 4101 2609 4171 redarguti
2633 4141 2647 4165 ,
2678 4098 2959 4154 necbabiti
2990 4105 3047 4151 ut
3073 4097 3149 4152 rei
3179 4109 3362 4152 sumus
3387 4136 3402 4159 ,
3429 4093 3598 4149 literis

2014 4195 2207 4251 vestris
2230 4203 2286 4248 et
2314 4194 2535 4249 caritate
2558 4200 2755 4258 vestra,
2789 4190 3119 4259 aliorumque
3140 4189 3376 4243 omnium
3410 4228 3425 4252 ,
3456 4200 3596 4257 quo-

2016 4304 2132 4343 rum
2162 4287 2366 4342 scilicet
2407 4295 2459 4340 et
2496 4292 2651 4338 antea
2682 4283 2935 4338 societate
2966 4280 3273 4335 fruebamur
3299 4321 3315 4345 ,
3344 4276 3448 4333 frui
3472 4292 3601 4333 con-

2016 4378 2208 4434 cedite.
2230 4377 2284 4431 Si
2308 4385 2483 4430 autem
2505 4373 2793 4429 adversarii
2832 4372 2997 4427 nostri
3018 4412 3033 4436 ,
3053 4371 3141 4441 qui
3172 4371 3241 4424 ita
3270 4369 3447 4439 inique
3477 4382 3599 4437 ege-

2017 4480 2141 4525 runt
2165 4510 2180 4535 ,
2207 4467 2379 4523 adhuc
2401 4466 2602 4537 fingunt
2620 4465 2839 4519 crimina
2864 4462 3104 4534 quaedam
3133 4470 3351 4532 propter
3369 4475 3486 4530 quae
3504 4472 3601 4513 nos

2018 4563 2219 4632 injuste
2242 4561 2534 4631 ejccerunt,
2556 4574 2660 4611 non
2682 4556 2820 4610 datis
2848 4556 2999 4609 nobis
3022 4555 3174 4619 actis,
3197 4567 3368 4622 neque
3385 4550 3599 4616 libellis,

2020 4669 2190 4724 neque
2236 4650 2587 4706 manifestatis
2629 4647 3024 4703 accusatoribus
3068 4663 3082 4699 :
3123 4644 3164 4697 si
3187 4642 3380 4697 dentur
3393 4641 3604 4711 judices

2019 4743 2333 4812 incorrupti,
2352 4750 2650 4812 agemus,et
2671 4737 2938 4792 tuebimur
2952 4734 3108 4789 etiam
3127 4748 3223 4787 nos
3240 4732 3464 4787 libenter
3478 4745 3604 4786 cau-

2019 4851 2153 4901 sam,
2186 4832 2701 4898 monstrabimusque
2730 4842 2828 4881 nos
2858 4840 2961 4880 non
2992 4838 3112 4878 esse
3138 4838 3259 4878 reos
3276 4838 3459 4878 eorum
3484 4838 3606 4892 quae

2020 4928 2173 4983 nobis
2195 4926 2469 4996 objiciunt,
2500 4924 2636 4978 sicut
2652 4931 2705 4976 et
2721 4921 2879 4991 plane
2897 4917 3092 4973 innoxii
3114 4931 3299 4972 sumus
3322 4923 3606 4972 :eteontra

2021 5036 2137 5090 quae
2164 5019 2231 5073 ab
2257 5020 2384 5089 ipsis
2413 5016 2545 5071 facta
2569 5023 2750 5069 contra
2781 5026 2990 5066 omnem
3021 5019 3145 5062 sunt
3171 5009 3412 5063 ordinem
3431 5048 3446 5072 ,
3470 5021 3604 5061 con-

2022 5124 2100 5168 tra
2119 5126 2307 5167 omnes
2331 5111 2499 5181 leges,
2526 5116 2707 5163 contra
2729 5120 2917 5160 omnes
2939 5102 3328 5173 ecclesiasticos
3348 5113 3603 5171 canones,

2021 5203 2235 5253 ﬁrmatur
2255 5217 2268 5251 :
2288 5204 2378 5252 tria
2420 5202 2537 5250 item
2576 5198 2763 5261 profert
2786 5194 3023 5261 exempla
3059 5195 3264 5257 cangius
3302 5194 3351 5242 in
3373 5192 3609 5261 Glossario

2020 5252 2183 5334 (Ei-mi
2200 5279 2262 5315 ex
2286 5265 2455 5334 t_.eonis
2477 5252 2598 5334 Imp'.
2622 5260 2839 5334 Tactieis,
2858 5252 3611 5334 I‘t'bi‘sempe'r'sgﬁgtsmjegj-

2022 5336 2120 5378 tur.
2143 5329 2216 5376 sic
2239 5327 2386 5376 etiam
2409 5315 2690 5373 Ammianus
2714 5315 3011 5370 marcellinns
3034 5315 3085 5368 l.'
3095 5319 3172 5369 19.
3213 5315 3409 5368 videtur
3430 5315 3608 5378 Salma-

2020 5376 2123 5439 sius
2138 5387 2546 5452 campidoctorem
2570 5381 2733 5452 malle,
2758 5384 2871 5446 quia
2894 5383 3297 5452 Vegetiussupra
3332 5376 3610 5452 allato

2024 5459 2077 5500 et
2094 5453 2143 5499 in
2162 5444 2351 5499 duobus
2373 5444 2906 5508 aliiscampidoctOrem
2946 5444 3084 5507 legit.
3110 5449 3292 5508 Ferunt
3311 5445 3481 5489 monet
3499 5444 3600 5487 Ste-

2022 5513 2240 5575 weebius
2260 5512 2319 5560 ad
2341 5505 2532 5575 singula
2554 5503 2660 5575 loca
2679 5503 3377 5575 (tanipidnctor'emlegendum
3398 5512 3537 5575 esse,
3557 5508 3609 5575 et

2023 5575 2082 5624 ad
2108 5574 2192 5623 lib.
2212 5562 2491 5636 _ttt,,cap.'6,
2507 5570 2657 5636 _addit
2679 5571 2749 5619 sic
2772 5562 2822 5617 in
2846 5568 3141 5636 membranis
3162 5562 3350 5636 haberi.
3373 5562 3611 5636 ΣΔιιιιιςιριι

2026 5621 2256 5698 exempla
2277 5621 2385 5684 duo'
2398 5621 2601 5696 praefert
2630 5638 2867 5681 Gruterus
2889 5633 2937 5680 in
2960 5631 3221 5690 Thesauro,
3246 5626 3330 5677 ubi
3368 5621 3612 5687 Campldo-

2024 5696 2327 5765 cteris/sit!!!
2455 5752 2543 5765 ..

2094 5762 2110 5792 ι
2146 5753 2397 5819 Palladius,
2421 5753 2588 5809 deria
2609 5768 2641 5808 α
2660 5753 2868 5808 clericis.
