4002 6396
430 413 500 467 Et
525 410 654 481 quid
681 409 803 466 dico
828 425 1062 467 canones
1088 412 1520 467 ecclesiasticos?
1565 412 1749 484 Neque
1766 413 1822 468 in
1842 413 2016 484 genti-

430 503 561 559 lium
585 503 819 574 indiciis,
841 519 1014 574 neque
1046 505 1095 558 in
1136 505 1480 559 barbarorum
1509 505 1863 561 tribunalibus
1890 507 2014 560 talia

430 602 692 648 attentata
713 603 836 649 sunt
859 609 1143 664 umquam:
1175 595 1281 648 imo
1309 611 1435 649 vero
1462 611 1634 665 neque
1662 594 1896 668 Scythae,
1919 611 2015 651 ne-

431 699 536 754 que
563 686 890 740 Sauromace
906 701 1152 754 umquam
1173 685 1494 754 iudicarunt,
1503 687 1760 756 judicium
1778 687 2012 742 dandum

430 775 524 832 uni
553 777 725 848 parti,
752 778 972 833 absente
986 792 1052 833 ea
1079 794 1203 848 qua:
1240 788 1520 833 accusatur
1543 821 1558 843 ,
1588 789 1643 835 et
1682 781 1880 836 vitante
1907 797 2014 836 non

425 871 723 940 judicium,
751 871 845 926 sed
885 870 1190 925 inimicitias
1212 911 1230 938 ,
1263 880 1320 926 et
1345 871 1627 926 invocante
1653 872 1817 925 multa
1848 871 2014 926 millia

423 959 668 1029 iudicum
695 999 712 1026 ,
752 970 810 1016 et.
859 970 1192 1031 protestante
1218 977 1398 1016 coram
1428 972 1539 1017 toto
1567 961 1696 1016 orbe
1719 962 2016 1016 declaratu-

430 1065 544 1105 ram
587 1065 649 1105 se
678 1067 782 1106 non
809 1066 930 1107 esse
973 1067 1119 1107 reatu
1146 1091 1163 1117 ,
1195 1052 1641 1138 depulsuramque
1678 1054 1902 1109 crimina
1923 1093 1938 1116 ,
1960 1063 2014 1107 et

430 1149 771 1196 ostensuram
788 1157 940 1197 suam
965 1143 1018 1196 in
1035 1142 1282 1197 omnibus
1303 1145 1679 1198 innocentiam.
1707 1143 1832 1198 lltec
1855 1143 2014 1213 igitur

429 1231 612 1286 omnia
629 1247 752 1287 cum
781 1233 853 1288 ita
869 1247 929 1289 se
955 1233 1154 1289 habere
1176 1234 1543 1290 intellexeritis
1567 1249 1600 1289 a
1625 1234 1857 1290 dominis
1878 1235 2014 1289 meis

1215 314 1275 355 δ.
1303 296 1582 355 ιοΑΝΝιδ
1617 297 1992 356 CHRYSOST.
2033 298 2352 358 ARCIIIEP.
2382 299 2923 363 CONSTANTINOP.

3626 300 3729 356 536

2123 414 2372 484 piissimis
2391 418 2640 474 fratribus
2667 420 2864 474 nostris
2888 420 3180 490 episc0pis,
3213 423 3465 479 obsecro
3510 435 3572 482 ut
3598 443 3731 498 pra-

2121 507 2271 560 stetis
2314 506 2366 561 id
2411 507 2555 577 quod
2582 517 2764 578 petent
2801 509 2986 564 ofﬁcii.
3031 509 3152 578 Quo
3193 527 3315 566 non
3352 515 3537 570 solum
3580 519 3732 577 nobis

2120 597 2565 666 gratiﬁcabimini,
2586 600 2680 654 sed
2709 608 2764 654 et
2793 600 3153 655 Ecclesiarum
3182 604 3566 666 universitati.
3593 624 3730 662 mer-

2121 686 2416 757 cedemque
2441 691 2708 759 accepturi
2735 692 2865 744 estis
2891 705 2921 744 a
2952 689 3081 754 Deo,
3113 693 3202 762 qui
3265 692 3414 747 nihil
3470 711 3580 750 non
3613 713 3728 767 pro-

2121 789 2240 850 pter
2259 780 2612 835 Ecclesiarum
2640 795 2826 851 pacem
2847 781 3021 836 facere
3039 783 3317 853 dignatur.
3338 786 3577 856 Semper
3598 789 3728 854 vale,

2120 879 2176 926 et
2202 885 2294 926 ora
2315 886 2413 941 pro
2435 887 2542 938 me,
2558 872 2776 928 domine
2789 873 3238 930 reverendissime
3251 885 3315 930 et
3330 881 3681 935 sanctissime
3695 882 3728 924 ι-

2178 989 2218 1058 .¹
2245 990 2388 1062 Apud
2415 991 2692 1062 [ﬂlaciam
2729 992 2938 1062 epistola
2978 995 3050 1045 sic
3071 995 3259 1062 desipit
3286 1011 3297 1044 :
3332 1012 3547 1062 semper
3580 1001 3734 1062 facere

2133 1049 2524 1126 ἔξαψιν-,ΠΨ
2557 1052 2709 1126 eis"
2738 1049 2918 1126 ’ἀέρια
2937 1064 3008 1126 et
3044 1059 3135 1126 es.
3153 1058 3433 1126 νεηςτειινη
3455 1049 3733 1126 ἓρέξέοιιῶιὶ

2135 1113 2485 1184 Πὲάὶοιᾳηὶηει
2503 1114 2568 1183 ad
2593 1113 2924 1184 gliromatium
2944 1117 3179 1184 Manciae
3196 1113 3515 1184 episcopatui.
3545 1113 3730 1173 Utram-

2134 1185 2234 1236 que
2259 1177 2522 1246 epistolam
2547 1177 2672 1246 infra
2695 1177 2847 1246 babes
2866 1181 2924 1246 ad
2953 1177 3246 1246 Venerium,
3276 1177 3472 1246 nempe
3500 1185 3733 1234 Mediola-

2133 1247 2362 1294 nensem,
2386 1243 2440 1286 et
2461 1238 2520 1286 ad
2543 1238 2875 1290 Chromatium
2895 1238 3299 1305 Aquileiensem.

1224 1417 1888 1509 INNOCENTIO,
1945 1419 2454 1492 EPISCOPO
2510 1418 2870 1506 nom,

1498 1568 1772 1615 JOANNES
1815 1572 1883 1614 ιιι
1924 1570 2172 1617 υοωπο
2213 1569 2502 1614 samum
2549 1550 2660 1632 (α).

1512 1651 2238 1710 -4--Θὲθο

507 1743 710 1815 Corpus
734 1747 948 1816 quidem
979 1758 1217 1828 nostrum
1248 1765 1354 1804 uno
1381 1757 1585 1804 tantum
1617 1751 1734 1805 loco
1762 1758 2012 1814 tenetur;

435 1841 671 1894 caritatis
714 1850 888 1896 autem
927 1840 1008 1894 ala
1051 1842 1104 1896 in
1141 1844 1395 1898 universo
1435 1844 1566 1898 orbe
1608 1841 2015 1897 circumvolitat.

439 1930 667 1986 Proinde
714 1931 839 1986 licet
891 1941 1032 1987 tanta
1087 1933 1292 1988 itineris
1344 1935 1741 2006 intercapedine
1790 1935 2019 2004 separati

435 2024 622 2088 simus,
649 2039 679 2077 a
708 2024 904 2093 pietate
930 2034 1106 2079 tamen
1136 2034 1311 2081 vestra
1335 2041 1440 2081 non
1465 2026 1738 2091 absumus,
1771 2025 1862 2081 sed
1889 2041 2021 2097 quo-

439 2113 568 2168 tidie
597 2113 745 2169 vobis
773 2125 1064 2185 prtesentes
1108 2131 1295 2171 sumus
1317 2117 1333 2148 ¹
1356 2135 1367 2170 :
1391 2117 1626 2172 caritatis
1673 2117 1815 2173 enim
1854 2119 2021 2172 oculis

441 2203 685 2259 videmus
721 2217 951 2260 vestram
992 2207 1134 2260 illam
1171 2206 1566 2273 fortitudinem,
1600 2207 1861 2262 sincerum
1889 2208 2019 2262 alTe-

435 2305 611 2360 ctum,
658 2297 1117 2368 constantiamque
1153 2314 1261 2353 non
1309 2299 1652 2366 mutabilem,
1703 2301 2023 2354 consolatio-

442 2403 674 2459 nemque
704 2389 844 2444 illam
875 2405 1151 2461 magnam,
1177 2400 1489 2461 perpetuam
1507 2433 1521 2456 ,
1553 2401 1712 2462 atque
1740 2393 1982 2447 stabilem
2003 2433 2019 2459 ,

439 2496 598 2550 quam
628 2481 782 2538 nobis
807 2483 1028 2538 aﬁertis.
1057 2482 1268 2550 Quanto
1305 2486 1447 2539 enim
1478 2484 1670 2539 ﬂuctus
1696 2486 2025 2541 extolluntur

441 2572 740 2639 sublimius,
767 2584 821 2630 et
847 2575 1022 2644 plures
1041 2575 1214 2644 latent
1241 2577 1466 2646 scopuli,
1496 2577 2024 2648 vehententioresque

441 2673 568 2718 sunt
593 2673 937 2732 tempestates
955 2708 969 2730 ,
1000 2676 1150 2723 tanto
1179 2669 1349 2740 magis
1372 2669 1639 2739 vigilantia
1665 2680 1838 2725 vestra
1865 2686 2028 2742 auge-

445 2763 769 2826 turzneque
813 2773 909 2812 vos
953 2766 1098 2813 tanta
1122 2759 1224 2814 vite
1245 2760 1558 2829 prolixitas,
1605 2776 1777 2831 neque
1821 2771 2022 2817 tantum

441 2846 697 2916 temporis
725 2847 1062 2904 intervallum
1091 2891 1107 2917 ,
1147 2865 1322 2921 neque
1357 2865 1538 2908 rerum
1569 2852 1908 2908 difﬁcultates
1935 2870 2023 2910 se-

443 2937 656 3006 gniores
711 2938 1056 2996 reddiderunt
1093 2957 1108 2994 :
1142 2941 1238 2997 sed
1293 2953 1698 3012 perseveranter
1745 2944 2023 3000 imitamini

435 3027 667 3096 optimos
688 3028 1091 3099 guberntores,
1119 3033 1209 3103 qui
1235 3041 1364 3088 tunc
1391 3035 1624 3090 maxime
1651 3034 1841 3105 vigiles
1867 3045 2021 3102 sunt,

441 3135 562 3174 cum
601 3121 823 3176 excitari
863 3120 1088 3187 ﬂuctus,
1129 3139 1278 3180 mare
1313 3125 1669 3182 intumescere
1709 3135 1764 3182 et
1802 3127 2025 3182 multum

443 3225 698 3279 aquarum
725 3209 988 3282 fragorem
1013 3255 1028 3278 ,
1059 3214 1630 3287 profundissimamque
1669 3217 1899 3272 interdiu
1932 3233 2028 3272 no-

442 3314 583 3359 ctem
633 3306 880 3376 ingruere
933 3307 1138 3363 vident.
1189 3309 1486 3380 Eapropter
1531 3321 1587 3365 et
1629 3312 1828 3380 gratias
1877 3312 2026 3366 vobis

443 3395 700 3452 habemus
729 3399 942 3467 multas,
967 3407 1022 3454 et
1047 3399 1416 3456 desideramus
1441 3401 1656 3471 quidem
1684 3403 1750 3457 ad
1779 3417 1872 3457 vos
1897 3403 2028 3458 dare

440 3488 659 3545 crebras
702 3491 912 3556 literas,
952 3492 1003 3547 id
1031 3492 1172 3562 quod
1214 3494 1368 3548 nobis
1394 3494 1626 3549 maximo
1654 3493 1790 3550 foret
1815 3496 2026 3551 solatio.

442 3579 640 3636 Verum
669 3582 789 3652 quia
833 3582 988 3640 nobis
1029 3581 1130 3639 boc
1175 3583 1406 3654 denegat
1451 3583 1682 3639 solitudo
1707 3583 1865 3654 hujus
1889 3585 2024 3652 loci,

445 3690 618 3746 neque
652 3675 807 3731 facile
841 3679 906 3733 ad
953 3691 1053 3732 nos
1078 3678 1355 3747 pervenire
1381 3678 1591 3742 valent,
1623 3693 1728 3734 non
1757 3677 1918 3733 modo
1936 3679 2025 3749 qui

443 3768 578 3822 istuc
606 3769 881 3839 pergunt',
907 3769 1000 3824 sed
1030 3784 1130 3825 nec
1161 3770 1194 3824 ii
1223 3769 1315 3840 qui
1344 3770 1397 3824 in
1426 3770 1601 3824 vicino
1631 3770 1887 3837 habitant,
1916 3779 2026 3825 tum

441 3861 581 3929 quod
615 3861 770 3932 longe
807 3861 1000 3930 distet,
1045 3871 1203 3932 atque
1240 3864 1494 3919 extremis
1534 3862 1726 3919 ﬁnibus
1753 3863 1902 3919 locus
1929 3865 2028 3919 iste

441 3954 575 4005 situs
604 3955 708 4034 sit,
752 3953 803 4007 in
830 3970 935 4023 quo
959 3954 1255 4010 residemus
1274 3995 1288 4018 ,
1337 3964 1448 4010 tum
1477 3955 1617 4026 quod
1655 3957 1892 4012 latrones
1917 3957 2029 4011 vias

446 4044 562 4097 illas
588 4043 822 4113 nuntiique
859 4045 1177 4102 obsideant:
1203 4061 1480 4116 precamur
1524 4057 1584 4102 ut
1619 4048 1926 4118 diuturnum
1957 4049 2028 4104 si-

448 4134 668 4188 lentium
705 4145 946 4190 nostrum
975 4136 1187 4202 efﬁciat,
1222 4148 1279 4191 ut
1303 4139 1473 4209 magis
1502 4139 1654 4193 nobis
1678 4140 2026 4204 condoleatis,

443 4241 602 4291 quant
651 4235 708 4278 ut
756 4241 852 4280 nos
901 4243 1020 4282 reos
1065 4230 1259 4298 putetis
1302 4230 1654 4300 negligentiae.
1693 4231 1842 4298 Quod
1887 4232 2028 4286 enim

449 4329 554 4368 non
589 4330 651 4369 ex
687 4316 884 4370 incuria
930 4319 1196 4372 silentium
1227 4329 1400 4374 ortum
1433 4322 1530 4384 sit,
1562 4321 1643 4375 vel
1680 4321 1802 4376 inde
1831 4323 2027 4393 liquet,

446 4405 588 4476 quod
635 4417 753 4474 post
797 4408 1009 4480 longum
1035 4412 1295 4480 temporis
1333 4413 1560 4482 spatium
1592 4414 1946 4469 venerabilem
1977 4425 2032 4469 et

453 4498 690 4554 lilectum
712 4497 968 4554 Joannem
992 4501 1386 4573 presbyterum,
1406 4501 1730 4572 Paulumque
1749 4503 2028 4559 diaconum

447 4594 615 4658 nacti,
649 4603 704 4647 et
743 4592 1006 4648 scribendi
1037 4602 1093 4648 et
1115 4593 1313 4664 gratias
1337 4593 1489 4648 vobis
1513 4595 1700 4665 agendi
1732 4594 1890 4648 ﬁnem
1923 4611 2028 4651 non

444 4680 722 4750 faciamus,
750 4685 870 4754 quia
898 4694 1118 4756 paterna
1151 4685 1408 4754 majorem
1434 4700 1558 4756 erga
1584 4701 1684 4741 nos
1708 4687 2027 4742 benevolen-

445 4774 571 4825 tiam
618 4774 946 4831 deelarastis.
999 4777 1130 4832 Nam
1184 4786 1438 4848 quantum
1497 4778 1549 4832 in
1606 4787 1782 4833 vestra
1837 4780 2030 4849 pietate

509 4885 841 4962 :‘Hgtcvoh‘is
877 4898 1138 4962 prensantes
1156 4904 1352 4962 sumtis,
1398 4890 1580 4962 desunt
1621 4891 1672 4940 in
1714 4891 1932 4962 fabr-ie;
1978 4899 2030 4962 et

436 4949 568 5017 tunc
592 4949 664 4996 sic
682 4949 970 4998 construitur
1008 4953 1196 5014 phrasis
1218 4967 1231 5001 :
1259 4949 1349 5003 Sed
1372 4951 1583 5015 quotidie
1623 4951 1842 5003 caritatis
1880 4949 2032 5003 oculis

435 5019 453 5054 ι
472 5007 681 5067 iamut,
712 5017 810 5059 etc.

511 5069 705 5142 iusta
730 5077 1010 5142 Frontonem
1048 5081 1270 5142 pucazum
1314 5074 1580 5142 legendum
1628 5082 1724 5136 est,
1749 5074 1833 5139 qui
1855 5074 2030 5127 isthinc

433 5131 897 5199 t'eginut.tpguidem
919 5135 997 5199 vix_
1023 5135 1163 5199 aliter
1187 5131 1662 5199 sensus'quadraret.

503 5189 582 5253 (ευ
611 5189 912 5262 Caluinam
925 5195 1127 5255 Fabric,
1144 5199 1288 5248 \‘atic.
1306 5204 1358 5250 et
1374 5189 1521 5262 ttegio
1535 5211 1634 5252 uno
1649 5214 1664 5258 ;
1686 5200 1864 5262 κείρω
1879 5211 2025 5260 anno,

441 5269 467 5303 u
477 5260 500 5304 t
517 5251 863 5320 ‘ptltaturJOG.

2123 1750 2283 1804 situm
2333 1749 2464 1813 fuit,
2489 1748 2600 1817 jam
2642 1762 2731 1802 res
2773 1762 2961 1801 omnes
3001 1745 3199 1802 sedata:
3231 1755 3291 1801 et
3325 1747 3650 1806 emendate.
3680 1757 3730 1802 et

2128 1841 2333 1895 sublata
2381 1839 2558 1893 omnia
2603 1837 2850 1892 scandala
2897 1836 3143 1903 fuissent,
3175 1837 3596 1907 gauderentque
3634 1836 3730 1890 Ec-

2128 1935 2308 1989 clesiae
2351 1933 2631 2003 tranquilla
2678 1942 2733 1987 et
2776 1931 2985 1985 sincera
3031 1945 3206 2000 pace:
3241 1940 3304 1985 et
3345 1941 3535 1985 essent
3579 1930 3727 2000 plane

2129 2025 2359 2082 secunda
2396 2026 2608 2090 omnia,
2650 2038 2711 2078 ac
2748 2031 3068 2092 contemptae
3103 2021 3253 2092 leges
3289 2022 3620 2092 violatusque
3645 2037 3727 2090 pa-

2130 2128 2269 2172 trum
2316 2116 2723 2171 constitutiones
2774 2112 3052 2167 vindicata:
3101 2111 3304 2167 forent.
3360 2115 3432 2166 At
3482 2114 3721 2183 quoniam

2130 2214 2302 2282 reipsa
2349 2212 2477 2265 nihil
2510 2211 2611 2266 tale
2636 2210 2891 2280 contigit,
2925 2224 3045 2264 cum
3082 2209 3117 2263 ii
3147 2213 3238 2279 qui
3274 2211 3461 2279 priora
3504 2211 3722 2281 aggressi

2129 2311 2286 2367 sunt,
2323 2303 2474 2357 novis
2496 2317 2557 2355 ea
2592 2301 2881 2356 sceleribus
2911 2300 3183 2354 cumulare
3209 2300 3585 2354 contendant:
3609 2301 3722 2354 nolo

2132 2392 2378 2462 equidem
2414 2393 2628 2456 omnia,
2660 2407 2782 2462 qua:
2825 2391 3034 2445 interim
3061 2399 3211 2462 gesta
3253 2401 3418 2455 sunt,
3467 2392 3721 2462 sigillatim

2131 2499 2451 2550 recensere,
2495 2482 2921 2553 quandoquidem
2960 2499 3067 2536 non
3107 2483 3286 2537 solum
3325 2483 3603 2553 epistolm.
3632 2482 3718 2536 sed

2130 2585 2184 2631 et
2214 2576 2447 2630 historia:
2476 2575 2690 2628 modum
2720 2573 3116 2628 transcenderet
3147 2573 3425 2637 narratio;
3478 2584 3714 2628 cauerunt

2131 2679 2362 2722 vestram
2393 2682 2488 2722 oro
2509 2664 2854 2737 vigilantiam,
2879 2674 2937 2720 ut
2958 2665 3082 2719 licet
3103 2665 3174 2718 illi
3204 2666 3391 2719 omnia
3420 2663 3714 2718 tumultibus

2133 2759 2500 2828 impleverint.
2547 2756 3011 2826 laboraverintque
3057 2757 3263 2812 morbis
3315 2757 3714 2820 incurabilibus,

2130 2860 2185 2906 et
2213 2849 2537 2921 poenitentia:
2560 2864 2664 2902 non
2682 2847 2985 2916 capacibus,
3004 2862 3125 2901 cum
3154 2859 3338 2901 tamen
3367 2861 3556 2902 curare
3578 2859 3711 2900 mor-

2131 2941 2229 2998 bos
2247 2941 2460 2995 illorum
2483 2939 2794 3000 statueritis.
2826 2939 2980 2992 malis
3003 2953 3070 2993 ne
3089 2937 3318 3004 cedatis,
3344 2953 3479 2993 neve
3497 2937 3712 2990 animum

2131 3031 2510 3101 despmideatis
2530 3074 2544 3098 ,
2575 3029 2909 3085 considerata
2939 3029 3072 3083 tanti
3113 3032 3299 3099 operis
3345 3026 3707 3100 magnitudine.

2131 3124 2412 3178 Certamen
2455 3124 2598 3178 enim
2646 3122 2777 3177 illud
2822 3121 2990 3177 ferme
3031 3137 3131 3194 pro
3175 3130 3293 3176 toto
3337 3121 3474 3176 orbe
3501 3129 3596 3185 est,
3625 3133 3711 3186 pro

2135 3215 2390 3272 Ecl-lesiis
2428 3216 2648 3286 dejectis
2685 3225 2845 3284 atque
2881 3214 3196 3285 prostratis,
3251 3230 3352 3285 pro
3383 3213 3588 3285 populis
3610 3211 3707 3264 dis-

2135 3310 2336 3379 persis,
2383 3323 2480 3378 pro
2505 3308 2650 3362 clero
2677 3307 2958 3371 divexato,
2992 3322 3089 3376 pro
3116 3307 3393 3378 episcOpis
3420 3305 3672 3362 exsulibus
3689 3343 3704 3365 ,

2133 3419 2229 3473 pro
2246 3400 2710 3457 constitutionibus
2728 3410 2937 3470 patrum
2960 3399 3189 3454 violatis.
3216 3399 3289 3454 Et
3311 3399 3512 3454 idcirco
3535 3400 3703 3452 iterum

2131 3508 2290 3565 atque
2319 3495 2533 3559 iterum,
2563 3501 2617 3548 et
2636 3495 2830 3563 saepius
2851 3501 3084 3548 vestram
3113 3507 3338 3546 oramus
3365 3490 3702 3560 diligentiam,

2133 3599 2190 3641 ut
2216 3596 2414 3658 quanto
2444 3586 2614 3656 major
2641 3596 2724 3640 est
2752 3594 3057 3654 tempestas,
3085 3593 3235 3638 tanto
3267 3587 3440 3654 majus
3466 3582 3700 3637 adhibea-

2134 3691 2218 3734 tur
2257 3679 2510 3734 studium.
2553 3677 2944 3749 Exspectemus
2987 3677 3201 3746 quidem
3236 3676 3496 3742 futurum,
3541 3684 3592 3728 ut
3629 3686 3702 3725 res

2131 3772 2404 3842 aliquanto
2446 3772 2672 3843 amplius
2721 3770 3072 3839 corrigantur.
3100 3768 3254 3834 Quod
3302 3771 3348 3824 si
3399 3769 3567 3822 minus
3597 3764 3698 3828 ﬁet,

2132 3881 2231 3921 vos
2274 3873 2502 3918 vestram
2551 3877 2803 3918 coronam
2850 3871 3086 3932 paratam
3136 3861 3276 3930 apud
3327 3855 3700 3915 misericordem

2134 3957 2300 4011 Deum
2341 3955 2548 4010 habetis
2572 3972 2585 4007 :
2609 3964 2662 4009 et
2692 3952 2767 4016 hi,
2801 3953 2888 4021 qui
2921 3953 3109 4021 injuria
3153 3952 3495 4016 afﬁciuntur,
3527 3961 3697 4003 conso-

2132 4047 2384 4101 lationem
2434 4061 2498 4100 ex
2553 4043 2768 4099 fervore
2821 4043 3056 4097 caritatis
3104 4054 3298 4097 vestra:
3347 4058 3451 4096 non
3502 4052 3694 4110 parvam

2133 4139 2397 4208 accipient
2421 4156 2434 4190 :
2457 4153 2578 4191 nam
2609 4146 2666 4192 et
2690 4152 2788 4191 nos
2815 4137 3028 4190 tertium
3060 4152 3201 4191 nunc
3225 4152 3432 4192 annum
3459 4137 3507 4188 in
3533 4130 3691 4187 exsilit

2135 4237 2433 4294 versantes,
2467 4228 2518 4282 in
2549 4227 2708 4290 fame,
2744 4235 2912 4296 peste,
2945 4227 3104 4294 bello,
3135 4229 3405 4282 continuis
3432 4218 3698 4280 obsidioni-

2137 4321 2258 4386 bus,
2286 4319 2571 4374 solitudine
2594 4317 2914 4383 incredibili,
2939 4319 3244 4389 quotidiana
3273 4327 3470 4379 morte,
3497 4322 3548 4369 et
3572 4311 3697 4366 lsau-

2136 4413 2262 4467 ricis
2289 4411 2478 4480 gladiis
2495 4451 2508 4474 ,
2550 4425 2656 4464 non
2694 4409 3034 4464 mediocriter
3061 4410 3407 4464 consolantur
3433 4402 3625 4460 stabilis
3650 4406 3698 4452 et

2135 4512 2386 4558 constans
2410 4511 2590 4556 vester
2613 4500 2834 4556 affectus
2861 4515 2925 4556 ac
2953 4499 3143 4555 ﬁducia
3171 4542 3186 4568 ,
3217 4500 3544 4566 miriﬁceque
3568 4491 3696 4548 oble-

2133 4605 2307 4650 ctatur
2336 4593 2660 4649 beneﬁca'et
2687 4595 2894 4648 sincera
2934 4601 3109 4647 vestra
3150 4593 3366 4647 caritas.
3415 4590 3506 4644 llic
3531 4591 3692 4640 noster

2136 4701 2320 4741 murus
2341 4728 2354 4750 ,
2388 4685 2503 4741 hinc
2531 4687 2816 4750 securitas,
2847 4685 2933 4739 hic
2974 4695 3158 4754 portus
3205 4685 3406 4754 absque
3433 4676 3688 4735 ﬂuctibus,

2136 4779 2221 4832 hic
2260 4780 2656 4832 innumerorum
2702 4777 2958 4832 bonorum
3002 4775 3310 4840 thesaurus,
3363 4775 3476 4828 bch
3517 4763 3692 4823 ltclilia

2137 4869 2483 4933 miriﬁcteque
2527 4867 2811 4935 voluptatis
2857 4881 3014 4921 causa
3055 4875 3159 4921 est.
3205 4866 3316 4920 Etsi
3347 4864 3398 4918 in
3428 4855 3688 4916 desolatio-

2135 4975 2273 5025 rem,
2306 4973 2465 5029 quam
2512 4957 2584 5012 sit
2625 4957 2761 5021 iste,
2806 4958 2980 5012 locum
3025 4959 3214 5011 iterum
3257 4956 3554 5024 abigemur,
3594 4953 3683 4996 non

2135 5064 2354 5122 parvam
2388 5049 2510 5103 hinc
2535 5047 2792 5104 habentes
2821 5059 3123 5104 nostrater
3155 5047 3497 5102 aﬂlictionum
3517 5045 3683 5093 conto-

2137 5143 2388 5199 lationem
2424 5141 2652 5198 abimus.

1847 5529 2288 5611 ...ιω-ν...
