4002 6386
290 5918 379 5934 ’μυί

353 295 462 353 535

348 409 440 471 τὸς
464 408 638 479 νόμου
667 405 761 460 καὶ
792 404 1016 469 κανόνος
1064 402 1539 476 ἐκκλησιαστικοῦ.
1572 406 1682 460 Καὶ
1709 406 1763 459 τί
1788 406 1933 475 λέγω

350 496 578 554 κανόνος
613 487 1105 561 ὲκκλησιαστικοῦ;
1141 488 1275 542 Οὐδὲ
1321 489 1380 541 έν
1423 488 1535 550 τοῖς
1567 487 1672 553 ἔξω
1707 488 1808 560 μὲν
1837 485 1930 544 οὖν

346 572 722 644 δικαστηρίοις
741 572 966 627 τοιαῦτα
992 571 1265 644 ἐτολμήθη
1294 571 1425 625 ποτὲ
1443 611 1459 635 ,
1505 571 1705 641 μᾶλλον
1733 572 1789 625 δὲ
1811 572 1933 626 οὐδὲ

346 658 405 711 ἐν
447 654 785 727 -βαρϐαρικῷ
817 655 1188 727 δικαστηρίῳ,
1219 654 1340 707 οὑδὲ
1377 652 1601 717 Σκύθαι,
1634 653 1756 707 οὐδὲ
1789 655 1931 709 Σαυ-

347 738 587 809 ρομάται
616 736 791 801 οὕτως
818 737 883 792 ἀν
906 755 1039 790 ποτε
1063 737 1319 790 ἐδίκασαν
1343 736 1407 789 ὲκ
1431 737 1560 807 μιᾶς
1590 736 1784 808 μοίρας
1811 735 1932 807 κρί-

344 836 567 884 ναντες,
605 819 839 883 ἀπόντος
878 817 972 873 τοῦ
1017 819 1363 890 αἰτιωμένου,
1401 819 1833 888 παραιτουμένου
1866 818 1928 871 οὑ

345 902 547 971 κρίσιν,
583 900 700 954 ἀλλ’
723 900 1043 971 ἀπέχθειαν,
1069 900 1363 965 καλοῦντος
1393 900 1653 964 δικαστὰς
1683 900 1932 972 μυρίους,

345 982 639 1038 ἀνεύθυνον
674 983 865 1037 ἑαυτὸν
889 979 1028 1038 εἷναι
1051 983 1323 1052 λέγοντος,
1358 984 1453 1036 καὶ
1483 984 1582 1053 τῆς
1612 982 1936 1054 οἰκουμένης

344 1066 632 1137 παρούσης
660 1065 1036 1120 ἀποδύσασθαι
1063 1066 1162 1127 τάς
1193 1065 1392 1131 αίτίας,
1421 1065 1514 1119 καὶ
1539 1063 1710 1131 δεῖξαι
1742 1064 1932 1118 ἑαυτὸν

341 1150 400 1202 ὲν
431 1151 644 1204 ἅπασιν
692 1149 866 1204 ἀθῶον
898 1148 1048 1203 ϐντα.
1079 1147 1265 1203 Ταῦτα
1301 1144 1394 1202 οὖν
1422 1147 1601 1202 πάντα
1633 1146 1930 1217 λογισάμε-

338 1249 450 1301 νοι,
503 1233 606 1289 καὶ
657 1233 815 1305 παρά
845 1232 954 1289 τῶν
986 1232 1191 1304 κυρίων
1235 1247 1336 1303 μου
1364 1231 1475 1285 τῶν
1520 1229 1930 1285 εὑλαϐεστάτων

1772 291 2153 351 Εμιδτοιιπ.
2209 290 2217 295 ’

3512 300 3619 355 556

2037 422 2281 493 ἀδελφῶν
2320 423 2476 496 ήμῶν
2514 423 2622 479 τῶν
2670 422 2985 479 ἐπισκόπων
3025 422 3357 496 σαφέστερον
3399 422 3619 479 ἅπαντα

2039 503 2325 575 μαθόντες,
2354 506 2453 577 τὴν
2477 509 2606 578 παρ’
2629 507 2838 561 έαυτῶν
2862 508 2994 578 ἡμῖν
3019 508 3348 575 εἰσενεγκεῖν
3378 503 3617 574 σπουδὴν

2036 587 2448 659 παρακλήθητε.
2480 587 2636 643 Οὕτω
2667 589 2775 661 γὰρ
2800 590 2899 660 οὐχ
2928 590 3058 660 ἡμῖν
3084 586 3268 657 μόνοις
3314 586 3617 657 χαριεῖσθε,

2036 669 2168 723 ἀλλά
2209 670 2304 723 καὶ
2331 669 2409 741 τῷ
2453 671 2615 743 κοινῷ
2659 672 2767 725 τῶν
2813 670 3170 742 Ἐκκλησιῶν,
3206 668 3303 723 καλ⁵
3329 670 3420 723 τὸν
3465 669 3619 742 παρὰ

2036 752 2130 806 τοῦ
2160 752 2295 806 Θεοῦ
2324 753 2557 825 λήψεσθε
2589 754 2778 825 μισθὸν
2801 766 2850 821 ι,
2879 753 2973 807 τοῦ
2998 753 3085 808 διὰ
3113 754 3212 824 τὴν
3240 752 3350 806 τῶν
3385 752 3619 823 Ἐκκλη-

2039 834 2171 888 σιῶν
2201 837 2425 907 εἰρήνην
2455 837 2634 892 πάντα
2658 836 2958 901 ποιοῦντος.
3000 835 3273 909 Διηνεκῶς
3298 836 3616 907 ἐρρωμένος

2037 918 2339 990 ὑπερεύχου
2374 937 2499 991 μου,
2530 920 2764 974 δέσποτα
2787 919 3077 991 τιμιώτατε
3105 918 3199 973 καὶ
3218 918 3503 972 όσιώτατε.
3583 991 3589 995 τ

2097 1117 2123 1147 0
2147 1107 2290 1170 Apud
2313 1109 2585 1173 Palladium
2611 1108 2821 1173 epistola
2844 1111 2920 1161 sic
2949 1107 3134 1173 desinit
3157 1128 3169 1157 :
3190 1107 3345 1173 πάντα
3362 1106 3615 1173 ποιοῦντος

2034 1173 2275 1235 διηνεκῶς.
2313 1171 2518 1235 Ἐγράφη
2564 1174 2617 1222 δὲ
2644 1171 2791 1235 ἀὕτη
2821 1187 2903 1235 και
2943 1171 3078 1235 πρὸςΔ
3099 1171 3314 1235 Βενέριον
3356 1171 3616 1220 ἐπίσκοποι

2031 1231 2348 1294 Μεδιολάνου,
2366 1231 2447 1281 καὶ
2466 1231 2751 1298 Χρωμάτιον
2776 1231 3036 1282 ἐπίσκοπον
3065 1231 3364 1292 Ἀκυληγίας.

945 1627 1872 1749 [52111ΝΝΟΚΕΝΤΙΩ,
1945 1635 2535 1724 ΕΠΙΣΚΟΠΩ
2608 1636 3032 1737 ΡΩΜΗΣ,

1584 1822 1857 1890 Ἰωάννης
1883 1821 1955 1877 ἐν
1975 1820 2170 1891 Κυρίῳ
2193 1820 2445 1893 χαίρειν.
2477 1842 2488 1859 ι

412 2192 488 2247 Τδ
520 2191 625 2264 μὲν
657 2191 818 2264 σῶμα
843 2194 978 2265 ἡμῖν
1016 2191 1075 2247 έν
1106 2193 1188 2248 ὲνὶ
1212 2194 1420 2268 ἵδρυται
1467 2195 1685 2271 χωρίῳ,
1729 2198 1831 2268 τῆς
1873 2197 1932 2252 δὲ

348 2276 568 2349 ἀγάπης
605 2276 670 2329 τὸ
707 2276 907 2348 πτερὸν
940 2276 1213 2349 πανταχοῦ
1259 2279 1360 2348 τῆς
1395 2279 1721 2351 οἰκουμένης
1770 2298 1930 2354 περιρ

348 2361 591 2413 ίπταται.
632 2358 798 2411 Ὅταν
831 2358 925 2412 καὶ
954 2360 1119 2429 ἡμεῖς
1148 2359 1268 2413 ὀδοῦ
1301 2360 1542 2433 τοσούτῳ
1571 2362 1925 2435 διῳκισμένοι

349 2441 536 2510 μήκει,
567 2439 796 2512 πλησίον
821 2441 923 2512 τῆς
955 2442 1240 2507 εὐλαϐείας
1278 2444 1433 2515 ὑμῶν
1459 2446 1646 2516 ἐσμεν,
1679 2447 1774 2500 καὶ
1803 2446 1929 2501 καθ’

345 2523 590 2594 ἑκάστην
616 2524 745 2594 ὑμῖν
784 2524 1150 2595 συγγινόμεθα
1181 2526 1280 2597 τὴν
1304 2538 1331 2568 ιι
1367 2528 1600 2599 ἡμέραν,
1629 2528 1929 2601 ὀφθαλμοῖς

344 2609 460 2671 τοῖς
481 2603 694 2678 ἐκείνης
723 2606 1008 2676 βλέποντες
1032 2607 1186 2677 ὑμῶν
1217 2608 1318 2680 τὴν
1340 2609 1589 2681 ἀνδρείαν
1607 2612 1706 2683 τῆς
1731 2611 1926 2684 ψυχῆς,

344 2687 409 2742 τὸ
434 2690 657 2759 γνήσιον
683 2688 783 2759 τῆς
826 2688 1139 2754 διαθέσεως,
1167 2689 1229 2743 τὸ
1264 2693 1509 2763 στερρὸν,
1544 2693 1605 2748 τὸ
1635 2695 1929 2767 ἀπερίτρε-

345 2788 514 2837 πτον,
545 2771 642 2842 τὴν
673 2770 871 2844 πολλὴν
909 2771 1065 2843 ὑμῶν
1112 2773 1454 2845 παράκλησιν
1481 2778 1574 2830 καὶ
1596 2776 1807 2850 ’διαρκῆ
1834 2779 1929 2833 καὶ

348 2853 598 2924 μόνιμον.
628 2855 775 2925 Ὅσῳ
806 2854 914 2925 γὰρ
942 2853 1012 2907 τά
1035 2854 1145 2908 τῶν
1171 2857 1430 2927 κυμάτων
1453 2858 1545 2911 ἐπὶ
1572 2859 1753 2913 πλεῖον
1778 2859 1930 2932 αἴρε-

344 2954 474 3001 ται,
506 2936 601 2989 καὶ
635 2936 850 3000 πλείους
884 2936 1078 3006 ὕφαλοι
1123 2940 1217 2991 καὶ
1251 2940 1506 3005 σπιλάδες
1545 2941 1802 3011 φύονται,
1833 2943 1929 2997 καί

345 3019 545 3072 πολλα)⁵
577 3020 632 3073 αί
655 3019 989 3089 καταιγίδες,
1020 3019 1258 3091 τοσούτῳ
1287 3025 1381 3076 καί
1399 3022 1468 3076 τὰ
1491 3025 1589 3094 τῆς
1617 3023 1928 3095 ἀγρυπνίας

342 3101 504 3169 αὔξει
526 3101 597 3155 τὰ
616 3102 714 3172 τῆς
738 3101 1007 3174 ὑμετέρας
1024 3119 1038 3133 ο
1066 3105 1159 3156 καὶ
1183 3104 1281 3175 οὑχ
1301 3104 1420 3158 ὁδοῦ
1454 3107 1627 3177 μῆκος
1650 3107 1924 3172 τοσοῦτον,

341 3187 407 3239 οὑ
441 3185 635 3256 χρόνου
668 3184 890 3255 πλῆθος,
924 3185 984 3239 οὑ
1019 3185 1275 3240 δυσκολία
1317 3189 1660 3260 πραγμάτων,
1704 3192 1928 3256 ὑπτίους

339 3268 599 3338 γενέσθαι
625 3268 769 3338 ὑμᾶς
793 3269 1229 3341 παρεσκεύασεν’
1267 3269 1402 3325 ἀλλά
1434 3272 1625 3344 μένετε
1660 3273 1929 3346 μιμούμεο

340 3368 427 3404 νοι
464 3351 591 3413 τοὺς
618 3350 872 3418 ἀρίστους
908 3353 1017 3405 τῶν
1061 3353 1429 3425 κυϐερνητῶν,
1466 3354 1514 3408 οἳ
1539 3355 1661 3409 τότε
1690 3357 1923 3427 μάλιστα

341 3434 736 3505 διεγείρονται,
783 3434 913 3489 ὅταν
956 3434 1103 3489 ίδωσι
1147 3436 1216 3490 τά
1251 3435 1468 3507 κύματα
1508 3439 1921 3511 κορυφούμενα,

338 3515 444 3585 τὴν
464 3516 729 3570 θάλατταν
746 3517 836 3569 ἐπὶ
856 3519 1039 3588 μεῖζον
1057 3519 1380 3592 φερομένην,
1406 3519 1573 3575 πολὺν
1588 3521 1697 3575 τῶν
1719 3522 1926 3577 ὑδάτων

340 3593 436 3652 τον
456 3599 716 3667 πάταγον,
753 3599 1057 3671 βαθυτάτην
1090 3603 1148 3655 ὲν
1170 3602 1352 3673 ἡμέρᾳ
1374 3603 1565 3657 νύκτα.
1591 3604 1681 3658 Διδ
1702 3606 1795 3659 καὶ
1824 3606 1924 3677 χάο

344 3699 504 3755 ριτας
551 3683 678 3753 ὑμῖν
714 3682 873 3753 ἴσμεν
908 3683 1128 3749 πολλὰς,
1166 3685 1261 3738 καὶ
1294 3684 1669 3757 ἐπιθυμοῦμεν
1707 3688 1801 3741 καὶ
1847 3707 1926 3743 νιι-

342 3765 517 3836 φάδας
544 3765 671 3836 ὑμῖν
701 3765 940 3836 πέμπειν
966 3767 1329 3838 γραμμάτων,
1362 3770 1493 3839 ἡμῖν
1521 3769 1703 3834 αὐτοῖς
1730 3771 1799 3826 τά
1831 3773 1927 3843 μέ-

340 3864 507 3915 γιστα
555 3848 924 3918 χαριζόμενοι.
987 3849 1126 3903 Ἀλλ’
1154 3850 1343 3921 ἐπειδὴ
1388 3850 1546 3906 τοῦτο
1594 3852 1925 3925 ἀφῃρήμεθα

342 3930 498 4002 παρά
537 3932 637 4001 τῆς
663 3929 758 3984 τοῦ
811 3932 975 3985 τόπου
1010 3934 1278 4004 ἐρημίας·
1317 3934 1436 3988 οὑδὲ
1478 3935 1588 4007 γὰρ
1622 3937 1782 4009 μόνον
1816 3938 1925 3995 τῶν

340 4018 523 4070 ἐκεῖσε
544 4017 953 4088 ἀφικνουμένων
972 4015 1023 4084 ι),
1051 4017 1165 4070 ἀλλ’
1188 4017 1307 4070 οὑδὲ
1332 4017 1440 4072 τῶν
1464 4021 1521 4074 ὲν
1536 4023 1600 4091 τῇ
1632 4022 1751 4075 καθ’
1779 4024 1926 4094 ἡμᾶς

339 4099 637 4172 οἰκουμένῃ
682 4098 1097 4170 διατριϐόντων,
1125 4099 1325 4154 δύναιτ’
1355 4100 1421 4155 ἀν
1447 4119 1530 4166 τις
1571 4104 1769 4174 ῥᾳδίως
1790 4108 1925 4177 ἡμῖν

342 4183 736 4252 συγγενέσθαι,
772 4183 861 4237 διά
887 4201 946 4237 τε
976 4184 1038 4237 τὸ
1078 4184 1267 4256 πόρρω
1296 4185 1391 4238 καὶ
1432 4187 1566 4256 πρὸς
1610 4188 1781 4253 αὑτάς
1826 4190 1925 4254 τὰς

338 4267 598 4337 ἐσχατιὰς
640 4267 858 4321 κεῖσθαι
903 4267 967 4320 τὸ
1004 4267 1202 4338 χωρίον
1243 4269 1300 4321 ὲν
1325 4261 1368 4337 ᾧ
1397 4269 1794 4342 καθείργμεθα,
1830 4273 1924 4327 καὶ

343 4347 433 4402 διὰ
476 4351 566 4403 τὸν
612 4349 902 4423 λῃστρικὸν
941 4350 1106 4419 φόϐον
1141 4351 1319 4404 πᾶσαν
1361 4353 1774 4423 ἀποτειχίζοντα
1823 4355 1923 4426 τὴν

334 4433 486 4485 ὀδόν
517 4433 943 4505 παρακαλοῦμεν
969 4434 1138 4487 ἐλεεῖν
1169 4434 1366 4505 μᾶλλον
1389 4438 1539 4506 ἡμᾶς
1569 4438 1671 4507 τῆς
1702 4441 1922 4511 μακρᾶς

339 4515 535 4584 σιγῆς,
570 4516 604 4588 ἢ
647 4515 918 4589 ρᾳθυμίαν
964 4517 1211 4572 ἐντεῦθεν
1254 4519 1687 4587 καταγινώσκειν
1737 4524 1913 4593 ἡμῶν.

340 4599 466 4657 Ὀτι
490 4600 597 4672 γὰρ
625 4603 725 4655 οὐκ
746 4601 1137 4672 ὀλιγωροῦντες
1157 4603 1510 4672 ὲσιγήσαμεν,
1536 4603 1923 4676 ἐπιλαϐόμενοι

341 4683 428 4737 διὰ
459 4683 655 4737 πολλοῦ
697 4684 792 4737 τοῦ
827 4684 1017 4756 χρόνου
1051 4684 1146 4738 νῦν
1192 4684 1285 4738 τοῦ
1308 4686 1637 4755 τιμιωτάτου
1660 4688 1756 4741 καὶ
1782 4690 1922 4758 ἀγα-

338 4766 517 4837 πητοῦ
567 4766 813 4822 Ἰωάννου
858 4766 953 4820 τοῦ
1001 4766 1408 4840 πρεσϐυτέρου,
1445 4769 1538 4825 καὶ
1569 4768 1784 4824 Παύλου
1830 4771 1925 4825 τοῦ

336 4851 619 4915 διακόνου,
664 4854 759 4906 καλ⁹
806 4852 1111 4924 γράφομεν,
1163 4852 1258 4905 καὶ
1300 4851 1749 4924 εὐχαριστοῦντες
1798 4856 1926 4926 ὑμῖν

333 4937 400 4990 οὐ
434 4934 884 5005 διαλιμπάνομεν,
928 4936 1009 4988 ὅτι
1058 4935 1301 5006 πατέρας
1350 4936 1740 5010 φιλοστόργους
1794 4938 1926 4992 ἀπε-

336 5016 582 5089 κρύψατε
602 5022 667 5090 τῇ
701 5019 831 5090 περὶ
862 5019 1008 5089 ἡμᾶς
1036 5018 1220 5089 εὐνοίᾳ
1243 5036 1303 5071 τε
1339 5020 1435 5072 καὶ⁵
1471 5022 1699 5093 σπουδῇ.
1730 5022 1841 5075 Καὶ
1858 5023 1923 5077 τὸ

339 5100 443 5171 μὲν
475 5102 556 5164 είς
596 5100 694 5172 τὴν
725 5100 1008 5155 εὐλάϐειαν
1037 5096 1171 5172 ἧκον
1199 5101 1298 5171 τὴν
1315 5102 1607 5175 ὑμετέραν,
1625 5106 1726 5176 τὴν
1749 5122 1923 5176 προσ-

333 5185 577 5254 ήκουσαν
621 5183 903 5255 διόρθωσιν
965 5184 1188 5254 εἴληφεν
1231 5184 1468 5251 ἅπαντα,
1500 5187 1649 5240 καὶὸ
1692 5190 1923 5260 φορυτὸς

332 5265 446 5319 τῶν
487 5267 675 5319 κακῶν
715 5268 807 5320 καὶ
837 5266 908 5321 τὰ
941 5266 1207 5321 σκάνδαλα
1255 5268 1544 5339 ἀνῄρηται,
1582 5271 1677 5322 καὶ
1707 5272 1762 5324 αἰ
1798 5272 1921 5325 Ἐκ-

332 5349 556 5422 κλησίαι
594 5352 818 5423 εἰρήνης
890 5351 1211 5423 ἀπήλαυσαν
1263 5354 1357 5406 καὶ
1400 5352 1600 5424 λευκῆς
1640 5355 1918 5428 γαλήνης.

329 5433 430 5486 καὶ
454 5432 635 5487 πάντα
679 5433 820 5487 κατά
851 5432 976 5506 ῥοῦν
1007 5434 1249 5506 φέρεται,
1285 5436 1380 5489 καὶ
1410 5438 1913 5510 καταφρονηθέντες

391 5609 421 5673 ξ
445 5608 580 5673 ﬁam,
601 5609 709 5671 ὑμῖν
731 5609 1038 5673 συγ-γινόμεθα
1062 5609 1375 5673 rﬁdeesunl
1393 5611 1445 5659 in
1462 5609 1649 5663 Fabric.

388 5667 424 5711 h
445 5670 539 5720 Hic
555 5667 1114 5735 Sumpicatur'le'g'endum
1154 5667 1339 5722 Fronto
1370 5673 1582 5726 Damus
1623 5675 1720 5725 τῶν
1746 5674 1919 5727 ἐκεῖθεν

325 5728 701 5797 ἀφεκνονμένῶν.

628 5841 920 5934 ῬΑτιιοι.
968 5842 1083 5905 Gn.
1133 5841 1262 5908 Lll.

1946 2025 2017 2039 h-

2031 2196 2424 2270 έξεδικήθησαν
2445 2206 2470 2236 ο
2501 2195 2656 2265 νόμοι
2675 2231 2692 2259 ,
2722 2191 2816 2246 καὶ
2845 2190 3037 2264 θεσμοὶ
3070 2189 3322 2263 πατέρων
3358 2189 3611 2260 παραϐα-

2031 2283 2234 2346 θέντες.
2271 2279 2489 2352 Ἐπειδὴ
2508 2278 2565 2333 δὲ
2580 2276 2675 2331 ἐπὶ
2696 2275 2806 2330 τῶν
2831 2276 3008 2347 ἔργων
3032 2272 3212 2328 αὑτῶν
3233 2272 3385 2326 οὐδὲν
3403 2272 3611 2326 τούτων

2030 2365 2243 2435 γέγονε,
2267 2364 2375 2419 τῶν
2405 2363 2475 2416 τὰ
2501 2361 2742 2432 πρότερα
2771 2357 3157 2430 τολμησάντων
3181 2357 3294 2420 τοῖς
3324 2354 3612 2427 προτέροις
3671 2406 3675 2411 ,

2031 2445 2519 2518 ὲπαγωνιζομένων
2547 2444 2628 2497 ἔτι
2650 2442 3136 2513 παρανομήμασιν,
3170 2438 3386 2492 ἅπαντα
3413 2437 3510 2508 μὲν
3542 2437 3615 2491 τά

2029 2534 2162 2604 παρ’
2205 2531 2385 2586 αὑτῶν
2436 2529 2575 2600 μετά
2621 2527 2795 2582 ταῦτα
2826 2525 3171 2604 γεγενημένα
3217 2522 3340 2576 καθ’
3382 2522 3614 2576 ἕκαστον

2028 2603 2436 2687 διηγήσασθαιά
2468 2613 2744 2685 παρίημι·
2773 2611 2868 2665 καὶ
2892 2608 3002 2679 γάρ
3030 2605 3272 2680 ἱστορίας
3298 2603 3614 2677 ὑπερϐαίνει

2032 2698 2251 2768 μέτρον,
2285 2698 2387 2751 οὑκ
2424 2695 2715 2766 ἐπιπολῆς
2758 2693 2940 2765 μόνον,
2973 2693 3007 2763 ή
3035 2691 3315 2762 διήγησις·
3345 2690 3522 2742 έκεῖνο
3554 2687 3612 2741 δὲ

2030 2778 2337 2852 παρακαλῶ
2362 2779 2463 2851 τὴν
2499 2777 2777 2848 ἄγρυπνον
2806 2775 2959 2846 ὑμῶν
2994 2773 3195 2845 ψυχὴν,
3224 2771 3329 2827 κᾶν
3358 2773 3408 2825 οἰ
3429 2770 3612 2825 πάντα

2029 2864 2278 2936 θορύϐων
2298 2861 2681 2934 ἐμπλήσαντες
2700 2857 3045 2930 ἀμετανόητα
3065 2856 3261 2909 νοσῶσι
3281 2855 3376 2909 καὶ
3395 2854 3612 2918 ἀνίατα,

2028 2949 2224 3012 αὐτοὺς
2254 2945 2404 3019 [5‘22]
2438 2945 2565 3009 τοὺς
2611 2942 2952 3015 θεραπεῦσαι
3006 2938 3148 2993 αὑτά
3193 2938 3481 3008 ἑλομένους
3535 2938 3611 3008 μὴ

2030 3031 2436 3104 περικακῆσαι,
2498 3026 2634 3100 μηδὲ
2692 3023 3102 3096 ἀπαγορεῦσαι,
3136 3021 3199 3075 τὸ
3249 3021 3481 3092 μέγεθος
3514 3020 3611 3104 τοῦ

2025 3103 2453 3185 κατορθώματος
2498 3108 2877 3182 ἐννοήσαντας.
2926 3104 3186 3176 Καί,γάρ
3214 3104 3355 3174 ὑπὲρ
3384 3104 3484 3173 τῆς
3531 3103 3615 3156 ol-

2028 3196 2302 3268 κουμένης
2347 3194 2531 3267 σχεδὸν
2576 3192 2792 3263 ἀπάσης
2835 3193 2864 3245 ό
2912 3187 3103 3261 παρὼν
3137 3189 3265 3260 ὑμῖν
3295 3185 3444 3256 ἀγὼν
3473 3186 3609 3257 πρό-

2031 3295 2242 3346 κειται,
2277 3279 2416 3350 ὑπὲρ
2474 3274 2814 3348 Ἐκκλησιῶν
2855 3274 2936 3337 εἰς
2980 3272 3108 3343 γόνυ
3137 3268 3606 3340 κατενεχθεισῶν,

2031 3364 2173 3435 ὑπὲρ
2199 3362 2345 3417 λαῶν
2370 3361 2809 3433 διασπαρέντων,
2840 3356 2980 3428 ὑπὲρ
3010 3355 3227 3427 κλήρων
3260 3352 3607 3424 πολεμουμέ-

2032 3464 2160 3510 νων,
2194 3446 2334 3517 ὑπὲρ
2367 3444 2679 3498 ἐπισκόπων
2716 3439 3187 3513 φυγαδευομένων,
3223 3436 3365 3507 ὑπὲρ
3393 3435 3613 3507 θεσμῶν

2026 3528 2279 3599 πατέρων
2293 3526 2720 3598 παραϐαθέντων
2739 3536 2787 3581 θ.
2807 3523 3006 3585 Διδξκαί
3023 3519 3342 3593 παρακαλοῦ
3350 3537 3447 3589 μεν
3460 3518 3615 3590 ὑμῶν

2024 3612 2125 3682 τὴν
2152 3610 2480 3682 ἐμμέλειαν,
2510 3610 2604 3663 καὶ
2632 3605 2782 3673 ἅπαξ
2812 3607 2908 3661 καὶ
2937 3606 3018 3669 δὶς
3046 3605 3141 3659 καὶ
3184 3602 3472 3666 πολλάκις,
3503 3603 3616 3673 ὅσῳ
3656 3642 3661 3646 .

2026 3695 2226 3749 πλείων
2254 3696 2288 3766 ή
2320 3694 2488 3765 ζάλη,
2527 3692 2767 3763 τοσούτῳ
2815 3689 3038 3743 πλείονα
3080 3685 3453 3751 ἐπιδείξασθαι
3508 3686 3613 3757 τὴν

2028 3778 2282 3849 σπουδήν.
2312 3776 2710 3850 Προσδοκῶμεν
2733 3774 2841 3845 γὰρ
2870 3772 2966 3826 καὶ
2994 3769 3214 3825 ἔσεσθαί
3237 3786 3291 3822 τι
3323 3768 3486 3822 πλέον
3526 3769 3613 3832 εἰς

2024 3860 2330 3932 διόρθωσιν.
2388 3861 2451 3913 Ei
2500 3859 2544 3912 δ’
2577 3858 2686 3930 άρα
2721 3858 2797 3929 μὴ
2830 3855 2987 3909 τοῦτο
3034 3853 3266 3923 γένοιτο,
3303 3851 3418 3905 ἀλλ’
3451 3851 3614 3921 ὑμεῖς

2026 3943 2434 4015 ἀπηρτισμένον
2479 3942 2631 4013 έχετε
2670 3940 2763 3994 τὸν
2796 3939 3056 4008 στέφανον
3097 3934 3249 4010 παρὰ
3278 3932 3373 3988 τοῦ
3416 3934 3611 4003 φιλαν-

2026 4027 2244 4098 θρώπου
2284 4025 2443 4090 Θεοῦ,
2478 4027 2575 4080 καὶ
2604 4027 2718 4088 τοῖς
2747 4022 3123 4092 ἀδικουμένοις
3149 4019 3210 4073 οὐ
3242 4017 3416 4089 μικρά
3452 4015 3613 4072 τοῦτο

2025 4109 2177 4164 ἔσται
2205 4109 2571 4181 παράκλησις,
2598 4108 2698 4179 τῆς
2715 4105 2988 4178 ὑμετέρας
3009 4103 3230 4173 ἀγάπης
3260 4103 3293 4173 ἡ
3318 4101 3571 4164 ἔνστασις
3594 4117 3611 4132 ο

2026 4196 2149 4249 ἐπεὶ
2175 4194 2269 4247 καὶ
2309 4194 2458 4264 ἡμᾶς
2492 4194 2677 4263 τρίτον
2708 4190 2825 4253 ἔτος
2850 4187 3010 4243 τοῦτο
3035 4186 3055 4226 ί
3090 4187 3149 4241 ὲν
3186 4184 3374 4257 ὲξορίᾳ
3400 4183 3612 4255 διατρί-

2025 4277 2237 4342 ϐοντας,
2255 4275 2421 4347 λιμῷ,
2443 4275 2636 4347 λοιμῷ,
2658 4275 2934 4345 πολέμοις,
2953 4270 3290 4343 πολιορκίαις
3313 4267 3610 4339 συνεχέσιν,

2024 4360 2230 4432 ἐρημίᾳ
2280 4360 2505 4432 ἀφάτῳ,
2561 4359 2778 4430 θανάτῳ
2839 4353 3233 4429 καθημερινῷ,
3317 4352 3614 4424 μαχαίραις

2037 4446 2372 4516 ἰσαυρικαῖς
2407 4444 2807 4515 ὲκδεδομένους,
2855 4443 2954 4512 οὑχ
2987 4443 3066 4505 ὼς
3104 4440 3264 4510 ἔτυχε
3303 4436 3616 4508 παρακαλεῖ

2024 4529 2119 4582 καὶ
2148 4528 2554 4600 παραμυθεῖται
2584 4528 2646 4580 τὸ
2675 4526 2897 4598 διαρκὲς
2932 4524 3028 4579 καὶ
3060 4524 3286 4595 μόνιμον
3321 4520 3481 4590 ὑμῶν
3506 4518 3614 4588 τῆς

2022 4611 2313 4676 διαθέσεως
2366 4613 2463 4666 καὶ
2508 4612 2607 4681 τῆς
2654 4609 2996 4682 παρρησίας,
3040 4606 3226 4662 καὶτὸ
3262 4603 3476 4674 δαψιλεῖ
3516 4603 3613 4656 καὶ

2029 4696 2272 4767 γνησίᾳσ
2328 4694 2500 4759 οὑτως
2548 4694 2819 4766 ἐντρυφᾷν
2873 4692 3026 4762 ὑμῶν
3078 4692 3145 4762 τῇ
3179 4687 3391 4761 ἀγάπῃ.
3442 4685 3613 4739 Τοῦτο

2028 4780 2160 4850 ἡμῖν
2202 4782 2413 4851 τεῖχος,
2444 4779 2600 4833 τοῦτο
2637 4778 2937 4848 ἀσφάλεια,
2966 4774 3124 4829 τοῦτο
3155 4772 3321 4844 λιμὴν
3364 4770 3620 4843 ἀκύμαν-

2026 4880 2147 4930 τος,
2172 4863 2331 4917 τοῦτο
2353 4863 2627 4935 θησαυρὸς
2671 4861 2879 4933 μυρίων
2916 4857 3139 4928 ἀγαθῶν
3160 4897 3175 4921 ,
3207 4856 3368 4909 τοῦτο
3412 4856 3603 4925 εὐφρο-

2026 4947 2186 5019 σύνη,
2213 4948 2308 5002 καὶ
2336 4948 2536 5017 πολλῆς
2564 4946 2757 5018 ἡδονῆς
2783 4943 3057 5007 ὑπόθεσις.
3085 4941 3203 4996 Κάν
3231 4942 3310 5005 εἰς
3343 4940 3603 5012 ἐρημότε-

2028 5048 2119 5102 ρον
2161 5030 2352 5085 τούτου
2399 5031 2562 5084 πάλιν
2598 5026 2988 5098 ἀπενεχθῶμεν
3042 5024 3272 5096 χωρίον,
3310 5024 3372 5076 οὑ
3408 5023 3612 5095 μικρὰν

2023 5115 2227 5185 ταύτην
2263 5114 2477 5186 ἔχοντες
2523 5110 2872 5186 παράκλησιν
2913 5109 3021 5164 τῶν
3059 5107 3398 5180 παθημάτων
3447 5107 3607 5178 ἡμῶν

2023 5198 2249 5269 ἄπιμεν.

2092 5433 2115 5462 ο
2141 5430 2253 5481 Duo
2272 5444 2389 5479 mss.
2436 5431 2788 5489 ἐξεδικήθησαν,
2813 5433 2865 5479 et
2885 5431 2954 5479 sic
2975 5429 3128 5481 habet
3166 5426 3396 5480 Savilius.
3431 5424 3603 5478 Morel.

2027 5494 2390 5556 έξεδιέιχθησαν.
2418 5491 2558 5556 Unus
2566 5491 2691 5556 jbid.
2717 5493 3031 5556 παραϐάντες.

2092 5553 2119 5594 d
2140 5553 2265 5603 Ti‘és
2290 5567 2405 5602 mss.
2434 5553 2711 5614 διηγεῖσθαι.

2092 5616 2119 5678 3
2144 5614 2279 5678 Unus
2296 5616 2626 5678 παρᾳόάχτφνο

2090 5673 2113 5712 ί
2141 5676 2226 5726 Sir.
2246 5673 2379 5725 mssf
2398 5675 2451 5725 In
2479 5676 2638 5727 Edilis
2657 5673 2800 5725 τοῦτο
2823 5675 2986 5725 deest.

2092 5738 2118 5779 ε
2140 5737 2224 5791 δίε
2244 5750 2362 5792 mss.
2383 5737 2518 5793 Edili
2543 5750 2661 5792 vero
2693 5751 2952 5805 perperam
2970 5736 3025 5787 τὸ
3049 5736 3099 5786 ἐν
3124 5736 3233 5802 ψιλῇ
3256 5735 3339 5789 καὶ
3358 5734 3542 5800 γνησίᾳ.

3181 5861 3257 5927 10
