4002 6396
471 305 575 360 557
597 347 612 378 ,

1173 310 1230 364 S.
1270 310 1555 365 JOANNIS
1588 311 2076 369 CIIRYSOSTOMI
2130 311 2444 367 AHCHIEP.
2487 302 3030 365 CONSTANTINOP.

3634 299 3735 357 £58

739 513 774 556 ⁸
825 513 972 598 ΤΩ
1045 511 1574 600 ΑΓΑΠΗΤΩ
1655 510 2096 601 ΑΔΕΛΦΩ
2169 507 2594 598 ΙΩΑΝΝΗ
2669 502 3474 594 ΙΝΝΟΚΕΝΤΙΟΣ.

540 699 603 752 Εἰ
633 697 726 750 καὶ
765 697 941 750 πάντα
968 695 1048 748 δεῖ
1077 695 1168 748 τὸν
1200 695 1439 750 ἀναίτιον
1483 697 1788 768 προσδοκᾷν
1815 695 1885 750 τά
1913 714 2048 768 χρη·
2084 665 2256 764 -γάρ
2289 691 2581 763 ὑπομένειν
2624 690 2829 759 ὀφείλει
2873 692 2902 744 ὁ
2943 690 3021 762 τῷ
3058 691 3176 762 Θεῷ
3216 691 3477 762 πρῶτον,
3516 685 3636 745 εἷτα
3669 690 3757 747 καὶ

472 783 588 844 στα,
623 781 717 833 καὶ
751 779 899 849 παρά
925 777 1018 830 τοῦ
1048 777 1183 831 Θεοῦ
1219 778 1309 832 τὸν
1349 779 1496 832 ἔλεον
1536 782 1723 843 αἰτεῖν,
1758 781 1906 849 ὅμως
1953 779 2048 832 καὶ
2146 775 2226 846 τῷ
2262 775 2376 842 ἰδίῳ
2409 772 2684 837 πεποιθὼς
2720 774 2982 828 συνειδότι
3004 789 3018 804 ο
3061 775 3222 828 ὀπότε
3269 774 3522 844 μάλιστα
3552 776 3756 845 γυμνάο

471 866 598 934 παρ’
624 862 780 934 ἡμῶν
806 861 904 932 τήν
933 860 1284 926 ἀνεξικακίαν
1315 861 1788 932 συμϐουλευόντων
1819 863 1888 914 τά
1912 861 2047 914 καθ-

466 944 669 1014 ήκοντα
696 944 1002 1015 γράμματα
1032 944 1118 997 διὰ
1152 945 1432 1014 Κυριακοῦ
1463 945 1556 997 τοῦ
1582 945 1828 998 διακόνου
1853 943 2050 1006 ἐξαπέ-

469 1028 692 1082 σταλται
713 1045 726 1058 ·
759 1027 900 1081 ὥστε
943 1028 1016 1098 μὴ
1046 1026 1206 1082 πλέον
1233 1027 1526 1098 δυνηθῆναι
1557 1028 1654 1098 τὴν
1687 1027 1842 1097 ὓϐριν
1889 1029 1946 1078 ἐν
1971 1024 2050 1095 τῷ

469 1110 793 1178 συντρίϐειν,
821 1110 854 1181 ἦ
882 1111 944 1163 τὸ
970 1109 1174 1177 ἀγαθὸν
1198 1111 1433 1173 συνειδὸς
1457 1113 1514 1163 ἐν
1535 1110 1611 1180 τῷ
1630 1109 1889 1173 ἐλπίζειν.
1915 1107 2050 1160 Οὐδὲ

468 1194 574 1266 γάρ
603 1194 836 1262 ὀφείλεις
861 1193 1196 1264 διδαχθῆναι,
1225 1195 1253 1246 ὁ
1277 1193 1546 1246 τοσούτων
1567 1191 1710 1244 λαῶν
1735 1189 2050 1252 διδάσκαλος

468 1279 562 1329 καὶ
594 1277 821 1347 ποιμὴν,
848 1276 974 1338 τοὺς
1012 1275 1265 1347 ἀρίστους
1292 1275 1381 1331 ἀεὶ
1415 1276 1509 1329 καὶ
1537 1275 1794 1336 πολλάκις
1823 1271 2050 1342 δοκιμά-

469 1358 678 1423 ζεσθαι,
714 1362 764 1412 εἰ
806 1360 863 1410 ἐν
891 1362 957 1428 τῇ
985 1359 1137 1429 ἀκμῇ
1185 1358 1283 1428 τῆς
1323 1358 1604 1427 ὑπομονῆς
1647 1356 2048 1428 παραμένουσι.

470 1443 562 1494 καὶ
596 1441 772 1494 οὐδενί
799 1441 947 1510 πόνῳ
977 1440 1344 1504 κακοπαθείας
1369 1441 1734 1492 ὑποπίπτουσι
1755 1455 1769 1468 ⁸
1795 1439 1888 1492 καλ⁸
1908 1438 2052 1490 ἐστιν

469 1523 542 1587 ώς
577 1523 790 1595 άληθῶς
827 1523 1040 1593 βέϐαιον
1069 1526 1302 1594 πρᾶγμα
1322 1525 1381 1577 τὸ
1414 1524 1648 1586 συνειδὸς
1677 1525 1756 1585 εἰς
1789 1523 1964 1575 πάντα
1986 1520 2052 1573 τὰ

469 1607 668 1670 ἀδίκως
705 1607 1111 1676 συμπίπτοντα·
1155 1606 1294 1676 άπερ
1323 1608 1371 1658 εἰ
1408 1607 1482 1676 μὴ
1518 1607 1759 1676 νικήσειέ
1800 1623 1880 1668 τις
1924 1605 2055 1657 ὑπο-

473 1690 672 1761 μένων,
696 1691 990 1760 τεκμήριον
1013 1688 1221 1759 φαύλης
1249 1689 1568 1759 ὑπολήψεως
1595 1688 1840 1760 ἐκφέρει.
1872 1688 2054 1740 Πάντα

585 1821 675 1869 Ηιε
719 1821 828 1870 dure
881 1819 1151 1869 Innocentii
1178 1821 1404 1882 epistolae
1445 1832 1504 1867 ex
1548 1820 1722 1868 Latino
1754 1822 1803 1868 in
1830 1819 2054 1882 Grmpum

473 1884 720 1931 translata;
755 1883 893 1930 fuere
916 1904 926 1930 :
954 1880 1267 1944 quamobrem
1295 1895 1354 1930 ne
1382 1883 1577 1930 mireris
1611 1882 1822 1943 aliquam
1846 1880 1894 1929 in
1921 1881 2056 1930 Ora:-

471 1947 540 1994 ck
561 1944 867 2006 deprehr-ndi
895 1946 1323 2006 peregrinilalem.

2150 858 2340 925 ζεσθαι
2369 859 2449 921 εἰς
2476 859 2752 928 ὑπομονὴν
2780 859 2808 910 ὀ
2842 856 3004 920 καλὸς
3039 857 3134 911 καὶ
3165 857 3382 926 ἀγαθὸς
3412 857 3662 918 δύναται,
3680 875 3757 911 νιο

2150 943 2350 998 κᾶσθαι
2375 943 2430 996 δὲ
2458 943 2578 1005 οὑκ,
2612 941 2909 1012 ἐπειδήπερ
2934 941 3100 995 αὑτοῦ
3123 941 3222 1013 τὴν
3257 941 3515 996 διάνοιαν
3541 943 3599 996 αί
3621 942 3755 995 θεῖαι

2149 1027 2367 1100 Γραφαὶ
2393 1025 2749 1095 φυλάττουσιο
2775 1025 2870 1077 καὶ
2905 1024 3324 1094 περιττεύουσιν
3357 1025 3758 1094 ὑποδείγμασιν

2151 1112 2207 1166 αἰ
2254 1111 2394 1164 θεῖαι
2439 1107 2792 1177 ἀναγνώσεις,
2825 1107 2890 1171 ἀς
2945 1111 3056 1172 τοῖς
3106 1108 3260 1170 λαοῖς
3306 1107 3752 1179 παραδιδόαμεν·

2151 1197 2352 1257 αἵτινες
2385 1195 2596 1256 πάντας
2641 1193 2826 1262 σχεδὸν
2857 1193 2983 1256 τοὺς
3025 1192 3211 1261 ἁγίους
3260 1191 3758 1262 καταπεπονῆσθαι

2151 1279 2422 1350 διαφόρως
2450 1276 2545 1330 καὶ
2575 1275 2812 1345 συνεχῶς
2837 1275 3227 1338 ἐπιστώσαντο,
3269 1274 3431 1347 [5‘25]
3479 1274 3577 1328 καὶ
3617 1274 3756 1328 δοκι-

2156 1363 2423 1435 μάζεσθαι
2457 1361 2710 1431 καθάπερ
2733 1359 2790 1412 ἐν
2816 1377 2921 1413 τινι
2949 1358 3266 1426 διαγνώσει,
3291 1358 3446 1412 οὕτω
3475 1375 3538 1411 τε
3565 1360 3645 1421 εἰς
3669 1359 3754 1410 τὸν

2155 1447 2416 1516 στέφανον
2463 1446 2562 1514 τῆς
2609 1443 2891 1512 ὑπομονῆς
2944 1440 3294 1510 ἐληλυθέναι.
3352 1441 3756 1512 Παραμυθείτω

2153 1531 2250 1600 τήν
2285 1528 2507 1596 ἀγάπην
2541 1543 2634 1579 σου
2665 1525 2798 1578 αὐτὸ
2829 1525 2890 1577 τὺ
2912 1524 3172 1586 συνειδὸς,
3194 1523 3408 1593 ἀδελφέ
3436 1522 3750 1593 τιμιώτατε,

2153 1614 2291 1680 ὅπερ
2329 1611 2387 1664 ἐν
2413 1613 2534 1674 ταῖς
2565 1608 2809 1678 θλίψεσιν
2841 1608 2951 1678 ἔχει
2985 1607 3086 1677 τὴν
3109 1607 3482 1677 παραμυθίαν
3512 1606 3610 1675 τῆς
3631 1607 3752 1678 ἀρε-

2153 1697 2273 1764 τῆς.
2300 1695 2724 1754 Ἐποπτεύοντος
2776 1692 2884 1762 γὰρ
2930 1689 3025 1744 τοῦ
3069 1691 3354 1743 Δεσπότου
3389 1690 3653 1761 Χριστοῦ,
3697 1691 3751 1742 ἐν

2154 1779 2233 1848 τῷ
2269 1779 2450 1849 λιμένι
2499 1779 2599 1849 τῆς
2639 1777 2860 1847 εἰρήνης
2905 1773 3309 1846 καθαρισθεῖσα
3362 1776 3400 1844 ἡ
3457 1773 3752 1844 συνείδησις

2157 1863 2434 1932 στήσεται.

1336 2156 2096 2242 ΙΝΝΟΚΕΝΤΙΟΣ
2169 2156 2830 2242 ΕΠΙΣΚΟΠΟΣ

471 2271 900 2338 Πρεσϐυτέροις
956 2273 1056 2345 καὶ
1102 2272 1419 2345 διακόνοις,
1467 2274 1566 2327 καί
1614 2274 1792 2326 παντὶ
1825 2274 1904 2339 τῷ
1941 2279 2146 2345 κλήρῳ
2178 2275 2276 2327 καί
2326 2275 2406 2340 τῷ
2445 2273 2592 2345 ,λαῷ
2617 2272 2735 2345 τῆς-
2767 2274 3482 2345 Κωνσταντινουπόλεως
3517 2275 3744 2345 '52;qu-

971 2344 1133 2408 σίας,
1158 2343 1282 2409 τοῖς
1309 2343 1427 2397 ὑπὸ
1457 2345 1564 2397 τὸν·
1588 2346 1930 2399 ἐπίσκοπον
1968 2344 2265 2411 Ἰωάννην,
2301 2344 2636 2414 ἀγαπητοῖς
2669 2342 2976 2412 ἀδελφοῖς,
3001 2344 3259 2412 χαίρειν.

553 2518 648 2570 Ἐκ
679 2515 786 2570 τῶν
819 2517 1165 2587 γραμμάτων
1197 2518 1294 2589 τῆς
1326 2519 1600 2591 ὑμετέρας
1627 2521 1868 2593 ἀγάπης,
1898 2525 2055 2578 ἀτινα

469 2599 558 2654 διὰ
598 2599 879 2670 Γερμανοῦ
923 2599 1018 2652 τοῦ
1067 2602 1437 2674 πρεσϐυτέρου
1491 2604 1584 2657 καὶ
1634 2606 1910 2660 Κασιανοῦ
1959 2608 2056 2661 τοῦ

468 2685 714 2739 διακόνου
752 2683 1150 2753 ἀπεστάλκατε,
1201 2687 1300 2756 τὴν
1342 2687 1547 2758 σκηνὴν
1588 2688 1698 2741 τῶν
1742 2689 1947 2756 κακῶν,
1989 2691 2057 2762 ἢν

469 2769 576 2840 πρὸ
628 2767 736 2821 τῶν
785 2767 1080 2838 ὀφθαλμῶν
1130 2770 1394 2839 ἐθήκατε,
1444 2772 1775 2844 ἐμμερίμνῳ
1813 2774 2057 2845 φροντίδι

468 2851 799 2922 κατέμαθον,
835 2852 987 2915 ὅσαις
1021 2870 1079 2905 τε
1119 2854 1151 2924 ἡ
1203 2853 1387 2919 πίστις
1429 2855 1628 2926 κάμνει
1659 2856 2056 2930 ταλαιπωρίαις

465 2953 526 2988 τε
575 2936 668 2989 καὶ
715 2934 919 2999 πόνοις,
949 2937 1391 3010 ἐπαναληφθείσῃ
1428 2937 1686 3002 πολλάκις
1715 2941 1784 3011 τῇ
1809 2940 2055 3008 ἀναγνώ-

468 3036 552 3072 σει
582 3019 824 3073 κατεῖδον
844 3037 857 3050 ·
900 3020 1038 3090 ὅπερ
1064 3022 1298 3090 πρᾶγμα
1327 3021 1464 3091 μόνη
1501 3023 1535 3092 ἡ
1586 3023 1933 3094 παράκλησις
1955 3026 2056 3094 τῆς

467 3103 746 3172 ὑπομονῆς
775 3103 921 3156 ἰᾶται
944 3119 955 3132 ·
987 3102 1149 3155 δώσει
1171 3104 1279 3172 γὰρ
1304 3105 1360 3158 ἐν
1384 3104 1542 3176 τάχει
1569 3107 1596 3158 ὀ
1624 3105 1894 3177 ἡμέτερος
1922 3107 2056 3171 Θεὸς

467 3189 586 3249 ταῖς
618 3184 904 3248 τοσαύταις
927 3185 1135 3254 θλίψεσι
1161 3186 1338 3250 τέλος,
1373 3187 1470 3240 καὶ
1492 3181 1669 3241 ταῦτα
1693 3189 1929 3242 συνοίσει
1953 3191 2056 3243 ὑπο

468 3266 980 3338 ἐνηνοχέναι.“Αλλά
1024 3267 1133 3339 γάρ
1179 3269 1348 3338 αὑτήν
1393 3269 1492 3340 τὴν
1540 3270 1844 3338 ἀναγκαίαν
1873 3273 2055 3343 παρά-

469 3353 681 3420 κλησιν,
709 3352 765 3403 ἐν
795 3352 936 3422 ἀρχῇ
963 3351 1060 3420 τῆς
1090 3351 1374 3422 ἐπιπολῆς
1409 3353 1506 3422 τῆς
1535 3353 1807 3424 ὑμετέρας
1835 3353 2056 3426 ἀγάπης

469 3435 749 3506 κειμένην,
768 3434 1207 3504 ἐγκωμιάζοντες
1237 3434 1390 3505 ὑμῶν
1411 3436 1509 3506 τὴν
1533 3435 1794 3507 πρόθεσιν
1820 3437 2056 3506 ἐπεγνώ·

469 3535 666 3588 καμεν,
697 3517 899 3579 πολλὰς
948 3517 1086 3588 πρὸς
1120 3518 1180 3570 τὸ
1221 3518 1514 3589 ὑπομένειν
1557 3521 1867 3592 μαρτυρίας
1896 3539 2051 3594 περι-

468 3602 698 3672 έχουσαν
720 3616 733 3630 ·
765 3600 868 3670 τὴν
908 3600 1017 3671 γάρ
1061 3601 1336 3671 ἡμετέραν
1370 3602 1735 3674 παράκλησιν,
1760 3604 1826 3674 ἡν
1851 3605 2057 3675 ὀφείλο·

471 3701 572 3754 μεν
599 3685 738 3755 ὑμῖν
770 3686 1094 3746 ἐπιστεῖλαι,
1134 3687 1247 3747 τοῖς
1284 3685 1572 3756 ὑμετέροις
1599 3688 1892 3759 γράμμασι
1922 3707 2056 3760 προ-

467 3768 761 3836 εφθάσατε.
795 3768 1014 3838 Ταύτην
1055 3767 1162 3841 γὰρ
1196 3771 1309 3831 τοῖς
1355 3771 1652 3841 κάμνουσιν
1703 3769 1733 3824 ὀ
1781 3773 2052 3844 ἡμέτερος

467 3852 744 3921 Δεσπότης
775 3852 1054 3923 ὑπομονὴν
1085 3853 1346 3924 παρέχειν
1371 3855 1580 3918 εἴωθεν,
1613 3857 1699 3910 ἵνα
1727 3859 1822 3912 καὶ
1849 3859 1904 3910 ἐν
1929 3861 2051 3922 ταῖς

470 3934 679 4003 θλίψεσι
721 3935 1102 4005 τυγχάνοντες,
1137 3937 1365 4000 ἑαυτοὺς
1397 3940 1445 3991 οἰ
1481 3938 1577 3992 τοῦ
1606 3939 1847 4012 Χριστοῦ
1876 3940 2054 3994 δοῦλοι

468 4017 920 4090 παραμυθῶνται,
954 4019 1396 4091 ἀναλογιζόμενοι
1420 4023 1478 4074 ἐν
1521 4023 1752 4091 ἑαυτοῖς,
1787 4023 1882 4076 καὶ
1915 4023 2053 4096 πρόο

467 4118 624 4172 τερον
656 4101 985 4172 γεγενῆσθαι
1016 4104 1130 4166 τοῖς
1159 4103 1334 4172 ἁγίοις
1375 4105 1520 4176 άπερ
1559 4106 1717 4160 αὐτοὶ
1759 4108 2050 4177 πάσχουσι.

467 4186 580 4241 Καὶ
606 4186 767 4253 ἡμεῖς
813 4185 871 4237 δέ
917 4185 977 4250 ἐξ
1013 4185 1193 4249 αὑτῶν
1238 4187 1348 4242 τῶν
1397 4189 1678 4262 ὑμετέρων
1707 4192 2052 4262 γραμμάτων

466 4265 742 4338 δυνάμεθα
771 4269 906 4338 ἡμῖν
935 4269 1296 4339 προσενέγκαι
1325 4272 1699 4343 παράκλησιν
1735 4275 1798 4327 οὑ
1821 4279 1932 4346 γάρ
1957 4274 2051 4328 τοῦ

470 4350 756 4419 συναλγεῖν
790 4351 918 4420 ὑμῖν
941 4353 1107 4422 ἐσμεν
1133 4353 1424 4425 ἀλλότριοι,
1453 4357 1755 4428 ἐπειδήπερ
1776 4359 1872 4411 καί⁸
1891 4359 2052 4428 ἡμεῖς

467 4433 812 4505 κολαζόμεθα
846 4436 904 4486 ἐν
934 4434 1085 4505 ὑμῖν.
1123 4434 1216 4499 Τίς
1244 4436 1353 4508 γάρ
1379 4438 1603 4507 ἐνέγκαι
1656 4439 1937 4512 δυνήσεται
1981 4439 2053 4494 τά

468 4518 950 4590 ἐξαμαρτανόμενα
973 4519 1066 4572 ὑπ’
1090 4520 1334 4586 ἐκείνων,
1358 4522 1606 4587 οὕστινας
1627 4525 1793 4595 ἐχρῆν
1817 4523 2050 4596 μάλιστα

467 4602 564 4656 τοῦ
595 4603 831 4675 γαληνοῦ
862 4605 960 4674 τῆς
991 4604 1215 4674 εἰρήνης
1243 4609 1337 4658 καὶ
1361 4606 1530 4676 αὐτῆς
1552 4607 1890 4671 σπουδαστὰς
1909 4601 2050 4661 εἶναι

467 4688 566 4758 τῆς
586 4688 857 4758 ὁμονοίας.
886 4686 1000 4740 Νῦν
1025 4687 1416 4760 ἐνηλλαγμένῳ
1443 4692 1630 4762 τρόπῳ
1657 4691 1766 4745 ἀπὸ
1789 4691 1889 4762 τῆς
1914 4709 2050 4764 προ-

467 4770 650 4840 ιδρίας
669 4769 776 4823 τῶν
803 4770 948 4824 ἰδίων
965 4771 1302 4841 Ἐκκλησιῶν
1327 4772 1648 4837 ἐξωθοῦνται
1670 4773 1837 4829 ἀθῶοι
1860 4778 2048 4847 ἱερεῖς.

473 4854 540 4904 Ὅ
564 4853 630 4920 δὴ
662 4853 755 4905 καὶ
783 4853 1001 4923 πρῶτος
1021 4855 1050 4908 ὀ
1068 4854 1295 4924 ἀδελφὸς
1329 4855 1486 4926 ἡμῶν
1515 4858 1610 4910 καί¹
1642 4857 2052 4930 συλλειτουργός

481 4935 735 5004 Ἰωάννης
787 4937 817 4988 ὀ
867 4938 1130 5008 ὑμέτερος
1183 4939 1481 5002 ἐπίσκοπος
1537 4940 1738 5004 ἀδίκως
1789 4943 2048 5008 πέπονθε,

469 5018 742 5088 μηδεμιᾶς
771 5019 949 5088 τυχὼν
991 5022 1308 5091 ἀκροάσεως
1331 5040 1344 5053 ·
1378 5022 1531 5077 οὐδὲν
1557 5024 1808 5096 ἔγκλημα
1862 5028 2053 5096 ἐπιφέ-

470 5117 644 5172 ρεται,
703 5101 810 5154 οὐδ’
839 5103 1199 5158 εἰσακούεται.
1257 5106 1365 5159 Καὶ
1413 5106 1496 5170 τίς
1540 5109 1573 5178 ἡ
1622 5109 2051 5182 ἀπηγορευμένη

467 5183 715 5250 ἐπίνοια;
756 5185 870 5238 Ἵνα
908 5186 981 5256 μὴ
1014 5187 1286 5256 πρόφασις
1321 5189 1556 5260 κρίσεως
1587 5191 1836 5260 γένηται,
1879 5193 1912 5264 ἢ
1949 5195 2049 5266 ζη-

465 5267 626 5339 τηθῇ,
657 5269 738 5331 εἰς
772 5268 971 5331 τόπους
1003 5267 1218 5332 ζώντων
1251 5273 1440 5343 ἰερέων
1464 5273 1611 5327 ἄλλοι
1644 5277 2050 5331 άποκαθίσταν-

465 5370 576 5417 ται,
613 5353 689 5416 ὡς
718 5352 1032 5423 δυναμένων
1059 5351 1165 5406 τῶν
1195 5356 1258 5407 ἐκ
1297 5357 1538 5410 τοιούτου
1575 5357 2053 5432 πλημμελήματος

465 5437 828 5507 ὁρμωμένων,
855 5436 1030 5506 ὀρθῶς
1073 5453 1124 5488 τι
1176 5437 1340 5506 ἔχειν,
1367 5439 1399 5510 ἦ
1431 5443 1744 5513 πεπρᾶχθαι
1773 5445 1878 5498 ὑπό
1910 5462 2053 5508 τινος

467 5519 743 5588 κριθῆναι.
773 5518 908 5572 Οὑδέ
940 5519 1048 5590 γὰρ
1083 5519 1298 5572 πώποτε
1338 5522 1488 5594 παρὰ
1521 5525 1627 5577 τῶν
1661 5526 1912 5597 πατέρων
1945 5527 2053 5580 τῶν

467 5605 755 5674 ἡμετέρων
814 5604 1039 5656 τοιαῦτα
1085 5604 1449 5672 τετολμῆσθαι
1502 5607 1857 5677 ἐγνώκαμεν·
1914 5611 2051 5664 ἀλλά

474 5692 674 5760 μᾶλλον
694 5691 1039 5746 κεκωλῦσθαι
1072 5691 1151 5763 τῷ
1180 5693 1373 5765 μηδενὶ
1418 5695 1500 5759 είς
1527 5696 1691 5750 τόπον
1721 5699 1921 5764 ζῶντος
1952 5721 2057 5774 χει·

471 5775 709 5840 ροτονεῖν
737 5775 896 5828 ἄλλον
929 5775 1170 5830 δεδόσθαι
1209 5778 1478 5844 ἐξουσίαν.
1516 5781 1590 5832 Οὐ
1616 5781 1723 5852 γὰρ
1753 5789 2056 5854 χειροτονία

467 5855 726 5924 ἀδόκιμος
773 5858 866 5929 τὴν
913 5859 1078 5930 τιμὴν
1119 5861 1338 5916 δύναται
1373 5863 1669 5932 ἀφελέσθαι
1701 5868 1792 5920 τοῦ
1827 5869 2049 5939 ίερέως⁰

2163 2539 2465 2612 ἐπειδήπερ
2511 2538 2632 2592 οὑδὲ
2666 2538 2964 2600 ἐπίσκοπος
3003 2535 3230 2593 δύναται
3268 2533 3413 2593 εἶναι
3449 2539 3670 2604 ἐκεῖνος,
3697 2539 3748 2606 δς

2163 2622 2364 2686 ἀδίκως
2393 2621 2919 2676 ὑποκαθίσταται.ὐ
2947 2639 2999 2675 τι
3033 2623 3128 2675 καὶ
3162 2623 3300 2695 περὶ
3335 2621 3441 2693 τῆς
3467 2622 3574 2676 τῶν
3601 2624 3742 2678 κανό-

2163 2722 2272 2760 νων
2310 2704 2733 2776 παραφυλακῆς,
2767 2703 2980 2768 τούτοις
3025 2705 3135 2758 δεῖν
3177 2705 3421 2760 ἔπεσθαι
3453 2705 3603 2779 [524]
3627 2707 3745 2778 γρά-

2163 2805 2357 2859 φομεν,
2388 2788 2584 2850 οἵτινες
2609 2789 2666 2840 ἐν
2700 2787 2904 2859 Νικαίᾳ
2932 2788 3068 2841 εἰσὶν
3097 2789 3431 2860 ὡρισμένοι,
3459 2784 3540 2854 οἷς
3582 2791 3743 2862 μόνοις

2162 2871 2368 2940 ὀφείλει
2394 2869 2821 2941 ἐξακολουθεῖνὴ
2853 2869 3113 2942 καθολική
3149 2871 3478 2943 Ἐκκλησία,
3517 2875 3605 2926 καὶ
3635 2873 3742 2926 τού-

2159 2970 2290 3016 τους
2318 2952 2627 3023 γνωρίζειν.
2666 2954 2726 3006 Εί
2755 2953 2812 3005 δὲ
2843 2953 3019 3025 ἕτεροι
3046 2953 3152 3007 ὑπό
3177 2971 3346 3009 τινων
3373 2959 3740 3029 προφέρονται,

2161 3037 2360 3100 οἵτινες
2391 3036 2498 3089 ἀπὸ
2523 3035 2629 3089 τῶν
2656 3037 2897 3089 κανόνων
2929 3037 3038 3090 τῶν
3070 3038 3129 3092 ἐν
3157 3038 3372 3111 Νικαίᾳ
3408 3039 3732 3110 διαφωνοῦσι,

2162 3122 2256 3174 καὶ
2315 3119 2420 3173 ὑπὸ
2467 3119 2758 3190 αἱρετικῶν
2808 3119 3120 3190 ἐλέγχονται
3171 3123 3566 3194 συντετάχθαι,
3611 3118 3737 3177 οὗτοι

2161 3203 2318 3275 παρὰ
2360 3203 2470 3257 τῶν
2518 3203 2821 3258 καθολικῶν
2858 3205 3175 3259 ἐπισκόπων
3203 3208 3635 3261 ἀποϐάλλωνται.
3666 3207 3733 3258 Τὰ

2161 3288 2270 3359 γὰρ
2319 3287 2425 3341 ὑπὸ
2467 3288 2574 3342 τῶν
2606 3289 2896 3358 αἱρετικῶν
2922 3290 3238 3360 εὑρεθέντα,
3275 3291 3453 3346 ταῦτα
3501 3295 3596 3346 οὑκ
3633 3293 3734 3346 ἔστι

2160 3375 2274 3437 τοῖς
2312 3371 2618 3436 καθολικοῖς
2644 3373 2832 3426 κανόσι
2868 3375 3207 3444 προσάπτειν
3227 3393 3242 3408 ο
3280 3378 3372 3431 ἀεὶ
3405 3377 3510 3447 γὰρ
3534 3377 3615 3430 διὰ
3639 3377 3734 3430 τῶν

2161 3456 2422 3510 ἐναντίων
2469 3456 2564 3509 καὶ
2611 3456 2867 3527 ἀθέσμων
2905 3458 3005 3528 τὴν
3052 3459 3162 3512 τῶν
3217 3462 3276 3514 ἐν
3327 3461 3533 3532 Νικαίᾳ
3567 3458 3729 3530 μειοῦν

2165 3539 2359 3610 βουλὴν
2391 3539 2686 3596 ἐθέλουσιν.
2719 3542 2794 3593 Οὑ
2828 3541 2986 3612 μόνον
3022 3538 3115 3596 οὖν
3149 3542 3392 3615 λέγομεν
3423 3544 3624 3607 τούτοις
3663 3541 3728 3613 μὴ

2161 3623 2272 3678 δεῖν
2301 3624 2696 3690 ἐξακολουθεῖν,
2729 3625 2867 3678 ἀλλὰ
2911 3626 3112 3697 μᾶλλον
3144 3629 3350 3693 αὑτοὺς
3387 3629 3523 3700 μετὰ
3548 3630 3728 3699 αἰρετιο

2163 3705 2276 3760 κῶν
2309 3707 2404 3760 καὶ
2439 3708 2814 3778 σχισματικῶν
2839 3709 3126 3780 δογμάτων
3155 3708 3301 3766 εἶναι
3341 3713 3724 3784 κατακριτέους,

2161 3789 2416 3862 καθάπερ
2445 3793 2540 3846 καί⁵
2566 3794 2830 3865 πρότερον
2856 3794 3080 3863 γέγονεν
3111 3798 3168 3848 ἐν
3190 3799 3259 3868 τῇ
3285 3797 3519 3867 Σαρδικῇ
3549 3794 3724 3865 συνόδῳ

2162 3875 2268 3928 ὑπὸ
2304 3875 2412 3929 τῶν
2445 3877 2552 3946 πρὸ
2585 3877 2742 3948 ἡμῶν
2769 3880 3100 3934 ἐπισκόπων.
3134 3881 3218 3933 Τά
3253 3882 3363 3953 γάρ
3392 3881 3567 3945 καλῶς
3603 3896 3724 3950 πρα-

2162 3959 2360 4030 χθέντα
2395 3963 2819 4031 κατακρίνεσθαι
2858 3963 3058 4034 μᾶλλον
3087 3965 3393 4037 προσῆκεν,
3431 3968 3461 4033 ἡ
3491 3967 3722 4033 ἄντικρυς

2162 4041 2270 4095 τῶν
2298 4043 2536 4097 κανόνων
2573 4045 2841 4116 γενόμενα
2869 4046 3012 4117 ἔχειν
3044 4047 3167 4101 τινὰ
3211 4049 3557 4120 βεϐαιότητα,
3585 4045 3720 4102 ἀδελ-

2157 4126 2250 4195 φοὶ
2273 4125 2616 4196 τιμιώτατοι.
2636 4129 2796 4181 Ἀλλά
2825 4129 2876 4182 τί
2900 4131 3042 4184 κατὰ
3062 4130 3171 4185 τῶν
3194 4133 3456 4186 τοιούτων
3483 4131 3570 4184 νῦν
3587 4133 3638 4184 ἐν
3655 4126 3719 4198 τῷ

2159 4208 2386 4278 παρόντι
2421 4211 2765 4281 ποιήσωμεν;
2805 4213 3105 4281 ’Λναγκαία
3154 4216 3275 4268 ἐστὶ
3305 4216 3588 4284 διάγνωσις
3614 4229 3718 4266 συν-

2153 4291 2329 4363 οδικὴ,
2354 4292 2421 4363 ἢν
2448 4294 2544 4346 καὶ
2565 4295 2730 4348 πάλαι
2755 4294 2965 4366 ἔφημεν
2993 4297 3447 4368 συναθροιστέαν,
3477 4297 3602 4368 μόνη
3625 4293 3716 4363 γάρ

2155 4376 2303 4430 ἐστιν
2326 4377 2447 4448 ἡτις
2471 4376 2693 4432 δύναται
2722 4381 2822 4443 τὰς
2854 4382 3097 4453 κινήσεις
3135 4383 3247 4436 τῶν
3290 4383 3542 4438 τοιούτων
3565 4395 3714 4434 κατα-

2157 4459 2362 4514 στεῖλαι
2393 4461 2722 4530 καταιγίδων
2743 4480 2756 4493 ·
2787 4459 2856 4536 ἦς
2897 4465 2987 4518 ἵνα
3019 4465 3296 4536 τύχωμεν,
3328 4466 3589 4538 χρήσιμόν
3615 4463 3713 4513 ἐστι

2155 4541 2297 4605 τέως
2323 4543 2704 4616 ὑπερτίθεσθαι
2733 4545 2830 4618 τὴν
2864 4549 3104 4618 ἰατρείαν
3129 4551 3196 4620 τῇ
3228 4549 3478 4620 βουλήσει
3507 4545 3593 4601 τοῦ
3630 4558 3711 4612 με·

2154 4625 2323 4694 γάλου
2351 4627 2484 4680 Θεοῦ
2517 4629 2610 4682 καὶ
2639 4629 2734 4683 τοῦ
2763 4632 3001 4703 Χριστοῦ
3022 4633 3188 4687 αὑτοῦ
3216 4634 3311 4688 τοῦ
3337 4627 3706 4704 Κυρίουὴμῶν-

2157 4711 2342 4764 Πάντα
2369 4711 2470 4765 ὅσα
2503 4707 2596 4765 οῦν
2625 4712 2704 4784 τῷ
2731 4714 2910 4787 φθόνῳ
2938 4716 3027 4769 τοῦ
3058 4716 3309 4772 διαϐόλου
3338 4717 3471 4789 πρὸς
3507 4715 3598 4782 τήν
3616 4706 3706 4761 τῶν

2159 4793 2368 4846 πιστῶν
2394 4794 2718 4868 δοκιμασίαν
2751 4800 3108 4870 τετάρακται,
3152 4801 3584 4873 πραῦνθήσεται’
3631 4790 3708 4873 οὓς

2155 4877 2242 4930 δέν
2269 4878 2554 4949 ὀφείλομεν
2581 4883 2647 4952 τῇ
2684 4869 3002 4954 στερρότητι
3032 4883 3134 4955 τῆς
3183 4869 3417 4946 πίστεως
3449 4878 3587 4949 παρὰ
3625 4869 3704 4955 τοῦ

2155 4963 2362 5032 Κυρίου
2391 4964 2708 5019 ἀπελπίσαι.
2735 4967 2844 5019 Καί¹
2869 4968 2979 5039 γὰρ
3000 4954 3160 5039 ἡμεῖς
3192 4969 3361 5023 πολλὰ
3393 4954 3704 5030 σκεπτόμεθα

2155 5045 2214 5098 ὃν
2246 5046 2446 5134 τρόπον
2498 5049 2530 5117 ἡ
2583 5049 3180 5134 σύνοδοςῃοίκουμενικὴ
3235 5047 3535 5122 συναχθείη,
3579 5043 3700 5134 ὃποςς

2155 5132 2222 5200 τῇ
2270 5128 2520 5200 βουλήσει
2553 5132 2647 5185 τοῦ
2679 5131 2815 5186 Θεοῦ
2845 5136 2900 5187 αἱ
2933 5136 3270 5207 ταραχώδεις
3311 5134 3544 5213 κινήσεις
3583 5128 3703 5213 παρ’

2159 5214 2812 5286 σωνται.¹Υπομείνωμεν
2865 5213 2958 5271 οῦν
3005 5220 3164 5283 τέως,
3198 5221 3291 5274 καὶ
3332 5217 3410 5287 τῷ
3434 5212 3700 5287 τείχει

2161 5297 2442 5380 ὑπομονῆς
2467 5283 2850 5369 ὀχυρούμενοι,
2884 5301 3194 5372 ἐλπίσωμεν
3219 5283 3392 5354 πάντα
3421 5298 3483 5366 τῇ
3509 5283 3698 5380 βοηθείᾳ

2161 5377 2255 5432 τοῦ
2277 5381 2413 5433 Θεοῦ
2437 5382 2594 5451 ἡμῶν
2625 5385 3166 5454 ἀποκατασταθῆναι.
3193 5386 3376 5439 Πάντα
3393 5381 3446 5433 δὲ
3467 5380 3558 5432 ὅσα
3577 5372 3698 5438 ὑμᾶς

2162 5467 2488 5535 ὑφίστασθαι
2511 5471 2790 5541 εἰρήκατε,
2810 5471 2903 5524 καὶ
2933 5472 3199 5544 πρότερον
3227 5465 3612 5544 συνδραμόντων
3626 5456 3694 5544 εἰς

2161 5533 2260 5620 τήν
2296 5549 2514 5622 Ῥώμην
2546 5533 2652 5605 τῶν
2681 5533 2964 5626 ἡμετέρων
2979 5533 3434 5613 ’συνεπισκόπώνξ
3448 5547 3493 5600 εἰ
3524 5533 3690 5626 καῖ-τά

2165 5631 2401 5706 μάλιστα
2433 5621 2711 5709 διαφόροις
2725 5621 2961 5710 χρόνοις,
2989 5637 3234 5693 τουτέστι
3257 5629 3568 5707 Δημητρίου,
3592 5621 3689 5674 Κυ⁸

2169 5725 2378 5795 ριακοῦ,
2431 5724 2722 5791 Εὑλυσίου,
2763 5730 2857 5780 καὶ
2907 5730 3232 5793 Παλλαδίου,
3291 5727 3472 5786 οἵτινες
3509 5713 3680 5771 σύνεισι

2165 5807 2286 5876 μεθ’
2317 5808 2494 5882 ἡμῶν,
2520 5808 2702 5881 τελείᾳ
2731 5811 2994 5884 ἐρωτήσει
3029 5814 3433 5885 μεμαθήκαμεν.
