4002 6378
327 350 426 406 537

367 703 483 758 Etsi
514 705 782 761 insontem
810 704 990 760 omnia
1012 714 1326 773 exspectare
1355 706 1490 760 bona
1515 712 1569 761 et
1594 721 1624 761 a
1653 707 1762 762 Deo
1791 709 1894 762 mi-

299 797 654 851 sericordiam
685 807 869 867 petere
897 796 1124 865 deceat,
1154 806 1329 852 tamen
1353 798 1511 852 etiam
1532 813 1561 852 a
1587 799 1742 854 nobis
1762 841 1777 864 ,
1806 800 1897 870 qui

296 888 608 955 patientiam
635 888 922 943 suademus
943 928 960 953 ,
988 897 1356 957 competentes
1385 889 1552 945 literae
1585 905 1678 960 per
1702 892 1892 964 Cyria-

294 992 410 1031 cuu‘t
446 976 523 1047 (b)
558 978 842 1032 diaconum
877 988 1000 1032 sunt
1031 980 1358 1034 transmissa:
1399 998 1413 1035 :
1459 997 1528 1037 ne
1573 984 1892 1038 contumelia

296 1070 412 1139 plus
461 1072 656 1125 virium
709 1073 900 1126 habeat
935 1071 1002 1126 ad
1050 1073 1499 1142 opprimendum,
1548 1089 1707 1144 quam
1753 1075 1893 1130 bona

290 1163 620 1215 conscientia
651 1161 716 1216 ad
754 1177 901 1231 spem
934 1162 1253 1218 habendam.
1285 1163 1468 1235 Neque
1509 1165 1653 1220 enim
1697 1174 1753 1220 tu
1793 1167 1892 1221 do-

291 1254 399 1307 ceri
431 1255 600 1309 debes
625 1295 639 1321 ,
669 1264 746 1309 tot
773 1256 1086 1326 populorum
1119 1257 1307 1313 doctor
1334 1267 1387 1313 et
1411 1268 1594 1330 pastor
1617 1301 1633 1326 ,
1662 1262 1892 1330 optimos

291 1361 533 1416 quosque
557 1363 770 1418 semper
807 1361 862 1405 et
901 1351 1113 1406 assidue
1157 1351 1404 1421 probari,
1455 1368 1582 1407 num
1621 1353 1672 1408 in
1709 1353 1893 1425 vigore

291 1441 562 1508 patientia:
606 1452 990 1510 permaneant,
1025 1459 1126 1498 nec
1167 1445 1258 1498 ulli
1312 1443 1478 1500 labori
1521 1459 1584 1501 ac
1631 1448 1890 1503 molestiae

290 1531 641 1585 succumbant
671 1550 684 1586 :
714 1540 769 1588 et
795 1535 1172 1588 conscientiam
1195 1549 1314 1589 esse
1342 1551 1453 1589 rem
1480 1535 1765 1590 admodum
1793 1536 1890 1592 ﬁr—

356 1641 429 1705 (a)
447 1644 598 1708 APrior
623 1645 826 1706 epistola
843 1648 1018 1708 scripta
1044 1655 1120 1696 est
1136 1661 1262 1697 anno
1276 1647 1382 1698 403.
1407 1655 1453 1697 In
1477 1647 1557 1698 illa
1581 1652 1890 1701 Innocentius

289 1706 489 1774 Joannis
511 1719 690 1774 nomen
714 1709 886 1769 primo,
904 1706 1085 1774 deinde
1101 1723 1241 1774 suum
1268 1712 1426 1774 ponit;
1448 1725 1591 1760 secus
1607 1713 1653 1760 in
1677 1727 1890 1774 sequen-

289 1767 795 1838 ti,lubipresbyt_eros
819 1777 870 1818 et
893 1770 1078 1838 clerum
1102 1767 1380 1838 alloquitur.
1414 1767 1504 1822 tlte
1535 1774 1646 1823 dua:
1665 1767 1886 1838 epistolae

286 1827 533 1892 habentur
558 1827 682 1890 apud
705 1838 885 1880 Sozom.
913 1831 946 1878 l.
972 1833 1021 1892 8,
1047 1847 1090 1881 c.
1115 1833 1194 1881 ‘26.

351 1887 423 1949 (b)
458 1887 678 1952 avri-acus
699 1892 928 1942 diaconus
951 1887 1218 1943 abJoanne
1243 1902 1410 1944 nostro
1455 1895 1515 1944 ad
1553 1899 1885 1946 Innocentium

284 1951 633 2022 missus,’cntn
670 1955 760 2003 hac
805 1955 1007 2022 epistola
1053 1958 1284 2022 remissus
1322 1955 1472 2022 fuisse
1516 1959 1762 2022 creditur;
1788 1973 1886 2022 quo

283 2018 514 2083 tempore
537 2015 711 2064 missus
739 2015 1058 2079 reniissusve,
1105 2019 1154 2066 in
1178 2020 1279 2067 \‘ita
1300 2019 1620 2081 Chrysostomi
1657 2015 1884 2083 disQuisi—

283 2081 388 2121 tum
407 2082 504 2123 est.

1751 357 2131 416 EPISTOLE.

650 542 1167 636 DILECTO
1237 543 1670 634 FRATRI
1742 544 2185 637 JOANNI
2264 548 3088 647 INNOCENTIUS
3135 539 3256 646 (³).

3470 367 3574 425 εδδ

3455 478 3574 496 σε...

2003 725 2144 765 mam
2173 712 2431 770 adversus
2453 719 2629 773 omnia
2651 735 2771 790 qua:
2799 719 2994 792 injuste
3020 724 3268 782 accidunt
3297 744 3314 783 :
3341 743 3464 800 qua:
3494 732 3594 789 nia;

2001 803 2121 873 quis
2148 804 2427 860 tolerantia
2468 813 2836 879 superaverit,
2882 801 3036 869 malae
3079 818 3396 886 suspicionis
3435 835 3592 891 argu-

2003 902 2240 948 mentum
2271 896 2338 951 de
2373 912 2433 952 se
2462 900 2681 968 praebet.
2708 900 2907 957 Cuncta
2932 904 3075 960 enim
3105 906 3333 963 tolerare
3359 908 3519 965 debet
3549 912 3592 966 is

1998 985 2090 1055 qui
2141 986 2250 1040 Deo
2299 988 2528 1057 primum
2557 1033 2572 1058 ,
2617 992 2915 1066 deindcque
2961 1000 3190 1069 preprize
3251 1005 3593 1060 conscientiae

1997 1075 2219 1131 confidit
2244 1092 2259 1142 ;
2289 1079 2369 1132 vir
2397 1080 2593 1150 quippe
2619 1081 2790 1139 bonus
2814 1087 3053 1142 exerceri
3083 1089 3296 1158 quidem
3325 1103 3500 1161 putest
3523 1094 3590 1149 ad

1997 1166 2333 1223 tolerantiam
2361 1210 2376 1236 ,
2409 1170 2550 1226 vinci
2576 1184 2750 1228 autem
2779 1177 3000 1245 nequit,
3039 1179 3161 1250 quia
3202 1181 3320 1250 ejus
3358 1195 3588 1240 mentem

1997 1255 2190 1312 divinae
2221 1258 2514 1330 Scripturae
2543 1265 2851 1321 custodiunt
2881 1285 2895 1320 :
2936 1268 3207 1326 abundant
3235 1273 3376 1328 enim
3404 1290 3591 1330 exem-

1998 1347 2100 1418 plis
2129 1348 2324 1406 divinae
2372 1351 2628 1411 lectiones
2651 1396 2667 1423 ,
2712 1372 2845 1426 quas
2884 1361 3092 1430 populis
3139 1363 3440 1422 tradimus:
3472 1384 3591 1439 qum

1995 1454 2184 1496 omnes
2235 1443 2347 1498 fere
2390 1457 2605 1502 sanctos
2655 1450 2817 1504 variis
2858 1451 3034 1508 modis
3079 1469 3327 1526 saepeque
3371 1468 3592 1516 vexatos

1993 1527 2191 1596 fuisse,
2220 1542 2274 1588 et
2302 1539 2451 1605 quasi
2485 1538 2534 1592 in
2567 1539 2811 1596 examine
2839 1543 3069 1613 quodam
3101 1549 3355 1618 probatos
3384 1550 3548 1608 fuisse
3571 1594 3588 1618 ,

1993 1631 2150 1694 atque
2179 1625 2248 1680 ita
2277 1629 2544 1696 patientiae
2569 1647 2823 1688 coronam
2868 1634 3090 1706 adeptos
3133 1654 3256 1695 esse
3296 1643 3590 1698 testifican-

1993 1721 2099 1767 tur.
2133 1714 2456 1774 Consoletur
2480 1721 2756 1776 caritatem
2789 1733 2931 1779 tuam
2963 1727 3077 1796 ipsa
3105 1729 3269 1784 animi
3305 1733 3586 1788 conscien-

1992 1805 2062 1858 tia
2087 1847 2102 1871 ,
2133 1805 2299 1862 frater
2321 1809 2596 1867 carissime
2619 1854 2635 1880 ,
2662 1829 2781 1884 quae
2807 1814 2862 1869 in
2892 1817 3280 1874 calamitatibus
3308 1823 3443 1877 solet
3469 1838 3589 1879 esse

1991 1899 2202 1955 virtutis
2236 1904 2552 1958 consolatio.
2597 1905 2936 1977 lnspectante
2981 1910 3122 1964 enim
3163 1912 3389 1968 Domino
3433 1914 3590 1970 Chri-

1991 1996 2078 2042 sto
2101 2030 2116 2055 ,
2145 1990 2197 2043 in
2227 2000 2382 2062 portu
2414 1994 2559 2063 pacis
2589 2006 2812 2067 purgata
2840 1997 3168 2054 conscientia
3197 2001 3437 2057 sistetur.

286 2163 3546 2194 Ἢ

1199 2219 1324 2301 IN
1327 2220 1996 2304 NOCENTIUS
2052 2222 2679 2310 EPlSCOPUS

283 2343 712 2391 PRESBYTERIS
769 2351 850 2392 ET
892 2350 1184 2395 DIACONIS
1229 2354 1666 2408 UNIVERSOQUE
1723 2355 1931 2399 CLERO
1993 2356 2070 2400 AC
2121 2357 2363 2402 POPULO
2406 2360 2720 2405 ECCLESIE
2786 2363 3576 2423 CONSTANTINOPOLITANE,

767 2429 876 2481 QUI
920 2431 1175 2475 SUBDITI
1217 2433 1378 2477 SUNT
1421 2435 1718 2479 EPISCOPO
1760 2435 2012 2489 JOANNI,
2059 2437 2346 2483 DILECTIS
2392 2441 2774 2500 FRATRIBUS,
2819 2443 3138 2489 SALUTEM.

354 2551 434 2605 Ex
481 2551 649 2607 literis
686 2554 924 2609 caritatis
966 2566 1201 2624 vestrm,
1245 2574 1376 2628 quas
1414 2575 1511 2630 per
1554 2561 1877 2618 Germanum

278 2643 655 2715 presbyterum
699 2656 753 2700 et
796 2647 1105 2702 Cassianum
1133 2649 1419 2706 diaconum
1459 2653 1715 2720 misistis,
1754 2670 1876 2711 sce-

279 2750 405 2788 nam
439 2737 698 2790 ntalorum
724 2777 739 2802 ,
768 2753 924 2807 quam
953 2738 1023 2792 ob
1048 2741 1232 2795 oculos
1261 2742 1512 2811 posuistis
1535 2784 1550 2810 ,
1584 2746 1740 2799 anxia
1771 2746 1879 2800 sol-

284 2827 566 2884 licitudine
591 2831 812 2899 cognovi
837 2848 851 2894 ;
875 2833 1192 2903 quantisque
1221 2837 1476 2890 aerumnis
1504 2852 1566 2891 ac
1595 2837 1878 2893 difficulta-

281 2917 425 2971 tibus
456 2918 588 2974 fides
616 2920 859 2988 laboret,
885 2924 1079 2992 smpius
1107 2926 1328 2994 repetita
1352 2927 1580 2984 lectione
1607 2932 1830 3000 cognovi
1857 2951 1871 2988 :

279 3023 441 3078 quam
469 3026 582 3064 rem
621 3012 732 3066 sola
774 3016 1070 3070 consolatio
1112 3019 1380 3087 patientiae
1429 3036 1619 3077 sanare
1662 3035 1871 3094 potest;

280 3100 431 3155 dabit
457 3103 597 3156 enim
627 3105 770 3159 brevi
805 3107 944 3161 Deus
977 3119 1158 3163 noster
1186 3111 1344 3166 tantis
1385 3116 1638 3169 aerumnis
1672 3116 1832 3172 ﬁnem
1855 3159 1870 3184 ,

277 3203 334 3246 et
365 3194 480 3248 haec
509 3195 766 3252 tolerasse
793 3197 1016 3267 juvabit.
1057 3200 1344 3257 Enimvero
1386 3206 1523 3259 hanc
1564 3206 1730 3276 ipsam
1775 3224 1871 3264 ne-

283 3286 572 3340 cessariam
600 3290 1016 3344 consolationem
1046 3292 1098 3346 in
1130 3294 1352 3348 exordio
1379 3295 1652 3352 literarum
1679 3311 1873 3357 vestrae

274 3378 515 3433 caritatis
543 3382 768 3450 positam
799 3384 1130 3453 propositum
1166 3397 1403 3441 vestrum
1442 3389 1686 3445 laudibus
1728 3393 1871 3448 cclc-

276 3469 497 3525 brantes
528 3473 837 3541 agnovimus
861 3516 874 3540 ,
905 3476 1084 3531 multis
1113 3479 1431 3534 testimoniis
1459 3481 1525 3535 ad
1562 3482 1869 3551 patientiam

275 3562 653 3619 inducentibus
683 3566 996 3621 instructum
1023 3584 1038 3633 ;
1081 3569 1150 3624 ita
1181 3579 1237 3624 ut
1264 3573 1680 3629 consolationem
1710 3591 1868 3644 quam

272 3669 375 3724 per
404 3655 583 3710 literas
611 3657 763 3712 vobis
794 3658 922 3713 dare
949 3659 1274 3715 debebamus
1300 3705 1314 3729 ,
1350 3664 1446 3732 ipsi
1477 3663 1649 3719 literis
1679 3667 1870 3722 vestris

273 3747 661 3814 prteveneritis.
689 3747 838 3803 Hanc
858 3751 1052 3820 quippe
1077 3752 1330 3807 Dominus
1353 3764 1534 3809 noster
1559 3757 1866 3826 patientiam

272 3836 641 3894 laborantibus
691 3849 948 3909 praestare
987 3842 1163 3910 solet,
1215 3853 1274 3899 ut
1315 3845 1475 3900 etiam
1520 3846 1572 3900 in
1614 3849 1866 3904 :rrumnis

271 3929 594 3997 semetipsos
634 3932 773 3985 servi
813 3932 1010 3987 Christi
1054 3935 1433 4002 consolentur,
1481 3952 1662 3992 secum
1706 3954 1865 4008 repu-

271 4029 450 4074 tantes
475 4036 536 4074 ea
561 4063 576 4088 ,
606 4037 724 4091 qua:
749 4023 848 4093 ipsi
872 4025 1142 4093 patiuntur
1165 4066 1180 4091 ,
1207 4027 1404 4081 sanctis
1430 4028 1557 4083 viris
1577 4028 1685 4098 jam
1708 4039 1864 4086 antea

268 4113 576 4182 contigisse.
609 4113 721 4169 lmo
752 4131 848 4170 nos
875 4118 1036 4172 etiam
1065 4133 1131 4172 ex
1163 4118 1291 4188 ipsis
1317 4119 1485 4175 literis
1509 4121 1704 4176 vestris
1729 4137 1863 4176 con-

269 4205 587 4260 solutionem
620 4208 938 4276 depromere
967 4225 1248 4279 possumus
1283 4228 1294 4264 :
1329 4227 1502 4282 neque
1531 4213 1672 4268 enim
1703 4229 1732 4267 a
1763 4214 1864 4269 do-

268 4295 397 4350 loris
425 4298 585 4351 vestri
613 4300 884 4353 consortio
909 4300 1068 4356 alieni
1087 4317 1292 4370 sumus,
1321 4318 1444 4358 cum
1471 4313 1523 4359 et
1549 4305 1649 4374 ipsi
1681 4306 1862 4360 vobis-

265 4403 389 4442 cum
418 4389 738 4445 cruciemur.
770 4390 898 4458 Quis
934 4393 1076 4446 enim
1100 4392 1330 4448 facinora
1358 4410 1541 4449 eorum
1574 4395 1716 4451 ferre
1739 4413 1862 4467 pos-

264 4479 378 4544 sit,
409 4494 542 4549 quos
579 4481 632 4535 in
678 4482 862 4550 primis
900 4482 1127 4538 decebat
1163 4485 1598 4556 tranquillitatis,
1639 4491 1782 4557 pacis
1809 4499 1864 4545 et

263 4569 568 4624 concordiae
595 4571 864 4626 studiosos
893 4575 1056 4629 esse?
1086 4574 1237 4630 Nunc
1265 4587 1589 4646 prmpostero
1619 4595 1767 4634 more
1793 4597 1859 4636 ex

264 4663 487 4718 sedibus
529 4665 886 4720 Ecclesiarum
924 4683 1141 4722 suarum
1170 4669 1517 4723 exturbnntur
1555 4672 1859 4728 sacerdotes

261 4755 528 4810 insontes.
562 4755 712 4823 Quod
743 4758 954 4826 quidem
988 4759 1188 4828 primus
1226 4758 1418 4829 injuste
1457 4774 1742 4830 perpessus
1777 4771 1859 4818 est

259 4845 432 4900 frater
470 4857 523 4902 et
547 4849 915 4904 comminister
940 4860 1126 4905 noster
1170 4849 1403 4906 Joannes
1448 4850 1729 4922 episcopus
1766 4869 1858 4907 ve-

253 4949 372 4995 ster
395 4979 410 5002 ,
439 4939 528 5009 qui
557 4955 664 4994 non
693 4942 902 4996 auditus
944 4943 993 4996 in
1018 4943 1218 5013 judicio
1245 4945 1337 4998 fuit
1373 4963 1386 5000 :
1418 4945 1620 5000 nullum
1651 4949 1855 5003 crimen

255 5029 527 5098 profertur
550 5073 566 5097 ,
602 5033 804 5086 nullum
836 5033 1068 5089 auditur.
1098 5035 1374 5102 Quodnam
1403 5037 1508 5093 hoc
1549 5049 1632 5093 est
1671 5040 1854 5108 perni-

259 5121 465 5174 ciosum
497 5124 826 5178 consilium?
851 5124 918 5181 Ut
943 5142 1010 5181 ne
1053 5128 1136 5182 vel
1176 5138 1421 5197 suppetat
1459 5129 1540 5184 vel
1585 5141 1854 5200 qumratur

256 5211 469 5266 occasio
491 5212 675 5281 judicii
702 5254 718 5278 ,
760 5215 810 5268 in
853 5215 1024 5271 locum
1056 5217 1348 5272 viventium
1390 5219 1728 5274 sacerdotum
1757 5221 1845 5275 alii

252 5303 688 5360 substituuntur:
722 5308 871 5376 quasi
901 5323 1030 5363 vero
1060 5309 1093 5362 ii
1121 5309 1211 5379 qui
1248 5309 1316 5365 ab
1351 5310 1452 5366 hoc
1483 5310 1719 5367 facinore
1745 5327 1843 5366 au-

249 5395 441 5462 spicati
470 5405 635 5464 sunt,
681 5399 878 5468 aliquid
910 5400 1034 5455 boni
1065 5401 1258 5457 habere
1284 5443 1300 5468 ,
1344 5411 1438 5458 aut
1471 5403 1668 5473 aliquid
1716 5406 1843 5460 recti

249 5487 426 5554 egisse
450 5529 465 5552 ,
499 5503 528 5542 a
556 5504 822 5560 quoquam
843 5491 1070 5562 judicari
1101 5495 1320 5564 possint.
1350 5494 1532 5565 Neque
1556 5496 1695 5550 enim
1723 5497 1845 5553 talia

248 5592 502 5646 umquam
529 5595 558 5632 a
584 5583 820 5648 patribus
861 5584 1060 5639 nostris
1098 5593 1244 5654 gesta
1284 5600 1403 5640 esse
1443 5589 1841 5657 comperimus;

245 5666 376 5738 quin
404 5671 581 5738 potius
604 5686 666 5726 ea
695 5674 957 5742 prohibita
1001 5683 1164 5743 sunt,
1209 5691 1330 5731 cum
1376 5678 1573 5733 nemini
1620 5679 1843 5736 facultas

250 5755 371 5809 data
403 5757 474 5812 sit
497 5757 661 5812 alium
685 5759 969 5815 ordinandi
996 5762 1048 5816 in
1075 5761 1250 5817 locum
1275 5764 1500 5820 viventis
1518 5766 1810 5836 cujuspiam
1829 5805 1848 5825 .

248 5845 435 5920 Neque
459 5851 604 5906 enim
633 5850 867 5923 reproba
890 5851 1170 5929 ordinatio
1206 5855 1501 5915 sacerdotis
1538 5857 1847 5930 dignitatem

1983 2557 2195 2610 auferre
2222 2565 2440 2627 potest:
2470 2557 2900 2630 quandoquidem
2936 2558 3220 2629 episcopus
3256 2571 3362 2611 non
3403 2564 3582 2628 potest

1984 2661 2106 2701 esse
2133 2647 2176 2701 is
2203 2649 2289 2717 qui
2323 2648 2516 2718 injuste
2543 2650 2900 2707 substituitur.
2925 2651 3193 2718 Quantum
3220 2649 3288 2705 ad
3312 2665 3575 2706 canonum

1983 2735 2375 2792 observantiam
2424 2740 2652 2807 attinet,
2697 2741 2828 2795 solis
2874 2740 2980 2795 illis
3013 2739 3307 2810 parendum
3347 2740 3577 2798 dicimus

1982 2827 2071 2895 qui
2097 2827 2289 2883 Nicaeae
2318 2829 2521 2885 definiti
2548 2840 2673 2886 sunt
2703 2849 2716 2886 :
2751 2847 2887 2902 quos
2916 2832 3061 2887 solos
3087 2833 3280 2888 sectari
3321 2842 3375 2890 et
3411 2850 3580 2904 agno-

1985 2931 2137 2974 scere
2169 2919 2332 2975 debet
2360 2921 2622 2977 catholira
2652 2923 2912 2978 Ecclesia.
2950 2923 3103 2992 Quod
3133 2924 3176 2979 si
3203 2939 3230 2977 a
3258 2924 3576 2995 quibusdam

1982 3010 2070 3065 alii
2097 3011 2437 3081 proferantur
2459 3055 2474 3081 ,
2503 3015 2594 3084 qui
2623 3030 2654 3070 a
2683 3015 2915 3072 Nicaenis
2957 3017 3252 3072 canonibus
3287 3015 3574 3086 differant,

1981 3110 2038 3157 et
2067 3104 2132 3158 ab
2162 3103 2424 3160 haereticis
2449 3107 2728 3176 compositi
2751 3123 2870 3164 esse
2892 3118 3182 3179 arguantur
3206 3150 3224 3178 ,
3254 3109 3304 3163 hi
3336 3125 3365 3164 a
3395 3110 3577 3166 catho-

1982 3193 2102 3248 licis
2131 3195 2397 3266 episcopis
2426 3197 2702 3266 rejiciendi
2730 3206 2875 3253 sunt.
2903 3198 3034 3253 Nam
3074 3213 3192 3269 qua:
3218 3200 3286 3255 ab
3309 3198 3577 3256 hzereticis

1986 3294 2110 3338 sunt
2135 3288 2432 3357 excogitata
2457 3330 2470 3352 ,
2503 3289 2780 3344 catholicis
2808 3289 3101 3345 canonibus
3121 3290 3444 3360 conjungere
3467 3303 3573 3347 non

1979 3373 2101 3429 licet
2131 3393 2144 3429 :
2174 3392 2388 3447 semper
2415 3379 2556 3433 enim
2591 3395 2685 3449 per
2713 3381 2980 3436 contraria
3019 3391 3073 3436 et
3121 3381 3302 3437 illicita
3332 3381 3576 3437 Nicaeno-

1977 3481 2096 3521 rum
2111 3466 2334 3525 Patrum
2351 3471 2636 3525 consilium
2658 3472 2980 3528 labefactare
3007 3473 3239 3528 student.
3263 3474 3378 3529 Non
3401 3475 3573 3530 solum

1978 3572 2108 3629 ergo
2147 3555 2382 3615 dicimus
2426 3561 2509 3616 his
2553 3577 2659 3617 non
2709 3563 3019 3620 hmrendum
3068 3580 3190 3620 esse
3237 3566 3568 3632 canonibus,

1976 3665 2158 3704 verum
2176 3653 2334 3706 etiam
2350 3667 2470 3707 cum
2489 3652 2756 3708 hmretieis
2783 3664 2838 3710 et
2861 3654 3215 3710 schismaticis
3238 3655 3574 3727 dogmatibus

1975 3743 2410 3800 condemnandos
2439 3745 2558 3800 illos
2585 3759 2708 3801 esse
2741 3764 2754 3800 :
2785 3746 3232 3816 quemadmodum
3256 3755 3312 3802 et
3336 3756 3489 3802 antea
3519 3750 3573 3804 in

1976 3834 2277 3890 Sardicensi
2307 3837 2514 3908 synodo
2538 3837 2604 3893 ab
2626 3838 2891 3907 episcopis
2909 3881 2925 3905 ,
2954 3838 3042 3909 qui
3066 3847 3189 3894 ante
3216 3853 3314 3893 nos
3332 3838 3568 3905 fuerunt,

1975 3926 2171 3982 factum
2218 3937 2322 3983 est.
2363 3929 2541 3984 Satius
2583 3931 2725 3984 enim
2765 3929 2925 3986 fuerit
2964 3945 3026 3985 ea
3059 3931 3402 3986 condemnari
3447 3948 3569 4002 qutc

1978 4030 2125 4076 IOCIC
2155 4021 2288 4076 facta
2321 4033 2444 4076 sunt
2468 4063 2483 4088 ,
2511 4037 2668 4093 quam
2698 4038 2760 4078 ea
2788 4065 2802 4090 ,
2831 4038 2950 4093 quae
2975 4031 3158 4080 contra
3184 4038 3420 4079 canones
3444 4034 3568 4080 acta

1972 4122 2095 4169 sunt
2119 4155 2133 4180 ,
2164 4115 2465 4168 firmitatem
2489 4116 2717 4184 aliquam
2744 4114 2986 4170 obtinere
3006 4155 3022 4181 ,
3046 4115 3239 4169 fratres
3265 4113 3564 4170 honoratis.

1972 4205 2113 4260 simi.
2147 4204 2253 4261 Sed
2281 4205 2405 4277 quid
2443 4205 2698 4260 adversus
2738 4205 2834 4259 ista
2874 4205 2927 4259 in
2969 4209 3220 4275 praesenti
3266 4204 3566 4260 faciemus?

1968 4295 2278 4354 Necessaria
2317 4297 2422 4353 erit
2469 4298 2657 4369 synodi
2701 4297 2970 4368 cognitio,
3002 4313 3161 4368 quam
3202 4298 3312 4368 jam
3356 4297 3564 4370 pridem

1968 4389 2391 4460 congregandam
2423 4405 2542 4446 eSse
2570 4389 2801 4446 diximus
2834 4409 2848 4446 :
2889 4405 2950 4445 ea
2976 4390 3171 4461 quippe
3193 4391 3304 4446 sola
3334 4400 3418 4445 est
3444 4405 3565 4459 quat

1968 4488 2314 4550 tempestates
2339 4480 2644 4550 hujusmodi
2675 4481 2863 4535 sedare
2894 4481 3060 4550 possit
3091 4498 3105 4536 :
3150 4496 3307 4550 quam
3338 4489 3397 4534 ut
3422 4481 3566 4534 obti-

1967 4587 2192 4626 neamns
2220 4614 2234 4638 ,
2265 4588 2296 4626 e
2323 4589 2382 4627 re
2413 4573 2606 4638 fuerit,
2642 4582 2700 4627 ut
2730 4573 2919 4627 horum
2963 4572 3223 4626 malorum
3267 4571 3564 4627 remedium

1972 4678 2038 4718 ex
2073 4672 2198 4717 nutu
2230 4662 2403 4732 magni
2436 4663 2528 4718 Dei
2553 4672 2609 4716 et
2635 4662 2832 4718 Christi
2867 4662 2982 4732 ejus
3009 4670 3398 4732 exspectemus.
3434 4662 3564 4717 Om-

1968 4754 2054 4808 nia
2081 4753 2343 4824 siquidcm
2375 4769 2496 4823 qua:
2523 4768 2664 4808 nunc
2692 4768 2786 4823 per
2825 4752 3076 4807 invidiam
3114 4752 3309 4808 diaboli
3336 4752 3402 4806 ad
3434 4753 3566 4810 tide-

1965 4845 2093 4900 lium
2125 4845 2494 4916 probationem
2524 4853 2786 4900 commota
2815 4852 2940 4899 sunt
2966 4884 2982 4910 ,
3014 4844 3384 4914 pacabnntur;
3414 4845 3560 4903 firmi

1963 4951 2026 4990 ac
2055 4936 2273 4990 stabiles
2305 4937 2358 4991 in
2389 4935 2494 4990 ﬁde
2522 4936 2652 4989 nihil
2681 4953 2710 4989 a
2745 4936 2967 4992 Domino
3000 4951 3107 4990 non
3149 4950 3370 5005 sperare
3394 4936 3563 4992 debe-

1966 5044 2109 5083 mus.
2141 5028 2250 5083 Nos
2274 5029 2417 5083 enim
2447 5027 2672 5082 multum
2704 5026 3064 5083 deliberamus
3105 5026 3373 5098 quomodo
3409 5043 3561 5084 mcu-

1960 5119 2167 5174 menica
2212 5119 2449 5190 synodus
2489 5119 2808 5174 celebranda
2847 5119 2953 5184 sit,
3003 5129 3062 5174 ut
3094 5135 3189 5190 per
3228 5121 3558 5178 voluntatem

1959 5214 2052 5268 Dei
2083 5213 2368 5267 turbulenti
2410 5220 2584 5266 motus
2625 5213 2898 5268 sedcntnr.
2943 5213 3330 5284 Exspectemus
3374 5215 3554 5284 itaque

1961 5306 2220 5374 tantisper
2246 5348 2260 5371 ,
2289 5316 2342 5361 et
2368 5305 2638 5376 patientiae
2671 5321 2825 5361 muro
2852 5305 3164 5362 commoniti
3189 5348 3202 5370 ,
3235 5315 3426 5361 cuncta
3453 5321 3553 5361 an:

1957 5397 2087 5452 xilio
2135 5397 2225 5451 Dei
2269 5397 2598 5452 restituenda
2641 5412 2761 5453 esse
2808 5412 3108 5468 speremus.
3161 5397 3348 5453 Omnia
3395 5411 3556 5467 porro

1959 5506 2077 5562 quae
2106 5504 2200 5545 vos
2239 5491 2474 5560 perferre
2513 5490 2721 5545 dixistis
2747 5531 2762 5556 ,
2800 5491 2909 5560 jam
2941 5501 3097 5546 antea
3141 5505 3171 5544 a
3214 5486 3558 5559 coopiscopil

1955 5598 2041 5650 qui
2090 5581 2310 5635 Romam
2357 5579 2484 5636 licet
2520 5577 2746 5638 diversis
2784 5583 3113 5654 temporibus
3150 5583 3548 5655 confugerunt,

1957 5671 2008 5724 id
2033 5679 2118 5726 est
2142 5686 2174 5725 a
2204 5671 2474 5726 Demetrio
2497 5710 2514 5733 .
2561 5669 2785 5743 Cyriaco
2807 5713 2821 5735 ,
2869 5673 3089 5742 Eulysio
3113 5715 3127 5737 ,
3171 5683 3224 5729 et
3270 5674 3507 5729 Palladio
3529 5711 3542 5733 .

1959 5755 2050 5826 qui
2100 5758 2379 5817 nobiscum
2431 5768 2559 5816 sunt
2579 5799 2597 5830 ,
2645 5758 2967 5818 sciscitando
3005 5760 3166 5834 plane
3215 5774 3549 5837 comperera-

1958 5865 2097 5910 mus.
