4002 6428
1151 370 1207 425 S.
1248 366 1534 426 JOANNIS
1574 355 2062 420 CHRYSOSTOMI
2101 349 2422 410 ARClllEP.
2462 339 3013 403 CONSTANTINOP.

1175 471 3703 525 ___________________________________.._.

3643 327 3744 383 ξω

873 693 1540 787 EXEMPLUM
1614 685 2008 779 SACRIE
2056 670 2090 740 (⁴

2197 674 2718 771 HONORII
2795 664 3382 786 AUGUSTI,

1334 888 1553 944 [MISSB
1597 896 1681 938 AD
1728 890 2072 937 PRINCIPEM
2118 884 2413 932 ORIENTIS
2460 881 2813 928 Αιιωυιωί.

2070 1065 2142 1078 .-

514 1250 780 1321 ’Quamvis
822 1264 985 1323 super
1029 1248 1258 1319 imagine
1300 1247 1587 1315 muliebri,
1623 1262 1762 1303 novo
1804 1248 2054 1318 exemplo

455 1360 555 1415 per
579 1343 887 1415 provincias
916 1342 1226 1397 circumlata
1250 1380 1267 1407 ,
1314 1349 1368 1395 et
1407 1339 1599 1395 diffusa
1625 1355 1721 1409 per
1748 1340 2055 1395 universum

459 1437 721 1492 mundum
748 1434 1162 1491 obtrectantium
1192 1432 1330 1487 fama
1364 1432 1534 1489 literis
1561 1434 1681 1490 aliis
1706 1448 2054 1489 commonue-

450 1530 564 1584 ~rim
596 1570 615 1597 ,
644 1539 702 1584 ut
733 1529 856 1584 talis
881 1526 1005 1583 facti
1034 1526 1344 1596 paenitentia
1364 1536 1419 1582 et
1440 1526 1834 1582 intermissione
1863 1541 2059 1598 propo-

464 1621 555 1675 siti
580 1634 765 1674 rumor
787 1619 1009 1673 aemulus
1035 1627 1418 1683 consenescat,
1449 1626 1503 1673 et
1542 1617 1685 1688 quod
1725 1618 1778 1673 in
1819 1617 2059 1674 moribus

469 1701 935 1781 carpat,'publica
978 1708 1156 1779 lingua
1204 1723 1311 1763 non
1357 1707 1552 1763 habeat
1581 1725 1595 1760 :
1627 1709 1875 1780 quamvis
1899 1710 2061 1764 etiam

471 1818 633 1872 super
656 1801 866 1856 excidio
888 1800 1163 1871 pereuntis
1188 1800 1382 1872 Illyrici
1408 1801 1497 1870 pio
1523 1798 1664 1870 apud
1688 1815 1783 1855 vos
1809 1799 2061 1870 prodide-

474 1894 644 1947 rimus
672 1890 865 1947 aﬂ'ectu
896 1933 912 1958 ,
943 1905 1063 1947 esse
1089 1890 1244 1945 nobis
1270 1890 1442 1946 dolori
1468 1933 1483 1957 ,
1514 1906 1610 1946 cur
1650 1892 1751 1946 ista
1776 1904 1873 1945 vos
1901 1890 2064 1945 detri-

470 1990 649 2039 menta
674 1982 988 2054 reipublicae
1016 1982 1293 2037 nolueritis
1317 1996 1610 2053 agnoscere
1632 2022 1647 2048 ,
1674 1992 1729 2036 et
1749 1981 1867 2036 aliis
1888 1981 2066 2052 potius

476 2074 744 2129 indicibus
771 2090 929 2143 quam
974 2075 1187 2144 pietatis
1228 2083 1421 2128 vestra:
1466 2073 1636 2127 literis
1686 2070 1881 2126 fuerint
1932 2087 2068 2125 nuu-

476 2166 605 2219 tiata
630 2182 645 2219 :
672 2171 849 2219 tamen
886 2179 955 2220 ne
992 2164 1121 2219 illud
1164 2164 1380 2235 quidem
1421 2163 1562 2235 apud
1606 2162 1948 2219 serenitatem
1978 2175 2070 2217 ve-

482 2265 653 2311 stram
680 2255 1020 2312 dissimulare
1058 2271 1157 2312 nos
1181 2256 1262 2311 fas
1287 2265 1410 2323 est,
1439 2255 1581 2325 quod
1609 2255 1660 2310 in
1691 2255 1851 2311 rebus
1877 2254 2071 2311 divinis

474 2362 585 2401 non
627 2347 745 2402 sine
781 2346 979 2416 publici
1019 2347 1344 2404 discriminis
1382 2356 1530 2403 metu
1568 2348 1873 2423 nuperrime
1900 2348 2074 2404 conti-

476 2436 624 2506 gisse
648 2476 662 2501 ,
706 2436 821 2497 cita
852 2453 1171 2508 semperque
1212 2439 1476 2493 malorum
1520 2438 1887 2494 annuntiatrix
1934 2436 2073 2493 fama

482 2543 588 2584 non
616 2529 777 2585 tacuit
803 2548 821 2585 :
853 2538 907 2585 et
933 2540 989 2585 ut
1017 2540 1203 2585 natura
1230 2531 1331 2586 fert
1360 2532 1639 2587 hominum
1664 2571 1680 2596 ,
1708 2547 1827 2603 qua:
1871 2530 1941 2586 ad
1972 2531 2070 2586 ob-

481 2619 817 2675 trectandum
840 2621 996 2676 novis
1040 2636 1254 2692 semper
1293 2622 1505 2679 casibus
1539 2622 1807 2678 excitatur
1832 2663 1848 2689 ,
1895 2621 2073 2678 oblata

481 2712 767 2767 occasione
792 2713 1046 2783 carpendi
1074 2753 1088 2779 ,
1123 2713 1377 2769 malitiam
1419 2729 1571 2770 suam
1612 2716 1665 2771 in
1695 2724 1935 2787 tempora
1965 2722 2076 2771 stu.

482 2803 576 2858 diu
604 2817 760 2859 saeva
788 2804 807 2877 (
836 2819 1007 2860 scevae
1035 2806 1056 2878 )
1083 2805 1419 2875 loquacitatis
1440 2816 1677 2865 exercet.

558 2893 655 2950 Est
703 2896 847 2951 enim
886 2911 1056 2967 nuper
1096 2897 1366 2968 proditum
1392 2941 1407 2966 ,
1440 2899 1582 2970 apud
1624 2899 2077 2971 Constantinopo—

489 2987 584 3042 lim
614 3028 628 3053 ,
672 2988 1032 3045 sacratissimo
1060 2989 1281 3045 Paschze
1305 2991 1624 3047 venerabilis
1650 2991 1738 3047 die
1764 3034 1780 3059 ,
1810 3007 1932 3047 cum
1960 3006 2080 3047 om-

488 3092 587 3135 nes
615 3094 751 3149 pene
786 3080 837 3134 in
868 3080 1117 3136 eumdem
1143 3081 1319 3137 locum
1345 3082 1642 3138 vicinarum
1672 3084 1882 3138 urbium
1909 3097 2083 3154 popu-

491 3174 574 3227 los
598 3173 791 3243 religio
819 3175 1162 3244 castigatiore
1192 3175 1292 3230 sub
1317 3176 1597 3245 praesentia
1635 3176 1933 3247 principum
1978 3177 2085 3232 ritu

490 3262 813 3317 celebranda
843 3264 1171 3335 collegerat,
1202 3265 1410 3321 clausas
1454 3266 1630 3321 subito
1668 3267 1958 3322 catholicas
1997 3281 2089 3322 ec-

492 3356 688 3415 clesias
710 3396 724 3421 ,
755 3364 934 3410 trusos
963 3357 1015 3410 in
1048 3356 1344 3412 custodiam
1388 3357 1695 3413 sacerdotes
1723 3376 1735 3408 :
1781 3359 1986 3418 scilicet
2032 3367 2091 3415 ut

496 3461 563 3501 eo
590 3446 925 3515 potissimum
955 3455 1196 3519 tempore
1223 3490 1238 3516 ,
1286 3464 1392 3520 quo
1438 3449 1762 3521 indulgentia
1808 3451 2090 3523 principali

494 3538 671 3593 tristia
708 3539 991 3593 noxiorum
1031 3540 1262 3595 claustra
1313 3550 1657 3608 reserantur,
1713 3542 1815 3613 piae
1862 3543 1994 3613 legis
2038 3552 2094 3598 et

499 3632 648 3703 pacis
678 3631 952 3688 ministros
997 3648 1174 3689 saavus
1218 3648 1403 3691 carcer
1440 3635 1735 3692 includeret
1764 3653 1778 3691 :
1807 3637 2092 3708 omniaque

499 3723 751 3779 bellicum
783 3725 836 3777 in
886 3725 1103 3779 modum
1147 3726 1354 3781 turbata
1397 3727 1651 3798 mysteria
1676 3767 1690 3793 ,
1724 3727 2010 3782 nonnullos
2042 3728 2095 3783 in

498 3815 631 3884 ipsis
658 3815 899 3871 ecclesiae
926 3815 1175 3872 sacrariis
1202 3816 1548 3888 interemptos
1576 3860 1593 3886 ,
1622 3826 1930 3890 tantamque
1952 3820 2094 3875 circa

499 3906 692 3961 altaria
726 3907 835 3962 vim
878 3907 1156 3976 saeviisse,
1187 3915 1248 3961 ut
1290 3916 1345 3963 et
1386 3908 1718 3965 venerabiles
1759 3909 1995 3980 episcopi
2038 3910 2093 3965 in

500 3996 751 4053 exsilium
803 3998 1179 4067 traderentur,
1234 4009 1288 4055 et
1331 4000 1546 4071 sanguis
1600 3998 1900 4067 humanus,
1951 4000 2094 4072 quod

505 4086 651 4143 dictu
678 4088 829 4144 nefas
856 4098 976 4154 est,
1003 4091 1236 4146 etclestia
1262 4102 1596 4148 sacramenta
1625 4091 1971 4162 perfunderet
2000 4090 2095 4164 (ὸ).

579 4181 674 4236 llis
702 4193 927 4251 repente
951 4184 1242 4254 compertis
1266 4225 1281 4249 ,
1310 4185 1555 4240 turbatos
1596 4200 1717 4241 esse
1764 4199 1863 4240 nos
1907 4184 2097 4241 fateor.

506 4272 640 4341 Quis
668 4275 812 4329 enim
844 4276 898 4330 in
926 4276 1160 4331 facinore
1189 4286 1295 4330 tam
1326 4287 1549 4332 cruento
1590 4277 1684 4333 Dei
1724 4278 2104 4348 omnipotentis

510 4380 620 4418 non
654 4363 866 4419 timeret
898 4365 1157 4420 offensam
1177 4365 1203 4420 ?
1227 4374 1319 4420 aut
1346 4382 1451 4436 quo
1480 4376 1635 4436 pacto
1657 4375 1806 4422 extra
1836 4384 2104 4424 summum

512 4453 742 4510 Romani
792 4455 937 4510 orbis
979 4456 1328 4525 omniumque
1376 4458 1678 4512 mortalium
1727 4468 1939 4530 putaret
1985 4475 2106 4516 esse

513 4547 801 4603 discrimen
825 4546 848 4601 ?
872 4547 1004 4603 Cum
1033 4547 1148 4618 ipse
1176 4558 1362 4603 auctor
1405 4549 1569 4604 nostri
1615 4549 1850 4621 lmpcrii,
1890 4563 1944 4608 et
1986 4551 2111 4608 Rei-

517 4642 741 4712 publicze
764 4683 778 4707 ,
810 4656 969 4712 quam
1011 4639 1166 4695 nobis
1194 4640 1422 4696 credidit
1444 4683 1459 4707 ,
1502 4642 1827 4713 gubernator
1864 4645 2113 4715 omnipo-

516 4741 637 4787 tens
691 4732 871 4801 Deus,
939 4730 1163 4788 funestis
1234 4731 1521 4787 admodum
1586 4735 2112 4806 exsecrabilibusque

519 4822 821 4878 commissis
852 4824 1161 4879 crederetur
1201 4825 1399 4893 irasci,
1448 4823 1652 4880 domini
1688 4827 1860 4881 sancti
1906 4826 2111 4892 frater,

525 4928 799 4983 neposque
827 4915 1049 4986 Augusti
1082 4914 1430 4970 Venerabiles
1472 4933 1486 4969 :
1536 4929 1658 4970 cum
1689 4924 1743 4971 et
1784 4917 1827 4972 si
1873 4916 1998 4988 quid
2045 4917 2115 4973 de

523 5019 682 5059 causa
712 5005 987 5075 religionis
1012 5008 1151 5062 inter
1176 5007 1443 5062 antistites
1479 5017 1728 5078 ageretur
1751 5051 1766 5075 ,
1810 5009 2115 5079 epiSCOpale

525 5096 821 5165 Oportucrit
849 5111 968 5152 esse
989 5097 1244 5166 judicium
1292 5117 1306 5153 :
1354 5098 1421 5154 ad
1467 5099 1587 5154 illos
1631 5101 1773 5155 enim
1816 5101 2113 5156 divinarum

591 5234 665 5297 (a)
688 5242 865 5299 ‘Sacra.
909 5239 1010 5284 Vox
1052 5234 1292 5299 frequens
1322 5235 1388 5286 ad
1427 5233 1738 5299 significanda
1776 5232 2039 5299 diplomata
2062 5239 2118 5285 et

525 5295 761 5361 epistolas
782 5295 1169 5361 Imperatorem}
1207 5307 1284 5347 est
1304 5311 1426 5348 vero
1443 5295 1580 5361 quasi
1605 5306 1756 5361 saera
1779 5295 2001 5361 Ebistqla.
2031 5305 2118 5347 Ha-

526 5358 635 5409 rum
662 5358 976 5423 epistularum
1000 5372 1153 5423 usum
1184 5361 1355 5423 videas
1377 5358 1503 5423 apud
1546 5360 1776 5420 Cangium
1808 5361 1857 5408 in
1881 5358 2118 5423 Glossario

529 5419 710 5474 Latino.
740 5419 872 5485 quod
912 5420 1050 5485 initio
1066 5422 1238 5485 dicitur
1252 5422 1317 5485 de
1337 5419 1561 5485 imagine
1571 5419 1803 5485 muliebri
1821 5420 2116 5485 circumlata,

524 5485 623 5545 jam
648 5482 943 5547 explicatum
965 5482 1056 5531 fuit
1080 5483 1129 5530 in
1154 5483 1361 5547 monito,
1382 5482 1512 5535 ut'et
1533 5483 1650 5535 illud
1672 5483 1800 5547 quod
1819 5495 1932 5532 mox
1954 5483 2118 5546 adjici-

530 5544 610 5597 tur
631 5545 698 5593 de
720 5544 915 5607 excidio
932 5544 1398 5607 pereuntisglllyrici.

595 5607 671 5668 (b)
705 5606 788 5670 Hic
804 5607 909 5667 agit
928 5607 1165 5655 Honorius
1183 5606 1248 5656 de
1266 5606 1481 5657 violenta
1496 5608 1543 5657 in
1557 5608 1818 5658 Ecclesiam
1848 5607 2121 5670 irruptione

533 5665 719 5728 de'q’ua
734 5665 1097 5732 Cluisostomus
1118 5681 1262 5731 supra
1288 5670 1335 5717 in
1358 5670 1502 5729 Epist.
1530 5670 1554 5719 1
1580 5670 1639 5732 ad
1681 5665 2011 5720 Innocentium
2034 5683 2120 5732 pa-

534 5742 667 5795 pam,
692 5736 748 5775 et
768 5739 858 5795 nos
877 5741 1022 5790 supra
1036 5731 1095 5795 in
1110 5731 1296 5785 tuonito.
1316 5738 1430 5791 Quae
1458 5743 1544 5783 res
1566 5731 1785 5795 pluribus
1822 5738 2026 5785 tractata
2038 5731 2126 5783 est

532 5800 584 5838 tn
608 5793 711 5842 lita
732 5790 1070 5853 mysoswmi.

2157 1259 2339 1300 rerum
2369 1243 2738 1315 interpretatio
2763 1284 2776 1309 ,
2801 1241 2869 1299 ad
2894 1257 2992 1299 nos
3024 1241 3314 1313 religionis
3362 1248 3588 1311 spectat
3630 1242 3782 1297 obse-

2158 1340 2360 1409 quium.
2394 1336 2503 1393 Sed
2528 1345 2645 1392 esto
2668 1377 2685 1404 ,
2715 1336 2819 1392 sibi
2844 1336 2913 1390 de
2947 1336 3188 1407 mysticis
3221 1342 3286 1389 et
3319 1333 3621 1388 catholicis
3646 1349 3782 1403 qua:-

2159 1428 2423 1485 stionibus
2459 1429 2689 1498 amplius
2733 1428 2932 1499 aliquid
2976 1426 3294 1498 principalis
3339 1440 3483 1480 cura
3523 1441 3781 1495 praesum-

2160 1521 2329 1592 pserit
2359 1539 2373 1575 :
2405 1522 2549 1577 itane
2575 1536 2743 1592 usque
2767 1521 2836 1576 ad
2863 1522 3051 1577 exsilia
3080 1520 3448 1577 sacerdotum
3475 1562 3492 1585 ,
3525 1535 3695 1590 usque
3719 1520 3782 1575 ad

2165 1613 2443 1669 hominum
2470 1614 2647 1670 caedes
2688 1614 2872 1670 debuit
2913 1615 3209 1686 indignatio
3261 1614 3557 1669 concitata
3607 1627 3783 1681 proce-

2166 1710 2333 1775 dere,
2364 1718 2423 1764 ut
2466 1708 2558 1764 ubi
2595 1717 2758 1763 castae
2801 1723 2992 1780 preces
3014 1751 3029 1777 ,
3081 1709 3173 1764 ubi
3221 1717 3361 1762 vota
3416 1708 3635 1763 sincera
3659 1747 3675 1774 ,
3700 1707 3781 1761 ubi

2167 1802 2429 1858 sacrificia
2458 1802 2658 1858 illibata
2687 1802 2967 1857 solvuntur
2990 1842 3005 1869 ,
3059 1800 3170 1856 illic
3215 1815 3284 1856 se
3335 1799 3564 1870 gladius
3587 1839 3603 1863 ,
3651 1797 3781 1852 haud

2169 1895 2325 1951 facile
2350 1890 2511 1950 etiam
2529 1894 2582 1948 in
2600 1893 2840 1964 jugulum
2869 1894 3154 1949 noxiorum
3182 1890 3634 1961 distringendus,
3662 1905 3779 1944 exe-

2171 1989 2366 2044 reret?
2412 1987 2598 2043 Rebus
2618 1987 2849 2057 denique
2884 1985 3014 2056 ipsis
3040 1984 3275 2041 docetur
3295 2026 3313 2050 ,
3349 1982 3490 2054 quid
3524 1997 3685 2051 super
3707 1980 3782 2036 his

2173 2079 2404 2134 senserit
2426 2077 2606 2133 divina
2647 2078 2921 2148 majestas.
2960 2074 3200 2131 Primum
3250 2072 3489 2145 quidem
3534 2072 3635 2126 hoc
3661 2085 3780 2140 prte-

2175 2173 2344 2229 sentis
2372 2170 2806 2226 commonitionis
2828 2168 3084 2239 judicium
3114 2168 3136 2237 (
3177 2166 3456 2222 indicium
3512 2163 3533 2235 )
3566 2164 3681 2225 fuit,
3706 2170 3778 2214 at-

2175 2281 2283 2338 que
2318 2264 2520 2321 utinam
2572 2264 2768 2319 solum.
2828 2262 2979 2316 Facit
3025 2259 3168 2315 enim
3220 2257 3474 2313 humana
3515 2251 3778 2323 trepidatio

2180 2362 2314 2417 tanti
2343 2361 2444 2416 sibi
2474 2359 2691 2415 conscia
2719 2355 3030 2429 perpetrati,
3059 2363 3120 2409 ut
3156 2353 3388 2423 gravius
3408 2348 3634 2419 aliquid,
3652 2344 3780 2416 quod

2178 2460 2387 2508 avertat
2412 2451 2755 2521 omnipotens
2797 2448 2959 2516 Deus,
2993 2455 3115 2517 post
3141 2443 3412 2500 terribilis
3440 2438 3662 2496 ultionis
3690 2450 3777 2491 exe

2187 2543 2483 2616 perimenta
2514 2550 2837 2596 metuamus.

2252 2631 2426 2689 Audio
2474 2632 2769 2688 Ecclesiam
2803 2636 3199 2685 sacrosanctam
3253 2633 3343 2682 tot
3403 2623 3774 2694 imperatorum

2182 2726 2375 2798 opibus
2407 2725 2727 2796 expositam,
2768 2722 3019 2794 pretiosis
3056 2720 3299 2777 cultibus
3338 2717 3617 2781 nobilem,
3649 2719 3776 2766 tanta

2184 2817 2597 2890 supplicantium
2616 2816 2927 2885 Principum
2953 2813 3198 2869 oratione
3227 2807 3667 2883 augustissimam
3687 2800 3774 2855 ﬂl-

2185 2924 2409 2981 grasse;
2451 2918 2507 2964 et
2532 2906 2666 2963 illud
2702 2904 3322 2974 Constantinopolitanae
3357 2901 3513 2957 urbis
3541 2893 3774 2952 Ecclesia:

2188 3001 2401 3057 unicum
2430 3000 2612 3055 lumen
2642 2997 2697 3053 in
2726 2996 2936 3052 favillas
2961 2996 3249 3066 dilapsum,
3279 2994 3397 3049 Deo
3424 3004 3532 3046 non
3563 2992 3770 3046 vetante,

2191 3092 2469 3148 fumasse:
2501 3089 2773 3147 exsecrari
2813 3089 2959 3143 cnim
3003 3087 3217 3142 videtur
3263 3084 3553 3156 inquinata
3593 3084 3770 3148 myste-

2192 3186 2293 3252 ria,
2313 3193 2369 3241 et
2396 3184 2657 3240 avertisse
2678 3182 2864 3238 oculos
2890 3181 2958 3236 ab
2986 3196 3053 3237 eo
3079 3180 3219 3244 loco,
3252 3192 3423 3249 quem
3451 3175 3562 3244 jam
3583 3165 3772 3238 sanguis

2194 3276 2474 3343 infecerat,
2504 3291 2574 3331 ne
2603 3276 2892 3330 obsecrare
2940 3272 3063 3343 quis
3103 3271 3367 3341 pietatem
3402 3266 3666 3322 caelestem
3689 3256 3772 3313 sub

2194 3368 2436 3426 cruentis
2492 3374 2678 3438 posset
2721 3364 3000 3420 altaribus.
3043 3361 3298 3418 Edilicia
3338 3371 3557 3431 quoque
3594 3350 3768 3411 divina.

2197 3475 2304 3515 non
2342 3459 2550 3514 minore
2595 3456 2887 3527 splendore
2923 3454 3143 3522 nobilia,
3188 3468 3260 3508 ex
3297 3447 3652 3507 concitatione
3688 3454 3771 3494 sat-

2198 3552 2393 3609 vientis
2431 3551 2686 3618 incendii,
2740 3549 2955 3604 ﬂamma
2997 3562 3057 3603 se
3099 3546 3260 3601 latius
3304 3541 3772 3601 eﬂ‘undente,con-

2199 3652 2410 3714 sumpta
2438 3659 2453 3710 ;
2486 3650 2539 3697 et
2578 3656 2697 3712 quae
2722 3639 2986 3711 publicam
3038 3636 3228 3691 faciem
3270 3636 3546 3691 elaborata
3575 3643 3603 3682 a
3630 3621 3770 3690 majo-

2202 3736 2350 3791 ribus
2394 3734 2593 3791 nostris
2636 3740 2951 3788 ornameuta
2980 3728 3333 3795 decorabant,
3376 3725 3530 3781 velut
3568 3715 3768 3789 quodam

2202 3827 2350 3884 orbis
2380 3826 2567 3881 funere
2595 3832 2955 3881 concremata.
2976 3821 3102 3877 Hmc
3134 3834 3263 3891 ergo
3288 3817 3536 3890 quamvis
3562 3805 3769 3905 crebrius

2202 3920 2410 3992 injuriis
2435 3919 2713 3975 lacessitus
2734 3928 2910 3972 tacere
2941 3914 3213 3971 debuerim
3246 3951 3263 3978 ,
3309 3925 3413 3967 nec
3431 3899 3770 3992 conjunctissi-

2204 3985 2352 4079 mum
2388 4015 2606 4068 fratrem
2635 4010 2892 4081 regnique
2939 4016 3247 4063 consortem
3292 4013 3405 4059 tam
3449 3997 3664 4055 ﬁdeliter
3688 3985 3767 4042 ad-

2207 4123 2472 4174 monere;
2532 4116 2711 4162 tamen
2761 4102 3210 4159 necessitudinem
3266 4094 3540 4168 sanguinis
3586 4081 3769 4143 stimulo

2209 4201 2356 4259 taciti
2395 4200 2597 4257 doloris
2639 4198 2973 4260 anteferens,
3035 4195 3223 4248 hortor
3276 4201 3438 4262 atque
3484 4180 3688 4241 suadeo,

2210 4297 2347 4359 inec.
2392 4295 2439 4349 si
2492 4292 2608 4348 fieri
2662 4298 2858 4363 potest,
2896 4286 3192 4345 emendatis
3248 4284 3302 4340 in
3340 4288 3603 4355 posterum
3628 4280 3767 4326 ωοη·

2214 4391 2313 4447 bus
2351 4388 2725 4457 corrigantur;
2777 4399 2842 4439 ac
2870 4382 3045 4437 divina
3088 4378 3403 4442 iracundia,
3442 4376 3678 4444 quantum
3717 4368 3767 4413 re

2216 4480 2479 4553 proditur,
2507 4478 2759 4541 excitata,
2787 4483 3035 4530 votorum
3075 4470 3360 4526 sedulitate
3386 4466 3629 4553 placetur.

2290 4534 2533 4641 Accipite
2560 4585 2590 4623 a
2620 4584 2707 4623 mc
2734 4534 3003 4622 summum
3031 4534 3401 4632 simplicitatis
3416 4550 3669 4645 indicium.
3695 4534 3764 4645 Id:

2218 4666 2361 4722 circo
2401 4640 2503 4719 hoc
2526 4659 2824 4717 clementiae
2862 4663 3058 4712 vestra:
3100 4649 3472 4709 insinuandum
3509 4640 3686 4715 putavi.
3711 4640 3766 4685 ιιθ

2222 4775 2309 4817 me
2354 4759 2499 4814 velut
2521 4753 2878 4827 gratulatione
2902 4749 3109 4806 occulta
3150 4746 3349 4802 faceret
3376 4736 3514 4813 apud
3540 4733 3762 4827 quemqll'f

2222 4822 2556 4910 taciturnitas
2582 4848 2694 4918 ipsa
2718 4854 3027 4915 suSpectum
3051 4858 3066 4894 :
3108 4855 3242 4895 neve
3268 4836 3388 4908 quis
3411 4828 3638 4889 crederet
3658 4856 3671 4883 ι
3697 4822 3763 4866 Ιηθ

2229 4946 2424 5002 talibus
2474 4942 2625 4998 factis
2675 4938 2919 5011 prmbere
2961 4948 3317 4998 consensum;
3350 4937 3405 4985 et
3445 4921 3531 4995 qui

2225 5035 2531 5093 acciderent
2594 5008 3053 5091 commonuerim.
3119 5034 3463 5096 Posteaquam
3520 5008 3760 5105 conuulsis}:

2230 5138 2374 5195 sunt,
2392 5144 2498 5183 non
2513 5126 2772 5184 dolerem.
2796 5123 2926 5177 Nam
2953 5120 3073 5191 quis
3099 5124 3282 5189 posset
3299 5122 3487 5183 expers
3500 5097 3757 5201 doloris—(it:l

2225 5237 2286 5278 se
2313 5188 2557 5277 meminit
2589 5188 2985 5277 Christianum,
3016 5188 3215 5266 tantam
3238 5203 3466 5278 (videnS)
3486 5190 3642 5280 SHW
3666 5188 3757 5280 Ret:

2225 5274 2582 5370 turbationem
2612 5307 2885 5379 religionis
2916 5274 3205 5365 inductam,
3228 5274 3287 5355 ut
3305 5304 3510 5352 omnem
3530 5274 3761 5379 cameli—6:"

2228 5409 2352 5465 ﬁdei
2379 5414 2577 5462 statum
2607 5372 2830 5460 necesse
2857 5401 2929 5456 sit
2953 5395 3254 5453 ﬂuctuare?
3281 5393 3408 5448 Erat
3435 5388 3566 5441 inter
3588 5372 3753 5465 θρίδαξ

2226 5517 2323 5573 pos
2347 5514 2529 5566 causa,
2547 5513 2666 5569 quae
2685 5495 2880 5552 collato
2910 5498 3292 5557 contractaque
3323 5477 3556 5540 concilio,
3577 5456 3754 5573 ἀίξῧξξξξ

2227 5547 2465 5650 absolvi:
2494 5547 2671 5647 missis
2695 5588 2762 5643 ad
2784 5584 3091 5642 sacerdotes
3113 5582 3259 5637 urbis
3285 5587 3489 5635 aeternae
3508 5570 3647 5630 atque

2230 5689 2314 5742 lia:
2332 5695 2554 5755 utraque
2573 5698 2639 5739 ex
2661 5691 2813 5752 parte
2839 5678 3047 5748 legatis.
3061 5671 3465 5743 exspectabatur
3478 5672 3537 5714 ex
3561 5645 3752 5755 (10121?

2232 5728 2549 5838 auctorit;te
2596 5728 2881 5844 sententia,
2912 5770 3258 5829 informatura
3297 5761 3516 5837 regulam
3556 5728 3747 5804 σίκιβθί·
