4002 6382
226 627 316 668 nte
342 629 360 666 :
382 610 683 680 integrum
711 626 904 683 nempe
920 626 1038 668 esse
1060 614 1337 678 debuerat,
1369 628 1545 685 neque
1570 615 1860 685 quidquam

224 695 479 763 novari,
515 694 658 751 dum
683 695 924 751 definitio
973 696 1266 752 deliberata
1305 698 1621 767 procederet
1673 717 1685 752 :
1734 715 1858 754 cum

223 786 449 842 interea
505 786 717 840 mirum
768 786 1033 856 quoddam
1093 788 1450 858 praecipitium
1502 789 1864 846 festinationis

218 875 479 942 exarsit,
515 884 586 931 ut
633 892 742 931 non
791 878 1112 947 exspectatis
1156 878 1325 934 literis
1365 880 1726 945 sacerdotum,
1773 883 1864 950 qui

217 963 445 1018 fuerant
509 975 711 1021 mutua
789 968 1014 1036 partium
1084 968 1348 1039 legatione
1421 971 1697 1039 consulti,
1754 988 1864 1026 non

224 1056 584 1111 examinatis
616 1057 801 1123 rebus,
833 1058 884 1112 in
921 1059 1169 1114 exsilium
1206 1061 1546 1117 traderentur
1573 1063 1860 1129 antistites,

217 1147 713 1203 animadvet‘sioni
762 1151 908 1220 prius
978 1152 1197 1220 addicti,
1226 1169 1381 1223 quam
1412 1157 1734 1211 sententiam
1770 1158 1862 1228 ju-

214 1235 345 1291 dicii
431 1239 778 1308 episcopalis
824 1245 1052 1311 experti.
1104 1244 1346 1314 Denique
1371 1261 1528 1315 quam
1579 1248 1861 1305 immatura

218 1330 306 1383 illa
383 1329 692 1385 damnatio
745 1331 944 1401 fuerit,
1012 1348 1101 1390 res
1168 1336 1434 1404 probavit.
1487 1336 1726 1409 Namque
1772 1340 1853 1405 ii,

216 1438 459 1494 quorum
524 1427 949 1494 exspectabatur
1001 1427 1318 1494 auctoritas,
1397 1429 1619 1499 pacifica
1666 1429 1859 1487 Joanni

218 1519 490 1587 episcopo
513 1520 911 1578 communione
939 1520 1237 1590 praemissa,
1264 1521 1608 1577 sanciendam
1626 1537 1853 1578 concor-

217 1609 361 1664 diam
382 1620 768 1677 censuerunt,
790 1627 887 1668 nec
916 1627 1237 1684 quemquam
1284 1621 1537 1684 putarunt
1559 1623 1685 1671 ante
1705 1616 1855 1687 judi-

217 1701 361 1756 cium
391 1702 700 1759 consortio
743 1703 1132 1773 repellendum.

215 1853 228 1866 κ
292 1792 454 1859 .Qttid
508 1810 673 1851 nunc
715 1795 861 1852 aliud
904 1803 1177 1867 superest,
1214 1810 1377 1867 quam
1428 1805 1487 1853 ut
1522 1796 1854 1855 Catholicam

1726 506 1859 564 EPIS

1970 506 2103 566 LE.
2886 513 2891 517 ⁴
3462 528 3564 583 542

1974 809 2119 899 tanta
2150 816 2327 857 rerum
2361 808 2618 865 varietate
2643 821 2975 873 nascantur?
3012 832 3069 878 ut
3092 824 3203 893 jam
3228 831 3424 899 populo
3455 848 3562 889 non

1970 889 2165 946 debeat
2193 893 2461 965 imputari,
2490 898 2535 953 si
2563 899 2698 957 forte
2718 906 2770 958 in
2794 905 3037 965 dissonas
3081 889 3259 983 partes
3290 889 3560 978 sectarum

1969 978 2278 1038 diversitate
2301 983 2544 1042 discedat
2575 1007 2591 1044 :
2620 1007 2742 1048 cum
2770 1010 2835 1050 ex
2866 978 3183 1060 auctoritate
3212 1008 3420 1077 publica
3444 1012 3558 1069 dis-

1969 1072 2273 1130 cordiarum
2308 1081 2559 1138 materies
2605 1084 2675 1139 sit
2718 1090 3014 1158 prtemissa,
3052 1105 3106 1151 et
3143 1072 3317 1157 fomes
3339 1105 3556 1174 quidam

1973 1163 2275 1268 nutriendae
2310 1169 2589 1229 seditionis
2613 1178 2901 1236 animatus.
2950 1185 3103 1252 Quod
3133 1204 3201 1245 ne
3228 1191 3279 1246 in
3309 1163 3554 1268 magnam
3581 1197 3596 1268 ι

1969 1252 2201 1353 aliquam
2231 1262 2445 1329 generis
2474 1262 2694 1321 humani
2734 1273 3023 1339 perniciem
3047 1252 3554 1353 recrudescativota

1973 1342 2212 1449 facienda
2256 1362 2403 1417 sunt,
2448 1363 2506 1409 ut
2542 1357 2611 1413 ad
2640 1359 2904 1419 humanas
2944 1370 3312 1440 prolapsioues
3348 1342 3583 1449 patiens!

1968 1433 2109 1491 Deus
2136 1453 2250 1494 rem
2295 1443 2433 1499 male
2461 1457 2667 1516 gestam
2709 1433 2987 1523 prOSperet
3010 1475 3074 1515 ac
3099 1433 3553 1527 'sccundetiﬂlilam

1968 1537 2225 1597 quantum
2252 1534 2303 1588 in
2338 1535 2494 1593 nobis
2523 1549 2625 1608 est,
2652 1558 2936 1612 possumus
2962 1551 3151 1609 timere
3175 1559 3318 1626 quod
3344 1571 3552 1632 gestum

1967 1627 2050 1720 est
2083 1637 2097 1674 :
2124 1633 2378 1726 quantum
2404 1629 2471 1684 ad
2499 1632 2750 1701 pietatem
2773 1652 2988 1711 semper
3008 1645 3283 1714 placabilis
3306 1627 3423 1726 Dei,
3443 1672 3549 1713 non

1970 1715 2073 1765 erit
2097 1715 2275 1773 meriti
2296 1717 2587 1790 impunitas
2613 1724 2836 1801 indulta,
2866 1733 2961 1790 sed
2991 1738 3180 1795 venite.
