4002 6452
269 554 400 613 541⁸

297 739 1568 773 _________________________.__

1724 519 2102 580 EPISTOLAL'.

3414 488 3527 547 ως

3173 693 3498 715 ...υ-³-

1456 1037 1606 1127 AD
1692 1025 2397 1148 EPISCOPOS,

759 1417 1195 1466 mxsnnenos
1232 1415 1313 1459 ET
1354 1411 1666 1457 nucortos
1717 1413 1801 1457 on
1851 1407 2168 1452 PIETATEM
2221 1406 2285 1448 IN
2331 1404 2620 1450 CARCERB
2664 1402 2962 1450 mcmsos
2989 1376 3098 1467 (α).

348 1916 498 1974 Beati
517 1928 621 1970 vos
645 1914 720 1970 ob
743 1923 1036 1976 carcerem,
1064 1908 1133 1963 ob
1171 1917 1409 1973 catenas,
1437 1906 1508 1962 ob
1536 1907 1727 1977 injecta
1754 1908 1877 1962 vin-

287 2012 405 2068 cula
436 2009 643 2074 :beati,
670 2007 908 2075 inquam,
936 2011 992 2058 et
1017 2011 1099 2057 ter
1123 2000 1288 2066 beati,
1322 1999 1429 2054 imo
1450 1999 1667 2069 smpius.
1683 1999 1880 2054 Totum

285 2103 472 2159 orbem
499 2099 655 2155 vobis
680 2094 1006 2154 conciliastis
1038 2111 1052 2148 :
1083 2094 1245 2148 etiam
1291 2092 1448 2163 longe
1473 2092 1724 2147 absentes
1749 2093 1884 2146 ami-

285 2209 381 2250 cos
407 2193 563 2249 vobis
579 2191 801 2246 fecistis.
829 2187 1039 2258 Ubique
1065 2193 1332 2241 terrarum
1358 2192 1412 2237 et
1433 2184 1657 2239 marium
1677 2199 1884 2238 canun-

293 2295 378 2341 tur
405 2294 584 2340 vestra
606 2283 863 2353 prmelara
885 2279 1142 2341 facinora,
1175 2276 1454 2341 fortitudo,
1479 2285 1730 2330 constans
1756 2291 1884 2331 sen-

294 2377 483 2440 tentia,
509 2375 827 2443 animusque
847 2370 1068 2426 minime
1099 2369 1331 2424 servilis.
1354 2368 1516 2431 Nihil,
1545 2369 1886 2436 quantumvis

291 2483 458 2538 grave
484 2466 746 2529 videatur,
773 2479 873 2518 vos
898 2461 1158 2517 deterruit
1188 2477 1201 2514 :
1225 2475 1332 2514 non
1363 2459 1617 2525 tribunal,
1643 2474 1748 2513 non
1770 2474 1888 2514 car-

292 2559 464 2624 nifex,
489 2574 594 2613 non
627 2565 1016 2612 tormentorum
1041 2552 1203 2606 multa
1224 2565 1442 2620 genera,
1469 2566 1574 2604 non
1591 2551 1752 2605 minae
1768 2567 1888 2621 quas

289 2653 604 2707 innumeras
644 2657 844 2701 mortes
861 2643 1178 2700 nuntiabant
1209 2659 1222 2696 :
1253 2639 1554 2710 uoujudex,
1591 2641 1678 2712 qui
1712 2643 1887 2712 ignem

293 2742 365 2797 ab
392 2755 492 2796 ore
515 2738 772 2810 spirabat,
803 2752 907 2792 non
938 2734 1251 2796 adversarii,
1282 2733 1372 2802 qui
1420 2731 1734 2786 frendebant
1755 2732 1886 2786 den-

293 2834 461 2898 tibus,
488 2842 544 2887 et
567 2831 873 2886 innumeras
900 2827 1121 2882 insidias
1150 2825 1450 2890 struebant,
1485 2837 1590 2878 non
1618 2832 1780 2878 tanta:
1802 2837 1890 2878 ca-

294 2923 538 2988 lumniae,
566 2937 672 2976 non
695 2917 1170 2990 impudentissima:
1195 2915 1583 2982 accusationes,
1611 2928 1717 2969 non
1744 2929 1890 2970 mors

294 3026 424 3072 ante
452 3015 639 3070 oculos
668 3012 905 3084 quotidie
931 3010 1225 3080 praposita,
1257 3006 1354 3062 sed
1398 3007 1513 3062 lure
1535 3007 1716 3061 omnia
1740 3007 1892 3062 vobis

298 3109 521 3163 uberem
551 3105 727 3176 potius
749 3119 812 3158 ac
832 3102 1186 3158 sufﬁcientem
1210 3099 1592 3154 consolationis
1610 3100 1890 3154 materiam

295 3201 622 3272 praestitere.
667 3199 735 3253 Et
773 3197 974 3252 idcirco
1009 3210 1106 3249 vos
1135 3202 1188 3249 et
1229 3201 1489 3247 coronant
1521 3201 1574 3246 et
1603 3200 1895 3262 praedicant

294 3307 508 3354 omnes,
533 3304 640 3344 non
668 3288 826 3343 amici
852 3287 1048 3353 solum,
1080 3285 1173 3340 sed
1201 3294 1254 3339 et
1282 3284 1482 3338 inimici
1527 3284 1627 3353 ipsi
1658 3285 1749 3354 qui
1781 3286 1895 3340 haec

293 3383 622 3446 effecerunt;
653 3379 755 3435 etsi
778 3393 883 3433 non
924 3377 1120 3446 palam,
1148 3375 1243 3431 sed
1269 3375 1314 3430 si
1345 3375 1464 3444 quis
1510 3374 1563 3429 in
1589 3390 1773 3430 eorum
1807 3375 1893 3430 in-

300 3472 582 3544 trospiciat
598 3469 1006 3534 conscientiam,
1032 3467 1152 3521 illos
1172 3466 1332 3521 etiam
1356 3465 1518 3520 vestri
1540 3465 1895 3520 admiratione

299 3565 476 3620 teneri
503 3562 892 3634 deprehendet.
922 3561 1066 3615 Talis
1092 3559 1233 3614 enim
1259 3573 1346 3613 res
1368 3567 1450 3613 est
1469 3559 1658 3622 virtus,
1677 3559 1892 3612 utillam

296 3657 469 3712 etiam
515 3655 914 3723 impugnatores
955 3651 1070 3722 ejus
1109 3648 1473 3713 admirentur;
1524 3649 1644 3703 talis
1683 3662 1770 3701 res
1813 3657 1896 3703 est

304 3748 531 3812 malitia,
575 3755 635 3801 ut
661 3747 820 3800 etiam
851 3744 886 3798 ii
912 3743 1003 3814 qui
1050 3757 1168 3798 eam
1200 3749 1488 3810 operantur
1515 3739 1892 3796 condetnuent.

303 3841 376 3896 Et
402 3841 476 3895 ita
500 3839 552 3892 in
581 3837 682 3892 hac
704 3839 813 3891 vita
855 3849 944 3890 res
976 3844 1169 3888 vestra:
1197 3847 1257 3886 se
1287 3831 1484 3900 habent
1513 3848 1525 3884 :
1558 3846 1676 3900 qua:
1716 3839 1893 3884 autem

301 3934 358 3988 in
388 3931 538 3987 cselis
565 3931 717 3992 ﬁunt,
749 3929 865 3998 quis
890 3942 1069 3982 sermo
1093 3925 1252 3996 digne
1281 3923 1609 3993 explicabit?
1634 3922 1890 3992 Inscripta

303 4035 433 4080 sunt
464 4023 678 4079 nomina
704 4031 880 4077 vestra
910 4021 963 4075 in
1009 4019 1150 4074 libro
1173 4018 1294 4072 vitae
1327 4035 1340 4070 :
1367 4031 1488 4070 cum
1518 4016 1716 4070 sanctis
1757 4031 1898 4070 mar-

305 4115 518 4188 tyribus
543 4109 914 4168 connumerati
954 4109 1106 4164 estis.
1153 4108 1276 4163 Scio
1317 4106 1432 4160 haec
1458 4121 1557 4176 ego
1594 4116 1760 4170 certo,
1792 4120 1897 4158 non

304 4206 450 4279 quod
481 4206 532 4260 in
563 4205 753 4258 cadum
781 4201 1222 4264 transcenderim,
1268 4198 1360 4254 sed
1392 4213 1423 4252 e
1451 4199 1642 4252 divinis
1670 4197 1900 4252 oraculis

308 4299 493 4355 didici.
517 4297 649 4354 Nam
674 4296 720 4351 si
748 4295 984 4352 Joannes
1009 4294 1098 4349 ille
1140 4291 1440 4348 infecunda-2
1469 4291 1692 4357 fructus,
1723 4299 1779 4345 et
1804 4290 1900 4344 de-

307 4395 441 4446 serti
478 4390 629 4453 civis,
659 4403 780 4443 cum
812 4387 1146 4456 illegitimmn
1185 4383 1408 4439 vidisset
1447 4383 1674 4437 Herodis
1715 4381 1904 4450 conju-

304 4482 479 4554 gium,
522 4495 644 4535 cum
682 4476 1173 4550 praevaricationem
1226 4475 1498 4544 corrigere
1539 4489 1645 4527 non
1697 4479 1900 4542 posset,

305 4576 491 4646 arguit
516 4584 714 4639 tamen,
749 4580 804 4627 et
831 4563 1129 4641 propterea'
1142 4569 1193 4623 in
1224 4582 1496 4622 carcerem
1533 4565 1827 4636 coniectus,
1852 4573 1906 4618 et

309 4665 647 4722 decollatus‘
669 4705 685 4729 ,
713 4671 936 4733 martyr,
968 4671 1023 4716 et
1064 4669 1360 4732 martyrum
1405 4659 1606 4728 primus
1636 4657 1734 4711 fuit
1763 4672 1777 4710 :
1809 4671 1904 4712 vos

307 4759 400 4827 qui
433 4756 638 4826 legibus
664 4762 719 4810 et
743 4751 1210 4808 constitutionibus
1229 4759 1456 4821 patrum,
1481 4763 1612 4818 quas
1641 4758 1906 4817 transgre-

307 4851 534 4906 diuntur
555 4847 740 4917 aliqui,
769 4853 825 4901 et
850 4843 1170 4911 sacerdotio,
1198 4842 1339 4914 quod
1364 4841 1618 4896 invadunt
1643 4849 1697 4896 et
1718 4849 1910 4894 conta-

311 4941 546 5002 minant,
571 4936 1002 5009 patrocinamini,
1025 4945 1226 4992 etcum
1255 4944 1472 5005 propter
1496 4933 1773 4988 veritatem
1797 4931 1912 4986 hrec

313 5031 582 5102 patimini,
613 5039 723 5084 tum
749 5037 804 5083 ut
826 5037 1040 5084 cessent
1067 5027 1404 5099 impudentes
1437 5025 1739 5089 calumniae,
1767 5024 1912 5093 cogi-

315 5134 423 5178 tate
454 5122 667 5193 qualem
700 5121 972 5192 accepturi
1011 5121 1126 5176 sitis
1163 5118 1486 5176 mercedem.
1516 5117 1638 5172 Non
1678 5119 1792 5172 licet
1823 5116 1910 5170 tibi

319 5215 502 5267 habt-1's
519 5229 735 5267 uxorem
758 5211 991 5283 Philippi
1013 5212 1192 5282 fratris
1217 5212 1291 5265 tui
1312 5209 1525 5282 (Matth.
1559 5209 1648 5263 14.
1677 5210 1756 5279 4),
1781 5208 1912 5263 dixit

318 5305 475 5361 fortis
501 5315 556 5361 et
583 5303 830 5358 sublimis
855 5304 968 5370 ille,
1000 5303 1238 5373 satisque
1261 5303 1308 5357 ei
1337 5301 1432 5356 fuit
1449 5300 1514 5354 ad
1538 5301 1802 5371 ingentem
1823 5314 1911 5352 ar-

310 5396 510 5470 guendi
539 5395 862 5450 libertatem.
895 5389 1004 5446 Vos
1028 5405 1241 5462 quoque
1271 5388 1506 5451 dixistis,
1546 5389 1627 5442 En
1667 5390 1907 5459 exposita

315 5499 446 5545 sunt
472 5487 632 5541 etiam
665 5492 845 5539 nostra
870 5497 1092 5552 corpora
1119 5480 1313 5552 poenis,
1345 5479 1637 5550 suppliciis,
1667 5487 1908 5536 tormeno

311 5584 383 5639 tis
418 5598 432 5634 :
468 5580 714 5644 absumo,
738 5577 943 5632 confice
965 5576 1065 5630 ista
1091 5574 1282 5641 quibus
1305 5574 1455 5627 voles
1475 5573 1750 5643 soppliciis
1783 5592 1796 5628 :
1820 5580 1920 5629 ad-

316 5675 441 5730 duci
470 5687 576 5728 non
607 5682 894 5740 possumus
915 5678 971 5721 ut
991 5666 1402 5730 calumniemur,
1429 5663 1524 5718 sed
1551 5663 1747 5720 millies
1772 5666 1909 5721 mori

322 5765 476 5823 nobis
504 5764 677 5819 satius
718 5770 819 5816 est.
853 5761 923 5814 At
967 5759 1139 5827 rapite
1182 5756 1411 5811 truncati
1451 5770 1558 5810 non
1599 5756 1773 5812 estis:
1805 5757 1915 5812 imo

387 5896 404 5927 ⁸
441 5893 516 5943 Sic
538 5896 650 5939 Itss.
673 5894 865 5935 omnes.
892 5889 942 5930 tn
958 5879 1118 5936 editis,
1142 5883 1189 5928 et
1211 5874 1495 5943 decollatus,
1517 5872 1682 5926 deest.

382 5936 674 6017 (afrenata
694 5958 806 5997 cum
829 5946 1006 6017 vatio”
1047 5943 1249 6002 Fabric,
1281 5937 1476 5990 Coisliu.
1518 5945 1571 5989 et
1615 5936 1762 5999 Regio
1787 5939 1914 5995 uno;

319 6003 500 6084 magis.
525 6021 698 6066 autem
718 6019 848 6060 anno
870 6003 978 6056 404.

1900 1637 1974 1649 .-

1997 1911 2156 1983 longe
2176 1914 2452 1970 acerbiora
2469 1911 2685 1968 tulistis.
2706 1911 2821 1967 Non
2847 1912 2990 1967 enim
3013 1911 3152 1968 idem
3177 1922 3258 1969 est
3279 1912 3432 1970 brevi
3449 1925 3584 1972 tem-

1994 2007 2142 2078 poris
2165 2018 2436 2061 momento
2456 2015 2614 2074 caput
2640 2005 2906 2070 amittere,
2937 2015 2991 2060 et
3017 2013 3165 2060 tanto
3199 2015 3439 2076 tempore
3459 2023 3581 2063 cum

1999 2099 2196 2154 talibus
2227 2099 2412 2154 luctari
2439 2097 2734 2164 doloribus,
2781 2098 3092 2164 terroribus,
3135 2098 3314 2162 minis,
3342 2104 3575 2153 carceri-

2000 2192 2122 2257 bus,
2151 2190 2561 2247 abductionibus
2587 2189 2653 2244 ad
2698 2189 2949 2255 tribunal,
2977 2188 3288 2245 carnificum
3317 2192 3582 2258 manibus,

2000 2283 2448 2356 sycophantarum
2497 2281 2970 2352 impudentissimis
3018 2282 3243 2352 linguis,
3294 2284 3585 2350 conviciis,

2001 2379 2202 2432 salibus
2231 2386 2284 2431 et
2313 2375 2706 2431 dicacitatibus.
2736 2375 2867 2429 Nam
2891 2383 2945 2428 et
2971 2373 3075 2428 hoc
3099 2375 3388 2428 maximum
3415 2386 3590 2430 certa-

2003 2467 2164 2522 minis
2193 2479 2382 2537 genus,
2407 2465 2728 2535 ponitur-que
2757 2479 2784 2517 a
2815 2463 2970 2518 beato
3000 2463 3164 2517 Paulo
3195 2463 3246 2518 in
3278 2479 3592 2533 magnorum

2001 2560 2353 2614 certaminum
2370 2557 2579 2622 ordine,
2606 2572 2725 2611 cum
2753 2557 2831 2610 sic
2856 2555 2927 2610 ait
2950 2573 2965 2610 :
2985 2553 3344 2609 Recordamini
3363 2556 3474 2610 dies
3490 2557 3597 2627 pri-

2001 2651 2181 2716 stinos,
2209 2651 2262 2704 in
2285 2651 2463 2719 quibus
2485 2649 2776 2713 illuminati,
2805 2649 2982 2718 ingens
3004 2658 3252 2703 certamen
3273 2649 3596 2719 aﬂlictionum

2002 2742 2312 2797 sustinuistis
2345 2740 2526 2811 (Hebr.
2559 2739 2644 2793 10.
2677 2739 2787 2812 5‘2).
2826 2739 3024 2794 Deinde
3045 2749 3314 2794 certamen
3346 2756 3603 2804 narrans,

2007 2832 2181 2902 ipsum
2211 2831 2359 2900 ponit
2403 2831 2480 2884 sic
2529 2829 2796 2883 dicendo:
2835 2829 3030 2881 Partim
3064 2828 3346 2898 opprobriis
3393 2839 3439 2882 et
3469 2830 3595 2898 aﬁli-

2004 2924 2254 2978 ctionibus
2283 2921 2624 2990 spectaculum
2655 2921 2777 2991 [acti
2801 2937 2818 2973 :
2840 2921 3026 2990 partim
3055 2921 3481 2973 contmunicantes
3511 2921 3593 2983 iis,

2003 3015 2090 3090 qui
2125 3017 2198 3070 sic
2231 3018 2523 3088 aﬂh‘guulur
2553 3015 2658 3083 (Ib.
2704 3031 2759 3067 υ.
2790 3013 2902 3086 '55).
2932 3015 2984 3069 Si
3016 3029 3143 3083 ergo
3172 3014 3260 3084 qui
3297 3015 3595 3068 communi-

2003 3121 2152 3165 cant.
2198 3116 2428 3172 certant,
2462 3108 2630 3161 multo
2665 3113 2832 3177 magis
2868 3105 2958 3177 qui
2997 3106 3284 3163 sustinent.
3313 3105 3428 3160 Non
3455 3105 3598 3159 enim

2013 3215 2196 3264 unam,
2230 3208 2322 3252 aut
2348 3199 2500 3260 duas,
2545 3206 2636 3251 aut
2668 3206 2797 3264 tres,
2827 3197 2918 3252 sed
2951 3198 3107 3268 longe
3134 3197 3313 3267 plures
3342 3199 3598 3252 sustinui—

2008 3291 2106 3346 stis
2133 3301 2335 3345 mortes
2357 3308 2370 3344 :
2390 3289 2490 3343 etsi
2521 3305 2624 3342 non
2649 3287 3001 3358 experientia,
3031 3296 3234 3343 certum
3260 3296 3438 3342 tamen
3460 3289 3598 3358 quod

2009 3385 2210 3438 animo.
2239 3381 2465 3437 Gaudete
2490 3382 2666 3451 igitur,
2690 3391 2736 3434 et
2766 3381 3016 3435 exsultale
3044 3380 3259 3451 (Matth.
3278 3383 3330 3436 5.
3359 3383 3482 3451 l2);
3509 3383 3602 3436 Do-

2012 3477 2190 3531 minus
2239 3477 2492 3532 caelorum
2531 3477 2694 3544 jussit
2734 3491 2838 3529 non
2889 3475 3066 3530 solum
3111 3491 3218 3530 non
3258 3473 3474 3539 doli-re,
3519 3474 3604 3528 vel

2011 3569 2182 3638 frangi
2205 3569 2404 3630 animo,
2428 3567 2513 3621 vel
2544 3567 2815 3632 decidere,
2851 3566 2942 3621 sed
2966 3566 3199 3635 gaudere
3230 3573 3285 3619 et
3314 3565 3601 3629 exsultare,

2013 3659 2229 3731 quando
2269 3674 2462 3713 nomen
2505 3667 2742 3711 vestrum
2798 3666 3067 3724 tamquam
3117 3655 3313 3709 malum
3367 3656 3602 3723 ejicieut.

2015 3753 2166 3821 Quod
2195 3753 2241 3808 si
2269 3753 2319 3806 in
2347 3749 2713 3822 sycophantiis
2749 3748 3087 3818 gaudendum
3113 3765 3128 3812 ;
3155 3747 3370 3816 quando
3399 3747 3481 3800 his
3509 3762 3602 3800 ae-

2016 3845 2214 3902 cedunt
2257 3843 2561 3907 calumnias,
2605 3841 2848 3905 verbera,
2905 3846 3198 3902 tormenta,
3239 3837 3400 3906 gladii
3443 3838 3605 3902 acuti,

2018 3950 2287 3999 carceres,
2310 3942 2533 3999 catenae,
2563 3931 2937 3994 abductiones,
2983 3927 3367 3992 traductiones,
3399 3937 3477 3981 tot
3506 3927 3610 3980 ini-

2021 4027 2282 4082 micorum
2315 4032 2565 4089 catervae,
2600 4023 2829 4092 cogitate
2854 4021 3026 4090 qualis
3056 4023 3283 4085 mer’ces,
3312 4033 3471 4088 quant
3499 4033 3610 4074 coa-

2021 4127 2251 4175 cervata:
2277 4125 2435 4172 erunt
2480 4112 2879 4169 retributiones.
2928 4109 3155 4164 Gaudete
3179 4110 3350 4180 igitur,
3374 4109 3610 4163 etmal-

2023 4223 2144 4278 tate,
2175 4210 2356 4265 viriles
2396 4217 2587 4272 estote,
2620 4203 3064 4270 corroboramini,
3111 4203 3340 4272 cogitate
3369 4211 3497 4271 quot
3526 4216 3612 4258 ve-

2024 4314 2136 4360 stro
2163 4303 2408 4373 exemplo
2433 4302 2497 4356 ad
2521 4300 2811 4356 certamina
2840 4296 3107 4360 armastis,
3127 4304 3256 4365 quot
3274 4295 3614 4349 fluctuaban-

2025 4396 2124 4450 dos
2153 4394 2535 4457 contirmastis,
2584 4406 2742 4462 quam
2776 4390 3064 4444 multorum
3101 4387 3308 4440 animos
3347 4385 3614 4440 excitastis

2028 4505 2136 4544 non
2168 4487 2514 4556 praesentium
2556 4481 2738 4545 modo,
2787 4478 2883 4534 sed
2925 4479 3085 4533 etiam
3132 4475 3467 4536 absentium;
3510 4488 3615 4527 non

2029 4595 2390 4638 arrumnarum
2416 4585 2712 4631 vestrarum
2760 4578 3075 4640 conspectu,
3102 4567 3200 4624 sed
3226 4584 3410 4624 earum
3436 4566 3615 4622 auditu

2029 4674 2201 4730 solum
2225 4669 2468 4742 plurimis
2490 4665 2674 4738 procul
2699 4663 2886 4735 positis
2908 4675 3150 4731 magnam
3173 4659 3454 4713 utilitatem
3475 4667 3614 4711 attu-

2031 4767 2189 4823 listis.
2215 4762 2482 4819 Continuo
2514 4766 2754 4814 versetur
2786 4757 2838 4809 in
2879 4769 2976 4809 ore
3003 4760 3182 4807 vestro
3209 4749 3338 4805 illud
3363 4750 3616 4818 apostoli-

2032 4876 2153 4916 cum
2180 4857 2381 4913 dictum
2416 4870 2430 4907 :
2461 4851 2583 4906 Non
2608 4858 2723 4904 sunt
2749 4849 3018 4917 condigna:
3043 4844 3302 4915 passiones
3329 4843 3481 4912 hujus
3504 4853 3616 4896 tem-

2035 4952 2172 5022 poris
2204 4948 2271 5002 ad
2313 4952 2538 5018 futuram
2567 4942 2783 5014 gloriam
2807 4941 2861 4993 in
2913 4937 3057 4992 nobis
3098 4925 3419 4989 repetendam
3447 4932 3622 5006 (Rom,

2035 5044 2090 5098 8.
2117 5041 2228 5107 18).
2254 5039 2574 5106 Exspectate
2603 5051 2615 5088 :
2647 5032 2792 5088 brevi
2814 5029 3166 5085 tentationum
3193 5025 3313 5081 linis
3335 5027 3456 5090 erit,
3491 5025 3633 5080 libe-

2032 5125 2280 5194 ratioque
2307 5123 2563 5194 perfecta.
2590 5120 2752 5176 Orate
2771 5120 2932 5175 etiam
2954 5118 3152 5190 jugiter
3173 5131 3270 5186 pro
3296 5115 3468 5168 nobis.
3493 5112 3627 5165 Nam

2025 5217 2126 5272 etsi
2172 5216 2332 5286 longo
2360 5216 2563 5270 viarum
2615 5213 2896 5268 intervallo
2944 5209 3320 5281 disjungimur,
3352 5207 3622 5271 multoque

2036 5321 2282 5381 tempore
2313 5326 2343 5365 a
2369 5310 2524 5365 vobis
2568 5306 2832 5378 segregati
2887 5319 3073 5360 sumus
3105 5321 3116 5358 :
3150 5312 3385 5357 attamen
3427 5311 3524 5352 vos
3569 5305 3621 5350 ut

2031 5411 2327 5471 praesentes
2353 5409 2410 5457 et
2457 5401 2738 5456 nobiscum
2765 5406 3042 5453 versantes
3065 5393 3487 5464 complectimur,
3524 5403 3616 5442 ve-

2025 5504 2199 5548 strum
2223 5493 2451 5546 amicum
2474 5506 2532 5547 ca
2542 5498 2634 5558 put
2661 5488 3058 5553 exosculamur,
3077 5491 3362 5541 coronatos
3391 5479 3622 5534 victores

2023 5595 2118 5635 vos
2146 5578 2398 5649 eXpansis
2425 5574 2674 5630 manibus
2698 5571 3017 5642 excipimus,
3044 5573 3414 5639 exspectantes
3435 5571 3490 5618 et
3509 5564 3614 5631 ipst.

2019 5688 2088 5729 ex
2116 5679 2299 5726 mutua
2329 5682 2459 5738 erga
2481 5681 2580 5721 vos
2605 5666 2831 5721 caritate
2877 5663 3084 5718 lucrum
3113 5660 3425 5714 maximum.
3475 5654 3607 5710 Nam

2021 5766 2065 5821 si
2098 5777 2344 5833 magnam
2374 5757 2684 5814 mercedem
2725 5763 3047 5826 exspectare
3097 5751 3225 5807 licet
3267 5750 3332 5804 iis
3379 5751 3470 5815 qui
3513 5760 3612 5802 vos

2019 5863 2204 5911 amant
2231 5867 2247 5908 :
2280 5850 2514 5922 cogitate
2547 5846 2726 5919 qualia
2754 5859 2875 5910 vos,
2920 5843 3009 5915 qui
3033 5850 3114 5897 tot
3139 5841 3196 5896 in
3229 5837 3612 5897 certaminibus

2021 5947 2153 6003 clari
2183 5954 2236 6002 et
2261 5943 2494 6014 insignes
2516 5937 2717 6008 fuistis,
2747 5942 3000 5994 maneant
3020 5931 3262 6006 praemia.
