4002 6388
565 495 673 555 ΜΞ
1251 503 1308 558 S.
1347 500 1631 557 JOANNIS
1669 500 2157 557 CHRYSOSTOMI
2201 499 2516 556 ARClllEl‘.
2555 498 3100 556 CONSTANTINOP.
3710 506 3810 560 5M

555 693 2008 708 ——m————-———_.——

663 714 717 720 ...-
744 713 997 723 .--..--_....,.
1015 713 1033 721 .-
1052 713 1111 720 ——
1131 712 1480 720 μμ*

1823 711 1940 717 _..___
2003 713 2018 715 __
2061 712 2066 715 _
2091 707 3793 725 __-._-__-~._‘_.—-_—“-_—_—-—-a——

1818 1044 2510 1143 ADMONITIO

1285 1285 1364 1342 IN
1427 1285 1827 1345 EPISTOLAS
1889 1286 2155 1345 SANCTI
2216 1285 2528 1346 JOANNIS
2585 1288 3109 1349 CHRYSOSTOMI

1468 1494 1555 1542 AD
1596 1491 2044 1543 OLYMPIADEM
2087 1493 2172 1540 ET
2221 1494 2306 1543 AD
2345 1492 2542 1542 ALIOS
2585 1491 2874 1543 MULTOS.

629 1729 996 1800 Epistolarum
1022 1730 1079 1786 S.
1109 1731 1334 1787 Joannis
1389 1734 1764 1806 Chrysostomi
1813 1752 2002 1792 verum
2050 1738 2299 1794 ordinem
2329 1737 2548 1806 assequi
2583 1737 2847 1790 hactenus
2878 1749 2983 1789 non
3016 1731 3294 1803 potuimus
3328 1750 3344 1787 :
3373 1748 3508 1788 nam
3543 1733 3613 1798 is,
3645 1748 3796 1804 quem

563 1864 674 1919 prae
720 1865 779 1905 se
840 1849 1023 1906 ferunt
1059 1851 1338 1908 Editiones
1392 1851 1621 1918 Morelli,
1663 1869 1764 1910 nec
1817 1863 2148 1924 temporum,
2183 1869 2284 1910 nec
2318 1869 2674 1924 personarum
2710 1854 2775 1908 ad
2805 1868 2945 1922 quas
2981 1853 3223 1923 epistola:
3245 1854 3574 1921 mittuntur,
3603 1863 3794 1908 rectam

548 1962 744 2017 seriem
797 1963 1037 2019 exhibet.
1070 1965 1131 2018 In
1189 1965 1432 2020 omnium
1486 1967 1692 2036 optimo
1743 1976 1798 2022 et
1848 1968 2233 2038 antiquissimo
2283 1965 2485 2022 Codice
2520 1965 2860 2022 Coisliniano
2895 1966 3251 2036 epistolarum
3285 1966 3428 2020 ordo
3471 1981 3599 2021 cum
3626 1964 3788 2019 Editis

547 2097 656 2136 non
694 2081 987 2146 consentit,
1010 2090 1175 2152 atque
1199 2090 1254 2137 et
1308 2081 1424 2152 ipse
1477 2081 1888 2137 interturbatam
1947 2083 2142 2138 seriem
2178 2081 2444 2149 exhibet,
2480 2081 2695 2153 qualem
2724 2083 2974 2138 dedimus
3005 2081 3058 2136 in
3088 2080 3428 2136 Bibliotheca
3464 2078 3787 2134 Coisliniana

544 2209 600 2264 p.
637 2194 758 2250 565.
813 2196 1012 2252 Caeteri
1069 2207 1251 2252 autem
1307 2196 1436 2252 Mss.
1489 2197 1643 2268 Regii
1703 2200 1818 2253 sive
1882 2196 2132 2252 Vaticani
2161 2213 2262 2254 nec
2303 2214 2429 2254 cum
2474 2199 2580 2253 hoc
2632 2214 2732 2253 nec
2760 2215 2884 2253 cum
2915 2198 3088 2253 Editis
3133 2196 3517 2253 consentiunt.
3554 2195 3777 2248 Savilius

546 2308 808 2376 epistolas
858 2325 1047 2366 omnes
1085 2311 1276 2367 ordine
1316 2311 1659 2382 alphabetico
1692 2312 1962 2383 disposuit
1994 2331 2010 2380 ;
2052 2314 2127 2370 ita
2173 2322 2234 2370 ut
2267 2331 2299 2369 a
2339 2315 2656 2370 nominibus
2683 2331 3066 2386 personarum,
3109 2317 3177 2371 ad
3207 2331 3348 2387 quas
3380 2315 3632 2386 epistolae
3657 2311 3776 2367 diri-

550 2429 774 2486 guntur,
811 2421 980 2477 series
1010 2437 1196 2476 earum
1237 2421 1470 2478 ducatur
1501 2440 1516 2478 :
1556 2423 1651 2494 qui
1679 2424 1814 2479 ordo
1864 2423 2079 2480 etiamsi
2109 2424 2242 2493 quid
2282 2425 2534 2481 utilitatis
2565 2440 2675 2494 pra:
2698 2440 2759 2480 se
2788 2424 2944 2489 ferat,
2983 2441 3092 2480 non
3129 2437 3214 2481 est
3244 2435 3438 2481 tamen
3468 2425 3783 2495 amplecten-

547 2542 670 2597 dus.
695 2541 750 2597 Si
781 2542 1004 2597 omnino
1058 2544 1425 2612 potuissemus
1482 2544 1744 2614 temporis
1785 2544 2030 2599 ordinem
2094 2553 2304 2647 c‘ertum
2335 2554 2500 2614 atque
2531 2545 2897 2599 indubitatum
2933 2545 2986 2598 in
3011 2544 3253 2613 epistolis
3287 2545 3647 2608 constituere,
3683 2543 3781 2596 lucc

545 2666 692 2712 certe
728 2656 924 2712 fuisset
954 2673 1081 2712 vera
1108 2667 1162 2712 et
1195 2658 1438 2712 omnium
1474 2650 1768 2713 utilissima
1820 2658 2106 2714 ordinandi
2128 2659 2269 2714 ratio
2301 2677 2316 2725 ;
2351 2667 2408 2712 at
2463 2658 2595 2714 illud
2646 2657 2796 2712 nulla
2855 2669 2971 2713 arte
3010 2657 3128 2713 ﬁeri
3159 2667 3342 2727 potest
3373 2675 3387 2710 :
3427 2673 3557 2712 nam
3585 2667 3641 2710 ut
3664 2665 3778 2711 sunt

547 2769 796 2835 quaedam
837 2768 1081 2838 epistolae
1119 2784 1240 2840 qua:
1271 2768 1407 2824 alias
1431 2769 1718 2840 quaspiam
1753 2770 2099 2840 praecessisse
2129 2769 2353 2825 omnino
2377 2769 2652 2838 videntur,
2678 2769 2750 2824 ita
2787 2771 2841 2824 in
2873 2770 3108 2826 maxima
3141 2770 3378 2826 aliarum
3413 2780 3570 2841 parte
3599 2769 3776 2823 frustm

549 2907 764 2961 quaeras
798 2907 921 2960 quae
981 2891 1152 2962 prior,
1198 2907 1320 2961 qua:
1369 2891 1643 2961 posterior
1690 2891 1818 2947 data
1870 2889 2057 2946 fuerit.
2093 2889 2460 2957 Quamobrem
2486 2891 2734 2946 ordinem
2761 2907 2790 2945 a
2813 2889 3020 2948 Jacobo
3050 2891 3209 2947 Billio
3230 2903 3285 2948 et
3314 2908 3344 2944 a
3381 2891 3656 2946 Frontone
3679 2887 3771 2941 Du-

544 3019 658 3058 eaeo
714 3005 1072 3059 constitutum
1124 3018 1343 3060 servare
1382 3005 1558 3059 visum
1593 3003 1696 3059 fuit
1729 3023 1744 3059 :
1785 3005 1930 3060 unde
1959 3004 2092 3059 illud
2123 3003 2396 3060 commodi
2429 3004 2657 3068 accedit,
2684 3012 2742 3058 ut
2779 3004 3136 3075 epistolarum
3171 3005 3392 3058 numeri
3431 3003 3721 3060 sexcenties
3746 3015 3770 3053 a

542 3116 905 3184 scriptoribus
935 3116 1196 3186 praeteriti
1249 3115 1648 3186 praesentisque
1699 3113 1885 3169 saeculi
1911 3114 2202 3170 memorati
2247 3114 2412 3170 iidem
2466 3116 2830 3186 reperiantur,
2874 3117 2928 3170 in
2961 3124 3333 3186 promptuque
3357 3119 3432 3173 sit
3460 3114 3706 3186 epistolas
3722 3112 3770 3165 in

540 3231 664 3288 loco
693 3233 854 3288 solito
880 3233 1088 3302 positas
1119 3232 1288 3288 adire.

609 3347 840 3404 Joannis
895 3349 1278 3422 Chrysostomi
1330 3349 1594 3419 epistolas
1647 3362 1882 3404 numero
1931 3349 2036 3406 175
2087 3349 2300 3420 primus
2349 3348 2500 3405 dedit
2525 3347 2765 3406 Jacobus
2793 3346 2985 3404 Billius
3010 3346 3296 3411 Prunaeus,
3335 3346 3395 3403 S.
3424 3343 3690 3425 Michaelis
3717 3354 3766 3393 ιη

540 3467 738 3525 Eremo
765 3469 970 3534 Abbas,
997 3468 1098 3524 hac
1123 3469 1409 3540 praemissa
1445 3467 1877 3537 praefatiuncula.

1741 3707 2070 3771 CANDIDO
2121 3707 2446 3770 LECTORI
2508 3708 2572 3767 S.

611 3915 632 3952 ι
672 3895 830 3964 Quod
861 3897 927 3952 D.
968 3895 1257 3952 Joannem'
1287 3893 1742 3966 Chrysostomum
1807 3892 1913 3948 hoc
1963 3892 2320 3962 epistolarum
2369 3890 2510 3945 libro
2559 3904 2706 3945 nunc
2746 3889 2986 3960 primum
3021 3890 3323 3946 auctiorem
3357 3890 3546 3953 habes,
3577 3880 3752 3952 optime

534 4011 728 4076 lector,
755 4008 808 4065 id
836 4008 1207 4064 eruditissimo
1240 4007 1358 4062 viro
1378 4005 1581 4062 Jacobo
1609 4000 1835 4076 Cujacio
1879 4004 2068 4070 debes,
2103 4004 2198 4074 qui
2228 4018 2328 4075 pro
2359 4017 2572 4058 summa
2607 4018 2704 4058 sua
2735 4003 3096 4071 humanitate,
3118 4005 3365 4072 atquein
3397 3997 3752 4070 rempublicam

537 4119 858 4175 litterariam
915 4119 1117 4184 studio,
1163 4117 1394 4186 benigne
1454 4117 1590 4171 mihi
1643 4115 1902 4172 Codicem
1966 4114 2216 4171 Graecum
2276 4114 2664 4170 commodavit.
2700 4113 2813 4169 Etsi
2866 4126 3047 4170 autem
3095 4115 3150 4169 in
3204 4115 3293 4170 his
3324 4112 3569 4187 epistolis
3595 4105 3751 4162 multa!

532 4246 662 4289 sunt
715 4234 958 4304 ejusdem
1018 4234 1342 4304 argumenti,
1394 4248 1516 4303 qua:
1578 4233 1816 4289 fortasse
1861 4240 2143 4303 propterea
2194 4246 2304 4286 non
2352 4229 2488 4284 nihil
2530 4229 2734 4285 fastidii
2785 4243 2982 4286 nasuto
3039 4229 3226 4286 lectori
3285 4243 3479 4300 parere
3533 4219 3746 4293 possit",

534 4349 769 4405 aliarum
805 4357 1005 4415 tamen,
1031 4357 1085 4404 et
1136 4347 1434 4417 praesertim
1493 4363 1682 4402 earum
1713 4363 1834 4418 quae
1867 4347 1936 4403 ad
1972 4347 2344 4419 Olympiadem
2383 4347 2601 4417 scripta:
2629 4355 2780 4411 sunt,
2820 4347 3026 4402 utilitas
3059 4349 3161 4402 hoc
3189 4346 3458 4418 quidquid
3487 4351 3564 4398 est
3588 4335 3736 4393 mole-

531 4460 651 4516 stiae
679 4459 854 4523 facile,
889 4469 949 4513 ut
976 4473 1155 4528 spero,
1188 4457 1583 4526 compensabit.
1622 4456 1703 4511 Tu
1736 4459 1967 4528 opellaut
2004 4468 2248 4514 nostram
2271 4458 2400 4514 boni
2427 4459 2683 4514 consulas
2722 4457 2904 4524 velim,
2929 4473 2993 4514 ac
3021 4473 3120 4528 pro
3150 4473 3266 4514 mea
3298 4460 3473 4516 salute
3499 4454 3562 4510 ad
3593 4451 3734 4505 Deum

529 4593 718 4650 preces
744 4576 960 4631 fundas.
1001 4573 1150 4629 Vale.
1191 4592 1210 4625 ι

602 4693 697 4747 llis
748 4687 1022 4760 CLXXIII]
1046 4687 1294 4758 epistolis
1339 4686 1618 4757 sexaginta
1670 4693 1795 4741 octo
1829 4684 2027 4755 adjecit
2073 4685 2280 4740 Fronto
2341 4683 2573 4741 Ducaeus
2627 4700 2695 4740 ex
2731 4685 2934 4742 Codice
2971 4686 3074 4744 Ms.
3128 4688 3359 4760 Collegii
3407 4673 3723 4749 Antverpiani

532 4801 817 4856 Societatis
868 4799 997 4856 Jesu
1020 4841 1036 4867 ,
1071 4808 1126 4855 et
1158 4799 1615 4869 septuagesimam
1645 4811 1843 4854 nonam
1874 4796 2160 4864 subjunxit
2196 4811 2262 4851 ex
2290 4798 2604 4868 apographo
2637 4797 2866 4857 Joannis
2894 4802 3148 4858 Sambuci
3171 4845 3186 4869 ,
3212 4806 3266 4859 in
3295 4820 3403 4876 quo
3427 4794 3733 4857 centesimam

531 4913 989 4983 scptuagesimam
1055 4919 1305 4970 octavam
1362 4909 1715 4981 sequebatur.
1745 4907 1860 4964 Etsi
1923 4917 2106 4964 autem
2157 4911 2213 4965 in
2259 4910 2344 4964 his
2374 4911 2622 4980 epistolis
2643 4926 2750 4966 non
2773 4930 2960 4984 paucae
2981 4915 3110 4980 sint,
3136 4917 3227 4971 ubi
3255 4919 3440 4974 eadem
3471 4917 3573 4970 fere
3603 4920 3762 4984 πέρθε,

533 5035 745 5092 tantur,
781 5024 1060 5080 fatendum
1120 5033 1303 5079 tamen
1363 5031 1448 5079 est
1479 5023 1587 5076 hoc
1609 5036 1809 5091 corpus
1835 5021 2190 5091 epistolarum
2213 5022 2355 5076 inter
2379 5022 2714 5079 nobilissima
2747 5027 3114 5084 ecclesiastica
3146 5038 3494 5086 monumenta
3528 5032 3718 5089 compu'

529 5141 757 5195 tandum
794 5153 956 5194 esse:
985 5138 1113 5193 hinc
1145 5135 1593 5194 accuratissimas
1642 5134 1892 5188 omnium
1934 5133 2156 5190 notitias
2209 5135 2553 5204 excerpimus
2592 5137 2736 5192 circa
2775 5153 3032 5209 magnum
3065 5142 3199 5198 illud
3234 5145 3465 5200 schisma
3491 5128 3728 5194 orientalis

526 5251 804 5314 Ecclesiae,
845 5250 1178 5306 et'exsilium
1201 5248 1602 5320 Chrysostomi,
1630 5247 1720 5302 ubi
1754 5247 1874 5302 dira
1914 5263 2144 5318 quaeque
2184 5247 2242 5302 S.
2288 5247 2382 5304 Vir
2419 5264 2616 5318 passus
2663 5262 2768 5319 est,
2799 5263 3064 5324 raptatus,
3104 5266 3159 5312 et
3188 5261 3353 5315 tantis
3389 5255 3597 5311 aﬂ'ectus
3630 5256 3722 5296 nia-

523 5367 612 5429 lis,
645 5374 704 5420 ut
729 5380 889 5434 quam
913 5363 1056 5420 ferro
1075 5379 1184 5420 non
1213 5365 1487 5420 audebant
1509 5363 1613 5435 ipsi
1643 5379 1830 5420 necem
1857 5361 2058 5419 inferre
2086 5363 2406 5429 adversarii,
2441 5364 2707 5421 immissis
2731 5369 3004 5425 molestiis
3029 5380 3084 5426 et
3109 5373 3436 5428 cruciatibus
3458 5358 3715 5423 intulerint-

521 5476 670 5538 Ordo
703 5479 1089 5548 epistolarum,
1119 5489 1179 5535 ut
1205 5480 1473 5546 diximus,
1505 5481 1579 5535 ita
1628 5479 2027 5535 tnterturbatus
2059 5487 2163 5542 est,
2199 5484 2260 5530 ut
2286 5477 2373 5532 vix
2408 5493 2473 5534 ac
2507 5495 2574 5534 ne
2617 5481 2704 5536 vix
2735 5482 2954 5552 quidem
2996 5486 3168 5556 possit
3203 5480 3485 5541 restaurari
3518 5496 3530 5531 :
3557 5469 3635 5526 sed
3663 5461 3713 5515 ad

530 5606 749 5663 lectoris
787 5604 1134 5660 commodum
1167 5601 1304 5659 satis
1356 5604 1514 5660 nobis
1550 5601 1650 5657 fuit
1677 5602 1730 5656 in
1761 5601 2028 5672 cujusque
2063 5597 2309 5668 epistola:
2340 5598 2495 5654 initio
2530 5609 2742 5670 tempus
2767 5613 3032 5672 quantum
3060 5604 3236 5671 licuit,
3273 5621 3338 5661 ac
3361 5613 3493 5672 saepe
3515 5608 3570 5648 ex
3599 5595 3705 5641 σου·

526 5720 731 5791 iectura
757 5730 990 5786 tantum,
1028 5729 1310 5776 annotarc.

599 5837 851 5908 Epistolas
915 5839 1300 5910 septemdecim
1332 5837 1397 5892 ad
1433 5836 1826 5906 Olympiadem,
1879 5852 2000 5907 qua:
2032 5837 2242 5894 caeteris
2295 5835 2736 5906 praemittuntur,
2779 5838 3026 5894 omnium
3075 5838 3398 5910 longissimae
3433 5838 3482 5886 cl
3534 5819 3707 5885 01°53”
