4002 6444
312 521 422 586 535
1436 561 1442 568 -
1791 531 1892 586 ΕΡΙ

2128 531 2178 584 ε.
3505 522 3610 580 sic
3705 595 3708 599 η

312 648 562 704 tissimae
606 660 793 717 sunt,
825 649 1176 720 omniumque
1225 649 1529 705 utilissima:
1555 688 1568 714 ,
1600 649 1674 703 ait
1703 649 1930 704 Photius
1952 689 1967 711 ,
2001 650 2140 705 Cod.
2169 649 2238 702 86
2271 664 2284 699 :
2320 662 2507 702 earum
2535 645 2781 716 quaedam
2807 643 3184 700 consolatoria:
3216 651 3270 697 et
3298 641 3611 697 hortatoria

316 771 472 826 sunt,
507 760 689 834 [525]
742 773 901 833 atque
933 763 1283 817 homiliarum
1324 777 1475 816 more
1517 762 1873 824 concinnatae,
1903 762 2021 816 aliae
2051 762 2119 816 ad
2158 774 2524 816 aerumnarum
2563 758 2734 828 ipsius
2779 757 3062 811 historiam
3097 754 3382 809 texendam
3414 767 3613 822 oppor-

316 872 676 927 tunissimae.
739 873 894 928 Circa
933 875 1071 928 hanc
1093 873 1463 945 Olympiadem
1498 875 1613 928 haec
1642 873 1832 928 scribit
1861 872 2126 928 Henricus
2156 872 2390 928 Savilius
2422 871 2475 924 in
2501 870 2644 924 notis
2668 885 2722 939 p.
2750 869 2875 925 851.
3373 850 3388 866 ’

396 1006 418 1037 α
452 986 792 1058 Olympias,
843 990 910 1044 ad
960 1005 1124 1061 quam
1186 1000 1314 1046 sunt
1363 990 1444 1045 ha:
1482 991 1696 1060 μέλιτος
1728 989 1976 1044 καταλειε

2027 990 2205 1060 μένοιο
2235 989 2510 1044 dulciores
2558 986 2819 1056 epistolae,
2853 986 3030 1056 neptis
3079 985 3179 1040 fuit
3238 983 3473 1051 Ablahii,
3509 984 3607 1054 qui

320 1100 427 1156 sub
466 1102 866 1159 Constantino
899 1103 1096 1175 Magno
1133 1104 1420 1174 praefectus
1450 1105 1704 1174 praetorio
1732 1103 1871 1169 fuit,
1905 1103 2092 1175 Anysii
2149 1102 2372 1158 secundi
2403 1102 2619 1157 comitis
2655 1101 2784 1155 ﬁlia.
2817 1099 3007 1155 Utrum
3038 1116 3167 1157 vero
3197 1102 3406 1156 Ablabii
3436 1101 3618 1170 neptis

323 1215 498 1272 fuerit
585 1233 663 1272 ex
717 1219 827 1273 ﬁlia
893 1219 1246 1291 Olympiade,
1308 1237 1430 1291 qum
1502 1222 1737 1292 primum
1803 1222 2086 1276 Constanti
2157 1220 2342 1289 nupsit
2394 1219 2680 1288 Augusto,
2728 1228 2842 1273 tum
2893 1219 3083 1274 Arsaci
3137 1217 3408 1273 Armeniae
3453 1219 3616 1288 regi,

326 1345 502 1400 quam
541 1331 785 1385 tertium
825 1340 982 1402 putat
1023 1332 1328 1388 Cardinalis
1359 1332 1628 1388 Baronius
1659 1333 1864 1403 Anysio
1884 1333 2159 1402 nupsisse,
2188 1349 2254 1386 ex
2275 1347 2451 1402 eoque
2480 1333 2620 1386 hanc
2650 1341 2892 1386 nostram
2923 1330 3290 1402 Olympiadem
3325 1333 3601 1401 iuniorem

328 1447 503 1500 matri
546 1444 859 1519 ὁμώνυμον
888 1449 1216 1518 suscepisse,
1253 1464 1352 1518 pro
1369 1457 1517 1504 certo
1547 1463 1655 1504 non
1681 1449 1933 1503 dixerim.
1967 1448 2096 1504 Veri
2133 1447 2266 1501 mihi
2302 1447 2482 1503 simile
2532 1446 2746 1501 videtur
2769 1456 3020 1502 auctores
3042 1449 3260 1502 illorum
3292 1456 3601 1518 temporum

330 1560 388 1615 in
415 1562 599 1631 hujus
625 1562 1055 1620 nostrae'laudes
1086 1565 1218 1620 satis
1235 1563 1456 1630 eﬁ‘usos,
1479 1565 1546 1620 de
1570 1574 1714 1620 tanta
1736 1567 1904 1637 gloria
1931 1581 2040 1620 non
2071 1564 2238 1620 fuisse
2260 1566 2542 1629 taeituros,
2566 1565 2611 1620 si
2629 1566 2887 1635 Augustae
2903 1565 3258 1635 ejusdemque
3287 1567 3487 1637 regium
3510 1567 3618 1622 ﬁlia

337 1684 689 1739 exstitisset.
737 1683 976 1738 Alteram
1008 1697 1252 1737 sororem
1285 1682 1474 1737 habuit
1495 1679 1790 1752 Olympias,
1824 1691 1884 1737 ut
1917 1699 1984 1738 ex
2012 1681 2341 1738 Nazianzeni
2374 1685 2604 1753 epistola
2631 1685 2698 1739 ad
2723 1685 2986 1754 Anysium
3013 1692 3222 1754 patrem
3259 1693 3426 1755 patet,
3459 1685 3621 1754 cujus

342 1799 600 1864 initium,
651 1797 791 1850 Ἰδοὺ
845 1796 939 1850 καὶ
966 1796 1217 1867 δεύτερός
1256 1813 1338 1848 σοι
1391 1795 1641 1867 γαμϐρός
1670 1839 1684 1863 ,
1720 1806 1774 1852 et
1810 1797 1861 1851 in
1890 1806 1922 1851 tt

2026 1814 2078 1852 ra
2107 1806 2266 1853 aetate
2297 1799 2586 1853 rectricem
2613 1807 2668 1854 et
2707 1799 3076 1854 formatricem
3108 1815 3321 1855 morum
3354 1798 3606 1857 Theodo-

344 1914 475 1980 sim,
524 1911 730 1982 magni
777 1908 1143 1978 Amphilochii
1177 1922 1420 1962 sororem
1454 1923 1787 1978 germanam.
1814 1907 2042 1980 Jamque
2076 1910 2277 1966 nubilis
2309 1911 2570 1966 collocata
2600 1920 2682 1966 est
2708 1927 2738 1965 a
2778 1920 2931 1980 patre
2969 1911 3022 1965 in
3061 1912 3466 1967 matrimonium
3497 1913 3604 1970 Ne-

347 2026 534 2081 bridio
557 2042 630 2080 ex
660 2022 959 2095 praefectis.
982 2021 1062 2076 Ad
1085 2037 1222 2092 quas
1250 2022 1467 2091 nuptias
1506 2022 1764 2078 invitatus
1781 1997 2420 2094 Nazianzenus,'Attysio
2449 2040 2546 2094 per
2566 2024 2871 2094 epistolam,
2907 2026 3062 2096 cujus
3085 2025 3322 2092 initium,
3354 2026 3620 2080 Alaedvo-

353 2161 451 2214 μαι
479 2143 598 2198 τῶν
640 2139 1030 2210 ἐγκλημάτων,
1058 2145 1187 2201 etc.,
1229 2137 1468 2206 seipsum
1505 2145 1748 2204 excusat,
1781 2138 1933 2208 podag

2035 2155 2134 2194 :um
2186 2140 2393 2210 nuptiis
2441 2141 2706 2196 interesse
2735 2157 2910 2210 neque
2939 2143 3223 2198 commode
3258 2159 3419 2213 posse
3439 2160 3615 2215 neque

351 2255 520 2310 etiam
551 2229 764 2307 decere
803 2269 816 2282 ο
845 2262 1065 2304 carmen
1093 2257 1270 2302 tamen
1300 2248 1602 2319 egregium,
1637 2249 1783 2319 quod
1809 2259 1986 2304 exstat
2009 2248 2166 2305 Tom.
2195 2251 2248 2315 2,
2281 2266 2335 2320 p.
2373 2252 2493 2313 152.
2528 2251 2707 2307 Paris.
2737 2251 3026 2319 Editionis,
3057 2255 3486 2324 epithalamium,
3516 2277 3613 2315 seu

352 2371 537 2440 potius
567 2366 967 2440 paraeneticum
996 2366 1062 2421 ad
1095 2381 1293 2420 novam
1317 2379 1575 2435 sponsam
1600 2365 1768 2422 misit.
1792 2366 1872 2421 Ex
1896 2385 2005 2438 quo
2027 2378 2250 2439 apparet
2272 2371 2492 2438 nuptias
2524 2370 2687 2426 hasce
2719 2369 3020 2426 celebratas
3043 2372 3213 2428 fuisse
3257 2382 3381 2428 ante
3410 2375 3624 2431 tinitnm

360 2486 664 2541 concilium
732 2480 1436 2550 Constantinopolitanum,
1507 2494 1617 2549 quo
1686 2488 1930 2550 tempore
2001 2484 2189 2539 relicto
2255 2486 2572 2554 episcopatu
2643 2486 2700 2540 in
2769 2488 3165 2559 Cappadociam
3220 2493 3442 2546 secessit
3495 2491 3629 2547 Cre-

358 2607 685 2678 goriuszet
752 2603 987 2660 fortasse
1051 2602 1169 2672 ipso
1231 2599 1447 2656 concilii
1507 2611 1784 2672 tempore,
1825 2604 1926 2656 hoc
1985 2612 2068 2658 est
2132 2618 2277 2657 anno
2339 2603 2436 2658 58f
2477 2644 2492 2669 ,
2555 2604 2873 2660 consulibus
2956 2605 3167 2677 Siagrio
3230 2616 3284 2661 et
3334 2605 3624 2673 Eucherio,

361 2717 506 2786 quod
537 2716 758 2787 nuptiis
805 2715 910 2771 illis
945 2713 1261 2770 interfuisse
1301 2715 1508 2770 scribat
1537 2714 1832 2784 Gregorius
1883 2730 1933 2769 m

2041 2731 2143 2770 tum
2199 2716 2584 2786 episcoporum
2634 2733 2946 2782 numerum,
2979 2719 3073 2772 καὶ
3102 2719 3285 2790 παρῆν
3309 2719 3621 2772 ἐπισκόπων

363 2832 570 2902 ὅμιλος,
605 2848 751 2903 quos
780 2847 879 2903 per
927 2831 1271 2887 occasionem
1319 2833 1536 2887 concilii
1575 2833 1630 2887 in
1669 2834 1881 2903 regiam
1924 2835 2114 2890 urbem
2167 2835 2496 2889 conﬁnxisse
2547 2852 2644 2905 par
2672 2845 2810 2890 erat.
2864 2838 2918 2890 ln
2955 2839 3057 2892 hoc
3092 2838 3441 2893 matrimonio
3472 2841 3607 2894 vixit

365 2960 582 3002 menses
626 2945 844 3016 viginti,
903 2943 957 2998 id
988 2951 1071 2999 est
1100 2984 1115 3008 ,
1148 2958 1324 3013 usque
1373 2943 1441 2998 ad
1471 2958 1675 2999 annum
1719 2944 1846 3008 585,
1903 2961 2013 3015 quo
2074 2945 2183 3000 vita
2247 2948 2468 3000 functus
2513 2955 2597 3000 est
2650 2945 2958 3003 Nebridius.
2993 2948 3050 3001 in
3095 2949 3211 3018 ipso
3241 2949 3427 3019 itaque
3449 2954 3623 3008 aetatis

368 3060 494 3117 flore
517 3064 572 3117 iu
606 3079 807 3133 magna
841 3077 1023 3117 rerum
1055 3061 1299 3116 omnium
1328 3062 1484 3131 copia
1509 3071 1561 3116 et
1595 3061 1869 3117 aﬁluentia
1895 3063 2091 3116 marito
2124 3062 2365 3128 viduata,
2415 3065 2469 3118 in
2498 3065 2687 3119 eodem
2717 3075 2992 3136 perpetua:
3034 3066 3313 3124 viduitatis
3339 3069 3622 3138 preposito

370 3198 535 3253 usque
559 3184 631 3238 ad
669 3192 902 3238 mortem
934 3182 1382 3239 constantissime
1422 3184 1789 3252 perseveravit
1824 3205 1836 3239 :
1871 3200 2047 3256 neque
2095 3186 2349 3258 precibus
2380 3195 2474 3242 aut
2518 3186 2680 3242 minis
2728 3184 3022 3240 Theodosii
3058 3183 3237 3256 Magni
3273 3185 3626 3255 imperatoris

368 3301 639 3358 dimoveri
690 3303 884 3373 potuit,
927 3302 1018 3374 qui
1077 3317 1198 3357 eam
1242 3301 1441 3368 forma,
1471 3303 1667 3372 Opibus
1699 3343 1714 3370 ,
1749 3305 1992 3359 omnium
2041 3307 2303 3360 virtutum
2359 3307 2666 3361 deeoratam
2713 3319 2914 3359 corona
2944 3344 2958 3369 ,
2995 3303 3207 3372 Elpidio
3247 3311 3474 3373 cognato
3503 3314 3626 3363 suo,

366 3416 569 3473 homini
621 3418 883 3489 Hispano,
924 3433 1136 3474 summa
1172 3419 1221 3472 vi
1252 3418 1588 3488 despondere
1610 3419 1900 3473 ambiebat.
1930 3420 2049 3484 Qua
2076 3419 2294 3489 repulsa
2320 3419 2559 3474 oﬂ'ensus
2587 3417 2936 3488 imperator,
2971 3427 3263 3489 antequam
3292 3430 3483 3473 contra
3518 3415 3631 3469 Ma-

367 3531 567 3588 ximum
621 3545 912 3607 tyrannum
972 3533 1413 3604 proﬁcisceretur
1437 3574 1452 3600 ,
1485 3533 1634 3602 quod
1671 3549 1815 3590 anno
1844 3535 1950 3590 588
1980 3535 2230 3605 contigit,
2269 3535 2526 3604 praefecto
2555 3535 2709 3590 urbis
2761 3536 3058 3602 mandavit,
3093 3545 3152 3589 ut
3187 3535 3418 3604 quaesito
3443 3533 3629 3601 aliquo

370 3648 476 3715 egis
509 3647 725 3712 colore,
762 3660 978 3702 omnem
1017 3645 1134 3716 ejus
1172 3645 1535 3700 substantiam
1563 3645 1886 3709 custodiret,
1913 3661 2201 3715 quousque
2254 3647 2597 3717 trigesimum
2671 3649 2849 3703 aetatis
2875 3649 3152 3718 implesset
3181 3665 3410 3702 annum.
3445 3649 3618 3714 Quatn

373 3757 456 3811 illa
518 3758 874 3814 fortunarum
919 3772 1142 3813 suarum
1179 3757 1541 3827 direptionem
1604 3761 1738 3812 adeo
1787 3757 2022 3822 excelso,
2047 3765 2101 3813 et
2145 3772 2533 3827 supra-sexum
2568 3759 2709 3813 virili
2734 3761 2918 3815 animo
2969 3761 3156 3816 tulisse
3189 3763 3538 3831 perhibetur,
3575 3771 3635 3816 ut

376 3877 530 3932 etiam
577 3878 688 3934 sibi
719 3877 868 3932 illam
896 3878 964 3932 ab
995 3876 1328 3947 Imperatore
1357 3877 1561 3931 illatam
1608 3877 1866 3948 injuriam
1894 3885 2102 3949 gratam
2135 3877 2391 3932 habuisse
2446 3878 2745 3941 videretur,
2775 3877 2828 3931 in
2857 3880 3069 3939 eodem,
3103 3886 3159 3931 ιη
3187 3877 3322 3941 dixi,
3353 3878 3635 3932 viduitatis

378 3999 557 4051 tenore
599 4009 946 4064 permanens.
977 3993 1114 4049 Nam
1145 3995 1213 4050 de
1245 3995 1557 4066 virginitate
1588 4007 1851 4065 perpetuo
1885 4003 2207 4049 conservata
2249 3992 2554 4049 fabulosum
2582 4007 2703 4048 esse
2727 4009 2852 4048 cum
2884 3994 3119 4048 Baronio
3144 3992 3402 4047 fatebitur
3427 4032 3442 4056 ,
3478 3993 3633 4060 quis—

381 4113 496 4182 quis
523 4133 658 4172 cum
701 4117 909 4187 judicio
956 4117 1149 4187 legerit
1195 4115 1343 4170 illam
1385 4114 1630 4185 epistolae
1654 4116 1908 4171 secundae
1942 4113 2171 4170 Joannis
2203 4115 2377 4170 nostri
2404 4116 2472 4170 ad
2510 4131 2629 4171 eam
2665 4116 2882 4186 scriptae
2924 4124 3131 4186 partem
3177 4115 3323 4186 (vide
3353 4115 3496 4183 infra
3528 4113 3630 4166 col.

386 4228 516 4299 559,
550 4249 705 4288 num.
751 4233 960 4304 45qq).
1007 4231 1135 4288 Post
1188 4231 1420 4286 reditum
1464 4246 1494 4286 a
1545 4232 1686 4288 bello
1715 4241 1904 4286 contra
1951 4229 2246 4284 Maximum
2295 4238 2480 4301 gesto,
2532 4232 2635 4286 hoc
2687 4242 2770 4288 est
2806 4246 2951 4287 anno
2978 4231 3100 4296 591,
3157 4229 3515 4294 Theodosius,
3551 4230 3635 4283 in-

387 4346 594 4403 tellecta
623 4345 956 4418 Olympiadis
976 4347 1302 4412 constantia,
1327 4361 1415 4402 res
1444 4361 1575 4402 suas
1605 4347 1708 4402 sibi
1735 4347 1935 4401 habere
1961 4346 2150 4416 jussit.
2180 4345 2314 4412 Quae
2333 4363 2399 4403 ex
2421 4364 2486 4404 eo
2514 4359 2758 4421 tempore
2787 4363 3078 4406 commune
3098 4348 3313 4418 aperuit
3345 4347 3491 4401 domi
3526 4360 3638 4399 suae

391 4466 748 4528 diversorium
794 4472 1048 4527 omnibus
1098 4469 1387 4541 episcopis,
1421 4469 1723 4537 monachis,
1759 4469 2153 4532 sacerdotibus,
2190 4480 2244 4524 et
2277 4469 2408 4524 viris
2435 4469 2822 4525 ecclesiasticis
2840 4483 2905 4524 eo
2933 4468 3293 4524 vementibus.
3317 4466 3463 4521 Inter
3482 4475 3640 4520 caete-

393 4597 497 4650 ros,
528 4602 729 4657 magno
759 4587 1165 4656 Amphilochio,
1195 4585 1413 4656 Optimo
1444 4585 1702 4655 episcopo
1726 4627 1741 4651 ,
1773 4585 1936 4641 Petro
1963 4584 2147 4640 Basilii
2189 4585 2366 4650 fratri,
2405 4585 2712 4655 Epiphanio
2761 4581 2927 4653 Cypri
2960 4583 3212 4652 episcopo
3247 4582 3505 4650 pecunias
3538 4579 3638 4632 do-

396 4705 534 4759 navit
559 4713 613 4759 et
635 4707 812 4770 villas,
837 4705 961 4760 illos
994 4707 1159 4761 etiam
1209 4704 1519 4774 θεοστυγεῖς
1550 4744 1568 4770 ,
1627 4703 1991 4774 The0philum
2019 4744 2035 4769 ,
2072 4674 2401 4760 Antiochum
2433 4748 2448 4769 ,
2482 4705 2740 4760 Acacium
2771 4744 2787 4768 ,
2819 4702 3176 4774 Severianum
3214 4699 3364 4754 omni
3397 4700 3635 4756 liberali-

399 4817 512 4874 tatis
542 4830 596 4875 et
624 4821 1007 4876 muniﬁcentia:
1036 4836 1234 4892 genere
1269 4820 1571 4890 complexa.
1597 4820 1784 4889 Itaque
1839 4823 1908 4876 ab
1960 4823 2078 4892 ipso
2099 4820 2365 4877 Nectario
2426 4817 3034 4888 Constantinopolitano
3079 4816 3337 4885 episcopo
3376 4814 3517 4870 facta
3552 4823 3637 4868 est

398 4929 697 4989 diaeonissa
738 4953 753 4990 :
787 4934 947 5004 cujus
1003 4934 1167 4989 etiam
1205 4934 1519 5000 morientis,
1551 4942 1611 4988 ut
1653 4943 1708 4988 et
1737 4933 1942 5002 Optimi
1982 4935 2222 5004 episcopi
2253 4935 2441 4990 oculos
2481 4933 2596 4989 suis
2623 4932 2875 4986 manibus
2909 4929 3129 4984 clausit.
3158 4928 3288 4984 Post
3315 4927 3628 4984 Nectarium

404 5060 558 5114 quam
580 5047 743 5104 fuerit
769 5049 932 5105 chara
958 5049 1180 5116 Joanni,
1208 5067 1372 5121 quam
1396 5053 1499 5122 ipsi
1527 5051 1726 5106 charus
1747 5050 2006 5119 Joannes,
2033 5052 2316 5107 declarant
2334 5054 2419 5108 hae
2447 5049 2707 5121 epistolae.
2739 5046 2805 5100 Et
2831 5045 3048 5117 quidem
3071 5053 3195 5115 post
3213 5044 3464 5100 exsilium
3485 5043 3643 5098 Joan-

402 5160 480 5216 nis
504 5173 651 5234 rapta
683 5165 738 5218 in
764 5162 1055 5230 judicium,
1096 5174 1152 5219 et
1182 5165 1416 5220 incendii
1447 5163 1628 5232 templi
1666 5163 1724 5218 S.
1759 5163 1979 5234 Sophia:
2022 5164 2162 5218 inter
2194 5172 2422 5219 caeteros
2479 5162 2707 5218 Joannis
2735 5161 2975 5214 fautores
2999 5174 3112 5224 rea,
3149 5172 3274 5213 cum
3302 5158 3629 5212 constantis.

402 5273 529 5330 sime
573 5275 958 5345 quaesitoribus
1015 5275 1406 5346 respondisset,
1445 5275 1565 5328 auri
1626 5283 1806 5328 tamen
1855 5289 1966 5328 non
2002 5275 2263 5328 mediocri
2318 5289 2533 5329 summa
2593 5273 2874 5338 mulctata‘,
2906 5270 3096 5326 relicta
3133 5270 3632 5338 Constantinopoli,

403 5388 662 5443 concessit
695 5387 975 5458 Cyzicum,
1020 5395 1262 5457 tempora
1306 5395 1690 5456 exspectatura
1739 5387 1977 5442 mitiora.
2011 5386 2138 5441 Haec
2165 5396 2219 5442 et
2242 5387 2416 5441 multo
2447 5386 2532 5442 his
2565 5386 2718 5456 plura
2754 5384 2995 5439 inveniet
3023 5384 3194 5438 lector
3225 5385 3289 5437 de
3327 5383 3430 5435 hac
3453 5381 3638 5436 divina

404 5497 590 5559 femina
643 5505 840 5559 litteris
903 5505 1113 5575 prodita
1145 5521 1175 5560 a
1213 5504 1478 5576 Gregorio
1517 5503 1883 5572 Nazianzeno,
1942 5505 2206 5574 Palladio,
2244 5505 2552 5562 Sozomeno
2579 5547 2594 5574 ,
2649 5506 2958 5569 Ammiano,
3022 5499 3362 5570 Menologiis,
3406 5497 3640 5568 Georgio

382 5617 782 5706 Alexandrino,
810 5627 1129 5698 caaterisque
1156 5626 1492 5698 βιογρὰφοις.
1521 5648 1541 5680 ι

471 5764 596 5830 Qua:
624 5765 692 5821 de
717 5764 1050 5837 Olympiadis
1075 5769 1283 5840 origine
1310 5769 1396 5825 hic
1428 5769 1682 5824 dicuntur
1710 5771 1919 5840 aliquot
1948 5779 2076 5825 sunt
2099 5769 2350 5826 intricata
2382 5767 2814 5833 difﬁcultatibus,
2845 5783 2982 5838 quas
3009 5768 3219 5822 solvere
3251 5778 3358 5817 non
3391 5768 3475 5816 est
3505 5773 3644 5828 prae-

415 5881 571 5939 tentis
607 5881 846 5940 instituti
875 5899 888 5950 ;
926 5887 1070 5955 quod
1099 5898 1276 5946 autem
1307 5887 1436 5943 dicit
1472 5887 1727 5959 Savilius,
1753 5888 2126 5964 Olympiadem
2160 5886 2414 5944 Nebridio
2447 5886 2702 5957 nupsisse
2726 5900 2870 5941 anno
2906 5883 3031 5951 58l,
3064 5865 3276 5954 Siagri‘o
3299 5889 3351 5936 et
3374 5873 3643 5931 Eucherio
