4002 6460
413 483 521 541 547
1108 489 1166 548 S.
1203 489 1488 548 JOANNIS
1523 490 2011 549 CIIRYSOSTOMI
2052 489 2370 549 ARCI-IIEP.
2409 487 2956 548 CONSTANTINOP.
3590 487 3695 547 548

410 607 749 674 consulibus,
778 609 1004 667 omnino
1043 618 1189 667 stare
1215 611 1424 682 nequit.
1479 611 1783 684 Siquidem,
1811 621 1872 667 ut
1907 613 2112 682 Optime
2147 612 2402 668 observat
2436 609 2837 674 Tillemontius,
2867 605 3155 662 Nebridius
3209 604 3438 677 viginti
3471 603 3719 660 circiter

412 724 693 782 mensibus
753 733 964 782 tantum
1015 736 1138 798 post
1197 727 1416 783 ductam
1470 727 1841 800 Olympiadem
1877 729 2050 797 obiit;
2089 731 2135 784 si
2181 738 2362 784 autem
2416 727 2564 782 illam
2629 727 2845 782 duxerit
2902 741 3046 782 anno
3090 727 3219 792 581,
3267 725 3403 780 l‘ato
3470 722 3714 778 functus

407 838 513 892 erit
547 853 690 892 anno
719 839 847 905 585,
879 855 1002 893 cum
1035 840 1364 896 tardissime.
1396 841 1556 911 Atqui
1591 841 1674 896 lex
1705 842 1770 898 ad
1805 843 1954 898 illum
1991 842 2277 914 dirigitur,
2309 841 2363 896 in
2399 840 2600 897 Codice
2628 838 3032 905 Tlieodosiano,
3065 856 3208 896 anno
3240 838 3391 904 586,
3428 836 3510 892 29
3537 834 3716 898 Junii,

406 961 572 1020 atque
631 951 767 1006 adeo
831 953 1159 1022 quaerendus
1210 953 1350 1010 alius
1394 955 1706 1026 nuptiarum
1773 954 2103 1028 Olympiadis
2159 971 2358 1011 annus.
2419 953 2677 1025 Nupserit
2727 967 2860 1024 ergo
2909 951 3220 1025 Olympias,
3295 960 3367 1006 ut
3428 955 3717 1021 putatur,

406 1081 551 1123 anno
576 1077 816 1125 vertente
837 1071 962 1126 584.

474 1207 620 1266 Ordo
649 1207 804 1280 [526]
833 1207 1188 1278 epistolarum
1212 1210 1278 1264 ad
1305 1208 1675 1281 Olympiadem
1703 1221 1762 1267 ut
1790 1221 1843 1268 et
1873 1219 2189 1268 ceterarum
2217 1213 2465 1267 omnium
2486 1208 2938 1280 subsequentium
2965 1207 3397 1262 interturbatus
3427 1213 3561 1260 est:
3587 1203 3710 1258 nul-

403 1331 508 1385 lam
533 1330 792 1400 temporis
824 1329 1089 1385 rationem
1111 1329 1476 1386 observarunt
1494 1331 1588 1401 qui
1614 1332 1872 1402 epistolas
1896 1332 2018 1389 illas
2036 1333 2392 1404 collegerunt,
2421 1339 2481 1388 ut
2507 1329 2970 1386 animadvertetis
2992 1330 3088 1400 qui
3128 1326 3427 1398 temporis
3469 1325 3704 1382 notulas

404 1446 561 1502 initio
587 1447 855 1517 cujusque
879 1446 1122 1518 epistolae
1147 1447 1357 1517 positas
1385 1447 1639 1517 perleget.
1665 1447 1820 1504 Ordo
1849 1449 1961 1515 ille,
1985 1449 2238 1520 quisquis
2270 1455 2375 1513 est,
2405 1455 2461 1504 et
2485 1448 2539 1503 In
2571 1446 2747 1504 Editis
2771 1455 2826 1503 et
2849 1447 2904 1502 in
2937 1445 3367 1517 Manuscriptis-
3400 1445 3697 1500 tantillum

403 1562 580 1616 variat
611 1579 624 1615 :
657 1575 781 1614 nam
812 1575 935 1630 qua:
965 1568 1160 1629 quarta
1217 1559 1283 1615 ad
1353 1559 1724 1630 Olympiadem
1765 1559 1988 1630 ponitur
2015 1559 2072 1614 in
2113 1558 2458 1615 Editionibus
2484 1556 2714 1626 “orelli,
2748 1557 2806 1612 in
2848 1556 3008 1613 Edito
3057 1556 3251 1613 Savilii
3291 1557 3444 1614 etin
3476 1557 3700 1627 aliquot

403 1675 532 1731 Mss.
563 1675 774 1732 decima
803 1682 957 1730 sexta
996 1674 1208 1729 locatur
1237 1690 1252 1728 :
1281 1673 1335 1728 in
1363 1674 1574 1730 caeteris
1608 1673 1782 1730 series
1804 1674 2017 1731 eadem.

470 1817 602 1874 Post
646 1817 904 1888 epistolas
959 1816 1024 1872 ad
1085 1816 1460 1889 Olympiadem
1521 1818 1763 1875 Savilius
1791 1819 2030 1890 reliquas
2068 1833 2260 1875 omnes
2282 1818 2477 1875 ordine
2513 1815 2856 1888 alphabetico
2893 1814 3050 1886 ponit
3083 1813 3411 1871 secundum
3448 1813 3687 1867 nomina

397 1949 588 1989 eorum
629 1934 697 1990 ad
752 1949 892 2005 quos
917 1933 1158 2004 epistolae
1212 1933 1528 1990 mittuntur.
1560 1933 1697 1990 Eum
1725 1935 1904 2005 ipsum
1937 1934 2184 1992 ordinem
2214 1941 2269 1990 et
2296 1946 2399 1989 nos
2433 1930 2626 1988 Latine
2682 1927 2960 2000 expressis
2989 1927 3321 1984 nominibus
3347 1925 3449 1982 hic
3475 1939 3689 1996 reprae-

397 2060 698 2106 sentamus.

395 2269 583 2321 Acacio
610 2267 927 2338 presbytero
957 2282 1062 2322 una
1095 2266 1320 2322 CCVIII.

392 2360 599 2413 Adolite
663 2374 757 2414 sex
816 2360 974 2428 epist.
1009 2363 1062 2412 1.
1121 2357 1359 2412 XXXIII.
1383 2358 1438 2413 2.
1495 2357 1608 2414 LII.
1635 2359 1689 2415 5.
1713 2355 1869 2415 LVII.
1904 2357 1960 2414 4.

463 2448 746 2504 CXXXIII.
783 2449 835 2504 5.
868 2447 1219 2504 CLXXIX.6.
1255 2447 1539 2505 CCXXXI.

395 2539 546 2592 Aetio
580 2553 687 2591 una
716 2537 945 2594 CXCVI.

399 2629 632 2697 Agapelo
664 2638 794 2682 tres.
822 2629 874 2682 I.
906 2627 1024 2683 XX.
1048 2627 1105 2683 2.
1139 2625 1374 2684 LXXIII.
1411 2630 1465 2684 5.
1493 2628 1750 2686 CLXXV.

392 2719 694 2774 Alexandro
724 2719 978 2789 episcopo
1005 2719 1251 2774 Corinthi
1292 2736 1398 2775 una
1422 2719 1651 2777 CLXIV.

390 2809 580 2876 Alphio
627 2819 884 2878 quatuor.
930 2809 981 2864 1.
1041 2807 1184 2864 XXI.
1238 2809 1293 2864 2.
1364 2809 1583 2866 XXXV.
1646 2812 1703 2868 5.
1766 2811 1960 2870 XLIX.

463 2897 515 2951 4.
554 2895 764 2954 LXXII.

388 2987 576 3058 Atypio
600 3003 705 3042 una
729 2986 1057 3043 CLXXXVI.

385 3076 688 3145 Ampruclw
711 3077 1035 3133 diaconissa’.
1061 3085 1190 3135 tres.
1234 3080 1284 3134 1.
1314 3077 1502 3134 XCVI.
1539 3079 1595 3134 2.
1621 3079 1754 3137 CIII.

457 3169 511 3224 5.
540 3168 720 3224 CXCI.

392 3261 641 3314 Anatolio
667 3262 1018 3330 prtefectiano
1049 3280 1155 3318 una
1194 3263 1351 3319 CCV.

390 3355 640 3409 Anatolio
663 3358 922 3428 episcopo
951 3359 1155 3413 Atlante
1190 3375 1295 3413 una
1323 3359 1458 3415 CXI.

386 3446 663 3500 Anthemio
698 3464 801 3503 una
832 3449 1082 3503 CXLVII.

386 3539 708 3592 Antiocheno
741 3540 998 3607 episcopo
1028 3555 1134 3593 una
1167 3537 1498 3594 CCXXXIII.

386 3629 646 3683 Antiocho
675 3645 782 3684 Una
804 3629 1138 3684 CLXXXIX.

387 3720 586 3789 Auysio
613 3721 867 3789 episcopo
889 3719 1291 3774 Thessalonica:
1322 3734 1426 3774 una
1447 3717 1654 3774 CLXII.

386 3807 586 3873 Anysio
620 3815 673 3861 et
706 3809 828 3862 aliis
862 3808 1135 3878 episcopis
1171 3826 1274 3862 una
1307 3808 1532 3863 CLXIII.

386 3897 703 3966 Aphthonio,
763 3897 1048 3963 Theodoto,
1082 3900 1308 3955 Charm
1337 3901 1669 3972 presbyteris
1725 3910 1782 3958 et
1838 3917 1960 3958 mo-

456 3989 646 4043 nachis
671 3991 812 4044 duae.
854 3991 905 4044 1.
936 3989 1100 4044 LXX.
1122 3992 1177 4045 2.
1207 3989 1393 4044 XCIII.

387 4078 589 4133 Arabio
617 4080 758 4135 dum.
793 4081 845 4135 1.
878 4081 1108 4136 XLVIII.
1129 4082 1182 4136 2.
1209 4081 1393 4138 CXXI.

386 4169 722 4223 Artemidoro
757 4185 865 4224 una
893 4170 1194 4225 CLXXVII.

387 4260 570 4313 Asello
593 4261 848 4330 episcopo
880 4270 988 4315 una
1021 4260 1152 4316 CLI.

384 4351 704 4419 Asyucritiw
726 4357 982 4420 quatuor.
1017 4352 1071 4404 1.
1124 4349 1240 4405 XL.
1285 4350 1342 4406 2.
1396 4350 1652 4408 LXXVII.
1682 4353 1736 4408 5.
1763 4351 1952 4410 XCIX.

454 4440 508 4494 4.
534 4439 666 4496 CVI.

385 4542 598 4596 Aurelio
631 4541 887 4612 episcopo
929 4540 1347 4613 Carthaginensi
1375 4557 1484 4598 una
1509 4541 1744 4600 CXLIX.

393 4632 596 4686 Basilio
630 4633 948 4703 presbvtero
980 4648 1086 4688 una
1119 4633 1358 4690 XXVIII.

383 4718 659 4776 Bassiana.’
701 4739 806 4778 una
833 4721 946 4778 CX.

384 4809 554 4866 Basso
575 4813 836 4882 episcopo
857 4829 965 4869 una
991 4811 1108 4869 CX.

383 4900 602 4955 Brisoni
654 4905 794 4960 dum.
821 4905 872 4959 1.
910 4905 1069 4961 CXC.
1095 4906 1151 4962 2.
1181 4905 1512 4964 CCXXXIV.

387 4989 698 5046 Callistrato
725 4994 943 5050 Isauriae
971 4997 1227 5070 episcopo
1258 5014 1369 5054 una
1395 4998 1504 5054 CC.

387 5081 721 5136 Candidiano
750 5100 860 5139 una
894 5084 1057 5140 XLII.

386 5170 924 5315 Carteritekcgtgtuor.
944 5175 1190 5234 LXVIII.
1211 5179 1267 5235 2.
1296 5179 1535 5237 XXXIV.
1566 5183 1620 5238 5.
1654 5181 1949 5239 CCXXVII.

453 5262 509 5315 4.
545 5261 630 5315 CC
660 5260 700 5315 ’.
787 5262 848 5315 Il.

453 5262 509 5315 4.
545 5260 848 5316 CCXXXII.

382 5349 626 5405 Curterio
648 5351 774 5407 duci
811 5368 917 5408 una
938 5353 1264 5414 CCXXXVI.

383 5437 546 5492 Casta
618 5437 848 5506 Valerio,
900 5441 1216 5510 Diophanto,
1248 5455 1353 5500 etc.
1413 5462 1529 5502 sex.
1579 5451 1628 5504 1.
1685 5448 1853 5504 XXII.
1893 5449 1949 5505 2.

452 5526 614 5581 LXII.
675 5529 729 5584 5.
813 5528 996 5584 LXVI.
1086 5533 1140 5588 4.
1218 5534 1375 5589 CVII.
1435 5539 1486 5592 5.
1586 5538 1814 5594 CXXX.
1874 5540 1950 5596 6.

450 5630 709 5688 CCX-XII.

383 5713 676 5775 Chalcidire
728 5733 982 5792 quatuor.
1055 5727 1105 5784 1.
1179 5724 1419 5782 XXXIX.
1485 5730 1537 5785 2.
1604 5731 1836 5788 LXXVI.
1897 5699 1958 5787 5·

448 5808 678 5870 XCVIII.
713 5815 766 5870 4.
813 5816 926 5874 CV.

2068 2264 2358 2321 Chalcidiat
2393 2272 2450 2322 et
2501 2263 2819 2336 Asyncrititz
2876 2271 3008 2320 tres.
3045 2262 3100 2317 1.
3131 2259 3337 2317 XXIX.
3371 2260 3435 2315 2.
3457 2257 3580 2316 LX.
3623 2257 3676 2312 5.

2139 2355 2395 2412 CCXLII.

2069 2443 2377 2514 Clu-amatio
2405 2444 2579 2515 episc.
2609 2443 2871 2514 Aquileia;
2889 2459 3000 2499 una
3028 2441 3188 2498 CLV.

2071 2535 2375 2589 Claudiano
2409 2549 2516 2590 una
2554 2533 2760 2590 CXCV.

2069 2621 2424 2678 Constantino
2506 2625 2827 2696 presbytero
2916 2623 3060 2679 duae.
3153 2623 3207 2678 1.

2140 2713 2347 2770 CCXV.

2069 2807 2294 2878 Cyriaco
2327 2846 2344 2872 ,

2135 2897 2413 2954 CXLVIII.

2069 2987 2289 3060 Cyriaco
2345 2989 2604 3062 episcopo
2673 2996 2804 3044 tres.
2851 2986 2904 3046 1.
2961 2982 3147 3039 LXIV.
3200 2983 3258 3040 2.
3328 2979 3555 3040 CXXV.
3605 2980 3656 3034 5.

2139 3080 2293 3136 CCII.

2068 3169 2316 3239 Cytlterio
2344 3185 2452 3225 una
2476 3167 2739 3224 LXXXII.

2068 3260 2280 3314 Danieli
2309 3262 2627 3331 presbytero
2653 3274 2759 3314 una
2788 3254 3018 3312 CXCIX.

2067 3348 2290 3419 Diogeni
2373 3360 2630 3421 quatuor.
2689 3351 2741 3405 1.
2811 3348 2872 3402 L.
2929 3347 2986 3414 2,
3031 3345 3116 3401 LI.
3153 3345 3209 3402 5.
3258 3341 3562 3402 CXXXIV.
3593 3340 3646 3394 4.

2135 3437 2368 3493 CXLIV.

2060 3534 2264 3588 Damno
2290 3535 2548 3605 episcopo
2577 3549 2687 3589 una
2710 3531 2929 3587 XXVII.

2064 3623 2280 3694 Elpidio
2309 3625 2566 3695 episcopo
2593 3638 2710 3680 sex.
2739 3627 2788 3680 1.
2826 3622 2994 3680 XXV.
3018 3624 3074 3679 2.
3099 3621 3290 3678 CXIV.
3323 3622 3383 3679 5.
3405 3615 3639 3676 CXXXI.

2135 3719 2188 3772 4.
2223 3715 2554 3771 CXXXVIII.
2581 3717 2634 3771 5.
2665 3714 2866 3770 CXLII.
2903 3716 2958 3770 6.
2987 3713 3242 3770 CCXXX.

3308 2619 3562 2677 CCXXI.
3615 2619 3667 2676 2.

2837 2805 3092 2861 Palladio
3121 2844 3138 2873 ,
3220 2802 3463 2876 Eulgsio
3560 2816 3665 2856 una

2438 2804 2706 2862 Demetrio
2739 2847 2755 2875 ,
2775 2813 2778 2815 λ

2065 3805 2341 3876 Episcopis
2387 3809 2628 3878 epistola:
2655 3808 2943 3879 Lquinque.
2975 3808 3025 3863 1.
3076 3807 3232 3863 CLII.
3267 3806 3324 3860 2.
3367 3800 3548 3860 CLIII.
3582 3800 3632 3854 4.

2061 3894 2240 3949 CLIV.
2269 3897 2323 3951 5.
2347 3895 2630 3952 CLXXXI.

2061 3988 2338 4060 Episcopis
2427 3992 2520 4060 qui
2582 4000 2841 4046 venerant
2895 3992 2966 4046 ab
3024 3992 3316 4048 Occidente
3397 4000 3530 4046 tres.
3585 3985 3630 4038 1.

2132 4081 2337 4135 CLVII.
2362 4083 2416 4136 2.
2443 4080 2668 4138 CLVIII.
2710 4083 2763 4136 5.
2795 4081 2978 4138 CLIX.

2062 4171 2322 4242 Episcopo
2352 4174 2445 4242 qui
2469 4182 2692 4227 venerat
2724 4175 2793 4226 ab
2827 4172 3118 4228 Occidente
3149 4187 3254 4226 una
3283 4171 3448 4226 CLX.

2061 4261 2338 4331 Episcopis
2367 4263 2462 4332 qui
2515 4273 2774 4317 venerant
2810 4279 2931 4317 cum
2969 4263 3400 4318 occidentalibus
3427 4271 3552 4315 tres.
3579 4255 3623 4310 I.

2129 4353 2336 4408 CLXV.
2368 4355 2425 4409 2.
2457 4352 2693 4409 CLXVI.
2721 4353 2776 4408 5.
2808 4353 3060 4410 CLXVII.

2061 4441 2338 4514 Episcopi:
2389 4453 2440 4498 et
2490 4444 2804 4513 presbyteris
2834 4444 2889 4498 in
2919 4460 3136 4500 carcere
3168 4445 3365 4514 positis
3405 4442 3543 4497 dum.
3573 4437 3618 4490 1.

2061 4545 2187 4606 post
2281 4534 2570 4604 epistolam
2669 4533 2901 4590 Honorii
2989 4551 3152 4606 supra
3226 4552 3294 4606 p.
3381 4532 3503 4589 526.
3559 4529 3618 4582 2.

2135 4623 2419 4680 CLXXIV.

2063 4722 2358 4793 Episcopis,
2387 4727 2704 4798 presbyteris
2726 4738 2775 4783 et
2809 4728 3049 4784 diaconi:
3080 4729 3134 4784 in
3159 4744 3378 4785 carcere
3403 4719 3617 4782 inclusis

2133 4832 2243 4871 una
2271 4817 2505 4874 CXVIII.

2065 4903 2289 4960 Erethio
2315 4923 2423 4962 una
2453 4907 2782 4965 CLXXXIII.

2063 4995 2290 5068 Eulogio
2317 4998 2574 5068 episcopo
2596 5015 2700 5053 una
2730 4999 3034 5056 LXXXVII.

2061 5085 2328 5140 Euthalia:
2355 5088 2494 5143 dum.
2531 5089 2583 5143 1.
2619 5089 2831 5145 X'XXII.
2863 5092 2916 5144 2.
2957 5091 3280 5147 CLXXVIII.

2063 5175 2346 5248 Euthymio
2379 5181 2698 5250 presbytero
2728 5197 2833 5235 una
2861 5180 3139 5238 CCXVIII.

2062 5265 2328 5322 Faustino
2355 5284 2467 5323 una
2501 5269 2782 5326 LXXXIV.

2064 5357 2309 5414 Firmino
2341 5376 2447 5416 una
2471 5360 2684 5416 LXXX.

2065 5449 2360 5505 Gaudentio
2391 5454 2646 5523 episcopo
2673 5453 2870 5510 Brixia:
2898 5473 3005 5512 una
3026 5457 3354 5514 CLXXXIV.

2066 5539 2293 5596 Gemello
2317 5554 2572 5612 quatuor.
2602 5545 2654 5599 I.
2687 5545 2925 5602 LXXIX.
2945 5549 2996 5605 2.
3021 5549 3257 5607 CXXIV.
3291 5551 3345 5607 5.
3368 5538 3594 5606 CXXXII.

2137 5634 2187 5688 4.
2221 5633 2448 5689 CXCIV.

2066 5732 2310 5787 Gerontio
2332 5735 2645 5806 presbytero
2667 5753 2774 5793 una
2813 5734 2945 5795 LIV.

2066 5825 2347 5881 llarmatic
2380 5844 2485 5883 una
2526 5828 2736 5886 LXXV.
