4002 6446
415 494 520 549 549

1147 489 1206 546 S.
1233 487 1518 545 JOANNIS
1545 486 1721 547 (ΞΗΒῖ
1737 484 2033 543 SOSTOMI
2062 485 2384 546 ARCHIEP.
2423 484 2948 544 CONSTANTINOP

1476 927 1632 1011 ΤΗ
1707 922 2274 1013 ΔΕΣΠΟΙΝΗ
2344 926 2593 1015 ΜΟΥ

489 1146 569 1219 Τῇ
599 1142 1031 1217 αιδεσιμωτάτῃ
1082 1157 1183 1196 και
1232 1136 1670 1209 θεοφιλεστάτη
1724 1134 1988 1200 διακόνῳ
2036 1134 2405 1204 Ὀλυμπιάδι,
2457 1136 2742 1207 Ἰωάννης
2776 1138 3110 1208 ἐπίσκοπος
3140 1141 3209 1196 ἐν
3235 1144 3462 1212 Κιξρίῳ
3502 1145 3651 1214 χαι.

1760 1242 1911 1294 ρειν.
1954 1226 2178 1279 Ἐπιστ.
2214 1234 2286 1281 α’.

490 1757 534 1806 α’
541 1792 556 1807 .
572 1750 709 1821 Φέρε
723 1749 786 1822 δὴ
803 1746 1049 1817 ἀπαντλή
1057 1763 1134 1800 σω
1150 1762 1241 1798 σου
1262 1745 1363 1815 τῆς
1378 1742 1616 1815 ἀθυμίας
1632 1743 1692 1796 τὸ
1705 1741 1884 1808 ἐλκος,
1898 1742 1992 1794 καὶ

416 1841 875 1904 διασκεδάσωτοὺς
895 1840 1188 1910 λογισμοὺς
1206 1838 1268 1891 τὺ
1284 1837 1445 1907 νέφος
1461 1836 1620 1891 τοῦτο
1638 1836 1989 1905 συνάγοντας.

418 1936 482 1989 Τί
505 1936 613 2007 γάρ
642 1936 789 1987 ἐστιν
812 1932 842 1986 ὃ
865 1934 1055 2003 συγχεῖ
1080 1947 1171 1983 σου
1194 1930 1290 2001 τὴν
1307 1929 1567 1994 διάνοιαν,
1585 1931 1682 1982 καὶ
1702 1927 1873 1999 λυπῇ,
1897 1927 1994 1981 καὶ

415 2027 732 2097 ἀδημονεῖς;
752 2024 875 2077 Ὀτι
901 2021 1091 2092 ἄγριος
1112 2023 1141 2073 ό
1164 2018 1368 2091 χειμὼν
1383 2022 1411 2074 ὁ
1430 2020 1527 2083 τάς
1557 2019 1881 2089 Ἐκκλησίας
1897 2035 1997 2072 κα-

414 2117 663 2172 ταλαϐὼν
686 2116 780 2170 καί¹
800 2110 1065 2186 ζοφώδης,
1085 2115 1180 2167 καὶ
1208 2111 1378 2167 νύκτα
1407 2112 1667 2182 ἀσέληνον
1687 2109 1994 2183 [5⁸Ξ8-525κ

417 2208 564 2273 526”,
591 2208 740 2273 527⁸,
765 2205 915 2278 528⁶]
949 2205 1124 2259 πάντα
1149 2203 1465 2274 εἰργάσατο,
1488 2203 1582 2257 καὶ
1611 2202 1733 2256 καθ’
1761 2201 1996 2272 ἑκάστην

415 2298 747 2371 κορυφοῦται
777 2298 875 2368 τὴν
898 2297 1131 2368 ἡμέραν,
1163 2297 1335 2368 πικρά
1361 2312 1484 2348 τινα
1508 2293 1713 2349 ὠδίνων
1740 2294 1995 2363 ναυάγια,

418 2394 513 2447 καὶ
546 2390 767 2456 αὔξεται
820 2391 854 2461 ἡ
909 2388 1256 2457 πανωλεθρία
1310 2386 1411 2456 τῆς
1453 2387 1811 2456 οἰκουμένης;
1866 2380 1998 2438 Οἶδα

419 2483 574 2536 τοῦτο
606 2480 782 2551 κάγὼ,
811 2481 905 2534 καὶ
946 2479 1121 2543 οὐδεὶς
1176 2479 1414 2548 ἀντερεῖ,
1446 2476 1542 2530 καὶ⁵
1588 2478 1636 2529 εἰ
1666 2476 1869 2546 βούλει,
1906 2477 1999 2529 καὶ

418 2574 604 2628 εἰκόνα
645 2572 968 2627 ἀναπλάττω
1000 2569 1109 2623 τῶν
1135 2568 1454 2640 γινομένων,
1476 2568 1616 2621 ὥστε
1668 2568 2001 2637 σαφεστέραν

422 2682 506 2719 σοι
546 2664 767 2735 ποιῆσαι
812 2662 909 2733 τὴν
948 2659 1273 2733 τραγῳδίαν.
1309 2658 1595 2712 Θάλασσαν
1641 2658 1856 2728 ὁρῶμεν
1905 2657 2001 2711 ἀπ’

419 2758 590 2827 αὐτῆς
632 2755 874 2809 κάτωθεν
903 2751 1414 2824 ἁναμοχλευομένην
1444 2750 1544 2820 τῆς
1574 2749 1832 2813 ἀϐύσσου,
1859 2748 2002 2802 πλω-

418 2850 591 2921 τῆρας
624 2850 736 2912 τοῖς
760 2847 914 2900 ὕδασι
940 2847 1168 2917 νεκροὺς
1211 2843 1592 2906 ἐπιπλέοντας,
1622 2842 1843 2912 ἐτέρους
1871 2842 2004 2895 ύπο-

421 2941 676 3013 ϐρυχίους
707 2938 1051 3009 γενομένους,
1085 2936 1185 3000 τὰς
1239 2935 1457 2998 σανίδας
1499 2933 1609 2987 τῶν
1662 2933 1862 2986 πλοίων
1886 2933 2005 2987 δια-

420 3032 707 3103 λυομένας,
739 3031 807 3085 τά
838 3030 982 3084 ἱστία
1014 3028 1480 3099 διαρῤηγνύμενα,
1519 3026 1645 3090 τοὺς
1677 3026 1855 3090 ἱστοὺς
1887 3026 2000 3079 δια-

422 3125 752 3193 κλωμένους,
787 3123 887 3185 τάς
943 3121 1135 3185 κώπας
1185 3119 1293 3173 τῶν
1352 3117 1549 3190 χειρῶν
1586 3129 1611 3158 ι
1635 3116 1741 3170 τῶν
1792 3116 2001 3170 ναυτῶν

424 3216 766 3276 ἁποπτάσας,
804 3214 929 3275 τοὺς
968 3212 1308 3285 κυϐερνήτας
1353 3209 1471 3263 ἀντὶ
1524 3209 1726 3262 οἰάκων
1764 3208 1857 3261 ἐπὶ
1894 3207 2003 3261 τῶν

424 3303 904 3374 καταστρωμάτων
926 3300 1289 3372 καθημένους,
1315 3298 1415 3362 τὰς
1460 3301 1649 3370 χεῖρας
1679 3300 1792 3360 τοῖς
1816 3297 2004 3366 γόνασι

426 3393 877 3466 περιπλέκοντας,
922 3391 1018 3445 καὶ
1066 3389 1201 3460 πρὸς
1236 3388 1335 3460 τὴν
1379 3388 1688 3459 ἀμηχανίαν
1716 3387 1823 3440 τῶν
1861 3404 2007 3456 γινο-

429 3489 606 3560 μένων
633 3485 968 3546 κωκύοντας,
1004 3479 1170 3545 ὀξέως
1200 3479 1463 3549 βοῶντας,
1519 3479 1872 3550 θρηνοῦντας,
1900 3478 2008 3532 ὀλο-

426 3576 766 3649 φυρομένους
798 3573 980 3644 μόνον,
1029 3572 1130 3624 οὐκ
1168 3569 1418 3641 οὐρανὸν,
1454 3569 1515 3622 οὐ
1552 3569 1789 3638 πέλαγος
1819 3568 2006 3639 φαινόο

430 3683 612 3738 μενον,
661 3662 799 3717 ἀλλά
856 3662 1048 3725 σκότος
1098 3659 1277 3714 πάντα
1304 3658 1442 3729 βαθὺ
1496 3657 1588 3711 καὶ
1643 3658 1884 3727 ἀφεγγὲς
1914 3659 2010 3713 καὶ

427 3757 686 3828 ζοφῶδες,
718 3755 793 3818 ὡς
822 3753 944 3807 οὺδέ
970 3754 1094 3816 τοὺς
1117 3752 1344 3823 πλησίον
1369 3751 1734 3823 ἐπιτρέποντα
1766 3750 2006 3820 βλέπειν,

425 3851 522 3905 καὶ
554 3849 719 3902 πολὺν
747 3846 839 3901 τὸν
865 3846 1109 3914 πάταγον
1148 3843 1258 3898 τῶν
1278 3842 1560 3915 κυμάτων,
1595 3843 1691 3897 καὶ
1715 3841 1879 3914 θηρία
1910 3840 2010 3897 θα-

426 3942 618 3996 λάττια
651 3939 913 3995 πάντοθεν
942 3939 1052 4000 τοῖς
1087 3935 1339 3989 πλέουσιν
1370 3934 1742 4005 ἐπιτιθέμενα.
1789 3934 2012 3988 Μᾶλλον

424 4033 486 4088 δέ
514 4032 674 4103 μέχρι
707 4031 850 4094 τίνος
880 4028 1150 4099 διώκομεν
1176 4026 1454 4098 ἀκίχητα;
1487 4025 1619 4080 Οἴαν
1653 4024 1764 4097 γάρ
1809 4026 1877 4079 ἂν
1912 4025 2011 4096 ζη-

426 4125 576 4196 τήσω
604 4123 712 4178 τῶν
744 4122 1029 4193 παρόντων
1066 4119 1252 4173 κακῶν
1299 4119 1502 4183 εἰκόνα,
1530 4115 1850 4188 ἡττώμενος
1872 4117 1901 4168 ό
1922 4116 2012 4168 λό-

428 4234 527 4286 γος
557 4217 850 4284 ἀναχωρεῖ.
899 4212 1042 4266 Ἀλλ’
1073 4212 1222 4282 ὅμως
1253 4211 1351 4264 καὶ
1382 4207 1553 4262 ταῦτα
1579 4207 1701 4261 ἰδὼν
1734 4208 1837 4261 οὐκ
1879 4208 2014 4261 ἀπο-

428 4308 684 4378 γινώσκω
723 4306 823 4376 τῆς
872 4303 1250 4376 χρηστοτέρας
1292 4301 1528 4364 ἐλπίδος,
1552 4300 1644 4354 τὸν
1676 4298 2015 4370 κυϐερνήτην

428 4397 584 4453 τοῦδε
623 4396 718 4450 τοῦ
748 4395 944 4458 παντὸς
963 4392 1180 4459 ἐννοῶν,
1197 4392 1255 4457 ὃς
1283 4392 1344 4445 οὐ
1365 4390 1531 4462 τέχνῃ
1558 4390 1895 4462 περιγίνεται
1920 4391 2014 4444 τοῦ

429 4483 719 4558 χειμῶνος,
749 4482 885 4538 ἀλλά
906 4483 1136 4553 νεύματι
1166 4481 1282 4534 λύει
1316 4480 1415 4552 τὴν
1448 4480 1637 4551 ζάλην.
1661 4481 1724 4535 Εἰ
1751 4481 1809 4535 δὲ
1846 4480 1922 4553 μὴ
1951 4483 2015 4534 ἐκ

429 4577 751 4651 προοιμίων,
795 4575 931 4648 μηδὲ
975 4572 1197 4638 εὐθέως,
1232 4572 1353 4636 ἔθος
1388 4572 1537 4643 αύτῷ
1584 4571 1815 4641 τοιοῦτο,
1857 4572 1932 4644 μὴ
1960 4574 2016 4625 ἐν

431 4673 574 4744 ἀρχῇ
615 4670 685 4724 τά
732 4668 885 4723 δεινά
932 4667 1247 4730 καταλύειν,
1305 4666 1423 4719 ἀλλ’
1452 4663 1591 4720 ὅταν
1627 4664 1863 4737 αὐξηθῇ,
1922 4665 2016 4718 καὶ

432 4762 570 4832 πρὸς
600 4762 662 4814 τὸ
706 4760 859 4824 τέλος
899 4759 1051 4831 ἔλθῃ,
1087 4759 1182 4812 καὶ
1232 4756 1384 4829 παρὰ
1432 4757 1541 4810 τῶν
1582 4756 1844 4810 πλειόνων
1881 4757 2017 4809 ἀπο-

431 4851 670 4920 γνωσθῇ,
704 4850 828 4903 τότε
876 4847 1282 4920 θαυματουργεί
1312 4848 1409 4902 καὶ
1448 4847 1890 4919 παραδοξοποιεῐ,
1915 4847 2016 4917 τήν

429 4956 491 4992 τε
519 4940 723 4992 οἰκείαν
759 4940 1164 5011 ἐνδεικνύμενος
1192 4940 1440 5011 δύναμιν,
1470 4938 1688 4991 καὶτῶν
1711 4937 2016 5008 ἐμπιπτόν-

430 5046 539 5082 των
559 5029 656 5099 τὴν
678 5028 953 5099 ὑπομονὴν
973 5029 1350 5098 ἐγγυμνάζων.
1381 5026 1466 5098 Μὴ
1495 5026 1674 5080 τοίνυν
1709 5026 2010 5100 ἀναπέσῃς.

509 5121 604 5172 Ἓν
632 5119 741 5189 γὰρ
773 5120 932 5189 μόνον
957 5120 1125 5183 ἐστὶν,
1157 5119 1474 5189 Ὀλυμπιάς,
1509 5118 1758 5190 φοϐερὸν,
1788 5114 1869 5183 εἷς
1892 5137 2011 5172 πει-

434 5210 667 5282 ρασμὸς,
697 5209 937 5279 ἁμαρτία
969 5210 1155 5279 μόνον·
1181 5212 1274 5264 καὶ
1309 5210 1466 5264 τοῦτο
1520 5208 1756 5281 συνεχῶς
1798 5210 2012 5281 ἐπᾴδων

432 5316 517 5355 σοι
555 5299 616 5352 τὸ
643 5299 796 5371 ρἧα
824 5299 925 5351 οὐκ
960 5300 1313 5372 ἐπαυσάμην·
1343 5300 1412 5354 τά
1432 5299 1488 5353 δὲ
1531 5301 1667 5355 ἄλλα
1698 5302 1876 5355 πάντα
1909 5300 2015 5371 μῦ-

432 5389 545 5455 θος,
575 5389 681 5444 κᾶν
726 5386 1020 5451 ἐπιϐουλάς
1069 5387 1250 5460 εἴπῃς,
1288 5390 1391 5442 κᾶν
1435 5390 1749 5461 ἀπεχθείας,
1786 5389 1889 5444 κᾶν
1922 5390 2010 5443 δό-

430 5476 578 5545 λους,
618 5478 724 5533 κᾶν
778 5478 1156 5546 συκοφαντίας,
1191 5479 1292 5533 κᾶν
1324 5480 1610 5553 λοιδορίας,
1635 5482 1736 5535 κᾶν
1776 5497 2011 5553 κατηγο-

433 5571 577 5641 ρίας,
604 5569 707 5624 κᾶν
756 5569 1067 5639 δημεύσεις,
1108 5571 1213 5625 κᾶν
1244 5571 1476 5642 ἐξορίας,
1512 5573 1617 5627 κᾶν
1658 5573 1785 5645 ξίφη
1815 5575 2013 5645 ἠκονη-

432 5661 591 5727 μένα,
624 5659 729 5712 adv
756 5660 1009 5728 πέλαγος,
1036 5661 1137 5716 κᾶν
1166 5661 1258 5714 τὸν
1286 5661 1384 5731 τῆς
1422 5663 1743 5736 οἰκουμένης
1798 5665 2015 5735 ἁπάσης

434 5749 690 5818 πόλεμον.
728 5746 830 5801 Οἷα
857 5750 965 5823 γάρ
998 5752 1066 5807 ἂν
1092 5754 1175 5825 εἴη
1227 5752 1420 5821 ταῦτα,
1460 5756 1773 5828 πρόσκαιρά
1805 5759 1865 5813 τέ
1895 5760 2010 5812 ἐστι

382 5892 387 5897 ’
468 5888 509 5965 ,³
539 5884 623 5935 Sic
648 5897 821 5938 omnes
847 5892 998 5947 ferme
1017 5916 1126 5955 mss.
1158 5904 1288 5957 Edm
1309 5906 1390 5963 τὰς
1411 5907 1571 5963 κώπας
1588 5909 1682 5957 τῶν
1704 5908 1908 5959 ναυτῶν.

2018 1496 2087 1509 —

2093 1740 2189 1796 καὶ
2236 1741 2498 1816 ἐπίκηρα,
2546 1744 2639 1799 καὶ
2675 1747 2734 1801 ἐν
2779 1745 2961 1821 θνητῷ
3007 1751 3280 1824 γενόμενα
3322 1756 3586 1829 σώματι,
3624 1764 3719 1816 καὶ

2093 1833 2194 1905 τὴν
2218 1836 2493 1907 νήφουσαν
2537 1838 2691 1892 οὐδὲν
2719 1842 3177 1912 παραϐλάπτοντα
3212 1847 3437 1921 ψυχήν.
3478 1853 3588 1908 Διά
3635 1871 3718 1908 τοι

2095 1924 2254 1980 τοῦτο
2289 1928 2384 1981 καὶ
2412 1929 2519 1983 τῶν
2545 1932 2798 2003 χρηστῶν
2828 1935 2929 1989 καὶ
2955 1937 3066 1992 τῶν
3097 1939 3380 2012 λυπηρῶν
3411 1944 3535 1998 τῶν
3574 1948 3717 2000 κατά

2095 2016 2185 2069 τδν
2214 2017 2460 2089 παρόντα
2483 2018 2596 2089 βίον
2629 2020 2691 2073 τὸ
2716 2022 2930 2088 εὐτελὲς
2950 2027 2980 2078 ό
3028 2028 3308 2099 μακάριος
3358 2031 3594 2097 Παῦλος
3613 2034 3718 2088 δεῖς

2099 2104 2186 2169 ξαι
2208 2106 2530 2178 βουλόμενος
2562 2112 2661 2183 μιᾷ
2691 2110 2910 2177 λέξειτὸ
2942 2118 3052 2170 πᾶν
3071 2118 3367 2190 ἐνέφηνεν,
3394 2123 3580 2178 εἰπών
3603 2139 3617 2153 ·
3641 2125 3715 2179 Td

2098 2198 2209 2265 γὰρ
2230 2198 2585 2269 βλεπόμενα
2603 2206 2954 2275 πρόσκαιρα.
2980 2209 3045 2262 Τί
3071 2210 3250 2266 τοίνυν
3275 2214 3355 2266 τά
3389 2215 3716 2289 πρόσκαιρα

2099 2290 2364 2357 δέδοικας,
2394 2292 2464 2347 τά
2486 2296 2767 2367 ποταμίων
2795 2300 3080 2369 ῥευμάτων
3100 2302 3257 2375 δίκην
3282 2307 3712 2379 παραρρέοντας

2101 2380 2337 2437 Τοιαῦτα
2364 2384 2557 2455 γὰρτά
2583 2388 2850 2459 παρόντα,
2878 2390 2981 2444 κᾶν
3010 2396 3223 2470 χρηστά
3244 2391 3307 2468 ᾖ,
3326 2397 3442 2453 κᾶν
3468 2398 3710 2470 λυπηρά.

2101 2473 2398 2546 Προφήτης
2429 2476 2487 2530 δέ
2521 2478 2709 2551 ἔτερος
2743 2480 2962 2535 ἀπασαν
2984 2468 3084 2554 την
3103 2487 3478 2560 ἀνθρωπίνην
3508 2468 3710 2562 εὐημε-

2105 2563 2225 2635 ρίαν
2274 2566 2335 2619 ού
2384 2567 2539 2640 [529]
2592 2570 2790 2643 χόρτῳ,
2838 2573 2951 2628 ἀλλ’
3001 2577 3164 2649 ἐτέρα
3197 2578 3301 2650 ὕλῃ
3339 2579 3712 2652 εύτελεστέρᾳ

2105 2658 2431 2729 παρέϐαλεν,
2496 2661 2656 2728 ἄνθος
2726 2666 2895 2738 αὐτὴν
2940 2668 3214 2739 ὀνομάσας
3260 2670 3475 2743 χόρτου
3532 2674 3709 2726 πᾶσαν

2103 2748 2258 2818 ὁμοῦ.
2292 2750 2427 2805 Οὐδὲ
2473 2752 2581 2825 γὰρ
2623 2756 2790 2826 μέρος
2830 2758 2998 2828 αὐτῆς
3046 2758 3264 2831 ἔθηκεν,
3311 2757 3438 2816 οἷον
3482 2763 3711 2816 πλοῦτον

2108 2840 2345 2913 μόνον,ἢ
2380 2843 2589 2915 τρυφὴν
2629 2846 2809 2915 μόνον,
2850 2847 2882 2918 ἦ
2918 2849 3258 2917 δυναστείαν,
3279 2852 3316 2922 ἢ
3337 2854 3549 2925 τιμάςο
3576 2854 3707 2907 ἀλλά

2106 2932 2283 2987 πάντα
2329 2936 2396 2989 τά
2435 2938 2493 2989 ἐν
2517 2935 2824 3009 ἀνθρώποις
2859 2938 3119 3007 δοκοῦντα
3145 2939 3285 2998 εἶναι
3321 2944 3568 3016 λαμπρὰ
3618 2944 3709 3015 μιᾷ

2106 3027 2449 3098 προσηγορία
2483 3030 2549 3100 τῇ
2563 3029 2660 3100 τῆς
2686 3029 2846 3099 δόξης
2876 3032 3206 3101 περιλαϐὼν,
3238 3034 3427 3099 οὕτως
3459 3036 3704 3107 ἐπήγαγε

2106 3115 2204 3187 τὴν
2242 3118 2425 3171 εἰκόνα
2468 3120 2561 3172 τοῦ
2612 3121 2827 3191 χόρτου,
2864 3122 3055 3177 εἰπών’
3084 3123 3260 3182 Πᾶσα
3295 3126 3461 3193 δόξα
3489 3125 3706 3194 ἀνθρώ-

2106 3226 2224 3263 που
2245 3210 2323 3276 ὡς
2344 3209 2526 3277 ἄνθος
2540 3212 2775 3280 χόρτου.

2180 3298 2245 3369 β’.
2276 3300 2415 3354 Ἀλλ’
2441 3303 2473 3371 ὴ
2492 3301 2797 3375 δυσημερία
2812 3305 2983 3359 δεινὸν
3011 3307 3105 3361 καὶ
3123 3306 3262 3379 βαρύ
3281 3352 3296 3362 .
3331 3307 3480 3362 Ἀλλ’
3499 3310 3600 3380 δρα
3616 3306 3703 3361 καὶ

2107 3389 2311 3459 ταύτην
2341 3390 2501 3445 πάλιν
2530 3392 2695 3464 ἑτέρᾳ
2731 3393 3224 3467 παραϐαλλομένην
3254 3398 3459 3463 εἰκόνι,
3486 3398 3579 3452 καὶ
3605 3413 3699 3450 κα-

2108 3484 2366 3552 ταφρόνει
2409 3484 2502 3538 καὶ
2540 3485 2763 3554 ταύτης.
2821 3486 2933 3550 Τὰς
2982 3486 3093 3558 γὰρ
3122 3487 3426 3560 λοιδορίας,
3464 3489 3561 3543 καὶ
3606 3487 3699 3549 τὰς

2112 3572 2320 3644 ὕϐρεις,
2363 3574 2457 3627 καὶ
2482 3574 2552 3628 τά
2598 3574 2799 3646 ὀνείδη,
2829 3575 2924 3629 καὶ
2972 3576 3040 3630 τὰ
3076 3577 3398 3648 σκώμματα
3450 3578 3521 3632 τά
3559 3574 3699 3648 παρὰ

2112 3663 2221 3717 τῶν
2246 3665 2475 3737 ἐχθρῶν,
2513 3666 2728 3730 καὶτὰς
2753 3665 3047 3731 ἐπιϐουλὰς
3091 3668 3297 3740 ίματίῳ
3338 3667 3695 3724 παλαιωθέντι

2114 3758 2208 3810 καί¹
2236 3757 2368 3828 ἐρίῳ
2399 3758 2753 3830 διαϐρωθέντι
2780 3759 3158 3830 παρεικάζων,
3183 3759 3377 3830 ἔλεγεν
3401 3780 3416 3792 θ
3468 3757 3698 3814 Ὀνειδι·

2114 3850 2274 3919 σμὸν
2318 3849 2645 3918 ἀνθρώπων
2665 3849 2752 3919 μὴ
2784 3850 3067 3919 φοϐεῖσθε
3110 3851 3210 3905 καί
3250 3852 3339 3918 τῷ
3383 3844 3694 3922 φαυλίσμῷ

2114 3939 2314 3995 αὐτῶν
2345 3941 2430 4010 μὴ
2466 3939 2747 4010 ἡττᾶσθε,
2764 3941 2852 3995 ὅτι
2872 3943 2956 4009 ὡς
2982 3942 3215 4012 ἱμάτιον
3239 3941 3693 4008 παλαιωθήσον-

2115 4048 2231 4097 ται,
2251 4032 2347 4088 καὶ
2366 4032 2509 4087 ὡσεὶ
2533 4032 2696 4101 ἔριον
2710 4032 2830 4087 ὑπὸ
2852 4047 2934 4099 ση
2942 4034 3059 4100 τὸς,
3088 4035 3241 4089 οὕτω
3255 4033 3687 4104 βρωθήσονται.

2116 4123 2298 4195 Μηδέν
2337 4140 2399 4177 σε
2451 4123 2630 4178 τοίνυν
2671 4127 2983 4197 ταραττέτω
3035 4126 3144 4180 τῶν
3209 4128 3541 4199 γινομένων,
3581 4119 3689 4176 ἀλλ’

2118 4212 2320 4281 ἀφεῖσα
2345 4213 2435 4266 τὸν
2469 4212 2618 4267 δεῖνα
2644 4214 2738 4267 καὶ
2781 4215 2874 4268 τὸν
2904 4214 3053 4270 δεῖνα
3085 4216 3452 4287 παρακαλεῖν,
3479 4214 3571 4268 καὶ
3598 4208 3687 4270 τὰς

2119 4300 2276 4364 σκιὰς
2303 4300 2669 4372 παρατρέχειν
2708 4300 2888 4369 (τοῦτο
2920 4301 3028 4373 γάρ
3057 4304 3091 4371 ἡ
3122 4300 3441 4372 ἀνθρωπίνη
3488 4309 3687 4368 συμμασ

2117 4388 2252 4460 χία),
2279 4388 2371 4441 τὸν
2406 4388 2638 4460 Ἰησοῦν,
2665 4381 2710 4456 ᾧ
2731 4387 3040 4461 λατρεύεις,
3069 4390 3365 4463 ἐνδελεχῶς
3389 4385 3683 4462 παρακάλει

2117 4480 2304 4535 νεῦσαι
2338 4478 2526 4549 μόνον·
2554 4481 2649 4534 καὶ
2673 4480 2853 4536 πάντα
2874 4482 2934 4535 ἐν
2957 4484 3057 4553 μιᾷ
3082 4482 3277 4555 καιροῦ
3310 4482 3499 4537 λύεται
3532 4478 3678 4549 ῥοπῇ-

2119 4574 2179 4627 Εἰ
2207 4574 2265 4626 δὲ
2302 4574 2714 4645 παρεκάλεσάς,
2733 4574 2825 4628 καὶ
2848 4575 2950 4628 οὐκ
2994 4574 3180 4647 ἐλύθη,
3201 4574 3445 4629 τοιοῦτον
3471 4570 3546 4640 τῷ
3572 4566 3678 4636 Θεῷ

2117 4665 2258 4731 ἔθος,
2296 4664 2369 4736 μὴ
2398 4667 2463 4718 ἐκ
2500 4665 2803 4737 προοιμίων
2836 4666 2948 4737 (τὸν
2993 4665 3103 4737 γάρ
3147 4666 3458 4738 ἔμπροσθεν
3501 4658 3679 4727 ἀναλή-

2115 4758 2288 4828 ψομαι
2325 4756 2505 4828 λόγον)
2538 4756 2827 4811 καταλύειν
2871 4755 2942 4809 τά
2971 4754 3192 4820 δεινάδ,
3224 4756 3340 4809 ἀλλ’
3374 4758 3500 4810 ὅταν
3527 4763 3675 4822 κορυ-

2118 4846 2293 4919 φωθῇ,
2313 4847 2442 4901 ὅταν
2465 4847 2841 4919 αὐξηθῇ,ὃταν
2875 4847 3063 4917 σχεδὸν
3098 4847 3267 4917 μηδὲν
3303 4836 3673 4910 ὑπολελειμμέ-

2118 4933 2269 5008 νονῇ
2310 4936 2411 5007 τῆς
2448 4937 2559 4991 τῶν
2614 4935 2997 5007 πολεμούντων
3053 4937 3276 5001 κακίας,
3334 4936 3453 4990 τότε
3498 4926 3671 4999 ἀθρόον

2119 5030 2296 5083 πάντα
2321 5029 2675 5100 μεταϐάλλειν
2705 5030 2797 5081 ἐπὶ
2820 5027 2880 5081 τὸ
2908 5028 3161 5098 γαληνὸν,
3181 5028 3277 5082 καὶ
3313 5027 3448 5099 πρὸς
3481 5024 3669 5089 ἀπροσ-

2116 5120 2375 5193 δοκήτους
2413 5119 2563 5184 τινὰς
2597 5116 2961 5181 καταστάσεις
2984 5115 3126 5170 αύτά
3152 5115 3487 5187 πραγμάτων
3510 5108 3662 5175 draw-

2117 5214 2191 5267 Οὐ
2222 5213 2332 5283 γὰρ
2350 5209 2586 5265 τοσαῦτα
2626 5209 2848 5263 δύναται
2895 5209 3055 5280 μόνον
3083 5210 3306 5279 ποιῆσαι
3344 5200 3563 5279 χρηστὰ,
3582 5196 3668 5249 ὅσα

2119 5304 2505 5378 προσδοκῶμεν
2528 5304 2623 5357 καὶ
2647 5301 2956 5372 ἐλπίζομεν,
2984 5300 3121 5356 ἀλλά
3144 5303 3239 5355 καὶ
3260 5298 3435 5369 πολλῷ
3451 5291 3661 5378 πλείονα,

2117 5373 2212 5451 καὶ
2242 5373 2487 5468 ἀπείρως
2518 5393 2759 5467 μείζονα.
2796 5394 2887 5448 Διὸ
2917 5393 3013 5447 καὶ
3053 5391 3267 5455 Παῦλος
3299 5390 3475 5458 ἐλεγε’
3509 5380 3583 5447 Τῷ
3604 5373 3664 5429 δέ

2121 5488 2434 5556 δυναμένῳ
2478 5487 2633 5557 ὑπὲρ
2664 5486 2862 5542 πάντα
2889 5485 3160 5556 ποιῆσαι,
3195 5484 3343 5553 ὑπὲρ
3388 5481 3454 5534 ἐκ
3484 5479 3663 5539 asp“?-

2121 5581 2238 5636 σοῦ
2266 5575 2354 5635 ὧν
2380 5581 2700 5649 αἰτούμεθα
2724 5579 2764 5648 ἣ
2786 5578 3065 5648 νοοῦμεν.
3089 5576 3177 5649 Μὴ
3205 5575 3314 5647 γὰρ
3341 5575 3437 5629 οὐκ
3459 5562 3659 5638 ἠδύνατο

2120 5678 2186 5729 ἐκ
2234 5674 2534 5744 προοιμίων
2583 5672 2825 5727 κωλῦσαι
2860 5673 2987 5735 τοὺς
3038 5671 3236 5733 παῖδας
3281 5667 3402 5729 τοὺς
3427 5650 3659 5744 τρετςᾹεες

2119 5768 2208 5823 τὸν
2230 5742 2536 5837 πειρασμὸν
2566 5765 2771 5817 ἐκεῖνον
2795 5762 2869 5835 μὴ
2897 5763 3188 5835 ἐμπεσεῖνς
3232 5759 3371 5813 Ἀλλ’
3399 5755 3489 5809 οὐκ
3512 5742 3654 5816 ἡδου*

2191 5907 2219 5951 δ
2233 5909 2371 5961 Unus
2392 5908 2517 5960 λύειν
2539 5909 2600 5959 τὰ
2625 5906 2769 5959 δεινά.
