4002 6432
326 374 447 431 549

328 499 3571 535 .—————_—__..__________________________________

1767 382 2121 439 ΕΡΙὸΤΟΙιιΕ

3530 403 3637 455 55η

1576 581 2067 665 DOMINfE
2114 585 2387 668 ME/E

318 748 724 797 SUMHOPERE
768 755 1194 814 VENEHANDB,
1252 757 1330 801 AC
1374 757 1894 802 RELIGIOSISSIMJE
1936 756 2311 816 OLYMPIADI,
2356 761 2762 823 DIACONISSE,
2807 764 3084 811 JOANNES
3126 766 3467 813 EPISCOPUS
3528 774 3626 821 ιΑ-

1438 857 1654 903 LUTEM
1683 858 1750 903 IN
1792 857 2064 903 nouum.
2109 859 2308 905 EPIST.
2357 862 2379 905 ι
2422 848 2520 920 (a).

1774 994 2021 1037 -σθῦ

399 1131 456 1188 l.
493 1130 609 1200 Age
636 1141 766 1184 vero
786 1129 1055 1185 mestitiae
1087 1136 1190 1183 tua:
1217 1128 1367 1184 ulcus
1397 1143 1611 1184 rursum
1640 1128 1919 1199 mitigabo,

318 1230 493 1291 atque
518 1218 875 1291 cogitationes
902 1233 1016 1284 eas,
1038 1234 1159 1290 qua:
1186 1219 1326 1274 hanc
1352 1220 1545 1275 nubem
1568 1230 1784 1291 cogunt,
1812 1221 1924 1276 dis-

318 1314 552 1367 entiam.
582 1312 720 1380 Quid
760 1313 903 1368 enim
947 1322 1066 1381 est,
1110 1313 1251 1383 quod
1277 1313 1512 1368 animum
1541 1321 1687 1367 tuum
1714 1325 1926 1383 pertur-

318 1406 461 1460 hat?
484 1421 584 1460 cur
607 1405 780 1470 doles,
810 1420 904 1461 cur
923 1404 1284 1461 excruciaris?
1307 1408 1388 1460 An
1419 1406 1561 1476 quod
1589 1421 1730 1463 saeva
1755 1415 1809 1462 et
1837 1421 1926 1462 ca-

324 1496 565 1566 liginosa
594 1504 677 1551 est
719 1495 836 1552 haec
871 1504 1158 1566 tempestas
1183 1511 1300 1567 qua:
1328 1496 1595 1552 Ecclesias
1621 1496 1922 1565 occupavit,

322 1595 636 1656 cunctaque
654 1587 708 1642 in
740 1588 1171 1642 obscurissimam
1203 1596 1416 1643 noctem
1445 1586 1814 1654 commutavit,
1845 1595 1926 1641 at-

318 1693 433 1747 que
464 1677 520 1732 in
548 1677 666 1733 dies
685 1686 925 1748 augetur,
946 1685 1003 1733 et
1021 1678 1214 1733 acerba
1240 1676 1482 1747 quiedam
1506 1676 1781 1746 naufragia
1801 1691 1925 1747 par-

322 1773 485 1837 turit,
519 1772 775 1842 orbisque
800 1781 1065 1827 terrarum
1092 1770 1338 1827 interitus
1359 1769 1720 1842 ingravescit?
1746 1769 1801 1825 ld
1821 1784 1922 1841 ego

317 1879 546 1934 quoque
574 1871 910 1934 perSpectum
939 1863 1131 1931 habeo,
1158 1877 1260 1918 nec
1284 1861 1564 1932 quisquam
1588 1869 1691 1928 est,
1709 1860 1797 1932 qui
1836 1860 1921 1915 in-

320 1953 477 2008 ficias
505 1955 588 2008 ire
614 1963 814 2025 queat;
843 1969 929 2019 ac,
963 1953 1009 2009 si
1034 1954 1135 2021 vis,
1189 1968 1376 2009 eorum
1427 1952 1588 2008 etiam
1634 1967 1754 2022 quae
1790 1950 1926 2006 ﬁunt

319 2045 622 2115 imaginem
674 2046 961 2117 quamdam
1016 2044 1263 2115 efﬁngam
1286 2085 1303 2112 ,
1333 2057 1441 2114 quo
1493 2043 1773 2099 clariorem
1826 2040 1922 2098 tibi

316 2139 645 2207 tragmdiam
694 2137 937 2193 reddam.
988 2137 1134 2194 Mare
1160 2138 1431 2193 cernimus
1480 2137 1548 2193 ab
1581 2137 1704 2192 imis
1751 2151 1922 2208 usque

317 2230 629 2300 gurgitibus
665 2230 901 2300 undique
930 2230 1202 2285 revulsum
1222 2271 1238 2297 ,
1264 2238 1454 2284 nautas
1486 2239 1733 2285 mortuos
1767 2245 1919 2285 sum-

318 2337 409 2375 ma
438 2321 586 2377 unda
630 2333 893 2389 natantes,
927 2322 1063 2377 alios
1088 2337 1305 2392 pessum
1339 2329 1551 2389 euntes,
1597 2322 1815 2377 navium
1844 2330 1921 2376 ta-

318 2411 481 2467 bulas
523 2412 832 2480 dissolutas,
861 2422 1113 2483 perrupta
1140 2422 1194 2468 et
1223 2413 1456 2469 lacerata
1478 2414 1615 2479 vela,
1644 2414 1814 2469 malos
1837 2413 1921 2467 ef-

319 2502 527 2559 fractos
548 2546 565 2571 ,
596 2518 774 2559 remos
799 2518 832 2560 e
857 2515 1136 2559 nautarum
1167 2504 1414 2560 manibus
1437 2504 1668 2575 elapsos,
1696 2504 1919 2560 naucle-

326 2610 424 2650 ros
447 2597 935 2666 gubernaculorum
957 2597 1076 2653 loco
1102 2597 1352 2653 tabulatis
1380 2597 1670 2653 insidentes
1690 2638 1706 2663 ,
1730 2610 1921 2652 manus

316 2686 556 2757 genibus
583 2688 937 2756 innectentes,
977 2697 1137 2758 atque
1180 2689 1237 2743 in
1282 2703 1399 2743 eam
1442 2689 1652 2744 consilii
1685 2689 1918 2759 inopiam

321 2778 601 2843 redactos,
627 2788 685 2833 ut
717 2780 1082 2835 tantummodo
1114 2780 1347 2849 lugeant,
1376 2793 1440 2833 ac
1464 2780 1697 2848 gemitus
1719 2788 1774 2833 et
1797 2779 1917 2849 eju-

325 2867 474 2924 latus
500 2868 700 2936 edant;
730 2885 837 2925 non
864 2870 1050 2925 caelum
1067 2913 1084 2939 ,
1115 2886 1221 2925 non
1254 2886 1401 2926 mare
1427 2870 1796 2940 conspiciunt,
1822 2870 1919 2926 sed

320 2959 524 3015 densas
568 2970 729 3031 atque
768 2961 1024 3018 obscuras
1072 2962 1323 3018 tenebras
1358 2962 1744 3034 caliginemque
1794 2958 1917 3019 tan-

324 3061 435 3108 tam
461 3094 478 3120 ,
511 3062 571 3109 ut
596 3069 664 3109 ue
693 3056 1020 3125 propinquos
1048 3055 1262 3126 quidem
1298 3056 1604 3127 perspicere
1643 3057 1806 3123 sinat,
1837 3056 1920 3113 in-

319 3153 542 3214 gentem
586 3145 818 3216 dcnique
842 3146 1100 3201 ﬂuctuum
1151 3147 1383 3202 sonitum
1407 3189 1423 3215 ,
1457 3161 1520 3202 ac
1547 3148 1781 3204 marinas
1804 3148 1917 3205 bel-

321 3234 443 3290 luas
471 3236 527 3289 in
557 3250 651 3292 eos
674 3279 688 3303 ,
719 3237 810 3307 qui
863 3239 1152 3308 navigant,
1195 3238 1343 3293 omni
1371 3254 1438 3293 ex
1480 3248 1632 3309 parte
1657 3239 1915 3312 impetum

325 3324 607 3380 facientes.
640 3325 753 3381 lmo
787 3342 916 3382 vero
954 3343 1232 3399 quousque
1268 3328 1321 3384 id
1348 3331 1741 3401 persequimur,
1775 3330 1918 3402 quod

326 3418 584 3488 consequi
611 3434 717 3473 non
744 3421 1066 3489 possumus?
1091 3421 1495 3493 Quamcumque
1516 3425 1659 3479 enim
1687 3439 1917 3495 praesen-

327 3510 460 3563 tium
488 3511 849 3567 calamitatum
874 3512 1104 3582 efﬁgiem
1145 3514 1458 3584 exquiram,
1504 3516 1677 3571 oratio
1718 3516 1769 3571 vi
1800 3532 1918 3571 ma-

325 3599 501 3654 lorum
532 3610 800 3671 superata,
828 3601 1018 3673 pedem
1044 3601 1230 3659 refert.
1263 3602 1549 3673 Caeterum,
1569 3605 1778 3660 etiamsi
1802 3605 1919 3662 hmc

325 3694 618 3764 perspicio,
653 3706 830 3750 tamen
857 3697 1135 3751 meliorum
1164 3712 1347 3752 rerum
1370 3712 1522 3766 spem
1547 3712 1655 3753 non
1683 3699 1870 3753 amitto
1898 3715 1912 3752 :

327 3785 551 3855 hujusce
605 3786 966 3842 universitatis
1009 3785 1438 3843 Gubernatorem
1497 3796 1642 3844 ante-
1677 3789 1916 3845 animum

326 3891 651 3945 proponens,
672 3878 762 3948 qui
791 3891 897 3932 non
924 3887 1039 3934 arte
1064 3888 1224 3949 atque
1253 3878 1511 3934 industria
1539 3887 1914 3951 tempestatem

329 3978 548 4039 supcrat
571 4009 587 4036 ,
617 3984 803 4025 verum
844 3979 977 4027 nutu
1021 3972 1137 4028 solo
1167 3972 1454 4042 procellam
1500 3972 1716 4044 frangit.
1761 3974 1916 4041 Quod

327 4060 373 4115 si
407 4058 548 4115 haud
570 4060 801 4131 primum
830 4077 895 4118 ac
919 4064 1100 4118 statim
1146 4063 1310 4131 facit,
1347 4064 1467 4119 haec
1502 4065 1706 4121 scilicet
1747 4065 1917 4135 ipsius

327 4153 653 4208 consuetudo
675 4163 760 4210 est
787 4196 802 4219 ,
843 4164 901 4209 ut
935 4169 1114 4209 rerum
1140 4155 1461 4211 acerbitates
1489 4171 1597 4210 non
1628 4157 1682 4211 in
1711 4156 1913 4228 princi-

327 4245 419 4316 pio
443 4245 785 4317 exstinguat:
813 4261 996 4301 verum
1024 4260 1146 4300 cum
1167 4246 1454 4314 creverint,
1475 4256 1636 4319 atque
1659 4248 1724 4303 ad
1751 4247 1916 4304 finem

327 4342 626 4392 extremum
656 4338 1018 4407 pervenerint,
1060 4338 1282 4410 jamque
1323 4354 1448 4410 spes
1493 4341 1669 4396 omnis
1712 4357 1743 4397 a
1789 4356 1913 4411 per-

327 4428 508 4482 multis
531 4429 738 4499 abjecta
762 4431 853 4499 sit,
885 4439 996 4486 tum
1026 4430 1259 4502 denique
1291 4432 1424 4486 mira
1453 4441 1614 4503 atque
1641 4433 1710 4488 ab
1733 4433 1912 4489 homi-

326 4534 452 4574 num
480 4521 730 4591 Opinione
777 4522 952 4578 aliena
994 4520 1229 4578 facinora
1269 4522 1431 4579 edere
1468 4525 1677 4591 soleat;
1720 4534 1776 4581 et
1804 4526 1912 4580 vim

326 4625 477 4667 suam
519 4613 831 4677 ostendens,
863 4623 1151 4683 eteorum,
1179 4614 1270 4685 qui
1315 4614 1369 4670 in
1418 4615 1746 4671 calamitates
1775 4616 1912 4671 inci-

327 4702 477 4767 dunt,
505 4703 813 4772 patientiam
837 4718 1116 4760 exercens.
1155 4703 1517 4772 Quamobrem
1560 4720 1631 4761 ne
1674 4705 1914 4761 animum

327 4792 563 4863 dejicias.

407 4883 555 4939 Nihil
576 4901 728 4955 grave
754 4893 935 4955 praeter
971 4896 1251 4957 peccatum.
1280 4884 1422 4941 Deus
1450 4903 1550 4942 non
1575 4888 1745 4941 statim
1780 4904 1915 4943 sem-

327 4991 417 5047 per
438 4976 650 5030 adversa
675 4975 828 5030 tollit.
850 5006 920 5017 —
940 4976 1151 5033 Etenim
1181 4992 1287 5032 una
1314 4977 1589 5033 dumtaxat
1618 4993 1707 5033 res
1738 4979 1915 5049 gravis

326 5081 389 5122 ac
429 5066 858 5136 pertimescenda
905 5076 1023 5134 est,
1073 5082 1109 5122 ο
1153 5067 1445 5139 Olympias,
1500 5085 1603 5124 una
1657 5070 1909 5139 tentatio,

327 5175 520 5230 nempe
540 5168 855 5232 peccatum;
890 5171 1050 5233 atque
1085 5161 1189 5217 hoc
1225 5163 1446 5217 verbum
1496 5177 1784 5232 numquam
1822 5163 1915 5219 tibi

326 5251 573 5306 occinere
608 5252 790 5307 destiti
817 5270 833 5308 :
866 5253 1073 5323 reliqua
1101 5262 1280 5308 autem
1309 5252 1510 5318 omnia,
1539 5268 1687 5308 mera
1710 5252 1911 5323 fabula,

323 5340 434 5395 sive
459 5341 678 5397 insidias
696 5342 917 5411 dixeris,
936 5344 1051 5401 sive
1067 5343 1389 5411 inimicitias,
1411 5343 1523 5398 sive
1545 5342 1777 5412 fraudes,
1800 5346 1915 5402 sive

322 5431 637 5500 calumnias,
667 5434 782 5489 sive
798 5434 1099 5501 maledicta,
1128 5434 1242 5490 sive
1266 5435 1652 5502 accusationes,
1685 5436 1797 5492 sive
1817 5437 1915 5493 bo-

389 5554 805 5631 (a)_Ep'stolae_ad
827 5555 1170 5631 Olympiadem
1196 5559 1392 5631 collatae
1414 5566 1531 5631 sunt
1552 5574 1675 5631 cum
1690 5564 1911 5631 Fabi-ie,

320 5614 544 5694 tibialia."
556 5626 616 5694 et
636 5692 645 5694 _
664 5614 1067 5694 tribusnliegiis.‘
1106 5621 1243 5694 linus
1297 5623 1419 5694 Reg.
1446 5637 1458 5670 :
1487 5622 1707 5694 Epistula

320 5679 507 5749 scripta
531 5684 740 5749 primo
780 5679 1067 5749 Ciljcitéuad
1110 5681 1299 5749 beatam
1342 5679 1682 5749 Olympiadem
1714 5679 1914 5740 ε”Επιὲ

323 5745 473 5819 στολὴ
492 5743 539 5815 μ’
563 5743 937 5819 γριξιερεῖσαέιπὸ
960 5744 1246 5795 Κουκουσοῦ
1278 5753 1363 5802 τῆς
1403 5743 1624 5807 Κιλικίας
1665 5752 1783 5814 πρὸς
1823 5755 1913 5813 τήν

324 5805 559 5865 μακαρίαν
593 5805 911 5856 Ὀλυιιπιάδα.

2040 1011 2201 1028 ﬁ

2036 1145 2225 1186 norum
2256 1134 2693 1205 proscriptiones,
2715 1136 2829 1195 sive
2849 1139 3057 1208 exsilia,
3084 1140 3196 1197 sive
3237 1142 3442 1212 gladios
3483 1160 3623 1214 pra:-

2033 1229 2238 1287 acutos,
2270 1224 2388 1278 sive
2418 1240 2583 1291 mare,
2610 1226 2722 1283 sive
2753 1228 2914 1283 totius
2945 1237 3208 1285 terrarum
3237 1232 3383 1287 orbis
3404 1233 3623 1292 bellum.

2028 1310 2163 1366 Nam
2189 1329 2538 1386 quascumque
2564 1318 2777 1374 tandem
2801 1319 2915 1375 haec
2941 1321 3121 1376 omnia
3150 1323 3279 1389 sint,
3302 1333 3450 1381 certe
3480 1334 3616 1382 tem-

2030 1404 2240 1472 poraria
2293 1414 2349 1461 et
2386 1406 2585 1463 caduca
2631 1418 2777 1476 sunt,
2818 1418 2977 1481 atque
3031 1412 3085 1466 in
3139 1415 3350 1469 mortali
3399 1431 3625 1486 corpore

2033 1493 2316 1563 exsistunt,
2348 1512 2446 1553 nec
2470 1498 2708 1568 vigilanti
2736 1501 2930 1556 anima;
2958 1502 3338 1559 detrimentum
3369 1505 3617 1562 afferunt.

2033 1585 2291 1652 Quocirca
2322 1590 2481 1644 etiam
2499 1591 2685 1647 beatus
2707 1592 2901 1648 Paulus
2922 1604 2977 1650 et
2996 1595 3386 1666 jucunditatum
3421 1608 3477 1654 et
3505 1616 3623 1655 mo-

2030 1674 2303 1732 lestiarum
2329 1678 2488 1750 hujus
2514 1683 2637 1738 vita:
2662 1683 3079 1742 imbecillitatem
3106 1687 3477 1746 demonstrare
3505 1703 3623 1747 stu-

2030 1766 2181 1835 dens,
2211 1770 2368 1826 unico
2390 1773 2650 1828 vocabulo
2678 1774 2732 1829 id
2761 1790 2982 1844 prorsus
3001 1778 3271 1845 indicavit,
3302 1796 3423 1836 cum
3451 1783 3523 1837 ita
3546 1784 3626 1838 lo-

2027 1867 2226 1917 auutus
2255 1867 2377 1915 est:
2408 1860 2536 1928 Qua;
2574 1863 2707 1917 enim
2753 1864 3004 1934 videntur,
3050 1870 3354 1937 temporalia
3392 1882 3508 1925 sunt
3543 1873 3620 1943 (2.

2033 1947 2150 2005 Cor.
2177 1951 2232 2006 4.
2263 1949 2375 2023 18).
2406 1951 2541 2020 Quid
2569 1953 2727 2023 igitur
2759 1969 2822 2010 ea
2845 1971 2964 2026 qua:
3001 1962 3324 2026 temporaria
3367 1970 3510 2026 sunt,
3557 1977 3622 2016 ac

2030 2038 2304 2096 fluminum
2329 2042 2494 2098 instar
2513 2042 2702 2111 ﬂuunt,
2730 2046 3069 2102 extimescis?
3093 2048 3404 2119 Hujusmodi
3427 2053 3621 2123 quippe

2030 2140 2153 2187 sunt
2178 2147 2265 2188 res
2294 2126 2610 2203 praesentes,
2642 2144 2747 2190 tam
2787 2136 2943 2201 lictis,
2987 2154 3145 2209 quam
3184 2142 3445 2197 molestae.
3482 2146 3621 2213 Quin

2025 2224 2166 2276 alter
2191 2238 2404 2293 quoque
2432 2225 2696 2295 propheta
2725 2225 3015 2282 humanam
3042 2245 3255 2285 omnem
3286 2231 3619 2301 felicitatem,

2026 2326 2097 2368 ne
2127 2313 2270 2369 fama
2296 2314 2535 2384 quidem,
2561 2331 2746 2371 verum
2771 2318 2924 2372 alteri
2952 2319 3125 2375 viliori
3148 2325 3383 2378 materia:
3406 2340 3623 2396 compa-

2026 2405 2183 2473 ravit,
2212 2420 2330 2460 eam
2358 2406 2606 2464 videlicet
2629 2410 2932 2465 universam
2960 2411 3085 2468 fmni
3109 2413 3294 2469 florem
3321 2418 3616 2486 appellans.

2023 2494 2210 2564 Neque
2237 2498 2407 2567 ipsius
2436 2498 2714 2556 dumtaxat
2748 2510 2954 2572 partem
2989 2506 3274 2574 quamdam
3315 2511 3512 2576 posuit,
3558 2522 3618 2565 ut

2025 2602 2157 2658 opes
2194 2597 2419 2659 tantum,
2460 2601 2554 2647 aut
2594 2593 2777 2648 luxum
2808 2610 2871 2650 ac
2898 2595 3138 2664 delicias,
3170 2608 3260 2652 aut
3304 2603 3618 2671 potentiam,

2025 2690 2118 2735 aut
2160 2680 2394 2739 honores
2436 2699 2667 2740 :verum
2712 2687 2889 2741 omnia
2931 2702 2993 2741 ea
3036 2705 3154 2758 quae
3191 2690 3332 2759 apud
3363 2694 3619 2751 mortales

2025 2772 2285 2842 praeclara
2308 2783 2364 2828 et
2390 2774 2666 2843 splendida
2686 2791 2808 2831 esse
2834 2777 3101 2845 videntur,
3135 2781 3292 2835 unico
3321 2783 3504 2851 gloriae
3524 2801 3618 2838 vo-

2025 2862 2217 2917 cabulo
2243 2866 2574 2934 complexus,
2604 2866 2677 2919 ita
2702 2866 2919 2921 demum
2948 2868 3246 2939 subjunxit,
3288 2870 3417 2927 fmni
3447 2874 3615 2928 simu—

2024 2955 2226 3011 lacrum
2265 2957 2452 3013 dicens
2500 2978 2514 3014 :
2564 2957 2743 3013 Omnis
2781 2960 2947 3031 gloria
2988 2963 3208 3016 hominis
3239 2973 3495 3034 tamquam
3520 2969 3618 3036 ﬂos

2024 3048 2150 3119 feni
2179 3048 2331 3121 (lsai.
2360 3049 2449 3105 to.
2483 3049 2564 3121 6).

2094 3138 2150 3195 2.
2192 3142 2283 3208 At,
2312 3142 2513 3213 inquis,
2541 3143 2717 3214 gravis
2743 3151 2799 3199 et
2827 3146 3020 3201 acerba
3057 3161 3145 3202 res
3178 3157 3261 3204 est
3296 3148 3609 3205 adversitas.

2028 3231 2099 3285 At
2127 3230 2247 3286 vide
2276 3233 2544 3302 quomodo
2574 3234 2690 3289 haec
2718 3249 2933 3306 quoque
2952 3251 3073 3292 cum
3099 3238 3203 3292 alia
3239 3239 3468 3309 imagine
3488 3257 3617 3296 con.-

2025 3320 2229 3376 feratur
2253 3339 2267 3376 :
2289 3323 2475 3392 sicque
2503 3322 2642 3378 hanc
2669 3325 2828 3379 etiam
2852 3335 3156 3390 contemne.
3186 3327 3459 3399 Siquidem
3488 3345 3617 3385 cou-

2021 3412 2156 3468 vicia
2183 3420 2238 3468 et
2260 3414 2634 3482 contumelias,
2659 3430 2725 3471 ac
2744 3417 2962 3487 probra,
2992 3427 3046 3473 et
3071 3418 3386 3474 offendicula
3413 3436 3476 3476 ea
3497 3438 3617 3492 quae

2021 3502 2090 3559 ab
2114 3503 2345 3560 inimicis
2379 3506 2724 3576 objiciuntur,
2756 3517 2810 3562 et
2852 3509 3072 3565 insidias
3112 3511 3426 3569 indumento
3464 3526 3616 3570 vetu-

2020 3606 2161 3652 state
2182 3606 2523 3669 consumpto,
2542 3615 2606 3654 ac
2626 3599 2763 3655 lanae
2779 3616 2954 3656 exesas
2981 3617 3318 3673 comparans,
3343 3607 3424 3661 his
3441 3608 3618 3663 verbis

2022 3686 2266 3741 utebatur
2295 3705 2309 3739 :
2341 3686 2519 3743 Nolite
2543 3690 2715 3744 timere
2743 3693 3070 3761 opprobrium
3102 3694 3382 3761 hominum,
3418 3706 3463 3750 et
3500 3699 3614 3753 bla-

2022 3777 2277 3847 sphemia:
2303 3794 2478 3833 eorum
2509 3797 2572 3834 ne
2611 3783 2865 3835 metuatis.
2906 3781 3052 3837 Sicut
3093 3786 3225 3838 enim
3246 3787 3610 3855 vestimentum,

2020 3870 2094 3922 sic
2122 3869 2344 3925 comedet
2401 3887 2484 3926 eos
2524 3872 2703 3926 vermis
2731 3888 2750 3925 .·
2775 3881 2824 3926 et
2870 3872 3000 3927 sicut
3026 3874 3220 3943 lanam,
3251 3877 3323 3930 sic
3360 3877 3615 3933 deuorabit

2021 3976 2105 4014 eos
2131 3960 2267 4015 tinea
2295 3960 2447 4032 (Isai.
2493 3963 2581 4018 5L
2624 3964 2678 4017 7.
2708 3963 2789 4036 8).
2822 3964 3181 4031 Quamobrem
3229 3968 3362 4022 nihil
3401 3983 3613 4038 eorum,

2020 4068 2139 4123 quae
2163 4055 2430 4122 accidunt,
2455 4056 2691 4111 animum
2723 4065 2868 4111 tuum
2898 4059 3179 4113 conturbet
3206 4079 3220 4115 :
3244 4075 3427 4115 verum
3450 4062 3612 4116 alium

2020 4153 2182 4215 atque
2209 4145 2370 4201 alium
2401 4161 2591 4217 rogare
2628 4156 2681 4202 et
2721 4148 2935 4203 umbras
2975 4151 3219 4219 persequi
3258 4152 3615 4221 supersedens

2022 4236 2218 4308 (neque
2261 4238 2403 4293 enim
2448 4237 2594 4293 aliud
2634 4247 2719 4294 est
2758 4240 3048 4294 humanum
3090 4242 3392 4313 auxilium),
3429 4242 3610 4298 Jcsum

2020 4342 2179 4398 quem
2208 4328 2362 4395 colis,
2406 4330 2524 4385 sine
2565 4331 2669 4385 ulla
2712 4331 3112 4388 intermissione
3150 4336 3392 4400 obsecra,
3436 4345 3493 4390 ut
3532 4337 3615 4390 vel

2022 4418 2194 4474 solum
2215 4428 2415 4475 annuat
2439 4438 2452 4475 :
2480 4432 2641 4490 atque
2668 4423 2842 4477 omnia
2874 4424 3030 4478 unico
3060 4426 3317 4495 temporis
3345 4438 3615 4482 momento

2021 4512 2343 4568 dilabentur.
2384 4512 2536 4580 Quod
2585 4515 2630 4568 si
2677 4516 3007 4585 obsecrasti,
3054 4532 3155 4571 nec
3196 4527 3372 4572 tamen
3413 4519 3611 4572 malum

2020 4602 2303 4674 depulsum
2347 4613 2450 4672 est,
2482 4605 2547 4671 id
2590 4605 2795 4662 scilicet
2838 4608 2945 4663 Deo
2988 4608 3238 4662 usitatum
3276 4620 3378 4676 est,
3409 4618 3467 4665 ut
3506 4627 3613 4665 null

2021 4697 2200 4752 statim
2249 4697 2330 4768 (ut
2358 4697 2501 4768 quod
2532 4700 2778 4768 superius
2823 4699 2932 4754 dixi
2982 4706 3247 4772 repetam)
3290 4704 3610 4763 acerbitates

2021 4789 2327 4860 exstinguat
2350 4807 2365 4844 :
2392 4791 2486 4845 sed
2512 4807 2634 4847 cum
2655 4806 2733 4846 eae
2750 4792 3100 4847 intumuerint
3124 4802 3285 4864 atque
3305 4786 3476 4853 auctas
3499 4798 3606 4856 fue~

2021 4881 2148 4947 rint,
2177 4880 2319 4951 iique
2345 4880 2433 4951 qui
2466 4881 2660 4936 bellum
2690 4883 2944 4949 inferunt,
2978 4883 3109 4938 nihil
3138 4883 3254 4940 fere
3290 4887 3358 4941 ad
3395 4903 3619 4948 omnem

2021 4972 2416 5042 improbitatem
2439 4974 2543 5028 sibi
2561 4973 2754 5044 reliqui
2782 4972 3026 5039 fecerint,
3054 4985 3162 5029 tum
3187 4977 3417 5049 denique
3431 4989 3615 5040 omnia

2021 5063 2076 5119 in
2124 5065 2464 5134 tranquillum
2511 5074 2732 5134 repente
2770 5074 2960 5132 mutet,
3002 5077 3163 5137 atque
3208 5069 3260 5124 in
3308 5070 3614 5143 inopinatos

2021 5156 2278 5226 quosdam
2309 5171 2486 5210 rerum
2515 5164 2686 5210 status
2726 5171 2789 5211 ea
2831 5156 3080 5212 adducat.
3121 5159 3306 5231 Neque
3347 5165 3490 5218 enim
3542 5175 3619 5222 tot

2020 5251 2296 5306 dumtaxat
2318 5249 2456 5304 bona
2481 5247 2697 5304 efficere
2724 5258 2922 5318 potest,
2963 5259 3091 5321 quot
3130 5264 3511 5322 exSpcctamus
3552 5274 3615 5311 ac

2021 5358 2300 5412 Speramus
2340 5360 2354 5397 :
2380 5358 2565 5398 verum
2595 5342 2762 5396 multo
2792 5343 2964 5412 plura,
2995 5353 3157 5415 atque
3186 5346 3404 5402 infinitis
3449 5351 3610 5419 parti-

2021 5435 2123 5491 bus
2147 5435 2365 5506 majora.
2394 5436 2475 5491 Ob
2496 5436 2651 5506 idque
2672 5437 2830 5490 etiam
2857 5437 3052 5494 Paulus
3069 5439 3317 5496 dicebat:
3349 5439 3418 5495 Ei
3442 5452 3615 5498 autem

2021 5529 2107 5602 qui
2136 5537 2311 5596 potens
2334 5537 2407 5582 est
2429 5529 2595 5598 facere
2618 5528 3088 5599 superabundanter
3110 5549 3262 5603 quant
3284 5536 3499 5604 petimus
3527 5552 3613 5592 aut

2021 5621 2300 5689 cogitamus
2327 5620 2541 5691 (Ephes.
2571 5621 2624 5677 '5.
2649 5619 2761 5693 20).
2794 5623 2984 5677 Annon
3007 5626 3184 5678 statim
3209 5625 3492 5694 prohibere
3521 5645 3612 5698 po-

2022 5716 2178 5778 terat,
2218 5727 2285 5767 ne
2318 5720 2427 5767 tres
2466 5713 2618 5783 pueri
2658 5712 2711 5767 in
2742 5715 3086 5770 tcutationem
3124 5715 3265 5772 illam
3303 5716 3611 5775 laberentur

2021 5803 2180 5875 (Dan.
2206 5803 2299 5877 5)?
2321 5804 2516 5863 Verum
2541 5806 2593 5862 id
2614 5806 2834 5862 minimc
2856 5806 3032 5864 facere
3054 5808 3238 5875 voluit,
3264 5818 3321 5866 ut
3338 5810 3610 5882 ingentem
