4002 6390
405 383 502 435 ἶίΐίί

404 488 534 559 ipsis
577 490 840 556 quaestum
882 476 1210 535 conciliaret.
1263 474 1445 543 anue
1488 472 1554 525 de
1591 485 1754 524 causa
1799 483 1892 525 eos
1939 470 1992 522 in

405 579 752 636 barbarorum
779 584 991 642 quoque
1016 580 1204 621 manus
1228 563 1421 620 cadere
1451 577 1640 632 passus
1660 572 1762 625 est,
1793 575 1854 614 ac
1882 559 1992 614 for-

406 684 592 725 nacem
646 667 700 721 in
758 659 1122 718 incredibilem
1181 654 1468 727 quamdam
1513 652 1847 707 altitudinem
1900 664 1992 705 ac-

403 759 582 824 eeudi,
607 755 914 826 regiamque
936 747 1264 805 iracundiam
1291 745 1508 800 fornace
1533 745 1764 798 atrocius
1786 739 1992 796 inflam-

406 853 558 915 mari,
594 861 793 918 eosque
821 843 1070 900 manibus
1097 855 1161 895 ac
1186 839 1410 910 pedibus
1437 836 1738 891 arctissime
1779 834 1989 900 vinciri,

403 953 563 1010 atque
591 938 644 993 in
675 938 849 1007 ignem
889 933 1120 1000 conjici;
1166 945 1290 986 cum
1319 937 1496 982 autem
1522 940 1731 991 omnes,
1773 926 1864 995 qui
1899 938 1994 980 eos

403 1032 732 1102 spectabant,
765 1041 953 1082 eorum
984 1023 1210 1078 salutem
1239 1036 1336 1092 pro
1361 1020 1636 1090 deplorata
1660 1019 1990 1086 habuissent,

406 1136 514 1179 tum
536 1121 746 1176 dentom
775 1117 952 1172 subito
975 1129 1039 1170 ac
1061 1121 1254 1184 praeter
1277 1127 1427 1181 spem
1453 1125 1666 1165 omnem
1694 1123 1812 1164 sese
1841 1123 1996 1163 exse-

405 1217 509 1270 ruit
538 1207 960 1284 praestantissimi
989 1205 1210 1260 artiﬁcis
1251 1204 1346 1258 Dei
1379 1203 1430 1256 in
1463 1201 1733 1257 miraculis
1770 1200 1994 1255 edendis

404 1308 646 1367 facultas,
695 1315 856 1372 atque
898 1300 1156 1357 eximium
1202 1297 1486 1368 quemdam
1517 1298 1570 1351 in
1601 1295 1814 1351 modum
1857 1295 1992 1350 emi-

408 1399 540 1452 cuit.
579 1392 854 1464 Siquidem
907 1390 1044 1461 ignis
1085 1389 1432 1452 vinciebatur,
1477 1387 1568 1457 qui
1608 1395 1785 1441 antetn
1835 1384 1994 1440 vincti

403 1498 560 1544 erant
597 1486 972 1546 solvebantur;
1011 1495 1075 1536 ac
1117 1480 1302 1534 furnax
1333 1479 1386 1534 in
1428 1479 1679 1547 templum
1709 1487 1763 1532 et
1791 1476 1991 1531 fontem

403 1598 468 1636 ac
498 1594 676 1635 rorem
726 1576 1048 1636 mutabatur,
1096 1573 1347 1641 regiaque
1400 1571 1520 1624 aula
1573 1568 1996 1640 magniﬁcentiur

404 1671 784 1742 augustiurque
813 1665 1133 1720 reddebatur
1162 1681 1177 1716 :
1202 1673 1549 1731 naturamque
1574 1660 1716 1716 illam
1741 1659 2000 1716 edacissi-

406 1779 568 1827 mam,
591 1776 653 1815 ac
678 1759 876 1813 ferrqu
904 1756 1062 1812 etiam
1085 1764 1140 1810 et
1165 1754 1388 1824 lapides,
1414 1765 1574 1824 atque
1598 1769 1815 1808 omnem
1837 1752 1996 1808 deni-

403 1869 508 1923 que
535 1852 807 1905 materiam
837 1856 1205 1917 superantem,
1235 1845 1463 1901 criuium
1505 1856 1692 1900 natura
1725 1844 1992 1900 vincebat.

401 1949 580 2016 Atque
610 1942 1063 2000 modulatissimus
1099 1941 1205 1996 illic
1242 1947 1546 1995 sanctorum
1573 1938 1773 1993 chorus
1798 1938 1992 2006 stabat,

404 2049 659 2105 utrasque
688 2050 776 2090 res
801 2033 1044 2088 conditas
1073 2031 1138 2086 ad
1170 2032 1453 2085 miriﬁcum
1499 2029 1639 2084 hunc
1677 2039 1994 2085 concentum

404 2129 634 2182 invitans
666 2143 677 2178 :
713 2125 1047 2195 hymnosque
1077 2123 1143 2177 ad
1185 2123 1319 2193 grati
1349 2122 1510 2175 animi
1551 2121 1993 2191 signiﬁcationem

400 2220 467 2273 ad
498 2220 659 2273 Deum
688 2215 1139 2280 transmittebant,
1171 2213 1312 2284 quod
1344 2213 1593 2267 videlicet
1619 2213 1841 2267 vinculis
1862 2227 1994 2266 con-

403 2313 597 2377 stricti,
645 2311 809 2380 quod,
855 2319 1110 2379 quantum
1157 2306 1370 2378 quidem
1415 2307 1468 2360 in
1514 2304 1754 2360 hostibus
1800 2303 1992 2369 fuerat,

402 2405 577 2458 exusti
605 2405 644 2470 ¹,
678 2403 815 2474 quod
849 2403 1032 2472 patriis
1063 2401 1278 2456 sedibus
1305 2400 1595 2465 exturbati,
1627 2397 1768 2468 quod
1800 2397 1994 2466 captivi

403 2498 638 2561 abducti,
668 2495 808 2565 quod
850 2495 1094 2548 libertate
1132 2491 1346 2562 spoliati
1392 2491 1637 2555 fuissent,
1670 2488 1810 2559 quod
1853 2487 1998 2543 urbi-

404 2590 536 2652 bus,
590 2587 733 2658 quod
783 2585 1030 2640 domibus
1077 2593 1345 2652 carerent,
1401 2591 1750 2652 extorresque
1792 2590 1994 2646 essent,

401 2681 546 2752 quod
568 2680 797 2750 denique
818 2680 869 2732 in
889 2679 1061 2733 aliena
1082 2687 1137 2733 et
1164 2678 1390 2732 barbara
1413 2687 1556 2732 terra
1577 2675 1831 2746 degerent
1855 2692 1869 2730 :
1895 2673 1998 2729 hoc

402 2776 546 2830 enim
584 2775 718 2844 grati
755 2771 920 2827 animi
959 2781 1061 2827 est.
1102 2772 1388 2842 Postquam
1435 2778 1611 2824 autem
1658 2778 1712 2825 et
1764 2768 1995 2822 hostium

403 2865 716 2935 improbitas
736 2864 972 2931 partibus
997 2863 1246 2917 omnibus
1267 2861 1508 2916 absoluta
1537 2860 1656 2924 fuit,
1681 2860 1830 2930 (quid
1851 2860 1995 2914 enim

402 2958 538 3012 ultra
568 2966 796 3012 mortem
823 2955 932 3025 jam
978 2955 1160 3010 conari
1201 2953 1507 3025 poterant?)
1535 2963 1589 3007 et
1617 2952 1850 3023 pugilum
1891 2952 1999 3005 vir-

403 3061 486 3103 tus
512 3049 720 3119 expleta
749 3057 852 3113 est,
880 3058 1040 3117 atque
1064 3046 1224 3100 etiam
1255 3056 1503 3100 contexta
1533 3059 1752 3108 corona,
1773 3051 1827 3097 et
1857 3058 1996 3112 pra:-

401 3141 509 3194 tnia
542 3142 670 3208 ipsis
694 3139 919 3193 collecta
950 3147 1096 3202 sunt,
1125 3153 1222 3191 nec
1247 3137 1358 3207 jam
1389 3137 1456 3190 ad
1481 3136 1702 3207 gloriam
1737 3135 1997 3190 nominis-

400 3248 506 3302 que
536 3231 874 3300 splendorem
897 3230 1184 3300 quidquam
1216 3231 1451 3284 restabat
1475 3248 1488 3282 :
1515 3237 1625 3283 tum
1652 3227 1870 3282 demum
1893 3229 1999 3283 sri-

401 3325 526 3378 licet
553 3325 690 3376 mala
721 3322 1088 3392 depelluntur,
1120 3330 1175 3375 et
1211 3319 1302 3391 qui
1347 3319 1619 3375 fornacem
1655 3319 1995 3388 accenderat,

402 3432 606 3486 eosipie
635 3425 739 3468 tam
770 3413 926 3486 gravi
967 3412 1228 3484 supplicio
1257 3412 1558 3479 addixerat,
1604 3411 1743 3468 idem
1783 3422 1998 3468 sanctos

403 3511 523 3564 illus
557 3508 760 3579 pugiles
785 3507 1024 3563 mirificis
1049 3507 1298 3562 laudibus
1322 3505 1498 3573 effert,
1527 3521 1592 3561 ac
1620 3507 1935 3561 miraculum
1963 3521 1994 3561 a

404 3604 516 3658 Deo
543 3603 742 3657 editum
771 3601 1046 3671 praedicat,
1085 3599 1375 3672 literasque
1409 3599 1610 3671 ingenti
1639 3599 1796 3654 laude
1825 3599 1997 3654 refer-

405 3705 487 3750 tas
510 3707 726 3766 quoquo
748 3693 987 3764 gentium
1027 3693 1210 3760 mittit,
1241 3709 1306 3748 ea
1338 3708 1456 3762 quae
1503 3691 1810 3748 acciderant
1850 3707 1995 3747 com-

401 3803 729 3852 memorans,
757 3796 916 3857 atque
939 3785 1043 3840 ﬁde
1061 3784 1276 3856 dignum
1293 3783 1597 3841 divinorum
1620 3782 1998 3838 miraculorum

401 3893 707 3953 praeconem
757 3892 817 3931 se
869 3877 1134 3946 pra-heus.
1181 3874 1316 3930 Nam
1360 3875 1622 3946 quoniam
1660 3874 1910 3928 inimicus
1945 3881 2002 3928 et

398 3971 576 4026 hostis
603 3971 717 4040 ipse
753 3976 890 4034 erat,
930 3968 1130 4023 idcirco
1170 3966 1282 4037 jam
1321 3966 1461 4036 apud
1509 3967 1692 4021 hostes
1735 3967 1896 4020 etiam
1931 3964 2000 4020 ab

379 4061 551 4118 omni
575 4061 878 4130 suspicione
899 4067 1104 4114 remota
1136 4066 1309 4124 erant,
1341 4073 1461 4128 quae
1489 4056 1883 4112 scribebantur.

474 4153 528 4209 5.
573 4153 761 4208 Vidisti
801 4151 895 4206 Dei
946 4149 1250 4205 solertiam?
1290 4149 1468 4204 vidisti
1516 4149 1871 4220 sapientiam?
1913 4148 1998 4203 vi-

394 4245 528 4300 .disti
571 4244 696 4314 quid
734 4251 930 4312 prmter
958 4240 1233 4297 hominum
1271 4241 1580 4310 opinionem
1622 4239 1888 4311 patravit?
1917 4241 2001 4296 vi-

393 4339 532 4395 disti
562 4335 941 4407 benignitatem
970 4343 1026 4389 et
1054 4334 1274 4389 curam?
1301 4333 1533 4389 Proinde
1560 4347 1630 4388 ne
1656 4348 2001 4389 commovea-

405 4431 482 4486 ris
510 4445 572 4484 ac
599 4427 951 4500 perturberis,
979 4442 1164 4481 verum
1188 4441 1283 4496 pro
1304 4427 1552 4481 omnibus
1571 4426 1734 4481 rebus
1754 4436 2003 4480 constan-

407 4534 491 4578 ter
523 4521 622 4591 ipsi
645 4520 840 4591 gratias
868 4533 986 4589 age,
1017 4533 1247 4588 eumque
1273 4517 1454 4584 lauda,
1493 4532 1642 4589 roga,
1671 4517 2004 4587 supplexque

404 4617 668 4680 obsecra;
699 4612 909 4668 etiamsi
936 4610 1174 4667 sexcenti
1199 4610 1474 4676 tumultus,
1498 4618 1765 4665 sexcenta:
1787 4618 2003 4680 pertur-

409 4709 657 4765 bationes
686 4721 748 4760 ac
777 4704 1029 4777 procella:
1071 4704 1163 4758 tibi
1194 4704 1264 4758 ob
1301 4703 1489 4758 oculos
1529 4712 1831 4768 versentur,
1873 4701 2004 4755 nihil

407 4805 592 4853 tamen
620 4795 815 4851 horum
845 4805 895 4850 te
921 4795 1215 4865 perturbet.
1243 4793 1429 4865 Neque
1457 4794 1600 4849 enim
1631 4794 1886 4849 Dominus
1908 4809 2008 4848 no-

407 4889 497 4944 :bis
537 4903 715 4941 rerum
760 4887 1073 4942 difﬁcultate
1123 4887 1498 4954 antevertitur,
1548 4887 1757 4942 etiamsi
1806 4887 2007 4957 alioqui

409 4979 602 5035 omnia
631 4979 682 5033 in
711 4987 1001 5035 extremam
1033 4981 1327 5049 perniciem
1362 4978 1613 5034 devoluta
1656 4978 1783 5032 sint.
1827 4978 2010 5036 Potest

412 5072 614 5141 quippe
641 5071 754 5140 ipse
778 5078 833 5124 et
854 5069 1097 5139 jacentes
1123 5072 1380 5137 excitare,
1423 5079 1476 5126 et
1505 5078 1751 5124 errantes
1780 5068 1833 5123 iti
1866 5069 2008 5124 viam

416 5177 694 5228 revocare,
723 5170 776 5216 et
802 5176 897 5218 eos
929 5162 1020 5233 qui
1060 5163 1439 5218 ofl‘endiculum
1477 5163 1619 5232 passi
1655 5171 1800 5226 sunt,
1834 5162 2009 5216 corri-

414 5269 563 5326 gere,
597 5263 652 5309 et
674 5268 774 5308 eos
795 5255 884 5325 qui
915 5254 1210 5310 innumeris
1239 5256 1474 5324 peccatis
1500 5255 1741 5324 cooperti
1771 5262 1915 5320 sunt,
1947 5254 2013 5309 li-

418 5349 612 5404 berare
641 5361 703 5403 ac
733 5346 929 5417 probos
953 5345 1189 5412 efﬁcere,
1220 5356 1277 5402 et
1312 5347 1605 5402 exstinctos
1643 5349 1747 5401 vita
1777 5347 2006 5414 donare,

421 5452 476 5494 et
503 5441 568 5495 iis
595 5456 714 5510 quae
741 5439 917 5494 diruta
945 5447 1093 5504 sunt,
1123 5439 1382 5509 majorem
1418 5438 1758 5510 splendorem
1795 5455 2013 5510 compa-

421 5545 561 5595 rare,
585 5539 640 5585 et
659 5545 777 5602 qua:
802 5537 1122 5584 vetustatem
1142 5539 1544 5596 contraxerunt,
1569 5545 1850 5587 renovare.
1877 5531 2011 5588 Nam

423 5633 548 5672 cum
576 5620 679 5675 hoc
705 5620 924 5687 efficiat,
970 5629 1029 5676 ut
1064 5635 1184 5690 qua;
1225 5635 1331 5674 non
1363 5630 1517 5675 erant
1544 5623 1808 5692 oriantur,
1855 5633 1910 5678 et
1947 5623 2014 5680 iis

425 5723 543 5778 qua
575 5725 833 5781 nusquam
861 5711 1081 5766 omnino
1127 5711 1505 5778 cernebantur,
1551 5723 1608 5768 ut
1637 5715 1765 5777 sint,
1803 5715 2013 5785 afferat,

489 5801 506 5835 ⁸
526 5799 602 5850 sic
625 5807 724 5850 Mss.
751 5808 800 5852 ιι
823 5800 1126 5856 Editisdeest
1141 5817 1257 5866 vox,
1275 5802 1460 5866 emisti;
1475 5803 1564 5854 sed
1587 5810 1835 5871 tnterpres
1857 5805 1999 5872 legit.

1109 363 1169 421 5.
1208 360 1487 420 JOANNIS
1521 355 1998 415 CllilYSOS'l‘Olll
2036 354 2356 414 ARClllEP.
2397 356 2933 415 CONSTANTINOP.

3594 369 3710 425 852

2103 470 2271 525 multo
2302 485 2432 528 sane
2469 472 2639 543 magis
2681 487 2742 528 ea
2772 488 2893 543 quae
2931 480 3077 542 sunt,
3131 482 3183 530 et
3223 490 3344 548 qua:
3375 477 3511 534 facta
3553 495 3706 550 sunt,

2100 561 2425 618 emendabit.
2452 564 2522 618 At
2561 563 2713 619 multi
2741 573 2866 620 sunt
2903 567 2994 638 qui
3040 580 3283 637 pereant,
3315 571 3466 625 multi
3506 575 3710 644 quilms

2097 655 2408 711 scandalum
2457 655 2760 712 inferatur?
2813 659 2917 714 Sed
2969 660 3133 714 multa
3194 660 3501 731 hujusmodi
3555 681 3711 737 sepe

2096 747 2457 817 contigerunt,
2486 764 2606 820 quze
2633 759 2811 805 tamen
2841 761 3027 822 postea
3056 769 3197 819 eam,
3239 771 3399 826 quam
3431 773 3530 827 par
3560 769 3706 823 erat,

2099 837 2418 894 medicinam
2439 850 2769 912 consequuta
2793 852 2919 897 sunt
2955 862 2970 899 :
3003 845 3104 900 nisi
3131 846 3220 916 qui
3253 849 3482 904 fortasse
3528 861 3709 903 muta-

2100 929 2167 983 tis
2207 930 2368 984 ctiam
2421 931 2615 998 rebus,
2673 932 2728 988 in
2781 934 3060 990 incurabili
3116 938 3305 992 morbo
3357 942 3708 1010 pertinaciter

2099 1018 2389 1074 haeserunt.
2420 1021 2558 1088 Quid
2586 1029 2764 1077 autem
2793 1038 2859 1078 eo
2889 1026 3106 1080 nomine
3148 1028 3549 1096 perturbatione
3579 1031 3709 1084 affi-

2097 1114 2236 1167 ceris
2264 1115 2610 1186 animumque
2653 1116 2860 1185 dejicis.
2903 1117 3044 1187 quod
3089 1119 3181 1173 ille
3224 1121 3426 1190 ejectus
3471 1124 3559 1187 sit,
3611 1123 3706 1179 ille

2098 1211 2282 1258 contra
2315 1205 2685 1260 introductus?
2711 1207 2958 1263 Christus
2988 1209 3041 1264 in
3080 1224 3294 1266 crucem
3325 1213 3606 1282 agebatur,
3637 1229 3705 1270 ac

2100 1296 2366 1352 Barablias
2397 1299 2535 1353 latro
2563 1300 2905 1369 poscebatur,
2945 1311 3108 1372 atque
3151 1315 3462 1376 corruptum
3511 1309 3703 1378 vulgus

2100 1388 2420 1444 homicidam
2450 1393 2628 1462 potius
2653 1409 2810 1463 quam
2839 1395 3179 1450 Servatorem
3210 1413 3273 1452 ac
3304 1407 3382 1454 tot
3404 1401 3704 1456 beneﬁcio.

2098 1495 2214 1532 rum
2257 1491 2532 1536 auctorem
2579 1485 3001 1540 conservandmn
3055 1501 3178 1542 esse
3225 1489 3508 1548 clamabat.
3555 1492 3701 1560 Quot

2099 1569 2405 1628 hominibus
2446 1573 2562 1628 haec
2589 1575 2940 1632 offensionem
2971 1579 3234 1644 attulisse,
3280 1592 3409 1652 quot
3461 1582 3697 1638 homini-

2099 1663 2198 1716 bus
2225 1664 2447 1718 exitium
2479 1666 2742 1724 invexisse
2770 1669 3081 1725 existimas?
3107 1671 3304 1727 Vcrum
3338 1685 3556 1744 praestat
3585 1691 3704 1730 ser-

2100 1770 2311 1810 monem
2338 1757 2495 1812 altius
2537 1769 2801 1828 repetere.
2860 1761 3054 1818 Annon
3090 1764 3156 1832 is,
3200 1767 3291 1836 qui
3328 1769 3473 1823 cruci
3508 1768 3702 1823 affixus

2098 1854 2199 1910 est,
2229 1848 2409 1902 statim
2440 1858 2496 1902 ut
2527 1851 2579 1904 in
2612 1851 2784 1907 lucem
2827 1853 3044 1924 prodiit,
3086 1855 3258 1911 solum
3302 1859 3492 1924 vertit,
3537 1869 3704 1930 atque

2097 1951 2218 2000 cum
2249 1938 2492 1992 universa
2523 1939 2685 1995 domo
2724 1943 2792 1997 ab
2829 1944 2958 2013 ipsis
2985 1946 3319 2002 incunabulis
3360 1950 3412 2002 in
3449 1958 3700 2006 exteram

2099 2035 2295 2082 terram
2325 2027 2577 2098 fugitivus
2612 2031 2875 2102 migravit,
2907 2036 2958 2089 in
2991 2037 3338 2094 barbarorum
3370 2040 3576 2096 scilicet
3604 2059 3696 2097 re-

2097 2117 2310 2187 gionem
2343 2129 2448 2174 tam
2477 2121 2638 2192 longo
2659 2124 2867 2180 itineris
2887 2126 3171 2182 intervallo
3211 2129 3497 2185 distantem
3534 2133 3704 2188 abduc

2099 2211 2252 2265 ctus?
2282 2212 2396 2278 Qua
2427 2215 2641 2283 quidem
2670 2231 2742 2271 ex
2771 2233 2929 2272 causa
2963 2221 3149 2290 ingens
3189 2223 3348 2276 etiam
3381 2223 3464 2277 vis
3491 2227 3705 2280 cruoris

2102 2304 2315 2371 profusa
2358 2313 2461 2370 est,
2504 2307 2682 2364 ca-dcs
2707 2317 2762 2363 et
2789 2313 3139 2367 mactatioues
3165 2315 3501 2381 exstiterunt,
3547 2326 3704 2372 tene-

2099 2409 2265 2465 raque
2299 2398 2474 2452 omnis
2503 2406 2634 2453 aetas
2660 2414 2769 2455 non
2803 2416 2959 2458 secus
2987 2413 3148 2474 atque
3189 2405 3240 2460 in
3281 2405 3465 2476 przelio
3492 2417 3546 2462 et
3584 2408 3704 2464 acie

2099 2487 2496 2554 concidebatur,
2529 2489 2864 2564 infantesque
2905 2509 2938 2550 a
2972 2497 3222 2553 mamillis
3255 2498 3420 2553 avulsi
3459 2499 3702 2555 trucida-

2099 2579 2325 2647 bantur,
2380 2595 2612 2652 eumque
2655 2584 2736 2639 lac
2785 2585 2960 2641 adhuc
3005 2589 3058 2642 iu
3103 2589 3340 2645 faucibus
3396 2589 3697 2660 haberent,

2100 2687 2285 2728 eorum
2313 2673 2362 2727 in
2387 2673 2575 2744 jugulo
2602 2682 2657 2730 et
2683 2677 2824 2732 collo
2850 2677 3048 2733 ferrum
3071 2679 3401 2752 adigebatur.
3435 2682 3570 2748 Quid
3603 2683 3704 2739 hac

2102 2767 2356 2838 tragtedia
2379 2770 2597 2839 gravius
2623 2771 2971 2842 acerbiusque
2998 2771 3121 2844 ﬁngi
3151 2774 3357 2844 potest?
3385 2776 3558 2844 Atque
3589 2775 3706 2830 haec

2101 2861 2168 2917 ab
2189 2876 2256 2917 eo
2288 2864 2754 2933 perpetrabantur,
2785 2865 2873 2934 qui
2899 2865 3072 2936 ipsum
3095 2866 3160 2920 ad
3185 2881 3368 2922 necem
3388 2869 3703 2936 quaerebat:

2101 2962 2157 3009 et
2186 2962 2364 3008 tamen
2407 2955 2547 3009 Deus
2574 2971 2672 3026 pro
2710 2970 2805 3010 sua
2845 2957 3081 3022 lenitate,
3127 2973 3250 3012 cum
3293 2968 3400 3012 tam
3442 2960 3702 3029 tragicum

2100 3044 2278 3099 scelus
2307 3045 2697 3114 designaretur,
2736 3056 2991 3117 tantaque
3024 3048 3104 3102 vis
3146 3044 3354 3104 cruoris
3392 3047 3602 3111 flueret,
3648 3049 3701 3104 id

2102 3134 2420 3204 patiebatur,
2450 3135 2524 3202 id,
2558 3136 2794 3204 inquam,
2829 3153 2950 3192 cum
2978 3138 3266 3209 prohibere
3297 3151 3492 3210 posset,
3525 3142 3696 3208 patie-

2102 3227 2278 3292 batur,
2307 3243 2503 3284 arcana
2532 3229 2783 3284 nimirum
2809 3230 3072 3301 sapientia
3110 3240 3308 3286 tantam
3335 3233 3498 3287 animi
3528 3233 3700 3302 aequi-

2102 3329 2266 3374 tatem
2296 3334 2359 3374 ac
2380 3320 2653 3375 lenitatem
2689 3338 2800 3391 prae
2825 3337 2885 3379 se
2916 3323 3110 3378 ferens.
3143 3323 3430 3395 Postquam
3462 3333 3641 3380 autem
3668 3341 3700 3380 e

2102 3410 2453 3466 barbarorum
2494 3411 2716 3481 regione
2751 3413 2804 3467 in
2847 3414 3072 3483 patriam
3113 3415 3292 3481 rediit,
3340 3424 3499 3486 atque
3544 3424 3702 3471 a-tate

2101 3511 2289 3556 auctus
2306 3511 2416 3568 est,
2446 3502 2644 3558 bellum
2665 3503 2896 3574 undique
2920 3504 3176 3560 adversus
3197 3521 3318 3561 eum
3340 3506 3692 3561 excitabatur.

2099 3593 2180 3650 Ac
2216 3594 2451 3664 primum
2497 3593 2721 3650 Joannis
2766 3594 3013 3666 discipuli
3061 3597 3229 3652 livore
3271 3598 3697 3664 concitabantur,

2101 3685 2310 3754 ipsique
2356 3683 2697 3754 invidebant;
2740 3687 2952 3742 tametsi
2999 3687 3197 3757 alioqui
3243 3687 3480 3743 Joannes
3524 3692 3694 3760 ipsum

2101 3775 2305 3832 coleret
2347 3788 2402 3832 et
2443 3777 2791 3845 observaret;
2837 3789 2997 3850 atque
3036 3781 3119 3834 bis
3159 3780 3339 3835 verbis
3369 3781 3699 3837 utebantur:

2106 3868 2208 3933 Qui
2237 3880 2345 3923 erat
2367 3880 2531 3924 tecum
2571 3881 2711 3927 trans
2739 3871 3044 3940 Iordanem,
3079 3889 3190 3928 ecce
3223 3875 3332 3944 ipse
3369 3874 3616 3946 baptizat,
3657 3888 3703 3931 et

2102 3975 2275 4014 omnes
2299 3961 2369 4015 ad
2393 3979 2505 4016 eum
2530 3964 2734 4018 veniunt
2767 3965 2947 4037 (Joan.
2979 3967 3032 4022 5.
3073 3965 3186 4039 26).
3213 3967 3338 4022 Haec
3368 3969 3509 4024 enim
3545 3971 3703 4026 verba

2105 4053 2389 4110 hominum
2413 4066 2587 4123 erant,
2615 4058 2704 4127 qui
2737 4058 2846 4128 jam
2880 4058 3093 4114 invidize
3123 4061 3352 4115 stimulis
3389 4077 3696 4132 pungereu-

2104 4157 2211 4215 tur,
2241 4156 2401 4217 atque
2424 4146 2526 4201 hoc
2551 4147 2742 4202 morbo
2773 4147 3096 4203 laborarent.
3127 4148 3208 4204 0b
3235 4165 3461 4221 eamque
3485 4167 3701 4209 causam

2107 4254 2244 4296 unus
2272 4240 2435 4295 etiam
2463 4255 2530 4295 ex
2553 4240 2848 4311 discipulis,
2877 4241 2968 4312 qui
2997 4242 3135 4297 hanc
3169 4244 3467 4300 orationem
3496 4244 3704 4301 habue-

2105 4342 2250 4401 rant,
2284 4348 2405 4388 cum
2427 4333 2614 4390 Iudaeo
2639 4335 2869 4406 quodam
2896 4337 3256 4393 contendebat
3283 4351 3346 4392 ac
3367 4337 3700 4404 decertabat,

2107 4424 2520 4496 disputationem
2547 4426 2614 4482 de
2640 4427 3097 4496 puriﬁcationibus
3145 4444 3369 4484 movens
3389 4470 3405 4494 ,
3437 4445 3500 4484 ac
3527 4431 3701 4500 bapti-

2109 4534 2286 4574 smum
2314 4517 2537 4574 Joannis
2586 4534 2707 4574 cum
2757 4519 3024 4589 baptismo
3071 4519 3456 4590 discipulorum
3505 4520 3701 4575 Christi

2109 4608 2416 4665 conferens.
2444 4607 2608 4664 Facta
2651 4619 2726 4665 est
2766 4611 2933 4677 enim,
2967 4611 3137 4682 inquit
3190 4612 3298 4678 ille,
3345 4628 3409 4666 ea:
3445 4613 3703 4683 discipulis

2107 4702 2327 4757 10mm“
2365 4719 2483 4757 cum
2511 4701 2698 4758 Jud‘“
2735 4703 2957 4774 (Ιποάαηι
2995 4704 3204 4772 ηυωειίο
3247 4705 3310 4758 de
3352 4683 3730 4775 puriﬁcatione;

2111 4793 2290 4866 (Joan.
2319 4794 2373 4848 3.
2403 4793 2520 4865 25).
2550 4793 2622 4850 Ut
2649 4803 2827 4848 autem
2870 4795 3126 4849 miracula
3165 4794 3328 4851 edere
3364 4796 3546 4865 cepit,
3577 4808 3704 4866 quot

2111 4886 2392 4942 calumniis
2417 4887 2683 4955 appetitus
2712 4886 2828 4942 est?
2853 4886 2958 4941 Alii
2987 4888 3130 4942 enim
3159 4887 3552 4943 Samaritanum
3581 4902 3699 4944 emn

2112 4987 2168 5034 et
2193 4977 2582 5033 darmoniacum
2612 4978 2971 5048 appellabant,
3003 4979 3087 5035 his
3114 4980 3314 5048 verbis,
3345 4981 3702 5037 Samaritanus

2112 5087 2167 5126 es
2195 5080 2269 5137 tu,
2297 5079 2342 5124 et
2371 5069 2678 5124 dmonium
2704 5065 2854 5126 habes
2882 5070 3059 5142 (Joan.
3090 5073 3143 5128 8.
3176 5071 3302 5147 48);
3329 5074 3416 5128 alii
3449 5074 3710 5142 imposto-

2114 5176 2250 5226 rem,
2273 5160 2556 5215 dicentes:
2593 5159 2695 5213 llic
2736 5177 2837 5215 non
2867 5178 2930 5216 ea:
2969 5161 3100 5230 Deo,
3146 5164 3236 5218 sed
3280 5163 3472 5218 seducit
3515 5165 3708 5218 turbam

2116 5249 2294 5324 (Joan.
2323 5251 2378 5306 7.
2411 5250 2530 5322 i2);
2554 5251 2642 5305 alii
2671 5253 3130 5323 przestigiatorem,
3152 5252 3236 5309 his
3255 5254 3436 5310 verbis
3457 5263 3706 5311 utentes:

2117 5343 2187 5398 In
2241 5342 2516 5398 Beelzebub
2565 5343 2795 5414 principe
2847 5343 3218 5400 daemoniorum
3271 5347 3407 5418 ejicit
3464 5348 3713 5402 (immania

2120 5434 2337 5506 (Matth.
2370 5435 2423 5490 9.
2459 5435 2583 5504 '54);
2617 5449 2680 5490 ac
2707 5435 2934 5491 subinde
2976 5437 3093 5492 inec
3135 5439 3468 5508 repetebant,
3515 5441 3712 5510 Deique

2120 5527 2330 5582 hostem
2370 5537 2422 5582 et
2454 5527 2757 5583 helluonem
2802 5543 2867 5584 ac
2907 5544 3153 5585 voracem
3195 5539 3250 5586 et
3287 5531 3412 5586 vino
3453 5532 3710 5596 deditum,

2120 5628 2280 5688 atque
2325 5617 2688 5686 improborum
2718 5635 2781 5675 ac
2811 5620 3140 5691 perditorum
3171 5622 3446 5678 hominum
3483 5624 3709 5680 amicum

2121 5723 2244 5764 eum
2280 5709 2561 5765 vocabant.
2620 5707 2766 5764 Venit
2805 5710 2945 5765 enim
2971 5752 2988 5778 ,
3041 5711 3232 5784 inquit,
3281 5711 3452 5769 Filius
3496 5715 3710 5770 hominis

2123 5800 2438 5859 manducata
2465 5810 2511 5858 et
2545 5801 2735 5870 bibens,
2764 5812 2810 5860 et
2849 5803 3013 5861 dicitis
3046 5822 3064 5862 :
3101 5803 3235 5862 Ecce
3279 5806 3430 5863 homo
3469 5821 3626 5864 rora:
3661 5819 3712 5864 et
