  <div class='ocr_page' id='page_1' title='image "/cluster/home/n/w/nwhite01/storage/ocr_20150623/52:no.3:pt.2/coo.31924054869510/171.png"; bbox 0 0 4002 6374; ppageno 0'>
   <div class='ocr_carea' id='block_1_1' title="bbox 466 297 573 355">
    <p class='ocr_par' dir='ltr' id='par_1_1' title="bbox 466 297 573 355">
     <span class='ocr_line' id='line_1_1' title="bbox 466 297 573 355; baseline -0.019 0"><span class='ocrx_word' id='word_1_1' title='bbox 466 297 573 355; x_wconf 66' lang='lat'>553</span> 
     </span>
    </p>
   </div>
   <div class='ocr_carea' id='block_1_2' title="bbox 467 400 2058 483">
    <p class='ocr_par' dir='ltr' id='par_1_2' title="bbox 467 400 2058 483">
     <span class='ocr_line' id='line_1_2' title="bbox 467 400 2058 483; baseline -0.012 -13"><span class='ocrx_word' id='word_1_2' title='bbox 467 415 782 483; x_wconf 72' lang='grc' dir='ltr'>ἅνθρωπος</span> <span class='ocrx_word' id='word_1_3' title='bbox 818 410 1010 481; x_wconf 72' lang='grc' dir='ltr'>φάγος</span> <span class='ocrx_word' id='word_1_4' title='bbox 1044 406 1142 460; x_wconf 75' lang='grc' dir='ltr'>καί</span> <span class='ocrx_word' id='word_1_5' title='bbox 1180 407 1525 471; x_wconf 71' lang='grc' dir='ltr'>οἰνοπότης,</span> <span class='ocrx_word' id='word_1_6' title='bbox 1570 400 1845 458; x_wconf 70' lang='grc' dir='ltr'>τελωνῶν</span> <span class='ocrx_word' id='word_1_7' title='bbox 1877 400 2058 469; x_wconf 72' lang='grc' dir='ltr'>φίλος</span> 
     </span>
    </p>
   </div>
   <div class='ocr_carea' id='block_1_3' title="bbox 468 491 2055 575">
    <p class='ocr_par' dir='ltr' id='par_1_3' title="bbox 468 491 2055 575">
     <span class='ocr_line' id='line_1_3' title="bbox 468 491 2055 575; baseline -0.011 -15"><span class='ocrx_word' id='word_1_8' title='bbox 468 507 567 560; x_wconf 75' lang='grc' dir='ltr'>καί</span> <span class='ocrx_word' id='word_1_9' title='bbox 602 501 984 575; x_wconf 69' lang='grc' dir='ltr'>ἁμαρτωλῶν.</span> <span class='ocrx_word' id='word_1_10' title='bbox 1045 498 1156 553; x_wconf 80' lang='lat' dir='ltr'>Kal</span> <span class='ocrx_word' id='word_1_11' title='bbox 1204 498 1292 551; x_wconf 83' lang='grc' dir='ltr'>ὅτε</span> <span class='ocrx_word' id='word_1_12' title='bbox 1340 497 1396 549; x_wconf 85' lang='grc' dir='ltr'>δὲ</span> <span class='ocrx_word' id='word_1_13' title='bbox 1440 497 1506 565; x_wconf 76' lang='grc' dir='ltr'>τῇ</span> <span class='ocrx_word' id='word_1_14' title='bbox 1556 494 1733 566; x_wconf 81' lang='grc' dir='ltr'>πόρνῃ</span> <span class='ocrx_word' id='word_1_15' title='bbox 1762 491 2055 560; x_wconf 82' lang='grc' dir='ltr'>διελέγετο,</span> 
     </span>
    </p>
   </div>
   <div class='ocr_carea' id='block_1_4' title="bbox 467 580 2059 667">
    <p class='ocr_par' dir='ltr' id='par_1_4' title="bbox 467 580 2059 667">
     <span class='ocr_line' id='line_1_4' title="bbox 467 580 2059 667; baseline -0.011 -17"><span class='ocrx_word' id='word_1_16' title='bbox 467 594 929 667; x_wconf 70' lang='grc' dir='ltr'>ψευδοπροφήτην</span> <span class='ocrx_word' id='word_1_17' title='bbox 962 590 1127 644; x_wconf 81' lang='grc' dir='ltr'>αὐτὸν</span> <span class='ocrx_word' id='word_1_18' title='bbox 1164 588 1423 643; x_wconf 86' lang='grc' dir='ltr'>ἐκάλουν·</span> <span class='ocrx_word' id='word_1_19' title='bbox 1465 589 1534 642; x_wconf 80' lang='lat' dir='ltr'><strong>El</strong></span> <span class='ocrx_word' id='word_1_20' title='bbox 1570 584 1680 655; x_wconf 54' lang='lat' dir='ltr'>76p</span> <span class='ocrx_word' id='word_1_21' title='bbox 1706 580 1788 655; x_wconf 77' lang='grc' dir='ltr'>ἦν</span> <span class='ocrx_word' id='word_1_22' title='bbox 1830 582 2059 652; x_wconf 70' lang='grc' dir='ltr'>προφή-</span> 
     </span>
    </p>
   </div>
   <div class='ocr_carea' id='block_1_5' title="bbox 470 671 2058 755">
    <p class='ocr_par' dir='ltr' id='par_1_5' title="bbox 470 671 2058 755">
     <span class='ocr_line' id='line_1_5' title="bbox 470 671 2058 755; baseline -0.009 -15"><span class='ocrx_word' id='word_1_23' title='bbox 470 706 597 755; x_wconf 83' lang='grc' dir='ltr'>της,</span> <span class='ocrx_word' id='word_1_24' title='bbox 623 685 809 755; x_wconf 79' lang='grc' dir='ltr'>φησὶν,</span> <span class='ocrx_word' id='word_1_25' title='bbox 850 682 980 753; x_wconf 67' lang='grc' dir='ltr'>ᾔδει</span> <span class='ocrx_word' id='word_1_26' title='bbox 1006 682 1097 748; x_wconf 80' lang='grc' dir='ltr'>τίς</span> <span class='ocrx_word' id='word_1_27' title='bbox 1126 682 1300 735; x_wconf 84' lang='grc' dir='ltr'>ἐστιν</span> <span class='ocrx_word' id='word_1_28' title='bbox 1324 679 1477 747; x_wconf 79' lang='grc' dir='ltr'>αὕτη</span> <span class='ocrx_word' id='word_1_29' title='bbox 1514 680 1552 745; x_wconf 74' lang='grc' dir='ltr'>ἡ</span> <span class='ocrx_word' id='word_1_30' title='bbox 1576 675 1732 747; x_wconf 75' lang='grc' dir='ltr'>γυνὴ</span> <span class='ocrx_word' id='word_1_31' title='bbox 1761 676 1799 743; x_wconf 78' lang='grc' dir='ltr'><strong><em>ὴ</em></strong></span> <span class='ocrx_word' id='word_1_32' title='bbox 1832 671 2058 728; x_wconf 86' lang='grc' dir='ltr'>λαλοῦ-</span> 
     </span>
    </p>
   </div>
   <div class='ocr_carea' id='block_1_6' title="bbox 468 766 2057 843">
    <p class='ocr_par' dir='ltr' id='par_1_6' title="bbox 468 766 2057 843">
     <span class='ocr_line' id='line_1_6' title="bbox 468 766 2057 843; baseline -0.009 -9"><span class='ocrx_word' id='word_1_33' title='bbox 468 797 553 834; x_wconf 91' lang='grc' dir='ltr'>σα</span> <span class='ocrx_word' id='word_1_34' title='bbox 585 775 777 843; x_wconf 78' lang='grc' dir='ltr'>αὐτῷ’</span> <span class='ocrx_word' id='word_1_35' title='bbox 811 776 905 830; x_wconf 79' lang='grc' dir='ltr'>καὶ</span> <span class='ocrx_word' id='word_1_36' title='bbox 957 773 1077 828; x_wconf 87' lang='grc' dir='ltr'>καθ’</span> <span class='ocrx_word' id='word_1_37' title='bbox 1112 774 1352 843; x_wconf 79' lang='grc' dir='ltr'>ἑκάστην</span> <span class='ocrx_word' id='word_1_38' title='bbox 1399 770 1615 843; x_wconf 81' lang='grc' dir='ltr'>ἡμέραν</span> <span class='ocrx_word' id='word_1_39' title='bbox 1666 769 1794 831; x_wconf 81' lang='grc' dir='ltr'>τοὺς</span> <span class='ocrx_word' id='word_1_40' title='bbox 1839 766 2057 830; x_wconf 75' lang='grc' dir='ltr'>ὀδόντας</span> 
     </span>
    </p>
   </div>
   <div class='ocr_carea' id='block_1_7' title="bbox 470 857 2058 941">
    <p class='ocr_par' dir='ltr' id='par_1_7' title="bbox 470 857 2058 941">
     <span class='ocr_line' id='line_1_7' title="bbox 470 857 2058 941; baseline -0.008 -18"><span class='ocrx_word' id='word_1_41' title='bbox 470 871 680 941; x_wconf 80' lang='grc' dir='ltr'>ἠκόνων</span> <span class='ocrx_word' id='word_1_42' title='bbox 709 871 825 924; x_wconf 89' lang='grc' dir='ltr'>κατ’</span> <span class='ocrx_word' id='word_1_43' title='bbox 855 867 1042 923; x_wconf 82' lang='grc' dir='ltr'>αὐτοῦ.</span> <span class='ocrx_word' id='word_1_44' title='bbox 1084 866 1195 920; x_wconf 83' lang='lat' dir='ltr'><strong>Kal</strong></span> <span class='ocrx_word' id='word_1_45' title='bbox 1246 866 1347 919; x_wconf 79' lang='grc' dir='ltr'>οὐκ</span> <span class='ocrx_word' id='word_1_46' title='bbox 1383 862 1624 917; x_wconf 85' lang='grc' dir='ltr'>Ἰουδαῖοι</span> <span class='ocrx_word' id='word_1_47' title='bbox 1676 860 1836 931; x_wconf 91' lang='grc' dir='ltr'>μόνον</span> <span class='ocrx_word' id='word_1_48' title='bbox 1885 857 2058 922; x_wconf 77' lang='grc' dir='ltr'>οὕτως</span> 
     </span>
    </p>
   </div>
   <div class='ocr_carea' id='block_1_8' title="bbox 472 947 2056 1037">
    <p class='ocr_par' dir='ltr' id='par_1_8' title="bbox 472 947 2056 1037">
     <span class='ocr_line' id='line_1_8' title="bbox 472 947 2056 1037; baseline -0.009 -17"><span class='ocrx_word' id='word_1_49' title='bbox 472 967 770 1037; x_wconf 81' lang='grc' dir='ltr'>ἐπολέμουν</span> <span class='ocrx_word' id='word_1_50' title='bbox 812 962 981 1034; x_wconf 82' lang='grc' dir='ltr'>αὐτῷ.</span> <span class='ocrx_word' id='word_1_51' title='bbox 1012 962 1130 1017; x_wconf 82' lang='grc' dir='ltr'>ἀλλ’</span> <span class='ocrx_word' id='word_1_52' title='bbox 1162 960 1285 1015; x_wconf 83' lang='grc' dir='ltr'>οὑδέ</span> <span class='ocrx_word' id='word_1_53' title='bbox 1330 957 1485 1013; x_wconf 74' lang='grc' dir='ltr'>αὐτοὶ</span> <span class='ocrx_word' id='word_1_54' title='bbox 1510 956 1561 1010; x_wconf 84' lang='grc' dir='ltr'>οἱ</span> <span class='ocrx_word' id='word_1_55' title='bbox 1606 955 1891 1017; x_wconf 76' lang='grc' dir='ltr'>δοκοῦντες</span> <span class='ocrx_word' id='word_1_56' title='bbox 1916 947 2056 1006; x_wconf 79' lang='grc' dir='ltr'>εἶναι</span> 
     </span>
    </p>
   </div>
   <div class='ocr_carea' id='block_1_9' title="bbox 469 1041 2058 1124">
    <p class='ocr_par' dir='ltr' id='par_1_9' title="bbox 469 1041 2058 1124">
     <span class='ocr_line' id='line_1_9' title="bbox 469 1041 2058 1124; baseline -0.011 -13"><span class='ocrx_word' id='word_1_57' title='bbox 469 1056 688 1124; x_wconf 73' lang='grc' dir='ltr'>ἀδελφοὶ</span> <span class='ocrx_word' id='word_1_58' title='bbox 734 1054 903 1124; x_wconf 85' lang='grc' dir='ltr'>ὑγιῶς</span> <span class='ocrx_word' id='word_1_59' title='bbox 936 1048 1084 1124; x_wconf 77' lang='grc' dir='ltr'>εἶχον</span> <span class='ocrx_word' id='word_1_60' title='bbox 1127 1051 1264 1122; x_wconf 78' lang='grc' dir='ltr'>πρὸς</span> <span class='ocrx_word' id='word_1_61' title='bbox 1318 1049 1504 1110; x_wconf 84' lang='grc' dir='ltr'>αὐτὸν,</span> <span class='ocrx_word' id='word_1_62' title='bbox 1556 1044 1692 1100; x_wconf 84' lang='grc' dir='ltr'>ἀλλά</span> <span class='ocrx_word' id='word_1_63' title='bbox 1723 1044 1818 1098; x_wconf 67' lang='grc' dir='ltr'>καὶ</span> <span class='ocrx_word' id='word_1_64' title='bbox 1855 1044 1921 1096; x_wconf 85' lang='grc' dir='ltr'>ἐκ</span> <span class='ocrx_word' id='word_1_65' title='bbox 1949 1041 2058 1095; x_wconf 87' lang='grc' dir='ltr'>τῶν</span> 
     </span>
    </p>
   </div>
   <div class='ocr_carea' id='block_1_10' title="bbox 470 1134 2060 1217">
    <p class='ocr_par' dir='ltr' id='par_1_10' title="bbox 470 1134 2060 1217">
     <span class='ocr_line' id='line_1_10' title="bbox 470 1134 2060 1217; baseline -0.011 -13"><span class='ocrx_word' id='word_1_66' title='bbox 470 1150 687 1203; x_wconf 89' lang='grc' dir='ltr'>οίκείων</span> <span class='ocrx_word' id='word_1_67' title='bbox 729 1148 758 1201; x_wconf 99' lang='lat'>6</span> <span class='ocrx_word' id='word_1_68' title='bbox 803 1147 1040 1217; x_wconf 85' lang='grc' dir='ltr'>πόλεμος</span> <span class='ocrx_word' id='word_1_69' title='bbox 1085 1142 1234 1214; x_wconf 76' lang='grc' dir='ltr'>αύτῷ</span> <span class='ocrx_word' id='word_1_70' title='bbox 1273 1140 1429 1216; x_wconf 70' lang='grc'>[552]</span> <span class='ocrx_word' id='word_1_71' title='bbox 1477 1134 1875 1210; x_wconf 76' lang='grc' dir='ltr'>ἀνερριπίζετο.</span> <span class='ocrx_word' id='word_1_72' title='bbox 1915 1135 2060 1204; x_wconf 84' lang='grc' dir='ltr'>Ὅρα</span> 
     </span>
    </p>
   </div>
   <div class='ocr_carea' id='block_1_11' title="bbox 471 1218 2059 1311">
    <p class='ocr_par' dir='ltr' id='par_1_11' title="bbox 471 1218 2059 1311">
     <span class='ocr_line' id='line_1_11' title="bbox 471 1218 2059 1311; baseline -0.011 -16"><span class='ocrx_word' id='word_1_73' title='bbox 471 1240 620 1311; x_wconf 92' lang='grc' dir='ltr'>γοῦν,</span> <span class='ocrx_word' id='word_1_74' title='bbox 649 1240 767 1303; x_wconf 84' lang='grc' dir='ltr'>πῶς</span> <span class='ocrx_word' id='word_1_75' title='bbox 805 1239 899 1292; x_wconf 70' lang='grc' dir='ltr'>καὶ</span> <span class='ocrx_word' id='word_1_76' title='bbox 941 1238 1095 1293; x_wconf 77' lang='grc' dir='ltr'>αὐτοὶ</span> <span class='ocrx_word' id='word_1_77' title='bbox 1122 1232 1263 1307; x_wconf 77' lang='grc' dir='ltr'>ἦσαν</span> <span class='ocrx_word' id='word_1_78' title='bbox 1290 1218 1702 1302; x_wconf 72' lang='grc' dir='ltr'>διεφθαρμένοι,</span> <span class='ocrx_word' id='word_1_79' title='bbox 1731 1226 1790 1294; x_wconf 81' lang='grc' dir='ltr'>ἐξ</span> <span class='ocrx_word' id='word_1_80' title='bbox 1814 1219 1890 1279; x_wconf 81' lang='grc' dir='ltr'>ὧν</span> <span class='ocrx_word' id='word_1_81' title='bbox 1913 1224 2008 1278; x_wconf 79' lang='grc' dir='ltr'>καὶ</span> <span class='ocrx_word' id='word_1_82' title='bbox 2030 1227 2059 1278; x_wconf 87' lang='lat'>6</span> 
     </span>
    </p>
   </div>
   <div class='ocr_carea' id='block_1_12' title="bbox 471 1317 2060 1405">
    <p class='ocr_par' dir='ltr' id='par_1_12' title="bbox 471 1317 2060 1405">
     <span class='ocr_line' id='line_1_12' title="bbox 471 1317 2060 1405; baseline -0.011 -17"><span class='ocrx_word' id='word_1_83' title='bbox 471 1334 863 1405; x_wconf 84' lang='grc' dir='ltr'>εὐαγγελιστὴς</span> <span class='ocrx_word' id='word_1_84' title='bbox 894 1333 1114 1399; x_wconf 92' lang='grc' dir='ltr'>ἐπάγων</span> <span class='ocrx_word' id='word_1_85' title='bbox 1147 1328 1366 1396; x_wconf 75' lang='grc' dir='ltr'>ἔλεγεν·</span> <span class='ocrx_word' id='word_1_86' title='bbox 1405 1323 1554 1380; x_wconf 77' lang='grc' dir='ltr'>Οὐδὲ</span> <span class='ocrx_word' id='word_1_87' title='bbox 1587 1322 1696 1393; x_wconf 64' lang='grc' dir='ltr'>γὰρ</span> <span class='ocrx_word' id='word_1_88' title='bbox 1724 1323 1779 1375; x_wconf 86' lang='grc' dir='ltr'>οι</span> <span class='ocrx_word' id='word_1_89' title='bbox 1806 1317 2060 1387; x_wconf 69' lang='grc' dir='ltr'>ἀδελφοί</span> 
     </span>
    </p>
   </div>
   <div class='ocr_carea' id='block_1_13' title="bbox 468 1421 1361 1488">
    <p class='ocr_par' dir='ltr' id='par_1_13' title="bbox 468 1421 1361 1488">
     <span class='ocr_line' id='line_1_13' title="bbox 468 1421 1361 1488; baseline -0.009 -7"><span class='ocrx_word' id='word_1_90' title='bbox 468 1425 656 1481; x_wconf 81' lang='grc' dir='ltr'>αὐτοῦ</span> <span class='ocrx_word' id='word_1_91' title='bbox 688 1424 1011 1478; x_wconf 80' lang='grc' dir='ltr'>ἐπίστευον</span> <span class='ocrx_word' id='word_1_92' title='bbox 1036 1423 1123 1488; x_wconf 74' lang='grc' dir='ltr'>εἰς</span> <span class='ocrx_word' id='word_1_93' title='bbox 1152 1421 1361 1475; x_wconf 78' lang='grc' dir='ltr'>αὐτόν.</span> 
     </span>
    </p>
   </div>
   <div class='ocr_carea' id='block_1_14' title="bbox 541 1500 2059 1584">
    <p class='ocr_par' dir='ltr' id='par_1_14' title="bbox 541 1500 2059 1584">
     <span class='ocr_line' id='line_1_14' title="bbox 541 1500 2059 1584; baseline -0.009 -16"><span class='ocrx_word' id='word_1_94' title='bbox 541 1514 604 1570; x_wconf 87' lang='grc' dir='ltr'>δ’.</span> <span class='ocrx_word' id='word_1_95' title='bbox 637 1513 777 1567; x_wconf 68' lang='grc' dir='ltr'>Ἀλλ’</span> <span class='ocrx_word' id='word_1_96' title='bbox 799 1513 989 1584; x_wconf 81' lang='grc' dir='ltr'>ἐπειδὴ</span> <span class='ocrx_word' id='word_1_97' title='bbox 1013 1508 1522 1578; x_wconf 88' lang='grc' dir='ltr'>σκανδαλιζομένων</span> <span class='ocrx_word' id='word_1_98' title='bbox 1544 1505 1821 1578; x_wconf 81' lang='grc' dir='ltr'>μέμνησαι</span> <span class='ocrx_word' id='word_1_99' title='bbox 1847 1500 2059 1557; x_wconf 79' lang='grc' dir='ltr'>πολλῶν</span> 
     </span>
    </p>
   </div>
   <div class='ocr_carea' id='block_1_15' title="bbox 472 1591 2058 1675">
    <p class='ocr_par' dir='ltr' id='par_1_15' title="bbox 472 1591 2058 1675">
     <span class='ocr_line' id='line_1_15' title="bbox 472 1591 2058 1675; baseline -0.009 -15"><span class='ocrx_word' id='word_1_100' title='bbox 472 1606 569 1660; x_wconf 73' lang='grc' dir='ltr'>καὶ</span> <span class='ocrx_word' id='word_1_101' title='bbox 612 1607 1008 1675; x_wconf 84' lang='grc' dir='ltr'>πλανωμένων,</span> <span class='ocrx_word' id='word_1_102' title='bbox 1043 1603 1245 1665; x_wconf 86' lang='grc' dir='ltr'>πόσους</span> <span class='ocrx_word' id='word_1_103' title='bbox 1287 1601 1387 1655; x_wconf 84' lang='grc' dir='ltr'>οίει</span> <span class='ocrx_word' id='word_1_104' title='bbox 1418 1598 1560 1653; x_wconf 85' lang='grc' dir='ltr'>κατά</span> <span class='ocrx_word' id='word_1_105' title='bbox 1601 1597 1694 1651; x_wconf 82' lang='grc' dir='ltr'>τὸν</span> <span class='ocrx_word' id='word_1_106' title='bbox 1745 1594 1937 1666; x_wconf 81' lang='grc' dir='ltr'>καιρὸν</span> <span class='ocrx_word' id='word_1_107' title='bbox 1963 1591 2058 1646; x_wconf 89' lang='grc' dir='ltr'>τοῦ</span> 
     </span>
    </p>
   </div>
   <div class='ocr_carea' id='block_1_16' title="bbox 475 1686 2062 1768">
    <p class='ocr_par' dir='ltr' id='par_1_16' title="bbox 475 1686 2062 1768">
     <span class='ocr_line' id='line_1_16' title="bbox 475 1686 2062 1768; baseline -0.008 -17"><span class='ocrx_word' id='word_1_108' title='bbox 475 1697 712 1768; x_wconf 89' lang='grc' dir='ltr'>σταυροῦ</span> <span class='ocrx_word' id='word_1_109' title='bbox 746 1694 1201 1765; x_wconf 67' lang='grc' dir='ltr'>σκανδαλισθῆται</span> <span class='ocrx_word' id='word_1_110' title='bbox 1231 1692 1342 1745; x_wconf 88' lang='grc' dir='ltr'>τῶν</span> <span class='ocrx_word' id='word_1_111' title='bbox 1374 1688 1672 1763; x_wconf 87' lang='grc' dir='ltr'>μαθητῶν;</span> <span class='ocrx_word' id='word_1_112' title='bbox 1710 1688 1768 1741; x_wconf 87' lang='lat' dir='ltr'>&#39;O</span> <span class='ocrx_word' id='word_1_113' title='bbox 1801 1686 1901 1758; x_wconf 84' lang='grc' dir='ltr'>μὲν</span> <span class='ocrx_word' id='word_1_114' title='bbox 1925 1702 2062 1757; x_wconf 84' lang='grc' dir='ltr'>προ-</span> 
     </span>
    </p>
   </div>
   <div class='ocr_carea' id='block_1_17' title="bbox 471 1776 2059 1857">
    <p class='ocr_par' dir='ltr' id='par_1_17' title="bbox 471 1776 2059 1857">
     <span class='ocr_line' id='line_1_17' title="bbox 471 1776 2059 1857; baseline -0.008 -15"><span class='ocrx_word' id='word_1_115' title='bbox 471 1789 700 1851; x_wconf 85' lang='grc' dir='ltr'>έδωκεν,</span> <span class='ocrx_word' id='word_1_116' title='bbox 732 1788 780 1840; x_wconf 93' lang='grc' dir='ltr'>οί</span> <span class='ocrx_word' id='word_1_117' title='bbox 810 1784 867 1840; x_wconf 82' lang='grc' dir='ltr'>δὲ</span> <span class='ocrx_word' id='word_1_118' title='bbox 897 1784 1322 1857; x_wconf 89' lang='grc' dir='ltr'>ἐδραπέτευσαν,</span> <span class='ocrx_word' id='word_1_119' title='bbox 1348 1784 1377 1836; x_wconf 93' lang='lat'>6</span> <span class='ocrx_word' id='word_1_120' title='bbox 1397 1781 1454 1835; x_wconf 83' lang='grc' dir='ltr'>δὲ</span> <span class='ocrx_word' id='word_1_121' title='bbox 1479 1782 1775 1854; x_wconf 87' lang='grc' dir='ltr'>ἡρνήσατο,</span> <span class='ocrx_word' id='word_1_122' title='bbox 1801 1778 1896 1831; x_wconf 78' lang='grc' dir='ltr'>καὶ</span> <span class='ocrx_word' id='word_1_123' title='bbox 1921 1776 2059 1831; x_wconf 84' lang='grc' dir='ltr'>πάν-</span> 
     </span>
    </p>
   </div>
   <div class='ocr_carea' id='block_1_18' title="bbox 469 1867 2060 1952">
    <p class='ocr_par' dir='ltr' id='par_1_18' title="bbox 469 1867 2060 1952">
     <span class='ocr_line' id='line_1_18' title="bbox 469 1867 2060 1952; baseline -0.01 -17"><span class='ocrx_word' id='word_1_124' title='bbox 469 1899 578 1935; x_wconf 92' lang='grc' dir='ltr'>των</span> <span class='ocrx_word' id='word_1_125' title='bbox 612 1878 1085 1952; x_wconf 80' lang='grc' dir='ltr'>ἀναχωρησάντων</span> <span class='ocrx_word' id='word_1_126' title='bbox 1113 1878 1279 1948; x_wconf 78' lang='grc' dir='ltr'>ἡγετο</span> <span class='ocrx_word' id='word_1_127' title='bbox 1315 1874 1475 1946; x_wconf 83' lang='grc' dir='ltr'>μόνος</span> <span class='ocrx_word' id='word_1_128' title='bbox 1503 1871 1807 1942; x_wconf 79' lang='grc' dir='ltr'>δεδεμένος.</span> <span class='ocrx_word' id='word_1_129' title='bbox 1853 1867 2060 1931; x_wconf 86' lang='grc' dir='ltr'>Πόσους</span> 
     </span>
    </p>
   </div>
   <div class='ocr_carea' id='block_1_19' title="bbox 468 1959 2061 2044">
    <p class='ocr_par' dir='ltr' id='par_1_19' title="bbox 468 1959 2061 2044">
     <span class='ocr_line' id='line_1_19' title="bbox 468 1959 2061 2044; baseline -0.01 -17"><span class='ocrx_word' id='word_1_130' title='bbox 468 1973 651 2027; x_wconf 78' lang='grc' dir='ltr'>τοίνυν</span> <span class='ocrx_word' id='word_1_131' title='bbox 679 1972 782 2026; x_wconf 80' lang='grc' dir='ltr'>οἴει</span> <span class='ocrx_word' id='word_1_132' title='bbox 808 1969 1002 2044; x_wconf 80' lang='grc' dir='ltr'>πρώην</span> <span class='ocrx_word' id='word_1_133' title='bbox 1031 1968 1349 2042; x_wconf 80' lang='grc' dir='ltr'>ἑωρακότας</span> <span class='ocrx_word' id='word_1_134' title='bbox 1381 1965 1451 2020; x_wconf 88' lang='grc' dir='ltr'>τά</span> <span class='ocrx_word' id='word_1_135' title='bbox 1486 1966 1690 2035; x_wconf 81' lang='grc' dir='ltr'>σημεῖα</span> <span class='ocrx_word' id='word_1_136' title='bbox 1712 1959 1877 2015; x_wconf 73' lang='grc' dir='ltr'>αὐτὸν</span> <span class='ocrx_word' id='word_1_137' title='bbox 1898 1960 2061 2031; x_wconf 64' lang='grc' dir='ltr'>ἐργαη</span> 
     </span>
    </p>
   </div>
   <div class='ocr_carea' id='block_1_20' title="bbox 471 2052 2059 2134">
    <p class='ocr_par' dir='ltr' id='par_1_20' title="bbox 471 2052 2059 2134">
     <span class='ocr_line' id='line_1_20' title="bbox 471 2052 2059 2134; baseline -0.007 -16"><span class='ocrx_word' id='word_1_138' title='bbox 471 2066 718 2134; x_wconf 83' lang='grc' dir='ltr'>ζόμενον,</span> <span class='ocrx_word' id='word_1_139' title='bbox 754 2062 980 2134; x_wconf 72' lang='grc' dir='ltr'>νεκροὺς</span> <span class='ocrx_word' id='word_1_140' title='bbox 1009 2061 1314 2132; x_wconf 87' lang='grc' dir='ltr'>ἐγείροντα,</span> <span class='ocrx_word' id='word_1_141' title='bbox 1349 2057 1586 2129; x_wconf 78' lang='grc' dir='ltr'>λεπροὺς</span> <span class='ocrx_word' id='word_1_142' title='bbox 1617 2052 1952 2125; x_wconf 83' lang='grc' dir='ltr'>καθαίροντα</span> <span class='ocrx_word' id='word_1_143' title='bbox 2008 2064 2059 2113; x_wconf 72' lang='grc' dir='ltr'>δ.</span> 
     </span>
    </p>
   </div>
   <div class='ocr_carea' id='block_1_21' title="bbox 468 2144 2060 2229">
    <p class='ocr_par' dir='ltr' id='par_1_21' title="bbox 468 2144 2060 2229">
     <span class='ocr_line' id='line_1_21' title="bbox 468 2144 2060 2229; baseline -0.009 -15"><span class='ocrx_word' id='word_1_144' title='bbox 468 2160 734 2229; x_wconf 85' lang='grc' dir='ltr'>δαίμονας</span> <span class='ocrx_word' id='word_1_145' title='bbox 761 2154 1160 2219; x_wconf 79' lang='grc' dir='ltr'>ἀπελαύνοντα,</span> <span class='ocrx_word' id='word_1_146' title='bbox 1212 2154 1412 2224; x_wconf 83' lang='grc' dir='ltr'>ἄρτους</span> <span class='ocrx_word' id='word_1_147' title='bbox 1459 2149 1800 2221; x_wconf 88' lang='grc' dir='ltr'>πηγάζοντα.</span> <span class='ocrx_word' id='word_1_148' title='bbox 1829 2146 1898 2200; x_wconf 84' lang='grc' dir='ltr'>τά</span> <span class='ocrx_word' id='word_1_149' title='bbox 1924 2144 2060 2200; x_wconf 75' lang='grc' dir='ltr'>ἄλλα</span> 
     </span>
    </p>
   </div>
   <div class='ocr_carea' id='block_1_22' title="bbox 469 2238 2064 2321">
    <p class='ocr_par' dir='ltr' id='par_1_22' title="bbox 469 2238 2064 2321">
     <span class='ocr_line' id='line_1_22' title="bbox 469 2238 2064 2321; baseline -0.011 -14"><span class='ocrx_word' id='word_1_150' title='bbox 469 2252 732 2321; x_wconf 76' lang='grc' dir='ltr'>τεράστια</span> <span class='ocrx_word' id='word_1_151' title='bbox 754 2247 1146 2320; x_wconf 72' lang='grc' dir='ltr'>ἐργαζόμενον,</span> <span class='ocrx_word' id='word_1_152' title='bbox 1170 2242 1634 2312; x_wconf 85' lang='grc' dir='ltr'>σκανδαλισθῆναι</span> <span class='ocrx_word' id='word_1_153' title='bbox 1662 2238 1807 2319; x_wconf 85' lang='grc' dir='ltr'>κατά</span> <span class='ocrx_word' id='word_1_154' title='bbox 1829 2238 1921 2292; x_wconf 77' lang='grc' dir='ltr'>τὸν</span> <span class='ocrx_word' id='word_1_155' title='bbox 1943 2255 2064 2291; x_wconf 91' lang='grc' dir='ltr'>και-</span> 
     </span>
    </p>
   </div>
   <div class='ocr_carea' id='block_1_23' title="bbox 473 2326 2061 2411">
    <p class='ocr_par' dir='ltr' id='par_1_23' title="bbox 473 2326 2061 2411">
     <span class='ocr_line' id='line_1_23' title="bbox 473 2326 2061 2411; baseline -0.009 -17"><span class='ocrx_word' id='word_1_156' title='bbox 473 2342 567 2411; x_wconf 80' lang='grc' dir='ltr'>ρὸν</span> <span class='ocrx_word' id='word_1_157' title='bbox 590 2342 816 2399; x_wconf 78' lang='grc' dir='ltr'>ἐκεῖνον,</span> <span class='ocrx_word' id='word_1_158' title='bbox 854 2334 1194 2409; x_wconf 86' lang='grc' dir='ltr'>θεωροῦντας</span> <span class='ocrx_word' id='word_1_159' title='bbox 1234 2333 1394 2404; x_wconf 81' lang='grc' dir='ltr'>μόνον</span> <span class='ocrx_word' id='word_1_160' title='bbox 1416 2331 1766 2401; x_wconf 82' lang='grc' dir='ltr'>ἀπαγόμενον</span> <span class='ocrx_word' id='word_1_161' title='bbox 1799 2328 1894 2382; x_wconf 75' lang='grc' dir='ltr'>καὶ</span> <span class='ocrx_word' id='word_1_162' title='bbox 1914 2326 2061 2380; x_wconf 86' lang='grc' dir='ltr'>δεδε-</span> 
     </span>
    </p>
   </div>
   <div class='ocr_carea' id='block_1_24' title="bbox 475 2417 2059 2500">
    <p class='ocr_par' dir='ltr' id='par_1_24' title="bbox 475 2417 2059 2500">
     <span class='ocr_line' id='line_1_24' title="bbox 475 2417 2059 2500; baseline -0.008 -17"><span class='ocrx_word' id='word_1_163' title='bbox 475 2430 657 2500; x_wconf 87' lang='grc' dir='ltr'>μένον,</span> <span class='ocrx_word' id='word_1_164' title='bbox 696 2426 933 2481; x_wconf 83' lang='grc' dir='ltr'>εὐτελῶν</span> <span class='ocrx_word' id='word_1_165' title='bbox 958 2424 1121 2479; x_wconf 82' lang='grc' dir='ltr'>αὑτδν</span> <span class='ocrx_word' id='word_1_166' title='bbox 1149 2421 1499 2493; x_wconf 81' lang='grc' dir='ltr'>στρατιωτῶν</span> <span class='ocrx_word' id='word_1_167' title='bbox 1522 2417 2059 2492; x_wconf 83' lang='grc' dir='ltr'>περιστοιχιζόντων,</span> 
     </span>
    </p>
   </div>
   <div class='ocr_carea' id='block_1_25' title="bbox 484 2511 2066 2592">
    <p class='ocr_par' dir='ltr' id='par_1_25' title="bbox 484 2511 2066 2592">
     <span class='ocr_line' id='line_1_25' title="bbox 484 2511 2066 2592; baseline -0.008 -16"><span class='ocrx_word' id='word_1_168' title='bbox 484 2520 569 2578; x_wconf 75' lang='grc' dir='ltr'>καὶ</span> <span class='ocrx_word' id='word_1_169' title='bbox 594 2520 784 2592; x_wconf 75' lang='grc' dir='ltr'>ἱερέων</span> <span class='ocrx_word' id='word_1_170' title='bbox 822 2516 1129 2573; x_wconf 81' lang='grc' dir='ltr'>Ἰουδαϊκῶν</span> <span class='ocrx_word' id='word_1_171' title='bbox 1152 2516 1436 2586; x_wconf 78' lang='grc' dir='ltr'>ἑπομένων</span> <span class='ocrx_word' id='word_1_172' title='bbox 1465 2515 1560 2568; x_wconf 76' lang='grc' dir='ltr'>καὶ</span> <span class='ocrx_word' id='word_1_173' title='bbox 1576 2511 1949 2584; x_wconf 86' lang='grc' dir='ltr'>θορυϐούντων</span> <span class='ocrx_word' id='word_1_174' title='bbox 1967 2511 2066 2566; x_wconf 75' lang='grc' dir='ltr'>καὶ</span> 
     </span>
    </p>
   </div>
   <div class='ocr_carea' id='block_1_26' title="bbox 473 2604 2063 2684">
    <p class='ocr_par' dir='ltr' id='par_1_26' title="bbox 473 2604 2063 2684">
     <span class='ocr_line' id='line_1_26' title="bbox 473 2604 2063 2684; baseline -0.006 -18"><span class='ocrx_word' id='word_1_175' title='bbox 473 2613 869 2684; x_wconf 76' lang='grc' dir='ltr'>ταραττόντων,</span> <span class='ocrx_word' id='word_1_176' title='bbox 905 2611 999 2664; x_wconf 80' lang='lat' dir='ltr'><strong>xal</strong></span> <span class='ocrx_word' id='word_1_177' title='bbox 1059 2608 1185 2673; x_wconf 86' lang='grc' dir='ltr'>τοὺς</span> <span class='ocrx_word' id='word_1_178' title='bbox 1218 2606 1449 2678; x_wconf 84' lang='grc' dir='ltr'>ἐχθροὺς</span> <span class='ocrx_word' id='word_1_179' title='bbox 1496 2604 1747 2668; x_wconf 67' lang='grc' dir='ltr'>ἅπαντας</span> <span class='ocrx_word' id='word_1_180' title='bbox 1807 2604 1966 2675; x_wconf 84' lang='grc' dir='ltr'>μόνον</span> <span class='ocrx_word' id='word_1_181' title='bbox 2004 2605 2063 2657; x_wconf 83' lang='grc' dir='ltr'>ἐν</span> 
     </span>
    </p>
   </div>
   <div class='ocr_carea' id='block_1_27' title="bbox 476 2694 2063 2773">
    <p class='ocr_par' dir='ltr' id='par_1_27' title="bbox 476 2694 2063 2773">
     <span class='ocr_line' id='line_1_27' title="bbox 476 2694 2063 2773; baseline -0.004 -19"><span class='ocrx_word' id='word_1_182' title='bbox 476 2702 628 2773; x_wconf 82' lang='grc' dir='ltr'>μέσῳ</span> <span class='ocrx_word' id='word_1_183' title='bbox 659 2701 883 2772; x_wconf 76' lang='grc' dir='ltr'>ἔχοντας</span> <span class='ocrx_word' id='word_1_184' title='bbox 905 2697 1318 2768; x_wconf 79' lang='grc' dir='ltr'>ἀπειλημμένον</span> <span class='ocrx_word' id='word_1_185' title='bbox 1347 2696 1532 2761; x_wconf 82' lang='grc' dir='ltr'>αὐτὸν,</span> <span class='ocrx_word' id='word_1_186' title='bbox 1562 2694 1655 2749; x_wconf 77' lang='grc' dir='ltr'>καὶ</span> <span class='ocrx_word' id='word_1_187' title='bbox 1680 2694 1772 2749; x_wconf 80' lang='grc' dir='ltr'>τὸν</span> <span class='ocrx_word' id='word_1_188' title='bbox 1794 2694 2063 2766; x_wconf 81' lang='grc' dir='ltr'>προδότην</span> 
     </span>
    </p>
   </div>
   <div class='ocr_carea' id='block_1_28' title="bbox 473 2787 2065 2867">
    <p class='ocr_par' dir='ltr' id='par_1_28' title="bbox 473 2787 2065 2867">
     <span class='ocr_line' id='line_1_28' title="bbox 473 2787 2065 2867; baseline -0.006 -18"><span class='ocrx_word' id='word_1_189' title='bbox 473 2796 718 2867; x_wconf 81' lang='grc' dir='ltr'>παρόντα</span> <span class='ocrx_word' id='word_1_190' title='bbox 751 2795 844 2847; x_wconf 79' lang='grc' dir='ltr'>καὶ</span> <span class='ocrx_word' id='word_1_191' title='bbox 866 2791 1298 2863; x_wconf 87' lang='grc' dir='ltr'>ἐναϐρυνόμενον</span> <span class='ocrx_word' id='word_1_192' title='bbox 1329 2789 1502 2856; x_wconf 89' lang='grc' dir='ltr'>τέως;</span> <span class='ocrx_word' id='word_1_193' title='bbox 1531 2788 1596 2842; x_wconf 98' lang='grc' dir='ltr'>Τί</span> <span class='ocrx_word' id='word_1_194' title='bbox 1625 2788 1702 2854; x_wconf 86' lang='grc' dir='ltr'>δὲ,</span> <span class='ocrx_word' id='word_1_195' title='bbox 1735 2787 1899 2861; x_wconf 81' lang='grc' dir='ltr'>ἡνίκα</span> <span class='ocrx_word' id='word_1_196' title='bbox 1928 2790 2065 2861; x_wconf 89' lang='grc' dir='ltr'>ἐμα-</span> 
     </span>
    </p>
   </div>
   <div class='ocr_carea' id='block_1_29' title="bbox 476 2882 2064 2955">
    <p class='ocr_par' dir='ltr' id='par_1_29' title="bbox 476 2882 2064 2955">
     <span class='ocr_line' id='line_1_29' title="bbox 476 2882 2064 2955; baseline -0.004 -14"><span class='ocrx_word' id='word_1_197' title='bbox 476 2886 725 2955; x_wconf 89' lang='grc' dir='ltr'>στιγοῦτο</span> <span class='ocrx_word' id='word_1_198' title='bbox 745 2902 759 2951; x_wconf 91' lang='grc'>;</span> <span class='ocrx_word' id='word_1_199' title='bbox 778 2886 886 2940; x_wconf 83' lang='lat' dir='ltr'>Kal</span> <span class='ocrx_word' id='word_1_200' title='bbox 912 2884 1059 2947; x_wconf 77' lang='grc' dir='ltr'>εἰκὸς</span> <span class='ocrx_word' id='word_1_201' title='bbox 1080 2886 1334 2954; x_wconf 84' lang='grc' dir='ltr'>παρεῖναι</span> <span class='ocrx_word' id='word_1_202' title='bbox 1353 2882 1558 2953; x_wconf 81' lang='grc' dir='ltr'>πλῆθος</span> <span class='ocrx_word' id='word_1_203' title='bbox 1590 2882 1837 2953; x_wconf 78' lang='grc' dir='ltr'>ἄπειρον.</span> <span class='ocrx_word' id='word_1_204' title='bbox 1869 2882 2064 2954; x_wconf 83' lang='grc' dir='ltr'>Ἐορτὴ</span> 
     </span>
    </p>
   </div>
   <div class='ocr_carea' id='block_1_30' title="bbox 471 2974 2067 3054">
    <p class='ocr_par' dir='ltr' id='par_1_30' title="bbox 471 2974 2067 3054">
     <span class='ocr_line' id='line_1_30' title="bbox 471 2974 2067 3054; baseline -0.004 -20"><span class='ocrx_word' id='word_1_205' title='bbox 471 2982 581 3054; x_wconf 81' lang='grc' dir='ltr'>γὰρ</span> <span class='ocrx_word' id='word_1_206' title='bbox 609 2977 677 3053; x_wconf 80' lang='grc' dir='ltr'>ἦν</span> <span class='ocrx_word' id='word_1_207' title='bbox 698 2978 1005 3052; x_wconf 84' lang='grc' dir='ltr'>περιφανὴς</span> <span class='ocrx_word' id='word_1_208' title='bbox 1027 2979 1061 3047; x_wconf 86' lang='grc' dir='ltr'>ἡ</span> <span class='ocrx_word' id='word_1_209' title='bbox 1080 2976 1287 3039; x_wconf 85' lang='grc' dir='ltr'>πάντας</span> <span class='ocrx_word' id='word_1_210' title='bbox 1313 2975 1641 3043; x_wconf 88' lang='grc' dir='ltr'>συνάγουσα,</span> <span class='ocrx_word' id='word_1_211' title='bbox 1668 2974 1763 3028; x_wconf 77' lang='grc' dir='ltr'>καὶ</span> <span class='ocrx_word' id='word_1_212' title='bbox 1793 2974 2067 3046; x_wconf 87' lang='grc' dir='ltr'>μητρόπο-</span> 
     </span>
    </p>
   </div>
   <div class='ocr_carea' id='block_1_31' title="bbox 471 3064 2065 3144">
    <p class='ocr_par' dir='ltr' id='par_1_31' title="bbox 471 3064 2065 3144">
     <span class='ocr_line' id='line_1_31' title="bbox 471 3064 2065 3144; baseline -0.005 -17"><span class='ocrx_word' id='word_1_213' title='bbox 471 3074 617 3144; x_wconf 88' lang='grc' dir='ltr'>λιςὴ</span> <span class='ocrx_word' id='word_1_214' title='bbox 646 3073 707 3126; x_wconf 79' lang='grc' dir='ltr'>τὸ</span> <span class='ocrx_word' id='word_1_215' title='bbox 745 3071 930 3142; x_wconf 82' lang='grc' dir='ltr'>δρᾶμα</span> <span class='ocrx_word' id='word_1_216' title='bbox 969 3070 1069 3139; x_wconf 83' lang='grc' dir='ltr'>τῆς</span> <span class='ocrx_word' id='word_1_217' title='bbox 1116 3067 1467 3138; x_wconf 88' lang='grc' dir='ltr'>παρανομίας</span> <span class='ocrx_word' id='word_1_218' title='bbox 1518 3064 1811 3137; x_wconf 78' lang='grc' dir='ltr'>δεξαμένη,</span> <span class='ocrx_word' id='word_1_219' title='bbox 1850 3066 1960 3120; x_wconf 81' lang='grc' dir='ltr'>καὶ</span> <span class='ocrx_word' id='word_1_220' title='bbox 2006 3067 2065 3119; x_wconf 83' lang='grc' dir='ltr'>ἐν</span> 
     </span>
    </p>
   </div>
   <div class='ocr_carea' id='block_1_32' title="bbox 478 3158 2068 3237">
    <p class='ocr_par' dir='ltr' id='par_1_32' title="bbox 478 3158 2068 3237">
     <span class='ocr_line' id='line_1_32' title="bbox 478 3158 2068 3237; baseline -0.004 -19"><span class='ocrx_word' id='word_1_221' title='bbox 478 3163 799 3237; x_wconf 78' lang='grc' dir='ltr'>μεσημϐρία</span> <span class='ocrx_word' id='word_1_222' title='bbox 823 3162 986 3235; x_wconf 78' lang='grc' dir='ltr'>μέσῃ.</span> <span class='ocrx_word' id='word_1_223' title='bbox 1008 3161 1215 3223; x_wconf 79' lang='grc' dir='ltr'>Πόσους</span> <span class='ocrx_word' id='word_1_224' title='bbox 1235 3159 1415 3213; x_wconf 79' lang='grc' dir='ltr'>τοίνυν</span> <span class='ocrx_word' id='word_1_225' title='bbox 1436 3159 1535 3211; x_wconf 80' lang='grc' dir='ltr'>οίει</span> <span class='ocrx_word' id='word_1_226' title='bbox 1553 3160 1809 3229; x_wconf 87' lang='grc' dir='ltr'>παρεῖναι</span> <span class='ocrx_word' id='word_1_227' title='bbox 1830 3158 1951 3212; x_wconf 90' lang='grc' dir='ltr'>τότε</span> <span class='ocrx_word' id='word_1_228' title='bbox 1971 3158 2068 3214; x_wconf 79' lang='grc' dir='ltr'>καὶ</span> 
     </span>
    </p>
   </div>
   <div class='ocr_carea' id='block_1_33' title="bbox 475 3248 2066 3323">
    <p class='ocr_par' dir='ltr' id='par_1_33' title="bbox 475 3248 2066 3323">
     <span class='ocr_line' id='line_1_33' title="bbox 475 3248 2066 3323; baseline -0.003 -14"><span class='ocrx_word' id='word_1_229' title='bbox 475 3253 950 3319; x_wconf 88' lang='grc' dir='ltr'>σκανδαλίζεσθαι,</span> <span class='ocrx_word' id='word_1_230' title='bbox 988 3251 1231 3323; x_wconf 80' lang='grc' dir='ltr'>ὁρῶντας</span> <span class='ocrx_word' id='word_1_231' title='bbox 1253 3249 1415 3303; x_wconf 74' lang='grc' dir='ltr'>αὐτὸν</span> <span class='ocrx_word' id='word_1_232' title='bbox 1444 3248 1747 3318; x_wconf 83' lang='grc' dir='ltr'>δεδεμένον,</span> <span class='ocrx_word' id='word_1_233' title='bbox 1794 3268 2066 3323; x_wconf 82' lang='grc' dir='ltr'>μεμαστι-</span> 
     </span>
    </p>
   </div>
   <div class='ocr_carea' id='block_1_34' title="bbox 474 3340 2065 3416">
    <p class='ocr_par' dir='ltr' id='par_1_34' title="bbox 474 3340 2065 3416">
     <span class='ocr_line' id='line_1_34' title="bbox 474 3340 2065 3416; baseline -0.001 -17"><span class='ocrx_word' id='word_1_234' title='bbox 474 3345 746 3416; x_wconf 88' lang='grc' dir='ltr'>γωμένον.</span> <span class='ocrx_word' id='word_1_235' title='bbox 788 3344 984 3412; x_wconf 76' lang='grc' dir='ltr'>αἵματι</span> <span class='ocrx_word' id='word_1_236' title='bbox 1015 3341 1444 3413; x_wconf 72' lang='grc' dir='ltr'>περιρρεόμενον</span> <span class='ocrx_word' id='word_1_237' title='bbox 1477 3340 1525 3403; x_wconf 69' lang='grc' dir='ltr'>δ,</span> <span class='ocrx_word' id='word_1_238' title='bbox 1576 3340 1682 3395; x_wconf 82' lang='grc' dir='ltr'>ὑπὸ</span> <span class='ocrx_word' id='word_1_239' title='bbox 1730 3343 2065 3413; x_wconf 82' lang='grc' dir='ltr'>ἡγεμονικοῦ</span> 
     </span>
    </p>
   </div>
   <div class='ocr_carea' id='block_1_35' title="bbox 475 3432 2067 3507">
    <p class='ocr_par' dir='ltr' id='par_1_35' title="bbox 475 3432 2067 3507">
     <span class='ocr_line' id='line_1_35' title="bbox 475 3432 2067 3507; baseline 0 -15"><span class='ocrx_word' id='word_1_240' title='bbox 475 3435 826 3507; x_wconf 83' lang='grc' dir='ltr'>δικαστηρίου</span> <span class='ocrx_word' id='word_1_241' title='bbox 857 3433 1270 3503; x_wconf 83' lang='grc' dir='ltr'>ἐξεταζόμενον,</span> <span class='ocrx_word' id='word_1_242' title='bbox 1305 3432 1402 3486; x_wconf 76' lang='grc' dir='ltr'>καὶ</span> <span class='ocrx_word' id='word_1_243' title='bbox 1425 3432 1619 3486; x_wconf 83' lang='grc' dir='ltr'>οὐδένα</span> <span class='ocrx_word' id='word_1_244' title='bbox 1662 3434 1771 3487; x_wconf 92' lang='grc' dir='ltr'>τῶν</span> <span class='ocrx_word' id='word_1_245' title='bbox 1806 3434 2067 3505; x_wconf 83' lang='grc' dir='ltr'>μαθητῶν</span> 
     </span>
    </p>
   </div>
   <div class='ocr_carea' id='block_1_36' title="bbox 477 3524 2066 3601">
    <p class='ocr_par' dir='ltr' id='par_1_36' title="bbox 477 3524 2066 3601">
     <span class='ocr_line' id='line_1_36' title="bbox 477 3524 2066 3601; baseline -0.001 -18"><span class='ocrx_word' id='word_1_246' title='bbox 477 3530 755 3601; x_wconf 82' lang='grc' dir='ltr'>παρόντα;</span> <span class='ocrx_word' id='word_1_247' title='bbox 790 3529 854 3581; x_wconf 87' lang='grc' dir='ltr'>Τί</span> <span class='ocrx_word' id='word_1_248' title='bbox 880 3527 959 3593; x_wconf 87' lang='grc' dir='ltr'>δὲ,</span> <span class='ocrx_word' id='word_1_249' title='bbox 995 3526 1158 3599; x_wconf 85' lang='grc' dir='ltr'>ἡνίκα</span> <span class='ocrx_word' id='word_1_250' title='bbox 1186 3527 1280 3580; x_wconf 77' lang='grc' dir='ltr'>καὶ</span> <span class='ocrx_word' id='word_1_251' title='bbox 1308 3524 1550 3580; x_wconf 89' lang='grc' dir='ltr'>ποικίλαι</span> <span class='ocrx_word' id='word_1_252' title='bbox 1582 3527 1788 3580; x_wconf 85' lang='grc' dir='ltr'>ἐκεῖναι</span> <span class='ocrx_word' id='word_1_253' title='bbox 1817 3529 1909 3581; x_wconf 81' lang='grc' dir='ltr'>καὶ</span> <span class='ocrx_word' id='word_1_254' title='bbox 1939 3544 2066 3581; x_wconf 84' lang='grc' dir='ltr'>συν-</span> 
     </span>
    </p>
   </div>
   <div class='ocr_carea' id='block_1_37' title="bbox 477 3617 2065 3693">
    <p class='ocr_par' dir='ltr' id='par_1_37' title="bbox 477 3617 2065 3693">
     <span class='ocr_line' id='line_1_37' title="bbox 477 3617 2065 3693; baseline -0.003 -17"><span class='ocrx_word' id='word_1_255' title='bbox 477 3623 621 3693; x_wconf 81' lang='grc' dir='ltr'>εχεῑς</span> <span class='ocrx_word' id='word_1_256' title='bbox 659 3621 750 3674; x_wconf 80' lang='grc' dir='ltr'>καὶ</span> <span class='ocrx_word' id='word_1_257' title='bbox 778 3618 1074 3690; x_wconf 76' lang='grc' dir='ltr'>ἐπάλληλοι</span> <span class='ocrx_word' id='word_1_258' title='bbox 1110 3618 1358 3687; x_wconf 88' lang='grc' dir='ltr'>ἐγένοντο</span> <span class='ocrx_word' id='word_1_259' title='bbox 1388 3617 1510 3672; x_wconf 85' lang='grc' dir='ltr'>κατ’</span> <span class='ocrx_word' id='word_1_260' title='bbox 1553 3618 1719 3672; x_wconf 81' lang='grc' dir='ltr'>αὑτοῦ</span> <span class='ocrx_word' id='word_1_261' title='bbox 1760 3618 2065 3690; x_wconf 87' lang='grc' dir='ltr'>κωμῳδίαι,</span> 
     </span>
    </p>
   </div>
   <div class='ocr_carea' id='block_1_38' title="bbox 477 3709 2067 3783">
    <p class='ocr_par' dir='ltr' id='par_1_38' title="bbox 477 3709 2067 3783">
     <span class='ocr_line' id='line_1_38' title="bbox 477 3709 2067 3783; baseline -0.002 -15"><span class='ocrx_word' id='word_1_262' title='bbox 477 3715 571 3769; x_wconf 77' lang='grc' dir='ltr'>καὶ</span> <span class='ocrx_word' id='word_1_263' title='bbox 619 3712 749 3765; x_wconf 88' lang='grc' dir='ltr'>ποτέ</span> <span class='ocrx_word' id='word_1_264' title='bbox 793 3711 891 3783; x_wconf 87' lang='grc' dir='ltr'>μὲν</span> <span class='ocrx_word' id='word_1_265' title='bbox 929 3711 1092 3765; x_wconf 82' lang='grc' dir='ltr'>αὑτὸν</span> <span class='ocrx_word' id='word_1_266' title='bbox 1141 3709 1405 3773; x_wconf 88' lang='grc' dir='ltr'>ἀκάνθαις</span> <span class='ocrx_word' id='word_1_267' title='bbox 1448 3711 1811 3780; x_wconf 76' lang='grc' dir='ltr'>ἐστεφάνουν,</span> <span class='ocrx_word' id='word_1_268' title='bbox 1847 3712 1977 3765; x_wconf 86' lang='grc' dir='ltr'>ποτὲ</span> <span class='ocrx_word' id='word_1_269' title='bbox 2009 3712 2067 3765; x_wconf 79' lang='grc' dir='ltr'>δέ</span> 
     </span>
    </p>
   </div>
   <div class='ocr_carea' id='block_1_39' title="bbox 476 3801 2065 3876">
    <p class='ocr_par' dir='ltr' id='par_1_39' title="bbox 476 3801 2065 3876">
     <span class='ocr_line' id='line_1_39' title="bbox 476 3801 2065 3876; baseline 0.001 -19"><span class='ocrx_word' id='word_1_270' title='bbox 476 3802 727 3875; x_wconf 79' lang='grc' dir='ltr'>χλαμύδα</span> <span class='ocrx_word' id='word_1_271' title='bbox 759 3802 1164 3873; x_wconf 84' lang='grc' dir='ltr'>περιετίθεσαν,</span> <span class='ocrx_word' id='word_1_272' title='bbox 1190 3801 1320 3856; x_wconf 86' lang='grc' dir='ltr'>ποτὲ</span> <span class='ocrx_word' id='word_1_273' title='bbox 1350 3802 1409 3855; x_wconf 84' lang='grc' dir='ltr'>δὲ</span> <span class='ocrx_word' id='word_1_274' title='bbox 1442 3801 1688 3871; x_wconf 84' lang='grc' dir='ltr'>κάλαμον</span> <span class='ocrx_word' id='word_1_275' title='bbox 1714 3804 2065 3876; x_wconf 78' lang='grc' dir='ltr'>ἐνεχείριζον,</span> 
     </span>
    </p>
   </div>
   <div class='ocr_carea' id='block_1_40' title="bbox 478 3893 2069 3965">
    <p class='ocr_par' dir='ltr' id='par_1_40' title="bbox 478 3893 2069 3965">
     <span class='ocr_line' id='line_1_40' title="bbox 478 3893 2069 3965; baseline 0 -16"><span class='ocrx_word' id='word_1_276' title='bbox 478 3896 610 3949; x_wconf 83' lang='grc' dir='ltr'>ποτέ</span> <span class='ocrx_word' id='word_1_277' title='bbox 661 3894 718 3948; x_wconf 87' lang='grc' dir='ltr'>δὲ</span> <span class='ocrx_word' id='word_1_278' title='bbox 773 3894 1064 3957; x_wconf 84' lang='grc' dir='ltr'>πίπτοντες</span> <span class='ocrx_word' id='word_1_279' title='bbox 1119 3895 1283 3948; x_wconf 84' lang='grc' dir='ltr'>αὐτὸν</span> <span class='ocrx_word' id='word_1_280' title='bbox 1348 3894 1740 3965; x_wconf 85' lang='grc' dir='ltr'>προσεκύνουν,</span> <span class='ocrx_word' id='word_1_281' title='bbox 1786 3897 1896 3949; x_wconf 78' lang='grc' dir='ltr'>πᾶν</span> <span class='ocrx_word' id='word_1_282' title='bbox 1928 3893 2069 3959; x_wconf 83' lang='grc' dir='ltr'>εἶδος</span> 
     </span>
    </p>
   </div>
   <div class='ocr_carea' id='block_1_41' title="bbox 477 3986 2068 4060">
    <p class='ocr_par' dir='ltr' id='par_1_41' title="bbox 477 3986 2068 4060">
     <span class='ocr_line' id='line_1_41' title="bbox 477 3986 2068 4060; baseline -0.001 -18"><span class='ocrx_word' id='word_1_283' title='bbox 477 3988 773 4060; x_wconf 84' lang='grc' dir='ltr'>χλευασίας</span> <span class='ocrx_word' id='word_1_284' title='bbox 801 3986 1080 4051; x_wconf 82' lang='grc' dir='ltr'>κινοῦντες</span> <span class='ocrx_word' id='word_1_285' title='bbox 1119 3988 1213 4040; x_wconf 77' lang='grc' dir='ltr'>καὶ</span> <span class='ocrx_word' id='word_1_286' title='bbox 1241 3986 1508 4055; x_wconf 85' lang='grc' dir='ltr'>γέλωτος;</span> <span class='ocrx_word' id='word_1_287' title='bbox 1532 3987 1740 4051; x_wconf 87' lang='grc' dir='ltr'>Πόσους</span> <span class='ocrx_word' id='word_1_288' title='bbox 1772 3988 1873 4041; x_wconf 84' lang='grc' dir='ltr'>οῐει</span> <span class='ocrx_word' id='word_1_289' title='bbox 1899 4004 2068 4042; x_wconf 86' lang='grc' dir='ltr'>σκαν-</span> 
     </span>
    </p>
   </div>
   <div class='ocr_carea' id='block_1_42' title="bbox 477 4083 2066 4156">
    <p class='ocr_par' dir='ltr' id='par_1_42' title="bbox 477 4083 2066 4156">
     <span class='ocr_line' id='line_1_42' title="bbox 477 4083 2066 4156; baseline -0.001 -17"><span class='ocrx_word' id='word_1_290' title='bbox 477 4086 809 4150; x_wconf 80' lang='grc' dir='ltr'>δαλίζεσθαι,</span> <span class='ocrx_word' id='word_1_291' title='bbox 834 4085 1036 4148; x_wconf 87' lang='grc' dir='ltr'>πόσους</span> <span class='ocrx_word' id='word_1_292' title='bbox 1054 4083 1426 4154; x_wconf 86' lang='grc' dir='ltr'>θορυϐεῖσθαι,</span> <span class='ocrx_word' id='word_1_293' title='bbox 1450 4084 1651 4148; x_wconf 87' lang='grc' dir='ltr'>πόσους</span> <span class='ocrx_word' id='word_1_294' title='bbox 1678 4084 2066 4156; x_wconf 85' lang='grc' dir='ltr'>ταράττεσθαι,</span> 
     </span>
    </p>
   </div>
   <div class='ocr_carea' id='block_1_43' title="bbox 477 4180 2067 4253">
    <p class='ocr_par' dir='ltr' id='par_1_43' title="bbox 477 4180 2067 4253">
     <span class='ocr_line' id='line_1_43' title="bbox 477 4180 2067 4253; baseline -0.001 -16"><span class='ocrx_word' id='word_1_295' title='bbox 477 4185 568 4239; x_wconf 79' lang='grc' dir='ltr'>ὅτε</span> <span class='ocrx_word' id='word_1_296' title='bbox 596 4183 689 4236; x_wconf 77' lang='grc' dir='ltr'>ἐπὶ</span> <span class='ocrx_word' id='word_1_297' title='bbox 714 4183 920 4253; x_wconf 74' lang='grc' dir='ltr'>κόρρης</span> <span class='ocrx_word' id='word_1_298' title='bbox 950 4181 1116 4235; x_wconf 83' lang='grc' dir='ltr'>αὐτὸν</span> <span class='ocrx_word' id='word_1_299' title='bbox 1142 4181 1333 4234; x_wconf 85' lang='grc' dir='ltr'>ἐπαιον</span> <span class='ocrx_word' id='word_1_300' title='bbox 1361 4182 1456 4235; x_wconf 81' lang='grc' dir='ltr'>καὶ</span> <span class='ocrx_word' id='word_1_301' title='bbox 1484 4180 1689 4248; x_wconf 76' lang='grc' dir='ltr'>ἔλεγον,</span> <span class='ocrx_word' id='word_1_302' title='bbox 1721 4181 2067 4252; x_wconf 70' lang='grc' dir='ltr'>Προφήτευ-</span> 
     </span>
    </p>
   </div>
   <div class='ocr_carea' id='block_1_44' title="bbox 478 4278 2069 4350">
    <p class='ocr_par' dir='ltr' id='par_1_44' title="bbox 478 4278 2069 4350">
     <span class='ocr_line' id='line_1_44' title="bbox 478 4278 2069 4350; baseline -0.001 -13"><span class='ocrx_word' id='word_1_303' title='bbox 478 4297 598 4337; x_wconf 80' lang='grc' dir='ltr'>σον</span> <span class='ocrx_word' id='word_1_304' title='bbox 641 4279 810 4350; x_wconf 69' lang='grc' dir='ltr'>ἡμῖν,</span> <span class='ocrx_word' id='word_1_305' title='bbox 843 4278 1063 4348; x_wconf 78' lang='grc' dir='ltr'>Χριστὲ</span> <span class='ocrx_word' id='word_1_306' title='bbox 1087 4321 1101 4346; x_wconf 89' lang='grc'>,</span> <span class='ocrx_word' id='word_1_307' title='bbox 1145 4281 1237 4345; x_wconf 83' lang='grc' dir='ltr'>τίς</span> <span class='ocrx_word' id='word_1_308' title='bbox 1265 4280 1438 4333; x_wconf 78' lang='grc' dir='ltr'>ἐστιν</span> <span class='ocrx_word' id='word_1_309' title='bbox 1490 4282 1522 4333; x_wconf 84' lang='grc' dir='ltr'><em>ὁ</em></span> <span class='ocrx_word' id='word_1_310' title='bbox 1550 4280 1778 4346; x_wconf 82' lang='grc' dir='ltr'>παίσας</span> <span class='ocrx_word' id='word_1_311' title='bbox 1809 4296 1922 4341; x_wconf 70' lang='grc' dir='ltr'>σεε</span> <span class='ocrx_word' id='word_1_312' title='bbox 1973 4282 2069 4336; x_wconf 76' lang='grc' dir='ltr'>καὶ</span> 
     </span>
    </p>
   </div>
   <div class='ocr_carea' id='block_1_45' title="bbox 479 4374 2071 4449">
    <p class='ocr_par' dir='ltr' id='par_1_45' title="bbox 479 4374 2071 4449">
     <span class='ocr_line' id='line_1_45' title="bbox 479 4374 2071 4449; baseline 0 -18"><span class='ocrx_word' id='word_1_313' title='bbox 479 4374 613 4449; x_wconf 81' lang='grc' dir='ltr'>ἦγον</span> <span class='ocrx_word' id='word_1_314' title='bbox 666 4378 762 4430; x_wconf 76' lang='grc' dir='ltr'>καὶ</span> <span class='ocrx_word' id='word_1_315' title='bbox 791 4375 1078 4448; x_wconf 85' lang='grc' dir='ltr'>περιῆγον,</span> <span class='ocrx_word' id='word_1_316' title='bbox 1109 4377 1291 4430; x_wconf 81' lang='grc' dir='ltr'>πᾶσαν</span> <span class='ocrx_word' id='word_1_317' title='bbox 1340 4376 1442 4448; x_wconf 86' lang='grc' dir='ltr'>τὴν</span> <span class='ocrx_word' id='word_1_318' title='bbox 1496 4377 1709 4448; x_wconf 87' lang='grc' dir='ltr'>ἡμέραν</span> <span class='ocrx_word' id='word_1_319' title='bbox 1738 4388 1761 4417; x_wconf 75' lang='grc' dir='ltr'><strong><em>ο</em></strong></span> <span class='ocrx_word' id='word_1_320' title='bbox 1794 4380 1877 4439; x_wconf 78' lang='grc' dir='ltr'>εἰς</span> <span class='ocrx_word' id='word_1_321' title='bbox 1912 4376 2071 4432; x_wconf 84' lang='grc' dir='ltr'>τοῦτο</span> 
     </span>
    </p>
   </div>
   <div class='ocr_carea' id='block_1_46' title="bbox 478 4470 2071 4545">
    <p class='ocr_par' dir='ltr' id='par_1_46' title="bbox 478 4470 2071 4545">
     <span class='ocr_line' id='line_1_46' title="bbox 478 4470 2071 4545; baseline -0.001 -16"><span class='ocrx_word' id='word_1_322' title='bbox 478 4473 851 4545; x_wconf 83' lang='grc' dir='ltr'>ἀνηλίσκοντο,</span> <span class='ocrx_word' id='word_1_323' title='bbox 889 4474 971 4536; x_wconf 79' lang='grc' dir='ltr'>εἰς</span> <span class='ocrx_word' id='word_1_324' title='bbox 1001 4470 1314 4542; x_wconf 87' lang='grc' dir='ltr'>σκώμματα</span> <span class='ocrx_word' id='word_1_325' title='bbox 1351 4472 1443 4526; x_wconf 80' lang='grc' dir='ltr'>καὶ</span> <span class='ocrx_word' id='word_1_326' title='bbox 1473 4471 1739 4544; x_wconf 83' lang='grc' dir='ltr'>λοιδορίας</span> <span class='ocrx_word' id='word_1_327' title='bbox 1762 4474 1854 4527; x_wconf 70' lang='grc' dir='ltr'>καὶ</span> <span class='ocrx_word' id='word_1_328' title='bbox 1875 4473 2071 4545; x_wconf 86' lang='grc' dir='ltr'>χλευα-</span> 
     </span>
    </p>
   </div>
   <div class='ocr_carea' id='block_1_47' title="bbox 477 4568 2068 4643">
    <p class='ocr_par' dir='ltr' id='par_1_47' title="bbox 477 4568 2068 4643">
     <span class='ocr_line' id='line_1_47' title="bbox 477 4568 2068 4643; baseline 0 -18"><span class='ocrx_word' id='word_1_329' title='bbox 477 4573 601 4627; x_wconf 81' lang='grc' dir='ltr'>σίαν</span> <span class='ocrx_word' id='word_1_330' title='bbox 631 4570 726 4625; x_wconf 75' lang='lat' dir='ltr'><strong>xal</strong></span> <span class='ocrx_word' id='word_1_331' title='bbox 764 4569 978 4640; x_wconf 89' lang='grc' dir='ltr'>γέλωτα</span> <span class='ocrx_word' id='word_1_332' title='bbox 1011 4571 1069 4622; x_wconf 86' lang='grc' dir='ltr'>ἐν</span> <span class='ocrx_word' id='word_1_333' title='bbox 1107 4568 1258 4641; x_wconf 87' lang='grc' dir='ltr'>μέσῳ</span> <span class='ocrx_word' id='word_1_334' title='bbox 1288 4568 1500 4641; x_wconf 84' lang='grc' dir='ltr'>θεάτρῳ</span> <span class='ocrx_word' id='word_1_335' title='bbox 1544 4570 1852 4643; x_wconf 84' lang='grc' dir='ltr'>ἰουδαῖκῷ;</span> <span class='ocrx_word' id='word_1_336' title='bbox 1892 4570 1959 4625; x_wconf 88' lang='grc' dir='ltr'>Τί</span> <span class='ocrx_word' id='word_1_337' title='bbox 1989 4571 2068 4636; x_wconf 84' lang='grc' dir='ltr'>δὲ,</span> 
     </span>
    </p>
   </div>
   <div class='ocr_carea' id='block_1_48' title="bbox 477 4666 2069 4742">
    <p class='ocr_par' dir='ltr' id='par_1_48' title="bbox 477 4666 2069 4742">
     <span class='ocr_line' id='line_1_48' title="bbox 477 4666 2069 4742; baseline 0.001 -19"><span class='ocrx_word' id='word_1_338' title='bbox 477 4672 567 4724; x_wconf 79' lang='grc' dir='ltr'>ὅτε</span> <span class='ocrx_word' id='word_1_339' title='bbox 600 4670 766 4725; x_wconf 68' lang='grc' dir='ltr'>αὐτὸν</span> <span class='ocrx_word' id='word_1_340' title='bbox 798 4666 1097 4742; x_wconf 80' lang='grc' dir='ltr'>ἐρράπιζεν</span> <span class='ocrx_word' id='word_1_341' title='bbox 1125 4670 1154 4722; x_wconf 94' lang='lat'>6</span> <span class='ocrx_word' id='word_1_342' title='bbox 1174 4668 1360 4733; x_wconf 87' lang='grc' dir='ltr'>δοῦλος</span> <span class='ocrx_word' id='word_1_343' title='bbox 1392 4669 1486 4722; x_wconf 91' lang='grc' dir='ltr'>τοῦ</span> <span class='ocrx_word' id='word_1_344' title='bbox 1534 4670 1872 4742; x_wconf 85' lang='grc' dir='ltr'>ἀρχιερέως;</span> <span class='ocrx_word' id='word_1_345' title='bbox 1902 4671 1956 4723; x_wconf 91' lang='grc' dir='ltr'>τί</span> <span class='ocrx_word' id='word_1_346' title='bbox 1989 4670 2069 4736; x_wconf 84' lang='grc' dir='ltr'>δὲ,</span> 
     </span>
    </p>
   </div>
   <div class='ocr_carea' id='block_1_49' title="bbox 478 4764 2070 4840">
    <p class='ocr_par' dir='ltr' id='par_1_49' title="bbox 478 4764 2070 4840">
     <span class='ocr_line' id='line_1_49' title="bbox 478 4764 2070 4840; baseline 0.001 -21"><span class='ocrx_word' id='word_1_347' title='bbox 478 4766 568 4819; x_wconf 81' lang='grc' dir='ltr'>ὅτε</span> <span class='ocrx_word' id='word_1_348' title='bbox 616 4769 684 4819; x_wconf 84' lang='grc' dir='ltr'>τὰ</span> <span class='ocrx_word' id='word_1_349' title='bbox 746 4766 939 4837; x_wconf 87' lang='grc' dir='ltr'>ίμάτια</span> <span class='ocrx_word' id='word_1_350' title='bbox 971 4764 1139 4819; x_wconf 80' lang='grc' dir='ltr'>αὐτοῦ</span> <span class='ocrx_word' id='word_1_351' title='bbox 1182 4764 1552 4836; x_wconf 85' lang='grc' dir='ltr'>διεμερίζοντο</span> <span class='ocrx_word' id='word_1_352' title='bbox 1606 4769 1657 4819; x_wconf 83' lang='grc' dir='ltr'>οί</span> <span class='ocrx_word' id='word_1_353' title='bbox 1710 4766 2070 4840; x_wconf 81' lang='grc' dir='ltr'>στρατιῶται;</span> 
     </span>
    </p>
   </div>
   <div class='ocr_carea' id='block_1_50' title="bbox 482 4862 2073 4935">
    <p class='ocr_par' dir='ltr' id='par_1_50' title="bbox 482 4862 2073 4935">
     <span class='ocr_line' id='line_1_50' title="bbox 482 4862 2073 4935; baseline 0.002 -21"><span class='ocrx_word' id='word_1_354' title='bbox 482 4863 642 4935; x_wconf 87' lang='grc' dir='ltr'>ἡνίκα</span> <span class='ocrx_word' id='word_1_355' title='bbox 674 4862 730 4915; x_wconf 81' lang='grc' dir='ltr'>δὲ</span> <span class='ocrx_word' id='word_1_356' title='bbox 761 4863 852 4915; x_wconf 72' lang='grc' dir='ltr'>ἐπὶ</span> <span class='ocrx_word' id='word_1_357' title='bbox 871 4863 964 4916; x_wconf 67' lang='grc' dir='ltr'>τὸν</span> <span class='ocrx_word' id='word_1_358' title='bbox 1001 4863 1233 4935; x_wconf 82' lang='grc' dir='ltr'>σταυρὸν</span> <span class='ocrx_word' id='word_1_359' title='bbox 1257 4862 1467 4933; x_wconf 85' lang='grc' dir='ltr'>ἀνήχθη</span> <span class='ocrx_word' id='word_1_360' title='bbox 1494 4862 1703 4933; x_wconf 84' lang='grc' dir='ltr'>γυμνὸς</span> <span class='ocrx_word' id='word_1_361' title='bbox 1733 4864 1825 4916; x_wconf 81' lang='grc' dir='ltr'>ἐπὶ</span> <span class='ocrx_word' id='word_1_362' title='bbox 1850 4864 1946 4917; x_wconf 88' lang='grc' dir='ltr'>τοῦ</span> <span class='ocrx_word' id='word_1_363' title='bbox 1970 4863 2073 4917; x_wconf 82' lang='grc' dir='ltr'>νώ-</span> 
     </span>
    </p>
   </div>
   <div class='ocr_carea' id='block_1_51' title="bbox 480 4957 2073 5030">
    <p class='ocr_par' dir='ltr' id='par_1_51' title="bbox 480 4957 2073 5030">
     <span class='ocr_line' id='line_1_51' title="bbox 480 4957 2073 5030; baseline 0.002 -19"><span class='ocrx_word' id='word_1_364' title='bbox 480 4975 575 5011; x_wconf 91' lang='grc' dir='ltr'>του</span> <span class='ocrx_word' id='word_1_365' title='bbox 610 4957 710 5021; x_wconf 87' lang='grc' dir='ltr'>τάς</span> <span class='ocrx_word' id='word_1_366' title='bbox 755 4959 1025 5030; x_wconf 84' lang='grc' dir='ltr'>μάστιγας</span> <span class='ocrx_word' id='word_1_367' title='bbox 1072 4960 1236 5029; x_wconf 78' lang='grc' dir='ltr'>έχων.</span> <span class='ocrx_word' id='word_1_368' title='bbox 1288 4959 1384 5011; x_wconf 74' lang='grc' dir='ltr'>καὶ</span> <span class='ocrx_word' id='word_1_369' title='bbox 1422 4958 1900 5025; x_wconf 86' lang='grc' dir='ltr'>ἀνεσκολοπίζετο;</span> <span class='ocrx_word' id='word_1_370' title='bbox 1936 4960 2073 5014; x_wconf 77' lang='grc' dir='ltr'>Οὐδὲ</span> 
     </span>
    </p>
   </div>
   <div class='ocr_carea' id='block_1_52' title="bbox 483 5054 2070 5128">
    <p class='ocr_par' dir='ltr' id='par_1_52' title="bbox 483 5054 2070 5128">
     <span class='ocr_line' id='line_1_52' title="bbox 483 5054 2070 5128; baseline 0.001 -20"><span class='ocrx_word' id='word_1_371' title='bbox 483 5055 593 5127; x_wconf 85' lang='grc' dir='ltr'>γὰρ</span> <span class='ocrx_word' id='word_1_372' title='bbox 620 5054 742 5108; x_wconf 80' lang='grc' dir='ltr'>τότε</span> <span class='ocrx_word' id='word_1_373' title='bbox 769 5057 817 5108; x_wconf 90' lang='grc' dir='ltr'>οἱ</span> <span class='ocrx_word' id='word_1_374' title='bbox 843 5057 1024 5127; x_wconf 83' lang='grc' dir='ltr'>ἄγριοι</span> <span class='ocrx_word' id='word_1_375' title='bbox 1051 5055 1217 5127; x_wconf 86' lang='grc' dir='ltr'>θῆρες</span> <span class='ocrx_word' id='word_1_376' title='bbox 1250 5054 1637 5127; x_wconf 89' lang='grc' dir='ltr'>ἐμαλάττοντο,</span> <span class='ocrx_word' id='word_1_377' title='bbox 1663 5054 1799 5110; x_wconf 88' lang='grc' dir='ltr'>ἀλλά</span> <span class='ocrx_word' id='word_1_378' title='bbox 1828 5056 2070 5128; x_wconf 87' lang='grc' dir='ltr'>μανικώ-</span> 
     </span>
    </p>
   </div>
   <div class='ocr_carea' id='block_1_53' title="bbox 483 5150 2073 5225">
    <p class='ocr_par' dir='ltr' id='par_1_53' title="bbox 483 5150 2073 5225">
     <span class='ocr_line' id='line_1_53' title="bbox 483 5150 2073 5225; baseline 0 -19"><span class='ocrx_word' id='word_1_379' title='bbox 483 5167 630 5225; x_wconf 86' lang='grc' dir='ltr'>τεροι</span> <span class='ocrx_word' id='word_1_380' title='bbox 664 5150 864 5223; x_wconf 83' lang='grc' dir='ltr'>μᾶλλον</span> <span class='ocrx_word' id='word_1_381' title='bbox 894 5152 1156 5220; x_wconf 90' lang='grc' dir='ltr'>ἐγίνοντο,</span> <span class='ocrx_word' id='word_1_382' title='bbox 1179 5153 1275 5207; x_wconf 73' lang='grc' dir='ltr'>καὶ</span> <span class='ocrx_word' id='word_1_383' title='bbox 1300 5152 1371 5207; x_wconf 86' lang='grc' dir='ltr'>τά</span> <span class='ocrx_word' id='word_1_384' title='bbox 1404 5152 1504 5223; x_wconf 83' lang='grc' dir='ltr'>τῆς</span> <span class='ocrx_word' id='word_1_385' title='bbox 1531 5152 1840 5224; x_wconf 82' lang='grc' dir='ltr'>τραγῳδίας</span> <span class='ocrx_word' id='word_1_386' title='bbox 1858 5153 2073 5207; x_wconf 87' lang='grc' dir='ltr'>ἐπετεί-</span> 
     </span>
    </p>
   </div>
   <div class='ocr_carea' id='block_1_54' title="bbox 485 5248 2073 5322">
    <p class='ocr_par' dir='ltr' id='par_1_54' title="bbox 485 5248 2073 5322">
     <span class='ocr_line' id='line_1_54' title="bbox 485 5248 2073 5322; baseline -0.002 -16"><span class='ocrx_word' id='word_1_387' title='bbox 485 5266 625 5315; x_wconf 83' lang='grc' dir='ltr'>νετο,</span> <span class='ocrx_word' id='word_1_388' title='bbox 662 5249 757 5303; x_wconf 78' lang='grc' dir='ltr'>καὶ</span> <span class='ocrx_word' id='word_1_389' title='bbox 785 5248 853 5303; x_wconf 84' lang='grc' dir='ltr'>τὰ</span> <span class='ocrx_word' id='word_1_390' title='bbox 899 5249 998 5319; x_wconf 84' lang='grc' dir='ltr'>τῆς</span> <span class='ocrx_word' id='word_1_391' title='bbox 1026 5249 1319 5322; x_wconf 87' lang='grc' dir='ltr'>χλευασίας</span> <span class='ocrx_word' id='word_1_392' title='bbox 1351 5249 1565 5321; x_wconf 74' lang='grc' dir='ltr'>ηὔξετο.</span> <span class='ocrx_word' id='word_1_393' title='bbox 1588 5250 1653 5303; x_wconf 83' lang='grc' dir='ltr'>Οἱ</span> <span class='ocrx_word' id='word_1_394' title='bbox 1691 5250 1788 5321; x_wconf 83' lang='grc' dir='ltr'>μὲν</span> <span class='ocrx_word' id='word_1_395' title='bbox 1818 5249 1928 5322; x_wconf 89' lang='grc' dir='ltr'>γὰρ</span> <span class='ocrx_word' id='word_1_396' title='bbox 1954 5249 2073 5303; x_wconf 79' lang='grc' dir='ltr'>ἐλε-</span> 
     </span>
    </p>
   </div>
   <div class='ocr_carea' id='block_1_55' title="bbox 483 5347 2075 5418">
    <p class='ocr_par' dir='ltr' id='par_1_55' title="bbox 483 5347 2075 5418">
     <span class='ocr_line' id='line_1_55' title="bbox 483 5347 2075 5418; baseline -0.001 -15"><span class='ocrx_word' id='word_1_397' title='bbox 483 5366 579 5418; x_wconf 91' lang='grc' dir='ltr'>γον</span> <span class='ocrx_word' id='word_1_398' title='bbox 596 5365 610 5377; x_wconf 92' lang='grc'><strong>·</strong></span> <span class='ocrx_word' id='word_1_399' title='bbox 647 5348 710 5401; x_wconf 78' lang='grc'>’0</span> <span class='ocrx_word' id='word_1_400' title='bbox 731 5347 1051 5401; x_wconf 75' lang='grc' dir='ltr'>καταλύων</span> <span class='ocrx_word' id='word_1_401' title='bbox 1068 5347 1173 5401; x_wconf 81' lang='grc' dir='ltr'>τὸν</span> <span class='ocrx_word' id='word_1_402' title='bbox 1195 5347 1365 5412; x_wconf 80' lang='grc' dir='ltr'>ναὸν,</span> <span class='ocrx_word' id='word_1_403' title='bbox 1395 5347 1493 5402; x_wconf 76' lang='grc' dir='ltr'>καί</span> <span class='ocrx_word' id='word_1_404' title='bbox 1515 5348 1585 5402; x_wconf 79' lang='grc' dir='ltr'>ἐν</span> <span class='ocrx_word' id='word_1_405' title='bbox 1607 5348 1806 5416; x_wconf 79' lang='grc' dir='ltr'>τρισὶν</span> <span class='ocrx_word' id='word_1_406' title='bbox 1827 5349 2075 5418; x_wconf 75' lang='grc' dir='ltr'>ἡμέραις</span> 
     </span>
    </p>
   </div>
   <div class='ocr_carea' id='block_1_56' title="bbox 483 5439 2051 5512">
    <p class='ocr_par' dir='ltr' id='par_1_56' title="bbox 483 5439 2051 5512">
     <span class='ocr_line' id='line_1_56' title="bbox 483 5439 2051 5512; baseline -0.001 -16"><span class='ocrx_word' id='word_1_407' title='bbox 483 5441 725 5512; x_wconf 70' lang='grc' dir='ltr'>ἐγείρων</span> <span class='ocrx_word' id='word_1_408' title='bbox 776 5440 982 5494; x_wconf 84' lang='grc' dir='ltr'>αὐτόν.</span> <span class='ocrx_word' id='word_1_409' title='bbox 1036 5440 1100 5494; x_wconf 75' lang='lat' dir='ltr'><strong>Ol</strong></span> <span class='ocrx_word' id='word_1_410' title='bbox 1155 5439 1211 5492; x_wconf 80' lang='grc' dir='ltr'>δὲ</span> <span class='ocrx_word' id='word_1_411' title='bbox 1246 5439 1459 5510; x_wconf 83' lang='grc' dir='ltr'>ἐλεγον·</span> <span class='ocrx_word' id='word_1_412' title='bbox 1521 5442 1777 5508; x_wconf 83' lang='grc' dir='ltr'>Ἄλλους</span> <span class='ocrx_word' id='word_1_413' title='bbox 1813 5442 2051 5497; x_wconf 76' lang='grc' dir='ltr'>ἔσωσεν</span> 
     </span>
    </p>
   </div>
   <div class='ocr_carea' id='block_1_57' title="bbox 546 5628 1085 5693">
    <p class='ocr_par' dir='ltr' id='par_1_57' title="bbox 546 5628 1085 5693">
     <span class='ocr_line' id='line_1_57' title="bbox 546 5628 1085 5693; baseline -0.004 -14"><span class='ocrx_word' id='word_1_414' title='bbox 546 5628 574 5693; x_wconf 61' lang='grc' dir='ltr'><strong><em>ξ</em></strong></span> <span class='ocrx_word' id='word_1_415' title='bbox 598 5628 747 5693; x_wconf 71' lang='lat' dir='ltr'><strong>SaVil.</strong></span> <span class='ocrx_word' id='word_1_416' title='bbox 762 5629 1085 5693; x_wconf 76' lang='grc' dir='ltr'>καθαρίζοντα.</span> 
     </span>
    </p>
   </div>
   <div class='ocr_carea' id='block_1_58' title="bbox 546 5687 1065 5756">
    <p class='ocr_par' dir='ltr' id='par_1_58' title="bbox 546 5687 1065 5756">
     <span class='ocr_line' id='line_1_58' title="bbox 546 5687 1065 5756; baseline -0.002 -18"><span class='ocrx_word' id='word_1_417' title='bbox 546 5687 575 5756; x_wconf 59' lang='grc' dir='ltr'>ξ</span> <span class='ocrx_word' id='word_1_418' title='bbox 602 5690 736 5756; x_wconf 60' lang='lat' dir='ltr'>pnus</span> <span class='ocrx_word' id='word_1_419' title='bbox 745 5687 1065 5756; x_wconf 57' lang='grc' dir='ltr'>περιῤῥέοχτα.</span> 
     </span>
    </p>
   </div>
   <div class='ocr_carea' id='block_1_59' title="bbox 552 5749 1749 5829">
    <p class='ocr_par' dir='ltr' id='par_1_59' title="bbox 552 5749 1749 5829">
     <span class='ocr_line' id='line_1_59' title="bbox 552 5749 1749 5829; baseline 0.002 -27"><span class='ocrx_word' id='word_1_420' title='bbox 552 5751 575 5782; x_wconf 69' lang='grc' dir='ltr'><strong>ε</strong></span> <span class='ocrx_word' id='word_1_421' title='bbox 601 5749 684 5803; x_wconf 67' lang='lat' dir='ltr'>sic</span> <span class='ocrx_word' id='word_1_422' title='bbox 701 5749 820 5805; x_wconf 60' lang='lat' dir='ltr'>mss:</span> <span class='ocrx_word' id='word_1_423' title='bbox 846 5749 901 5803; x_wconf 76' lang='lat' dir='ltr'>hi</span> <span class='ocrx_word' id='word_1_424' title='bbox 919 5751 1057 5815; x_wconf 83' lang='lat' dir='ltr'>prius</span> <span class='ocrx_word' id='word_1_425' title='bbox 1078 5753 1224 5804; x_wconf 73' lang='lat' dir='ltr'>editis</span> <span class='ocrx_word' id='word_1_426' title='bbox 1245 5752 1409 5817; x_wconf 81' lang='lat' dir='ltr'><strong>aliqua</strong></span> <span class='ocrx_word' id='word_1_427' title='bbox 1432 5752 1749 5829; x_wconf 47' lang='lat' dir='ltr'>deﬁciebant.</span> 
     </span>
    </p>
   </div>
   <div class='ocr_carea' id='block_1_60' title="bbox 1152 274 2064 345">
    <p class='ocr_par' dir='ltr' id='par_1_60' title="bbox 1152 281 2055 345">
     <span class='ocr_line' id='line_1_60' title="bbox 1152 281 2055 345; baseline -0.009 0"><span class='ocrx_word' id='word_1_428' title='bbox 1152 289 1211 345; x_wconf 90' lang='lat' dir='ltr'>S.</span> <span class='ocrx_word' id='word_1_429' title='bbox 1250 285 1532 345; x_wconf 74' lang='lat' dir='ltr'>JOANNIS</span> <span class='ocrx_word' id='word_1_430' title='bbox 1567 281 2055 342; x_wconf 76' lang='lat' dir='ltr'>CHRYSOSTOMI</span> 
     </span>
    </p>
   </div>
   <div class='ocr_carea' id='block_1_61' title="bbox 2167 274 3005 345">
    <p class='ocr_par' dir='ltr' id='par_1_61' title="bbox 2167 274 3005 340">
     <span class='ocr_line' id='line_1_61' title="bbox 2167 274 3005 340; baseline 0.004 -3"><span class='ocrx_word' id='word_1_431' title='bbox 2167 275 2435 339; x_wconf 50' lang='lat' dir='ltr'>ICHIEP:</span> <span class='ocrx_word' id='word_1_432' title='bbox 2453 274 3005 340; x_wconf 69' lang='grc' dir='ltr'>(ΣΟΝΒΤἉΝΤΙΝΟΡ.</span> 
     </span>
    </p>
   </div>
   <div class='ocr_carea' id='block_1_62' title="bbox 3642 285 3747 347">
    <p class='ocr_par' dir='ltr' id='par_1_62' title="bbox 3642 285 3747 347">
     <span class='ocr_line' id='line_1_62' title="bbox 3642 285 3747 347; baseline 0 0"><span class='ocrx_word' id='word_1_433' title='bbox 3642 285 3747 347; x_wconf 59' lang='lat'>555</span> 
     </span>
    </p>
   </div>
   <div class='ocr_carea' id='block_1_63' title="bbox 2161 396 3752 470">
    <p class='ocr_par' dir='ltr' id='par_1_63' title="bbox 2161 396 3752 470">
     <span class='ocr_line' id='line_1_63' title="bbox 2161 396 3752 470; baseline 0.001 -17"><span class='ocrx_word' id='word_1_434' title='bbox 2161 398 2381 453; x_wconf 79' lang='grc' dir='ltr'>ἑαυτὸν</span> <span class='ocrx_word' id='word_1_435' title='bbox 2423 399 2496 454; x_wconf 88' lang='grc' dir='ltr'>οὐ</span> <span class='ocrx_word' id='word_1_436' title='bbox 2530 397 2783 453; x_wconf 79' lang='grc' dir='ltr'>δύναται</span> <span class='ocrx_word' id='word_1_437' title='bbox 2832 396 3049 452; x_wconf 83' lang='grc' dir='ltr'>σῶσαι.</span> <span class='ocrx_word' id='word_1_438' title='bbox 3091 396 3275 451; x_wconf 83' lang='grc' dir='ltr'>Ἀλλοι</span> <span class='ocrx_word' id='word_1_439' title='bbox 3313 398 3371 453; x_wconf 81' lang='grc' dir='ltr'>δὲ</span> <span class='ocrx_word' id='word_1_440' title='bbox 3399 400 3625 470; x_wconf 70' lang='grc' dir='ltr'>έλεγονυ</span> <span class='ocrx_word' id='word_1_441' title='bbox 3681 409 3752 462; x_wconf 76' lang='grc' dir='ltr'>ει</span> 
     </span>
    </p>
   </div>
   <div class='ocr_carea' id='block_1_64' title="bbox 2169 496 3752 571">
    <p class='ocr_par' dir='ltr' id='par_1_64' title="bbox 2169 496 3752 571">
     <span class='ocr_line' id='line_1_64' title="bbox 2169 496 3752 571; baseline 0.002 -15"><span class='ocrx_word' id='word_1_442' title='bbox 2169 499 2303 566; x_wconf 80' lang='grc' dir='ltr'>Υἱὸς</span> <span class='ocrx_word' id='word_1_443' title='bbox 2333 496 2392 555; x_wconf 75' lang='grc' dir='ltr'>εἴ</span> <span class='ocrx_word' id='word_1_444' title='bbox 2416 498 2525 553; x_wconf 84' lang='grc' dir='ltr'>τοῦ</span> <span class='ocrx_word' id='word_1_445' title='bbox 2562 498 2733 565; x_wconf 86' lang='grc' dir='ltr'>Θεοῦ,</span> <span class='ocrx_word' id='word_1_446' title='bbox 2765 496 3051 565; x_wconf 82' lang='grc' dir='ltr'>κατάϐηθι</span> <span class='ocrx_word' id='word_1_447' title='bbox 3068 498 3185 553; x_wconf 76' lang='grc' dir='ltr'>ἀπὸ</span> <span class='ocrx_word' id='word_1_448' title='bbox 3213 499 3320 556; x_wconf 85' lang='grc' dir='ltr'>τοῦ</span> <span class='ocrx_word' id='word_1_449' title='bbox 3334 502 3630 571; x_wconf 78' lang='grc' dir='ltr'>σταυροῦ,</span> <span class='ocrx_word' id='word_1_450' title='bbox 3651 506 3752 558; x_wconf 76' lang='grc' dir='ltr'>και</span> 
     </span>
    </p>
   </div>
   <div class='ocr_carea' id='block_1_65' title="bbox 2160 596 3753 673">
    <p class='ocr_par' dir='ltr' id='par_1_65' title="bbox 2160 596 3753 673">
     <span class='ocr_line' id='line_1_65' title="bbox 2160 596 3753 673; baseline 0.004 -21"><span class='ocrx_word' id='word_1_451' title='bbox 2160 597 2573 668; x_wconf 72' lang='grc' dir='ltr'>πιστεύσομεν</span> <span class='ocrx_word' id='word_1_452' title='bbox 2597 611 2719 652; x_wconf 90' lang='grc' dir='ltr'>σοι.</span> <span class='ocrx_word' id='word_1_453' title='bbox 2749 597 2815 651; x_wconf 88' lang='grc' dir='ltr'>Τί</span> <span class='ocrx_word' id='word_1_454' title='bbox 2840 596 2932 665; x_wconf 78' lang='grc' dir='ltr'>δέ,</span> <span class='ocrx_word' id='word_1_455' title='bbox 2970 597 3062 652; x_wconf 84' lang='grc' dir='ltr'>ὅτε</span> <span class='ocrx_word' id='word_1_456' title='bbox 3091 603 3160 670; x_wconf 75' lang='grc' dir='ltr'>τῇ</span> <span class='ocrx_word' id='word_1_457' title='bbox 3195 603 3434 673; x_wconf 76' lang='grc' dir='ltr'>σπογγιᾷ</span> <span class='ocrx_word' id='word_1_458' title='bbox 3458 605 3625 673; x_wconf 83' lang='grc' dir='ltr'>χολὴν</span> <span class='ocrx_word' id='word_1_459' title='bbox 3656 604 3753 658; x_wconf 83' lang='grc' dir='ltr'>καὶ</span> 
     </span>
    </p>
   </div>
   <div class='ocr_carea' id='block_1_66' title="bbox 2157 697 3752 771">
    <p class='ocr_par' dir='ltr' id='par_1_66' title="bbox 2157 697 3752 771">
     <span class='ocr_line' id='line_1_66' title="bbox 2157 697 3752 771; baseline -0.003 -15"><span class='ocrx_word' id='word_1_460' title='bbox 2157 701 2281 767; x_wconf 76' lang='grc' dir='ltr'>ὅξος</span> <span class='ocrx_word' id='word_1_461' title='bbox 2329 700 2640 764; x_wconf 89' lang='grc' dir='ltr'>ποτίζοντες</span> <span class='ocrx_word' id='word_1_462' title='bbox 2704 697 3085 771; x_wconf 82' lang='grc' dir='ltr'>ἐνεπαρῷνουν</span> <span class='ocrx_word' id='word_1_463' title='bbox 3126 699 3309 771; x_wconf 80' lang='grc' dir='ltr'>αύτῷ;</span> <span class='ocrx_word' id='word_1_464' title='bbox 3343 701 3398 755; x_wconf 91' lang='grc' dir='ltr'>τί</span> <span class='ocrx_word' id='word_1_465' title='bbox 3447 702 3531 768; x_wconf 83' lang='grc' dir='ltr'>δὲ,</span> <span class='ocrx_word' id='word_1_466' title='bbox 3580 704 3670 758; x_wconf 75' lang='grc' dir='ltr'>ὅτε</span> <span class='ocrx_word' id='word_1_467' title='bbox 3699 707 3752 762; x_wconf 69' lang='grc' dir='ltr'>οξ</span> 
     </span>
    </p>
   </div>
   <div class='ocr_carea' id='block_1_67' title="bbox 2158 798 3753 875">
    <p class='ocr_par' dir='ltr' id='par_1_67' title="bbox 2158 798 3753 875">
     <span class='ocr_line' id='line_1_67' title="bbox 2158 798 3753 875; baseline 0.003 -21"><span class='ocrx_word' id='word_1_468' title='bbox 2158 801 2358 874; x_wconf 75' lang='grc' dir='ltr'>λῃσταὶ</span> <span class='ocrx_word' id='word_1_469' title='bbox 2388 800 2692 872; x_wconf 81' lang='grc' dir='ltr'>ἐλοιδόρουν</span> <span class='ocrx_word' id='word_1_470' title='bbox 2735 799 2921 871; x_wconf 81' lang='grc' dir='ltr'>αὑτῷ;</span> <span class='ocrx_word' id='word_1_471' title='bbox 2959 798 3013 852; x_wconf 87' lang='grc' dir='ltr'>τί</span> <span class='ocrx_word' id='word_1_472' title='bbox 3041 799 3119 865; x_wconf 86' lang='grc' dir='ltr'>δέ,</span> <span class='ocrx_word' id='word_1_473' title='bbox 3152 801 3292 872; x_wconf 82' lang='grc' dir='ltr'>ὅπερ</span> <span class='ocrx_word' id='word_1_474' title='bbox 3318 802 3414 856; x_wconf 83' lang='grc' dir='ltr'>καὶ</span> <span class='ocrx_word' id='word_1_475' title='bbox 3437 801 3753 875; x_wconf 75' lang='grc' dir='ltr'>ἔμπροσθεν</span> 
     </span>
    </p>
   </div>
   <div class='ocr_carea' id='block_1_68' title="bbox 2162 901 3751 973">
    <p class='ocr_par' dir='ltr' id='par_1_68' title="bbox 2162 901 3751 973">
     <span class='ocr_line' id='line_1_68' title="bbox 2162 901 3751 973; baseline 0.002 -17"><span class='ocrx_word' id='word_1_476' title='bbox 2162 901 2366 971; x_wconf 81' lang='grc' dir='ltr'>ελεγον,</span> <span class='ocrx_word' id='word_1_477' title='bbox 2400 902 2461 955; x_wconf 80' lang='grc' dir='ltr'>τὸ</span> <span class='ocrx_word' id='word_1_478' title='bbox 2514 901 2743 973; x_wconf 78' lang='grc' dir='ltr'>φρικτὸν</span> <span class='ocrx_word' id='word_1_479' title='bbox 2789 902 2968 955; x_wconf 82' lang='grc' dir='ltr'>ἐκεῖνο</span> <span class='ocrx_word' id='word_1_480' title='bbox 3006 901 3102 955; x_wconf 82' lang='grc' dir='ltr'>καὶ</span> <span class='ocrx_word' id='word_1_481' title='bbox 3142 902 3635 973; x_wconf 82' lang='grc' dir='ltr'>παρανομώτατον,</span> <span class='ocrx_word' id='word_1_482' title='bbox 3663 905 3751 959; x_wconf 81' lang='grc' dir='ltr'>ὅτε</span> 
     </span>
    </p>
   </div>
   <div class='ocr_carea' id='block_1_69' title="bbox 2157 999 3753 1076">
    <p class='ocr_par' dir='ltr' id='par_1_69' title="bbox 2157 999 3753 1076">
     <span class='ocr_line' id='line_1_69' title="bbox 2157 999 3753 1076; baseline 0.002 -20"><span class='ocrx_word' id='word_1_483' title='bbox 2157 1003 2251 1057; x_wconf 85' lang='grc' dir='ltr'>τὸν</span> <span class='ocrx_word' id='word_1_484' title='bbox 2285 1002 2491 1075; x_wconf 65' lang='grc' dir='ltr'>λῃστὴν</span> <span class='ocrx_word' id='word_1_485' title='bbox 2518 999 2675 1074; x_wconf 73' lang='grc'>[555]</span> <span class='ocrx_word' id='word_1_486' title='bbox 2701 1003 2909 1055; x_wconf 79' lang='grc' dir='ltr'>ἐκεῖνον</span> <span class='ocrx_word' id='word_1_487' title='bbox 2934 1002 3030 1055; x_wconf 75' lang='grc' dir='ltr'>καὶ</span> <span class='ocrx_word' id='word_1_488' title='bbox 3053 1002 3384 1073; x_wconf 81' lang='grc' dir='ltr'>τοιχωρύχον</span> <span class='ocrx_word' id='word_1_489' title='bbox 3413 1005 3509 1057; x_wconf 75' lang='grc' dir='ltr'>καὶ</span> <span class='ocrx_word' id='word_1_490' title='bbox 3537 1006 3753 1076; x_wconf 83' lang='grc' dir='ltr'>μυρίων</span> 
     </span>
    </p>
   </div>
   <div class='ocr_carea' id='block_1_70' title="bbox 2158 1098 3753 1179">
    <p class='ocr_par' dir='ltr' id='par_1_70' title="bbox 2158 1098 3753 1179">
     <span class='ocr_line' id='line_1_70' title="bbox 2158 1098 3753 1179; baseline 0.003 -20"><span class='ocrx_word' id='word_1_491' title='bbox 2158 1106 2400 1176; x_wconf 86' lang='grc' dir='ltr'>γέμοντα</span> <span class='ocrx_word' id='word_1_492' title='bbox 2421 1104 2598 1174; x_wconf 79' lang='grc' dir='ltr'>φόνων</span> <span class='ocrx_word' id='word_1_493' title='bbox 2627 1102 2776 1168; x_wconf 79' lang='grc' dir='ltr'>ἀξιον</span> <span class='ocrx_word' id='word_1_494' title='bbox 2797 1103 2983 1173; x_wconf 82' lang='grc' dir='ltr'>ἐλεγον</span> <span class='ocrx_word' id='word_1_495' title='bbox 3008 1098 3148 1159; x_wconf 79' lang='grc' dir='ltr'>εἶναι</span> <span class='ocrx_word' id='word_1_496' title='bbox 3174 1105 3525 1178; x_wconf 82' lang='grc' dir='ltr'>ἐξαιτηθῆναι</span> <span class='ocrx_word' id='word_1_497' title='bbox 3546 1110 3753 1179; x_wconf 79' lang='grc' dir='ltr'>μᾶλλον</span> 
     </span>
    </p>
   </div>
   <div class='ocr_carea' id='block_1_71' title="bbox 2161 1204 3750 1277">
    <p class='ocr_par' dir='ltr' id='par_1_71' title="bbox 2161 1204 3750 1277">
     <span class='ocr_line' id='line_1_71' title="bbox 2161 1204 3750 1277; baseline 0.001 -17"><span class='ocrx_word' id='word_1_498' title='bbox 2161 1204 2350 1268; x_wconf 82' lang='grc' dir='ltr'>αὐτοῦ,</span> <span class='ocrx_word' id='word_1_499' title='bbox 2391 1204 2488 1258; x_wconf 72' lang='grc' dir='ltr'>καὶ</span> <span class='ocrx_word' id='word_1_500' title='bbox 2517 1204 2777 1268; x_wconf 89' lang='grc' dir='ltr'>λαϐόντες</span> <span class='ocrx_word' id='word_1_501' title='bbox 2821 1205 3033 1277; x_wconf 78' lang='grc' dir='ltr'>αἵρεσιν</span> <span class='ocrx_word' id='word_1_502' title='bbox 3061 1206 3215 1277; x_wconf 81' lang='grc' dir='ltr'>παρὰ</span> <span class='ocrx_word' id='word_1_503' title='bbox 3245 1206 3340 1260; x_wconf 86' lang='grc' dir='ltr'>τοῦ</span> <span class='ocrx_word' id='word_1_504' title='bbox 3367 1207 3630 1263; x_wconf 83' lang='grc' dir='ltr'>δικαποῦ</span> <span class='ocrx_word' id='word_1_505' title='bbox 3661 1209 3750 1263; x_wconf 79' lang='grc' dir='ltr'>τὸν</span> 
     </span>
    </p>
   </div>
   <div class='ocr_carea' id='block_1_72' title="bbox 2163 1309 3750 1383">
    <p class='ocr_par' dir='ltr' id='par_1_72' title="bbox 2163 1309 3750 1383">
     <span class='ocr_line' id='line_1_72' title="bbox 2163 1309 3750 1383; baseline 0.004 -20"><span class='ocrx_word' id='word_1_506' title='bbox 2163 1309 2460 1380; x_wconf 79' lang='grc' dir='ltr'>Βαραϐϐᾶν</span> <span class='ocrx_word' id='word_1_507' title='bbox 2510 1310 2900 1381; x_wconf 89' lang='grc' dir='ltr'>προετίμησαν,</span> <span class='ocrx_word' id='word_1_508' title='bbox 2954 1310 3016 1363; x_wconf 82' lang='grc' dir='ltr'>οὐ</span> <span class='ocrx_word' id='word_1_509' title='bbox 3049 1310 3359 1381; x_wconf 88' lang='grc' dir='ltr'>σταυρῶσαι</span> <span class='ocrx_word' id='word_1_510' title='bbox 3395 1312 3581 1383; x_wconf 86' lang='grc' dir='ltr'>μόνον,</span> <span class='ocrx_word' id='word_1_511' title='bbox 3614 1313 3750 1369; x_wconf 88' lang='grc' dir='ltr'>ἀλλά</span> 
     </span>
    </p>
   </div>
   <div class='ocr_carea' id='block_1_73' title="bbox 2162 1409 3746 1484">
    <p class='ocr_par' dir='ltr' id='par_1_73' title="bbox 2162 1409 3746 1484">
     <span class='ocr_line' id='line_1_73' title="bbox 2162 1409 3746 1484; baseline 0.001 -19"><span class='ocrx_word' id='word_1_512' title='bbox 2162 1411 2256 1466; x_wconf 78' lang='grc' dir='ltr'>καὶ</span> <span class='ocrx_word' id='word_1_513' title='bbox 2287 1410 2530 1483; x_wconf 81' lang='grc' dir='ltr'>πονηρὰν</span> <span class='ocrx_word' id='word_1_514' title='bbox 2550 1409 2862 1481; x_wconf 85' lang='grc' dir='ltr'>βουλόμενοι</span> <span class='ocrx_word' id='word_1_515' title='bbox 2884 1410 2962 1482; x_wconf 82' lang='grc' dir='ltr'>τῷ</span> <span class='ocrx_word' id='word_1_516' title='bbox 2977 1412 3198 1483; x_wconf 84' lang='grc' dir='ltr'>Χριστῷ</span> <span class='ocrx_word' id='word_1_517' title='bbox 3223 1412 3527 1484; x_wconf 84' lang='grc' dir='ltr'>περιθεῖναι</span> <span class='ocrx_word' id='word_1_518' title='bbox 3554 1413 3746 1479; x_wconf 75' lang='grc' dir='ltr'>δόξανς</span> 
     </span>
    </p>
   </div>
   <div class='ocr_carea' id='block_1_74' title="bbox 2171 1509 3745 1584">
    <p class='ocr_par' dir='ltr' id='par_1_74' title="bbox 2171 1509 3745 1584">
     <span class='ocr_line' id='line_1_74' title="bbox 2171 1509 3745 1584; baseline 0.003 -19"><span class='ocrx_word' id='word_1_519' title='bbox 2171 1509 2454 1584; x_wconf 86' lang='grc' dir='ltr'>Ἐνόμιζον</span> <span class='ocrx_word' id='word_1_520' title='bbox 2487 1512 2597 1584; x_wconf 83' lang='grc' dir='ltr'>γὰρ</span> <span class='ocrx_word' id='word_1_521' title='bbox 2643 1510 2904 1565; x_wconf 89' lang='grc' dir='ltr'>δύνασθαι</span> <span class='ocrx_word' id='word_1_522' title='bbox 2944 1512 3374 1577; x_wconf 85' lang='grc' dir='ltr'>κατασκευάζειν</span> <span class='ocrx_word' id='word_1_523' title='bbox 3405 1514 3472 1567; x_wconf 88' lang='grc' dir='ltr'>ἐκ</span> <span class='ocrx_word' id='word_1_524' title='bbox 3519 1513 3745 1578; x_wconf 86' lang='grc' dir='ltr'>τούτων.</span> 
     </span>
    </p>
   </div>
   <div class='ocr_carea' id='block_1_75' title="bbox 2159 1606 3749 1687">
    <p class='ocr_par' dir='ltr' id='par_1_75' title="bbox 2159 1606 3749 1687">
     <span class='ocr_line' id='line_1_75' title="bbox 2159 1606 3749 1687; baseline 0.003 -20"><span class='ocrx_word' id='word_1_525' title='bbox 2159 1614 2242 1668; x_wconf 79' lang='grc' dir='ltr'>ὅτι</span> <span class='ocrx_word' id='word_1_526' title='bbox 2269 1612 2365 1667; x_wconf 87' lang='grc' dir='ltr'>τοῦ</span> <span class='ocrx_word' id='word_1_527' title='bbox 2393 1611 2595 1687; x_wconf 78' lang='grc' dir='ltr'>λῃστοῦ</span> <span class='ocrx_word' id='word_1_528' title='bbox 2620 1612 2819 1687; x_wconf 89' lang='grc' dir='ltr'>χείρων</span> <span class='ocrx_word' id='word_1_529' title='bbox 2837 1606 2926 1683; x_wconf 80' lang='grc' dir='ltr'>ῆν,</span> <span class='ocrx_word' id='word_1_530' title='bbox 2955 1614 3049 1668; x_wconf 75' lang='grc' dir='ltr'>καὶ</span> <span class='ocrx_word' id='word_1_531' title='bbox 3077 1612 3219 1667; x_wconf 77' lang='grc' dir='ltr'>οὕτω</span> <span class='ocrx_word' id='word_1_532' title='bbox 3240 1615 3578 1686; x_wconf 86' lang='grc' dir='ltr'>παράνομος,</span> <span class='ocrx_word' id='word_1_533' title='bbox 3610 1616 3749 1672; x_wconf 84' lang='grc' dir='ltr'>ὥστε</span> 
     </span>
    </p>
   </div>
   <div class='ocr_carea' id='block_1_76' title="bbox 2163 1713 3750 1788">
    <p class='ocr_par' dir='ltr' id='par_1_76' title="bbox 2163 1713 3750 1788">
     <span class='ocr_line' id='line_1_76' title="bbox 2163 1713 3750 1788; baseline 0.003 -19"><span class='ocrx_word' id='word_1_534' title='bbox 2163 1716 2304 1788; x_wconf 81' lang='grc' dir='ltr'>μήτε</span> <span class='ocrx_word' id='word_1_535' title='bbox 2344 1714 2748 1788; x_wconf 78' lang='grc' dir='ltr'>φιλανθρωπίᾳ,</span> <span class='ocrx_word' id='word_1_536' title='bbox 2781 1715 2920 1786; x_wconf 83' lang='grc' dir='ltr'>μήτε</span> <span class='ocrx_word' id='word_1_537' title='bbox 2960 1716 3155 1787; x_wconf 90' lang='grc' dir='ltr'>ἐορτῆς</span> <span class='ocrx_word' id='word_1_538' title='bbox 3187 1713 3455 1787; x_wconf 79' lang='grc' dir='ltr'>ἀξιώματι</span> <span class='ocrx_word' id='word_1_539' title='bbox 3488 1715 3750 1773; x_wconf 79' lang='grc' dir='ltr'>δύνασθαι</span> 
     </span>
    </p>
   </div>
   <div class='ocr_carea' id='block_1_77' title="bbox 2162 1814 3748 1887">
    <p class='ocr_par' dir='ltr' id='par_1_77' title="bbox 2162 1814 3748 1887">
     <span class='ocr_line' id='line_1_77' title="bbox 2162 1814 3748 1887; baseline 0.001 -16"><span class='ocrx_word' id='word_1_540' title='bbox 2162 1815 2450 1881; x_wconf 80' lang='grc' dir='ltr'>σώζεσθαι.</span> <span class='ocrx_word' id='word_1_541' title='bbox 2486 1816 2676 1871; x_wconf 82' lang='grc' dir='ltr'>Πάντα</span> <span class='ocrx_word' id='word_1_542' title='bbox 2730 1815 2842 1887; x_wconf 85' lang='grc' dir='ltr'>γὰρ</span> <span class='ocrx_word' id='word_1_543' title='bbox 2871 1814 3065 1870; x_wconf 91' lang='grc' dir='ltr'>τούτου</span> <span class='ocrx_word' id='word_1_544' title='bbox 3119 1815 3308 1871; x_wconf 76' lang='grc' dir='ltr'>ἕνεκεν</span> <span class='ocrx_word' id='word_1_545' title='bbox 3338 1817 3580 1880; x_wconf 87' lang='grc' dir='ltr'>ἐποίουν,</span> <span class='ocrx_word' id='word_1_546' title='bbox 3611 1818 3748 1873; x_wconf 84' lang='grc' dir='ltr'>ὥστε</span> 
     </span>
    </p>
   </div>
   <div class='ocr_carea' id='block_1_78' title="bbox 2160 1917 3750 1990">
    <p class='ocr_par' dir='ltr' id='par_1_78' title="bbox 2160 1917 3750 1990">
     <span class='ocr_line' id='line_1_78' title="bbox 2160 1917 3750 1990; baseline -0.001 -16"><span class='ocrx_word' id='word_1_547' title='bbox 2160 1917 2327 1975; x_wconf 82' lang='grc' dir='ltr'>αὐτοῦ</span> <span class='ocrx_word' id='word_1_548' title='bbox 2356 1919 2457 1990; x_wconf 77' lang='grc' dir='ltr'>τὴν</span> <span class='ocrx_word' id='word_1_549' title='bbox 2480 1917 2752 1990; x_wconf 68' lang='grc' dir='ltr'>ὑπόληψιν</span> <span class='ocrx_word' id='word_1_550' title='bbox 2774 1917 3052 1973; x_wconf 85' lang='grc' dir='ltr'>διαϐαλεῖν</span> <span class='ocrx_word' id='word_1_551' title='bbox 3066 1935 3081 1950; x_wconf 93' lang='grc'><strong>·</strong></span> <span class='ocrx_word' id='word_1_552' title='bbox 3108 1919 3198 1973; x_wconf 90' lang='grc' dir='ltr'>διά</span> <span class='ocrx_word' id='word_1_553' title='bbox 3216 1936 3301 1973; x_wconf 91' lang='grc' dir='ltr'>τοι</span> <span class='ocrx_word' id='word_1_554' title='bbox 3324 1917 3484 1973; x_wconf 72' lang='grc' dir='ltr'>τοῖτο</span> <span class='ocrx_word' id='word_1_555' title='bbox 3512 1920 3609 1973; x_wconf 74' lang='grc' dir='ltr'>καὶ</span> <span class='ocrx_word' id='word_1_556' title='bbox 3626 1920 3750 1985; x_wconf 71' lang='grc' dir='ltr'>τοὺς</span> 
     </span>
    </p>
   </div>
   <div class='ocr_carea' id='block_1_79' title="bbox 2158 2018 3749 2092">
    <p class='ocr_par' dir='ltr' id='par_1_79' title="bbox 2158 2018 3749 2092">
     <span class='ocr_line' id='line_1_79' title="bbox 2158 2018 3749 2092; baseline -0.001 -16"><span class='ocrx_word' id='word_1_557' title='bbox 2158 2020 2254 2077; x_wconf 89' lang='grc' dir='ltr'>δύο</span> <span class='ocrx_word' id='word_1_558' title='bbox 2273 2019 2478 2092; x_wconf 80' lang='grc' dir='ltr'>λῃστὰς</span> <span class='ocrx_word' id='word_1_559' title='bbox 2510 2018 2661 2090; x_wconf 84' lang='grc' dir='ltr'>αὐτῷ</span> <span class='ocrx_word' id='word_1_560' title='bbox 2686 2018 3162 2090; x_wconf 87' lang='grc' dir='ltr'>συνεσταύρωσαν.</span> <span class='ocrx_word' id='word_1_561' title='bbox 3199 2018 3339 2073; x_wconf 79' lang='grc' dir='ltr'>Ἀλλ’</span> <span class='ocrx_word' id='word_1_562' title='bbox 3367 2020 3402 2091; x_wconf 92' lang='grc' dir='ltr'>ἡ</span> <span class='ocrx_word' id='word_1_563' title='bbox 3431 2019 3665 2090; x_wconf 78' lang='grc' dir='ltr'>ἀλήθεια</span> <span class='ocrx_word' id='word_1_564' title='bbox 3689 2041 3749 2075; x_wconf 82' lang='grc' dir='ltr'>ου</span> 
     </span>
    </p>
   </div>
   <div class='ocr_carea' id='block_1_80' title="bbox 2163 2118 3755 2192">
    <p class='ocr_par' dir='ltr' id='par_1_80' title="bbox 2163 2118 3755 2192">
     <span class='ocr_line' id='line_1_80' title="bbox 2163 2118 3755 2192; baseline -0.001 -15"><span class='ocrx_word' id='word_1_565' title='bbox 2163 2118 2569 2188; x_wconf 78' lang='grc' dir='ltr'>συνεσκιάζετο,</span> <span class='ocrx_word' id='word_1_566' title='bbox 2611 2121 2748 2176; x_wconf 88' lang='grc' dir='ltr'>ἀλλά</span> <span class='ocrx_word' id='word_1_567' title='bbox 2772 2122 2868 2176; x_wconf 77' lang='grc' dir='ltr'>καὶ</span> <span class='ocrx_word' id='word_1_568' title='bbox 2907 2120 3172 2192; x_wconf 81' lang='grc' dir='ltr'>μειζόνως</span> <span class='ocrx_word' id='word_1_569' title='bbox 3203 2121 3487 2192; x_wconf 78' lang='grc' dir='ltr'>διέλαμπε-</span> <span class='ocrx_word' id='word_1_570' title='bbox 3518 2123 3633 2176; x_wconf 82' lang='lat' dir='ltr'><strong>Kal</strong></span> <span class='ocrx_word' id='word_1_571' title='bbox 3661 2140 3755 2175; x_wconf 89' lang='grc' dir='ltr'>τυ-</span> 
     </span>
    </p>
   </div>
   <div class='ocr_carea' id='block_1_81' title="bbox 2165 2207 3756 2284">
    <p class='ocr_par' dir='ltr' id='par_1_81' title="bbox 2165 2207 3756 2284">
     <span class='ocr_line' id='line_1_81' title="bbox 2165 2207 3756 2284; baseline -0.002 -18"><span class='ocrx_word' id='word_1_572' title='bbox 2165 2211 2385 2284; x_wconf 85' lang='grc' dir='ltr'>ραννίδα</span> <span class='ocrx_word' id='word_1_573' title='bbox 2421 2211 2480 2264; x_wconf 86' lang='grc' dir='ltr'>δέ</span> <span class='ocrx_word' id='word_1_574' title='bbox 2507 2208 2661 2281; x_wconf 84' lang='grc' dir='ltr'>αὑτῷ</span> <span class='ocrx_word' id='word_1_575' title='bbox 2699 2208 2991 2265; x_wconf 82' lang='grc' dir='ltr'>ἐνεκάλουν</span> <span class='ocrx_word' id='word_1_576' title='bbox 3021 2208 3289 2279; x_wconf 88' lang='grc' dir='ltr'>λέγοντες,</span> <span class='ocrx_word' id='word_1_577' title='bbox 3345 2207 3469 2276; x_wconf 87' lang='grc' dir='ltr'>Πᾶς</span> <span class='ocrx_word' id='word_1_578' title='bbox 3499 2212 3534 2263; x_wconf 80' lang='grc' dir='ltr'><em>ὁ</em></span> <span class='ocrx_word' id='word_1_579' title='bbox 3566 2210 3756 2264; x_wconf 70' lang='grc' dir='ltr'>ποιῶν</span> 
     </span>
    </p>
   </div>
   <div class='ocr_carea' id='block_1_82' title="bbox 2160 2310 3754 2381">
    <p class='ocr_par' dir='ltr' id='par_1_82' title="bbox 2160 2310 3754 2381">
     <span class='ocr_line' id='line_1_82' title="bbox 2160 2310 3754 2381; baseline -0.004 -13"><span class='ocrx_word' id='word_1_580' title='bbox 2160 2312 2380 2369; x_wconf 76' lang='grc' dir='ltr'>ἑαυτὸν</span> <span class='ocrx_word' id='word_1_581' title='bbox 2398 2311 2687 2378; x_wconf 76' lang='grc' dir='ltr'>βασιλέα,</span> <span class='ocrx_word' id='word_1_582' title='bbox 2714 2314 2826 2367; x_wconf 85' lang='grc' dir='ltr'>οὐκ</span> <span class='ocrx_word' id='word_1_583' title='bbox 2864 2310 2998 2365; x_wconf 74' lang='grc' dir='ltr'>ἐστι</span> <span class='ocrx_word' id='word_1_584' title='bbox 3029 2312 3212 2381; x_wconf 77' lang='grc' dir='ltr'>φίλος</span> <span class='ocrx_word' id='word_1_585' title='bbox 3234 2310 3343 2366; x_wconf 84' lang='grc' dir='ltr'>τοῦ</span> <span class='ocrx_word' id='word_1_586' title='bbox 3372 2311 3680 2381; x_wconf 80' lang='grc' dir='ltr'>Καίσαρος</span> <span class='ocrx_word' id='word_1_587' title='bbox 3702 2310 3754 2374; x_wconf 71' lang='grc' dir='ltr'>δ,</span> 
     </span>
    </p>
   </div>
   <div class='ocr_carea' id='block_1_83' title="bbox 2159 2411 3757 2485">
    <p class='ocr_par' dir='ltr' id='par_1_83' title="bbox 2159 2411 3757 2485">
     <span class='ocr_line' id='line_1_83' title="bbox 2159 2411 3757 2485; baseline -0.003 -17"><span class='ocrx_word' id='word_1_588' title='bbox 2159 2413 2240 2485; x_wconf 83' lang='grc' dir='ltr'>τῷ</span> <span class='ocrx_word' id='word_1_589' title='bbox 2261 2413 2360 2467; x_wconf 82' lang='grc' dir='ltr'>οὐκ</span> <span class='ocrx_word' id='word_1_590' title='bbox 2387 2412 2565 2484; x_wconf 73' lang='grc' dir='ltr'>ἔχοντι</span> <span class='ocrx_word' id='word_1_591' title='bbox 2599 2411 2705 2467; x_wconf 90' lang='grc' dir='ltr'>ποῦ</span> <span class='ocrx_word' id='word_1_592' title='bbox 2743 2411 2845 2484; x_wconf 81' lang='grc' dir='ltr'>τὴν</span> <span class='ocrx_word' id='word_1_593' title='bbox 2876 2411 3122 2482; x_wconf 78' lang='grc' dir='ltr'>κεφαλὴν</span> <span class='ocrx_word' id='word_1_594' title='bbox 3166 2412 3382 2479; x_wconf 86' lang='grc' dir='ltr'>κλῖναι,</span> <span class='ocrx_word' id='word_1_595' title='bbox 3438 2411 3757 2483; x_wconf 80' lang='grc' dir='ltr'>τυραννίδος</span> 
     </span>
    </p>
   </div>
   <div class='ocr_carea' id='block_1_84' title="bbox 2162 2511 3758 2584">
    <p class='ocr_par' dir='ltr' id='par_1_84' title="bbox 2162 2511 3758 2584">
     <span class='ocr_line' id='line_1_84' title="bbox 2162 2511 3758 2584; baseline -0.003 -15"><span class='ocrx_word' id='word_1_596' title='bbox 2162 2514 2460 2584; x_wconf 85' lang='grc' dir='ltr'>ἐπάγοντες</span> <span class='ocrx_word' id='word_1_597' title='bbox 2517 2512 2791 2584; x_wconf 75' lang='grc' dir='ltr'>ἔγκλημα.</span> <span class='ocrx_word' id='word_1_598' title='bbox 2838 2512 2950 2567; x_wconf 85' lang='lat' dir='ltr'><strong>Kal</strong></span> <span class='ocrx_word' id='word_1_599' title='bbox 3001 2512 3096 2565; x_wconf 80' lang='grc' dir='ltr'>ἐπὶ</span> <span class='ocrx_word' id='word_1_600' title='bbox 3128 2511 3449 2583; x_wconf 79' lang='grc' dir='ltr'>βλασφημίᾳ</span> <span class='ocrx_word' id='word_1_601' title='bbox 3487 2512 3546 2566; x_wconf 83' lang='grc' dir='ltr'>δέ</span> <span class='ocrx_word' id='word_1_602' title='bbox 3595 2511 3758 2567; x_wconf 77' lang='grc' dir='ltr'>αὑτὸν</span> 
     </span>
    </p>
   </div>
   <div class='ocr_carea' id='block_1_85' title="bbox 2162 2611 3759 2686">
    <p class='ocr_par' dir='ltr' id='par_1_85' title="bbox 2162 2611 3759 2686">
     <span class='ocr_line' id='line_1_85' title="bbox 2162 2611 3759 2686; baseline -0.005 -14"><span class='ocrx_word' id='word_1_603' title='bbox 2162 2616 2585 2686; x_wconf 80' lang='grc' dir='ltr'>ἐσυκοφάντουν.</span> <span class='ocrx_word' id='word_1_604' title='bbox 2649 2614 2714 2669; x_wconf 86' lang='grc' dir='ltr'><strong>Ὅ</strong></span> <span class='ocrx_word' id='word_1_605' title='bbox 2745 2614 2846 2684; x_wconf 84' lang='grc' dir='ltr'>μὲν</span> <span class='ocrx_word' id='word_1_606' title='bbox 2880 2612 2991 2684; x_wconf 86' lang='grc' dir='ltr'>γὰρ</span> <span class='ocrx_word' id='word_1_607' title='bbox 3043 2612 3339 2685; x_wconf 81' lang='grc' dir='ltr'>ἀρχιερεὺς</span> <span class='ocrx_word' id='word_1_608' title='bbox 3389 2611 3646 2686; x_wconf 69' lang='grc' dir='ltr'>διέρρηξε</span> <span class='ocrx_word' id='word_1_609' title='bbox 3689 2611 3759 2666; x_wconf 82' lang='grc' dir='ltr'>τὰ</span> 
     </span>
    </p>
   </div>
   <div class='ocr_carea' id='block_1_86' title="bbox 2165 2708 3760 2786">
    <p class='ocr_par' dir='ltr' id='par_1_86' title="bbox 2165 2708 3760 2786">
     <span class='ocr_line' id='line_1_86' title="bbox 2165 2708 3760 2786; baseline -0.002 -20"><span class='ocrx_word' id='word_1_610' title='bbox 2165 2713 2360 2786; x_wconf 82' lang='grc' dir='ltr'>ἱμάτια</span> <span class='ocrx_word' id='word_1_611' title='bbox 2384 2711 2551 2766; x_wconf 75' lang='grc' dir='ltr'>αὐτοῦ</span> <span class='ocrx_word' id='word_1_612' title='bbox 2581 2708 2780 2780; x_wconf 75' lang='grc' dir='ltr'>λέγων’</span> <span class='ocrx_word' id='word_1_613' title='bbox 2809 2708 3284 2778; x_wconf 71' lang='grc' dir='ltr'>Ἐϐλασφήμησε</span> <span class='ocrx_word' id='word_1_614' title='bbox 3307 2723 3322 2737; x_wconf 65' lang='grc'><strong>⁸</strong></span> <span class='ocrx_word' id='word_1_615' title='bbox 3351 2708 3410 2762; x_wconf 80' lang='grc' dir='ltr'>τι</span> <span class='ocrx_word' id='word_1_616' title='bbox 3432 2709 3523 2763; x_wconf 79' lang='grc' dir='ltr'>ἐτι</span> <span class='ocrx_word' id='word_1_617' title='bbox 3547 2709 3760 2778; x_wconf 69' lang='grc' dir='ltr'>χρείαν</span> 
     </span>
    </p>
   </div>
   <div class='ocr_carea' id='block_1_87' title="bbox 2162 2791 3756 2871">
    <p class='ocr_par' dir='ltr' id='par_1_87' title="bbox 2162 2791 3756 2871">
     <span class='ocr_line' id='line_1_87' title="bbox 2162 2791 3756 2871; baseline -0.003 -15"><span class='ocrx_word' id='word_1_618' title='bbox 2162 2802 2382 2871; x_wconf 81' lang='grc' dir='ltr'>ἔχομεν</span> <span class='ocrx_word' id='word_1_619' title='bbox 2403 2798 2524 2853; x_wconf 77' lang='grc' dir='ltr'>τῶν</span> <span class='ocrx_word' id='word_1_620' title='bbox 2544 2798 2904 2869; x_wconf 69' lang='grc' dir='ltr'>μαρτύρωνς</span> <span class='ocrx_word' id='word_1_621' title='bbox 2945 2797 3007 2850; x_wconf 85' lang='lat'><strong>&#39;0</strong></span> <span class='ocrx_word' id='word_1_622' title='bbox 3045 2796 3103 2849; x_wconf 83' lang='grc' dir='ltr'>δὲ</span> <span class='ocrx_word' id='word_1_623' title='bbox 3139 2796 3392 2862; x_wconf 84' lang='grc' dir='ltr'>θάνατος,</span> <span class='ocrx_word' id='word_1_624' title='bbox 3423 2791 3575 2862; x_wconf 76' lang='grc' dir='ltr'>οἷος;</span> <span class='ocrx_word' id='word_1_625' title='bbox 3624 2808 3649 2836; x_wconf 75' lang='grc' dir='ltr'>ε</span> <span class='ocrx_word' id='word_1_626' title='bbox 3682 2795 3756 2851; x_wconf 78' lang='grc' dir='ltr'>Οὐ</span> 
     </span>
    </p>
   </div>
   <div class='ocr_carea' id='block_1_88' title="bbox 2166 2897 3759 2973">
    <p class='ocr_par' dir='ltr' id='par_1_88' title="bbox 2166 2897 3759 2973">
     <span class='ocr_line' id='line_1_88' title="bbox 2166 2897 3759 2973; baseline -0.003 -18"><span class='ocrx_word' id='word_1_627' title='bbox 2166 2901 2375 2973; x_wconf 85' lang='grc' dir='ltr'>βίαιος;</span> <span class='ocrx_word' id='word_1_628' title='bbox 2405 2900 2466 2953; x_wconf 81' lang='grc' dir='ltr'>οὐ</span> <span class='ocrx_word' id='word_1_629' title='bbox 2496 2898 2804 2953; x_wconf 83' lang='grc' dir='ltr'>καταδίκων</span> <span class='ocrx_word' id='word_1_630' title='bbox 2829 2915 2843 2963; x_wconf 94' lang='grc'><strong>;</strong></span> <span class='ocrx_word' id='word_1_631' title='bbox 2874 2898 2975 2951; x_wconf 79' lang='grc' dir='ltr'>οὐκ</span> <span class='ocrx_word' id='word_1_632' title='bbox 3028 2897 3352 2969; x_wconf 87' lang='grc' dir='ltr'>ἐπαράτων;</span> <span class='ocrx_word' id='word_1_633' title='bbox 3387 2898 3487 2969; x_wconf 74' lang='grc' dir='ltr'>οὐχ</span> <span class='ocrx_word' id='word_1_634' title='bbox 3520 2899 3550 2951; x_wconf 95' lang='lat'>6</span> <span class='ocrx_word' id='word_1_635' title='bbox 3575 2899 3759 2970; x_wconf 75' lang='grc' dir='ltr'>αἴσχι-</span> 
     </span>
    </p>
   </div>
   <div class='ocr_carea' id='block_1_89' title="bbox 2166 2997 3761 3073">
    <p class='ocr_par' dir='ltr' id='par_1_89' title="bbox 2166 2997 3761 3073">
     <span class='ocr_line' id='line_1_89' title="bbox 2166 2997 3761 3073; baseline -0.001 -16"><span class='ocrx_word' id='word_1_636' title='bbox 2166 3020 2290 3067; x_wconf 88' lang='grc' dir='ltr'>στος</span> <span class='ocrx_word' id='word_1_637' title='bbox 2310 3019 2325 3069; x_wconf 87' lang='grc'><strong>;</strong></span> <span class='ocrx_word' id='word_1_638' title='bbox 2348 3003 2447 3073; x_wconf 81' lang='grc' dir='ltr'>οὐχ</span> <span class='ocrx_word' id='word_1_639' title='bbox 2470 3003 2499 3054; x_wconf 85' lang='grc' dir='ltr'>ὁ</span> <span class='ocrx_word' id='word_1_640' title='bbox 2518 3000 2626 3053; x_wconf 88' lang='grc' dir='ltr'>τῶν</span> <span class='ocrx_word' id='word_1_641' title='bbox 2648 3000 2717 3054; x_wconf 82' lang='grc' dir='ltr'>τὰ</span> <span class='ocrx_word' id='word_1_642' title='bbox 2740 2998 2946 3071; x_wconf 74' lang='grc' dir='ltr'>ἔσχατα</span> <span class='ocrx_word' id='word_1_643' title='bbox 2969 2997 3519 3069; x_wconf 86' lang='grc' dir='ltr'>παρανενομηκότων,</span> <span class='ocrx_word' id='word_1_644' title='bbox 3545 3000 3641 3052; x_wconf 77' lang='grc' dir='ltr'>καὶ</span> <span class='ocrx_word' id='word_1_645' title='bbox 3658 3002 3761 3056; x_wconf 77' lang='grc' dir='ltr'>οὐκ</span> 
     </span>
    </p>
   </div>
   <div class='ocr_carea' id='block_1_90' title="bbox 2165 3101 3761 3176">
    <p class='ocr_par' dir='ltr' id='par_1_90' title="bbox 2165 3101 3761 3176">
     <span class='ocr_line' id='line_1_90' title="bbox 2165 3101 3761 3176; baseline -0.001 -17"><span class='ocrx_word' id='word_1_646' title='bbox 2165 3105 2332 3173; x_wconf 81' lang='grc' dir='ltr'>ἀξίων</span> <span class='ocrx_word' id='word_1_647' title='bbox 2366 3102 2534 3159; x_wconf 73' lang='grc' dir='ltr'>ὅντων</span> <span class='ocrx_word' id='word_1_648' title='bbox 2556 3102 2677 3156; x_wconf 77' lang='grc' dir='ltr'>οὐδὲ</span> <span class='ocrx_word' id='word_1_649' title='bbox 2698 3101 2791 3155; x_wconf 72' lang='grc' dir='ltr'>ἐπὶ</span> <span class='ocrx_word' id='word_1_650' title='bbox 2813 3101 2910 3172; x_wconf 83' lang='grc' dir='ltr'>τῆς</span> <span class='ocrx_word' id='word_1_651' title='bbox 2926 3102 3037 3173; x_wconf 85' lang='grc' dir='ltr'>γῆς</span> <span class='ocrx_word' id='word_1_652' title='bbox 3067 3102 3166 3174; x_wconf 84' lang='grc' dir='ltr'>τὴν</span> <span class='ocrx_word' id='word_1_653' title='bbox 3196 3103 3374 3176; x_wconf 71' lang='grc' dir='ltr'>ψυχὴν</span> <span class='ocrx_word' id='word_1_654' title='bbox 3399 3106 3622 3175; x_wconf 82' lang='grc' dir='ltr'>ἀφεῖναι</span> <span class='ocrx_word' id='word_1_655' title='bbox 3643 3122 3659 3170; x_wconf 90' lang='grc'><strong>;</strong></span> <span class='ocrx_word' id='word_1_656' title='bbox 3686 3103 3761 3157; x_wconf 81' lang='lat' dir='ltr'>T6</span> 
     </span>
    </p>
   </div>
   <div class='ocr_carea' id='block_1_91' title="bbox 2163 3199 3760 3279">
    <p class='ocr_par' dir='ltr' id='par_1_91' title="bbox 2163 3199 3760 3279">
     <span class='ocr_line' id='line_1_91' title="bbox 2163 3199 3760 3279; baseline -0.001 -19"><span class='ocrx_word' id='word_1_657' title='bbox 2163 3206 2223 3261; x_wconf 83' lang='grc' dir='ltr'>δὲ</span> <span class='ocrx_word' id='word_1_658' title='bbox 2246 3207 2344 3277; x_wconf 88' lang='grc' dir='ltr'>τῆς</span> <span class='ocrx_word' id='word_1_659' title='bbox 2376 3205 2555 3275; x_wconf 81' lang='grc' dir='ltr'>ταφῆς</span> <span class='ocrx_word' id='word_1_660' title='bbox 2577 3199 2716 3268; x_wconf 77' lang='grc' dir='ltr'>εἶδος</span> <span class='ocrx_word' id='word_1_661' title='bbox 2745 3203 2846 3256; x_wconf 80' lang='grc' dir='ltr'>οὐκ</span> <span class='ocrx_word' id='word_1_662' title='bbox 2879 3205 2939 3257; x_wconf 87' lang='grc' dir='ltr'>ἐν</span> <span class='ocrx_word' id='word_1_663' title='bbox 2959 3205 3185 3276; x_wconf 81' lang='grc' dir='ltr'>χάριτος</span> <span class='ocrx_word' id='word_1_664' title='bbox 3214 3205 3517 3279; x_wconf 89' lang='grc' dir='ltr'>πληροῦται</span> <span class='ocrx_word' id='word_1_665' title='bbox 3550 3205 3710 3279; x_wconf 81' lang='grc' dir='ltr'>μέρει</span> <span class='ocrx_word' id='word_1_666' title='bbox 3742 3222 3760 3271; x_wconf 89' lang='lat'><strong>;</strong></span> 
     </span>
    </p>
   </div>
   <div class='ocr_carea' id='block_1_92' title="bbox 2176 3304 3763 3379">
    <p class='ocr_par' dir='ltr' id='par_1_92' title="bbox 2176 3304 3763 3379">
     <span class='ocr_line' id='line_1_92' title="bbox 2176 3304 3763 3379; baseline -0.003 -17"><span class='ocrx_word' id='word_1_667' title='bbox 2176 3306 2377 3362; x_wconf 84' lang='grc' dir='ltr'>Ἐλθὼν</span> <span class='ocrx_word' id='word_1_668' title='bbox 2410 3306 2523 3379; x_wconf 90' lang='grc' dir='ltr'>γάρ</span> <span class='ocrx_word' id='word_1_669' title='bbox 2580 3324 2667 3370; x_wconf 89' lang='grc' dir='ltr'>τις</span> <span class='ocrx_word' id='word_1_670' title='bbox 2715 3305 2776 3360; x_wconf 85' lang='grc' dir='ltr'>τὺ</span> <span class='ocrx_word' id='word_1_671' title='bbox 2831 3305 2993 3375; x_wconf 85' lang='grc' dir='ltr'>σῶμα</span> <span class='ocrx_word' id='word_1_672' title='bbox 3023 3304 3190 3359; x_wconf 81' lang='grc' dir='ltr'>αὐτοῦ</span> <span class='ocrx_word' id='word_1_673' title='bbox 3217 3304 3541 3379; x_wconf 79' lang='grc' dir='ltr'>ἐξῃτήσατο.</span> <span class='ocrx_word' id='word_1_674' title='bbox 3570 3305 3763 3370; x_wconf 70' lang='grc' dir='ltr'>Οὕτως</span> 
     </span>
    </p>
   </div>
   <div class='ocr_carea' id='block_1_93' title="bbox 2165 3400 3763 3478">
    <p class='ocr_par' dir='ltr' id='par_1_93' title="bbox 2165 3400 3763 3478">
     <span class='ocr_line' id='line_1_93' title="bbox 2165 3400 3763 3478; baseline -0.001 -17"><span class='ocrx_word' id='word_1_675' title='bbox 2165 3407 2287 3461; x_wconf 78' lang='grc' dir='ltr'>οὐδὲ</span> <span class='ocrx_word' id='word_1_676' title='bbox 2314 3410 2343 3461; x_wconf 86' lang='lat'>6</span> <span class='ocrx_word' id='word_1_677' title='bbox 2362 3405 2584 3460; x_wconf 87' lang='grc' dir='ltr'>θάπτων</span> <span class='ocrx_word' id='word_1_678' title='bbox 2604 3405 2770 3459; x_wconf 82' lang='grc' dir='ltr'>αὑτὸν</span> <span class='ocrx_word' id='word_1_679' title='bbox 2789 3400 2858 3475; x_wconf 80' lang='grc' dir='ltr'>ἦν</span> <span class='ocrx_word' id='word_1_680' title='bbox 2894 3404 3006 3459; x_wconf 91' lang='grc' dir='ltr'>τῶν</span> <span class='ocrx_word' id='word_1_681' title='bbox 3041 3406 3260 3460; x_wconf 86' lang='grc' dir='ltr'>οίκείων</span> <span class='ocrx_word' id='word_1_682' title='bbox 3281 3448 3296 3475; x_wconf 96' lang='grc'>,</span> <span class='ocrx_word' id='word_1_683' title='bbox 3329 3406 3440 3461; x_wconf 83' lang='grc' dir='ltr'>τῶν</span> <span class='ocrx_word' id='word_1_684' title='bbox 3465 3408 3763 3478; x_wconf 80' lang='grc' dir='ltr'>εὐεργετη-</span> 
     </span>
    </p>
   </div>
   <div class='ocr_carea' id='block_1_94' title="bbox 2167 3486 3763 3579">
    <p class='ocr_par' dir='ltr' id='par_1_94' title="bbox 2167 3486 3763 3579">
     <span class='ocr_line' id='line_1_94' title="bbox 2167 3486 3763 3579; baseline 0.001 -19"><span class='ocrx_word' id='word_1_685' title='bbox 2167 3504 2390 3569; x_wconf 88' lang='grc' dir='ltr'>θέντων,</span> <span class='ocrx_word' id='word_1_686' title='bbox 2422 3505 2533 3560; x_wconf 85' lang='grc' dir='ltr'>τῶν</span> <span class='ocrx_word' id='word_1_687' title='bbox 2569 3505 2849 3576; x_wconf 88' lang='grc' dir='ltr'>μαθητῶν,</span> <span class='ocrx_word' id='word_1_688' title='bbox 2877 3486 2986 3559; x_wconf 85' lang='grc' dir='ltr'>τῶν</span> <span class='ocrx_word' id='word_1_689' title='bbox 3009 3506 3280 3579; x_wconf 83' lang='grc' dir='ltr'>τοσαύτης</span> <span class='ocrx_word' id='word_1_690' title='bbox 3312 3507 3763 3562; x_wconf 84' lang='grc' dir='ltr'>ἀπολελαυκότων</span> 
     </span>
    </p>
   </div>
   <div class='ocr_carea' id='block_1_95' title="bbox 2166 3607 3763 3682">
    <p class='ocr_par' dir='ltr' id='par_1_95' title="bbox 2166 3607 3763 3682">
     <span class='ocr_line' id='line_1_95' title="bbox 2166 3607 3763 3682; baseline 0 -19"><span class='ocrx_word' id='word_1_691' title='bbox 2166 3607 2481 3682; x_wconf 78' lang='grc' dir='ltr'>παρρησίας</span> <span class='ocrx_word' id='word_1_692' title='bbox 2505 3607 2599 3662; x_wconf 74' lang='grc' dir='ltr'>καὶ</span> <span class='ocrx_word' id='word_1_693' title='bbox 2633 3607 2651 3646; x_wconf 74' lang='grc' dir='ltr'>ί</span> <span class='ocrx_word' id='word_1_694' title='bbox 2691 3608 2986 3679; x_wconf 86' lang='grc' dir='ltr'>σωτηρίας,</span> <span class='ocrx_word' id='word_1_695' title='bbox 3015 3608 3233 3663; x_wconf 91' lang='grc' dir='ltr'>πάντων</span> <span class='ocrx_word' id='word_1_696' title='bbox 3257 3610 3511 3680; x_wconf 80' lang='grc' dir='ltr'>φυγάδων</span> <span class='ocrx_word' id='word_1_697' title='bbox 3528 3610 3763 3681; x_wconf 83' lang='grc' dir='ltr'>γενομέ-</span> 
     </span>
    </p>
   </div>
   <div class='ocr_carea' id='block_1_96' title="bbox 2166 3709 3760 3784">
    <p class='ocr_par' dir='ltr' id='par_1_96' title="bbox 2166 3709 3760 3784">
     <span class='ocr_line' id='line_1_96' title="bbox 2166 3709 3760 3784; baseline 0 -19"><span class='ocrx_word' id='word_1_698' title='bbox 2166 3728 2296 3775; x_wconf 88' lang='grc' dir='ltr'>νων,</span> <span class='ocrx_word' id='word_1_699' title='bbox 2330 3710 2550 3765; x_wconf 90' lang='grc' dir='ltr'>πάντων</span> <span class='ocrx_word' id='word_1_700' title='bbox 2577 3709 3075 3781; x_wconf 84' lang='grc' dir='ltr'>ἅποπηδησάντων.</span> <span class='ocrx_word' id='word_1_701' title='bbox 3117 3711 3184 3763; x_wconf 89' lang='grc' dir='ltr'><strong><em>Ἦ</em></strong></span> <span class='ocrx_word' id='word_1_702' title='bbox 3235 3711 3293 3764; x_wconf 85' lang='grc' dir='ltr'>δὲ</span> <span class='ocrx_word' id='word_1_703' title='bbox 3329 3710 3541 3784; x_wconf 85' lang='grc' dir='ltr'>πονηρά</span> <span class='ocrx_word' id='word_1_704' title='bbox 3571 3712 3760 3784; x_wconf 84' lang='grc' dir='ltr'>ἐκείνη</span> 
     </span>
    </p>
   </div>
   <div class='ocr_carea' id='block_1_97' title="bbox 2168 3811 3764 3885">
    <p class='ocr_par' dir='ltr' id='par_1_97' title="bbox 2168 3811 3764 3885">
     <span class='ocr_line' id='line_1_97' title="bbox 2168 3811 3764 3885; baseline 0.001 -19"><span class='ocrx_word' id='word_1_705' title='bbox 2168 3811 2456 3882; x_wconf 69' lang='grc' dir='ltr'>ὑπόληψις,</span> <span class='ocrx_word' id='word_1_706' title='bbox 2495 3813 2562 3885; x_wconf 80' lang='grc' dir='ltr'>ἡν</span> <span class='ocrx_word' id='word_1_707' title='bbox 2589 3811 3003 3867; x_wconf 85' lang='grc' dir='ltr'>κατεσκεύασαν</span> <span class='ocrx_word' id='word_1_708' title='bbox 3040 3813 3128 3867; x_wconf 88' lang='grc' dir='ltr'>διά</span> <span class='ocrx_word' id='word_1_709' title='bbox 3148 3813 3249 3885; x_wconf 88' lang='grc' dir='ltr'>τῆς</span> <span class='ocrx_word' id='word_1_710' title='bbox 3280 3813 3649 3877; x_wconf 83' lang='grc' dir='ltr'>ἀναστάσεως,</span> <span class='ocrx_word' id='word_1_711' title='bbox 3684 3816 3764 3868; x_wconf 82' lang='grc' dir='ltr'>εί-</span> 
     </span>
    </p>
   </div>
   <div class='ocr_carea' id='block_1_98' title="bbox 2167 3906 3765 3984">
    <p class='ocr_par' dir='ltr' id='par_1_98' title="bbox 2167 3906 3765 3984">
     <span class='ocr_line' id='line_1_98' title="bbox 2167 3906 3765 3984; baseline 0.002 -20"><span class='ocrx_word' id='word_1_712' title='bbox 2167 3910 2381 3976; x_wconf 86' lang='grc' dir='ltr'>πόντες,</span> <span class='ocrx_word' id='word_1_713' title='bbox 2402 3911 2485 3965; x_wconf 83' lang='grc' dir='ltr'>ὅτι</span> <span class='ocrx_word' id='word_1_714' title='bbox 2507 3906 2743 3967; x_wconf 84' lang='grc' dir='ltr'>Ἦλθον</span> <span class='ocrx_word' id='word_1_715' title='bbox 2769 3915 2823 3967; x_wconf 88' lang='grc' dir='ltr'>οί</span> <span class='ocrx_word' id='word_1_716' title='bbox 2847 3912 3106 3984; x_wconf 79' lang='grc' dir='ltr'>μαθηταί</span> <span class='ocrx_word' id='word_1_717' title='bbox 3129 3912 3318 3967; x_wconf 83' lang='grc' dir='ltr'>αὐτοῦ</span> <span class='ocrx_word' id='word_1_718' title='bbox 3350 3914 3448 3968; x_wconf 79' lang='grc' dir='ltr'>καὶ</span> <span class='ocrx_word' id='word_1_719' title='bbox 3484 3914 3765 3982; x_wconf 70' lang='grc' dir='ltr'>ἔκλεψαν</span> 
     </span>
    </p>
   </div>
   <div class='ocr_carea' id='block_1_99' title="bbox 2166 4012 3760 4079">
    <p class='ocr_par' dir='ltr' id='par_1_99' title="bbox 2166 4012 3760 4079">
     <span class='ocr_line' id='line_1_99' title="bbox 2166 4012 3760 4079; baseline -0.001 -12"><span class='ocrx_word' id='word_1_720' title='bbox 2166 4012 2374 4079; x_wconf 83' lang='grc' dir='ltr'>αὐτὸν,</span> <span class='ocrx_word' id='word_1_721' title='bbox 2399 4012 2601 4077; x_wconf 90' lang='grc' dir='ltr'>πόσους</span> <span class='ocrx_word' id='word_1_722' title='bbox 2624 4014 3002 4079; x_wconf 86' lang='grc' dir='ltr'>ἐσκανδάλισε,</span> <span class='ocrx_word' id='word_1_723' title='bbox 3026 4014 3227 4079; x_wconf 87' lang='grc' dir='ltr'>πόσους</span> <span class='ocrx_word' id='word_1_724' title='bbox 3245 4016 3563 4069; x_wconf 84' lang='grc' dir='ltr'>ὑπεσκέλισε</span> <span class='ocrx_word' id='word_1_725' title='bbox 3584 4014 3760 4079; x_wconf 78' lang='grc' dir='ltr'>τέωςς</span> 
     </span>
    </p>
   </div>
   <div class='ocr_carea' id='block_1_100' title="bbox 2167 4109 3761 4183">
    <p class='ocr_par' dir='ltr' id='par_1_100' title="bbox 2167 4109 3761 4183">
     <span class='ocr_line' id='line_1_100' title="bbox 2167 4109 3761 4183; baseline 0.001 -19"><span class='ocrx_word' id='word_1_726' title='bbox 2167 4110 2279 4164; x_wconf 81' lang='lat' dir='ltr'><strong>Kal</strong></span> <span class='ocrx_word' id='word_1_727' title='bbox 2312 4109 2420 4182; x_wconf 87' lang='grc' dir='ltr'>γὰρ</span> <span class='ocrx_word' id='word_1_728' title='bbox 2458 4109 2764 4183; x_wconf 82' lang='grc' dir='ltr'>ἐκράτησεν</span> <span class='ocrx_word' id='word_1_729' title='bbox 2798 4114 2827 4165; x_wconf 82' lang='grc' dir='ltr'>ὁ</span> <span class='ocrx_word' id='word_1_730' title='bbox 2863 4112 3023 4180; x_wconf 89' lang='grc' dir='ltr'>λόγος</span> <span class='ocrx_word' id='word_1_731' title='bbox 3065 4113 3210 4178; x_wconf 86' lang='grc' dir='ltr'>τότε,</span> <span class='ocrx_word' id='word_1_732' title='bbox 3252 4113 3429 4167; x_wconf 88' lang='grc' dir='ltr'>καίτοι</span> <span class='ocrx_word' id='word_1_733' title='bbox 3453 4129 3518 4181; x_wconf 91' lang='grc' dir='ltr'>γε</span> <span class='ocrx_word' id='word_1_734' title='bbox 3546 4112 3761 4166; x_wconf 87' lang='grc' dir='ltr'>πεπλα-</span> 
     </span>
    </p>
   </div>
   <div class='ocr_carea' id='block_1_101' title="bbox 2170 4196 3759 4271">
    <p class='ocr_par' dir='ltr' id='par_1_101' title="bbox 2170 4196 3759 4271">
     <span class='ocr_line' id='line_1_101' title="bbox 2170 4196 3759 4271; baseline 0.002 -20"><span class='ocrx_word' id='word_1_735' title='bbox 2170 4198 2367 4270; x_wconf 86' lang='grc' dir='ltr'>σμένος</span> <span class='ocrx_word' id='word_1_736' title='bbox 2399 4196 2474 4252; x_wconf 84' lang='grc' dir='ltr'>ὣν</span> <span class='ocrx_word' id='word_1_737' title='bbox 2520 4198 2615 4251; x_wconf 80' lang='grc' dir='ltr'>καὶ</span> <span class='ocrx_word' id='word_1_738' title='bbox 2646 4199 2946 4271; x_wconf 85' lang='grc' dir='ltr'>χρημάτων</span> <span class='ocrx_word' id='word_1_739' title='bbox 2996 4201 3286 4271; x_wconf 88' lang='grc' dir='ltr'>γενόμενος</span> <span class='ocrx_word' id='word_1_740' title='bbox 3341 4198 3550 4271; x_wconf 86' lang='grc' dir='ltr'>ὠνητός</span> <span class='ocrx_word' id='word_1_741' title='bbox 3569 4216 3583 4231; x_wconf 79' lang='grc'><em>’</em></span> <span class='ocrx_word' id='word_1_742' title='bbox 3643 4201 3759 4254; x_wconf 84' lang='grc' dir='ltr'>ἀλλ’</span> 
     </span>
    </p>
   </div>
   <div class='ocr_carea' id='block_1_102' title="bbox 2167 4299 3763 4373">
    <p class='ocr_par' dir='ltr' id='par_1_102' title="bbox 2167 4299 3763 4373">
     <span class='ocr_line' id='line_1_102' title="bbox 2167 4299 3763 4373; baseline 0.001 -18"><span class='ocrx_word' id='word_1_743' title='bbox 2167 4300 2318 4372; x_wconf 82' lang='grc' dir='ltr'>ὅμως</span> <span class='ocrx_word' id='word_1_744' title='bbox 2346 4299 2621 4372; x_wconf 86' lang='grc' dir='ltr'>ἐκράτησε</span> <span class='ocrx_word' id='word_1_745' title='bbox 2651 4302 2803 4373; x_wconf 87' lang='grc' dir='ltr'>παρά</span> <span class='ocrx_word' id='word_1_746' title='bbox 2828 4318 2958 4367; x_wconf 88' lang='grc' dir='ltr'>τισι,</span> <span class='ocrx_word' id='word_1_747' title='bbox 2986 4302 3125 4371; x_wconf 85' lang='grc' dir='ltr'>μετὰ</span> <span class='ocrx_word' id='word_1_748' title='bbox 3152 4301 3224 4355; x_wconf 89' lang='grc' dir='ltr'>τά</span> <span class='ocrx_word' id='word_1_749' title='bbox 3274 4301 3581 4373; x_wconf 89' lang='grc' dir='ltr'>σήμαντρα,</span> <span class='ocrx_word' id='word_1_750' title='bbox 3621 4301 3763 4371; x_wconf 82' lang='grc' dir='ltr'>μετά</span> 
     </span>
    </p>
   </div>
   <div class='ocr_carea' id='block_1_103' title="bbox 2168 4399 3765 4473">
    <p class='ocr_par' dir='ltr' id='par_1_103' title="bbox 2168 4399 3765 4473">
     <span class='ocr_line' id='line_1_103' title="bbox 2168 4399 3765 4473; baseline 0.001 -19"><span class='ocrx_word' id='word_1_751' title='bbox 2168 4401 2270 4472; x_wconf 82' lang='grc' dir='ltr'>τὴν</span> <span class='ocrx_word' id='word_1_752' title='bbox 2307 4401 2665 4472; x_wconf 79' lang='grc' dir='ltr'>περιφάνειαν</span> <span class='ocrx_word' id='word_1_753' title='bbox 2697 4401 2797 4471; x_wconf 89' lang='grc' dir='ltr'>τῆς</span> <span class='ocrx_word' id='word_1_754' title='bbox 2837 4401 3098 4473; x_wconf 90' lang='grc' dir='ltr'>ἀληθείας</span> <span class='ocrx_word' id='word_1_755' title='bbox 3134 4402 3235 4472; x_wconf 83' lang='grc' dir='ltr'>τὴν</span> <span class='ocrx_word' id='word_1_756' title='bbox 3278 4400 3568 4472; x_wconf 86' lang='grc' dir='ltr'>τοσαύτην.</span> <span class='ocrx_word' id='word_1_757' title='bbox 3625 4399 3765 4455; x_wconf 82' lang='grc' dir='ltr'>Οὐδέ</span> 
     </span>
    </p>
   </div>
   <div class='ocr_carea' id='block_1_104' title="bbox 2171 4500 3764 4573">
    <p class='ocr_par' dir='ltr' id='par_1_104' title="bbox 2171 4500 3764 4573">
     <span class='ocr_line' id='line_1_104' title="bbox 2171 4500 3764 4573; baseline -0.001 -18"><span class='ocrx_word' id='word_1_758' title='bbox 2171 4501 2283 4573; x_wconf 87' lang='grc' dir='ltr'>γὰρ</span> <span class='ocrx_word' id='word_1_759' title='bbox 2306 4500 2400 4555; x_wconf 80' lang='grc' dir='ltr'>τὸν</span> <span class='ocrx_word' id='word_1_760' title='bbox 2427 4502 2557 4573; x_wconf 74' lang='grc' dir='ltr'>περὶ</span> <span class='ocrx_word' id='word_1_761' title='bbox 2586 4504 2685 4571; x_wconf 84' lang='grc' dir='ltr'>τῆς</span> <span class='ocrx_word' id='word_1_762' title='bbox 2713 4502 3062 4565; x_wconf 83' lang='grc' dir='ltr'>ἀναστάσεως</span> <span class='ocrx_word' id='word_1_763' title='bbox 3089 4501 3290 4573; x_wconf 67' lang='grc' dir='ltr'>ᾔδεσαν</span> <span class='ocrx_word' id='word_1_764' title='bbox 3332 4501 3488 4571; x_wconf 89' lang='grc' dir='ltr'>λόγον</span> <span class='ocrx_word' id='word_1_765' title='bbox 3527 4500 3590 4553; x_wconf 79' lang='grc' dir='ltr'>τὺ</span> <span class='ocrx_word' id='word_1_766' title='bbox 3619 4501 3764 4570; x_wconf 85' lang='grc' dir='ltr'>πλῆ-</span> 
     </span>
    </p>
   </div>
   <div class='ocr_carea' id='block_1_105' title="bbox 2132 4602 3766 4677">
    <p class='ocr_par' dir='ltr' id='par_1_105' title="bbox 2132 4602 3766 4677">
     <span class='ocr_line' id='line_1_105' title="bbox 2132 4602 3766 4677; baseline -0.001 -16"><span class='ocrx_word' id='word_1_767' title='bbox 2132 4614 2153 4639; x_wconf 72' lang='grc'><strong>⁴</strong></span> <span class='ocrx_word' id='word_1_768' title='bbox 2172 4606 2286 4671; x_wconf 87' lang='grc' dir='ltr'>θος,</span> <span class='ocrx_word' id='word_1_769' title='bbox 2309 4606 2445 4660; x_wconf 82' lang='grc' dir='ltr'>ὅπου</span> <span class='ocrx_word' id='word_1_770' title='bbox 2473 4623 2538 4675; x_wconf 92' lang='grc' dir='ltr'>γε</span> <span class='ocrx_word' id='word_1_771' title='bbox 2569 4603 2693 4660; x_wconf 77' lang='grc' dir='ltr'>οὐδὲ</span> <span class='ocrx_word' id='word_1_772' title='bbox 2718 4606 2874 4661; x_wconf 80' lang='grc' dir='ltr'>αὐτοὶ</span> <span class='ocrx_word' id='word_1_773' title='bbox 2894 4608 2943 4659; x_wconf 82' lang='grc' dir='ltr'>οἱ</span> <span class='ocrx_word' id='word_1_774' title='bbox 2980 4604 3218 4677; x_wconf 76' lang='grc' dir='ltr'>μαθηταὶ</span> <span class='ocrx_word' id='word_1_775' title='bbox 3246 4605 3550 4676; x_wconf 74' lang='grc' dir='ltr'>ἠπίσταντο</span> <span class='ocrx_word' id='word_1_776' title='bbox 3568 4620 3582 4633; x_wconf 73' lang='grc' dir='ltr'>ο</span> <span class='ocrx_word' id='word_1_777' title='bbox 3606 4602 3766 4659; x_wconf 70' lang='grc' dir='ltr'>οὐδὲ</span> 
     </span>
    </p>
   </div>
   <div class='ocr_carea' id='block_1_106' title="bbox 2170 4702 3763 4777">
    <p class='ocr_par' dir='ltr' id='par_1_106' title="bbox 2170 4702 3763 4777">
     <span class='ocr_line' id='line_1_106' title="bbox 2170 4702 3763 4777; baseline -0.003 -16"><span class='ocrx_word' id='word_1_778' title='bbox 2170 4707 2283 4777; x_wconf 74' lang='grc' dir='ltr'>γὰρ</span> <span class='ocrx_word' id='word_1_779' title='bbox 2314 4706 2567 4776; x_wconf 72' lang='grc' dir='ltr'>ᾔδεσαν,</span> <span class='ocrx_word' id='word_1_780' title='bbox 2603 4706 2759 4777; x_wconf 82' lang='grc' dir='ltr'>φησὶ.</span> <span class='ocrx_word' id='word_1_781' title='bbox 2786 4709 2944 4769; x_wconf 79' lang='grc' dir='ltr'>τότε,</span> <span class='ocrx_word' id='word_1_782' title='bbox 2980 4705 3069 4759; x_wconf 78' lang='grc' dir='ltr'>ὅτι</span> <span class='ocrx_word' id='word_1_783' title='bbox 3092 4705 3190 4759; x_wconf 86' lang='grc' dir='ltr'>δεῖ</span> <span class='ocrx_word' id='word_1_784' title='bbox 3209 4704 3399 4759; x_wconf 83' lang='grc' dir='ltr'>αὐτὸν</span> <span class='ocrx_word' id='word_1_785' title='bbox 3426 4708 3495 4759; x_wconf 77' lang='grc' dir='ltr'>ἐκ</span> <span class='ocrx_word' id='word_1_786' title='bbox 3531 4702 3763 4771; x_wconf 71' lang='grc' dir='ltr'>νεκρῶν</span> 
     </span>
    </p>
   </div>
   <div class='ocr_carea' id='block_1_107' title="bbox 2171 4809 3764 4881">
    <p class='ocr_par' dir='ltr' id='par_1_107' title="bbox 2171 4809 3764 4881">
     <span class='ocr_line' id='line_1_107' title="bbox 2171 4809 3764 4881; baseline -0.003 -14"><span class='ocrx_word' id='word_1_787' title='bbox 2171 4812 2531 4877; x_wconf 81' lang='grc' dir='ltr'>ἀναστῆναι.</span> <span class='ocrx_word' id='word_1_788' title='bbox 2588 4812 2798 4876; x_wconf 89' lang='grc' dir='ltr'>Πόσους</span> <span class='ocrx_word' id='word_1_789' title='bbox 2847 4813 3029 4866; x_wconf 89' lang='grc' dir='ltr'>τοίνυν</span> <span class='ocrx_word' id='word_1_790' title='bbox 3084 4813 3186 4866; x_wconf 74' lang='grc' dir='ltr'>οἴει</span> <span class='ocrx_word' id='word_1_791' title='bbox 3217 4811 3361 4865; x_wconf 86' lang='grc' dir='ltr'>κατά</span> <span class='ocrx_word' id='word_1_792' title='bbox 3418 4811 3515 4874; x_wconf 89' lang='grc' dir='ltr'>τάς</span> <span class='ocrx_word' id='word_1_793' title='bbox 3551 4809 3764 4881; x_wconf 84' lang='grc' dir='ltr'>ἡμέρας</span> 
     </span>
    </p>
   </div>
   <div class='ocr_carea' id='block_1_108' title="bbox 2171 4913 3763 4988">
    <p class='ocr_par' dir='ltr' id='par_1_108' title="bbox 2171 4913 3763 4988">
     <span class='ocr_line' id='line_1_108' title="bbox 2171 4913 3763 4988; baseline -0.004 -17"><span class='ocrx_word' id='word_1_794' title='bbox 2171 4918 2385 4983; x_wconf 89' lang='grc' dir='ltr'>ἐκείνας</span> <span class='ocrx_word' id='word_1_795' title='bbox 2442 4916 2931 4988; x_wconf 73' lang='grc' dir='ltr'>σκανδαλισθῆναις</span> <span class='ocrx_word' id='word_1_796' title='bbox 2976 4916 3115 4970; x_wconf 60' lang='lat' dir='ltr'>um!</span> <span class='ocrx_word' id='word_1_797' title='bbox 3145 4917 3295 4987; x_wconf 78' lang='grc' dir='ltr'>ὅμως</span> <span class='ocrx_word' id='word_1_798' title='bbox 3346 4918 3374 4970; x_wconf 94' lang='lat'>6</span> <span class='ocrx_word' id='word_1_799' title='bbox 3409 4913 3763 4987; x_wconf 77' lang='grc' dir='ltr'>μακρόθυμος</span> 
     </span>
    </p>
   </div>
   <div class='ocr_carea' id='block_1_109' title="bbox 2171 5016 3763 5092">
    <p class='ocr_par' dir='ltr' id='par_1_109' title="bbox 2171 5016 3763 5092">
     <span class='ocr_line' id='line_1_109' title="bbox 2171 5016 3763 5092; baseline -0.004 -17"><span class='ocrx_word' id='word_1_800' title='bbox 2171 5021 2305 5085; x_wconf 86' lang='grc' dir='ltr'>Θεὸς</span> <span class='ocrx_word' id='word_1_801' title='bbox 2329 5022 2594 5092; x_wconf 82' lang='grc' dir='ltr'>ἡνείχετο,</span> <span class='ocrx_word' id='word_1_802' title='bbox 2625 5022 2692 5092; x_wconf 75' lang='grc' dir='ltr'>τῇ</span> <span class='ocrx_word' id='word_1_803' title='bbox 2716 5020 2895 5091; x_wconf 77' lang='grc' dir='ltr'>οίκείᾳ</span> <span class='ocrx_word' id='word_1_804' title='bbox 2928 5019 3094 5091; x_wconf 75' lang='grc' dir='ltr'>σοφία</span> <span class='ocrx_word' id='word_1_805' title='bbox 3126 5020 3222 5074; x_wconf 72' lang='grc' dir='ltr'>καὶ</span> <span class='ocrx_word' id='word_1_806' title='bbox 3253 5018 3552 5090; x_wconf 64' lang='grc' dir='ltr'>ἀπορρήτῳ</span> <span class='ocrx_word' id='word_1_807' title='bbox 3585 5016 3763 5070; x_wconf 85' lang='grc' dir='ltr'>πάντα</span> 
     </span>
    </p>
   </div>
   <div class='ocr_carea' id='block_1_110' title="bbox 2173 5128 2494 5200">
    <p class='ocr_par' dir='ltr' id='par_1_110' title="bbox 2173 5128 2494 5200">
     <span class='ocr_line' id='line_1_110' title="bbox 2173 5128 2494 5200; baseline 0.003 -18"><span class='ocrx_word' id='word_1_808' title='bbox 2173 5128 2494 5200; x_wconf 80' lang='grc' dir='ltr'>οἰκονομῶν.</span> 
     </span>
    </p>
   </div>
   <div class='ocr_carea' id='block_1_111' title="bbox 2243 5241 3760 5320">
    <p class='ocr_par' dir='ltr' id='par_1_111' title="bbox 2243 5241 3760 5320">
     <span class='ocr_line' id='line_1_111' title="bbox 2243 5241 3760 5320; baseline -0.006 -18"><span class='ocrx_word' id='word_1_809' title='bbox 2243 5247 2303 5302; x_wconf 83' lang='grc' dir='ltr'>ε’.</span> <span class='ocrx_word' id='word_1_810' title='bbox 2320 5246 2453 5302; x_wconf 85' lang='grc' dir='ltr'>Εἶτα</span> <span class='ocrx_word' id='word_1_811' title='bbox 2467 5247 2604 5320; x_wconf 88' lang='grc' dir='ltr'>μετά</span> <span class='ocrx_word' id='word_1_812' title='bbox 2616 5247 2715 5311; x_wconf 89' lang='grc' dir='ltr'>τάς</span> <span class='ocrx_word' id='word_1_813' title='bbox 2727 5249 2759 5319; x_wconf 89' lang='grc' dir='ltr'>ἡ</span> <span class='ocrx_word' id='word_1_814' title='bbox 2771 5246 2835 5319; x_wconf 92' lang='grc' dir='ltr'>μέ</span> <span class='ocrx_word' id='word_1_815' title='bbox 2842 5264 2943 5319; x_wconf 92' lang='grc' dir='ltr'>ρας</span> <span class='ocrx_word' id='word_1_816' title='bbox 2960 5245 3176 5308; x_wconf 82' lang='grc' dir='ltr'>ἐκείνας</span> <span class='ocrx_word' id='word_1_817' title='bbox 3192 5244 3356 5298; x_wconf 85' lang='grc' dir='ltr'>πάλιν</span> <span class='ocrx_word' id='word_1_818' title='bbox 3372 5241 3760 5315; x_wconf 85' lang='grc' dir='ltr'>κρυπτόμενοι,</span> 
     </span>
    </p>
   </div>
   <div class='ocr_carea' id='block_1_112' title="bbox 2172 5350 3757 5426">
    <p class='ocr_par' dir='ltr' id='par_1_112' title="bbox 2172 5350 3757 5426">
     <span class='ocr_line' id='line_1_112' title="bbox 2172 5350 3757 5426; baseline -0.006 -16"><span class='ocrx_word' id='word_1_819' title='bbox 2172 5357 2548 5420; x_wconf 80' lang='grc' dir='ltr'>λανθάνοντες,</span> <span class='ocrx_word' id='word_1_820' title='bbox 2580 5354 3008 5426; x_wconf 86' lang='grc' dir='ltr'>φυγαδευόμενοι</span> <span class='ocrx_word' id='word_1_821' title='bbox 3059 5354 3110 5407; x_wconf 85' lang='grc' dir='ltr'>οἱ</span> <span class='ocrx_word' id='word_1_822' title='bbox 3141 5351 3401 5425; x_wconf 73' lang='grc' dir='ltr'>μαθηταὶ,</span> <span class='ocrx_word' id='word_1_823' title='bbox 3440 5350 3757 5413; x_wconf 81' lang='grc' dir='ltr'>δεδοικότες,</span> 
     </span>
    </p>
   </div>
   <div class='ocr_carea' id='block_1_113' title="bbox 2239 5573 3364 5639">
    <p class='ocr_par' dir='ltr' id='par_1_113' title="bbox 2239 5573 3364 5639">
     <span class='ocr_line' id='line_1_113' title="bbox 2239 5573 3364 5639; baseline -0.002 -16"><span class='ocrx_word' id='word_1_824' title='bbox 2239 5574 2265 5614; x_wconf 79' lang='lat' dir='ltr'><strong>d</strong></span> <span class='ocrx_word' id='word_1_825' title='bbox 2291 5575 2398 5639; x_wconf 67' lang='lat' dir='ltr'>Quo</span> <span class='ocrx_word' id='word_1_826' title='bbox 2422 5587 2536 5623; x_wconf 84' lang='lat' dir='ltr'>mss.</span> <span class='ocrx_word' id='word_1_827' title='bbox 2560 5573 2764 5639; x_wconf 72' lang='grc' dir='ltr'>βασιλέα</span> <span class='ocrx_word' id='word_1_828' title='bbox 2781 5573 3009 5639; x_wconf 78' lang='grc' dir='ltr'>ἀντιλέγει</span> <span class='ocrx_word' id='word_1_829' title='bbox 3042 5577 3113 5639; x_wconf 80' lang='grc' dir='ltr'>τῷ</span> <span class='ocrx_word' id='word_1_830' title='bbox 3134 5573 3364 5639; x_wconf 73' lang='grc' dir='ltr'>Καίσαρι.</span> 
     </span>
    </p>
   </div>
   <div class='ocr_carea' id='block_1_114' title="bbox 2246 5632 3669 5698">
    <p class='ocr_par' dir='ltr' id='par_1_114' title="bbox 2246 5632 3669 5698">
     <span class='ocr_line' id='line_1_114' title="bbox 2246 5632 3669 5698; baseline -0.003 -13"><span class='ocrx_word' id='word_1_831' title='bbox 2246 5651 2271 5698; x_wconf 68' lang='grc' dir='ltr'><strong>ς</strong></span> <span class='ocrx_word' id='word_1_832' title='bbox 2294 5637 2377 5685; x_wconf 86' lang='lat' dir='ltr'>Sic</span> <span class='ocrx_word' id='word_1_833' title='bbox 2399 5650 2513 5684; x_wconf 73' lang='lat' dir='ltr'>mss.</span> <span class='ocrx_word' id='word_1_834' title='bbox 2537 5632 2727 5698; x_wconf 67' lang='lat' dir='ltr'>omnes.</span> <span class='ocrx_word' id='word_1_835' title='bbox 2752 5636 2812 5698; x_wconf 46' lang='grc' dir='ltr'>1ηῄ</span> <span class='ocrx_word' id='word_1_836' title='bbox 2831 5632 2979 5685; x_wconf 71' lang='grc' dir='ltr'>εόίιίε</span> <span class='ocrx_word' id='word_1_837' title='bbox 3001 5632 3224 5698; x_wconf 58' lang='lat' dir='ltr'>quaedam</span> <span class='ocrx_word' id='word_1_838' title='bbox 3241 5632 3669 5698; x_wconf 59' lang='lat' dir='ltr'>debiderabanlplj,</span> 
     </span>
    </p>
   </div>
   <div class='ocr_carea' id='block_1_115' title="bbox 2242 5691 3753 5762">
    <p class='ocr_par' dir='ltr' id='par_1_115' title="bbox 2242 5691 3753 5762">
     <span class='ocr_line' id='line_1_115' title="bbox 2242 5691 3753 5762; baseline -0.005 -17"><span class='ocrx_word' id='word_1_839' title='bbox 2242 5696 2265 5737; x_wconf 71' lang='grc' dir='ltr'><em>τ</em></span> <span class='ocrx_word' id='word_1_840' title='bbox 2282 5698 2422 5762; x_wconf 70' lang='lat' dir='ltr'><strong>Haec,</strong></span> <span class='ocrx_word' id='word_1_841' title='bbox 2447 5697 2712 5762; x_wconf 79' lang='grc' dir='ltr'>παρῤῃσίας</span> <span class='ocrx_word' id='word_1_842' title='bbox 2730 5691 3036 5762; x_wconf 67' lang='lat' dir='ltr'>m£,_giesuni</span> <span class='ocrx_word' id='word_1_843' title='bbox 3054 5700 3103 5749; x_wconf 86' lang='lat' dir='ltr'><strong>in</strong></span> <span class='ocrx_word' id='word_1_844' title='bbox 3123 5696 3409 5762; x_wconf 81' lang='lat' dir='ltr'>quibusdam</span> <span class='ocrx_word' id='word_1_845' title='bbox 3429 5707 3564 5759; x_wconf 59' lang='lat' dir='ltr'>una;</span> <span class='ocrx_word' id='word_1_846' title='bbox 3577 5691 3753 5745; x_wconf 81' lang='lat' dir='ltr'>ibidem</span> 
     </span>
    </p>
   </div>
   <div class='ocr_carea' id='block_1_116' title="bbox 2174 5758 2962 5824">
    <p class='ocr_par' dir='ltr' id='par_1_116' title="bbox 2174 5758 2962 5824">
     <span class='ocr_line' id='line_1_116' title="bbox 2174 5758 2962 5824; baseline 0.001 -14"><span class='ocrx_word' id='word_1_847' title='bbox 2174 5760 2374 5823; x_wconf 81' lang='lat' dir='ltr'>quidam</span> <span class='ocrx_word' id='word_1_848' title='bbox 2393 5758 2714 5811; x_wconf 56' lang='grc' dir='ltr'>ωεείπάντων</span> <span class='ocrx_word' id='word_1_849' title='bbox 2733 5758 2962 5824; x_wconf 76' lang='grc' dir='ltr'>φρούδων.</span> 
     </span>
    </p>
   </div>
  </div>
