4002 6378
318 374 423 431 553

320 470 523 561 potator
551 492 676 561 uini,
709 488 1097 564 publicanorum
1122 494 1170 552 et
1195 503 1515 570 peccatorum
1542 499 1735 556 amicus
1762 499 1918 577 (Luc.

321 580 372 644 7.
398 589 514 663 54).
542 592 682 660 Quin
711 593 877 649 etiam
906 609 1028 650 cum
1059 595 1172 666 ipse
1210 611 1333 652 cum
1365 606 1545 653 scorto
1583 597 1917 671 colloquere-

321 692 426 749 tur,
473 672 664 736 falsum
711 684 1024 755 prophetam
1062 701 1185 741 eum
1215 687 1592 759 nuncupabant
1633 706 1648 745 :
1697 689 1759 744 Si
1786 690 1920 745 enim

318 773 569 842 propheta
596 784 745 841 esset,
770 777 1100 847 inquiebant,
1129 778 1281 832 sciret
1306 795 1418 850 qua:
1441 788 1488 834 et
1511 775 1678 851 qualis
1706 790 1778 836 est
1808 783 1918 835 lucc

316 866 502 918 mulier
530 882 642 934 qum
679 866 903 937 loquitur
941 866 1011 920 ad
1048 885 1160 922 eum
1200 866 1353 939 (Luc.
1398 861 1451 925 7.
1487 855 1629 941 .39);
1685 863 1917 942 denique

314 948 563 1023 quotidie
587 956 846 1012 adversus
874 974 994 1013 eum
1016 949 1204 1013 dentes
1224 960 1503 1017 acuebant.
1531 961 1643 1017 Nec
1666 978 1796 1018 vero
1821 956 1917 1018 Ju-

314 1044 414 1099 d:ei
448 1045 746 1115 dumtaxat,
787 1048 855 1103 ad
886 1049 1028 1105 hunc
1068 1050 1288 1106 modum
1326 1067 1450 1108 eum
1486 1051 1630 1108 bello
1674 1053 1911 1113 lacesse-

320 1135 487 1191 bant:
521 1153 642 1192 nam
672 1154 740 1194 ne
770 1140 804 1194 ii
829 1140 1064 1212 quidem,
1091 1142 1181 1212 qui
1212 1143 1377 1213 ipsius
1400 1142 1595 1200 fratres
1632 1159 1753 1202 esse
1788 1152 1911 1202 ere-

311 1229 603 1298 debantur,
645 1233 858 1288 sincero
886 1249 1012 1305 erga
1055 1250 1180 1290 eum
1224 1237 1404 1291 animo
1444 1245 1616 1307 erant,
1659 1254 1843 1294 vertun
1877 1254 1908 1296 a

313 1322 626 1392 propinquis
653 1322 782 1391 ipsis
825 1325 1022 1381 bellum
1061 1326 1115 1381 in
1141 1341 1263 1382 eum
1298 1328 1628 1384 movebatur.
1656 1328 1907 1402 Perspice

309 1413 510 1483 quippe
530 1429 594 1471 ex
614 1405 699 1470 his
719 1432 836 1486 qua:
858 1419 1183 1489 evangelista
1204 1428 1388 1489 postea
1415 1413 1747 1492 subjiciebat,
1773 1439 1909 1494 quo-

311 1504 473 1557 modo
504 1505 604 1576 ipsi
634 1522 845 1579 quoque
871 1511 1105 1583 corrupti
1141 1519 1297 1567 erant
1323 1529 1337 1567 :
1372 1511 1553 1584 Neque
1577 1515 1710 1570 enim
1744 1515 1907 1588 ipsius

307 1586 496 1666 fratres
523 1598 789 1653 credebant
817 1600 871 1654 in
896 1617 1010 1655 eum
1037 1602 1216 1672 (Joan.
1247 1604 1298 1658 7.
1326 1604 1406 1675 5).

375 1689 433 1743 4.
468 1689 636 1744 Porro
662 1692 913 1761 quoniam
960 1694 1158 1749 multos
1185 1694 1419 1751 offensos
1453 1696 1613 1753 fuisse
1637 1706 1795 1770 atque
1815 1714 1904 1756 re-

305 1790 390 1836 cta
411 1783 496 1835 via
526 1782 806 1839 aberrasse
820 1798 1230 1853 commemoras,
1257 1797 1407 1857 quot,
1444 1803 1649 1860 qumso,
1672 1790 1904 1862 discipu-

308 1871 391 1926 los
434 1872 602 1929 fuisse
649 1884 819 1942 putas,
862 1875 956 1946 qui
1000 1878 1176 1933 erucis
1228 1890 1468 1950 tempore
1516 1878 1707 1936 offensi
1758 1882 1902 1937 sint?

308 1961 456 2019 Unus
478 1964 736 2033 prodidit,
767 1966 854 2020 alii
878 1967 930 2021 in
968 1968 1142 2038 fugam
1170 1984 1230 2025 se
1255 1970 1612 2040 contulerunt,
1644 1972 1779 2028 alius
1806 1973 1900 2030 ab-

299 2053 501 2123 juravit
532 2073 547 2111 :
579 2066 810 2127 cumque
836 2072 1027 2114 omnes
1055 2060 1406 2115 secessissent
1428 2101 1443 2126 ,
1475 2061 1621 2117 solus
1648 2064 1761 2133 ipse
1781 2063 1900 2119 vin-

302 2156 421 2198 ctus
468 2134 784 2201 ducebatur.
816 2147 955 2216 Quot
1000 2149 1162 2220 igitur
1210 2149 1454 2206 homines
1506 2142 1600 2206 tibi
1633 2143 1897 2222 videntur,

301 2250 425 2290 cum
455 2253 562 2292 non
598 2237 670 2293 ita
700 2239 905 2308 pridem
932 2255 1055 2295 eum
1084 2256 1170 2296 res
1194 2232 1360 2298 miras
1383 2237 1727 2311 efficientem,
1757 2262 1902 2301 mor-

303 2342 424 2386 tuos
444 2331 789 2399 excitantem,
820 2332 1060 2402 leprosos
1098 2343 1410 2404 purgantem
1434 2375 1449 2401 ,
1481 2335 1753 2392 dmmones
1804 2353 1902 2393 ex-

302 2425 617 2495 pellentem,
647 2439 813 2495 panes
838 2424 1000 2482 fontis
1025 2425 1192 2480 instar
1215 2420 1602 2493 effundentem,
1646 2443 1709 2484 ac
1737 2427 1895 2484 deni-

299 2532 405 2586 que
429 2517 532 2570 alia
560 2515 814 2572 miracula
838 2523 1231 2586 perpetrantem
1262 2517 1541 2587 vidissent,
1565 2534 1630 2574 eo
1654 2527 1897 2589 tempore

298 2609 496 2664 otl’ensi
548 2608 731 2675 fuisse,
774 2624 895 2664 cum
924 2624 1046 2664 eum
1074 2608 1245 2665 solum
1286 2605 1498 2678 abduci,
1550 2626 1616 2666 ac
1656 2612 1894 2668 vinctum

298 2703 469 2756 teneri
496 2702 892 2771 conspicerent,
921 2691 1118 2757 vilibus
1147 2711 1201 2758 et
1239 2694 1460 2773 abiectis
1486 2703 1740 2759 militibus
1768 2720 1892 2760 cum

278 2791 655 2862 cingentibus,
676 2791 1014 2864 Judaieisque
1040 2792 1407 2848 sacerdotibus
1433 2809 1464 2848 a
1495 2802 1642 2864 tergo
1666 2809 1894 2866 sequen-

298 2885 444 2939 tibus
488 2899 555 2939 ae
604 2877 1065 2950 tumultuantibus,
1106 2893 1267 2956 atque
1294 2884 1479 2942 hostes
1504 2901 1692 2943 omnes
1718 2887 1892 2943 solum

296 2983 421 3031 eum
442 2966 544 3031 sibi
567 2975 857 3031 haerentem
881 2977 932 3032 in
964 2977 1141 3034 medio
1169 2977 1449 3046 habentes,
1468 2988 1892 3052 prtesentemque

293 3081 359 3122 ac
389 3076 563 3121 tutum
595 3066 887 3134 insolenter
910 3083 971 3124 se
1001 3067 1313 3125 efferentem
1335 3070 1662 3140 proditorem
1685 3072 1709 3126 ?
1729 3070 1889 3141 Quid,

292 3171 420 3214 cum
466 3158 649 3231 ﬂagris
686 3159 1017 3216 etedcretur?
1046 3160 1350 3218 Verisimile
1389 3162 1532 3218 enim
1577 3166 1663 3219 est
1714 3162 1893 3220 inlini-

292 3260 406 3308 tam
430 3252 824 3309 multitudinem
852 3253 1088 3312 affuisse.
1118 3256 1247 3311 Erat
1275 3252 1473 3329 quippe
1498 3251 1695 3315 festum
1722 3258 1889 3330 peril-

292 3344 485 3410 lustre,
509 3347 649 3417 quod
680 3363 868 3404 omnes
895 3347 1291 3420 congregabat:
1323 3360 1378 3406 et
1402 3352 1716 3423 metropolis
1744 3361 1881 3416 erat,

290 3454 418 3509 qum
448 3439 635 3494 nefarii
683 3434 904 3496 sceleris
945 3441 1257 3512 tragoediam
1297 3452 1581 3515 exceperat
1611 3453 1701 3499 :ct
1730 3444 1892 3500 meri-

287 3521 456 3586 diano
502 3539 743 3602 tempore
782 3547 869 3588 res
905 3533 1208 3604 gerebatur.
1241 3533 1382 3601 Quot
1433 3524 1592 3606 igitur
1638 3538 1890 3592 mortales

288 3633 423 3679 tunc
442 3622 657 3698 affuisse
681 3617 975 3691 existimas,
1016 3627 1105 3696 qui
1133 3635 1253 3681 etim
1281 3641 1402 3681 eum
1431 3626 1683 3692 vinctum,
1712 3627 1888 3699 ﬂagris

286 3715 564 3778 affectum,
590 3731 781 3772 cruore
801 3710 1088 3772 stillantem
1112 3730 1271 3787 atque
1298 3712 1365 3774 ad
1394 3719 1629 3789 praefecti
1655 3717 1887 3777 tribunal

286 3821 507 3862 causam
530 3804 820 3874 dicentem,
865 3820 961 3864 nec
987 3809 1367 3879 diseipulorum
1396 3820 1716 3882 quemqitam
1746 3822 1885 3881 prte-

285 3906 502 3954 semcut
530 3906 834 3965 cernerent,
860 3900 1051 3954 animis
1078 3900 1263 3955 otlen'si
1292 3900 1436 3953 sint?
1462 3896 1618 3968 Quid,
1648 3915 1769 3956 cum
1797 3917 1888 3957 va-

287 3989 386 4043 riis
419 3988 517 4059 ipsi
545 3990 717 4045 modis
747 3984 1056 4057 illudebant,
1083 3996 1245 4061 atque
1284 4005 1422 4046 nunc
1444 4008 1563 4047 emn
1586 3993 1769 4062 spinea
1790 4008 1885 4049 co-

286 4097 425 4136 rona
476 4081 932 4147 donabant,nunc
974 4083 1310 4155 chlamydem
1366 4072 1466 4154 ipsi
1516 4085 1882 4156 impellebant,

285 4190 434 4230 nunc
451 4175 711 4229 calamum
742 4175 794 4229 in
826 4190 1039 4229 manum
1062 4175 1279 4240 dabant,
1309 4190 1449 4231 nunc
1473 4177 1885 4245 procumbentes

283 4282 415 4322 eum
444 4265 757 4332 adorabant,
803 4266 1005 4320 nullunt
1037 4266 1267 4336 denique
1298 4260 1560 4322 irrisionis
1581 4284 1644 4324 ac
1670 4264 1884 4326 ludibrii

281 4375 458 4431 genus
504 4354 1025 4429 pra-tertiiitlebant?
1055 4356 1196 4427 Quot
1240 4361 1482 4416 homines
1511 4354 1765 4427 offensos,
1797 4371 1881 4418 at-

280 4468 394 4525 que
418 4452 644 4523 agitatas
683 4458 739 4508 et
778 4444 1117 4522 perturbatos
1167 4444 1331 4508 fuisse
1357 4444 1654 4521 arbitraris,
1678 4471 1797 4511 cum
1829 4456 1880 4511 in

280 4544 486 4599 malam
525 4559 648 4599 eum
700 4543 980 4610 feriebant,
1022 4551 1182 4615 atque
1232 4538 1314 4601 his
1350 4542 1529 4600 verbis
1573 4541 1893 4615 utebantur,‘

286 4637 601 4708 Pmphetisa
663 4637 825 4700 nobis,
882 4628 1097 4702 Christe,
1160 4638 1275 4709 quis
1316 4649 1388 4694 est
1429 4639 1517 4710 qui
1551 4649 1597 4695 te
1637 4643 1882 4712 percussit

282 4730 306 4799 (
331 4728 524 4784 Matth.
555 4728 645 4783 96.
675 4729 810 4801 68)?
840 4739 1001 4800 atque
1026 4730 1200 4800 ipsum
1229 4729 1333 4786 huc
1361 4740 1414 4786 et
1437 4731 1559 4787 illuc
1585 4731 1877 4800 ducebant,

281 4832 459 4879 totum
484 4823 625 4879 diem
649 4824 700 4879 in
726 4825 931 4880 catillis
951 4835 1005 4881 et
1030 4826 1308 4895 conviciis,
1340 4827 1391 4880 in
1423 4826 1657 4883 ludibrio
1690 4837 1745 4885 et
1766 4829 1878 4885 risu

275 4928 705 4983 consumentes,
754 4918 910 4990 idque
952 4918 1006 4975 in
1048 4918 1228 4975 medio
1278 4918 1586 4977 Judteorum
1632 4921 1878 4978 theatro?

275 5011 446 5081 Quid,
472 5027 594 5069 cum
622 5011 896 5068 Pontiﬁcis
922 5027 1111 5069 servus
1138 5013 1345 5081 alapam
1376 5013 1478 5083 ipsi
1524 5014 1878 5087 impingeret?

275 5102 435 5175 quid,
461 5118 584 5158 eum
611 5103 811 5160 milites
850 5103 1017 5174 ipsius
1034 5105 1355 5160 vestimenta
1377 5105 1516 5161 inter
1531 5122 1592 5162 se
1613 5107 1878 5177 partiren-

275 5196 414 5251 tur?
447 5195 597 5267 quid,
638 5210 762 5252 cum
798 5196 969 5252 nudus
1009 5211 1073 5251 ae
1097 5197 1379 5252 verberum
1433 5206 1587 5253 notas
1628 5199 1683 5253 in
1728 5205 1878 5270 tergo

274 5292 488 5347 inustas
513 5305 724 5360 gerens,
752 5288 818 5345 ad
847 5305 1062 5346 crucem
1087 5289 1466 5356 abduceretur,
1495 5292 1723 5361 atquein
1749 5307 1876 5348 eru-

272 5396 401 5439 cem
433 5381 751 5437 tolleretur?
797 5379 928 5437 Nam
973 5396 1042 5437 ne
1073 5390 1185 5437 tum
1227 5381 1445 5453 quidem
1478 5382 1739 5441 immanes
1769 5384 1875 5441 illa:

273 5474 409 5543 fera:
435 5462 833 5543 molliebantur,
862 5490 1046 5531 verum
1072 5474 1261 5545 majori
1287 5475 1447 5531 etiam
1476 5476 1657 5534 furore
1687 5478 1877 5549 princi-

273 5567 422 5638 pites
443 5564 776 5633 ferebantur,
807 5566 1168 5639 tragmdiaque
1195 5568 1618 5639 ingravescebat,
1642 5585 1707 5626 ac
1730 5570 1872 5627 ludi-

272 5659 397 5717 bria
441 5659 777 5718 crescebant.
824 5660 931 5717 Alii
977 5662 1121 5718 enim
1164 5645 1457 5718 dicebant:
1501 5662 1875 5735 Vahlquide-

274 5750 436 5808 struis
457 5753 705 5823 templum
723 5750 835 5818 Dei,
862 5762 908 5807 et
926 5752 979 5808 in
1009 5753 1176 5809 triduo
1198 5753 1478 5824 retédiﬁcas
1506 5754 1637 5811 illud
1658 5752 1871 5828 (Matth.

272 5843 370 5901 27.
390 5843 514 5919 40).
536 5844 644 5902 Alii
670 5844 804 5901 item
831 5845 1008 5902 :Alios
1022 5830 1194 5903 salvos
1221 5846 1379 5920 fecit:
1404 5850 1624 5923 seipsum
1654 5862 1755 5907 non
1781 5860 1873 5927 pos

592 5957 861 6053 Pareae.
904 5958 1020 6022 Gn.
1070 5945 1197 6023 Ll-l.

1789 379 2170 452 EPISTOLE.

2029 513 2120 559 test
2134 506 2330 561 salvum
2345 511 2515 583 facere
2528 496 2741 587 (Matth.
2756 496 2841 572 Q7.
2861 517 2975 592 42).
2991 519 3095 577 Alii
3113 537 3326 581 rursum
3344 541 3352 545 '
3373 514 3438 584 Si
3454 529 3498 585 F
3501 510 3625 587 ilius

2026 594 2124 696 Pet:
2147 614 2223 696 es,
2243 599 2489 657 descende
2503 605 2568 660 de
2584 622 2750 675 cruce,
2777 619 2823 664 et
2842 612 3101 669 credemus
3135 599 3225 672 tibi
3247 616 3412 691 (Ibid.
3432 638 3475 677 υ.
3508 620 3623 696 40).

2024 685 2185 755 Quid.
2209 704 2330 747 cum
2351 696 2647 766 Spongiam,
2672 698 2743 755 fel
2764 709 2818 756 et
2834 711 3038 759 acetum
3057 685 3289 777 potionis
3305 723 3467 768 causa
3484 685 3620 769 etle-

2023 787 2227 847 rentes,
2251 796 2348 851 per
2373 799 2638 843 summam
2675 791 3055 851 contumeliam
3105 797 3206 870 ipsi
3248 800 3618 860 insultabant?

2019 865 2169 961 quid,
2198 887 2335 961 cum
2392 875 2628 961 latrenes
2677 872 2974 941 maledictis
3005 865 3142 943 eum.
3163 893 3616 961 proscindebant.’

2018 953 2156 1055 quid;
2197 960 2524 1022 horrendum
2568 957 2699 1026 illud
2739 975 3076 1048 maximeque
3102 953 3367 1038 nefarium
3411 986 3609 1055 Scelus.

2016 1052 2161 1123 quod
2200 1055 2361 1113 etiam
2390 1073 2420 1113 a
2470 1072 2557 1117 me
2599 1062 2711 1133 jam
2763 1071 3242 1128 commemoratum
3280 1076 3380 1142 est,
3419 1052 3611 1150 nempe

2015 1160 2135 1201 cum
2167 1142 2431 1207 latronem
2475 1152 2624 1212 illum
2654 1172 2720 1213 ac
2749 1160 3014 1229 parietum
3042 1157 3406 1239 eli‘ractorem,
3451 1170 3609 1229 inuu-

2014 1238 2281 1334 merisque
2296 1244 2531 1301 caedibus
2544 1260 2878 1320 coopertum,
2896 1247 3215 1326 digniorem,
3235 1238 3395 1331 quam
3410 1263 3618 1334 ipsum,

2008 1332 2134 1386 esse
2161 1328 2425 1420 dicebant,
2468 1342 2628 1410 quem
2673 1343 2932 1412 petitibne
2968 1348 3069 1404 s'ua'
3107 1328 3370 1420 supplicio
3406 1328 3606 1413 exime-

2011 1422 2133 1477 rent
2177 1440 2191 1478 :
2229 1414 2461 1517 dataque
2505 1445 2536 1484 a
2567 1426 2750 1502 judice
2786 1437 3005 1507 optione
3031 1414 3328 1500 Barabbam
3359 1445 3608 1517 prretulc-

2010 1521 2134 1568 runt
2165 1532 2178 1569 :
2202 1515 2453 1575 nimirum
2476 1536 2580 1578 non
2595 1522 2865 1582 Christum
2895 1522 3346 1593 dumtaxatcruce
3363 1515 3603 1608 allicere,

2008 1603 2103 1658 sed
2133 1606 2293 1662 etiam
2333 1608 2632 1681 improbam
2671 1614 2866 1674 famam
2908 1621 3008 1691 ipsi
3039 1624 3257 1682 inurere
3284 1603 3607 1701 cupientes‘l

2009 1692 2143 1795 lline
2165 1699 2307 1754 enim
2338 1715 2397 1758 se
2425 1704 2555 1761 illud
2584 1708 2810 1778 probare
2847 1727 3009 1784 posse
3064 1692 3410 1791 statuebant,
3444 1726 3594 1795 quod

2006 1785 2213 1888 latrone
2265 1807 2478 1865 quoque
2505 1799 2820 1858 sceleratior
2863 1815 3026 1875 esset,
3080 1811 3346 1884 tantisque
3389 1785 3604 1888 ﬂagitiis

2005 1876 2302 1949 devinctus,
2336 1894 2397 1941 ut
2435 1903 2535 1944 nec
2559 1891 2945 1964 misericordia,
2977 1913 3078 1955 nec
3118 1876 3492 1977 festidignitas
3517 1925 3608 1966 sa-

2003 1974 2169 2031 lutem
2213 1976 2314 2048 ipsi
2354 1979 2545 2039 all‘erre
2573 1994 2772 2055 posset.
2802 1987 2916 2045 Huc
2942 1992 3084 2047 enim
3116 1974 3357 2052 actiones
3409 2002 3599 2059 omnes

2004 2068 2132 2122 suas
2176 2067 2501 2141 referebant,
2536 2084 2594 2129 ut
2624 2065 2787 2146 ipsius
2811 2078 3258 2141 existimationem
3297 2072 3553 2148 laederent
3582 2110 3600 2148 :

2002 2169 2171 2226 eaque
2313 2176 2471 2217 causa
2518 2164 2655 2222 duos
2695 2158 2857 2225 etiam
2887 2170 3122 2230 latrones
3163 2191 3268 2232 una
3308 2192 3431 2236 cum
3484 2182 3603 2253 ipse

2001 2244 2149 2303 cruci
2176 2242 2479 2308 aflixerunt.
2528 2257 2600 2311 At
2634 2259 2834 2315 veritas
2882 2276 2990 2317 non
3032 2264 3438 2335 obscurabatur,
3493 2242 3602 2329 imo

2002 2339 2330 2408 splendidius
2353 2344 2613 2404 elucebat.
2640 2342 2723 2406 Ad
2749 2351 2865 2410 haec
2883 2355 3044 2412 etiam
3072 2358 3332 2418 atl'ectatre
3359 2352 3602 2436 tyranni-

2001 2432 2084 2488 dis
2108 2449 2229 2490 eum
2258 2437 2657 2510 insimulabant,
2688 2443 2772 2527 his
2800 2448 3006 2504 verbis:
3029 2449 3343 2525 Quicumque
3363 2432 3418 2512 se
3431 2457 3600 2530 regem

1998 2526 2143 2620 facit,
2160 2544 2260 2582 non
2281 2539 2354 2585 est
2368 2526 2559 2588 amicus
2579 2532 2795 2592 Cazsaris
2810 2539 2827 2570 ¹
2849 2538 3028 2610 (Joan.
3048 2539 3136 2610 19,
3154 2545 3245 2618 12)
3270 2566 3282 2601 :
3301 2526 3600 2620 tyrannidis

1997 2609 2245 2704 videlicet
2269 2636 2389 2675 eum
2409 2635 2762 2692 arcessentes,
2796 2609 2883 2700 qui
2904 2624 2991 2688 ubi
3007 2609 3463 2704 captrttrecliuaret
3487 2609 3594 2698 non

1998 2700 2245 2797 habebat.
2261 2703 2396 2779 Quin
2412 2712 2794 2797 blasphemiam
2811 2732 3023 2793 quOQue
3035 2700 3133 2795 ipsi
3147 2724 3245 2797 per
3263 2719 3586 2788 calumniam

1996 2795 2335 2866 objiciebaut.
2401 2792 2647 2861 Pontifex
2700 2808 2843 2862 enim
2897 2792 3071 2868 scidit—
3106 2792 3422 2874 vestimenta
3475 2835 3592 2887 sua,

1997 2886 2186 2979 dicens
2242 2908 2256 2945 :
2306 2887 2688 2979 Blasp/temavit
2709 2917 2730 2964 ;
2762 2901 2886 2971 quid
2922 2904 3091 2959 adhuc
3139 2922 3344 2979 egeritus
3386 2886 3595 2969 testibus

1996 2970 2208 3049 (Matt/3.
2253 2976 2341 3039 26.
2367 2986 2457 3057 es)
2481 2986 2504 3040 ει
2530 2986 2669 3054 Quid
2706 3006 2854 3047 mors
2882 2992 3086 3063 ipsius?
3112 2970 3301 3056 Nonne
3325 2996 3599 3059 violenta?

1996 3081 2174 3128 nonne
2187 3075 2427 3146 capitalis
2441 3095 2596 3136 none
2615 3083 3020 3141 convictorum‘l
3041 3070 3219 3147 nonne
3238 3095 3586 3152 exsecranda:

1994 3159 2352 3233 improbitatis
2372 3167 2691 3227 hominum?
2718 3189 2897 3233 nonne
2927 3175 3272 3250 turpissima?
3299 3201 3478 3242 nonne
3501 3196 3598 3244 eo-

1993 3268 2136 3324 rum,
2167 3258 2256 3328 qui
2283 3262 2615 3331 gravissimis
2658 3264 2872 3340 llagitiis
2917 3286 3037 3329 sese
3065 3270 3501 3347 obstrinxisse'nt,
3532 3298 3599 3339 ac

1994 3361 2063 3404 ne
2090 3349 2237 3421 digni
2265 3354 2480 3424 quidem
2509 3368 2710 3426 essent,
2754 3361 2847 3433 qui
2873 3356 2927 3418 in
2961 3362 3101 3422 terra
3125 3363 3425 3427 extremum
3473 3366 3599 3432 vita:

1993 3441 2240 3512 spiritum
2266 3444 2617 3506 emitterent?
2640 3455 2832 3510 Annon
2862 3451 3150 3528 sepultura:
3179 3464 3349 3534 genus
3390 3456 3598 3523 benefi-

1993 3537 2062 3591 cii
2116 3540 2409 3621 graticeque
2456 3538 2576 3601 loco
2616 3547 2715 3618 ipsi
2765 3553 3080 3621 prmstatur?
3129 3556 3411 3615 Accedens
3453 3562 3597 3618 enim

1992 3619 2255 3723 quispiam
2281 3635 2479 3707 Corpus
2523 3639 2695 3707 petiit.
2739 3619 2891 3696 Adeo
2915 3646 2983 3699 ne
3008 3659 3071 3699 ex
3107 3633 3421 3720 propinquis
3469 3654 3591 3723 qui—

1992 3720 2135 3787 dem,
2167 3738 2266 3779 nec
2292 3727 2466 3794 exiis,
2499 3744 2633 3799 quos
2661 3731 2934 3789 beneﬁeiis
2963 3730 3234 3805 atl'ecerat,
3279 3739 3381 3797 nec
3416 3720 3594 3800 exidi-

1991 3812 2226 3882 scipulis,
2256 3831 2353 3872 nec
2378 3833 2443 3874 ex
2473 3819 2536 3875 iis
2565 3821 2654 3891 qui
2685 3830 2885 3877 tantam
2917 3821 2987 3881 ab
3014 3842 3078 3882 eo
3103 3816 3349 3886 fiduciam
3404 3849 3468 3889 ac
3498 3849 3591 3890 sa-

1992 3903 2156 3960 lutem
2183 3908 2543 3979 obtinuerant,
2566 3912 2854 3996 (quisquam
2873 3928 3005 3985 erat,
3039 3907 3128 3991 qui
3155 3937 3278 3977 cum
3298 3929 3591 3996 sepultura:

1990 3997 2271 4054 mandaret
2302 4003 2481 4084 :quod
2518 3994 2766 4084 videlicet
2795 4018 2982 4065 emncs
3008 3994 3376 4084 evanuissent,
3403 4032 3594 4077 omnes

1990 4080 2365 4162 profugissem.
2392 4080 2511 4151 iam
2542 4080 2760 4153 sinistra
2801 4116 2862 4156 ea
2894 4111 2949 4157 et
2979 4102 3217 4173 improba
3240 4092 3399 4175 fama,
3431 4126 3591 4181 quam

1990 4194 2087 4249 per
2129 4185 2579 4242 resurrectionem
2632 4198 2960 4258 struxerant,
3017 4194 3277 4265 dicentes,
3336 4198 3592 4259 Venerunt

1987 4266 2227 4341 discipuli
2246 4276 2377 4365 ejus,
2406 4286 2452 4332 et
2472 4274 2757 4349 furatisunt
2769 4298 2889 4336 eum
2915 4283 3126 4356 (Matth.
3147 4272 3236 4343 28.
3269 4290 3371 4364 15)
3393 4334 3406 4358 ,
3431 4309 3589 4365 quam

1988 4363 2171 4419 multis
2199 4364 2481 4423 offensioni
2508 4368 2651 4425 fuit?
2688 4388 2848 4442 quam
2878 4376 3076 4433 multos
3120 4376 3175 4433 in
3221 4363 3464 4438 fraudem
3486 4384 3591 4439 im-

1988 4453 2161 4522 pulit?
2201 4454 2474 4528 Siquidem
2518 4460 2609 4517 hic
2662 4477 2863 4541 sermo,
2909 4482 3229 4539 quamquam
3284 4463 3470 4538 falsus,
3526 4490 3591 4530 ae

1985 4545 2159 4615 pretio
2185 4557 2413 4618 emptus,
2444 4559 2555 4605 tum
2587 4552 2774 4608 valuit.
2807 4546 3003 4624 Valuit,
3024 4559 3259 4628 inquam,
3287 4565 3427 4633 apud
3451 4582 3590 4621 non-

1986 4636 2159 4693 nullos
2184 4679 2199 4704 ,
2230 4649 2352 4709 post
2379 4642 2569 4710 sigilla,
2600 4654 2721 4714 post
2736 4652 2934 4702 tantam
2965 4650 3202 4707 veritatis
3230 4656 3584 4725 perspicuita-

1987 4735 2114 4785 tem.
2143 4728 2327 4802 Neque
2350 4734 2491 4788 enim
2532 4737 2901 4817 promiscuum
2932 4740 3120 4813 Vulgus
3175 4749 3584 4808 resurrectionis

1938 4875 1943 4881 ,
1984 4820 2280 4877 doctrinam
2312 4834 2485 4881 norat.
2514 4814 2626 4884 Nec
2654 4829 2848 4884 mirum
2897 4830 2972 4902 (a)
2995 4875 3011 4899 ,
3045 4847 3166 4888 cum
3215 4838 3285 4893 ne
3316 4838 3415 4910 ipsi
3460 4832 3583 4913 qui-

1982 4911 2115 4971 dem
2128 4910 2374 4987 discipuli
2399 4931 2519 4974 eam
2546 4928 2768 4977 nossent
2800 4939 2815 4977 :
2847 4919 3026 4993 Neque
3063 4912 3216 4995 enini,
3249 4917 3419 5001 inquit
3446 4910 3537 4990 ille
3562 4976 3578 5001 ,

1982 5005 2223 5078 discipuli
2246 5009 2356 5080 ejus
2380 5009 2618 5088 sciebant
2639 5052 2655 5079 ,
2690 5013 2827 5087 quod
2869 5024 3118 5088 aperteret
3143 5036 3258 5075 eum
3298 5038 3332 5076 a
3370 5027 3584 5084 mortuis

1997 5094 2271 5160 resurgere
2316 5086 2515 5163 ('Joan.
2548 5111 2640 5165 xx,
2675 5089 2762 5168 9).
2815 5086 2990 5166 Quam
3034 5104 3238 5161 multos
3268 5107 3434 5178 igitur
3467 5109 3577 5163 illis

1994 5176 2188 5236 diebus
2218 5179 2392 5239 fuisse
2425 5193 2584 5255 putas
2612 5189 2707 5259 qui
2732 5184 2925 5250 oﬂensi
2949 5194 3095 5251 sint?
3118 5184 3184 5251 Et
3215 5176 3395 5256 tamen
3430 5189 3571 5259 Deus

1992 5284 2095 5340 pro
2136 5289 2232 5329 sua
2263 5275 2487 5335 lenitate
2528 5279 2584 5334 id
2634 5275 2861 5353 ferebat,
2907 5303 3110 5345 arcana
3158 5298 3259 5347 sna
3298 5293 3570 5364 sapientia

1990 5365 2173 5422 omnia
2201 5370 2618 5431 administrans.

2050 5462 2105 5522 5.
2163 5465 2360 5521 Deinde
2412 5466 2534 5536 post
2575 5480 2669 5521 eos
2714 5465 2829 5522 dies
2887 5466 3130 5538 discipuli
3186 5474 3393 5522 rursum
3447 5467 3571 5523 lati-

1981 5566 2194 5624 tantes,
2248 5557 2441 5628 fugati,
2497 5566 2639 5613 metu
2689 5559 3001 5630 perterriti,
3060 5562 3479 5627 trcmentes,ac
3503 5558 3575 5617 de

2045 5673 2063 5744 ξ
2096 5679 2201 5744 pug
2212 5677 2342 5730 Mss,
2370 5670 2886 5744 contradicitca'sari.
2944 5740 2949 5744 Δ
3179 5734 3219 5744 __
3259 5733 3295 5744 Δ.
3433 5734 3463 5744 Α

2043 5733 2116 5807 (a)
2144 5734 2231 5807 llic
2242 5733 2713 5807 quaedamdee'rant,
2736 5744 2879 5807 quae”
2895 5733 3573 5807 ex.manu§!§iptis_restituta

1981 5794 2112 5847 sunt;
2135 5804 2248 5859 Quae
2260 5794 2562 5858 sequuntur,
2597 5794 2933 5859 quam'multos
2953 5794 3101 5859 igitur
3120 5794 3429 5859 illis'tliebus,
3456 5803 3576 5856 διε..

1987 5870 2052 5910 ex
2071 5858 2244 5908 iisdem
2276 5859 2613 5922 manuscriptis
2633 5858 2891 5922 desumpta
2912 5858 3045 5908 sunt.

3122 5950 3191 6017 11
