4002 6408
416 447 517 502 555

412 558 534 615 loco
554 556 606 610 in
649 554 824 609 locum
854 549 1079 608 subinde
1107 549 1417 620 migrantes,
1472 563 1591 604 sese
1619 548 1956 604 occultabant
1986 565 1999 600 ε

413 656 572 716 atque
604 652 723 716 post
746 642 1120 714 quinquaginta
1152 640 1267 696 dies
1295 655 1416 695 cum
1445 654 1566 695 sese
1595 638 2006 710 conSpiciendos

411 737 653 807 praebere
678 752 740 791 ac
766 734 1019 790 miracula
1047 734 1207 789 edere
1234 718 1548 802 erupissent,
1581 746 1650 787 ne
1676 730 1755 785 sic
1782 729 1999 801 quidem

411 838 589 883 tamen
620 826 721 882 hoc
746 823 1060 896 consequuti
1081 833 1225 889 sunt,
1255 832 1312 879 ut
1331 822 1464 879 nihil
1493 822 1623 893 ipsis
1654 821 1997 877 metuendum

407 932 572 977 esset.
608 919 817 976 Etenim
858 928 978 989 post
1016 918 1167 990 signa
1196 917 1285 972 illa
1312 916 1474 984 edita,
1527 915 1731 971 inﬁnita
1780 912 2004 969 offendi-

406 1013 525 1066 cula
557 1012 696 1066 inter
724 1009 1104 1065 imbecilliores
1131 1007 1279 1064 fuere
1304 1025 1317 1062 :
1347 1006 1488 1078 quod
1521 1006 1619 1077 ipsi
1645 1005 1807 1076 virgis
1827 1003 2001 1059 caede-

406 1109 615 1167 rentur,
660 1101 901 1155 Ecclesia
945 1100 1272 1166 turbaretur,
1338 1097 1468 1170 ipsis
1519 1096 1774 1168 expulsis,
1824 1096 2005 1151 hostes

407 1194 592 1249 multis
616 1195 666 1248 in
688 1193 821 1249 locis
848 1192 1152 1265 superiores
1180 1200 1382 1259 essent,
1412 1205 1476 1246 ac
1502 1189 1757 1246 tumultus
1778 1189 2000 1245 cierent.

408 1288 542 1343 Nam
568 1303 688 1343 cum
711 1287 980 1358 ingentem
1030 1286 1101 1342 ob
1126 1284 1380 1340 miracula
1424 1282 1674 1339 ﬁduciam
1724 1280 2006 1353 loquendi-

407 1394 511 1450 que
538 1376 842 1433 libertatem
873 1375 1049 1446 adepti
1081 1375 1333 1441 fuissent,
1357 1382 1482 1429 tunc
1507 1388 1717 1428 rursum
1745 1370 2003 1443 Stephani

407 1484 555 1524 mors
577 1482 798 1539 gravem
841 1467 1309 1538 persequutionem
1352 1463 1660 1528 accersivit,
1709 1476 2003 1531 omnesque

407 1560 684 1629 dispersit,
721 1566 880 1628 atque
926 1556 1220 1612 Eeclesiam
1252 1554 1304 1609 in
1336 1553 1621 1610 tumultum
1646 1559 1699 1608 et
1726 1550 2001 1622 perturba-

410 1653 611 1708 tionem
636 1649 897 1721 conjecit:
926 1664 1243 1719 rursumque
1259 1647 1503 1718 discipuli
1528 1647 1580 1702 in
1604 1655 1769 1710 metu,
1789 1658 2002 1699 rursum

406 1745 461 1799 in
515 1743 657 1814 fuga,
702 1758 912 1800 rursum
969 1742 1023 1797 in
1074 1754 1281 1796 summa
1328 1738 1678 1796 sollicitudine
1705 1747 1863 1808 atque
1904 1750 2006 1791 anu

407 1850 540 1905 gore
573 1834 776 1889 versari
820 1841 1118 1903 cmperunt.
1171 1833 1241 1886 At
1269 1831 1345 1886 sic
1372 1845 1584 1903 quoque
1614 1839 1788 1884 tamen
1816 1827 2002 1883 Eccle-

408 1926 503 1979 siae
527 1940 615 1980 res
643 1938 858 1995 semper
878 1923 1229 1995 augebantur,
1259 1938 1382 1978 cum
1411 1938 1505 1992 per
1523 1922 1673 1991 signa
1706 1919 1992 1983 ﬂorebant,

407 2031 527 2073 cum
570 2017 693 2071 laeta
746 2015 1009 2087 principia
1065 2014 1355 2071 habebant.
1389 2012 1458 2069 Et
1486 2026 1623 2069 unus
1668 2011 1881 2084 quidem
1907 2024 2005 2082 per

409 2107 697 2164 fenestram
746 2106 1126 2163 demittebatur
1168 2147 1183 2172 ,
1223 2107 1407 2177 sicque
1434 2119 1465 2160 e
1492 2102 1728 2174 prmlccti
1757 2101 2002 2157 manibus

406 2201 618 2270 elapsus
647 2208 730 2256 est
771 2217 786 2255 :
846 2198 982 2254 alios
1025 2208 1205 2254 autem
1257 2196 1481 2269 angelus
1526 2195 1732 2262 eduxit,
1761 2195 1943 2265 sicque
1971 2208 2001 2248 a

406 2294 631 2349 vinculis
660 2292 943 2359 liberavit;
975 2292 1110 2346 alios
1155 2303 1368 2351 rursum
1396 2288 1464 2345 ab
1491 2288 1577 2354 iis,
1601 2287 1690 2359 qui
1712 2286 1906 2357 opibus
1936 2299 1999 2340 ac

407 2384 642 2456 potentia
667 2384 949 2449 ﬂorebant,
979 2390 1199 2438 vexatos
1227 2391 1281 2437 et
1308 2380 1625 2451 exagitatos,
1656 2378 2003 2436 circumfora-

410 2477 496 2531 nci
518 2476 763 2530 homines
775 2483 933 2545 atque
947 2474 1164 2543 opiﬁces
1190 2471 1333 2527 omni
1352 2469 1514 2525 ofﬁcii
1542 2483 1737 2540 genere
1765 2467 2004 2537 comple-

405 2569 703 2631 c'tebantur,
735 2566 1064 2636 purpurarim
1110 2578 1302 2634 nempe
1339 2561 1617 2626 mulieres,
1645 2574 1707 2616 ac
1747 2558 2003 2615 tentorio-

404 2675 521 2712 rum
555 2656 806 2721 artitices,
839 2666 892 2712 ct
931 2655 1167 2721 coriarii,
1196 2655 1250 2709 in
1280 2653 1535 2709 extremis
1561 2651 1772 2707 urbium
1819 2665 2000 2707 reces-

403 2751 553 2805 sibus
595 2758 757 2820 atque
812 2748 881 2803 ad
909 2748 1058 2803 littus
1096 2756 1150 2802 et
1199 2761 1348 2801 mare
1387 2745 1705 2801 habitantes.
1755 2745 2000 2814 Persaepe

402 2843 562 2896 etiam
595 2858 662 2896 ne
685 2842 735 2894 in
766 2840 959 2895 mediis
982 2838 1197 2911 quidem
1224 2839 1445 2895 urbibus
1490 2854 1804 2909 comparere
1830 2837 1997 2894 aude-

401 2932 672 2997 haut;aut
713 2932 758 2986 si
786 2930 1073 2996 audebant,
1129 2929 1369 3001 hospites
1418 2935 1564 2985 certe
1606 2943 1704 2984 eos
1750 2928 2000 2999 excipere

404 3023 814 3094 haudquaquam
869 3022 1156 3077 audebant.
1198 3022 1374 3092 Atque
1398 3020 1467 3076 ad
1487 3020 1629 3076 hunc
1656 3019 1872 3075 modum
1902 3034 2001 3091 per

278 3174 303 3189 ο
403 3115 743 3181 tentatioues,
772 3122 828 3169 et
854 3114 1154 3170 animorum
1182 3113 1546 3171 recreationes
1563 3112 1581 3145 ¹
1608 3113 1818 3184 negotia
1849 3121 1998 3167 texe-

402 3209 632 3264 bantur:
665 3217 720 3265 et
744 3208 833 3280 qui
863 3224 967 3264 non
994 3209 1164 3263 multo
1189 3215 1315 3263 ante
1334 3207 1524 3263 oﬂ'ensi
1554 3206 1785 3273 fuerant,
1811 3215 1997 3279 postea

402 3301 728 3355 sanabantur
753 3316 767 3353 :
796 3308 848 3354 et
872 3298 962 3369 qui
988 3298 1389 3363 aberraverant,
1409 3296 1464 3352 in
1494 3298 1635 3353 viam
1665 3299 1996 3355 reduceban-

404 3400 491 3446 tur
521 3409 533 3443 :
567 3401 622 3447 et
645 3408 765 3463 qua:
793 3398 1061 3461 prostrata
1105 3404 1169 3445 ae
1199 3390 1316 3445 solo
1343 3399 1551 3460 aequata
1602 3389 1829 3458 fuerant,
1862 3407 1999 3463 pra:-

401 3483 599 3537 ciarius
628 3490 682 3538 et
711 3482 1139 3554 magniﬁcentius
1185 3480 1640 3536 instaurabautur.
1669 3480 1750 3537 0b
1774 3496 1998 3552 eamque

401 3588 616 3628 causam
644 3587 765 3628 cum
815 3573 1012 3628 Paulus
1064 3571 1315 3643 precibus
1367 3571 1750 3636 contendisset,
1797 3581 1857 3627 ut
1902 3587 2000 3643 per

400 3664 633 3735 quietem
685 3665 853 3720 solam
907 3671 961 3719 et
1006 3663 1443 3733 tranquillitatem
1498 3664 1833 3735 evangelium
1876 3678 1999 3734 pro-

398 3758 731 3827 grederetur,
785 3755 1207 3827 sapientissimus
1238 3770 1302 3812 ac
1348 3756 1732 3813 solertissimus
1758 3756 1899 3812 Deus
1919 3755 1999 3811 di-

400 3850 604 3920 scipulo
631 3865 833 3904 morem
854 3847 1075 3904 minime
1104 3846 1292 3927 gessit,
1346 3862 1472 3914 nec,
1505 3862 1629 3903 cum
1674 3862 1819 3918 saepe
1842 3861 1998 3917 roga-

401 3950 567 4008 retur,
599 3941 848 4009 precibus
890 3938 1059 4009 ipsius
1083 3937 1246 3994 cessit
1268 3978 1283 4006 ,
1314 3953 1498 3994 verum
1532 3938 1615 3993 his
1661 3937 1840 3993 verbis
1870 3951 1995 3995 usus

402 4043 484 4089 est
513 4051 527 4087 :
559 4032 757 4104 Sufﬁcit
785 4033 873 4085 tibi
896 4032 1064 4102 gratia
1086 4047 1201 4085 mea
1231 4044 1250 4085 :
1277 4029 1435 4085 virtus
1462 4028 1597 4085 enim
1621 4029 1807 4083 main
1844 4030 1995 4097 inﬁr-

400 4126 573 4179 mitate
615 4124 878 4193 perﬁcitur
906 4122 981 4188 (2.
1011 4121 1131 4177 Cor.
1164 4120 1255 4177 12.
1281 4118 1374 4193 9).
1407 4120 1464 4177 Si
1498 4120 1659 4191 igitur
1702 4134 1844 4175 nunc
1872 4133 1997 4175 cum

403 4215 661 4271 m‘olcstiis
691 4215 843 4269 lmtos
867 4227 1078 4283 quoque
1099 4222 1381 4269 successus
1403 4212 1705 4269 subducere
1738 4212 1993 4279 volueris,

403 4309 448 4363 si
480 4322 586 4362 non
618 4306 781 4361 multa
808 4304 958 4374 signa
1002 4309 1062 4358 et
1079 4301 1355 4370 miracula,
1397 4309 1453 4359 at
1477 4302 1677 4359 multas
1703 4309 1885 4358 tamen
1909 4317 1999 4358 res

402 4400 674 4457 miraculis
700 4413 805 4453 non
837 4397 1125 4453 dissimiles
1170 4396 1499 4468 conspicies,
1522 4412 1642 4467 quae
1671 4396 1886 4469 quidem
1915 4398 1998 4453 in-

399 4494 574 4564 gentis
603 4490 696 4546 Dei
724 4488 1069 4560 providentiae
1112 4496 1274 4559 atque
1314 4488 1496 4544 auxilii
1524 4487 1805 4560 perspicua
1835 4504 1996 4561 argu-

402 4592 583 4641 menta
604 4583 733 4639 sint.
765 4582 960 4638 Verum
984 4595 1052 4637 ne
1076 4580 1257 4636 omnia
1281 4579 1430 4635 nullo
1475 4594 1597 4635 cum
1630 4578 1814 4636 labore
1841 4594 1871 4635 a
1901 4595 1998 4636 no-

399 4677 481 4731 bis
511 4674 718 4743 audias,
746 4673 886 4730 banc
916 4672 1011 4729 tibi
1038 4682 1245 4745 partem
1274 4672 1542 4743 relinquo,
1578 4680 1638 4728 ut
1660 4682 1909 4729 accurate
1932 4688 1997 4729 ac

400 4768 684 4838 diligenter
707 4776 899 4823 cuncta
929 4766 1169 4837 colligas,
1211 4772 1372 4836 atque
1396 4779 1518 4820 cum
1552 4763 1715 4822 rebus
1756 4765 1997 4822 molestis

403 4866 455 4913 et
485 4857 692 4913 acerbis
716 4857 983 4926 conferas,
1010 4858 1194 4929 sicque
1219 4856 1479 4929 praeclara
1494 4857 1849 4928 occupatione
1874 4858 1996 4913 ani-

404 4962 551 5003 mum
580 4945 1097 5018 distinens,teipsam
1116 4964 1145 5003 a
1169 4946 1422 5003 maestitia
1452 4956 1726 5019 etangore
1751 4961 1948 5004 avoees
1974 4965 1989 5003 :

402 5042 527 5097 hinc
540 5039 683 5095 enim
695 5040 977 5095 maximam
998 5041 1417 5098 consolationem
1435 5041 1714 5113 percipies.
1735 5041 1819 5098 Tu
1834 5041 1997 5098 velim

401 5130 667 5189 universa
745 5141 847 5189 tute
916 5132 1214 5190 benedicta:
1258 5133 1442 5190 domui
1502 5134 1789 5206 plurimam
1833 5149 1866 5191 a
1908 5150 1998 5192 me

399 5228 629 5283 salutem
654 5224 820 5281 dicas.
848 5223 1003 5280 Faxit
1031 5225 1173 5282 Deus
1199 5234 1258 5282 ut
1283 5234 1340 5282 et
1385 5226 1543 5282 ﬁrma
1590 5228 1834 5300 corporis
1858 5226 1997 5284 vale-

402 5313 609 5384 tudine,
666 5324 724 5373 et
749 5316 873 5372 la-to
897 5324 1057 5388 atque
1108 5316 1265 5373 hilari
1294 5317 1476 5375 animo
1518 5333 1735 5390 semper
1769 5321 1867 5389 sis,
1895 5318 1997 5376 do-

402 5412 548 5467 mina
578 5425 698 5466 mea
749 5423 1095 5479 summopere
1132 5409 1441 5467 veneranda
1470 5420 1527 5468 et
1569 5411 1994 5483 religiosissima.

471 5503 533 5558 Si
576 5502 655 5557 vis
685 5500 818 5556 mihi
856 5499 1126 5570 longiores
1151 5500 1390 5558 scribere
1434 5502 1638 5571 literas,
1688 5504 1788 5558 hac
1816 5503 1886 5560 de
1935 5518 1996 5559 re

404 5610 491 5650 me
518 5605 803 5651 certiorem
843 5592 1025 5659 facito,
1057 5608 1159 5649 nec
1177 5607 1266 5648 me
1293 5594 1559 5665 decipias;
1591 5611 1784 5668 nempe
1812 5604 1866 5652 te
1886 5611 1997 5652 orn-

402 5703 525 5745 nem
579 5687 745 5743 animi
797 5701 1084 5743 mcerorem
1129 5685 1444 5759 deposuisse
1468 5732 1483 5757 ,
1515 5697 1570 5746 et
1618 5690 1672 5745 in
1702 5690 1998 5763 tranquilli-

403 5789 512 5837 tate
553 5797 733 5853 agere.
763 5782 897 5838 Nam
934 5783 989 5839 in
1024 5782 1127 5840 hoc
1150 5784 1310 5839 situm
1336 5794 1421 5840 est
1451 5784 1725 5843 literarum
1754 5803 1995 5846 mearum

466 5895 481 5926 ⁸
520 5902 629 5943 Duo
644 5901 770 5956 Mss"
796 5908 889 5946 tum
912 5911 998 5960 per
1021 5902 1295 5950 mtinwrum
1310 5896 1648 5950 uenationes

1162 436 1218 493 S.
1258 435 1536 493 JOANNIS
1574 389 2045 491 CIIRYSOSTSMI
2088 428 2404 487 ARCHIEP.
2445 430 2982 488 CONSTANTINOP.

3605 435 3714 493 550

2118 544 2434 612 remedium,
2468 527 2526 599 ut
2556 545 2647 599 tibi
2692 562 2936 618 magnam
2983 548 3149 602 animi
3176 548 3418 604 Letitiam
3452 551 3663 621 pariant
3696 570 3712 608 :

2114 651 2178 691 ac
2223 635 2535 708 frequentes
2563 637 2794 708 accipies
2824 639 3100 710 epistolas.
3130 639 3328 695 Verum
3351 656 3420 696 ne
3449 642 3584 696 mihi
3611 644 3713 698 ite-

2112 745 2231 785 rum
2261 731 2484 796 scribas,
2515 737 2567 785 te
2594 746 2840 801 magnam
2869 747 2937 788 ex
2959 731 3280 789 literismeis
3305 735 3551 805 accipere
3581 749 3717 790 con-

2112 823 2430 879 solutionem
2460 842 2475 877 :
2502 839 2626 881 nam
2658 823 2791 880 illud
2840 840 2940 897 ego
2980 825 3151 897 probe
3179 827 3346 896 novi;
3377 828 3474 884 sed
3505 837 3715 883 tantam

2110 927 2365 989 quantam
2404 931 2505 988 ego
2525 919 2711 989 cupio;
2763 917 2834 972 ita
2866 927 2924 974 ut
2949 934 3123 990 neque
3149 921 3331 977 animo
3359 921 3712 992 perturberis,

2110 1024 2281 1081 neque
2314 1010 2578 1080 Iacrymas
2597 1008 2863 1079 cffundas,
2889 1010 2984 1066 sed
3012 1012 3299 1085 tranquille
3332 1021 3388 1069 et
3412 1028 3537 1071 cum
3575 1028 3712 1085 gau-

2110 1099 2203 1155 dio
2231 1099 2393 1172 degas
2414 1098 2513 1173 (a).

2527 1232 2609 1287 Ad
2632 1232 2865 1289 eandem
2889 1231 3058 1306 Epist.
3089 1232 3158 1288 11
3185 1233 3285 1308 (ι).

2182 1367 2238 1422 1.
2276 1366 2608 1438 Quamquam
2632 1365 2856 1438 epistola
2880 1380 2942 1422 ea
2963 1408 2978 1434 ,
3002 1381 3163 1437 quam
3191 1382 3363 1439 nuper
3389 1367 3457 1424 ad
3487 1376 3539 1425 te
3561 1368 3710 1435 misi,

2109 1458 2175 1514 ad
2206 1458 2407 1515 doloris
2434 1460 2507 1514 tui
2535 1466 2798 1514 tumorem
2822 1458 3280 1530 comprimendum
3308 1458 3520 1516 abunde
3559 1461 3714 1515 sufﬁ-

2109 1552 2287 1608 ciebat
2327 1570 2340 1605 :
2387 1561 2564 1607 tamen
2605 1552 2727 1623 quia
2764 1552 3015 1608 maeroris
3056 1551 3321 1609 acerbitas
3362 1553 3624 1624 majorem
3655 1556 3713 1611 in

2110 1646 2327 1699 modum
2351 1652 2402 1700 te
2421 1644 2629 1713 aﬁlixit,
2650 1644 2847 1700 ideirco
2864 1659 3082 1701 necesse
3109 1644 3237 1701 mihi
3267 1660 3388 1702 esse
3406 1647 3715 1704 existimavi

2108 1736 2330 1790 alteram
2355 1750 2567 1806 quoque
2592 1735 2870 1806 epistolam
2897 1735 3158 1806 superiori
3182 1735 3494 1807 adiungere,
3523 1752 3633 1810 quo
3653 1748 3713 1796 tu

2109 1827 2381 1898 copiosam
2422 1835 2478 1882 et
2501 1826 2717 1882 uberem
2747 1825 3170 1883 consolationem
3199 1827 3481 1899 percipias,
3503 1844 3570 1885 ac
3590 1828 3707 1900 jam

2107 1917 2362 1974 valetudo
2406 1926 2494 1973 tua
2542 1919 2596 1973 in
2644 1926 2759 1973 tuto
2789 1928 3055 1974 versetur.
3095 1919 3209 1989 Age
3248 1918 3437 1989 igitur,
3490 1920 3716 1978 aliunde

2108 2024 2320 2080 quoque
2341 2010 2614 2081 pulverem
2635 2024 2779 2077 eum,
2797 2024 2956 2081 quem
2972 2025 3039 2066 ex
3059 2010 3221 2065 animi
3242 2006 3474 2067 mérore
3493 2021 3712 2067 contra-

2108 2100 2255 2167 xisti,
2282 2099 2587 2155 discutiam.
2610 2099 2883 2171 Siquidem
2904 2113 3027 2155 eum
3052 2114 3116 2155 ex
3137 2099 3314 2156 ulcere
3340 2101 3709 2172 gravissimis-

2106 2207 2211 2263 que
2248 2192 2543 2248 tumoribus
2568 2190 2621 2247 in
2651 2192 2921 2263 pulverem
2951 2205 3268 2247 conversum
3289 2208 3410 2249 esse
3428 2194 3709 2252 existimo.

2108 2280 2306 2340 Verum
2333 2298 2401 2340 ne
2426 2283 2504 2339 sic
2524 2282 2740 2354 quidem
2761 2283 3081 2339 valetudinis
3110 2292 3214 2340 tua:
3241 2299 3370 2340 cura
3405 2284 3712 2342 deserenda

2108 2390 2192 2435 eat
2215 2395 2228 2432 :
2255 2378 2455 2435 etenim
2483 2376 2656 2448 pulvis
2680 2390 2913 2448 quoque,
2935 2376 3036 2433 nisi
3066 2377 3186 2449 quis
3210 2392 3334 2432 eum
3359 2392 3575 2433 summo
3592 2386 3712 2433 stu-

2105 2469 2195 2525 diu
2222 2469 2516 2540 propellat,
2544 2469 2681 2539 parti
2716 2468 2951 2524 omnium
2991 2469 3446 2541 praestantissimae
3482 2469 3715 2527 exitium

2104 2563 2279 2631 aﬁ‘ert,
2325 2563 2538 2634 pupilla:
2577 2561 2830 2618 nimirum
2870 2562 3304 2634 perspicuitatem
3332 2561 3610 2632 inﬁciens,
3641 2579 3708 2620 ac

2106 2666 2275 2713 totum
2306 2656 2584 2713 maerentis
2609 2654 2822 2712 oculum
2854 2654 3095 2710 turbans.
3122 2653 3202 2711 Ne
3250 2654 3413 2725 igitur
3435 2653 3541 2712 hoc
3563 2669 3706 2726 quo-

2102 2764 2209 2820 que
2236 2747 2323 2803 hic
2355 2747 2598 2815 accidat,
2630 2746 2755 2803 mali
2782 2745 3040 2818 reliquias
3061 2760 3270 2802 summa
3293 2760 3421 2802 cura
3442 2755 3497 2801 et
3524 2746 3715 2802 studio

2102 2839 2413 2895 evellamus.
2445 2840 2516 2894 At
2556 2846 2613 2894 tu
2651 2852 2864 2910 quoque
2889 2847 2941 2894 te
2967 2837 3146 2911 erige,
3178 2852 3503 2909 manumque
3545 2838 3713 2894 nobis

2101 2933 2301 3004 praebe.
2323 2932 2457 2988 Nam
2488 2931 2937 3003 quemadmodum
2963 2931 3017 2986 in
3067 2931 3133 2987 iis
3180 2932 3271 3003 qui
3299 2946 3445 3005 aegro
3471 2947 3709 3006 corpore

2101 3035 2227 3084 sunt
2255 3026 2473 3083 evenire
2500 3025 2659 3093 solet,
2689 3031 2766 3091 ut,
2796 3025 2843 3081 si
2870 3024 3063 3082 medici
3084 3023 3301 3096 quidem
3326 3039 3556 3096 ea,qu:e
3583 3040 3709 3081 mu-

2102 3117 2247 3173 neris
2275 3116 2358 3172 sui
2384 3125 2543 3182 sunt,
2571 3123 2862 3188 praestent,
2904 3115 2982 3172 illi
3012 3124 3190 3171 autem
3220 3124 3401 3187 partes
3439 3130 3567 3172 suas
3600 3117 3705 3171 mi-

2102 3210 2249 3265 nime
2300 3209 2583 3280 expleant,
2642 3208 2887 3265 sanitatis
2938 3208 3147 3265 lucrum
3210 3209 3634 3280 interrumpatur
3683 3226 3701 3263 :

2100 3302 2292 3360 eodem
2321 3301 2481 3357 modo
2506 3302 2562 3357 in
2587 3302 2765 3357 anima
2805 3315 3018 3372 quoque
3056 3315 3144 3357 res
3186 3315 3307 3357 sese
3347 3300 3548 3357 habere
3570 3314 3709 3357 con-

2100 3398 2293 3454 suevit.
2325 3395 2711 3465 Quamobrem,
2740 3409 2813 3451 ne
2838 3395 2941 3451 hoc
2968 3394 3209 3462 accidat,
3231 3408 3330 3465 pro
3369 3408 3431 3450 ea
3457 3393 3709 3466 pruden-

2101 3491 2196 3561 tia,
2218 3507 2337 3563 qua:
2362 3490 2460 3545 abs
2482 3498 2533 3546 te
2561 3487 2887 3561 postulatur,
2908 3486 2976 3543 da
2996 3501 3243 3559 operam,
3265 3495 3324 3542 ut
3351 3495 3469 3542 tuas
3486 3501 3717 3558 quoque

2100 3592 2282 3657 partes
2311 3582 2514 3639 obeas:
2542 3596 2649 3656 quo
2690 3590 2915 3653 utraque
2956 3596 3022 3637 ex
3065 3588 3216 3652 parte
3264 3580 3453 3651 ingens
3499 3578 3709 3635 utilitas

2100 3678 2324 3733 oriatur.
2354 3677 2422 3731 At
2466 3674 2602 3731 forte
2642 3674 2789 3731 dices
2810 3714 2825 3743 ,
2876 3674 3036 3746 cupio
3060 3673 3277 3744 quidem
3306 3671 3482 3740 istud,
3512 3686 3716 3730 verum

2099 3785 2310 3842 nequeo
2331 3810 2349 3839 ,
2384 3784 2506 3836 nec,
2539 3768 2786 3840 quamvis
2809 3768 2968 3825 etiam
3010 3783 3258 3840 magnam
3302 3768 3715 3825 contentionem

2098 3860 2398 3927 adhibens,
2447 3860 2629 3916 densm
2674 3868 2852 3916 tamen
2895 3867 3055 3931 atque
3093 3867 3226 3915 atra:
3271 3859 3523 3916 mmroris
3570 3860 3711 3916 nubi

2100 3949 2475 4022 propulsandae
2516 3966 2610 4021 par
2647 3965 2787 4006 sum.
2826 3949 2988 4005 Merae
3031 3950 3408 4007 excusationes
3447 3964 3512 4007 ac
3561 3952 3716 4007 meri

2099 4051 2389 4112 prmtextus
2426 4041 2525 4096 ista
2554 4048 2681 4096 sunt
2709 4058 2723 4095 :
2751 4040 2875 4096 novi
2910 4039 3055 4096 enim
3093 4040 3290 4096 mentis
3316 4052 3420 4096 tuae
3442 4040 3711 4098 nobilita~

2102 4142 2230 4197 tem,
2264 4133 2363 4204 pia:
2387 4142 2491 4188 tua:
2512 4132 2704 4188 animae
2722 4131 2906 4197 robur,
2930 4131 3225 4203 prudentiae
3251 4131 3713 4203 magnitudinem,

2100 4222 2376 4293 sapientia:
2400 4223 2532 4292 vim,
2561 4223 2780 4294 scioque
2814 4232 2899 4278 sat
2927 4222 3021 4279 tibi
3041 4236 3161 4279 esse
3185 4214 3383 4278 furenti
3408 4222 3533 4278 huic
3560 4238 3713 4279 moe-

2102 4316 2263 4372 sﬁtiae
2294 4315 2427 4370 mari
2463 4314 2748 4388 imperare,
2774 4322 2832 4370 ut
2870 4314 3150 4387 tranquilla
3181 4315 3361 4371 omnia
3384 4314 3708 4371 reddantur.

2102 4407 2299 4463 Verum
2339 4421 2446 4478 quo
2494 4406 2547 4462 id
2595 4405 2802 4464 facilius
2843 4406 3099 4480 consequi
3142 4408 3349 4481 possis,
3380 4424 3443 4464 ea
3486 4424 3717 4480 quoque

2100 4515 2221 4570 qua:
2266 4508 2569 4557 nostrarum
2614 4498 2852 4568 partium
2882 4507 3036 4566 sunt,
3067 4497 3433 4556 conferamus.
3458 4499 3715 4569 Quanam

2103 4584 2264 4655 igitur
2305 4585 2516 4639 ratione
2565 4582 2620 4639 id
2663 4583 2879 4641 efﬁcere
2923 4583 3167 4655 poteris?
3208 4583 3414 4657 Nempe
3453 4586 3498 4642 si
3536 4595 3591 4642 et
3636 4603 3707 4643 ea

2100 4675 2278 4732 omnia
2303 4714 2320 4740 ,
2350 4690 2470 4746 qua:
2513 4674 2791 4745 superiore
2836 4674 3058 4746 cpistola
3108 4676 3491 4746 continentur,
3519 4685 3711 4734 tecum

2100 4766 2417 4823 Consideres
2434 4764 2722 4837 (siquidem
2749 4764 2914 4821 multa
2942 4781 2972 4820 a
3003 4779 3120 4833 me,
3147 4782 3268 4838 qua:
3305 4767 3373 4823 ad
3405 4767 3509 4823 hoc
3536 4783 3708 4838 argu-

2099 4867 2341 4916 mentum
2362 4866 2626 4930 speetent,
2655 4859 2709 4915 in
2739 4874 2805 4915 ea
2829 4871 3248 4915 commemorata
3279 4859 3450 4934 sunt),
3473 4876 3537 4918 ac
3559 4878 3705 4933 pra:-

2101 4961 2249 5008 tcrea
2277 4948 2380 5007 hoc
2404 4965 2533 5022 agas
2552 4950 2694 5022 quod
2721 4951 2814 5006 tibi
2845 4966 2985 5009 nunc
3010 4966 3112 5023 ego
3138 4951 3364 5023 impero.

2174 5041 2527 5098 Pcrniciorum
2552 5050 2630 5096 est
2656 5058 2749 5112 pro
2777 5043 2959 5097 alienis
2988 5044 3211 5114 peccatis
3234 5045 3415 5100 animo
3433 5044 3708 5119 frangi.—

2100 5133 2365 5206 Quidnam
2392 5144 2573 5191 autem
2602 5132 2705 5191 hoc
2740 5135 2861 5191 est?
2884 5134 3014 5191 Cum
3042 5136 3111 5191 ad
3150 5147 3205 5193 te
3240 5136 3461 5194 allatum
3502 5138 3701 5206 fuerit,

2102 5230 2467 5290 Ecclesiarum
2512 5228 2677 5285 aliam
2726 5244 2943 5300 pessum
2982 5229 3144 5297 iisse,
3174 5230 3334 5287 aliam
3384 5241 3706 5303 tempestate

2096 5320 2285 5394 jactari
2313 5361 2331 5389 ,
2383 5320 2545 5376 aliam
2595 5321 2754 5377 saevis
2798 5318 3049 5377 ﬂuctibus
3093 5321 3288 5389 obrui,
3337 5321 3498 5378 aliam
3539 5323 3703 5379 etiam

2099 5413 2429 5485 gravissimis
2470 5410 2715 5468 cladibus
2764 5410 2947 5481 afﬁci,
3004 5411 3163 5467 aliam
3207 5412 3389 5484 lupum
3443 5428 3557 5486 pro
3608 5429 3706 5484 pa-

2100 5515 2268 5573 store,
2295 5505 2454 5560 aliam
2488 5502 2797 5574 praedonem
2841 5518 2939 5574 pro
2977 5503 3356 5575 gubernatore,
3378 5504 3541 5561 aliam
3581 5520 3703 5560 car»

2100 5598 2314 5655 niﬁeem
2350 5612 2450 5668 pro
2474 5594 2687 5652 medico
2729 5597 3038 5667 accepisse,
3077 5596 3263 5655 doleas
3290 5598 3507 5670 quidem
3537 5600 3703 5666 licet;

2163 5710 2239 5779 ζα)
2272 5716 2369 5762 Hoc
2389 5710 2769 5779 additamentum
2791 5722 2820 5760 a
2841 5711 3027 5779 verbis,
3047 5712 3097 5779 S_i
3119 5713 3189 5779 uis
3219 5713 3339 5765 uuln
3373 5714 3625 5779 longiores.
3649 5713 3710 5762 in-

2101 5774 2640 5840 tribusvetustissimis
2681 5775 3023 5840 manuscriptis
3065 5775 3290 5840 habetur,
3316 5784 3371 5828 et
3410 5774 3710 5840 germanum

2102 5837 2229 5902 haud
2253 5834 2406 5902 dubie
2429 5842 2525 5895 est,
2562 5834 3000 5902 dignissimumque
3022 5838 3153 5902 qttod
3176 5851 3208 5895 θ
3229 5834 3449 5894 tenebit
3477 5850 3708 5897 emtam.

2167 5898 2247 5963 ω
2272 5898 2455 5963 Scripta
2473 5897 2657 5950 ςυσυώ
2680 5897 2945 5950 amouit;
