4002 6374
354 381 459 438 837

356 510 531 567 neque
568 496 713 551 enim
768 495 885 548 lucc
939 496 1058 551 sine
1086 496 1290 552 doloris
1311 509 1472 553 sensu
1509 497 1650 555 ferre
1694 505 1936 568 oportet:

356 602 543 643 rerum
574 586 650 643 ita
685 586 905 651 doleas.
938 599 998 644 ut
1038 589 1251 645 modum
1293 589 1466 645 dolori
1519 590 1782 661 imponas.
1815 589 1948 643 Nam

354 692 478 734 eum
506 678 561 733 in
591 679 658 735 iis
681 680 865 748 rebus,
894 680 947 736 in
973 682 1168 753 quibus
1200 682 1299 753 ipsi
1328 696 1631 752 peccamus,
1653 693 1707 737 et
1735 681 1802 736 de
1827 682 1948 751 qui-

358 772 457 825 bus
478 771 719 828 rationes
746 772 1008 827 reddituri
1029 787 1235 840 sumus,
1258 772 1478 829 minime
1504 773 1860 828 necessarium
1887 786 1950 827 ac

357 871 532 917 tutum
557 862 667 930 sit,
692 878 878 919 verum
912 879 1167 934 perquam
1208 863 1474 919 funestum
1506 878 1571 921 ac
1597 862 1905 934 pestiferum
1927 902 1947 931 ,

356 952 519 1008 nimis
550 954 899 1011 vehementur
925 955 1239 1012 discruciari
1274 972 1289 1011 :
1320 965 1522 1027 quanto
1543 956 1720 1026 magis
1761 970 1951 1025 supcr-

356 1059 652 1101 vacaneum
683 1054 740 1101 et
765 1061 959 1100 vanum
979 1057 1090 1114 est,
1120 1048 1227 1102 imo
1251 1047 1546 1103 satanicum
1571 1057 1731 1118 atque
1754 1048 1948 1101 animae

352 1136 672 1204 exitiosum,
694 1152 792 1208 pro
818 1138 1008 1194 alienis
1031 1139 1322 1195 sceleribus
1349 1140 1528 1196 animo
1552 1139 1722 1211 frangi
1752 1154 1816 1195 ac
1850 1139 1948 1195 de-

355 1228 559 1284 bilitari
588 1229 611 1283 ?

426 1320 484 1375 2.
532 1321 705 1390 Atque
730 1329 791 1376 ut
833 1322 946 1377 [nec
989 1322 1058 1376 ita
1099 1338 1220 1379 esse
1260 1323 1554 1394 intelligas,
1588 1332 1825 1379 veterem
1855 1322 1950 1377 tibi

354 1410 641 1465 historiam
688 1411 936 1466 narrabo.
986 1412 1079 1467 Vir
1115 1413 1330 1484 quidam
1378 1414 1720 1480 Corinthius,
1764 1429 1948 1470 sacro-

355 1512 544 1557 sancta
567 1501 707 1557 unda
746 1503 942 1559 tinctus
975 1501 994 1575 (
1017 1504 1069 1559 l.
1101 1504 1220 1562 Cor.
1251 1506 1346 1577 5),
1374 1522 1438 1563 ac
1461 1521 1558 1578 per
1589 1507 1837 1578 baptismi
1864 1522 1951 1563 sa-

355 1600 692 1648 cramentum
742 1594 1034 1660 lustratus,
1082 1597 1481 1668 trentenquue
1538 1598 1698 1654 etiam
1748 1615 1946 1655 mensa:

353 1686 650 1756 adhibitus,
679 1696 839 1760 atque
857 1729 872 1753 ,
899 1697 958 1745 ut
981 1692 1286 1747 summatim
1314 1692 1517 1760 dicam,
1553 1694 1790 1749 omnium
1818 1696 1949 1750 reli-

352 1780 534 1850 gionis
558 1790 754 1835 nostrae
793 1783 1168 1854 mysteriorum
1200 1784 1466 1856 particeps
1494 1785 1687 1856 factus,
1715 1802 1778 1843 ae
1809 1803 1948 1858 prte-

356 1883 543 1939 tcrea,
577 1883 633 1929 ut
664 1873 906 1945 plerique
950 1875 1134 1943 aiunt,
1164 1879 1402 1949 magistri
1442 1896 1662 1937 munere
1692 1880 1946 1951 fungens,

354 1973 481 2033 post
508 1979 714 2020 sacram
745 1965 890 2021 illam
916 1967 1292 2037 initiationem,
1323 1980 1445 2042 post
1468 1987 1661 2028 arcana
1693 1973 1779 2028 illa
1811 1974 1949 2029 bona

354 2055 425 2110 ad
462 2072 583 2127 qua:
623 2056 888 2115 admissus
911 2058 1104 2128 fuerat,
1136 2071 1256 2132 post
1295 2064 1496 2134 primos
1524 2064 1795 2136 dignitatis
1823 2082 1947 2137 gra-

350 2147 459 2202 dus
483 2162 619 2219 quos
640 2148 691 2203 in
722 2149 955 2206 Ecclesia
985 2151 1327 2222 obtinuerat,
1355 2153 1412 2211 in
1437 2155 1808 2226 gravissimum
1840 2157 1948 2212 cri-

356 2256 481 2295 men
512 2239 715 2296 incidit.
748 2240 881 2297 Nam
918 2257 1042 2299 eum
1072 2246 1240 2315 patris
1273 2262 1495 2302 uxorem
1521 2248 1797 2305 sceleratis
1822 2264 1950 2304 ocu-

353 2333 422 2388 lis
468 2335 875 2406 conspexisset,
921 2354 1027 2394 non
1081 2340 1134 2395 in
1180 2340 1282 2397 hac
1333 2341 1575 2413 improba
1632 2352 1687 2399 et
1745 2344 1945 2399 nefaria

350 2422 646 2493 cupiditate
684 2425 906 2496 gradum
940 2427 1074 2494 ﬁxit,
1107 2444 1290 2485 verum
1318 2433 1483 2503 etiam
1512 2433 1833 2503 impudicam
1861 2450 1951 2490 vo-

351 2516 615 2572 luntatem
662 2518 719 2573 in
757 2533 892 2590 Opus
935 2521 1185 2592 perduxit
1218 2540 1233 2576 :
1263 2532 1424 2595 atque
1471 2525 1573 2581 hoc
1618 2527 1794 2582 scelus
1839 2542 1946 2583 non

356 2606 523 2664 modo
544 2617 786 2679 stuprum
807 2622 944 2681 erat,
971 2613 1065 2669 sed
1091 2614 1252 2670 etiam
1281 2615 1599 2673 adulterium
1621 2661 1637 2683 ,
1662 2618 1769 2672 imo
1796 2619 1948 2674 adul-

351 2702 492 2756 terio
520 2716 732 2773 quoque
753 2705 925 2761 multo
953 2708 1208 2764 atrocius.
1238 2709 1319 2764 0b
1351 2709 1512 2780 idque
1537 2711 1725 2767 beatus
1752 2712 1946 2769 Paulus

350 2806 417 2847 re
451 2794 661 2864 cognita
682 2836 697 2862 ,
725 2810 848 2851 cum
875 2799 1146 2869 proprium
1170 2816 1234 2857 ac
1271 2802 1399 2857 satis
1426 2802 1641 2874 dignum
1670 2803 1792 2860 huic
1823 2821 1946 2861 sce-

348 2884 451 2938 leri
480 2900 674 2943 nomen
718 2888 996 2959 imponere
1032 2894 1251 2951 minime
1279 2906 1491 2965 posset,
1523 2898 1630 2953 alio
1665 2897 1825 2954 modo
1853 2899 1948 2954 fla-

345 2977 466 3047 gitii
494 2976 798 3049 huiusmodi
825 2984 1243 3053 magnitudinem
1272 2996 1326 3043 et
1345 2989 1658 3058 gravitatem
1685 2991 1941 3059 declarat,

349 3069 439 3124 his
463 3071 642 3127 verbis
672 3082 860 3129 utens:
886 3074 1105 3131 Omnino
1131 3079 1342 3135 auditur
1368 3082 1499 3137 inter
1532 3099 1618 3138 vos
1650 3084 1941 3154 fornicatio,

347 3172 398 3218 ct
428 3164 545 3219 talis
586 3166 857 3236 fornicatio
878 3208 895 3236 ,
926 3171 1094 3240 qualis
1139 3189 1229 3228 nec
1272 3175 1405 3230 inter
1431 3186 1603 3247 gentes
1654 3179 1946 3232 nominatur

345 3253 432 3323 (l.
460 3254 579 3311 Cor.
611 3257 664 3313 5.
699 3257 773 3329 l).
803 3258 919 3315 Non
959 3260 1115 3332 dixit,
1150 3264 1260 3321 Nec
1303 3277 1657 3337 perpetratur,
1688 3270 1803 3338 sed,
1835 3269 1944 3325 Nec

342 3347 644 3402 nominatur
671 3366 691 3405 :
725 3350 809 3406 bis
837 3352 1087 3412 videlicet
1125 3357 1304 3413 verbis
1351 3359 1718 3418 incredibilem
1749 3379 1942 3435 quam-

340 3437 475 3494 dam
497 3438 716 3497 sceleris
737 3442 878 3498 illius
904 3447 1322 3516 magnitudinem
1348 3451 1583 3510 indicare
1611 3457 1852 3526 cupiens.
1877 3458 1944 3514 Et

340 3530 568 3600 quidem
597 3549 719 3590 eum
750 3535 961 3592 diabolo
998 3540 1232 3609 addicit,
1268 3552 1427 3614 atque
1460 3546 1529 3601 ab
1565 3549 1814 3605 universa
1841 3549 1943 3605 Ec-

338 3622 515 3678 clesia
542 3625 831 3695 exscindit;
874 3644 938 3684 ac
966 3646 1032 3686 ne
1059 3632 1126 3686 ad
1155 3648 1493 3692 communem
1534 3640 1748 3709 quidem
1793 3657 1944 3698 men-

341 3729 465 3769 sam
493 3713 664 3785 ipsum
685 3718 996 3777 admittendi
1028 3731 1343 3793 potestatem
1368 3730 1615 3799 cuiquam
1638 3731 1782 3787 facit.
1806 3732 1940 3788 Cum

343 3805 617 3874 ejusmodi
658 3809 801 3864 enim
830 3810 1047 3870 homine
1077 3830 1143 3871 ne
1178 3817 1356 3872 cibum
1384 3819 1599 3889 quidem
1640 3836 1834 3892 capere
1864 3824 1942 3880 fas

338 3909 471 3950 esse
494 3895 569 3951 ait
594 3896 614 3967 (
638 3898 690 3953 l.
720 3898 839 3955 Cor.
867 3902 920 3957 5.
951 3904 1011 3960 11
1042 3902 1084 3977 ).
1112 3906 1350 3978 Denique
1380 3924 1572 3981 magno
1600 3911 1801 3982 impetu
1827 3912 1940 3969 fer.

339 3998 455 4053 tur,
489 3999 781 4048 extremam
806 3993 875 4049 ab
901 4009 966 4050 eo
993 4011 1205 4066 pcenam
1232 4010 1509 4072 expetens,
1529 4005 1942 4078 carnificemque

340 4078 414 4133 ad
442 4095 562 4136 eam
601 4098 712 4139 rem
754 4094 994 4144 satanam
1021 4091 1281 4149 adhibens
1299 4137 1314 4162 ,
1346 4110 1408 4152 ac
1434 4111 1529 4167 per
1549 4098 1696 4154 illum
1723 4115 1940 4158 carnem

341 4171 516 4240 ipsius
540 4173 799 4233 lacerans.
833 4178 902 4235 Et
928 4189 1104 4238 tamen
1132 4185 1177 4241 is
1201 4186 1291 4256 qui
1317 4187 1384 4243 ab
1406 4187 1643 4245 Ecclesia
1670 4192 1939 4251 hominem

338 4261 680 4332 absciderat,
711 4269 800 4340 qui
843 4286 912 4327 ne
943 4273 1223 4342 profanam
1253 4278 1467 4348 quidem
1503 4298 1742 4339 mensam
1788 4299 1939 4340 com-

339 4368 566 4410 munem
614 4371 735 4413 cum
784 4375 851 4416 eo
898 4362 1099 4420 habere
1161 4368 1406 4440 cuiquam
1456 4374 1809 4443 permiserat,
1849 4378 1939 4447 qui

338 4447 598 4540 omnibus
624 4450 822 4508 luctum
855 4454 1021 4525 ipsius
1046 4473 1205 4515 causa
1234 4462 1496 4519 indixerat
1525 4464 1546 4538 (
1569 4467 1631 4520 Et
1657 4484 1742 4522 vos
1772 4470 1939 4540 inﬂati

338 4538 485 4604 estis,
508 4539 711 4612 inquit,
739 4553 784 4599 et
810 4562 911 4601 non
949 4552 1111 4621 magis
1134 4553 1325 4607 luctum
1356 4555 1622 4623 habuistis,
1652 4568 1706 4613 ut
1731 4538 1940 4616 tollatur

337 4630 411 4686 de
428 4632 593 4687 medio
616 4644 833 4691 vestrum
858 4640 943 4708 qui
967 4640 1063 4696 Itoc
1087 4658 1215 4714 Opus
1243 4645 1360 4716 fecit
1398 4646 1472 4718 [1.
1500 4647 1617 4704 Cor.
1647 4651 1700 4707 5.
1720 4650 1824 4725 2]),
1848 4653 1937 4725 qui

337 4736 601 4817 enimnon
633 4741 788 4784 secus
814 4744 879 4787 ac
912 4733 1222 4803 pestiferum
1250 4740 1534 4809 quemdam
1564 4742 1939 4817 undecumque

338 4815 613 4887 pellebat,
641 4819 732 4890 qui
775 4836 841 4878 ex
867 4824 1105 4881 omnium
1148 4828 1353 4886 aedibus
1380 4833 1704 4905 excluserat,
1733 4836 1823 4908 qui
1850 4815 1939 4893 sa-

339 4914 488 4998 tante
513 4909 822 4981 tradiderat,
850 4912 917 4981 is,
947 4915 1184 4988 inquam,
1207 4921 1295 4993 qui
1329 4930 1531 4979 tantum
1552 4928 1621 4981 ab
1647 4940 1712 4982 eo
1738 4928 1937 4998 suppli-

335 4996 485 5086 cium
508 5000 788 5071 exigebat,
822 5015 1102 5078 postquam
1132 5025 1255 5066 eum
1284 5012 1469 5070 dolore
1496 5015 1742 5073 affectant
1763 5060 1778 5086 ,
1806 4996 1937 5074 sce-

336 5085 576 5158 lerisque
618 5091 840 5149 admissi
890 5097 1240 5166 ptenitentem
1283 5103 1452 5171 vidit,
1508 5085 1938 5179 palinodiamque

334 5182 519 5253 reipsa
543 5194 826 5243 canentem
848 5229 863 5253 ,
894 5188 945 5244 in
987 5190 1131 5248 hunc
1154 5195 1371 5251 modum
1402 5197 1517 5267 ipse
1550 5214 1764 5271 quoque
1806 5216 1935 5257 sen-

333 5273 564 5330 tentiam
591 5279 843 5348 retexuit,
874 5289 931 5337 ut
958 5281 1040 5348 iis,
1069 5285 1262 5355 quibus
1292 5287 1407 5343 haze
1435 5289 1701 5357 edixerat,
1723 5300 1937 5348 contra-

333 5367 421 5457 ria
443 5366 555 5457 jam
588 5367 897 5441 imperaret.
927 5373 1061 5430 Nam
1087 5378 1177 5448 qui
1201 5377 1430 5448 dixerat,
1454 5378 1783 5449 Exscindite,
1806 5386 1936 5457 reji-

332 5456 465 5524 cite,
485 5456 682 5529 lugete,
695 5475 759 5517 ac
772 5461 1016 5521 diabolus
1031 5466 1203 5537 ipsum
1219 5469 1460 5540 arripiat,
1476 5472 1603 5544 quid
1621 5474 1721 5527 ait?
1736 5456 1938 5531 Firma-

334 5556 389 5600 ιε
406 5547 461 5602 in
482 5564 597 5605 cum
622 5553 903 5622 caritatem,
934 5573 998 5613 nc
1023 5558 1383 5617 abundantiori
1409 5565 1611 5619 tristitia
1636 5567 1931 5638 Imjusmodi

335 5639 491 5695 homo
500 5642 843 5716 absorbeatur,
858 5666 922 5703 ac
940 5651 1395 5710 circumveniantur
1409 5674 1440 5710 a
1456 5667 1638 5713 satana
1654 5674 1674 5714 :
1687 5676 1788 5715 non
1801 5662 1934 5718 enim

332 5734 499 5801 ipsius
522 5738 849 5807 cogitationes
878 5743 1171 5815 ignoramus
1194 5746 1271 5822 (2.
1286 5747 1405 5806 Cor.
1423 5750 1480 5805 2.
1502 5752 1683 5825 7.“).
1703 5753 1934 5811 Videsne

334 5827 787 5900 quemadmodum
809 5844 1010 5893 satana:
1031 5837 1339 5898 instinctum
1355 5840 1613 5917 redoleat,
1644 5845 1925 5919 laqueique

1863 356 2240 441 ertsrotQ/E.

3538 419 3645 474 358

2057 495 2225 567 ipsius
2244 515 2378 570 opus
2397 502 2487 570 sit,
2512 502 2799 559 immodico
2820 502 3005 559 dolore
3029 503 3187 570 afﬁci,
3208 512 3265 559 ut
3286 505 3374 575 qui
3404 504 3647 562 vidulim-t

2050 589 2284 646 salutare
2304 591 2649 661 pharmacnm
2672 609 2768 664 per
2788 595 3282 651 intmodcrationem
3309 598 3359 650 in
3384 612 3645 653 venenum

2051 683 2360 737 convertat?
2376 683 2646 754 Siquidem
2669 686 2720 739 in
2744 700 3005 740 venenum
3030 686 3339 757 degenerat,
3362 696 3521 756 atque
3547 688 3646 742 ho-

2000 762 2033 824 ;
2052 774 2252 829 minem
2277 784 2475 831 satanre
2498 777 2677 845 tradit,
2698 793 2822 834 cum
2839 781 3055 835 modum
3073 780 3399 846 excesserit;
3421 781 3645 851 ideoque

2050 863 2263 921 dicebat
2283 883 2298 921 :
2318 864 2403 922 Nc
2424 866 2875 925 circumveniamur
2891 886 2923 922 a
2938 879 3153 925 satana.
3170 872 3325 939 Quod
3343 872 3565 941 perinde
3591 887 3651 924 ac

2052 957 2099 1011 si
2120 956 2321 1013 diceret
2342 976 2356 1013 :
2380 956 2583 1029 lugenti
2620 959 2802 1016 scabie
2820 970 3074 1031 cooperta
3111 976 3278 1031 pecus
3299 959 3414 1018 lucc
3436 970 3552 1016 erat
3574 1002 3591 1028 ,
3624 975 3650 1013 ει

2052 1063 2212 1120 grege
2236 1060 2438 1105 remota
2465 1060 2549 1106 est
2575 1068 2588 1104 :
2617 1051 2687 1107 ab
2716 1052 2969 1108 Ecclesiae
2995 1062 3137 1109 coetu
3163 1056 3386 1122 abrupta
3412 1068 3428 1117 ;
3458 1067 3645 1106 verum

2053 1138 2299 1195 morbum
2339 1139 2563 1210 depulit,
2594 1151 2756 1212 atque
2783 1143 2835 1197 in
2864 1143 3147 1212 pristinum
3179 1151 3376 1197 statum
3403 1141 3648 1197 restituta

2053 1239 2135 1285 est
2160 1247 2174 1283 :
2199 1245 2261 1287 ea
2290 1231 2433 1286 enim
2464 1232 2791 1302 pmnitentiaz
2820 1234 2899 1287 vis
2923 1242 3024 1289 est.
3049 1235 3128 1289 Ad
3154 1248 3368 1304 gregem
3408 1242 3649 1287 nostrum

2048 1321 2158 1390 jam
2201 1320 2377 1376 rediit.
2402 1320 2628 1377 Prorsus
2649 1337 2771 1377 eum
2811 1323 3140 1389 alliciamns,
3165 1323 3367 1393 supinis
3406 1323 3653 1377 inanibus

2053 1411 2400 1482 excipiamus,
2415 1413 2819 1483 amplectamur,
2836 1415 3228 1479 exoscnlemur,
3248 1414 3400 1469 nobis
3419 1414 3547 1486 ipsis
3567 1418 3654 1467 ad-

2050 1504 2473 1576 jungamus.Nisi
2497 1508 2638 1562 enim
2661 1507 2713 1562 id
2739 1506 2914 1563 facere
2931 1508 2981 1561 in
3003 1508 3236 1562 animum
3264 1507 3646 1571 induxerimus,
3682 1556 3685 1567 ,

2053 1597 2385 1669 fraudatjam
2414 1613 2513 1654 nos
2539 1607 2772 1666 satanas,
2788 1614 2895 1654 non
2921 1614 3074 1653 suum
3092 1600 3381 1669 accipiens,
3407 1598 3501 1654 sed
3526 1614 3647 1653 eum

2051 1692 2139 1762 qui
2169 1701 2350 1747 noster
2376 1691 2595 1747 effectus
2628 1701 2731 1758 est,
2761 1708 2856 1763 per
2876 1692 3177 1748 socordiam
3204 1704 3464 1757 nostram,
3485 1700 3646 1762 atque

2050 1782 2398 1838 immodicum
2426 1782 2593 1852 ipsius
2622 1798 2909 1839 mterorem
2939 1782 3290 1854 demergens,
3336 1784 3544 1853 sibique
3594 1783 3647 1838 in

2053 1885 2325 1944 posterum
2361 1890 2629 1932 asserens.
2661 1876 2745 1931 Ob
2789 1876 2947 1946 idque
2994 1878 3154 1932 etiam
3195 1877 3499 1945 subjuuxit,
3530 1875 3649 1929 Non

2053 1966 2186 2020 enim
2228 1966 2389 2037 ipsius
2429 1967 2758 2039 cogitationes
2796 1967 3089 2038 ignoramus
3114 1967 3189 2040 (2.
3216 1966 3334 2022 Cor.
3364 1966 3417 2021 2.
3447 1981 3499 2019 υ.
3538 1968 3647 2034 ll),

2054 2072 2246 2127 nempe
2269 2057 2409 2127 quod
2431 2060 2590 2115 etiam
2618 2075 2712 2130 per
2726 2074 2810 2125 ea,
2831 2075 2949 2129 qute
2967 2074 3089 2115 cum
3114 2060 3339 2115 utilitate
3359 2059 3644 2130 conjuncta

2052 2157 2195 2216 sunt,
2223 2165 2342 2205 cum
2368 2166 2496 2216 non,
2516 2159 2683 2221 utpar
2706 2159 2810 2217 est,
2842 2151 2995 2216 ﬁunt,
3021 2166 3116 2206 eos
3132 2151 3224 2222 qui
3249 2152 3483 2206 animum
3510 2151 3649 2205 haud

2052 2244 2183 2299 satis
2206 2243 2509 2311 attendunt,
2536 2244 2590 2299 in
2615 2243 2857 2300 fraudem
2883 2245 3161 2317 impellere
3180 2245 3475 2300 consuevit.

2123 2335 2176 2391 5.
2218 2335 2368 2404 Quod
2412 2336 2458 2392 si
2504 2352 2601 2407 pro
2636 2352 2702 2392 co
2730 2337 2968 2400 scelere,
2997 2346 3053 2393 et
3080 2337 3292 2408 quidem
3326 2345 3431 2391 tam
3456 2338 3601 2408 gravi
3629 2378 3647 2401 ,

2051 2426 2193 2496 quod
2214 2427 2474 2498 quispiam
2493 2428 2782 2495 connnisit,
2801 2428 2996 2484 Paulus
3016 2444 3135 2483 eum
3155 2428 3320 2483 nimio
3342 2444 3573 2484 mmrorc
3592 2444 3649 2483 se

2050 2518 2317 2575 conﬁcere
2345 2535 2451 2575 non
2474 2519 2620 2587 sinit,
2641 2536 2828 2574 verum
2857 2535 3119 2577 summam
3144 2520 3474 2591 diligentiam
3499 2518 3650 2574 adbi-

2050 2612 2158 2678 bet,
2179 2612 2417 2683 nihilque
2442 2628 2547 2668 non
2574 2612 2679 2683 agit
2710 2628 2772 2666 ac
2803 2614 3040 2681 molitur,
3060 2630 3165 2685 quo
3196 2615 3445 2669 maeroris
3473 2625 3645 2669 tumn-

2049 2717 2162 2759 rcm
2190 2704 2488 2772 exscindat,
2520 2713 2719 2759 satana:
2748 2704 2996 2760 videlicet
3020 2720 3082 2760 ac
3099 2705 3295 2762 diaboli
3316 2707 3647 2761 circumscri-

2046 2796 2284 2867 ptionem
2317 2796 2620 2865 huiusmodi
2665 2795 3164 2852 imntodcrationem
3207 2813 3348 2864 esse,
3383 2808 3540 2868 atque
3581 2798 3646 2851 ab

2048 2889 2217 2959 ipsius
2235 2889 2468 2944 versutia
2485 2896 2537 2944 ct
2561 2888 2812 2957 improbis
2837 2889 3250 2959 cogitationibus
3271 2889 3531 2958 proficisci
3560 2904 3643 2943 as-

2048 2996 2262 3037 serens:
2282 2997 2457 3036 annon
2480 2991 2732 3037 extrema:
2750 2982 2987 3037 stultitia:
3008 2990 3165 3053 atque
3185 2983 3402 3038 insania:
3424 2993 3525 3045 est,
3547 2999 3643 3053 pro

2048 3075 2283 3145 peccatis
2309 3074 2500 3128 alienis
2521 3113 2535 3139 ,
2558 3083 2614 3128 et
2639 3073 2705 3128 de
2730 3074 2920 3143 quibus
2957 3075 3076 3129 aliis
3106 3075 3365 3145 judicium
3403 3075 3610 3130 subeun
3628 3106 3641 3112 -

2048 3166 2173 3220 dum
2205 3180 2268 3220 ac
2295 3178 2451 3233 poena
2492 3163 2683 3220 luenda
2710 3174 2791 3219 est
2815 3205 2830 3230 ,
2860 3164 2911 3218 in
2942 3172 3087 3218 tanto
3112 3164 3299 3219 dolore
3329 3174 3381 3219 et
3406 3165 3639 3220 cruciatu

2046 3257 2271 3321 versari,
2300 3266 2357 3311 ut
2385 3256 2544 3312 etiam
2574 3256 2921 3312 densissimas
2947 3258 3194 3312 tenebras
3217 3299 3232 3325 ,
3266 3258 3641 3329 ingentemque

2048 3350 2332 3407 tumultum
2360 3357 2414 3404 et
2453 3347 2820 3403 confusionem
2867 3363 2931 3402 ac
2961 3349 3414 3418 perturbationem
3437 3391 3450 3414 ,
3482 3360 3641 3420 atque

2048 3440 2371 3498 horrendam
2428 3449 2800 3511 tempestatem
2854 3441 3034 3496 animo
3086 3442 3343 3496 inveltas?
3384 3442 3534 3509 Quod
3596 3445 3639 3495 si

2045 3534 2175 3588 mihi
2214 3546 2427 3587 rursum
2477 3531 2664 3587 eadem
2709 3531 2908 3587 dixeris
2932 3573 2945 3597 ,
2982 3532 3233 3587 nimirum
3266 3541 3317 3588 te
3344 3532 3513 3599 velle,
3544 3535 3638 3588 sed

2045 3627 2267 3681 minime
2296 3640 2475 3694 posse,
2507 3640 2719 3680 rursum
2753 3626 2846 3680 tibi
2874 3625 3061 3679 eadem
3094 3642 3305 3696 quoque
3335 3628 3449 3696 ipse
3487 3642 3638 3695 rcge—

2044 3733 2182 3784 ram,
2216 3731 2407 3787 nempe
2438 3732 2614 3772 meras
2642 3718 3018 3773 excusationes
3041 3732 3323 3787 merosqne
3353 3727 3639 3786 praetextus

2045 3812 2161 3866 haec
2184 3825 2303 3865 esse
2335 3827 2349 3863 :
2383 3824 2576 3865 nervos
2601 3810 2743 3865 enim
2773 3810 3156 3882 philosotihicze
3182 3812 3375 3866 anima:
3406 3818 3509 3865 tute
3539 3826 3638 3866 co-

2044 3903 2223 3974 gnitos
2250 3917 2313 3957 ac
2342 3912 2648 3971 perspectos
2675 3902 2868 3957 habeo.

2116 3992 2185 4049 In
2228 3993 2441 4065 publicis
2469 3994 2841 4049 calamitatibus
2866 3993 2991 4063 quid
3016 3992 3287 4063 agendum.
3318 4025 3387 4034 —
3428 3993 3497 4049 Ut
3542 4010 3636 4048 au-

2045 4097 2149 4143 tem
2182 4087 2283 4142 alia
2312 4102 2527 4157 quoque
2556 4087 2764 4145 ratione
2800 4087 3091 4143 faciliorem
3125 4088 3215 4143 tibi
3257 4088 3511 4143 adversus
3539 4089 3635 4142 im-

2043 4191 2329 4252 portunum
2362 4176 2501 4235 hunc
2539 4187 2593 4234 et
2636 4180 2943 4250 pestiferum
2985 4195 3270 4235 maerorem
3302 4196 3529 4249 pugnant
3572 4195 3635 4234 ac

2044 4275 2320 4331 victoriam
2372 4275 2622 4344 reddam,
2672 4275 2775 4330 hoc
2816 4290 3035 4343 rursus,
3065 4274 3205 4345 quod
3240 4276 3441 4346 jnbeo,
3475 4273 3638 4329 facias

2043 4366 2226 4422 velim.
2271 4364 2404 4421 Cum
2450 4366 2679 4436 aliquem
2713 4366 2853 4424 hanc
2896 4368 3188 4437 perniciem
3215 4382 3635 4422 commemoran-

2043 4466 2151 4513 tem
2175 4458 2428 4525 audieris,
2453 4458 2519 4513 ab
2551 4458 2853 4529 ltujusmodi
2880 4462 3199 4531 cogitatione
3222 4476 3378 4529 quam
3406 4460 3632 4529 prinnun

2043 4558 2096 4604 te
2126 4564 2364 4616 remove,
2396 4559 2555 4619 atque
2597 4549 2665 4604 ad
2698 4549 3019 4606 formidandi
3052 4551 3190 4604 illius
3219 4550 3324 4604 dici
3352 4550 3633 4621 cogitatio-

2041 4655 2164 4694 nem
2191 4654 2376 4706 curre,
2400 4648 2681 4711 tecumque
2726 4641 3051 4696 horrendum
3082 4641 3210 4695 illud
3251 4642 3480 4696 tribunal
3507 4658 3633 4697 con-

2041 4731 2238 4799 sidera,
2272 4732 2635 4801 incorruptum
2658 4731 2898 4788 Judicem
2925 4775 2938 4798 ,
2969 4733 3153 4803 igneos
3178 4748 3389 4805 amnes,
3418 4735 3508 4805 qui
3541 4750 3633 4803 pro

2041 4821 2134 4878 illo
2162 4822 2411 4879 tribunali
2442 4822 2724 4878 trahuntur
2748 4833 2802 4878 et
2834 4823 3206 4878 ardentissima
3237 4823 3451 4880 flamma
3480 4826 3633 4881 ebul-

2040 4916 2176 4973 linnt
2198 4959 2214 4984 ,
2248 4925 2530 4987 peracutos
2558 4917 2798 4989 gladios,
2829 4924 3040 4972 atroces
3072 4932 3254 4987 positas
3279 4960 3293 4983 ,
3339 4920 3637 4973 cruciatum

2039 5011 2446 5081 sempiternum,
2482 5019 2670 5065 tetram
2698 5009 3000 5080 caliginem,
3032 5011 3327 5065 exteriores
3364 5012 3630 5077 tenebras,

2039 5102 2351 5173 pestiferum
2398 5117 2634 5156 vertnem
2667 5141 2684 5167 ,
2735 5100 2944 5154 vincula
2989 5116 3108 5171 quin
3157 5102 3300 5156 nulla
3350 5104 3401 5156 vi
3465 5101 3631 5171 frangi

2040 5203 2258 5267 queant,
2301 5193 2539 5250 dentiant
2585 5192 2903 5258 stridorem,
2950 5194 3204 5261 eiulatum
3253 5192 3645 5254 consolationis

2040 5299 2349 5361 expertem,
2382 5289 2528 5344 orbis
2568 5289 2833 5345 theatrum
2856 5329 2872 5354 ,
2900 5288 2981 5342 vel
3011 5289 3186 5360 ponus
3228 5291 3502 5358 utriusque
3533 5303 3630 5341 na-

2042 5390 2175 5437 tura:
2202 5380 2465 5437 theatrum
2486 5423 2501 5448 ,
2535 5381 2636 5435 hoc
2661 5388 2744 5435 est
2783 5381 3075 5451 superioris
3100 5391 3153 5436 et
3186 5380 3476 5437 inferioris.
3516 5378 3629 5434 Vir-

2038 5484 2168 5529 tutes
2192 5474 2334 5530 enim
2364 5472 2606 5527 actorum
2647 5473 2972 5527 movebuntur
3000 5471 3221 5544 (Matth.
3252 5473 3342 5528 24.
3375 5471 3484 5541 29)
3509 5511 3526 5537 ,
3558 5472 3629 5525 ait

2038 5566 2301 5623 Christus.
2329 5564 2460 5621 Nam
2486 5567 2586 5622 etsi
2629 5567 2827 5622 nullius
2856 5566 3076 5623 sceleris
3106 5565 3207 5620 sibi
3248 5564 3499 5628 conscita,
3532 5577 3636 5616 nec

2033 5659 2292 5731 judicium
2322 5657 2579 5714 subitura:
2620 5668 2780 5727 sunt,
2807 5669 2989 5713 tamen
3013 5655 3316 5711 universum
3346 5654 3633 5709 hominum

2002 5743 2008 5757 ’
2036 5770 2207 5828 genus
2231 5754 2626 5827 conspicientes
2644 5797 2660 5820 ,
2689 5762 2849 5824 atque
2877 5752 3109 5809 infinitas
3136 5752 3383 5807 nationes
3408 5762 3630 5807 causam

2039 5846 2300 5917 dicentes,
2332 5864 2437 5903 non
2465 5847 2581 5905 sine
2608 5857 2751 5904 metu
2778 5847 2884 5903 illic
2906 5846 3223 5908 adstabant.
3246 5849 3444 5904 'l‘:.ntus
3477 5842 3627 5897 κως,
