4002 6378
371 339 472 399 539

367 465 483 520 ἐκεῖ
504 460 908 532 παρεστήκασι.
941 457 1205 524 Τοσοῦτος
1230 459 1262 512 ὀ
1293 456 1455 527 φόϐος
1475 455 1616 511 τότε.
1641 455 1829 509 Ταῦτα
1851 453 1959 507 τοί-

367 573 465 611 νυν
494 556 690 622 ἐννόει,
743 557 840 610 καὶ
873 556 1001 620 τοὺς
1040 554 1317 625 ἀφύκτους
1350 553 1626 623 ἐλέγχους.
1668 551 1804 604 Οὐδὲ
1853 550 1964 621 γὰρ

370 652 696 725 κατηγόρων
725 653 899 708 δεῖται
924 654 1134 716 ἐκεῖνος
1153 653 1183 707 6
1203 651 1483 722 δικαστὴς,
1503 650 1625 704 οὐδὲ
1647 647 1961 721 μαρτύρων,

366 749 493 802 0366
522 748 880 817 ἀποδείξεων,
903 749 1026 804 οῦδέ
1060 748 1322 820 ἐλέγχων,
1348 747 1484 802 ἀλλά
1504 746 1682 800 πάντα
1697 746 1772 809 ὡς
1795 744 1966 816 ἐπρά-

372 845 474 917 χθη
505 846 665 917 φέρει
697 848 779 910 είς
816 846 983 918 μέσον
1010 846 1107 901 καὶ
1138 845 1247 917 πρὸ
1273 845 1383 900 τῶν
1415 843 1708 915 ὀφθαλμῶν
1731 843 1841 896 τῶν
1871 861 1967 896 πε-

372 943 874 1014 πλημμεληκότων.
921 944 1053 998 Τότε
1095 942 1273 1007 οὐδεὶς
1308 944 1337 997 6
1362 942 1736 1015 παρεσόμενος
1758 939 1852 994 καὶ
1881 938 1968 1004 ἐξ·

369 1041 642 1109 αρπάσων
670 1039 770 1111 τῆς
803 1041 1096 1113 τιμωρίας,
1118 1040 1179 1094 ού
1216 1040 1421 1113 πατὴρ,
1440 1041 1538 1111 οὐχ
1558 1038 1696 1103 υίὸς,
1716 1037 1775 1092 οὐ
1804 1036 1969 1105 θυγά-

370 1151 501 1209 τηρ,
527 1136 591 1190 οὐ
627 1136 832 1208 μήτηρ,
865 1136 967 1190 οὐκ
1005 1136 1166 1200 ἀλλος
1209 1154 1294 1202 τις
1338 1135 1628 1207 συγγενής,
1652 1134 1712 1188 οὐ
1749 1134 1965 1202 γείτων,

372 1232 436 1285 οὐ
467 1233 647 1303 φίλος,
667 1234 728 1287 οὐ
754 1234 1082 1307 συνήγορος,
1108 1234 1169 1287 οὐ
1187 1231 1487 1305 χρημάτων
1513 1230 1681 1294 δόσις,
1714 1229 1776 1282 οὐ
1808 1227 1969 1282 πλού-

370 1347 467 1382 του
497 1330 805 1399 περιουσία,
831 1330 891 1384 οὐ
912 1329 1239 1393 δυναστείας
1262 1328 1448 1397 ὄγκος,
1471 1325 1611 1381 ἀλλά
1640 1325 1816 1380 πάντα
1838 1323 1969 1380 ταῦ-

254 1468 259 1479 .
370 1443 442 1480 τα
475 1425 668 1498 ὥσπερ
704 1427 852 1491 κόνις
878 1425 1124 1481 ἐκποδὼν
1160 1425 1442 1498 ἐλήλαται,
1480 1423 1575 1478 καὶ
1609 1422 1817 1494 μόνοςό
1849 1437 1969 1491 κρι-

372 1524 602 1594 νόμενος
638 1523 747 1577 ἀπὸ
774 1523 882 1577 τῶν
925 1521 1077 1594 αὐτῷ
1129 1521 1557 1595 πεπραγμένων,
1592 1520 1625 1591 ἢ
1676 1518 1775 1592 τὴν
1818 1517 1966 1570 ἐλευ-

373 1618 666 1689 θεροῦσαν,
702 1617 863 1691 ἢτὴν
898 1619 1225 1683 δικάζουσαν
1283 1618 1546 1688 ὑπομένει
1589 1614 1791 1685 ψῆφον.
1834 1613 1968 1666 Τότε

370 1715 553 1779 οὐδεὶς
592 1715 732 1788 ὑπὲρ
782 1709 857 1769 ὧν
908 1714 1064 1779 ἄλλος
1108 1714 1503 1788 ἐπλημμέλησε
1537 1713 1806 1783 κρίνεται,
1854 1710 1969 1765 ἀλλ’

376 1813 525 1885 ὑπὲρ
549 1805 626 1870 ὧν
662 1812 824 1877 αὐτὸς
859 1812 1095 1877 ἕκαστος
1133 1812 1375 1885 ἥμαρτε.
1415 1811 1601 1866 Ταῦτα
1627 1805 1723 1865 οὖν
1757 1809 1970 1865 ἅπαντα

376 1909 791 1980 συναγαγοῦσα,
819 1909 1035 1965 καὶτὸν
1080 1908 1247 1978 φόϐον
1298 1909 1487 1963 τοῦτον
1516 1920 1543 1951 ι
1590 1906 1967 1977 ἐξογκώσασα,

375 2008 476 2060 καὶ
500 2008 880 2079 ἐπιτειχίσασα
898 2011 966 2081 τῇ
1021 2011 1285 2081 σατανικῇ
1315 2008 1407 2062 καὶ
1435 2007 1771 2079 ψυχοϐλαϐεῖ
1800 2005 1966 2077 λύπῃ,

374 2103 558 2167 οὕτως
586 2107 644 2159 ἐν
670 2106 736 2177 τῇ
764 2105 902 2177 πρὸς
926 2106 1099 2178 αὐτὴν
1134 2105 1291 2177 στῆθι
1334 2104 1658 2177 παρατάξει,
1682 2104 1741 2158 ἐν
1875 2104 1969 2157 καί⁵

378 2200 615 2271 φανεῖσα
648 2202 828 2272 μόνον,
857 2201 1103 2274 ἀράχνης
1146 2201 1316 2274 αὐτὴν
1346 2200 1712 2275 εὐκολώτερον
1741 2200 1973 2254 διασπά-

378 2314 477 2353 σαι
527 2299 625 2353 καὶ
652 2297 915 2369 ἀφανίσαι
959 2299 1187 2374 δυνήσῃ.
1218 2298 1368 2371 Αὐτὴ
1410 2298 1510 2370 μὲν
1554 2298 1667 2369 γὰρ
1697 2296 1834 2369 μετὰ
1875 2295 1971 2349 τοῦ

382 2394 620 2466 μάταιος
646 2392 787 2449 εἷναι
809 2394 839 2436 ι’
858 2395 954 2450 καὶ
982 2395 1236 2467 περιττὴ,
1268 2396 1364 2450 καὶ
1391 2394 1633 2466 ὀλέθριος
1654 2393 1857 2464 σφόδρα
1877 2393 1971 2447 καὶ

381 2492 646 2565 βλαϐερά*
673 2495 880 2558 ἐκεῖνος
905 2494 964 2547 δι
996 2495 1092 2549 και
1116 2495 1411 2563 ἀναγκαῖος
1440 2494 1470 2547 ὀ
1498 2492 1681 2563 φόϐος,
1716 2491 1811 2545 καὶ
1839 2491 1975 2564 χρή-

382 2603 548 2659 σιμος
582 2588 679 2643 καὶ
700 2589 1014 2662 ἐπωφελὴς,
1040 2592 1136 2646 καὶ
1166 2591 1303 2646 πολύ
1327 2591 1390 2645 :6
1408 2591 1600 2664 κέρδος
1633 2590 1792 2662 ἔχων.
1812 2589 1973 2642 Ἀλλά

380 2683 495 2757 γάρ
551 2684 741 2743 ἔλαθον
789 2689 895 2742 ὑπὸ
925 2690 1028 2761 τῆς
1052 2689 1149 2744 τοῦ
1198 2689 1357 2759 λόγου
1390 2689 1571 2762 ῥύμης
1609 2687 1970 2760 παρασυρεὶς,

380 2783 483 2836 καὶ
526 2782 623 2854 οὐχ
660 2784 1011 2856 ἁρμόζουσάν
1058 2803 1141 2840 σοι
1195 2784 1402 2858 ταύτην
1455 2785 1825 2856 ποιησάμενος
1874 2781 1973 2854 τήν

383 2878 731 2950 παραίνεσιν
764 2883 890 2953 ἐμοὶ
920 2882 1021 2953 μὲν
1067 2884 1178 2955 γὰρ
1224 2884 1317 2938 καὶ
1362 2885 1477 2946 τοῖς
1509 2884 1629 2937 κατ’
1678 2882 1780 2953 ἐμὲ
1814 2879 1974 2951 βεϐα-

385 2975 710 3047 πτισμένοις
749 2979 1169 3051 ἁμαρτημάτων
1211 2978 1406 3053 πλήθει
1434 2980 1730 3049 ἀναγκαῖος
1760 2970 1917 3040 οὗτος
1945 2977 1974 3029 6

382 3068 564 3140 λόγος’
591 3072 749 3142 φοϐεῖ
774 3073 884 3147 γάρ
919 3075 1015 3129 καὶ
1059 3075 1385 3147 διανίστησι’
1420 3075 1481 3129 σέ
1511 3074 1568 3128 δέ
1606 3076 1665 3129 ἐν
1702 3074 1974 3138 τοσούτοις

382 3168 778 3242 κατορθώμασι
832 3171 1115 3245 κομῶσαν,
1165 3173 1263 3228 κοιῖ⁹
1305 3174 1476 3244 αὐτῆς
1505 3173 1606 3245 ήδη
1641 3172 1744 3243 τῆς
1790 3172 1975 3241 ἁψῖδος

381 3264 499 3318 τῶν
520 3265 765 3338 οὐρανῶν
792 3267 1103 3341 ἁψαμένην,
1139 3269 1260 3323 οὐδὲ
1294 3268 1480 3333 ἁπλῶς
1521 3269 1731 3323 νύττειν
1772 3266 1976 3323 δύναιτ’

382 3361 478 3420 ἄν.
512 3361 604 3417 Διό
631 3362 766 3435 πρὸς
792 3364 988 3437 ἐτέραν
1016 3366 1429 3438 καταστήσομαι
1472 3364 1737 3438 μελῳδίαν
1762 3363 1897 3435 πρὸς
1918 3364 1979 3418 σὲ

381 3460 793 3533 διαλεγόμενος,
848 3463 945 3519 καὶ
1001 3464 1198 3538 ἐτέραν
1270 3462 1680 3537 ἀνακρούσομαι
1746 3463 1978 3537 νευρὰν,

380 3555 576 3630 ἐπειδή
604 3574 700 3615 σου
724 3551 881 3626 οὗτος
907 3561 937 3614 ὀ
964 3560 1129 3630 φόϐος
1145 3558 1469 3617 καθικέσθαι
1492 3561 1552 3615 οὐ
1575 3560 1821 3627 δύναται,
1839 3560 1979 3628 πλὴν

383 3651 518 3708 ὅσον
551 3654 645 3709 καὶ
698 3655 809 3711 τῶν
853 3656 1124 3727 ἀγγέλων.
1150 3656 1606 3730 Μεταταξώμεθα
1655 3657 1835 3712 τοίνυν
1884 3657 1980 3709 καὶ

379 3751 571 3825 δεῦρο,
594 3755 687 3809 καὶ
715 3753 858 3827 αὐτή
890 3752 1192 3827 μετάστηθι
1216 3756 1357 3828 μετά
1380 3756 1474 3810 τοῦ
1512 3754 1695 3825 λόγου,
1725 3753 1821 3809 καὶ
1852 3753 1979 3808 ἀνα-

387 3851 608 3923 λογίζου
654 3852 766 3910 τῶν
794 3855 1255 3929 κατωρθωμάτων
1292 3871 1386 3911 σου
1419 3855 1521 3919 τάς
1565 3855 1883 3921 ἀντιδόσεις,
1911 3854 1981 3909 τά

395 3948 628 4021 βραδεῖα
645 3951 717 4007 τά
748 3950 999 4026 λαμπρά,
1045 3952 1175 4018 τοὺς
1206 3950 1467 4026 φαιδροὺς
1515 3950 1835 4020 στεφάνους,
1881 3951 1979 4024 τὴν

393 4045 537 4118 μετά
555 4049 664 4104 τῶν
688 4045 979 4120 παρθένων
1001 4049 1241 4121 χορείαν,
1256 4049 1358 4114 τὰς
1383 4047 1665 4113 παστάδας
1688 4050 1786 4114 τὰς
1807 4048 1979 4121 ίεράς,

387 4144 491 4200 τὸν
516 4144 782 4217 νυμφῶνα
812 4147 922 4201 τῶν
945 4144 1193 4217 οὐρανῶν
1223 4154 1277 4210 ο,
1300 4145 1401 4216 τὴν
1432 4146 1570 4217 μετά
1597 4146 1709 4202 τῶν
1733 4146 1982 4216 ἀγγέλων

384 4240 570 4314 λῆξιν,
600 4241 701 4316 τὴν
728 4242 867 4316 πρὸς
887 4244 978 4299 τὸν
1015 4245 1251 4315 νυμφίον
1280 4244 1595 4318 παρρησίαν
1621 4245 1716 4299 καὶ
1742 4244 1977 4316 ὁμιλίαν,

382 4333 497 4405 τὴν
522 4332 844 4406 θαυμαστὴν
867 4336 1156 4408 δᾳδουχίαν
1194 4337 1433 4409 ἐκείνην,
1467 4338 1539 4393 τά
1568 4336 1750 4409 ἀγαθά
1778 4337 1846 4393 :6
1886 4338 1982 4392 καὶ

389 4424 555 4498 λόγον
583 4429 681 4484 καὶ
704 4428 829 4484 νοῦν
856 4430 1274 4501 ὑπερϐαίνοντα.

462 4511 529 4570 δ’.
557 4513 721 4570 Ἀλλά
749 4517 822 4588 μή
847 4533 949 4588 μου
973 4516 1084 4570 τῶν
1112 4515 1288 4586 λόγων
1314 4517 1572 4589 ἐπιλάϐῃ,
1603 4519 1653 4573 εί
1674 4516 1768 4571 καὶ
1784 4519 1864 4583 εις
1888 4518 1981 4572 τὸν

382 4605 558 4677 σχορόν
583 4606 693 4662 τῶν
719 4608 1008 4682 παρθένων
1042 4626 1102 4663 σε
1130 4607 1502 4681 κατελέξαμεν
1525 4610 1620 4664 τὸν
1650 4610 1822 4680 ἁγίων
1844 4609 1984 4664 ἐκεί·

391 4715 527 4765 νων,
560 4698 621 4754 ἐν
641 4700 841 4774 χηρείᾳ
878 4700 1228 4772 βεϐιωκυίαν.
1254 4703 1537 4767 Ἤκουσας
1569 4702 1680 4776 γάρ
1709 4720 1812 4775 μου
1851 4703 1981 4759 πολ-

388 4787 556 4853 λάκις
582 4790 682 4845 καὶ
738 4790 845 4864 ίδίᾳ
883 4792 977 4846 καὶ
1002 4792 1243 4865 δημοσίᾳ
1273 4792 1681 4865 διαλεγομένου,
1725 4794 1811 4859 τίς
1851 4794 1982 4849 ποτέ

384 4881 516 4937 ,ἐστι
539 4881 638 4953 τῆς
660 4882 960 4954 παρθενίας
977 4885 1007 4939 ὀ
1026 4884 1173 4954 ὄρος,
1197 4885 1294 4939 καὶ
1318 4884 1397 4950 ὡς
1427 4885 1529 4940 οὐκ
1548 4885 1616 4941 ἂν
1635 4884 1787 4959 [5'59]
1808 4884 1983 4941 κωλυ-

392 4972 550 5047 θείης
590 4972 725 5029 ποτὲ
768 4973 851 5039 είς
903 4992 965 5030 τε
992 4975 1086 5031 τὸν
1117 4976 1344 5032 ἐκείνων
1386 4977 1758 5050 καταλεγῆναι
1798 4978 1982 5050 χορὸν,

392 5066 607 5141 μᾶλλον
642 5066 701 5121 δέ
734 5066 833 5123 καὶ
861 5067 1080 5134 ἐκείνας
1132 5069 1441 5142 ὑπερϐῆναι
1480 5070 1620 5141 μετά
1654 5070 1855 5142 πολλῆς
1884 5071 1985 5142 τῆς

391 5157 744 5230 περιουσίας,
792 5160 828 5230 ή
871 5159 1073 5232 πολλὴν
1105 5160 1164 5216 ἐν
1208 5163 1324 5222 τοῖς
1366 5158 1550 5225 ἀλλοις
1594 5154 1983 5238 ἐπιδειξαμένη

388 5238 741 5323 φιλοσοφίαν.
765 5253 866 5309 Διά
892 5269 975 5307 τοι
1016 5248 1176 5307 τοῦτο
1204 5255 1233 5306 6
1257 5252 1470 5318 Παῦλος
1501 5253 1628 5325 ὅρον
1656 5252 1755 5323 τῆς
1782 5254 1988 5328 παρθε-

391 5345 518 5410 νίας
538 5343 734 5411 τιθεὶς,
760 5344 823 5400 οῦ
863 5344 963 5418 τήν
1004 5345 1384 5418 ἀπειρόγαμον
1422 5348 1517 5401 καὶ
1554 5347 1988 5419 ἀπηλλαγμένην

393 5428 690 5501 συνουσίας
726 5435 922 5509 ἀνδρὸς
978 5438 1254 5508 παρθένον
1288 5439 1571 5507 ἐκάλεσεν,
1625 5439 1763 5493 ἀλλά
1795 5439 1893 5511 τὴν
1920 5439 1990 5492 :6

392 5527 493 5585 τοῦ
508 5525 714 5601 Κυρίου
737 5529 1112 5603 μεριμνῶσαν.
1140 5530 1253 5585 Καὶ
1281 5530 1443 5596 αὐτὸς
1474 5530 1532 5585 δὲ
1562 5534 1591 5588 6
1627 5532 1865 5605 Χριστὸς
1890 5533 1991 5587 δει-

458 5667 487 5736 ξ
513 5667 632 5736 puo
649 5679 766 5717 mss.
793 5666 873 5715 καὶ
894 5669 965 5736 τῷ
987 5667 1120 5736 φόϐῳ
1143 5668 1316 5733 τούτῳ.
1346 5666 1487 5720 Alius
1521 5671 1589 5735 τῷ
1626 5671 1757 5736 φόϐῳ
1789 5671 1985 5723 τούτων.

392 5740 395 5741 ⁷
454 5727 489 5770 Ιι
513 5729 623 5791 ἱ)υο
640 5743 757 5778 mss.
781 5727 957 5791 ματαία
975 5727 1106 5778 εἶναιξ

459 5791 485 5828 ⁸
505 5790 667 5845 [idem
689 5790 916 5857 νυμφῶνα
937 5793 1018 5842 τὸν
1045 5793 1276 5856 οὐράνιον.

1822 336 2211 394 ΕΡΙΞΤΟΙηΕ.

3543 336 3645 392 560

2075 456 2213 525 κνύς
2234 456 2347 528 ὅσῳ
2388 457 2591 528 μείζων
2623 458 2922 529 παρθενίας
2944 457 3306 530 ἐλεημοσύνη,
3333 454 3401 532 ἦζ
3422 459 3490 513 τὰ
3518 460 3657 531 σκῆ·

2073 563 2222 619 πτρα
2247 549 2498 620 κατέχεις
2528 551 2689 623 αὐτὴ,
2717 552 2814 605 καὶ
2840 554 2933 608 τὸν
2962 553 3224 623 στέφανον
3269 555 3515 627 ἀνεδήσω
3548 557 3655 612 πά-

2075 630 2186 704 λαι,
2214 640 2309 694 ἀπ’
2330 642 2542 696 ἐκείνου
2564 645 2667 714 μὲν
2687 645 2781 699 τοῦ
2811 646 2974 717 χοροῦ
2992 646 3054 699 τὸ
3078 648 3253 718 ἧμισυ
3286 648 3450 720 μέρος
3470 649 3658 714 ἐξέϐα-

2073 731 2186 797 λεν,
2221 734 2409 805 ἐπειδὴ
2438 736 2644 809 ταύτης
2672 738 2920 810 εἰσῆλθον
2940 740 3129 811 χωρὶς,
3165 740 3364 811 μᾶλλον
3385 741 3443 794 δέ
3469 741 3658 814 ἐπειδὴ

2072 823 2310 895 δαψιλῶς
2330 827 2502 899 αὐτὴν
2543 830 2645 884 οὐκ
2680 832 2991 903 ἐκέκτηντο·
3028 834 3121 888 καὶ
3145 833 3256 906 γάρ
3288 830 3434 905 εἶχον
3455 835 3657 900 ἔλαιον,

2066 916 2193 972 ἀλλ’
2213 917 2314 973 οὐκ
2343 920 2568 991 ἀρκοῦν.
2600 924 2740 988 Τοὺς
2764 924 2823 979 δὲ
2864 924 3033 998 χωρὶς
3062 927 3362 997 παρθενίας
3390 927 3659 982 εἰσελθόν-

2076 1026 2195 1074 τας,
2231 1011 2423 1085 ἐπειδὴ
2457 1012 2663 1085 ταύτην
2684 1012 2826 1089 ἦσαν
2855 1018 3332 1089 περιϐεϐλημένοι,
3364 1019 3503 1091 μετὰ
3526 1020 3659 1073 πολ·-

2075 1101 2176 1174 λῆς
2203 1104 2501 1171 ὑπεδέξατο
2532 1107 2634 1179 τῆς
2671 1111 2858 1181 τιμῆς,
2889 1111 3285 1183 εὐλογημένους
3315 1130 3375 1166 τε
3396 1111 3491 1166 τοῦ
3542 1116 3658 1167 Πα-

2078 1194 2209 1267 τρός
2227 1195 2532 1268 ὀνομάζων,
2571 1201 2667 1254 καὶ
2695 1202 2832 1274 πρὸς
2862 1203 3055 1257 ἑαυτὸν
3087 1205 3285 1268 καλῶν,
3315 1206 3410 1259 καὶ
3437 1205 3537 1274 τῆς
3560 1204 3661 1275 βα-

2078 1285 2288 1351 σιλείας
2318 1286 2416 1360 τὴν
2442 1288 2809 1362 κληρονομίαν
2851 1293 3035 1357 αὐτοῖς
3067 1293 3443 1367 χαριζόμενος,
3483 1298 3578 1350 καὶ
3600 1297 3660 1350 ἐν

2083 1377 2224 1449 μέσῃ
2248 1379 2643 1451 ἀνακηρύττων
2676 1386 2742 1455 τῇ
2775 1386 3090 1458 οἰκουμένῃ’
3117 1388 3215 1441 καὶ
3257 1388 3317 1441 οὐ
3342 1390 3663 1461 παρῃτήσα-

2076 1485 2157 1536 το,
2182 1470 2277 1524 καὶ
2311 1472 2562 1541 ἀγγέλων
2608 1475 2831 1546 καὶτῆς
2860 1479 3091 1541 κτίσεως
3125 1479 3310 1550 πάσης
3355 1481 3659 1551 παρούσης,

2077 1558 2314 1630 τροφέας
2331 1577 2392 1614 τε
2425 1561 2592 1615 αὐτοῦ
2632 1563 2728 1617 καὶ
2756 1562 3068 1636 ξενοδόχους
3091 1566 3289 1629 αὐτοὺς
3321 1569 3660 1637 προσειπεῖν.

2079 1650 2296 1724 Ταύτης
2334 1655 2430 1708 καὶ
2467 1653 2607 1726 αὐτὴ
2630 1655 2843 1729 ἀκούσῃ
2874 1657 2996 1710 τότε
3028 1659 3125 1729 τῆς
3149 1660 3427 1730 μακαρίας
3456 1658 3660 1728 φωνῆς,

2076 1742 2282 1816 ταύτης
2336 1746 2621 1821 ἀπολαύσῃ
2674 1748 2776 1819 τῆς
2826 1751 3061 1821 ἀμοιϐῆς
3113 1751 3250 1821 μετά
3309 1751 3510 1821 πολλῆς
3563 1751 3664 1821 τῆς

2077 1837 2417 1909 περιουσίας.
2441 1839 2505 1893 Εί
2531 1839 2590 1894 66
2623 1840 2763 1912 ὑπὲρ
2800 1840 3169 1913 ἐλεημοσύνης
3199 1842 3359 1912 μόνον
3408 1841 3664 1895 τοσαῦται

2078 1930 2136 1982 αί
2167 1929 2489 1996 ἀντιδόσεις,
2527 1929 2773 1985 τοσοῦτοι
2802 1934 2853 1985 οἱ
2876 1933 3149 2001 στέφανοι,
3190 1932 3426 2001 τοσαύτη
3456 1934 3489 2002 ὴ
3522 1932 3663 2001 λαμ-

2083 2022 2313 2094 πρότης,
2348 2024 2586 2096 τοσαύτη
2610 2027 2643 2096 ή
2663 2026 2993 2097 περιφάνεια
3016 2026 3111 2080 καὶ
3142 2027 3175 2097 ή
3201 2025 3349 2092 δόξα,
3372 2027 3421 2078 εί
3474 2026 3567 2078 καί¹
3597 2025 3665 2079 τὰ

2078 2115 2217 2171 ἄλλα
2237 2117 2337 2188 τῆς
2357 2117 2558 2189 ἀρετῆς
2574 2117 2860 2189 ἐπέλθοιμί
2888 2135 2970 2173 σοι
2996 2118 3161 2191 μέρη,
3197 2119 3356 2172 ποίαν
3381 2117 3445 2172 ἂν
3478 2118 3666 2188 σχοίης
3744 2186 3749 2189 γ

2082 2207 2429 2281 συγγνώμην,
2459 2210 2750 2278 ὀφείλουσα
2774 2212 3026 2266 ἐντεῦθεν
3040 2211 3144 2283 ’ήδη
3166 2211 3357 2283 ἐορτὴν
3379 2212 3551 2280 ἄγειν,
3571 2214 3666 2264 καὶ
3712 2254 3718 2260 .

2082 2299 2334 2371 σκιρτᾷν,
2366 2299 2462 2354 καὶ
2484 2300 2752 2372 χορεύειν,
2780 2302 2873 2355 καὶ
2889 2301 3309 2370 στεφανοῦσθαι,
3342 2301 3530 2369 ἐπειδὴ
3554 2301 3608 2353 δὲ
3636 2302 3665 2353 ὀ

2078 2391 2226 2445 δεῖνα
2243 2392 2442 2463 ἐμάνη,
2461 2393 2558 2446 καὶ
2582 2394 2610 2445 ὀ
2623 2393 2770 2447 δεῖνα
2799 2393 2937 2447 κατά
2972 2393 3234 2465 κρημνῶν
3253 2390 3407 2466 ἦλθε,
3424 2396 3663 2447 κατακό-

2080 2498 2291 2535 πτουσα
2311 2481 2532 2553 ἐαυτὴν,
2548 2483 2641 2536 καὶ
2671 2482 2893 2537 εὔκολον
2911 2484 3054 2538 κατά
3068 2484 3167 2555 τῆς
3185 2484 3350 2554 ἁγίας
3371 2502 3465 2538 σου
3485 2484 3665 2555 ψυχῆς

2082 2572 2160 2643 τῷ
2188 2574 2423 2647 διαϐόλῳ
2473 2575 2704 2629 ποιοῦσα
2726 2575 2823 2645 τὴν
2855 2575 3117 2645 ἐφοδονίά,
3149 2576 3209 2629 δν
3238 2578 3399 2648 μέχρι
3427 2578 3666 2647 σήμερον

2079 2665 2479 2732 καταξαίνουσα
2495 2667 2597 2720 οὐκ
2616 2667 2870 2733 ἐπαύσω;
2890 2668 2956 2721 Τί
2971 2669 3080 2740 γὰρ
3093 2670 3159 2724 ἁν
3174 2686 3258 2733 τις
3268 2669 3414 2722 είποι
3426 2670 3526 2741 τὴν
3544 2671 3669 2724 ὐπο-

2082 2756 2249 2830 μονὴν
2270 2757 2371 2832 τὴν
2403 2758 2655 2824 ποικίλην
2675 2757 2771 2812 καὶ
2792 2758 3044 2830 πολυειδῆ
3061 2761 3155 2814 καὶ
3171 2760 3532 2831 πολύτροπον;
3569 2762 3664 2814 καὶ

2078 2847 2242 2911 πόσος
2263 2849 2396 2918 ήμῖν
2420 2848 2498 2912 είς
2527 2846 2686 2902 τοῦτο
2701 2847 2926 2919 ἀρκέσει
2944 2848 3125 2917 λόγος,
3144 2850 3309 2903 πόσον
3325 2851 3382 2904 δὲ
3430 2851 3667 2922 ἱστορίας

2082 2938 2301 3011 μέτρον,
2325 2938 2379 2993 εί
2397 2956 2483 3003 τις
2509 2938 2581 2993 τὰ
2608 2941 2673 2993 ἐκ
2698 2939 2921 3012 πρώτης
2946 2940 3162 3010 ήλικίας
3195 2943 3360 3013 μέχρι
3392 2943 3487 2997 τοῦ
3509 2943 3604 2998 νῦν
3642 2954 3668 2983 θ

2079 3029 2382 3103 παθήματά
2418 3047 2511 3085 σου
2544 3028 2862 3099 καταλέγοι,
2894 3031 2963 3086 τά
2996 3033 3146 3104 παρά
3189 3034 3298 3087 τῶν
3335 3034 3570 3099 οἰκείων,
3600 3036 3670 3088 τά

2082 3125 2232 3197 παρά
2254 3124 2361 3178 τῶν
2379 3123 2695 3195 ἀλλοτρίων,
2720 3126 2788 3180 τά
2806 3124 2958 3197 παρὰ
2977 3125 3085 3180 τῶν
3102 3125 3365 3196 φίλων,τὰ
3388 3126 3541 3197 παρὰ
3559 3127 3669 3181 τῶν

2081 3220 2313 3292 ἐχθρῶν,
2338 3219 2408 3274 τά
2444 3220 2596 3291 παρά
2636 3219 2746 3273 τῶν
2774 3219 2921 3288 γένει
2972 3220 3383 3290 προσηκόντων,
3410 3220 3480 3274 τά
3520 3219 3672 3291 παρά

2080 3314 2191 3369 τῶν
2223 3313 2535 3385 μηδαμόθεν
2565 3313 2976 3385 προσηκόντων,
3015 3312 3083 3366 τὰ
3122 3313 3277 3385 παρά
3300 3313 3409 3368 τῶν
3434 3315 3492 3367 ἐν
3513 3314 3672 3367 δυνα-

2086 3406 2312 3470 στείαις,
2346 3405 2417 3459 τὰ
2448 3404 2601 3477 παρά
2629 3404 2738 3460 τῶν
2769 3405 3026 3469 εὐτελῶν,
3060 3405 3130 3457 :6
3164 3406 3315 3476 παρά
3342 3405 3452 3459 τῶν
3479 3406 3674 3475 ἀρχόνο

2082 3511 2212 3563 των,
2232 3493 2300 3547 τὰ
2327 3495 2478 3567 παρὰ
2497 3496 2606 3548 τῶν
2638 3494 2883 3559 ἰδιωτῶν,
2917 3495 2986 3548 τὰ
3013 3495 3164 3564 παρά
3190 3495 3299 3549 τῶν
3328 3497 3407 3559 είς
3432 3494 3522 3548 τὸν
3544 3494 3675 3566 κλῆ-

2088 3604 2179 3657 ρον
2233 3585 2562 3651 τελούντων;
2595 3584 2816 3639 Τούτων
2844 3584 2954 3656 γάρ
3005 3586 3260 3650 ἕκαστον,
3292 3586 3345 3639 εί
3377 3603 3460 3649 τις
3487 3588 3676 3653 διεξίοι

2084 3676 2215 3731 αὐτὸ
2261 3675 2384 3731 καθ’
2432 3677 2594 3730 ἐαυτδ
2638 3676 2822 3747 μόνον,
2870 3677 3111 3748 ἱστορίαν
3160 3676 3454 3749 ὀλόκληρον
3491 3680 3675 3733 ἱκανὸν

2087 3768 2311 3839 ποιῆσαι
2342 3768 2405 3823 τὸ
2434 3768 2698 3841 διήγημα.
2736 3770 2799 3823 Εί
2830 3769 2888 3823 δέ
2942 3787 3026 3833 τις
3060 3771 3156 3823 καὶ
3205 3771 3344 3842 πρὸς
3400 3773 3467 3826 τά
3507 3772 3677 3843 ἕτερα

2086 3862 2202 3933 εἴδη
2229 3863 2329 3934 τῆς
2375 3862 2580 3936 ἀρετῆς
2612 3862 2817 3936 ταύτης
2873 3864 3199 3935 μετασταίη,
3234 3866 3331 3918 καὶ
3359 3865 3558 3937 μηκέτι
3608 3866 3678 3919 :6

2086 3955 2217 4025 παρ’
2262 3954 2488 4025 ἐτέρων,
2523 3952 2663 4009 ἀλλά
2704 3953 2777 4008 τὰ
2824 3954 2980 4027 παρὰ
3026 3954 3120 4009 σοῦ
3162 3957 3677 4012 κατασκευασθέντα

2085 4046 2408 4118 διηγήσαιτο
2462 4046 2645 4118 πάθη,
2673 4047 2795 4101 τίνα
2850 4046 3188 4112 λίθονμτὶνα
3241 4049 3480 4121 σίδηρον,
3525 4053 3677 4104 ποῖον

2088 4139 2372 4211 ἀδάμαντα
2398 4140 2497 4211 οὐχ
2521 4140 2748 4212 εὑρήσει
2770 4141 3067 4212 νικηθέντα
3091 4139 3246 4213 παρά
3272 4141 3398 4208 σοῦ;
3435 4142 3679 4214 Ἀπαλὴν

2086 4231 2199 4303 γὰρ
2226 4230 2371 4285 οὕτω
2405 4232 2585 4304 σάρκα
2612 4231 2856 4286 λαϐοῦσα
2893 4234 2988 4287 καὶ
3018 4234 3318 4305 τρυφερὰν,
3353 4235 3516 4289 παντὶ⁸
3549 4235 3678 4288 εῖδει

2087 4325 2300 4396 τρυφῆς
2331 4325 2755 4395 συντραφεῖσαν,
2806 4322 2981 4388 οὕτως
3024 4324 3196 4396 αὐτὴν
3243 4325 3509 4390 ποικίλοις
3551 4327 3678 4378 ἐπο-

2088 4415 2387 4486 λιόρκησας
2424 4414 2676 4481 πάθεσιν,
2705 4415 2783 4480 ώς
2822 4416 2988 4487 μηδὲν
3018 4415 3242 4489 ἄμεινον
3276 4416 3429 4490 [540]
3462 4419 3561 4487 τῆς
3588 4434 3678 4471 νε-

2090 4508 2402 4581 κρωθείσης
2431 4508 2758 4563 διακεῖσθαι’
2794 4509 2889 4563 καὶ
2910 4508 3166 4565 τοσοῦτον
3185 4510 3399 4581 ἀνῆψας
3423 4511 3484 4562 ἐν
3517 4527 3679 4563 σεαυ-

2086 4604 2156 4672 τῇ
2190 4601 2515 4671 νοσημάτων
2572 4600 2765 4671 ἐσμὸν,
2814 4600 2891 4664 ὼς
2934 4601 3029 4654 καὶ
3081 4600 3284 4671 ἰατρῶν
3334 4601 3554 4672 τέχνην,
3586 4603 3680 4655 καὶ

2089 4694 2400 4766 φαρμάκων
2428 4694 2681 4763 δύναμιν,
2737 4694 2833 4748 καὶ
2885 4694 3065 4749 πάντα
3102 4693 3422 4765 ἐπιμελείας
3464 4694 3678 4764 ἐλέγξαι

2088 4787 2308 4859 τρόπον,
2334 4787 2429 4841 καὶ
2452 4785 2725 4859 διηνεκέσι
2755 4786 2922 4857 συζῇν
2947 4786 3178 4852 ὀδύναις.

2163 4878 2228 4936 ε’.
2251 4879 2365 4951 Τήν
2382 4879 2440 4934 δὲ
2466 4880 2561 4934 ἐπὶ
2590 4879 2693 4950 τῆς
2713 4878 2995 4951 τραπέζης
3016 4879 3037 4918 ί
3062 4881 3361 4952 καρτερίαν
3386 4898 3447 4935 τε
3468 4883 3563 4937 καὶ
3589 4884 3683 4951 ἐγσ¹

2097 4974 2381 5047 κράτειαν,
2417 4973 2511 5026 καὶ
2557 4972 2657 5043 τὴν
2708 4973 2765 5027 ἐν
2799 4974 2918 5037 ταῖς
2971 4971 3124 5037 νυξὶν
3168 4972 3224 5026 εί
3257 4991 3342 5037 τις
3396 4973 3683 5045 βουληθείη

2090 5068 2401 5134 διεξελθεῖν,
2429 5068 2612 5122 πόσων
2643 5067 2894 5138 δεήσεται
2941 5065 3157 5134 λόγων;
3209 5068 3428 5122 Μᾶλλον
3459 5068 3517 5121 66
3561 5068 3684 5121 οὐδὲ

2096 5162 2284 5223 εἴασας
2302 5159 2472 5230 αὐτὴν
2500 5158 2828 5229 ἐγκράτειαν
2850 5158 3137 5213 καλεῖσθαι
3166 5160 3375 5226 λοιπὸν,
3402 5160 3524 5214 οὐδὲ
3550 5178 3688 5230 καρ-

2092 5254 2282 5325 τερίαν
2314 5253 2409 5306 ἐπὶ
2438 5252 2554 5319 σοῦ,
2585 5251 2907 5323 ἀλλ’ἒτερον
2943 5251 3119 5324 ὄνομα
3157 5253 3385 5317 ταύταις
3415 5256 3559 5325 ἡμῖν·
3587 5254 3685 5323 ζη-

2092 5347 2288 5419 τητέον
2314 5348 2436 5409 ταῖς
2476 5347 2701 5417 ἀρεταῖς
2729 5345 2911 5418 πολλῷ
2951 5346 3155 5417 μεῖζον.
3190 5347 3302 5401 Καὶ
3345 5346 3454 5416 γὰρ
3481 5347 3686 5417 ἐγκρα-

2094 5440 2350 5497 τεύεσθαι
2379 5439 2585 5495 ἐκεῖνόν
2617 5457 2801 5511 φαμεν
2824 5439 2918 5495 καὶ
2946 5441 3255 5510 καρτερεῖν,
3294 5438 3387 5492 τὸν
3407 5438 3513 5492 ύπό
3542 5452 3684 5497 τινος

2098 5534 2259 5589 ἐπιθυ
2268 5534 2407 5607 μίας,
2423 5532 2942 5603 ἐνοχλούμενον,καὶ
2962 5531 3265 5604 κρατοῦντα
3285 5529 3506 5603 ταύτης.
3535 5528 3606 5582 Συ
3631 5529 3685 5580 δὲ

2161 5670 2187 5710 d
2210 5668 2410 5739 Enislin.
2438 5674 2489 5714 (ιι
2511 5667 2636 5739 [{pg.‘
2654 5668 2739 5739 τὴν
2762 5668 2963 5739 εἴσοδον,

2166 5748 2189 5774 ο
2216 5733 2342 5781 Tres
2366 5744 2479 5778 mss.
2508 5731 2694 5786 ἡλικίας
2718 5730 2807 5785 ἕως
2830 5730 2928 5777 νῦν.

2172 5794 2192 5833 ί
2229 5795 2334 5845 Ἐπὶ
2361 5810 2442 5850 τοις
2463 5794 2708 5856 τραπέζας,
2731 5791 2803 5842 sic
2833 5792 2930 5843 duo
2952 5805 3067 5841 mas.
