4002 6382
443 379 539 438 561

435 486 538 540 οὑκ
559 484 705 556 ἔχεις
724 485 857 539 ’ὅτου
882 485 1191 557 κρατήσεις·
1225 485 1392 556 πολλῇ
1417 483 1526 555 γὰρ
1568 486 1635 555 τῇ
1672 482 1819 553 ῥύμῃ
1870 482 2024 551 παρά

439 580 538 646 τῗγν
573 577 749 649 ἀρχὴν
776 578 1060 631 πνεύσασα
1098 574 1240 631 κατά
1267 577 1369 646 τῆς
1407 575 1627 647 σαρκὸς,
1662 573 1890 634 εσόεσας
1928 572 2027 626 αὑ-

439 669 541 737 τῆς
570 670 667 733 τὰς
691 669 985 740 ἐπιθυμίας
1020 667 1241 732 ταύτας,
1267 668 1327 721 οὑ
1350 667 1698 739 χαλινώσασα
1724 664 1816 745 τὸν
1836 665 2021 728 ἵππον,

437 761 576 816 ἀλλά
594 761 995 832 συμποδίσασα,
1035 759 1132 812 καὶ
1163 760 1339 830 χαμαὶ
1372 758 1596 831 ῥίψασα,
1633 758 1727 812 καὶ
1754 757 2026 827 ποιήσασα

439 850 623 920 μένειν
653 849 926 922 ἀκίνητον.
956 851 1068 906 Καὶ
1096 850 1221 903 τότε
1252 848 1350 920 μὲν
1386 848 1711 918 ἐγκράτειαν
1742 844 2022 919 κατορθώ-

440 956 601 1003 σασα.
627 941 721 996 νῦν
748 941 805 994 δὲ
830 941 1102 1003 ἀπάθειαν
1130 940 1340 1000 λοιπόν.
1368 940 1443 993 Οὑ
1473 939 1583 1011 γὰρ
1609 938 1869 1008 διενοχλεῖ
1895 956 1994 1009 τρυ
2011 968 2024 979 -

437 1037 543 1106 φῆς
574 1035 859 1106 ἐπιθυμία,
888 1036 983 1091 καὶ
1012 1036 1176 1091 πόνον
1196 1035 1339 1105 ἔχεις
1361 1034 1501 1087 ὥστε
1531 1033 1707 1103 αὑτῆς
1728 1035 2018 1105 κρατῆσαι·

436 1127 574 1181 άλλά
622 1127 876 1195 καθάπαξ
928 1127 1097 1197 αὑτὴν
1142 1127 1476 1196 άφανίσασα,
1513 1126 1609 1179 καί
1636 1124 1834 1179 ἄϐατον
1883 1126 2020 1197 αὐτῇ

435 1221 534 1292 τὴν
566 1221 745 1294 σάρκα
778 1222 1073 1291 ποιήσασα,
1111 1216 1365 1272 τοσοῦτον
1394 1216 1688 1272 ἀπολαύειν
1722 1217 1870 1270 σίτου
1928 1217 2022 1270 καὶ

437 1313 604 1368 ποτοῦ
658 1312 757 1385 τὴν
782 1313 1028 1383 γαστέρα
1062 1311 1408 1375 ἐπαίδευσας,
1454 1310 1579 1364 ὅσον
1610 1309 1685 1380 μὴ
1732 1308 2021 1363 ἀποθανεῖν

435 1407 532 1461 καὶ
551 1407 708 1477 δίκην
736 1405 943 1459 δοῦναι.
970 1404 1068 1463 Διά
1087 1421 1169 1457 τοι
1188 1401 1349 1456 τοῦτο
1385 1402 1445 1455 οὑ
1476 1401 1751 1473 νηστείαν,
1778 1401 1900 1453 οὑδέ
1928 1403 2020 1470 ἐγ-

437 1499 699 1571 κράτειαν
730 1497 889 1554 τοῦτο
912 1497 1086 1562 καλῶ,
1128 1496 1243 1550 ἀλλ’
1271 1495 1458 1567 ἐτερόν
1494 1513 1547 1548 τι
1579 1494 1767 1548 τούτου
1814 1493 2015 1565 μεῖζον.

436 1593 610 1648 Τοῦτο
639 1593 733 1647 καὶ
766 1593 858 1647 ἐπί
899 1593 999 1664 τῆς
1032 1592 1339 1664 ἀγρυπνίας
1392 1608 1487 1645 σου
1521 1591 1620 1661 τῆς
1675 1591 1826 1663 ἱερᾶς
1872 1588 2018 1645 ἐστιν

437 1685 589 1754 ίδεῖνη
623 1684 717 1739 καὶ
744 1683 854 1754 γάρ
879 1685 911 1754 ή
939 1682 1032 1735 τοῦ
1057 1682 1335 1736 καθεύδειν
1351 1681 1634 1753 ἐπιθυμία,
1659 1681 1871 1751 ἐκείνης
1896 1681 2019 1733 σϐε-

435 1775 682 1845 σθείσης,
735 1772 1204 1845 συγκατεσϐέσθηο
1255 1772 1429 1846 τροφὴ
1482 1772 1591 1844 γὰρ
1640 1771 1807 1826 ὑπνου
1848 1771 2014 1825 σιτία.

434 1866 546 1918 Καὶ
580 1865 754 1935 ἐτέρῳ
777 1864 834 1917 δὲ
857 1863 1028 1933 αὑτὴν
1059 1861 1364 1925 κατέλυσας
1400 1862 1606 1932 τρόπῳ,
1633 1860 1691 1928 ἐξ
1712 1861 1888 1940 ἀρχῆς
1920 1860 2017 1930 μὲν

433 1958 527 2009 καὶ
580 1955 752 2026 αὑτὴν
802 1954 1107 2025 βιασαμένη
1162 1954 1263 2026 τὴν
1316 1952 1498 2023 φύσιν,
1547 1952 1642 2006 καὶ
1691 1951 2018 2022 ὁλοκλήρους

432 2048 634 2112 νύκτας
675 2048 918 2111 ἀΰπνους
961 2047 1241 2117 διάγουσα’
1303 2044 1529 2118 ὕστερον
1568 2044 1626 2099 δὲ
1681 2047 1749 2117 τῇ
1804 2046 2020 2115 συνεχεῖ

434 2139 691 2211 συνηθείᾳ
716 2140 811 2192 καὶ
845 2140 924 2202 εἰς
950 2139 1111 2209 φύσιν
1140 2137 1424 2207 ἀγαγοῦσα
1454 2137 1517 2190 τὸ
1547 2137 2015 2209 πρᾶγμα.⁰Ὢσπερ

431 2231 542 2302 γάρ
582 2233 695 2294 τοῖς
736 2229 916 2294 ἄλλοις
955 2230 1095 2284 κατά
1143 2232 1303 2299 φύσιν
1329 2228 1390 2283 τὺ
1438 2228 1738 2294 καθεύδειν,
1768 2228 1909 2282 οὕτω
1934 2229 2017 2283 σοὶ

431 2324 494 2376 τὸ
528 2323 907 2395 ἐγρηγορέναι.
958 2322 1261 2393 Θαυμαστὰ
1319 2325 1418 2393 μὲν
1468 2318 1561 2377 οῦν
1590 2322 1763 2376 ταῦτα
1791 2322 1887 2375 καὶ
1923 2324 2016 2375 ἐκ-

433 2411 682 2483 πλήξεως
710 2413 971 2484 γέμοντα,
1011 2415 1107 2466 καὶ
1124 2414 1246 2466 καθ’
1286 2414 1453 2469 ἑαυτά
1473 2430 1487 2444 '
1525 2415 1574 2467 εἰ
1607 2414 1663 2467 δέ
1688 2433 1772 2479 τις
1800 2416 1893 2469 καὶ
1923 2415 2017 2469 τὸν

430 2506 624 2576 καιρὸν
655 2506 980 2571 ἐξετάσειεν,
1013 2508 1094 2560 ὅτι
1121 2508 1178 2561 ἐν
1202 2505 1366 2579 ἀώρῳ
1394 2507 1580 2579 ήλικίᾳ
1606 2507 1779 2562 ταῦτα
1806 2526 2018 2581 κατωρ-

434 2598 612 2661 θοῦτο,
639 2599 733 2654 καὶ
761 2598 858 2670 τὴν
881 2599 1117 2670 ἐρημίαν
1145 2599 1255 2653 τῶν
1297 2600 1635 2665 διδαξόντων,
1666 2600 1761 2654 καὶ
1788 2601 1849 2654 τὺ
1879 2600 2013 2671 πλῆο

433 2689 527 2754 Θος
552 2691 663 2744 τῶν
690 2689 1178 2754 σκανδαλιζόντων,
1208 2693 1301 2745 καὶ
1328 2693 1410 2746 ὅτι
1441 2676 1500 2746 ἐν
1524 2691 1668 2763 ψυχῇ
1695 2692 1754 2757 ἐξ
1785 2692 2016 2757 ἀσεὸοῦς

430 2780 582 2832 οῖκου
606 2778 703 2835 νῦν
725 2779 1143 2854 αὐτομολησάσῃ
1169 2781 1304 2852 πεὼς
1332 2781 1431 2854 τὴν
1466 2781 1745 2854 ἀλήθειαν,
1808 2782 1902 2836 καὶ
1932 2783 2015 2837 ὅτι

430 2872 489 2925 ἐν
514 2870 727 2943 σώματι
764 2874 1060 2944 γυναικείῳ
1092 2858 1152 2926 τε
1204 2875 1296 2927 καί
1343 2873 1519 2936 ἄλλως
1566 2873 1761 2944 ἁπαλῷ
1796 2873 1883 2927 διὰ
1915 2873 2015 2945 τὴν

426 2961 537 3015 τῶν
560 2961 842 3033 προγόνων
865 2962 1221 3035 περιφάνειαν
1250 2962 1343 3016 καὶ
1371 2962 1597 3035 τρυφὴν,
1639 2964 1780 3018 πόσα
1803 2964 2014 3038 πελάγη

430 3054 723 3126 θαυμάτων
750 3056 973 3127 εὑρήσει
1000 3056 1124 3110 καθ’
1159 3056 1390 3109 ἕκαστον
1418 3055 1624 3111 τούτων
1653 3058 2011 3129 ἀνοιγόμενας

427 3146 528 3200 Διά
550 3163 631 3199 τοι
658 3146 818 3200 τοῦτο
855 3145 963 3201 τῶν
989 3146 1163 3200 ἄλλων
1206 3147 1326 3200 οὑδέ
1357 3146 1859 3217 ἐπιμνησθήσομαι,
1914 3149 2013 3218 τῆς

426 3238 949 3309 ταπεινοφροσύνης,
990 3239 1090 3308 τῆς
1135 3239 1375 3307 ἀγάπης,
1421 3238 1529 3291 τῶν
1569 3238 1775 3294 λοιπῶν
1803 3240 2013 3309 ἀρετῶν

424 3328 527 3398 τῆς
555 3328 713 3397 ἁγίας
749 3345 840 3382 σου
872 3330 1069 3400 ψυχῆς.
1099 3330 1209 3382 Καὶ
1242 3329 1351 3400 γάρ
1382 3330 1561 3400 μόνον,
1589 3330 1664 3393 ὡς
1683 3329 1959 3403 ἐμνήσθην
1985 3344 2011 3372 ιι

424 3416 655 3484 τούτων,
683 3418 777 3472 καὶ
799 3418 897 3483 τὰς
930 3419 1302 3490 προσηγορίας
1318 3415 1489 3484 εἷπον,
1525 3420 1725 3491 μυρίας
1752 3421 2013 3475 ἀνέϐλυσέ

430 3528 523 3583 μοι
553 3512 777 3584 πάλινὴ
824 3512 1035 3566 διάνοια
1075 3510 1278 3583 πηγάς,
1322 3510 1415 3564 καὶ
1448 3509 1689 3582 βιάζεται
1711 3513 1805 3565 καὶ
1840 3514 2013 3567 εἰπεῖν

426 3601 654 3668 τούτων,
675 3604 749 3667 ὡς
786 3604 882 3674 τῆς
914 3601 1206 3675 προτέρας,
1255 3601 1361 3656 κᾶν
1402 3604 1466 3656 ἐκ
1501 3603 1721 3674 μέρους,
1775 3604 1845 3658 τὰ
1873 3604 2010 3676 εἴδη,

431 3695 634 3767 μᾶλλον
656 3694 713 3748 δὲ
745 3695 844 3760 τὰς
869 3694 1156 3760 ὑποθέσεις
1187 3695 1367 3766 μόνον·
1403 3696 1581 3749 ἐκεῖνο
1600 3694 1709 3768 γὰρ
1733 3696 1761 3736 ι’
1788 3696 2012 3768 ἄπειρον

428 3788 635 3861 σφόδρα
678 3786 930 3858 ἐπιζητεῖ
969 3787 1145 3858 λόγον.
1190 3785 1352 3841 Ἀλλά
1393 3788 1494 3841 οὐκ
1536 3787 1819 3859 ἀνέξομαι,
1871 3788 2013 3842 ὥστε

429 3880 506 3952 μὴ
547 3881 647 3952 τῆς
695 3880 1006 3945 ὑποθέσεως
1036 3881 1310 3947 ἐκπεσεῖν,
1349 3880 1418 3952 ἣν
1459 3879 1791 3951 προειλόμην
1819 3897 2014 3953 κατορ-

426 3970 621 4036 θῶσαι,
660 3975 740 4037 εἰς
774 3973 1004 4045 ἄπειρον
1030 3971 1332 4044 ἐξενεχθεὶς
1362 3971 1618 4043 πέλαγος.
1660 3972 1885 4026 Ἐπεὶεί
1937 3972 2013 4045 μή

424 4063 583 4118 τοῦτο
614 4063 903 4137 προῦκειτό
951 4082 1040 4136 μοι
1087 4065 1182 4118 νῦν
1213 4065 1277 4119 τὸ
1310 4064 1606 4137 πρόρριζον
1629 4063 1730 4143 τὴν
1776 4064 2013 4135 ἀθυμίαν

427 4154 577 4229 [541]
610 4157 720 4210 ἀπὸ
746 4156 841 4211 σοῦ
873 4157 1210 4221 ἀνασπάσαι,
1253 4157 1424 4228 ήδέως
1449 4156 1658 4219 τούτοις
1689 4155 2013 4227 ἐνδιέτριϐον

424 4251 537 4312 τοῖς
555 4248 756 4317 λόγοις,
793 4249 890 4309 καὶ,
926 4246 1163 4318 πέλαγος
1214 4247 1440 4319 ἄπειρον
1467 4246 1676 4308 ἔπλεον,
1730 4246 1929 4317 μᾶλλον
1956 4246 2014 4301 δέ

424 4338 660 4410 πελάγη,
690 4339 927 4411 ἑκάστης
950 4355 1044 4392 σου
1074 4339 1276 4410 ἀρετῆς
1300 4338 1401 4403 τὰς
1441 4337 1782 4408 πολυσχιδεῖς
1821 4339 2015 4393 ἀνατέ-

426 4449 576 4505 μνων
605 4433 779 4501 ὁδοὺς,
814 4425 889 4487 ὧν
918 4431 1126 4503 ἑκάστη
1175 4430 1294 4496 ὁδὸς
1341 4429 1576 4501 πέλαγος
1604 4430 1784 4485 ἔτικτε
1826 4431 2009 4500 πάλιν,

424 4525 528 4580 κάν
551 4527 617 4599 τῇ
650 4526 919 4597 ὑπομονῇ,
968 4525 1074 4579 κάν
1108 4525 1179 4595 τῇ
1224 4526 1713 4598 ταπεινοφροσύνῃ,
1739 4526 1835 4580 καί
1860 4528 2013 4599 ἐλεη-

425 4616 633 4690 μοσύνη
672 4618 739 4689 τῇ
775 4616 1046 4681 πολυειδεῖ
1085 4617 1180 4669 καὶ
1208 4615 1345 4687 πρὸς
1364 4616 1514 4670 -αὑτά
1549 4615 1652 4684 τῆς
1684 4617 2013 4689 οἰκουμένης

419 4709 492 4763 τά
525 4709 741 4780 πέρατα
768 4708 1104 4784 άπλωθείσῃ,
1140 4709 1245 4763 κάν
1278 4710 1345 4781 τῇ
1384 4709 1576 4780 ἀγάπῃ
1594 4711 1661 4781 τῇ
1689 4708 1890 4781 μυρίας
1928 4728 2011 4764 νι-

421 4797 576 4870 κὼσῃ
599 4798 883 4870 καμίνους,
906 4803 1008 4855 κάν
1023 4803 1090 4872 τῇ
1118 4800 1330 4854 συνέσει
1351 4803 1416 4871 τῇ
1445 4800 1676 4872 ἀπείρῳ,
1692 4802 1788 4854 καὶ
1810 4799 2012 4871 πολλῆς

386 4888 669 4965 ,γεμούσῃ
712 4891 957 4963 χάριτος,
987 4893 1083 4946 καὶ
1136 4892 1205 4949 τὰ
1250 4891 1425 4964 μέτρα
1451 4892 1552 4962 τῆς
1594 4891 1810 4961 φύσεως
1838 4893 2007 4965 ὑπερ-

421 4984 587 5055 ϐάσῃ.
618 4982 703 5036 Τὰ
752 4981 810 5040 δέ
843 4984 1245 5056 κατορθώματα
1288 4983 1356 5038 τά
1395 4983 1642 5038 ἐντεῦθεν
1671 4982 1927 5054 τεχθέντα
1958 4984 2014 5038 εί

420 5094 513 5140 τις.
538 5073 778 5145 βούλοιτο
808 5075 1039 5144 ἐπιέναι,
1068 5078 1266 5131 ταὺτδν
1300 5077 1518 5147 ποιήσει
1557 5070 1668 5130 οἷον
1713 5078 1767 5131 εἴ
1804 5094 1889 5142 τις
1915 5079 2010 5134 καὶ

424 5167 492 5220 τὰ
523 5165 745 5238 κύματα
769 5164 1040 5236 θαλάσσης
1079 5168 1331 5240 ἀριθμεῖν
1361 5168 1687 5240 ἐπιχειροίη.

493 5264 574 5324 ςἰ.
604 5258 696 5311 Διὸ
727 5258 796 5313 τά
822 5258 1026 5328 ἄπειρα
1050 5257 1223 5313 ταῦτα
1251 5261 1631 5335 παραδραμὼν
1651 5262 1885 5335 πελάγη,
1915 5261 2008 5317 τὸν

421 5347 611 5404 λέοντα
644 5351 753 5405 ἀπὸ
785 5350 879 5405 τοῦ
900 5350 1091 5422 ὄνυχος
1107 5351 1278 5417 δεῖξαι
1305 5354 1658 5427 πειράσομαι,
1691 5356 1846 5426 ὀλίγα
1872 5358 2009 5412 ἄττα

422 5443 557 5515 περὶ
585 5443 684 5515 τῆς
711 5442 909 5514 στολῆς
937 5458 1030 5495 σου
1054 5442 1375 5514 διαλεχθεὶς,
1413 5449 1541 5519 περὶ
1566 5447 1675 5502 τῶν
1701 5446 1889 5512 ἅπλῶς
1914 5449 2009 5502 καὶ

423 5534 547 5604 εἰκῆ
584 5551 666 5607 σοι
696 5535 1100 5607 περικειμένων
1148 5536 1398 5606 ἱματίων.
1428 5540 1548 5595 Τῶν
1572 5541 1670 5613 μὲν
1694 5540 1801 5616 γὰρ
1833 5542 2006 5598 ἀλλων

424 5624 642 5681 ἔλαττον
674 5623 812 5681 εἶναι
843 5629 1078 5684 δοκεῖτὸ
1107 5629 1459 5702 κατόρθωμα·
1494 5635 1542 5688 εί
1564 5633 1619 5688 δέ
1649 5652 1734 5705 τις
1761 5635 2007 5708 ἀκριδῶς

486 5760 511 5836 ἶ
540 5759 578 5836 ’ξ’
586 5771 675 5836 εΞδ.
696 5775 811 5835 "Iss-
834 5764 975 5836 μᾷνον
1008 5764 1260 5836 ἐμνήσθην

487 5820 634 5870 um
656 5822 814 5872 ἐκεῖνα
837 5820 945 5891 γάρ.
1035 5820 1065 5836 ν
1114 5820 1121 5823 ⁷
1206 5820 1222 5839 ’³

1112 366 1171 424 S.
1194 367 1479 426 JOANNIS
1514 359 2002 425 CHRYSOSTOMI
2038 360 2366 423 ARCHIEP.
2407 364 2964 427 CONSTANTINOP.

3618 362 3712 418 56?.

2136 481 2268 534 αὐτὸ
2290 483 2591 548 ἐξετάσειε,
2624 481 2831 556 σφόδρα
2856 488 3079 556 εὑρήσει
3111 483 3325 555 μέγατε
3363 485 3717 561 ὑπάρχονήὶ

2137 580 2426 650 φιλοσόφου
2472 581 2726 651 δεόμενον
2769 581 2968 653 ψυχῆς,
3006 583 3191 637 καὶτὰ
3225 581 3461 652 βιωτικά
3510 585 3715 641 ἅπαντα

2138 677 2585 750 καταπατούσης,
2636 678 2729 734 καὶ
2762 677 2897 749 πρὸς
2916 679 3076 732 αὑτὸν
3111 679 3421 750 ἱπταμένης
3443 681 3535 734 τὸν
3557 682 3714 753 οὑρᾳο

2133 773 2242 827 νόν.
2289 774 2488 845 Διόπερ
2516 774 2617 827 οὑκ
2671 776 2730 829 ἐν
2755 776 2821 845 τῇ
2853 776 3027 845 Καινῇ
3071 774 3251 845 μόνον,
3276 775 3418 829 ἀλλά
3458 776 3555 829 καὶ
3574 778 3630 831 ἐν
3650 782 3711 850 τῇ

2134 871 2366 942 Παλαιᾷ,
2399 872 2488 924 ὅτε
2518 870 2609 925 διά
2645 874 2806 934 σκιᾶς
2833 872 2930 925 καὶ
2965 871 3137 925 τύπου
3177 872 3238 926 τὸ
3279 872 3394 927 τῶν
3421 873 3715 946 ἀνθρώπων

2129 967 2158 1020 ό
2189 966 2323 1031 Θεὸς
2359 962 2463 1039 ἦγε
2501 966 2681 1036 γένος,
2707 969 2803 1022 καὶ
2839 967 3295 1041 σωματικὼτερον
3330 970 3402 1024 τά
3445 970 3547 1041 τῆς
3571 971 3714 1024 πολι-

2127 1063 2279 1128 τείας
2308 1065 2331 1116 ἐ
2342 1064 2695 1134 ρρυθμίξετο,
2736 1066 2973 1135 καὶπερὶ
2996 1064 3105 1119 τῶν
3138 1064 3411 1138 οὐρανίων
3441 1065 3614 1130 οὐδεὶς
3634 1069 3715 1121 οὑ-

2127 1160 2276 1214 δέπω
2314 1160 2472 1230 λόγος
2494 1156 2585 1235 ἦν,
2607 1161 2728 1214 οὑδέ
2759 1161 3058 1232 μελλόντων
3094 1163 3303 1239 μνήμη,
3337 1162 3464 1217 οὑδὲ
3489 1163 3589 1234 τῆς
3621 1165 3713 1220 νῦν

2128 1257 2465 1329 κατεχούσης
2498 1258 2816 1332 φιλοσοφίας
2839 1258 3088 1330 αἴνιγμα,
3122 1258 3259 1313 ἀλλά
3277 1259 3588 1337 παχύτερόν
3603 1277 3713 1327 πως

2127 1355 2225 1409 καὶ
2259 1354 2669 1428 σαρκικὼτερον
2688 1359 2737 1410 οἰ
2757 1356 2910 1428 νόμοι
2942 1359 3055 1425 τοῖς
3097 1356 3371 1428 Ἑϐραίοις
3396 1359 3710 1437 ἐγράφοντο,

2131 1455 2269 1527 μετά
2323 1437 2528 1528 πολλῆς
2558 1458 2659 1528 τῆς
2700 1457 3060 1530 σφοδρότητος
3106 1459 3204 1530 τὴν
3229 1460 3286 1521 ὲν
3316 1462 3434 1525 τοῖς
3485 1460 3712 1530 ἱματίοις

2126 1555 2488 1627 ἀπαγορεύων
2534 1536 2913 1637 φιλοκοσμίαν,
2950 1558 3122 1619 ταῦτα
3164 1559 3255 1625 διά
3309 1558 3408 1612 τοῦ
3442 1561 3707 1630 προφήτου

2126 1674 2200 1735 φη
2208 1656 2278 1709 σί·
2304 1655 2447 1710 Τάδε
2460 1636 2621 1726 λέγει
2641 1661 2673 1711 ὁ
2687 1636 2902 1727 Κύριος
2916 1657 3013 1712 ἐπὶ
3030 1659 3135 1726 τὰς
3154 1660 3471 1728 ἀρχούσας
3486 1659 3710 1728 θυγᾳτέν

2116 1772 2232 1836 ρας
2260 1756 2433 1821 Σιὼν,
2463 1749 3063 1825 Ἀνθῷνύψώθησαν
3076 1759 3137 1811 αἱ
3152 1755 3476 1827 θυγατέρες
3500 1756 3705 1825 αὐτῶν,

2125 1856 2225 1910 καὶ
2249 1856 2663 1934 ἐπορεύθησαν
2692 1856 2912 1932 ὑψηλῷ
2948 1858 3256 1927 τραχήλῳ,
3296 1856 3402 1911 καὶ
3426 1858 3707 1926 νεύμασιν

2124 1956 2469 2028 ὀφθαλμῶν,
2489 1958 2588 2011 καί
2610 1958 2685 2028 τῇ
2697 1961 2901 2033 πορείᾳ
2914 1957 3032 2013 τῶν
3042 1958 3246 2014 ποδῶν
3256 1961 3561 2030 σύρουσαι
3573 1959 3705 2025 τοὺς

2124 2058 2400 2137 χιτῶνας,
2421 2062 2519 2115 καὶ
2543 2061 2666 2127 τοῖς
2683 2061 2869 2116 ποσὶν
2885 2061 3005 2133 ἅμα
3030 2062 3375 2123 παίζουσαι·
3398 2063 3499 2117 καὶ
3528 2077 3704 2125 ταπει-

2124 2162 2305 2216 νώσει
2336 2163 2552 2235 Κύριος
2580 2161 2688 2230 τὰς
2709 2164 3022 2233 ἀρχούσας
3058 2164 3394 2234 θυγατέρας
3418 2165 3590 2229 Σιὼν,
3613 2165 3703 2222 καί

2123 2262 2506 2333 ἀνακαλύψω
2522 2265 2583 2319 τὸ
2600 2266 2810 2336 σχῆμα
2827 2263 3047 2331 αὐτῶν,
3062 2265 3156 2325 καί
3174 2266 3520 2335 ἁφελεῒτὴν
3531 2267 3703 2333 δόξαν

2123 2363 2229 2417 τοῦ
2271 2365 2593 2435 ἱματισιωῦ
2623 2364 2843 2430 αὐτῶν,
2878 2364 2978 2418 καὶ
3022 2364 3196 2419 ἐσται
3222 2380 3329 2419 σοι
3353 2366 3489 2423 ἀντὶ
3520 2364 3701 2434 ὀσμῆς

2124 2464 2332 2533 ἡδείας
2346 2465 2672 2533 κονιορτὸς,
2688 2466 2785 2519 καί
2798 2465 2931 2519 ἀντὶ
2947 2462 3132 2536 ζώνης
3148 2465 3409 2534 σχοινίῳ
3423 2463 3595 2533 ζώσῃ,
3611 2463 3699 2525 καὶ

2121 2564 2255 2618 ἀντὶ
2268 2562 2373 2617 τοῦ
2390 2566 2620 2633 κόσμου
2643 2562 2749 2631 τῆς
2763 2563 3034 2631 κεφαλῆς
3045 2577 3162 2617 σου
3177 2563 3549 2632 φαλὰκρωμα
3558 2561 3698 2628 ἔξεις

2122 2662 2221 2717 διὰ
2259 2664 2331 2717 τὰ
2356 2663 2500 2733 ἔργα
2547 2679 2684 2729 σου,
2715 2664 2851 2719 ἀντὶ
2888 2662 2956 2716 δὲ
2977 2662 3083 2717 τοῦ
3121 2661 3381 2731 χιτῶνος
3405 2663 3511 2717 τοῦ
3532 2676 3697 2731 μεσο-

2122 2761 2432 2829 πορφύρου
2465 2759 2755 2830 περιζώσῃ
2786 2761 3048 2815 σάκκονο
3073 2759 3250 2814 ταῦτά
3277 2777 3370 2813 σοι
3404 2760 3523 2813 ἀντὶ
3558 2757 3698 2815 καλλ-

2121 2855 2395 2927 ωπισμοῦ.
2454 2852 2609 2919 Εἶδες
2660 2856 2827 2928 ὀργὴν
2873 2857 3113 2926 ἄφατον;
3172 2851 3313 2920 εἶδες
3358 2856 3574 2909 κόλασιν
3609 2855 3693 2910 καὶ

2120 2953 2395 3023 τιμωρίαν
2426 2953 2821 3024 σφοδροτάτην;
2860 2948 2999 3017 εἶδες
3037 2952 3422 3024 αἰχμαλωσίαν
3462 2952 3693 3004 ἐπιτετα-

2125 3049 2327 3120 μένηνς
2368 3050 2462 3102 Ἐκ
2495 3049 2685 3118 τούτου
2722 3059 2745 3088 ο
2792 3049 3054 3119 στοχάζου
3096 3046 3190 3101 τοῦ
3222 3047 3616 3118 ἁμαρτήματος
3639 3042 3692 3097 τὸ

2124 3143 2372 3218 μέγεθος.
2406 3145 2482 3201 Οὐ
2518 3144 2627 3221 γὰρ
2660 3143 2726 3197 ἂν
2749 3143 3120 3215 σφοδροτάτην
3151 3140 3326 3205 οὕτως
3359 3142 3598 3211 ἐπήγαγε
3619 3155 3689 3195 τι·

2124 3242 2337 3312 μωρίαν
2364 3242 2393 3294 ό
2433 3241 2815 3312 φιλάνθρωπός
2869 3257 3023 3310 ποτε,
3057 3241 3132 3311 μὴ
3170 3240 3270 3309 τῆς
3297 3238 3573 3310 ἁμαρτίας
3601 3235 3690 3304 τῆς

2121 3339 2512 3412 ἐπισπωμένης
2566 3337 2735 3410 αὑτὴν
2781 3336 2918 3390 πολὺ
2952 3335 3198 3408 μείζονος
3224 3334 3419 3408 οὑσης.
3464 3332 3606 3387 Εἰδέ
3637 3330 3690 3384 τὸ

2122 3437 2432 3509 ἁμάρτημα
2457 3435 2620 3506 μέγα,
2650 3434 2872 3504 εὑδηλον
2899 3434 2983 3491 ὅτι
3009 3434 3103 3505 καὶ
3138 3433 3201 3487 τὸ
3250 3431 3580 3504 κατόρθωμα
3605 3426 3689 3498 μέ-

2121 3550 2327 3605 γιστον,
2355 3532 2417 3585 τὸ
2444 3532 2774 3595 ἀπεναντίας
2830 3531 3060 3602 ἑστηκὸς
3087 3529 3283 3600 τούτῳ.
3319 3529 3423 3600 Διά
3440 3545 3519 3582 τοι
3547 3524 3687 3593 τοῦτο

2121 3630 2218 3684 καὶ
2246 3629 2529 3701 βιωτικαῖς
2562 3627 2776 3705 γυναιξὶ
2796 3626 3177 3699 διαλεγόμενος
3203 3626 3232 3679 ό
3262 3625 3497 3693 Παῦλος,
3520 3621 3577 3674 οὑ
3603 3618 3685 3689 μό-

2120 3744 2210 3781 νον
2241 3726 2336 3797 τοῦ
2379 3729 2742 3807 χρυσοφορεῖν
2768 3725 2939 3787 αὑτάς
2963 3723 3187 3792 ἀπάγει,
3216 3722 3335 3776 ἀλλ’
3365 3721 3483 3776 οὐδὲ
3517 3718 3684 3789 ἱμάτια

2120 3823 2390 3901 πολυτελῆ
2425 3822 2768 3899 περικεῖσθαι
2790 3822 3036 3893 ἀφίησιν.
3060 3814 3181 3873 Οἵδε
3201 3820 3332 3891 γὰρ,
3363 3815 3471 3873 οἶδε
3495 3811 3678 3883 σαφῶς,

2118 3923 2202 3977 ὅτι
2233 3921 2469 3993 χαλεπὸν
2514 3920 2673 3976 τοῦτο
2718 3920 2898 3998 ψυχῆς
2925 3919 3165 3991 νόσημα,
3215 3918 3313 3972 καὶ
3357 3908 3682 3986 δυσκαταγώ-

2119 4034 2321 4085 νιστον,
2347 4017 2439 4073 καὶ¹
2466 4016 2691 4087 γνώμης
2717 4013 3119 4088 διεφθαρμένης
3146 4012 3348 4083 δεῖγμα
3369 4009 3517 4088 [542]
3542 4006 3679 4081 μέγι-

2121 4115 2248 4170 στόν
2280 4116 2420 4179 ἐστι,
2455 4114 2551 4169 καὶ
2587 4115 2790 4185 σφόδρα
2842 4113 3132 4183 φιλοσόφου
3163 4111 3416 4182 δεόμενον
3442 4106 3675 4178 γνώμης·

2119 4210 2215 4275 καὶ
2264 4210 2514 4284 δηλοῦσιν
2558 4213 2657 4283 οὐχ
2710 4213 2767 4265 αἱ
2817 4209 3067 4282 βιωτικαί
3102 4209 3362 4279 γυναῖκες
3390 4205 3558 4277 μόνον,
3595 4196 3678 4256 καὶ

2118 4308 2377 4380 ἀνδράσιν
2398 4307 2749 4381 ὁμιλήσασαι,
2770 4299 2847 4360 ὧν
2877 4305 3103 4376 οὑδεμία
3121 4302 3318 4377 ῥαδίως
3341 4302 3539 4369 ταύτης
3568 4292 3675 4366 ἠνέ-

2121 4429 2279 4483 σχετο
2299 4411 2397 4483 τῆς
2410 4408 2802 4480 παραινέσεως,
2829 4407 2965 4463 ἀλλὰ
2992 4406 3085 4460 καὶ
3102 4407 3159 4459 αἱ
3186 4404 3491 4474 φιλοσοφεῖν
3519 4393 3677 4452 δοκοῦ-

2121 4525 2233 4573 σαι,
2256 4508 2351 4567 καί
2370 4508 2452 4570 εἰς
2479 4506 2569 4563 τὸν
2583 4507 2683 4577 τῆς
2695 4518 2774 4561 πα
2789 4502 3006 4577 ρθενίας
3032 4501 3207 4556 τελεῖν
3224 4500 3384 4573 χορὸν
3418 4493 3675 4568 λαχοῦσαι.

2119 4603 2321 4658 Πολλαί.
2346 4602 2457 4675 γάρ
2499 4600 2706 4656 τούτων
2754 4600 2892 4672 πρὸς
2928 4597 3222 4672 τυραννίδα
3257 4596 3469 4667 φύσεως
3498 4588 3674 4644 ἀποδυ-

2120 4700 2375 4770 σάμεναι,
2402 4697 2499 4752 καὶ
2521 4694 2780 4767 καθαρῶς
2808 4695 2898 4750 τὸν
2927 4695 3028 4766 τῆς
3053 4692 3353 4766 παρθενίας
3391 4686 3671 4745 διανύουσαι

2117 4797 2335 4870 δρόμον,
2386 4799 2482 4852 καὶ
2510 4792 2808 4865 ἀγγελικὴν
2845 4795 2903 4847 ἐν
2944 4792 3121 4864 τούτῳ
3174 4790 3501 4863 μιμούμεναι
3535 4778 3669 4837 πολι·

2115 4893 2289 4959 τείαν,
2317 4892 2411 4947 καὶ
2444 4892 2503 4946 ἐν
2532 4889 2712 4963 θνητῷ
2742 4889 2954 4960 σώματι
2989 4887 3058 4943 τὰ
3080 4888 3180 4959 τῆς
3204 4886 3544 4942 ἀναστάσεως
3567 4879 3672 4939 Eme

2116 4991 2463 5063 δεικνύμεναι
2477 4987 2742 5062 προοίμια
2757 4987 2776 5057 (
2791 4987 2879 5042 Ἐν
2891 4985 3001 5058 γὰρ
3017 4984 3097 5056 τῷ
3111 4984 3269 5038 αἰῶνι
3281 4981 3484 5051 ἐκείνῳ,
3502 4972 3667 5046 φησὶν,

2116 5091 2255 5145 οὔτε
2311 5087 2630 5160 γαμοῦσιν,
2671 5085 2811 5140 οὔτε
2860 5079 3381 5152 ἐκγαμίσκονται),
3427 5073 3514 5130 καὶ
3550 5064 3667 5138 πρὸς

2113 5188 2215 5253 τὰς
2252 5185 2578 5258 ἀσωμάτους
2636 5183 2894 5254 δυνάμεις
2932 5180 3155 5251 θέμεναι
3195 5177 3293 5250 τὴν
3322 5173 3557 5248 ἅμιλλαν,
3586 5160 3666 5217 καὶ

2116 5285 2255 5357 πρὸς
2271 5285 2367 5356 τὴν
2384 5282 2692 5355 ἀφθαρσίαν
2716 5283 2774 5334 ἐν
2788 5277 3014 5351 φθαρτῷ
3040 5278 3255 5348 σώματι
3274 5265 3661 5347 φιλονεικοῦσαι.

2117 5384 2212 5438 καὶ
2263 5384 2293 5436 ὃ
2340 5382 2557 5445 πολλοῖς
2587 5379 2706 5433 οὑδὲ
2731 5377 2965 5432 ἀκοῦσαι
2988 5376 3241 5448 φορητὸν,
3276 5374 3363 5428 διὰ
3383 5369 3484 5425 τῶν
3507 5363 3662 5434 εργων

2117 5478 2503 5551 κατορθοῦσαι,
2557 5477 2652 5531 καὶ
2685 5475 2936 5545 καθάπερ
2972 5473 3250 5527 λυττῶντα
3275 5471 3409 5524 κύνα
3448 5461 3534 5518 καὶ
3556 5468 3663 5551 συνς

2115 5546 2268 5649 εχῶς-
2284 5574 2654 5647 ἐπιπηδῶντα,
2694 5574 2793 5644 τὴν
2814 5571 3111 5643 ἐπιθυμίαν
3137 5568 3554 5644 διακρουόμεναι,
3580 5546 3659 5605 καὶ

2119 5673 2456 5747 μαινομένην
2486 5672 2760 5727 θάλασσαν
2782 5669 3261 5741 καταστέλλουσαι,
3287 5669 3378 5725 καὶ
3396 5668 3449 5736 ἐν
3474 5650 3659 5731 ἀγρερις

2183 5835 2206 5864 ε
2223 5831 2335 5886 Duo
2368 5830 2421 5880 ἐκ
2443 5828 2614 5878 τούτου
2645 5826 2742 5887 οῦν.
