4002 6372
258 449 347 504 561

258 573 364 616 tetu
385 597 404 625 ,
429 556 562 628 quid
595 556 810 622 vincas,
854 555 966 625 jam
997 567 1102 608 non
1146 551 1311 608 habes
1344 570 1357 606 :
1393 559 1540 606 tanto
1567 551 1708 607 enim
1741 551 1845 603 im-

259 663 376 723 petu
399 650 661 706 adversus
675 664 893 704 carnem
920 647 1032 718 jam
1062 646 1186 701 inde
1213 646 1283 700 ab
1311 645 1462 699 initio
1492 642 1762 714 irrupisti,
1789 649 1850 696 ut

257 746 417 815 ipsius
460 744 784 813 cupiditates
810 741 1130 797 exstinxeris
1159 758 1172 794 :
1205 755 1309 794 non
1339 739 1480 793 enim
1509 752 1706 808 equum
1737 735 1848 789 fre-

259 838 420 900 nasti,
452 835 549 890 sed
583 835 742 906 plane
784 832 1182 898 constrinxisti,
1209 841 1370 901 atque
1413 829 1562 885 humi
1612 837 1850 899 prostra-

258 929 368 981 visti
391 971 406 993 ,
437 927 834 996 imntotumque
856 925 1155 980 reddidisti.
1182 924 1262 979 Ac
1282 932 1390 976 tum
1420 921 1634 992 quidem
1657 931 1848 974 omnes

252 1019 595 1074 continentiae
635 1032 888 1073 numeros
912 1016 1190 1086 explevisti
1219 1032 1234 1069 :
1269 1029 1408 1069 nunc
1433 1022 1611 1067 autem
1644 1011 1694 1065 id
1733 1009 1845 1080 jam

255 1121 578 1181 consequuta
609 1125 667 1164 es
686 1152 702 1176 ,
742 1121 794 1164 ut
824 1109 970 1164 oumi
999 1107 1401 1179 perturbatione
1428 1121 1634 1160 careas.
1662 1103 1846 1173 Neque

254 1203 387 1257 enim
447 1203 723 1272 negotium
769 1201 866 1256 tibi
927 1200 1144 1256 facessit
1187 1199 1495 1255 deliciarum
1547 1197 1843 1267 cupiditas,

255 1310 418 1366 neque
448 1306 508 1349 ut
531 1310 652 1350 eam
681 1309 934 1365 superes,
966 1293 1176 1348 laboras
1207 1308 1223 1347 :
1273 1307 1460 1348 verum
1490 1305 1550 1346 ea
1580 1288 1746 1344 semel
1777 1288 1844 1343 de

255 1386 424 1440 medio
448 1386 660 1440 sublata
681 1426 696 1451 ,
737 1388 994 1455 omnique
1039 1383 1138 1454 ipsi
1187 1383 1253 1437 ad
1279 1397 1495 1437 carnem
1525 1391 1665 1435 tuam
1696 1379 1842 1434 aditu

257 1477 536 1545 praeluso,
565 1486 809 1532 ventrem
859 1485 1062 1530 tantum
1104 1475 1207 1530 cibi
1237 1490 1300 1529 ac
1329 1482 1483 1544 potus
1521 1486 1712 1542 capere
1739 1471 1841 1526 do-

254 1569 396 1624 cuisti
416 1610 432 1634 ,
460 1577 722 1638 quantum
764 1582 986 1623 necesse
1010 1575 1122 1634 est,
1151 1583 1219 1620 ne
1249 1567 1478 1620 intereas
1499 1605 1514 1631 ,
1543 1579 1606 1618 ac
1629 1577 1840 1634 poenam

255 1659 380 1715 luas.
419 1659 502 1715 0b
546 1674 776 1730 eamque
805 1673 1020 1713 causam
1051 1673 1160 1712 non
1179 1655 1474 1727 jejunium,
1520 1669 1626 1708 non
1664 1653 1841 1708 conti-

257 1751 476 1805 nentiam
506 1749 559 1804 id
589 1764 755 1815 voco,
800 1749 894 1805 sed
922 1749 1064 1804 aliud
1113 1748 1363 1818 quiddam
1410 1747 1510 1800 hoc
1538 1744 1836 1800 sublimius.

256 1845 414 1914 Atque
441 1844 543 1896 hoc
575 1843 630 1897 in
677 1843 845 1898 sacris
887 1857 1102 1913 quoque
1150 1841 1251 1896 tuis
1292 1840 1487 1911 vigiliis
1534 1839 1838 1910 perspicere

258 1934 405 1988 licet:
436 1949 559 1988 nam
591 1932 899 1990 dormiendi
945 1931 1207 2003 cupiditas
1259 1946 1363 1986 una
1402 1945 1524 1986 cum
1561 1929 1838 2000 superiore

259 2026 335 2079 illa
358 2026 619 2081 exstincta
667 2034 750 2081 est
779 2043 794 2082 :
824 2024 948 2080 cibo
991 2025 1185 2095 quippe
1212 2039 1432 2080 somnus
1473 2024 1653 2078 alitur.
1697 2022 1836 2090 Quin

259 2117 380 2170 hanc
404 2133 620 2188 quoque
650 2117 754 2171 alia
797 2117 1005 2171 ratione
1032 2117 1342 2187 oppressisti
1364 2158 1378 2184 ,
1409 2116 1534 2171 dum
1573 2115 1642 2170 ab
1684 2113 1837 2171 initio

259 2214 442 2261 natum
469 2209 637 2262 etiam
676 2208 787 2262 vim
826 2207 1084 2274 intulisti,
1133 2209 1474 2287 integrasque
1525 2217 1709 2263 noctes
1749 2207 1834 2262 iu-

256 2315 449 2356 snmnes
465 2301 691 2363 duxisti,
706 2316 768 2356 ac
788 2301 1017 2370 denique
1033 2302 1246 2356 assidua
1268 2302 1654 2357 consuetudine
1669 2302 1720 2355 in
1738 2316 1828 2354 na-

259 2400 411 2444 turam
437 2391 538 2447 hoc
565 2391 904 2447 c0uvertisti.
929 2391 995 2447 Ut
1011 2393 1153 2446 enim
1183 2392 1298 2446 aliis
1332 2392 1568 2446 dormire
1595 2392 1834 2446 naturale

259 2492 345 2545 est,
363 2483 544 2538 eodem
563 2484 731 2539 modo
747 2485 838 2538 tibi
861 2484 1100 2554 vigilare.
1120 2488 1293 2552 Atque
1315 2485 1428 2540 haec
1450 2485 1664 2556 quidem
1680 2486 1829 2540 miri-

259 2574 343 2628 ﬁca
358 2585 406 2629 et
421 2576 660 2645 stuporis
675 2577 830 2646 plena
848 2576 1204 2644 snnt,etiamsi
1220 2591 1318 2646 per
1332 2592 1390 2632 se
1405 2576 1828 2631 considerentur.

258 2664 389 2732 Quod
404 2667 572 2738 siquis
591 2679 810 2738 tempus
831 2671 990 2723 etiam
1008 2668 1290 2738 expendat,
1314 2669 1650 2722 immaturam
1677 2683 1830 2722 nem-

259 2771 334 2824 pe,
351 2759 396 2810 in
413 2774 509 2828 qua
536 2759 660 2813 lucc
680 2750 990 2829 pricstabas,
1010 2770 1242 2826 aetatem,
1261 2769 1314 2813 ct
1343 2759 1714 2829 magistrorum
1734 2773 1830 2828 pe-

262 2850 465 2914 nuriam,
494 2860 547 2906 et
574 2867 767 2907 eorum
794 2852 885 2922 qui
914 2853 1233 2909 oll'endiculo
1261 2852 1350 2907 tibi
1384 2861 1558 2917 erant,
1577 2852 1830 2922 frequen-

260 2941 388 3008 tiam,
404 2945 609 3016 etquod
634 2945 686 2998 in
705 2961 765 2998 ea
785 2947 982 3013 anima,
1001 2963 1120 3017 qua:
1136 2963 1199 3001 ex
1219 2947 1377 3016 impia
1395 2946 1554 3002 domo
1567 2946 1630 3000 ad
1645 2947 1833 3000 verita-

261 3039 494 3090 temnunc
521 3035 916 3106 transfugerat,
948 3046 1002 3091 et
1028 3038 1170 3108 quod
1209 3039 1260 3092 in
1289 3054 1515 3108 corpore
1545 3038 1787 3092 muliebri
1813 3079 1825 3100 ,

260 3134 394 3194 atque
419 3129 612 3199 alioqui
649 3139 863 3200 propter
883 3131 1142 3202 majorum
1188 3131 1528 3200 Splendorem
1560 3147 1622 3186 ac
1647 3131 1826 3184 luxum

261 3217 460 3274 molliet
501 3219 773 3287 delicato,
823 3232 1022 3292 quanta
1077 3224 1124 3277 ei
1156 3234 1345 3278 cuncta
1395 3225 1510 3277 haec
1560 3223 1828 3294 sigillatim

260 3311 588 3368 consideranti
651 3315 1032 3370 miraculorum
1077 3317 1242 3370 maria
1290 3331 1348 3371 se
1378 3317 1827 3385 aperient?Quo-

260 3401 377 3456 circa
402 3420 463 3458 ne
503 3406 738 3460 aliorum
783 3406 997 3475 quidem
1030 3407 1354 3461 mentionem
1397 3409 1631 3460 facturus
1670 3421 1786 3460 sum
1811 3448 1825 3473 ,

262 3491 346 3548 hoc
361 3504 461 3561 est,
492 3495 845 3565 humilitatis,
878 3500 1145 3565 caritatis,
1187 3515 1250 3554 ac
1271 3508 1588 3554 cretei-arum
1631 3511 1829 3553 sanctae

262 3585 427 3643 anima:
451 3598 551 3644 tua:
590 3591 871 3646 virtutum.
907 3592 1176 3663 Siquidem
1208 3593 1334 3647 dom
1364 3593 1477 3647 hmo
1503 3591 1754 3647 recordor
1775 3600 1830 3647 et

260 3690 591 3738 commemoro
615 3725 634 3749 ,
664 3694 948 3739 sexcentos
994 3685 1121 3740 mihi
1153 3701 1365 3740 rursum
1403 3685 1576 3739 fontes
1619 3685 1829 3740 animus

261 3774 482 3848 protulit,
514 3791 576 3830 ac
602 3792 696 3830 me
718 3777 1106 3843 harumctiam,
1132 3788 1186 3832 ut
1217 3787 1271 3832 et
1297 3777 1524 3848 prioris,
1553 3776 1826 3846 sigillatim

261 3864 423 3920 saltem
443 3884 644 3939 genera
681 3870 793 3940 ipsa
819 3911 832 3936 ,
860 3871 945 3925 vel
972 3873 1146 3941 potius
1182 3880 1492 3941 argumenta
1515 3869 1825 3937 dumtaxat,

262 3957 434 4017 referre
471 3964 616 4035 cogit
646 3981 658 4018 :
694 3980 815 4018 nam
848 3964 978 4019 illud
1013 3965 1272 4023 inﬁnitam
1303 3965 1599 4019 orationem
1651 3962 1828 4033 requi-

262 4061 400 4106 reret.
427 4054 628 4111 Verum
656 4073 724 4112 ne
751 4057 818 4112 ab
844 4073 906 4114 ea
932 4100 947 4124 ,
979 4073 1139 4129 quam
1188 4058 1405 4128 exsequi
1434 4058 1673 4123 institui,
1708 4071 1825 4110 ma-

264 4143 373 4197 teria
390 4148 632 4204 excidam
659 4191 674 4216 ,
701 4149 754 4203 in
783 4150 1100 4205 immensum
1144 4151 1359 4220 pelagus
1386 4149 1710 4219 praecipitem
1743 4162 1827 4202 me

265 4234 429 4293 auferri
472 4241 612 4298 haud
659 4244 850 4314 patiar.
879 4242 1011 4298 Nam
1040 4243 1269 4312 alioqui,
1299 4243 1398 4298 nisi
1429 4242 1479 4296 id
1521 4257 1663 4296 nunc
1695 4240 1826 4296 mihi

263 4333 559 4398 Propositum
609 4345 794 4402 esset,
843 4346 900 4389 ut
930 4336 1238 4389 mmstitiam
1269 4345 1410 4390 tuam
1460 4335 1715 4389 radicitus
1760 4350 1825 4388 ex

263 4420 416 4478 animo
452 4435 538 4481 tuo
575 4429 867 4484 evellerem
890 4470 904 4494 ,
943 4427 1132 4482 lubens
1161 4429 1211 4482 in
1246 4428 1344 4482 hac
1373 4429 1615 4483 oratione
1641 4441 1824 4482 versa-

264 4524 355 4577 rer,
389 4524 537 4587 atque
563 4520 886 4576 immensum
919 4521 1168 4599 pelagus,
1210 4508 1294 4574 vel
1342 4519 1600 4573 immensa
1650 4519 1824 4588 potius

266 4605 405 4665 Maria
443 4611 746 4682 navigarem
779 4629 793 4665 :
837 4612 1158 4691 multiplices
1198 4611 1448 4673 nimirum
1496 4612 1826 4680 singularum

265 4691 487 4754 virtutum
520 4712 730 4756 tuarum
779 4703 896 4765 vias
933 4704 1152 4772 obiens,
1181 4719 1406 4773 quarum
1455 4703 1676 4774 singulae
1726 4719 1825 4758 no.-

267 4800 370 4843 t'nm
391 4808 588 4852 rursum
621 4798 842 4870 pelagus
878 4809 1226 4879 procrearent
1248 4841 1264 4865 ,
1315 4801 1431 4856 sive
1473 4799 1541 4855 de
1573 4798 1827 4872 patientia

267 4880 376 4935 mihi
403 4899 572 4943 sermo
600 4901 783 4959 esset,
816 4892 931 4946 sive
968 4891 1038 4947 de
1078 4892 1378 4948 humilitate
1399 4933 1415 4960 ,
1448 4893 1563 4949 sive
1606 4893 1674 4948 de
1704 4907 1826 4948 om-

269 4969 335 5024 nis
372 4980 572 5044 generis
615 4981 991 5064 eleemosyna,
1020 4983 1086 5044 ad
1119 4984 1262 5056 ipsos
1291 4999 1461 5056 usque
1484 4985 1629 5041 orbis
1660 4995 1839 5040 terra-

267 5070 364 5147 ruat
389 5064 513 5122 ﬁnes
537 5069 762 5137 dill'usa,
795 5073 908 5129 sive
947 5074 1014 5128 de
1050 5076 1272 5134 caritate
1294 5118 1308 5141 ,
1343 5091 1463 5147 qua:
1513 5076 1824 5135 innumeras

271 5145 482 5242 fornaces
504 5159 693 5216 ardore
713 5173 949 5242 superat,
980 5165 1092 5219 sive
1122 5165 1188 5220 de
1214 5145 1418 5220 inﬁnita
1444 5175 1603 5238 atque
1625 5167 1824 5237 ingenti

269 5238 425 5309 lepore
452 5251 655 5318 perfusa
684 5238 991 5326 naturaeque
1033 5257 1248 5312 modum
1274 5259 1567 5316 excedente
1596 5261 1825 5330 pruden-

270 5331 347 5386 tia.
374 5339 590 5405 Quinam
617 5357 792 5406 autem
818 5347 942 5403 hinc
971 5349 1174 5405 fructus
1199 5352 1300 5406 orti
1331 5353 1436 5407 sint
1453 5394 1467 5418 ,
1488 5353 1531 5408 si
1560 5354 1679 5428 quis
1702 5370 1826 5407 nar-

268 5430 642 5505 mreinstiluat,
671 5442 886 5510 perinde
919 5443 1110 5513 faciet,
1139 5452 1197 5499 ut
1217 5445 1262 5507 si
1291 5446 1411 5518 quis
1440 5448 1603 5510 maris
1632 5447 1824 5508 ﬂuctus

269 5532 521 5584 numerare
543 5535 894 5603 aggrediatur.

329 5617 376 5668 6.
407 5615 479 5672 De
505 5625 674 5679 vestitu
704 5627 791 5681 vili
827 5644 889 5682 ac
929 5628 1152 5700 neglecto
1198 5629 1540 5703 Olympiadis.
1572 5663 1646 5674 ——
1673 5635 1820 5700 Quo-

271 5700 390 5766 εἶναι
415 5714 716 5774 vastissimis
764 5718 845 5774 his
887 5721 1123 5776 maribus
1149 5725 1463 5792 praeteritis,
1497 5724 1706 5781 leonem
1755 5726 1823 5782 ab

276 5805 427 5888 llf'jguc
460 5803 815 5866 demonstrare
844 5813 1115 5868 conabor:
1149 5830 1312 5888 pauca
1362 5817 1611 5872 nimirum
1640 5817 1708 5872 de
1740 5835 1821 5873 ve-

274 5887 383 5934 sutu
407 5892 487 5941 tuo
524 5899 671 5962 atque
699 5895 1043 5962 indumentis,
1073 5887 1264 5971 quibus
1302 5917 1496 5974 corpus
1531 5913 1678 5959 tuum
1721 5918 1816 5959 ue-

1712 435 2069 494 Εριδτοωι

3447 458 3554 515 552

1955 552 2171 621 giectim
2196 555 2448 612 amictum
2477 567 2560 615 est
2578 601 2593 626 ,
2619 559 2778 616 verba
2807 559 3023 619 faciens.
3043 564 3378 638 Quamquam
3403 570 3545 626 enim

1959 644 2076 699 hare
2119 645 2288 702 virtus
2333 649 2450 706 aliis
2479 651 2671 707 cedere
2701 653 2930 722 videtur,
2973 665 3150 712 tamen
3185 659 3232 713 si
3278 660 3398 731 quis
3426 676 3546 716 eam

1955 748 2203 796 accurate
2233 744 2604 813 perpenderit,
2631 747 2916 803 admodum
2969 750 3238 821 ingentem
3270 769 3388 808 eam
3427 769 3549 810 esse

1953 833 2218 902 reperiet,
2261 844 2422 906 atque
2449 838 2750 907 ejusmodi,
2795 858 2915 912 qua:
2952 843 3196 913 sapiente
3235 845 3448 914 animo,
3483 862 3546 902 ac

1953 921 2186 979 humana
2224 937 2544 997 superante,
2575 937 2631 985 et
2672 932 2739 986 ad
2781 932 2952 1002 ipsum
2985 949 3152 1005 usque
3187 935 3375 991 caelum
3408 935 3544 992 voli-

1904 1039 1911 1042 ··
1953 1022 2098 1070 tante
2118 1030 2252 1084 opus
2294 1017 2506 1072 habeat.
2548 1019 2627 1074 Ac
2670 1031 2952 1091 propterea
2993 1026 3180 1080 nonin
3209 1024 3359 1082 Novo
3384 1026 3540 1082 dum-

1952 1117 2132 1174 taxat,
2155 1109 2247 1164 sed
2269 1111 2428 1164 etiam
2459 1112 2512 1166 in
2544 1111 2724 1168 Veteri
2752 1113 3093 1171 Testamento
3111 1157 3127 1182 ,
3157 1132 3278 1172 cum
3301 1133 3394 1190 per
3421 1135 3541 1172 um—

1949 1197 2102 1253 bram
2149 1215 2212 1255 ac
2263 1199 2482 1270 ﬁguram
2532 1203 2674 1259 Deus
2717 1204 2992 1260 hominum
3023 1221 3226 1278 genus,
3275 1218 3435 1281 atque
3477 1225 3540 1265 ea

1949 1305 2069 1360 qua:
2097 1291 2164 1345 ad
2197 1292 2412 1348 vivendi
2443 1295 2704 1351 rationem
2747 1298 3116 1368 pertinebant,
3146 1299 3378 1356 crassius
3405 1317 3538 1371 quo-

1949 1380 2238 1439 dammodo
2267 1383 2663 1454 moderabatur,
2694 1389 2920 1443 necdum
2949 1388 3015 1444 de
3039 1389 3341 1446 eadestibus
3374 1393 3537 1447 rebus

1946 1473 2200 1537 verbum.
2234 1490 2333 1530 nec
2361 1475 2429 1532 de
2461 1475 2648 1533 futuris
2679 1479 2783 1535 ulla
2815 1480 3015 1536 mentio
3043 1489 3191 1548 erat,
3232 1497 3333 1537 nec
3361 1482 3537 1553 philo-

1946 1563 2149 1634 sophia:
2189 1565 2348 1635 hujus
2372 1583 2492 1638 qua:
2522 1584 2664 1624 nunc
2701 1571 2840 1642 viget
2869 1571 2974 1627 ulla
2999 1572 3085 1628 vel
3115 1572 3342 1628 obscura
3366 1573 3534 1644 signi-

1945 1656 2156 1725 ﬁcatio,
2191 1673 2372 1713 verum
2412 1660 2688 1731 pinguiore
2718 1662 2948 1733 quodam
2985 1672 3040 1719 et
3069 1665 3334 1720 crassiore
3372 1666 3534 1723 modo

1945 1746 2088 1818 leges
2111 1748 2349 1804 Hebraeis
2379 1751 2770 1819 scribebantur,
2803 1753 3144 1823 elegantioris
3170 1755 3392 1812 vestitus
3413 1767 3531 1812 stu-

1945 1836 2090 1892 dium
2115 1838 2585 1896 vehementissime
2617 1842 2938 1899 intcrdicens
2955 1886 2970 1913 ,
2996 1860 3092 1915 per
3111 1846 3425 1917 prophetam
3454 1849 3533 1903 sic

1943 1930 2058 1985 ait:
2091 1929 2219 1985 Ha'c
2247 1933 2369 1987 dicit
2413 1932 2664 1990 Dominus
2707 1935 2948 1990 adversus
2987 1937 3344 1992 dominatrices
3394 1940 3533 2009 ﬁlias

1943 2022 2074 2077 Sion
2107 2038 2128 2078 :
2168 2023 2275 2078 Pro
2302 2041 2359 2079 eo
2385 2028 2521 2097 quod
2542 2028 2744 2082 elevata:
2769 2037 2888 2082 sunt
2907 2029 3032 2098 ﬁlia:
3055 2047 3226 2084 eorum
3248 2072 3261 2097 ,
3293 2041 3336 2085 et
3352 2033 3531 2087 ambu-

1943 2112 2169 2170 laverunt
2191 2127 2392 2172 extento
2418 2119 2550 2172 collo
2572 2160 2586 2187 ,
2619 2128 2664 2173 et
2690 2119 2892 2174 nutibus
2912 2122 3172 2176 oculorum
3194 2133 3240 2177 et
3260 2141 3532 2195 progressu

1940 2207 2123 2277 pedum
2145 2209 2340 2262 tunicas
2359 2209 2644 2276 trahebant,
2668 2221 2715 2264 et
2741 2211 2948 2281 pedibus
2977 2212 3080 2265 suis
3096 2213 3248 2266 simul
3267 2212 3532 2277 ludebant;

1927 2293 1988 2351 et
2016 2299 2298 2353 humiliabit
2337 2300 2586 2356 Dominus
2626 2302 2980 2358 dominatrices
3003 2304 3140 2374 ﬁlias
3179 2304 3339 2370 Sion,
3369 2317 3414 2358 et
3444 2305 3532 2358 dc-

1939 2388 2150 2443 nudabit
2178 2391 2405 2445 habitum
2447 2409 2620 2447 eorum
2640 2435 2655 2460 ,
2701 2404 2747 2448 et
2773 2399 2966 2466 auferet
3004 2395 3221 2467 gloriam
3253 2396 3530 2451 vestimenti

1939 2496 2135 2534 eorum.
2171 2481 2234 2534 Et
2263 2483 2358 2536 erit
2397 2483 2486 2538 tibi
2511 2501 2605 2555 pro
2634 2487 2774 2540 suavi
2801 2486 2955 2539 odore
2979 2486 3174 2557 pulvis,
3204 2497 3249 2540 et
3279 2505 3372 2558 pro
3400 2503 3532 2541 zona

1938 2575 2165 2642 funiculo
2186 2575 2401 2647 cingeris
2419 2618 2434 2645 ,
2463 2588 2509 2632 et
2530 2580 2631 2649 pro
2649 2590 2944 2634 ornamento
2968 2580 3150 2652 capitis
3172 2580 3244 2633 tui
3273 2579 3529 2634 calvitium

1937 2670 2140 2724 habebis
2187 2683 2391 2743 prapter
2421 2689 2575 2744 opera
2601 2685 2687 2728 tua
2713 2689 2732 2729 :
2761 2685 2809 2729 et
2839 2692 2931 2743 pro
2971 2675 3142 2728 tunica
3170 2675 3381 2730 clavom:
3408 2692 3529 2745 pur-

1937 2779 2082 2833 purae
2107 2779 2254 2818 sacco
2275 2766 2489 2836 cingeris
2537 2765 2691 2838 (Isai.
2721 2769 2774 2823 3.
2801 2767 2991 2822 16-18.
3019 2766 3112 2838 2i)
3144 2785 3157 2822 :
3186 2767 3301 2821 haec
3329 2767 3420 2820 tibi
3449 2783 3530 2820 or-

1939 2857 2175 2910 namenti
2222 2855 2340 2911 loco
2369 2866 2546 2912 erunt.
2581 2858 2738 2913 Vides
2764 2858 3128 2926 iracundiam,
3171 2875 3388 2914 omnem
3414 2875 3530 2914 ser-

1937 2947 2111 3001 monis
2138 2946 2243 3002 vim
2271 2949 2655 3018 superantem?
2695 2949 2846 3005 vides
2886 2949 3290 3004 acerbissimum
3319 2952 3526 3021 suppli-

1933 3038 2074 3093 cium
2121 3047 2174 3094 et
2211 3039 2545 3094 cruciatum?
2583 3041 2732 3096 vides
2768 3040 3085 3096 acerrimam
3132 3043 3528 3112 captivitatem?

1936 3129 2072 3184 Hinc
2115 3131 2318 3200 peccati
2373 3132 2792 3203 magnitudinem
2840 3133 3095 3204 conjicias
3139 3135 3280 3189 licet.
3339 3135 3527 3206 Neque

1934 3223 2078 3276 enim
2102 3223 2361 3293 benignus
2393 3222 2532 3278 Deus
2561 3233 2666 3278 tam
2709 3240 2923 3295 gravem
2955 3235 3008 3280 et
3033 3227 3280 3280 acerbam
3313 3242 3524 3295 prunam

1935 3331 2185 3386 umquam
2215 3315 2520 3384 inﬁixisset,
2547 3318 2650 3373 nisi
2679 3330 2952 3389 peccatum
2971 3362 2985 3387 ,
3028 3319 3168 3391 quod
3198 3336 3316 3376 eam
3341 3337 3526 3377 accer-

1934 3419 2117 3475 seret,
2165 3409 2318 3480 longe
2361 3412 2576 3479 gravius
2627 3423 2790 3468 esset.
2831 3412 2984 3479 Quod
3037 3414 3081 3469 si
3133 3430 3382 3485 magnum
3425 3415 3527 3469 hoc

1934 3499 2108 3554 scelus
2133 3509 2246 3568 est,
2295 3501 2461 3556 virtus
2483 3517 2544 3556 ea
2571 3518 2690 3572 qua:
2731 3505 2828 3574 ipsi
2861 3505 3148 3574 opponitur
3187 3505 3328 3561 haud
3365 3507 3528 3561 dubie

1933 3590 2185 3644 maxima.
2231 3592 2308 3646 Ac
2333 3593 2554 3661 proinde
2583 3594 2778 3648 Paulus
2806 3611 3048 3665 quoque,
3076 3613 3198 3653 cum
3225 3599 3292 3652 ad
3332 3599 3524 3652 mulie-

1934 3695 2021 3735 res
2046 3697 2170 3743 eas,
2199 3698 2318 3752 qua:
2346 3683 2668 3738 mundanam
2702 3686 2861 3739 vitam
2893 3688 3190 3757 complexa:
3219 3699 3372 3753 sunt,
3405 3705 3527 3743 ora.

1937 3772 2135 3826 tionem
2164 3772 2415 3842 haberet,
2445 3789 2552 3828 non
2581 3777 2743 3830 modo
2771 3779 2837 3833 ab
2870 3793 3002 3833 auro
3028 3780 3286 3848 gestando
3316 3796 3409 3834 eas
3433 3783 3525 3833 ab-

1932 3861 2109 3931 ducit,
2157 3863 2248 3918 sed
2313 3879 2382 3919 ne
2430 3869 2759 3936 sumptuosis
2801 3869 3014 3938 quidem
3060 3871 3297 3925 vestibus
3343 3872 3521 3927 utendi

1933 3966 2248 4027 potestatem
2303 3961 2431 4032 ipsis
2473 3960 2600 4016 facit
2649 3963 2725 4035 (l.
2762 3959 2891 4016 Tim.
2921 3962 2974 4016 9..
3009 3963 3087 4033 9).
3137 3964 3302 4019 Norat
3341 3967 3520 4029 enim,

1933 4051 2210 4120 perspicue
2230 4095 2245 4118 ,
2275 4052 2488 4121 inquam
2507 4095 2521 4118 ,
2551 4063 2740 4119 norat,
2771 4069 2984 4125 gravem
3014 4054 3154 4111 hunc
3181 4072 3244 4111 ac
3275 4057 3521 4126 profliga-

1935 4151 1988 4195 tu
2037 4142 2405 4210 perdifﬁcilem
2455 4143 2614 4198 animi
2657 4145 2899 4200 morbum
2951 4160 3102 4208 esse,
3147 4157 3522 4216 corrupta-quo

1932 4234 2126 4289 mentis
2148 4236 2543 4304 apertissimum
2576 4236 2835 4302 indicem,
2868 4239 3063 4310 quique
3094 4239 3320 4307 sapienti
3345 4240 3525 4294 animo

1931 4341 2069 4396 opus
2100 4327 2357 4382 haberet:
2392 4328 2442 4382 id
2470 4329 2611 4398 quod
2642 4328 2878 4386 indicant
2900 4347 3003 4385 non
3035 4346 3113 4385 ea:
3142 4332 3417 4385 dumtaxat
3444 4332 3522 4384 l'c~

1932 4418 2121 4486 mium,
2163 4436 2280 4490 quae
2308 4436 2592 4476 commune
2632 4422 2752 4475 vita:
2781 4437 2950 4492 genus
2991 4434 3305 4494 sequuntur,
3339 4422 3524 4477 matri-

1932 4509 2221 4579 monioque
2269 4527 2390 4565 cum
2438 4511 2564 4565 viris
2608 4513 2874 4582 copulata:
2927 4523 3080 4577 sunt,
3109 4529 3332 4583 quarum
3379 4513 3522 4566 nulla

1921 4599 2057 4655 huic
2099 4601 2326 4656 consilio
2371 4601 2527 4656 facile
2568 4603 2774 4673 paruit,
2822 4619 3006 4657 verum
3055 4605 3216 4658 etiam
3256 4619 3357 4669 etc,
3404 4617 3524 4674 qua)

1933 4696 2286 4768 philosophia:
2304 4697 2541 4766 speciem
2565 4712 2674 4767 prae
2700 4711 2758 4750 sc
2786 4696 2980 4762 ferunt,
3009 4707 3168 4765 atque
3194 4696 3521 4766 iuvirgiuum

1932 4790 2156 4846 chorum
2177 4789 2459 4860 adscriptre
2486 4799 2629 4844 sunt.
2661 4790 2944 4845 Permulta:
2973 4791 3114 4844 enim
3138 4805 3199 4845 ex
3221 4791 3370 4871 ipsis,
3399 4805 3523 4850 cum

1931 4881 1996 4934 ad
2025 4881 2130 4935 vim
2160 4889 2366 4937 natura:
2406 4880 2734 4936 inferendam
2783 4897 2842 4936 se
2883 4884 3243 4947 accinxerint,
3293 4899 3523 4959 eumque

1931 4975 2245 5046 virginitatis
2266 4977 2589 5032 curriculum
2619 4976 2734 5030 sine
2764 4975 2866 5030 ulla
2895 4976 3011 5030 labe
3033 4976 3336 5042 conﬁciant,
3363 4989 3523 5046 atque

1930 5069 2222 5138 angelicam
2266 5070 2317 5122 in
2359 5069 2458 5124 hac
2489 5085 2548 5126 re
2577 5069 2698 5124 vita:
2727 5071 2988 5126 rationem
3033 5070 3327 5136 imitentur,
3373 5080 3428 5127 et
3469 5071 3524 5127 in

1933 5163 2143 5217 mortali
2168 5176 2394 5233 corpore
2424 5162 2832 5217 resurrectionis
2860 5163 3112 5233 prmludia
3135 5164 3417 5220 ostendant
3447 5163 3522 5233 (in

1931 5254 2020 5308 illo
2043 5255 2184 5310 enim
2226 5254 2455 5319 sarculo,
2502 5255 2674 5324 inquit
2701 5254 2976 5323 Christus,
3023 5253 3133 5310 Nec
3156 5257 3377 5321 nubent,
3430 5270 3522 5308 nec

1931 5347 2178 5402 nubentur
2206 5347 2355 5421 [Lua
2391 5348 2481 5413 20.
2506 5347 2600 5422 55]
2626 5350 2676 5420 ),
2716 5359 2876 5420 atque
2919 5365 3040 5405 cum
3086 5350 3370 5404 virtutibus
3419 5348 3524 5405 illis

1929 5457 2048 5512 qua:
2074 5457 2300 5512 corpore
2341 5453 2562 5510 vacant,
2590 5454 2864 5499 certat-neu
2896 5453 3203 5513 susceptum
3248 5441 3516 5506 habeant,

1927 5547 1980 5592 et
2013 5537 2064 5591 iu
2094 5537 2300 5591 mortali
2338 5551 2564 5608 corpore
2591 5553 2712 5592 cum
2753 5537 2961 5596 naturis
2999 5537 3067 5590 ab
3108 5535 3255 5595 omni
3303 5534 3518 5588 interitu

1928 5629 2117 5684 alit-nis
2141 5628 2496 5694 contendant,
2525 5627 2684 5698 idque
2720 5628 2860 5698 quod
2884 5627 3036 5682 multi
3063 5642 3128 5680 ne
3157 5624 3372 5680 auribus
3396 5623 3516 5693 qui-

1927 5721 2050 5776 dem
2074 5720 2214 5777 ferre
2241 5730 2464 5790 possunt
2487 5764 2502 5788 ,
2527 5722 2698 5791 reipsa
2723 5729 2977 5792 pra-stent
2997 5760 3011 5784 ,
3036 5727 3090 5772 et
3110 5717 3384 5772 libidinem
3411 5733 3516 5797 nou

1927 5827 2083 5869 secus
2116 5829 2176 5868 ac
2209 5814 2450 5878 rabidum
2494 5826 2680 5867 canem
2703 5853 2717 5878 ,
2761 5822 3123 5882 perpetuoque
3170 5809 3515 5868 insultantem

1935 5906 2241 5977 propulseut
2264 5947 2277 5972 ,
2302 5916 2354 5960 et
2391 5921 2538 5961 mare
2553 5902 2738 5959 furens
2765 5902 3116 5973 comprimunt
3134 5938 3152 5970 ,
3174 5910 3227 5956 et
3261 5901 3400 5956 inter
3420 5897 3516 5953 im-
