4002 6378
1464 285 1493 296 Ὦ

552 537 741 579 manes
768 521 961 578 (luctus
986 521 1267 593 tranquille
1292 523 1540 591 navlgent
1556 563 1573 588 ,
1600 530 1657 576 et
1675 519 2138 591 perturbatissimo

553 615 686 669 mari
712 632 776 669 ex
812 615 972 670 animi
1021 614 1284 670 sententia
1310 612 1571 678 ferantur,
1600 614 1843 685 atquein
1884 612 2140 669 naturalis

547 705 859 771 cupiditatis
900 704 1119 761 fornace
1170 714 1376 762 stantes
1405 704 1545 760 haud
1592 712 1771 760 tamen
1811 703 2137 775 deﬂagrent,

540 811 731 853 verum
759 796 927 851 instar
955 797 1048 853 luti
1067 798 1335 854 carbones
1356 797 1485 853 istos
1506 796 1731 867 pedibus
1754 806 2021 869 premant,
2040 795 2140 851 hac

550 898 729 943 tamen
752 888 1041 957 cupiditate
1068 889 1295 959 turpiter
1323 886 1615 943 admodum
1657 902 1722 943 ac
1748 887 1942 943 misere
1968 894 2139 958 captae

548 986 708 1045 sunt,
759 994 991 1050 cumque
1024 995 1090 1036 ea
1119 995 1238 1051 quae
1286 980 1488 1052 majora
1536 988 1691 1038 erant
1731 980 2134 1052 praestitissent,

556 1069 682 1125 huic
710 1069 840 1125 vitio
866 1071 1285 1128 succubuerunt.

620 1161 674 1220 7.
717 1162 923 1235 Quanta
949 1180 1029 1221 res
1054 1164 1119 1219 sit
1150 1164 1437 1236 virginitas.
1472 1193 1545 1205 —
1570 1163 1740 1221 Tanta
1766 1163 1910 1219 enim
1939 1177 2029 1218 res
2054 1170 2140 1219 est

462 1244 465 1249 ’
546 1255 849 1325 virginitas,
878 1265 1134 1328 tantoque
1163 1256 1347 1313 labore
1374 1256 1608 1327 indiget,
1635 1264 1694 1311 It
1720 1254 1982 1321 Christus,
2012 1270 2136 1311 cum

540 1362 573 1402 e
607 1346 743 1402 caelo
769 1346 1153 1412 descendisset,
1182 1355 1241 1402 ut
1263 1346 1511 1403 homines
1537 1347 1754 1418 angelos
1781 1346 2041 1413 efﬁceret,
2071 1360 2137 1402 ac

544 1426 819 1497 caelestem
850 1442 971 1496 vitae
1000 1445 1264 1498 rationem
1297 1439 1383 1495 hic
1410 1449 1651 1508 sereret,
1680 1455 1750 1496 ne
1777 1449 1888 1495 tum
1917 1438 2133 1510 quidem

545 1528 601 1585 id
629 1518 911 1602 imperare,
933 1546 996 1588 ac
1020 1532 1136 1603 lege
1159 1532 1262 1587 lata
1287 1531 1631 1602 praescribere
1652 1545 1815 1587 ausus
1833 1530 1924 1599 sit,
1946 1544 2133 1585 verum

542 1623 717 1679 emori
743 1623 994 1694 quidem;
1025 1639 1131 1695 quo
1151 1622 1276 1694 quid
1300 1623 1513 1693 gravius
1538 1620 1827 1693 excogitari
1851 1622 2047 1693 queat?
2069 1634 2135 1677 ac

541 1725 801 1785 perpetua
841 1730 1001 1769 cruce
1042 1713 1182 1769 afﬁci
1206 1755 1223 1780 ,
1252 1714 1540 1784 hostesque
1570 1713 1845 1769 beneﬁciis
1883 1712 2132 1784 prosequi

539 1805 800 1874 jusserit,
828 1805 1180 1875 virginitatem
1205 1813 1382 1861 autem
1411 1804 1631 1860 minime
1660 1804 1975 1875 prteceperit
1998 1844 2015 1871 ,
2043 1818 2133 1860 ve-

542 1913 662 1952 rum
690 1913 809 1953 eam
837 1899 888 1953 in
914 1898 1244 1955 audientium
1274 1898 1495 1953 arbitrio
1518 1913 1583 1954 ac
1606 1897 1878 1952 voluntate
1902 1896 2132 1967 relique-

538 1991 630 2053 rit,
654 1990 736 2045 his
760 1992 937 2047 verbis
960 2000 1111 2047 utens
1136 2010 1148 2046 :
1176 1992 1275 2059 Qui
1302 2001 1465 2061 potest
1491 2008 1691 2061 capere,
1718 1992 1885 2064 capiat
1910 1990 2125 2063 (Matth.

540 2082 628 2138 l9.
661 2082 794 2154 12).
822 2084 1031 2139 Etenim
1074 2100 1263 2156 magna
1294 2084 1455 2153 hujus
1480 2085 1558 2141 rei
1588 2085 1756 2141 moles
1780 2092 1864 2141 est
1889 2126 1908 2153 ,
1938 2100 2129 2157 magna

531 2174 889 2230 certaminum
929 2175 1119 2231 horum
1148 2175 1432 2232 difﬁcultas
1454 2217 1472 2243 ,
1503 2184 1559 2232 et
1598 2192 1893 2247 pugnarum
1924 2176 2088 2232 sudor
2109 2217 2127 2244 ,

532 2273 697 2334 atque
716 2264 804 2321 hic
819 2266 1026 2322 virtutis
1047 2266 1196 2323 locus
1210 2266 1496 2322 admodum
1519 2282 1755 2338 prmceps
1776 2282 1842 2322 ac
1861 2268 2126 2325 lubricus:

532 2354 592 2409 id
638 2355 780 2426 quod
819 2356 981 2413 etiam
1022 2357 1337 2426 declarant,
1364 2359 1454 2429 qui
1484 2359 1535 2413 in
1573 2358 1751 2414 Veteri
1788 2360 2128 2417 Testamento
2164 2413 2172 2422 .

532 2448 720 2506 multis
760 2448 1044 2507 virtutibus
1084 2450 1402 2507 ﬂoruerunt.
1450 2450 1722 2521 Siquidem
1769 2467 1993 2523 magnus
2039 2454 2128 2511 ille

535 2540 750 2608 Moses,
797 2541 1178 2612 prophetarum
1219 2552 1416 2614 caput,
1458 2543 1700 2599 sincerus
1740 2544 1837 2599 Dei
1878 2545 2083 2601 amicus
2107 2584 2125 2614 ,

527 2634 733 2703 .quique
770 2641 972 2689 tantam
1013 2634 1152 2706 apud
1195 2651 1317 2691 eum
1365 2635 1613 2693 ﬁduciam
1662 2645 1718 2692 ct
1755 2638 2125 2695 auctoritatem

536 2726 798 2791 obtinuit,
831 2739 888 2782 ut
916 2737 1167 2784 sexcenta
1194 2727 1468 2785 hominum
1504 2728 1667 2785 millia
1687 2770 1704 2797 ,
1734 2730 2000 2802 supplicio
2026 2731 2125 2786 ob-

528 2817 714 2883 noxia,
735 2818 988 2874 divinitus
1013 2820 1264 2875 immissa:
1284 2820 1450 2892 plaga:
1472 2822 1736 2891 eriperet;
1761 2822 1863 2885 vir,
1885 2823 2125 2893 inquam,

534 2918 710 2965 tantus
735 2925 800 2967 ac
825 2918 930 2966 tam
956 2911 1179 2983 insignis
1204 2913 1341 2968 mari
1369 2912 1583 2984 quidem
1615 2912 1924 2981 imperavit,
1953 2924 2009 2970 et
2034 2930 2126 2985 pe-

526 3000 683 3069 lagus
707 3002 910 3067 secuit,
941 3011 996 3059 et
1018 3018 1178 3072 rupes
1205 3002 1391 3075 fregit,
1423 3014 1478 3060 et
1501 3020 1683 3060 aerem
1714 3006 2044 3075 immutavit,
2071 3017 2126 3065 et

526 3092 788 3149 Niliacam
819 3095 1014 3151 undam
1041 3096 1095 3151 in
1118 3111 1365 3153 cruorem
1389 3098 1683 3166 convertit,
1711 3109 1763 3155 et
1788 3115 2038 3156 ranarum
2061 3117 2124 3158 ac

528 3186 861 3241 locustarum
887 3188 1182 3244 exercitum
1209 3188 1474 3246 Pharaoni
1498 3192 1775 3260 opposuit,
1806 3201 1862 3247 et
1890 3208 1976 3248 res
2003 3210 2124 3249 om-

526 3290 631 3331 nes
645 3278 888 3335 conditas
908 3277 961 3333 in
979 3295 1173 3336 novam
1192 3289 1434 3336 naturam
1453 3284 1755 3349 transtulit,
1777 3285 1986 3355 aliaque
2001 3286 2125 3342 inﬁ-

533 3366 645 3421 nita
675 3368 929 3424 miracula
956 3370 1154 3437 edidit,
1184 3380 1344 3442 atque
1374 3372 1537 3428 multa
1569 3371 1779 3430 virtutis
1805 3375 2123 3432 documenta

526 3458 758 3525 praebuit
783 3475 799 3516 :
820 3474 947 3516 nam
967 3469 1190 3531 utraque
1209 3477 1275 3517 ex
1294 3473 1448 3533 parte
1467 3463 1687 3532 claruit;
1712 3482 1895 3523 verum
1916 3467 1983 3524 ad
2007 3468 2124 3525 haec

526 3551 822 3607 certamina
865 3567 935 3609 ne
975 3551 1160 3609 oculos
1198 3554 1414 3625 quidem
1457 3555 1740 3613 obvertere
1780 3560 1991 3629 potuit,
2027 3560 2121 3616 sed

531 3641 872 3701 matrimonio
893 3684 911 3713 ,
946 3653 1003 3700 et
1041 3645 1223 3701 uxoris
1261 3648 1543 3718 complexu
1567 3689 1584 3713 ,
1614 3658 1776 3719 atque
1815 3650 2121 3721 hujusmodi

533 3733 782 3803 przesidio
824 3734 1050 3806 indiguit
1070 3776 1086 3801 ,
1118 3752 1219 3792 nec
1245 3738 1560 3810 virginitatis
1600 3742 1768 3808 mari,
1799 3742 1940 3812 quod
1972 3743 2117 3799 illius

529 3827 720 3883 fluctus
747 3829 1185 3898 pertimesceret,
1213 3846 1273 3887 se
1295 3833 1631 3888 committere
1656 3848 1819 3890 ausus
1846 3844 1947 3891 est.
1981 3834 2118 3904 Quln

529 3921 690 3976 etiam
720 3920 1021 3993 patriarcha
1052 3922 1156 3979 iste
1178 3964 1195 3990 ,
1224 3923 1314 3979 ﬁlii
1343 3924 1431 3980 sui
1457 3924 1733 3982 sacrificus
1753 3967 1768 3993 ,
1797 3926 2120 3983 violentissi-

529 4027 676 4067 mum
703 4020 907 4069 natura:
929 4012 1178 4070 aﬂ‘ectum
1206 4015 1518 4086 proculcare
1546 4016 1733 4087 potuit,
1764 4032 1828 4073 ac
1852 4017 2040 4083 ﬁlium,
2065 4027 2122 4075 et

529 4101 745 4172 quidem
767 4101 935 4159 ﬁlium
962 4103 1130 4170 Isaac,
1152 4103 1207 4159 in
1238 4105 1354 4174 ipso
1377 4108 1550 4162 aetatis
1573 4106 1727 4176 ﬂore,
1751 4108 1804 4163 in
1828 4108 1945 4179 ipso
1966 4108 2120 4178 juve-

529 4194 653 4254 nilis
698 4192 873 4249 aetatis
912 4193 1096 4264 vigore
1117 4235 1135 4263 ,
1163 4196 1493 4267 unigenitum
1518 4239 1536 4265 ,
1564 4212 1749 4253 carum
1773 4238 1790 4267 ,
1818 4214 1884 4255 ac
1923 4209 2120 4270 praeter

528 4298 679 4353 spem
708 4298 925 4340 omnem
944 4285 1043 4356 ipsi
1070 4300 1407 4354 concessum,
1426 4296 1483 4344 et
1502 4288 1685 4344 multis
1710 4291 1991 4347 virtutibus
2015 4291 2116 4348 ﬂo-

470 4416 493 4427 -
529 4384 762 4445 rentem,
789 4390 1000 4448 quoque
1022 4375 1140 4434 solo
1168 4378 1456 4446 nitebatur,
1488 4379 1650 4436 etiam
1679 4381 1732 4437 in
1759 4389 1999 4439 extrema
2026 4398 2116 4440 se-

528 4477 749 4535 nectute
768 4478 943 4526 morte
963 4468 1180 4527 afﬁcere
1195 4469 1379 4539 voluit,
1399 4486 1629 4544 eumque
1646 4472 1701 4528 in
1721 4480 1957 4530 montem
1983 4474 2115 4532 sub-

529 4561 751 4633 vehere,
773 4576 897 4620 cum
921 4561 989 4619 ad
1020 4561 1128 4620 tale
1144 4561 1348 4619 facinus
1368 4563 1719 4622 subvecturos
1734 4573 1897 4635 esset,
1920 4566 2115 4637 potuit,

528 4660 691 4727 atque
701 4671 853 4713 aram
873 4657 1164 4725 exstruxit,
1182 4664 1239 4714 et
1264 4657 1405 4729 ligna
1429 4659 1753 4730 composuit,
1771 4669 1825 4716 et
1842 4660 2113 4716 victimam

525 4747 811 4817 imposuit,
833 4754 890 4803 et
910 4762 1221 4805 mucronem
1247 4748 1492 4821 arripuit,
1521 4764 1753 4822 eumque
1783 4751 1932 4821 pueri
1951 4752 2112 4823 jugu-

525 4836 580 4901 lo
607 4836 784 4909 adegit
810 4836 966 4908 (Gen.
982 4838 1079 4910 22)
1107 4856 1122 4894 :
1149 4830 1272 4896 nam
1296 4840 1474 4913 adegit
1492 4856 1558 4897 ac
1575 4843 1874 4898 cruentavit
1895 4842 2115 4899 adamas

522 4929 636 4995 ille,
663 4931 774 4989 imo
798 4930 1082 4988 adamante
1105 4932 1252 4989 omni
1279 4932 1481 4988 ﬁrmior
1506 4949 1521 4987 :
1549 4935 1746 4990 etenim
1772 4934 1876 4990 hoc
1897 4936 2112 5006 quidem

522 5019 614 5077 ille
650 5020 703 5076 vi
740 5028 947 5078 natura:
972 5021 1177 5089 habet;
1222 5022 1311 5080 hic
1347 5033 1525 5079 autem
1565 5040 1660 5095 per
1687 5025 2112 5097 philosophicam

522 5112 854 5170 voluntatem
899 5115 1194 5175 naturalem
1242 5116 1389 5175 illam
1437 5117 1741 5173 ﬁrmitatem
1770 5127 1826 5174 et
1861 5119 2110 5176 duritiem

521 5202 762 5260 imitatus
799 5213 921 5274 est,
950 5215 1111 5278 atque
1148 5207 1441 5279 angelicam
1482 5209 1924 5280 tranquillitatem
1965 5211 2112 5269 omni

519 5296 918 5368 perturbatione
942 5314 1161 5356 vacuam
1189 5301 1455 5371 praestitit.
1487 5301 1555 5357 Et
1582 5311 1760 5359 tamen
1787 5302 1852 5365 is.
1878 5303 1968 5374 qui
1996 5312 2113 5363 tan-

523 5397 636 5444 tum
666 5399 880 5461 tamque
905 5391 1217 5461 praclarum
1246 5403 1519 5453 certamen
1546 5394 1681 5452 inire
1709 5396 1918 5465 potuit,
1948 5405 2108 5468 atque

517 5496 582 5543 ex
612 5482 740 5551 ipsis
770 5491 976 5539 naturae
1002 5481 1196 5538 ﬁnibus
1218 5485 1468 5552 excessit,
1492 5483 1809 5557 virginitatis
1835 5497 2108 5543 certamen

518 5573 792 5644 suscipere
817 5573 1037 5629 minime
1063 5587 1223 5629 ausus
1243 5584 1326 5629 est
1350 5592 1363 5629 :
1386 5591 1569 5630 verum
1596 5578 1709 5647 ipse
1734 5593 1945 5649 quoque
1974 5578 2109 5635 hanc

520 5663 823 5739 palantram
846 5665 1123 5735 extimuit,
1153 5667 1581 5740 matrimonitque
1609 5671 1856 5727 solatium
1885 5682 1968 5727 est
1996 5688 2111 5727 am-

521 5755 731 5833 plexos.

540 5920 545 5927 ι
593 5844 650 5901 8.
691 5842 830 5905 Laus
855 5836 972 5904 Jobi
989 5865 1009 5916 ,'
1038 5850 1346 5909 calamitates
1375 5851 1502 5922 ejus.
1528 5884 1593 5893 ——-
1620 5854 1708 5912 Vis
1733 5853 1923 5912 Jobum
1950 5858 2107 5914 etiam

1262 407 1320 465 5.
1360 405 1638 463 JOANNIS
1666 400 2145 463 CHRYSOSTOMI
2182 401 2497 459 ARCIIIEP.
2537 404 3073 465 CONS'I'AN‘I'INOP.
3704 416 3792 475 565

2255 519 2339 575 his
2360 520 2684 593 adjungam?
2707 521 2910 593 justum
2942 524 3155 595 inquam
3181 523 3365 593 illum,
3392 524 3503 582 veri
3523 538 3759 585 amantem
3776 574 3790 599 ,

2247 614 2417 683 pium,
2447 623 2609 684 atque
2637 615 2706 670 ab
2734 614 2977 686 improba
3004 616 3152 672 omni
3178 616 3530 675 actionosese
3554 621 3791 677 abstinen-

2247 717 2353 762 tem
2387 708 2509 778 (Job
2537 710 2630 781 l)?
2655 710 2755 767 Hic
2792 710 2953 782 igitur
2975 710 3079 767 Job
3100 711 3298 768 diaboli
3325 726 3389 768 os
3416 713 3669 780 contudit;
3694 730 3795 784 per-

2240 813 2434 856 cussus
2459 801 2572 871 ipse
2592 842 2612 870 ,
2643 817 2748 857 non
2780 803 3083 872 percutiens
3104 844 3119 868 ,
3154 811 3321 858 totam
3355 803 3494 859 illius
3528 804 3793 874 pharetram

2242 891 2562 959 exinanivit;
2585 908 2813 964 cumque
2832 893 3061 949 assiduis
3083 894 3151 949 ab
3174 890 3292 965 ipso
3312 897 3515 966 sagittis
3536 906 3791 967 peteretur,

2244 983 2422 1037 omnia
2450 991 2628 1040 tamen
2660 990 3009 1042 tentationum
3038 1002 3232 1058 genera
3258 988 3526 1055 sustinuit,
3548 999 3600 1044 et
3626 1004 3792 1043 unum-

2242 1072 2492 1144 quodque
2520 1075 2808 1132 immanem
2835 1077 2889 1132 in
2916 1077 3153 1133 modum.
3192 1078 3329 1134 Nam
3357 1095 3476 1151 qua:
3505 1081 3555 1134 in
3586 1078 3677 1136 hac
3705 1082 3792 1136 vita

2243 1163 2501 1221 molestia:
2542 1167 2775 1238 speciem
2818 1167 3055 1236 habent,
3095 1180 3150 1225 et
3178 1185 3370 1226 revera
3404 1171 3618 1227 molesta
3648 1181 3758 1235 sunt
3780 1214 3794 1235 ,

2241 1252 2360 1312 hazc
2399 1259 2702 1327 praesertim
2739 1267 2864 1315 sunt
2886 1299 2902 1326 ,
2946 1270 3227 1332 paupertas
3250 1301 3266 1326 ,
3311 1261 3562 1328 morbus,
3594 1260 3793 1317 ﬁliorum

2239 1347 2479 1416 amissio,
2500 1347 2733 1404 hostium
2754 1351 3004 1421 impetus,
3028 1352 3320 1408 amicorum
3344 1352 3574 1424 ingratus
3592 1355 3788 1420 animus,

2241 1438 2429 1505 fames,
2466 1442 2706 1514 perpetui
2731 1446 2971 1514 corporis
2995 1444 3229 1511 dolores,
3257 1446 3519 1512 convicia,
3542 1445 3791 1502 calumniae

2236 1539 2294 1587 et
2335 1530 2547 1587 sinistra
2584 1532 2910 1591 existimatio
2945 1550 2961 1589 :
2999 1550 3118 1605 quae
3144 1535 3327 1590 omnia
3364 1536 3418 1591 in
3446 1551 3602 1590 unum
3624 1551 3790 1606 corpus

2235 1620 2403 1679 eﬂ‘usa
2425 1664 2443 1692 ,
2469 1632 2632 1695 atque
2659 1625 2914 1682 adversus
2954 1641 3115 1683 unam
3152 1626 3389 1682 animam
3428 1635 3619 1683 structa
3646 1636 3752 1681 sunt
3772 1667 3785 1692 ,

2234 1714 2485 1785 quodque
2509 1715 2672 1772 etiam
2694 1717 2910 1788 gravius
2937 1727 3040 1785 est,
3075 1718 3438 1788 inopinantem
3463 1716 3638 1773 adorta
3664 1726 3781 1771 sunt.

2234 1805 2388 1875 Quod
2407 1817 2586 1864 autem
2610 1808 2730 1865 dico
2751 1809 2830 1866 sic
2855 1808 3263 1880 intelligendum
3288 1826 3304 1864 :
3331 1809 3436 1876 Qui
3464 1810 3687 1864 tenuibus
3707 1823 3783 1876 pa-

2234 1898 2479 1954 rentibus
2503 1908 2653 1956 ortus
2677 1909 2777 1965 est,
2802 1909 2963 1971 atque
2989 1901 3040 1955 in
3068 1901 3336 1971 ejusmodi
3364 1899 3522 1957 domo
3543 1899 3779 1964 educatus,

2237 1992 2563 2061 paupertatis
2606 1990 2903 2049 molestiam
2948 1991 3103 2047 facile
3146 1992 3367 2058 tulerit,
3417 1999 3592 2060 utpote
3630 1996 3783 2044 usuet

2233 2084 2621 2140 consuetudine
2634 2084 2903 2139 exercitus
2917 2099 2932 2149 ;
2950 2091 3006 2138 at
3023 2083 3114 2154 qui
3136 2091 3213 2138 tot
3227 2080 3471 2155 pecuniis
3484 2078 3776 2145 circumﬂuit,

2234 2176 2502 2246 tantisque
2536 2174 2729 2246 Opibus
2766 2173 3041 2241 abundat,
3070 2188 3136 2229 ac
3174 2183 3363 2244 postea
3402 2173 3458 2229 in
3494 2170 3778 2228 contrarium

2232 2274 2453 2336 repente
2495 2266 2693 2321 labitur
2716 2307 2731 2333 ,
2760 2263 3064 2336 hujusmodi
3105 2265 3458 2321 mutationem
3497 2261 3626 2317 haud
3653 2260 3779 2315 facile

2233 2355 2412 2412 tulerit
2439 2372 2455 2412 :
2485 2371 2606 2411 nam
2638 2355 2914 2427 inexperto
2936 2395 2954 2423 ,
2981 2356 3071 2426 qui
3115 2365 3340 2426 repente
3369 2354 3421 2409 in
3447 2368 3560 2409 eam
3590 2351 3774 2415 incidit,

2231 2447 2475 2503 acerbior
2496 2446 2723 2503 videtur.
2752 2449 2832 2502 Ac
2856 2461 3068 2503 rursum
3093 2447 3216 2518 :qui
3238 2445 3486 2518 ignobilis
3505 2453 3600 2508 est,
3620 2441 3776 2497 obscu-

2229 2554 2425 2610 rosque
2450 2548 2699 2610 parentes
2727 2538 2932 2602 habuit,
2962 2548 3123 2610 atque
3148 2538 3204 2594 in
3228 2548 3488 2610 perpetuo
3511 2541 3774 2604 contemptu

2230 2630 2396 2698 vivit,
2430 2630 2475 2686 is
2518 2631 2815 2686 maledictis
2859 2639 2917 2688 et
2958 2631 3302 2688 contumeliis
3345 2628 3485 2685 haud
3523 2625 3767 2682 admodum

2230 2724 2582 2780 conturbatur
2611 2742 2625 2778 :
2659 2723 2749 2794 qui
2776 2732 2986 2790 autem,
3020 2738 3142 2778 cum
3173 2732 3379 2779 tantam
3414 2720 3555 2793 prius
3585 2717 3769 2788 gloriam

2228 2814 2533 2881 obtineret,
2563 2823 2618 2870 et
2644 2815 2714 2870 ab
2741 2815 2991 2870 omnibus
3027 2813 3320 2882 stiparctur
3342 2855 3360 2881 ,
3386 2822 3540 2880 atque
3573 2806 3769 2864 omnium

2227 2921 2479 2962 sermone
2500 2907 2881 2973 celebraretur,
2906 2922 3203 2977 magnoque
3231 2922 3354 2962 cum
3375 2901 3642 2975 splendore
3662 2911 3770 2968 prte-

2228 2999 2513 3064 dicaretur,
2539 3009 2720 3070 postea
2748 2999 2801 3053 in
2834 2997 3102 3053 infamiam
3130 3007 3183 3053 et
3207 3007 3564 3066 contemptum
3590 2988 3765 3053 cecidit.

2227 3091 2352 3147 huic
2380 3092 2519 3148 idem
2547 3092 2686 3162 quod
2717 3092 2802 3159 ei,
2833 3091 2921 3161 qui
2950 3106 3014 3147 ex
3041 3090 3203 3146 divite
3232 3105 3433 3161 pauper
3454 3086 3652 3144 eﬂ’ectus
3672 3089 3765 3143 εει,

2225 3185 2434 3241 accidat
2457 3200 2676 3241 necesse
2695 3194 2796 3239 est.
2821 3184 2941 3239 Pari
2969 3183 3128 3239 modo
3146 3185 3241 3255 qui
3259 3183 3384 3239 tiliis
3402 3176 3766 3241 orbatur,.etim

2226 3277 2271 3330 si
2303 3291 2489 3332 omnes
2530 3277 2739 3332 amittat
2760 3315 2776 3343 ,
2804 3275 2930 3330 dum
2960 3284 3134 3330 tamen
3165 3290 3276 3330 non
3315 3272 3501 3331 eodem
3529 3279 3760 3338 tempore.

2229 3366 2451 3434 luctum,
2478 3382 2638 3437 quem
2664 3382 2734 3422 ex
2765 3366 2831 3422 iis
2855 3367 2944 3438 qui
2975 3376 3202 3423 mortem
3229 3366 3477 3423 obierunt
3498 3359 3644 3431 capit,
3666 3354 3766 3411 reli-

2224 3474 2453 3529 quorum
2497 3458 2688 3513 solatio
2729 3458 2871 3515 levat
2903 3477 2918 3515 :
2946 3473 3009 3515 ac
3038 3458 3226 3514 sedato
3264 3474 3332 3516 eo
3357 3468 3577 3513 mmrore
3596 3492 3612 3519 θ
3637 3459 3763 3519 (Ιυθ111

2226 3551 2463 3619 priorum
2492 3550 2737 3605 interitus
2762 3550 2957 3618 attulit,
2986 3550 3030 3605 si
3062 3550 3346 3621 interjecto
3369 3549 3539 3618 aliquo
3566 3548 3764 3609 tempore

2225 3642 2454 3698 alterum
2483 3658 2514 3699 e
2543 3643 2648 3698 vita
2674 3643 2954 3700 discedere
2975 3645 3273 3715 contingat,
3306 3644 3482 3700 mitior
3509 3639 3554 3695 ei
3574 3636 3673 3692 hate
3693 3645 3762 3685 ca-

2227 3733 2436 3789 lamitas
2474 3734 2714 3790 redditur
2739 3752 2754 3789 :
2784 3750 2958 3805 neque
2986 3737 3128 3791 enim
3159 3736 3363 3792 recenti
3391 3733 3556 3789 adhuc
3591 3718 3761 3782 vulneri

2223 3825 2554 3894 supervenit,
2579 3841 2767 3882 verum
2796 3826 3001 3891 sedato,
3029 3841 3093 3881 ac
3116 3825 3184 3881 de
3212 3825 3391 3893 medio
3414 3821 3624 3882 sublato,
3648 3807 3759 3882 quod

2224 3916 2438 3987 quidem
2470 3932 2576 3972 non
2606 3933 2791 3988 parum
2819 3918 2886 3974 de
2922 3918 3108 3974 dolore
3136 3918 3388 3974 detrahit.
3423 3920 3486 3970 At
3510 3918 3670 3967 contra
3694 3902 3760 3956 hic

2224 4008 2530 4064 universum
2562 4010 2789 4066 ﬁliorum
2818 4010 3042 4067 chorum
3070 4027 3175 4067 uno
3207 4009 3461 4082 temporis
3489 3998 3760 4093 βυυειθῇξί

2223 4100 2438 4169 quidem
2484 4101 2831 4158 acerbissimo
2877 4103 3065 4157 mortis
3101 4118 3301 4174 genere
3338 4101 3600 4167 ala-cptum
3635 4083 3757 4141 titill-

2221 4189 2356 4247 Nam
2381 4200 2435 4246 et
2461 4192 2692 4248 violenta
2718 4200 2774 4249 et
2796 4192 3078 4249 immatura
3102 4193 3217 4249 baae
3242 4207 3386 4248 mors
3410 4196 3519 4244 erat
3539 4225 3553 4248 ,
3575 4194 3629 4234 ac
3652 4186 3758 4229 tem-

2222 4298 2322 4355 pus
2347 4285 2505 4340 ctiam
2530 4294 2586 4341 et
2610 4286 2761 4342 locus
2780 4286 2920 4342 haud
2945 4302 3165 4357 parvum
3189 4284 3364 4341 dolori
3385 4277 3634 4339 cumulum
3655 4264 3758 4321 alle-

2223 4375 2376 4431 rebat
2404 4393 2418 4431 :
2447 4375 2709 4447 siquidem
2731 4387 2787 4433 et
2806 4378 3082 4447 epularum
3112 4387 3373 4449 tempore,
3399 4381 3454 4428 et
3477 4371 3525 4425 in
3550 4379 3604 4420 ea
3626 4360 3756 4460 dumo

2220 4484 2341 4538 quae
2384 4468 2682 4539 hOSpitibus
2718 4478 2902 4541 aperta
2939 4480 3058 4526 erat
3081 4511 3097 4536 ,
3125 4478 3179 4526 et
3208 4469 3435 4538 denique
3459 4462 3631 4517 domus
3654 4457 3756 4541 illst

2219 4534 2521 4632 sepulcrum
2551 4561 2664 4616 fuit.
2694 4534 2826 4617 Nam
2855 4560 2980 4634 quid
3009 4534 3203 4617 novum
3234 4534 3382 4624 illud.
3410 4534 3755 4659 qu"dq"°_f:[;

2220 4652 2287 4709 lis
2310 4652 2487 4709 verbis
2512 4652 2739 4723 exprimi
2766 4652 2962 4723 possit,
2989 4651 3142 4707 famis
3160 4667 3329 4722 genus
3351 4639 3748 4704 commemorem!

2220 4742 2576 4800 voluntarium
2620 4741 2792 4799 dicam
2836 4759 2904 4797 an
2948 4742 3230 4823 coactum?
3274 4750 3441 4808 neque
3474 4728 3636 4823 enim,
3669 4724 3752 4823 qui)

2220 4852 2338 4891 eam
2362 4834 2619 4891 vocabulo
2643 4834 2927 4906 appellem,
2954 4836 3084 4900 scio,
3111 4813 3210 4890 nec
3232 4829 3369 4905 quod
3392 4836 3491 4882 tam
3513 4813 3753 4882 inepiuaw

2219 4926 2507 4987 calamitati
2538 4936 2733 4984 nomen
2758 4908 3026 4999 imponam
3060 4928 3289 4998 reperio.
3315 4921 3510 4992 Quippe
3531 4909 3592 4964 ab
3613 4910 3751 4999 εξινρ·

2219 5021 2320 5077 sita
2349 5037 2532 5077 mensa
2562 5019 2881 5088 abstinebat,
2914 5036 3011 5076 nec
3038 5022 3187 5077 cibos
3215 5035 3328 5083 eos,
3354 5024 3480 5086 quos
3506 4993 3750 5088 cernebat,

2216 5113 2530 5185 attingebat.
2557 5114 2848 5170 Vulnerum
2867 5079 3023 5170 'enim
3050 5155 3065 5179 ,
3092 5114 3284 5181 quibus
3308 5108 3465 5182 ipsius
3489 5101 3660 5185 corp"?
3685 5079 3748 5185 ‘lf‘

2220 5178 2496 5265 ﬁcieliatur
2518 5248 2533 5274 ,
2575 5206 2737 5263 Ταξιοτ
2774 5178 3151 5276 appetitionem
3188 5178 3395 5260 omnem
3423 5178 3747 5276 Opprimeball;

2220 5255 2486 5265 ..---__-_-
2518 5255 2533 5274 ,
2575 5255 2727 5263 -.πη
2776 5255 3151 5276 Ὕρηηκηηη-
3458 5255 3502 5262 _-

2218 5315 2563 5370 mensamque
2611 5298 2772 5354 etiam
2820 5299 2986 5369 ipsam
3035 5298 3278 5353 molestia
3323 5275 3662 5377 perfundebtll:

2217 5394 2357 5463 Quod
2387 5363 2546 5448 etiam
2578 5393 2662 5449 his
2700 5392 2876 5448 verbis
2903 5392 3209 5447 declarabat
3238 5408 3252 5444 :
3287 5387 3523 5479 Ρωιονθξπ

2218 5456 2305 5583 (ius
2331 5484 2514 5583 meos
2533 5481 2652 5583 Job.
2682 5482 2733 5540 6.
2761 5482 2857 5554 7).
2903 5478 2981 5538 Ac
3125 5481 3335 5583 quidem
3375 5456 3739 5583 Ωἶξιιείῗῆῗῗίῗιίῃΐὲ

2217 5576 2424 5631 oblatos
2450 5576 2597 5631 cibos
2622 5576 2947 5645 degustarct,
2972 5570 3214 5645 adigebat
3238 5591 3250 5627 :
3272 5577 3446 5626 verum
3468 5538 3740 5680 immitius

2294 5669 2303 5679 ⁸
2327 5668 2341 5680 ’
2476 5666 2497 5680 ⁸
2551 5679 2557 5680 '
2786 5669 2797 5679 '
2948 5668 2957 5678 '
3030 5668 3041 5678 '
3270 5665 3300 5680 --
3325 5674 3378 5680 γ--
3407 5654 3602 5680 mmmnn
3724 5656 3737 5677 ν

2218 5668 2431 5738 quidam
2473 5666 2670 5731 fmtor,
2710 5669 2799 5737 qui
2839 5683 2902 5722 ΘΧ
2947 5668 3111 5736 ipsum
3138 5665 3379 5721 carnibus
3407 5648 3737 5761 memini;

2219 5762 2322 5815 vim
2347 5761 2497 5815 famis
2519 5760 2819 5828 superabat.
2851 5759 2996 5829 Ideo,
3024 5767 3079 5813 ut
3099 5759 3208 5830 jam
3237 5753 3359 5817 dixi,
3377 5758 3473 5818 quo
3493 5743 3602 5862 ei":

2359 5854 2388 5862 ..
2639 5854 2649 5862 .
2711 5857 2721 5862 -
2858 5855 2896 5862 -.
2939 5855 2949 5862 .
3121 5856 3128 5862 .
3235 5854 3256 5862 ρ
3291 5854 3300 5862 .
3327 5858 3334 5862 Α
3366 5845 3525 5862 Α-ΑΑΙΙΩΙ
3552 5839 3576 5862 tl

2223 5854 2481 5925 “l‘l‘t‘llcm
2511 5872 2615 5913 non
2639 5854 2824 5910 habeo.
2858 5854 3258 5911 Voluntariam?
3277 5854 3339 5909 At
3361 5827 3659 5933 appositum
