  <div class='ocr_page' id='page_1' title='image "/cluster/home/n/w/nwhite01/storage/ocr_20150623/52:no.3:pt.2/coo.31924054869510/182.png"; bbox 0 0 4002 6384; ppageno 0'>
   <div class='ocr_carea' id='block_1_1' title="bbox 278 552 1870 629">
    <p class='ocr_par' dir='ltr' id='par_1_1' title="bbox 278 552 1870 629">
     <span class='ocr_line' id='line_1_1' title="bbox 278 552 1870 629; baseline -0.002 -19"><span class='ocrx_word' id='word_1_1' title='bbox 278 553 490 621; x_wconf 84' lang='grc' dir='ltr'>κύμασι</span> <span class='ocrx_word' id='word_1_2' title='bbox 540 552 683 623; x_wconf 79' lang='grc' dir='ltr'>μετά</span> <span class='ocrx_word' id='word_1_3' title='bbox 719 554 960 625; x_wconf 85' lang='grc' dir='ltr'>γαλήνης</span> <span class='ocrx_word' id='word_1_4' title='bbox 1008 553 1289 623; x_wconf 88' lang='grc' dir='ltr'>πλέουσαι,</span> <span class='ocrx_word' id='word_1_5' title='bbox 1322 553 1419 609; x_wconf 90' lang='grc' dir='ltr'>τοῦ</span> <span class='ocrx_word' id='word_1_6' title='bbox 1463 555 1870 629; x_wconf 76' lang='grc' dir='ltr'>ταραττομένου</span> 
     </span>
    </p>
   </div>
   <div class='ocr_carea' id='block_1_2' title="bbox 278 642 1872 716">
    <p class='ocr_par' dir='ltr' id='par_1_2' title="bbox 278 642 1872 716">
     <span class='ocr_line' id='line_1_2' title="bbox 278 642 1872 716; baseline 0.001 -21"><span class='ocrx_word' id='word_1_7' title='bbox 278 643 530 712; x_wconf 67' lang='grc' dir='ltr'>σφοδρῶς</span> <span class='ocrx_word' id='word_1_8' title='bbox 596 642 690 695; x_wconf 86' lang='grc' dir='ltr'>τοῦ</span> <span class='ocrx_word' id='word_1_9' title='bbox 727 643 993 711; x_wconf 78' lang='grc' dir='ltr'>πελάγους</span> <span class='ocrx_word' id='word_1_10' title='bbox 1039 643 1292 714; x_wconf 86' lang='grc' dir='ltr'>ἐξουρίας</span> <span class='ocrx_word' id='word_1_11' title='bbox 1334 644 1653 716; x_wconf 81' lang='grc' dir='ltr'>φερόμεναι,</span> <span class='ocrx_word' id='word_1_12' title='bbox 1684 644 1779 697; x_wconf 73' lang='grc' dir='ltr'>καὶ</span> <span class='ocrx_word' id='word_1_13' title='bbox 1811 644 1872 696; x_wconf 86' lang='grc' dir='ltr'>ἐν</span> 
     </span>
    </p>
   </div>
   <div class='ocr_carea' id='block_1_3' title="bbox 278 729 1872 803">
    <p class='ocr_par' dir='ltr' id='par_1_3' title="bbox 278 729 1872 803">
     <span class='ocr_line' id='line_1_3' title="bbox 278 729 1872 803; baseline 0.002 -22"><span class='ocrx_word' id='word_1_14' title='bbox 278 729 502 799; x_wconf 56' lang='grc' dir='ltr'>κλιμίνῳ</span> <span class='ocrx_word' id='word_1_15' title='bbox 543 729 784 799; x_wconf 67' lang='grc' dir='ltr'>φυσικῆς</span> <span class='ocrx_word' id='word_1_16' title='bbox 834 729 1129 800; x_wconf 77' lang='grc' dir='ltr'>ἐπιθυμίας</span> <span class='ocrx_word' id='word_1_17' title='bbox 1155 730 1414 797; x_wconf 78' lang='grc' dir='ltr'>ἑστῶσαι,</span> <span class='ocrx_word' id='word_1_18' title='bbox 1467 731 1562 785; x_wconf 78' lang='grc' dir='ltr'>καὶ</span> <span class='ocrx_word' id='word_1_19' title='bbox 1601 731 1677 803; x_wconf 81' lang='grc' dir='ltr'>μὴ</span> <span class='ocrx_word' id='word_1_20' title='bbox 1702 747 1872 785; x_wconf 88' lang='grc' dir='ltr'>κατα-</span> 
     </span>
    </p>
   </div>
   <div class='ocr_carea' id='block_1_4' title="bbox 276 818 1872 892">
    <p class='ocr_par' dir='ltr' id='par_1_4' title="bbox 276 818 1872 892">
     <span class='ocr_line' id='line_1_4' title="bbox 276 818 1872 892; baseline 0.003 -21"><span class='ocrx_word' id='word_1_21' title='bbox 276 818 592 887; x_wconf 70' lang='grc' dir='ltr'>καιόμεναι,</span> <span class='ocrx_word' id='word_1_22' title='bbox 650 819 765 871; x_wconf 87' lang='grc' dir='ltr'>ἀλλ’</span> <span class='ocrx_word' id='word_1_23' title='bbox 805 819 881 883; x_wconf 88' lang='grc' dir='ltr'>ὡς</span> <span class='ocrx_word' id='word_1_24' title='bbox 940 819 1109 891; x_wconf 84' lang='grc' dir='ltr'>πηλὸν</span> <span class='ocrx_word' id='word_1_25' title='bbox 1158 821 1283 885; x_wconf 79' lang='grc' dir='ltr'>τοὺς</span> <span class='ocrx_word' id='word_1_26' title='bbox 1321 821 1598 892; x_wconf 83' lang='grc' dir='ltr'>ἄνθρακας</span> <span class='ocrx_word' id='word_1_27' title='bbox 1648 821 1872 885; x_wconf 79' lang='grc' dir='ltr'>τούτους</span> 
     </span>
    </p>
   </div>
   <div class='ocr_carea' id='block_1_5' title="bbox 280 909 1872 983">
    <p class='ocr_par' dir='ltr' id='par_1_5' title="bbox 280 909 1872 983">
     <span class='ocr_line' id='line_1_5' title="bbox 280 909 1872 983; baseline 0.002 -20"><span class='ocrx_word' id='word_1_28' title='bbox 280 909 718 975; x_wconf 86' lang='grc' dir='ltr'>καταπατοῦσαι,</span> <span class='ocrx_word' id='word_1_29' title='bbox 752 910 857 964; x_wconf 78' lang='grc' dir='ltr'>ὑπὸ</span> <span class='ocrx_word' id='word_1_30' title='bbox 908 911 1010 981; x_wconf 88' lang='grc' dir='ltr'>τῆς</span> <span class='ocrx_word' id='word_1_31' title='bbox 1051 911 1347 983; x_wconf 88' lang='grc' dir='ltr'>ἐπιθυμίας</span> <span class='ocrx_word' id='word_1_32' title='bbox 1391 912 1592 983; x_wconf 84' lang='grc' dir='ltr'>ταύτης</span> <span class='ocrx_word' id='word_1_33' title='bbox 1626 912 1872 966; x_wconf 78' lang='grc' dir='ltr'>ἑάλωσαν</span> 
     </span>
    </p>
   </div>
   <div class='ocr_carea' id='block_1_6' title="bbox 275 995 1875 1070">
    <p class='ocr_par' dir='ltr' id='par_1_6' title="bbox 275 995 1875 1070">
     <span class='ocr_line' id='line_1_6' title="bbox 275 995 1875 1070; baseline 0.001 -19"><span class='ocrx_word' id='word_1_34' title='bbox 275 995 526 1067; x_wconf 75' lang='grc' dir='ltr'>αἰσχρῶς</span> <span class='ocrx_word' id='word_1_35' title='bbox 558 995 699 1049; x_wconf 89' lang='grc' dir='ltr'>πάνυ</span> <span class='ocrx_word' id='word_1_36' title='bbox 735 997 828 1050; x_wconf 75' lang='grc' dir='ltr'>καὶ</span> <span class='ocrx_word' id='word_1_37' title='bbox 850 996 1120 1061; x_wconf 80' lang='grc' dir='ltr'>ἐλεεινῶς,</span> <span class='ocrx_word' id='word_1_38' title='bbox 1151 999 1245 1053; x_wconf 78' lang='grc' dir='ltr'>καὶ</span> <span class='ocrx_word' id='word_1_39' title='bbox 1284 999 1353 1053; x_wconf 87' lang='grc' dir='ltr'>τά</span> <span class='ocrx_word' id='word_1_40' title='bbox 1392 998 1613 1070; x_wconf 77' lang='grc' dir='ltr'>μείζονα</span> <span class='ocrx_word' id='word_1_41' title='bbox 1636 997 1875 1069; x_wconf 81' lang='grc' dir='ltr'>δυνηθεῖ-</span> 
     </span>
    </p>
   </div>
   <div class='ocr_carea' id='block_1_7' title="bbox 278 1083 1308 1156">
    <p class='ocr_par' dir='ltr' id='par_1_7' title="bbox 278 1083 1308 1156">
     <span class='ocr_line' id='line_1_7' title="bbox 278 1083 1308 1156; baseline 0.006 -21"><span class='ocrx_word' id='word_1_42' title='bbox 278 1100 395 1145; x_wconf 85' lang='grc' dir='ltr'>σαι,</span> <span class='ocrx_word' id='word_1_43' title='bbox 430 1083 538 1136; x_wconf 82' lang='grc' dir='ltr'>ὐπὸ</span> <span class='ocrx_word' id='word_1_44' title='bbox 564 1084 753 1138; x_wconf 89' lang='grc' dir='ltr'>τούτου</span> <span class='ocrx_word' id='word_1_45' title='bbox 793 1085 1308 1156; x_wconf 85' lang='grc' dir='ltr'>κατηγωνίσθησαν.</span> 
     </span>
    </p>
   </div>
   <div class='ocr_carea' id='block_1_8' title="bbox 350 1168 1873 1246">
    <p class='ocr_par' dir='ltr' id='par_1_8' title="bbox 350 1168 1873 1246">
     <span class='ocr_line' id='line_1_8' title="bbox 350 1168 1873 1246; baseline 0.003 -25"><span class='ocrx_word' id='word_1_46' title='bbox 350 1170 419 1231; x_wconf 79' lang='grc' dir='ltr'>ζ’.</span> <span class='ocrx_word' id='word_1_47' title='bbox 441 1168 708 1223; x_wconf 77' lang='grc' dir='ltr'>Τοσοῦτον</span> <span class='ocrx_word' id='word_1_48' title='bbox 722 1170 830 1242; x_wconf 81' lang='grc' dir='ltr'>γάρ</span> <span class='ocrx_word' id='word_1_49' title='bbox 846 1172 994 1227; x_wconf 86' lang='grc' dir='ltr'>ἐστιν</span> <span class='ocrx_word' id='word_1_50' title='bbox 1014 1173 1048 1243; x_wconf 89' lang='grc' dir='ltr'>ή</span> <span class='ocrx_word' id='word_1_51' title='bbox 1075 1173 1343 1245; x_wconf 84' lang='grc' dir='ltr'>παρθενία</span> <span class='ocrx_word' id='word_1_52' title='bbox 1363 1175 1612 1246; x_wconf 81' lang='grc' dir='ltr'>πρᾶγμα,</span> <span class='ocrx_word' id='word_1_53' title='bbox 1632 1174 1725 1231; x_wconf 73' lang='grc' dir='ltr'>καὶ</span> <span class='ocrx_word' id='word_1_54' title='bbox 1749 1191 1873 1226; x_wconf 82' lang='grc' dir='ltr'>τοσ-</span> 
     </span>
    </p>
   </div>
   <div class='ocr_carea' id='block_1_9' title="bbox 274 1256 1873 1333">
    <p class='ocr_par' dir='ltr' id='par_1_9' title="bbox 274 1256 1873 1333">
     <span class='ocr_line' id='line_1_9' title="bbox 274 1256 1873 1333; baseline 0.002 -23"><span class='ocrx_word' id='word_1_55' title='bbox 274 1256 440 1310; x_wconf 83' lang='grc' dir='ltr'>ούτου</span> <span class='ocrx_word' id='word_1_56' title='bbox 458 1256 630 1310; x_wconf 82' lang='grc' dir='ltr'>δεῖται</span> <span class='ocrx_word' id='word_1_57' title='bbox 662 1257 757 1313; x_wconf 91' lang='grc' dir='ltr'>τοῦ</span> <span class='ocrx_word' id='word_1_58' title='bbox 798 1258 980 1324; x_wconf 87' lang='grc' dir='ltr'>πόνου,</span> <span class='ocrx_word' id='word_1_59' title='bbox 1030 1260 1113 1313; x_wconf 84' lang='grc' dir='ltr'>ὅτι</span> <span class='ocrx_word' id='word_1_60' title='bbox 1152 1260 1426 1315; x_wconf 88' lang='grc' dir='ltr'>κατελθὼν</span> <span class='ocrx_word' id='word_1_61' title='bbox 1465 1263 1494 1317; x_wconf 85' lang='lat'>6</span> <span class='ocrx_word' id='word_1_62' title='bbox 1536 1262 1768 1333; x_wconf 82' lang='grc' dir='ltr'>Χριστὸς</span> <span class='ocrx_word' id='word_1_63' title='bbox 1813 1258 1873 1329; x_wconf 81' lang='grc' dir='ltr'>ἐξ</span> 
     </span>
    </p>
   </div>
   <div class='ocr_carea' id='block_1_10' title="bbox 273 1343 1873 1423">
    <p class='ocr_par' dir='ltr' id='par_1_10' title="bbox 273 1343 1873 1423">
     <span class='ocr_line' id='line_1_10' title="bbox 273 1343 1873 1423; baseline 0.003 -24"><span class='ocrx_word' id='word_1_64' title='bbox 273 1343 538 1415; x_wconf 68' lang='grc' dir='ltr'>οὐρανοῦ,</span> <span class='ocrx_word' id='word_1_65' title='bbox 568 1343 656 1397; x_wconf 88' lang='grc' dir='ltr'>ίνα</span> <span class='ocrx_word' id='word_1_66' title='bbox 692 1346 818 1409; x_wconf 80' lang='grc' dir='ltr'>τοὺς</span> <span class='ocrx_word' id='word_1_67' title='bbox 849 1345 1170 1418; x_wconf 81' lang='grc' dir='ltr'>ἀνθρώπους</span> <span class='ocrx_word' id='word_1_68' title='bbox 1197 1349 1461 1417; x_wconf 82' lang='grc' dir='ltr'>ἀγγέλους</span> <span class='ocrx_word' id='word_1_69' title='bbox 1507 1351 1730 1423; x_wconf 85' lang='grc' dir='ltr'>ποιήσῃ,</span> <span class='ocrx_word' id='word_1_70' title='bbox 1778 1349 1873 1403; x_wconf 73' lang='grc' dir='ltr'>καὶ</span> 
     </span>
    </p>
   </div>
   <div class='ocr_carea' id='block_1_11' title="bbox 274 1432 1868 1510">
    <p class='ocr_par' dir='ltr' id='par_1_11' title="bbox 274 1432 1868 1510">
     <span class='ocr_line' id='line_1_11' title="bbox 274 1432 1868 1510; baseline 0.004 -25"><span class='ocrx_word' id='word_1_71' title='bbox 274 1433 378 1502; x_wconf 83' lang='grc' dir='ltr'>τὴν</span> <span class='ocrx_word' id='word_1_72' title='bbox 400 1433 515 1487; x_wconf 86' lang='grc' dir='ltr'>ἄνω</span> <span class='ocrx_word' id='word_1_73' title='bbox 561 1432 835 1486; x_wconf 78' lang='grc' dir='ltr'>πολιτείαν</span> <span class='ocrx_word' id='word_1_74' title='bbox 892 1432 1129 1489; x_wconf 87' lang='grc' dir='ltr'>ἐνταῦθα</span> <span class='ocrx_word' id='word_1_75' title='bbox 1172 1437 1578 1510; x_wconf 82' lang='grc' dir='ltr'>καταφυτεύσῃ,</span> <span class='ocrx_word' id='word_1_76' title='bbox 1601 1438 1721 1491; x_wconf 83' lang='grc' dir='ltr'>ούδέ</span> <span class='ocrx_word' id='word_1_77' title='bbox 1748 1438 1868 1492; x_wconf 78' lang='grc' dir='ltr'>τότε</span> 
     </span>
    </p>
   </div>
   <div class='ocr_carea' id='block_1_12' title="bbox 275 1520 1870 1595">
    <p class='ocr_par' dir='ltr' id='par_1_12' title="bbox 275 1520 1870 1595">
     <span class='ocr_line' id='line_1_12' title="bbox 275 1520 1870 1595; baseline 0.004 -23"><span class='ocrx_word' id='word_1_78' title='bbox 275 1521 588 1592; x_wconf 64' lang='grc' dir='ltr'>ἐθάρρησεν</span> <span class='ocrx_word' id='word_1_79' title='bbox 612 1520 863 1585; x_wconf 77' lang='grc' dir='ltr'>ἐπιτάξαι</span> <span class='ocrx_word' id='word_1_80' title='bbox 892 1521 1072 1588; x_wconf 88' lang='grc' dir='ltr'>τοῦτο,</span> <span class='ocrx_word' id='word_1_81' title='bbox 1095 1523 1215 1577; x_wconf 79' lang='grc' dir='ltr'>οὐδὲ</span> <span class='ocrx_word' id='word_1_82' title='bbox 1245 1525 1325 1587; x_wconf 86' lang='grc' dir='ltr'>είς</span> <span class='ocrx_word' id='word_1_83' title='bbox 1355 1524 1522 1595; x_wconf 86' lang='grc' dir='ltr'>νόμου</span> <span class='ocrx_word' id='word_1_84' title='bbox 1556 1525 1689 1578; x_wconf 77' lang='grc' dir='ltr'>αὐτὸ</span> <span class='ocrx_word' id='word_1_85' title='bbox 1715 1526 1870 1591; x_wconf 83' lang='grc' dir='ltr'>τάξιν</span> 
     </span>
    </p>
   </div>
   <div class='ocr_carea' id='block_1_13' title="bbox 272 1607 1870 1685">
    <p class='ocr_par' dir='ltr' id='par_1_13' title="bbox 272 1607 1870 1685">
     <span class='ocr_line' id='line_1_13' title="bbox 272 1607 1870 1685; baseline 0.003 -22"><span class='ocrx_word' id='word_1_86' title='bbox 272 1609 507 1675; x_wconf 79' lang='grc' dir='ltr'>ἀγαγεῖν</span> <span class='ocrx_word' id='word_1_87' title='bbox 528 1623 543 1638; x_wconf 89' lang='grc'><strong>·</strong></span> <span class='ocrx_word' id='word_1_88' title='bbox 578 1607 694 1661; x_wconf 88' lang='grc' dir='ltr'>ἀλλ’</span> <span class='ocrx_word' id='word_1_89' title='bbox 733 1608 1097 1681; x_wconf 80' lang='grc' dir='ltr'>ἀποθνήσκειν</span> <span class='ocrx_word' id='word_1_90' title='bbox 1130 1610 1229 1681; x_wconf 83' lang='grc' dir='ltr'>μὲν</span> <span class='ocrx_word' id='word_1_91' title='bbox 1258 1612 1648 1684; x_wconf 76' lang='grc' dir='ltr'>ἐνομοθέτησεν</span> <span class='ocrx_word' id='word_1_92' title='bbox 1690 1609 1791 1685; x_wconf 77' lang='grc' dir='ltr'>(οῦ</span> <span class='ocrx_word' id='word_1_93' title='bbox 1818 1614 1870 1667; x_wconf 91' lang='grc' dir='ltr'>τί</span> 
     </span>
    </p>
   </div>
   <div class='ocr_carea' id='block_1_14' title="bbox 276 1697 1872 1773">
    <p class='ocr_par' dir='ltr' id='par_1_14' title="bbox 276 1697 1872 1773">
     <span class='ocr_line' id='line_1_14' title="bbox 276 1697 1872 1773; baseline 0.002 -23"><span class='ocrx_word' id='word_1_94' title='bbox 276 1698 580 1770; x_wconf 73' lang='grc' dir='ltr'>βαρύτερον</span> <span class='ocrx_word' id='word_1_95' title='bbox 599 1697 800 1764; x_wconf 83' lang='grc' dir='ltr'>γένοιτ’</span> <span class='ocrx_word' id='word_1_96' title='bbox 822 1699 956 1765; x_wconf 81' lang='grc' dir='ltr'>άν;),</span> <span class='ocrx_word' id='word_1_97' title='bbox 975 1699 1069 1755; x_wconf 76' lang='grc' dir='ltr'>καὶ</span> <span class='ocrx_word' id='word_1_98' title='bbox 1092 1699 1457 1770; x_wconf 87' lang='grc' dir='ltr'>σταυροῦσθαι</span> <span class='ocrx_word' id='word_1_99' title='bbox 1472 1700 1756 1773; x_wconf 81' lang='grc' dir='ltr'>διηνεκῶς,</span> <span class='ocrx_word' id='word_1_100' title='bbox 1774 1700 1872 1754; x_wconf 77' lang='grc' dir='ltr'>καὶ</span> 
     </span>
    </p>
   </div>
   <div class='ocr_carea' id='block_1_15' title="bbox 274 1786 1865 1860">
    <p class='ocr_par' dir='ltr' id='par_1_15' title="bbox 274 1786 1865 1860">
     <span class='ocr_line' id='line_1_15' title="bbox 274 1786 1865 1860; baseline 0.003 -23"><span class='ocrx_word' id='word_1_101' title='bbox 274 1786 510 1856; x_wconf 78' lang='grc' dir='ltr'>ἐχθροὺς</span> <span class='ocrx_word' id='word_1_102' title='bbox 536 1786 866 1857; x_wconf 79' lang='grc' dir='ltr'>εὐεργετεῖν,</span> <span class='ocrx_word' id='word_1_103' title='bbox 885 1788 1240 1858; x_wconf 82' lang='grc' dir='ltr'>παρθενεύειν</span> <span class='ocrx_word' id='word_1_104' title='bbox 1256 1788 1313 1842; x_wconf 78' lang='grc' dir='ltr'>δὲ</span> <span class='ocrx_word' id='word_1_105' title='bbox 1332 1791 1431 1842; x_wconf 74' lang='grc' dir='ltr'>οὐκ</span> <span class='ocrx_word' id='word_1_106' title='bbox 1445 1789 1835 1860; x_wconf 79' lang='grc' dir='ltr'>ἐνομοθέτησεν</span> <span class='ocrx_word' id='word_1_107' title='bbox 1851 1803 1865 1819; x_wconf 92' lang='grc'><strong>·</strong></span> 
     </span>
    </p>
   </div>
   <div class='ocr_carea' id='block_1_16' title="bbox 271 1873 1869 1949">
    <p class='ocr_par' dir='ltr' id='par_1_16' title="bbox 271 1873 1869 1949">
     <span class='ocr_line' id='line_1_16' title="bbox 271 1873 1869 1949; baseline 0.002 -23"><span class='ocrx_word' id='word_1_108' title='bbox 271 1874 392 1926; x_wconf 84' lang='grc' dir='ltr'>ἀλλ’</span> <span class='ocrx_word' id='word_1_109' title='bbox 456 1873 669 1942; x_wconf 78' lang='grc' dir='ltr'>ἀφῆκεν</span> <span class='ocrx_word' id='word_1_110' title='bbox 720 1875 780 1927; x_wconf 90' lang='grc' dir='ltr'>ἐν</span> <span class='ocrx_word' id='word_1_111' title='bbox 828 1876 896 1945; x_wconf 79' lang='grc' dir='ltr'>τῇ</span> <span class='ocrx_word' id='word_1_112' title='bbox 945 1874 1053 1929; x_wconf 89' lang='grc' dir='ltr'>τῶν</span> <span class='ocrx_word' id='word_1_113' title='bbox 1080 1876 1389 1931; x_wconf 80' lang='grc' dir='ltr'>ἀκουόντων</span> <span class='ocrx_word' id='word_1_114' title='bbox 1420 1877 1633 1930; x_wconf 86' lang='grc' dir='ltr'>κεῖσθαι</span> <span class='ocrx_word' id='word_1_115' title='bbox 1677 1894 1869 1949; x_wconf 90' lang='grc' dir='ltr'>προαι-</span> 
     </span>
    </p>
   </div>
   <div class='ocr_carea' id='block_1_17' title="bbox 274 1954 1867 2033">
    <p class='ocr_par' dir='ltr' id='par_1_17' title="bbox 274 1954 1867 2033">
     <span class='ocr_line' id='line_1_17' title="bbox 274 1954 1867 2033; baseline 0.004 -26"><span class='ocrx_word' id='word_1_116' title='bbox 274 1955 436 2028; x_wconf 83' lang='grc' dir='ltr'>ρέσει</span> <span class='ocrx_word' id='word_1_117' title='bbox 462 1967 513 2018; x_wconf 79' lang='grc' dir='ltr'>ι,</span> <span class='ocrx_word' id='word_1_118' title='bbox 542 1954 733 2020; x_wconf 85' lang='grc' dir='ltr'>είπὼν,</span> <span class='ocrx_word' id='word_1_119' title='bbox 748 1957 803 2009; x_wconf 88' lang='lat'>&#39;0</span> <span class='ocrx_word' id='word_1_120' title='bbox 821 1957 1160 2028; x_wconf 76' lang='grc' dir='ltr'>δυνάμενος</span> <span class='ocrx_word' id='word_1_121' title='bbox 1180 1961 1414 2030; x_wconf 81' lang='grc' dir='ltr'>χωρεῖν,</span> <span class='ocrx_word' id='word_1_122' title='bbox 1444 1962 1716 2033; x_wconf 71' lang='grc' dir='ltr'>χωρείτω.</span> <span class='ocrx_word' id='word_1_123' title='bbox 1757 1961 1867 2014; x_wconf 71' lang='grc' dir='ltr'>Καὶ</span> 
     </span>
    </p>
   </div>
   <div class='ocr_carea' id='block_1_18' title="bbox 272 2043 1868 2120">
    <p class='ocr_par' dir='ltr' id='par_1_18' title="bbox 272 2043 1868 2120">
     <span class='ocr_line' id='line_1_18' title="bbox 272 2043 1868 2120; baseline 0.003 -23"><span class='ocrx_word' id='word_1_124' title='bbox 272 2044 385 2116; x_wconf 68' lang='grc' dir='ltr'>γὰρ</span> <span class='ocrx_word' id='word_1_125' title='bbox 444 2043 668 2113; x_wconf 85' lang='grc' dir='ltr'>μέγαςό</span> <span class='ocrx_word' id='word_1_126' title='bbox 703 2045 866 2113; x_wconf 77' lang='grc' dir='ltr'>δγκος</span> <span class='ocrx_word' id='word_1_127' title='bbox 886 2045 983 2105; x_wconf 85' lang='grc' dir='ltr'>τοῦ</span> <span class='ocrx_word' id='word_1_128' title='bbox 1019 2047 1368 2119; x_wconf 83' lang='grc' dir='ltr'>πράγματος,</span> <span class='ocrx_word' id='word_1_129' title='bbox 1410 2054 1505 2102; x_wconf 72' lang='grc' dir='ltr'>καὶ</span> <span class='ocrx_word' id='word_1_130' title='bbox 1546 2050 1580 2120; x_wconf 81' lang='grc' dir='ltr'>ἠ</span> <span class='ocrx_word' id='word_1_131' title='bbox 1610 2048 1868 2109; x_wconf 76' lang='grc' dir='ltr'>δυσκολία</span> 
     </span>
    </p>
   </div>
   <div class='ocr_carea' id='block_1_19' title="bbox 267 2130 1864 2206">
    <p class='ocr_par' dir='ltr' id='par_1_19' title="bbox 267 2130 1864 2206">
     <span class='ocr_line' id='line_1_19' title="bbox 267 2130 1864 2206; baseline 0.004 -22"><span class='ocrx_word' id='word_1_132' title='bbox 267 2132 382 2185; x_wconf 85' lang='grc' dir='ltr'>τῶν</span> <span class='ocrx_word' id='word_1_133' title='bbox 412 2130 818 2202; x_wconf 76' lang='grc' dir='ltr'>παλαισμάτων</span> <span class='ocrx_word' id='word_1_134' title='bbox 872 2132 1101 2201; x_wconf 90' lang='grc' dir='ltr'>τούτων,</span> <span class='ocrx_word' id='word_1_135' title='bbox 1135 2136 1230 2191; x_wconf 76' lang='grc' dir='ltr'>καὶ</span> <span class='ocrx_word' id='word_1_136' title='bbox 1250 2137 1279 2189; x_wconf 89' lang='grc' dir='ltr'><strong>ὁ</strong></span> <span class='ocrx_word' id='word_1_137' title='bbox 1304 2136 1466 2206; x_wconf 85' lang='grc' dir='ltr'>ἱδρὼς</span> <span class='ocrx_word' id='word_1_138' title='bbox 1484 2136 1593 2189; x_wconf 88' lang='grc' dir='ltr'>τῶν</span> <span class='ocrx_word' id='word_1_139' title='bbox 1617 2135 1864 2205; x_wconf 82' lang='grc' dir='ltr'>ἀγώνων,</span> 
     </span>
    </p>
   </div>
   <div class='ocr_carea' id='block_1_20' title="bbox 269 2219 1864 2299">
    <p class='ocr_par' dir='ltr' id='par_1_20' title="bbox 269 2219 1864 2299">
     <span class='ocr_line' id='line_1_20' title="bbox 269 2219 1864 2299; baseline 0.003 -27"><span class='ocrx_word' id='word_1_140' title='bbox 269 2220 369 2277; x_wconf 80' lang='grc' dir='ltr'>καὶ</span> <span class='ocrx_word' id='word_1_141' title='bbox 399 2219 608 2290; x_wconf 88' lang='grc' dir='ltr'>σφόδρα</span> <span class='ocrx_word' id='word_1_142' title='bbox 638 2219 995 2290; x_wconf 83' lang='grc' dir='ltr'>ἀπόκρημνον</span> <span class='ocrx_word' id='word_1_143' title='bbox 1016 2221 1177 2280; x_wconf 88' lang='grc' dir='ltr'>τοῦτο</span> <span class='ocrx_word' id='word_1_144' title='bbox 1196 2224 1295 2294; x_wconf 90' lang='grc' dir='ltr'>τῆς</span> <span class='ocrx_word' id='word_1_145' title='bbox 1320 2224 1524 2295; x_wconf 87' lang='grc' dir='ltr'>ἀρετῆς</span> <span class='ocrx_word' id='word_1_146' title='bbox 1543 2224 1605 2277; x_wconf 79' lang='grc' dir='ltr'>τὸ</span> <span class='ocrx_word' id='word_1_147' title='bbox 1632 2224 1831 2299; x_wconf 82' lang='grc' dir='ltr'>χωρίον</span> <span class='ocrx_word' id='word_1_148' title='bbox 1847 2240 1864 2257; x_wconf 75' lang='lat'>&#39;</span> 
     </span>
    </p>
   </div>
   <div class='ocr_carea' id='block_1_21' title="bbox 270 2302 1864 2383">
    <p class='ocr_par' dir='ltr' id='par_1_21' title="bbox 270 2302 1864 2383">
     <span class='ocr_line' id='line_1_21' title="bbox 270 2302 1864 2383; baseline 0.001 -19"><span class='ocrx_word' id='word_1_149' title='bbox 270 2307 371 2364; x_wconf 64' lang='lat' dir='ltr'>Iul</span> <span class='ocrx_word' id='word_1_150' title='bbox 396 2305 557 2360; x_wconf 88' lang='grc' dir='ltr'>τοῦτο</span> <span class='ocrx_word' id='word_1_151' title='bbox 577 2302 797 2376; x_wconf 79' lang='grc' dir='ltr'>δηλοῦσι</span> <span class='ocrx_word' id='word_1_152' title='bbox 844 2309 938 2360; x_wconf 75' lang='grc' dir='ltr'>καὶ</span> <span class='ocrx_word' id='word_1_153' title='bbox 967 2311 1017 2361; x_wconf 85' lang='grc' dir='ltr'>οἱ</span> <span class='ocrx_word' id='word_1_154' title='bbox 1039 2309 1097 2361; x_wconf 86' lang='grc' dir='ltr'>ἐν</span> <span class='ocrx_word' id='word_1_155' title='bbox 1123 2312 1190 2382; x_wconf 75' lang='grc' dir='ltr'>τῇ</span> <span class='ocrx_word' id='word_1_156' title='bbox 1223 2311 1434 2382; x_wconf 81' lang='grc' dir='ltr'>Παλαιᾷ</span> <span class='ocrx_word' id='word_1_157' title='bbox 1470 2310 1638 2367; x_wconf 87' lang='grc' dir='ltr'>πολλά</span> <span class='ocrx_word' id='word_1_158' title='bbox 1662 2330 1864 2383; x_wconf 78' lang='grc' dir='ltr'>κατορο</span> 
     </span>
    </p>
   </div>
   <div class='ocr_carea' id='block_1_22' title="bbox 271 2395 1866 2470">
    <p class='ocr_par' dir='ltr' id='par_1_22' title="bbox 271 2395 1866 2470">
     <span class='ocr_line' id='line_1_22' title="bbox 271 2395 1866 2470; baseline 0.002 -19"><span class='ocrx_word' id='word_1_159' title='bbox 271 2396 571 2458; x_wconf 84' lang='grc' dir='ltr'>θώσαντες.</span> <span class='ocrx_word' id='word_1_160' title='bbox 622 2395 733 2448; x_wconf 80' lang='lat' dir='ltr'><strong><em>Kal</em></strong></span> <span class='ocrx_word' id='word_1_161' title='bbox 786 2395 897 2465; x_wconf 82' lang='grc' dir='ltr'>γὰρ</span> <span class='ocrx_word' id='word_1_162' title='bbox 930 2397 1174 2470; x_wconf 84' lang='grc' dir='ltr'>Μωῦσῆς</span> <span class='ocrx_word' id='word_1_163' title='bbox 1228 2401 1433 2464; x_wconf 85' lang='grc' dir='ltr'>ἐκεῖνος</span> <span class='ocrx_word' id='word_1_164' title='bbox 1460 2401 1488 2453; x_wconf 97' lang='lat'>6</span> <span class='ocrx_word' id='word_1_165' title='bbox 1517 2400 1711 2469; x_wconf 87' lang='grc' dir='ltr'>μέγας,</span> <span class='ocrx_word' id='word_1_166' title='bbox 1755 2400 1866 2454; x_wconf 87' lang='grc' dir='ltr'>τῶν</span> 
     </span>
    </p>
   </div>
   <div class='ocr_carea' id='block_1_23' title="bbox 269 2482 1863 2558">
    <p class='ocr_par' dir='ltr' id='par_1_23' title="bbox 269 2482 1863 2558">
     <span class='ocr_line' id='line_1_23' title="bbox 269 2482 1863 2558; baseline -0.007 -8"><span class='ocrx_word' id='word_1_167' title='bbox 269 2483 577 2557; x_wconf 71' lang='grc' dir='ltr'>προφητῶν</span> <span class='ocrx_word' id='word_1_168' title='bbox 615 2482 677 2535; x_wconf 72' lang='grc' dir='ltr'>τὸ</span> <span class='ocrx_word' id='word_1_169' title='bbox 731 2485 1048 2553; x_wconf 74' lang='grc' dir='ltr'>κεφάλαιον,</span> <span class='ocrx_word' id='word_1_170' title='bbox 1086 2487 1114 2540; x_wconf 89' lang='lat'>6</span> <span class='ocrx_word' id='word_1_171' title='bbox 1155 2488 1378 2557; x_wconf 83' lang='grc' dir='ltr'>γνήσιος</span> <span class='ocrx_word' id='word_1_172' title='bbox 1425 2486 1503 2558; x_wconf 80' lang='grc' dir='ltr'>τῷ</span> <span class='ocrx_word' id='word_1_173' title='bbox 1540 2488 1659 2558; x_wconf 76' lang='grc' dir='ltr'>Θεῷ</span> <span class='ocrx_word' id='word_1_174' title='bbox 1687 2488 1863 2557; x_wconf 85' lang='grc' dir='ltr'>φίλος,</span> 
     </span>
    </p>
   </div>
   <div class='ocr_carea' id='block_1_24' title="bbox 266 2572 1865 2648">
    <p class='ocr_par' dir='ltr' id='par_1_24' title="bbox 266 2572 1865 2648">
     <span class='ocr_line' id='line_1_24' title="bbox 266 2572 1865 2648; baseline -0.002 -20"><span class='ocrx_word' id='word_1_175' title='bbox 266 2577 301 2628; x_wconf 87' lang='grc' dir='ltr'>ὁ</span> <span class='ocrx_word' id='word_1_176' title='bbox 335 2572 606 2645; x_wconf 82' lang='grc' dir='ltr'>τοσαύτης</span> <span class='ocrx_word' id='word_1_177' title='bbox 644 2572 962 2638; x_wconf 75' lang='grc' dir='ltr'>ἀπολαύσας</span> <span class='ocrx_word' id='word_1_178' title='bbox 991 2576 1326 2646; x_wconf 74' lang='grc' dir='ltr'>παρρησίας,</span> <span class='ocrx_word' id='word_1_179' title='bbox 1358 2574 1435 2639; x_wconf 83' lang='grc' dir='ltr'>ὡς</span> <span class='ocrx_word' id='word_1_180' title='bbox 1463 2574 1752 2646; x_wconf 75' lang='grc' dir='ltr'>ἑξακοσίας</span> <span class='ocrx_word' id='word_1_181' title='bbox 1778 2593 1865 2648; x_wconf 62' lang='grc' dir='ltr'>χιφ</span> 
     </span>
    </p>
   </div>
   <div class='ocr_carea' id='block_1_25' title="bbox 266 2664 1864 2736">
    <p class='ocr_par' dir='ltr' id='par_1_25' title="bbox 266 2664 1864 2736">
     <span class='ocr_line' id='line_1_25' title="bbox 266 2664 1864 2736; baseline 0.001 -18"><span class='ocrx_word' id='word_1_182' title='bbox 266 2664 463 2729; x_wconf 87' lang='grc' dir='ltr'>λιάδας</span> <span class='ocrx_word' id='word_1_183' title='bbox 486 2665 823 2728; x_wconf 83' lang='grc' dir='ltr'>ὑπευθύνους</span> <span class='ocrx_word' id='word_1_184' title='bbox 840 2665 1139 2735; x_wconf 74' lang='grc' dir='ltr'>γενομένας</span> <span class='ocrx_word' id='word_1_185' title='bbox 1165 2665 1383 2719; x_wconf 84' lang='grc' dir='ltr'>κολάσει</span> <span class='ocrx_word' id='word_1_186' title='bbox 1400 2665 1708 2736; x_wconf 73' lang='grc' dir='ltr'>ἐξαρπάσαι</span> <span class='ocrx_word' id='word_1_187' title='bbox 1737 2666 1864 2735; x_wconf 88' lang='grc' dir='ltr'>θεη-</span> 
     </span>
    </p>
   </div>
   <div class='ocr_carea' id='block_1_26' title="bbox 265 2747 1864 2825">
    <p class='ocr_par' dir='ltr' id='par_1_26' title="bbox 265 2747 1864 2825">
     <span class='ocr_line' id='line_1_26' title="bbox 265 2747 1864 2825; baseline 0.001 -20"><span class='ocrx_word' id='word_1_188' title='bbox 265 2754 437 2806; x_wconf 79' lang='grc' dir='ltr'>λάτου</span> <span class='ocrx_word' id='word_1_189' title='bbox 483 2753 719 2825; x_wconf 82' lang='grc' dir='ltr'>πληγῆς,</span> <span class='ocrx_word' id='word_1_190' title='bbox 755 2747 909 2816; x_wconf 71' lang='grc' dir='ltr'>οὗτος</span> <span class='ocrx_word' id='word_1_191' title='bbox 955 2753 1209 2816; x_wconf 90' lang='grc' dir='ltr'>τοσοῦτος</span> <span class='ocrx_word' id='word_1_192' title='bbox 1251 2750 1349 2806; x_wconf 75' lang='grc' dir='ltr'>καὶ</span> <span class='ocrx_word' id='word_1_193' title='bbox 1380 2751 1699 2824; x_wconf 82' lang='grc' dir='ltr'>τηλικοῦτος</span> <span class='ocrx_word' id='word_1_194' title='bbox 1723 2754 1864 2825; x_wconf 84' lang='grc' dir='ltr'>ἀνὴρ</span> 
     </span>
    </p>
   </div>
   <div class='ocr_carea' id='block_1_27' title="bbox 264 2838 1861 2914">
    <p class='ocr_par' dir='ltr' id='par_1_27' title="bbox 264 2838 1861 2914">
     <span class='ocr_line' id='line_1_27' title="bbox 264 2838 1861 2914; baseline -0.001 -20"><span class='ocrx_word' id='word_1_195' title='bbox 264 2839 521 2914; x_wconf 78' lang='grc' dir='ltr'>θαλάττῃ</span> <span class='ocrx_word' id='word_1_196' title='bbox 546 2840 646 2911; x_wconf 81' lang='grc' dir='ltr'>μὲν</span> <span class='ocrx_word' id='word_1_197' title='bbox 700 2838 953 2907; x_wconf 78' lang='grc' dir='ltr'>ἐπέταξε,</span> <span class='ocrx_word' id='word_1_198' title='bbox 993 2840 1091 2894; x_wconf 74' lang='grc' dir='ltr'>καὶ</span> <span class='ocrx_word' id='word_1_199' title='bbox 1118 2839 1356 2909; x_wconf 87' lang='grc' dir='ltr'>πέλαγος</span> <span class='ocrx_word' id='word_1_200' title='bbox 1389 2839 1594 2910; x_wconf 68' lang='grc' dir='ltr'>ἔσχισε,</span> <span class='ocrx_word' id='word_1_201' title='bbox 1637 2841 1731 2893; x_wconf 70' lang='grc' dir='ltr'>καὶ</span> <span class='ocrx_word' id='word_1_202' title='bbox 1760 2841 1861 2895; x_wconf 85' lang='grc' dir='ltr'>πέ-</span> 
     </span>
    </p>
   </div>
   <div class='ocr_carea' id='block_1_28' title="bbox 260 2928 1862 3001">
    <p class='ocr_par' dir='ltr' id='par_1_28' title="bbox 260 2928 1862 3001">
     <span class='ocr_line' id='line_1_28' title="bbox 260 2928 1862 3001; baseline 0.002 -21"><span class='ocrx_word' id='word_1_203' title='bbox 260 2945 405 2999; x_wconf 85' lang='grc' dir='ltr'>τρας</span> <span class='ocrx_word' id='word_1_204' title='bbox 456 2929 730 3001; x_wconf 66' lang='grc' dir='ltr'>διέρρηξε,</span> <span class='ocrx_word' id='word_1_205' title='bbox 767 2932 864 2983; x_wconf 70' lang='grc' dir='ltr'>καὶ</span> <span class='ocrx_word' id='word_1_206' title='bbox 914 2928 1054 3000; x_wconf 82' lang='grc' dir='ltr'>ἀέρα</span> <span class='ocrx_word' id='word_1_207' title='bbox 1087 2928 1371 3000; x_wconf 87' lang='grc' dir='ltr'>μετέϐαλε.</span> <span class='ocrx_word' id='word_1_208' title='bbox 1418 2930 1514 2982; x_wconf 72' lang='grc' dir='ltr'>καὶ</span> <span class='ocrx_word' id='word_1_209' title='bbox 1535 2930 1595 2982; x_wconf 83' lang='grc' dir='ltr'>τὸ</span> <span class='ocrx_word' id='word_1_210' title='bbox 1625 2928 1862 2999; x_wconf 81' lang='grc' dir='ltr'>Νειλῷον</span> 
     </span>
    </p>
   </div>
   <div class='ocr_carea' id='block_1_29' title="bbox 265 3010 1864 3093">
    <p class='ocr_par' dir='ltr' id='par_1_29' title="bbox 265 3010 1864 3093">
     <span class='ocr_line' id='line_1_29' title="bbox 265 3010 1864 3093; baseline 0.001 -25"><span class='ocrx_word' id='word_1_211' title='bbox 265 3015 421 3086; x_wconf 80' lang='grc' dir='ltr'>ὕδωρ</span> <span class='ocrx_word' id='word_1_212' title='bbox 449 3017 531 3080; x_wconf 86' lang='grc' dir='ltr'>είς</span> <span class='ocrx_word' id='word_1_213' title='bbox 548 3010 691 3087; x_wconf 73' lang='grc' dir='ltr'>αἷμα</span> <span class='ocrx_word' id='word_1_214' title='bbox 716 3015 1013 3093; x_wconf 85' lang='grc' dir='ltr'>μετέτρεψε</span> <span class='ocrx_word' id='word_1_215' title='bbox 1040 3016 1092 3079; x_wconf 71' lang='grc' dir='ltr'>ι),</span> <span class='ocrx_word' id='word_1_216' title='bbox 1129 3016 1223 3075; x_wconf 72' lang='grc' dir='ltr'>καὶ</span> <span class='ocrx_word' id='word_1_217' title='bbox 1254 3015 1539 3087; x_wconf 79' lang='grc' dir='ltr'>βατράχων</span> <span class='ocrx_word' id='word_1_218' title='bbox 1574 3016 1671 3072; x_wconf 74' lang='grc' dir='ltr'>καὶ</span> <span class='ocrx_word' id='word_1_219' title='bbox 1701 3016 1864 3087; x_wconf 84' lang='grc' dir='ltr'>ἀκρί-</span> 
     </span>
    </p>
   </div>
   <div class='ocr_carea' id='block_1_30' title="bbox 264 3103 1861 3179">
    <p class='ocr_par' dir='ltr' id='par_1_30' title="bbox 264 3103 1861 3179">
     <span class='ocr_line' id='line_1_30' title="bbox 264 3103 1861 3179; baseline 0.001 -23"><span class='ocrx_word' id='word_1_220' title='bbox 264 3104 376 3157; x_wconf 87' lang='grc' dir='ltr'>δων</span> <span class='ocrx_word' id='word_1_221' title='bbox 418 3104 780 3175; x_wconf 88' lang='grc' dir='ltr'>στρατόπεδον</span> <span class='ocrx_word' id='word_1_222' title='bbox 830 3103 1136 3174; x_wconf 68' lang='grc' dir='ltr'>ἐπετείχισε</span> <span class='ocrx_word' id='word_1_223' title='bbox 1187 3103 1265 3179; x_wconf 80' lang='grc' dir='ltr'>τῷ</span> <span class='ocrx_word' id='word_1_224' title='bbox 1292 3104 1514 3179; x_wconf 87' lang='grc' dir='ltr'>Φαραὼ,</span> <span class='ocrx_word' id='word_1_225' title='bbox 1551 3105 1647 3158; x_wconf 74' lang='grc' dir='ltr'>καὶ</span> <span class='ocrx_word' id='word_1_226' title='bbox 1682 3106 1861 3159; x_wconf 78' lang='grc' dir='ltr'>πᾶσαν</span> 
     </span>
    </p>
   </div>
   <div class='ocr_carea' id='block_1_31' title="bbox 262 3191 1864 3267">
    <p class='ocr_par' dir='ltr' id='par_1_31' title="bbox 262 3191 1864 3267">
     <span class='ocr_line' id='line_1_31' title="bbox 262 3191 1864 3267; baseline -0.002 -21"><span class='ocrx_word' id='word_1_227' title='bbox 262 3193 367 3261; x_wconf 80' lang='grc' dir='ltr'>τὴν</span> <span class='ocrx_word' id='word_1_228' title='bbox 402 3191 577 3245; x_wconf 83' lang='grc' dir='ltr'>κτίσιν</span> <span class='ocrx_word' id='word_1_229' title='bbox 623 3191 1094 3262; x_wconf 85' lang='grc' dir='ltr'>μετεστοιχείωσε,</span> <span class='ocrx_word' id='word_1_230' title='bbox 1128 3191 1220 3245; x_wconf 73' lang='grc' dir='ltr'>καὶ</span> <span class='ocrx_word' id='word_1_231' title='bbox 1249 3191 1420 3262; x_wconf 90' lang='grc' dir='ltr'>μυρία</span> <span class='ocrx_word' id='word_1_232' title='bbox 1456 3193 1622 3267; x_wconf 74' lang='grc' dir='ltr'>ἕτερα</span> <span class='ocrx_word' id='word_1_233' title='bbox 1660 3191 1864 3247; x_wconf 83' lang='grc' dir='ltr'>ἐπεδεί-</span> 
     </span>
    </p>
   </div>
   <div class='ocr_carea' id='block_1_32' title="bbox 264 3278 1859 3352">
    <p class='ocr_par' dir='ltr' id='par_1_32' title="bbox 264 3278 1859 3352">
     <span class='ocr_line' id='line_1_32' title="bbox 264 3278 1859 3352; baseline 0.001 -20"><span class='ocrx_word' id='word_1_234' title='bbox 264 3279 400 3344; x_wconf 86' lang='grc' dir='ltr'>ξατο</span> <span class='ocrx_word' id='word_1_235' title='bbox 454 3278 731 3350; x_wconf 89' lang='grc' dir='ltr'>θαύματα,</span> <span class='ocrx_word' id='word_1_236' title='bbox 778 3278 873 3332; x_wconf 80' lang='grc' dir='ltr'>καὶ</span> <span class='ocrx_word' id='word_1_237' title='bbox 899 3280 1099 3352; x_wconf 86' lang='grc' dir='ltr'>ἀρετῆς</span> <span class='ocrx_word' id='word_1_238' title='bbox 1129 3279 1185 3332; x_wconf 87' lang='grc' dir='ltr'>δέ</span> <span class='ocrx_word' id='word_1_239' title='bbox 1216 3279 1387 3333; x_wconf 87' lang='grc' dir='ltr'>πολλά</span> <span class='ocrx_word' id='word_1_240' title='bbox 1422 3279 1859 3352; x_wconf 75' lang='grc' dir='ltr'>κατορθώματαο</span> 
     </span>
    </p>
   </div>
   <div class='ocr_carea' id='block_1_33' title="bbox 260 3365 1861 3445">
    <p class='ocr_par' dir='ltr' id='par_1_33' title="bbox 260 3365 1861 3445">
     <span class='ocr_line' id='line_1_33' title="bbox 260 3365 1861 3445; baseline 0 -23"><span class='ocrx_word' id='word_1_241' title='bbox 260 3368 363 3422; x_wconf 75' lang='grc' dir='ltr'>καὶ</span> <span class='ocrx_word' id='word_1_242' title='bbox 404 3366 516 3439; x_wconf 79' lang='grc' dir='ltr'>γὰρ</span> <span class='ocrx_word' id='word_1_243' title='bbox 539 3366 600 3432; x_wconf 87' lang='grc' dir='ltr'>ἐξ</span> <span class='ocrx_word' id='word_1_244' title='bbox 621 3367 883 3440; x_wconf 86' lang='grc' dir='ltr'>ἐκατέρου</span> <span class='ocrx_word' id='word_1_245' title='bbox 932 3366 1134 3441; x_wconf 80' lang='grc' dir='ltr'>μέρους</span> <span class='ocrx_word' id='word_1_246' title='bbox 1188 3365 1433 3437; x_wconf 70' lang='grc' dir='ltr'>ἔλαμψε·</span> <span class='ocrx_word' id='word_1_247' title='bbox 1471 3368 1610 3445; x_wconf 82' lang='grc' dir='ltr'>πρὸς</span> <span class='ocrx_word' id='word_1_248' title='bbox 1639 3368 1695 3425; x_wconf 82' lang='grc' dir='ltr'>δὲ</span> <span class='ocrx_word' id='word_1_249' title='bbox 1736 3369 1861 3432; x_wconf 83' lang='grc' dir='ltr'>τοὺς</span> 
     </span>
    </p>
   </div>
   <div class='ocr_carea' id='block_1_34' title="bbox 258 3454 1861 3528">
    <p class='ocr_par' dir='ltr' id='par_1_34' title="bbox 258 3454 1861 3528">
     <span class='ocr_line' id='line_1_34' title="bbox 258 3454 1861 3528; baseline 0.002 -21"><span class='ocrx_word' id='word_1_250' title='bbox 258 3456 489 3524; x_wconf 70' lang='grc' dir='ltr'>ἀγῶνας</span> <span class='ocrx_word' id='word_1_251' title='bbox 506 3454 726 3519; x_wconf 87' lang='grc' dir='ltr'>τούτους</span> <span class='ocrx_word' id='word_1_252' title='bbox 751 3454 872 3511; x_wconf 75' lang='grc' dir='ltr'>οὐδὲ</span> <span class='ocrx_word' id='word_1_253' title='bbox 900 3454 1219 3527; x_wconf 69' lang='grc' dir='ltr'>ἀντιϐλέψαι</span> <span class='ocrx_word' id='word_1_254' title='bbox 1253 3454 1492 3527; x_wconf 77' lang='grc' dir='ltr'>ἴσχυσεν,</span> <span class='ocrx_word' id='word_1_255' title='bbox 1525 3456 1639 3510; x_wconf 85' lang='grc' dir='ltr'>ἀλλ’</span> <span class='ocrx_word' id='word_1_256' title='bbox 1668 3457 1861 3528; x_wconf 85' lang='grc' dir='ltr'>ἐδεήθη</span> 
     </span>
    </p>
   </div>
   <div class='ocr_carea' id='block_1_35' title="bbox 262 3542 1861 3617">
    <p class='ocr_par' dir='ltr' id='par_1_35' title="bbox 262 3542 1861 3617">
     <span class='ocr_line' id='line_1_35' title="bbox 262 3542 1861 3617; baseline 0 -18"><span class='ocrx_word' id='word_1_257' title='bbox 262 3542 423 3617; x_wconf 70' lang='grc' dir='ltr'>ί545]</span> <span class='ocrx_word' id='word_1_258' title='bbox 450 3543 629 3615; x_wconf 88' lang='grc' dir='ltr'>γάμου</span> <span class='ocrx_word' id='word_1_259' title='bbox 657 3542 749 3596; x_wconf 71' lang='grc' dir='ltr'>καὶ</span> <span class='ocrx_word' id='word_1_260' title='bbox 780 3542 997 3614; x_wconf 78' lang='grc' dir='ltr'>ὁμιλίας</span> <span class='ocrx_word' id='word_1_261' title='bbox 1035 3542 1315 3612; x_wconf 80' lang='grc' dir='ltr'>γυναικὸς,</span> <span class='ocrx_word' id='word_1_262' title='bbox 1345 3545 1440 3600; x_wconf 83' lang='grc' dir='ltr'>καὶ</span> <span class='ocrx_word' id='word_1_263' title='bbox 1474 3545 1576 3614; x_wconf 87' lang='grc' dir='ltr'>τῆς</span> <span class='ocrx_word' id='word_1_264' title='bbox 1608 3544 1861 3599; x_wconf 87' lang='grc' dir='ltr'>ἐντεῦθεν</span> 
     </span>
    </p>
   </div>
   <div class='ocr_carea' id='block_1_36' title="bbox 259 3629 1861 3702">
    <p class='ocr_par' dir='ltr' id='par_1_36' title="bbox 259 3629 1861 3702">
     <span class='ocr_line' id='line_1_36' title="bbox 259 3629 1861 3702; baseline -0.002 -16"><span class='ocrx_word' id='word_1_265' title='bbox 259 3630 591 3700; x_wconf 75' lang='grc' dir='ltr'>ἀσφαλείας,</span> <span class='ocrx_word' id='word_1_266' title='bbox 629 3630 725 3683; x_wconf 76' lang='grc' dir='ltr'>καὶ</span> <span class='ocrx_word' id='word_1_267' title='bbox 762 3630 862 3683; x_wconf 80' lang='grc' dir='ltr'>οὐκ</span> <span class='ocrx_word' id='word_1_268' title='bbox 898 3629 1195 3700; x_wconf 79' lang='grc' dir='ltr'>ἐτόλμησεν</span> <span class='ocrx_word' id='word_1_269' title='bbox 1226 3631 1306 3693; x_wconf 84' lang='grc' dir='ltr'>εἰς</span> <span class='ocrx_word' id='word_1_270' title='bbox 1334 3630 1397 3683; x_wconf 84' lang='grc' dir='ltr'>τὸ</span> <span class='ocrx_word' id='word_1_271' title='bbox 1430 3630 1531 3700; x_wconf 81' lang='grc' dir='ltr'>τῆς</span> <span class='ocrx_word' id='word_1_272' title='bbox 1561 3630 1861 3702; x_wconf 85' lang='grc' dir='ltr'>παρθενίας</span> 
     </span>
    </p>
   </div>
   <div class='ocr_carea' id='block_1_37' title="bbox 264 3717 1856 3790">
    <p class='ocr_par' dir='ltr' id='par_1_37' title="bbox 264 3717 1856 3790">
     <span class='ocr_line' id='line_1_37' title="bbox 264 3717 1856 3790; baseline 0 -18"><span class='ocrx_word' id='word_1_273' title='bbox 264 3719 507 3788; x_wconf 83' lang='grc' dir='ltr'>πέλαγος</span> <span class='ocrx_word' id='word_1_274' title='bbox 529 3718 722 3772; x_wconf 78' lang='grc' dir='ltr'>ἑαυτὸν</span> <span class='ocrx_word' id='word_1_275' title='bbox 741 3717 1010 3781; x_wconf 80' lang='grc' dir='ltr'>ἐκδοῦναι,</span> <span class='ocrx_word' id='word_1_276' title='bbox 1027 3717 1096 3775; x_wconf 77' lang='grc' dir='ltr'>τὰ</span> <span class='ocrx_word' id='word_1_277' title='bbox 1113 3718 1324 3771; x_wconf 88' lang='grc' dir='ltr'>ἐκεῖθεν</span> <span class='ocrx_word' id='word_1_278' title='bbox 1345 3717 1411 3770; x_wconf 87' lang='grc' dir='ltr'>κύ</span> <span class='ocrx_word' id='word_1_279' title='bbox 1423 3735 1568 3790; x_wconf 84' lang='grc' dir='ltr'>ματα</span> <span class='ocrx_word' id='word_1_280' title='bbox 1584 3717 1856 3781; x_wconf 83' lang='grc' dir='ltr'>δεδοικώς.</span> 
     </span>
    </p>
   </div>
   <div class='ocr_carea' id='block_1_38' title="bbox 260 3804 1859 3881">
    <p class='ocr_par' dir='ltr' id='par_1_38' title="bbox 260 3804 1859 3881">
     <span class='ocr_line' id='line_1_38' title="bbox 260 3804 1859 3881; baseline -0.003 -19"><span class='ocrx_word' id='word_1_281' title='bbox 260 3808 379 3862; x_wconf 77' lang='grc' dir='ltr'>Καὶ</span> <span class='ocrx_word' id='word_1_282' title='bbox 429 3809 458 3860; x_wconf 92' lang='lat'>6</span> <span class='ocrx_word' id='word_1_283' title='bbox 510 3807 860 3881; x_wconf 81' lang='grc' dir='ltr'>πατριάρχης</span> <span class='ocrx_word' id='word_1_284' title='bbox 889 3806 968 3872; x_wconf 81' lang='grc' dir='ltr'>δὲ,</span> <span class='ocrx_word' id='word_1_285' title='bbox 1004 3806 1033 3859; x_wconf 91' lang='lat'>6</span> <span class='ocrx_word' id='word_1_286' title='bbox 1081 3804 1176 3858; x_wconf 87' lang='grc' dir='ltr'>τοῦ</span> <span class='ocrx_word' id='word_1_287' title='bbox 1212 3805 1404 3869; x_wconf 81' lang='grc' dir='ltr'>παιδὸς</span> <span class='ocrx_word' id='word_1_288' title='bbox 1438 3805 1638 3876; x_wconf 77' lang='grc' dir='ltr'>ἱερεὺς,</span> <span class='ocrx_word' id='word_1_289' title='bbox 1662 3805 1722 3858; x_wconf 83' lang='grc' dir='ltr'>τὸ</span> <span class='ocrx_word' id='word_1_290' title='bbox 1760 3804 1859 3877; x_wconf 88' lang='grc' dir='ltr'>μέν</span> 
     </span>
    </p>
   </div>
   <div class='ocr_carea' id='block_1_39' title="bbox 256 3887 1859 3962">
    <p class='ocr_par' dir='ltr' id='par_1_39' title="bbox 256 3887 1859 3962">
     <span class='ocr_line' id='line_1_39' title="bbox 256 3887 1859 3962; baseline -0.002 -17"><span class='ocrx_word' id='word_1_291' title='bbox 256 3891 738 3962; x_wconf 73' lang='grc' dir='ltr'>τυραννικώτατον</span> <span class='ocrx_word' id='word_1_292' title='bbox 798 3890 898 3958; x_wconf 87' lang='grc' dir='ltr'>τῆς</span> <span class='ocrx_word' id='word_1_293' title='bbox 959 3887 1175 3957; x_wconf 89' lang='grc' dir='ltr'>φύσεως</span> <span class='ocrx_word' id='word_1_294' title='bbox 1221 3887 1629 3942; x_wconf 86' lang='grc' dir='ltr'>καταπαλαῖσαι</span> <span class='ocrx_word' id='word_1_295' title='bbox 1673 3888 1859 3959; x_wconf 75' lang='grc' dir='ltr'>ἴσχυσε</span> 
     </span>
    </p>
   </div>
   <div class='ocr_carea' id='block_1_40' title="bbox 260 3975 1860 4047">
    <p class='ocr_par' dir='ltr' id='par_1_40' title="bbox 260 3975 1860 4047">
     <span class='ocr_line' id='line_1_40' title="bbox 260 3975 1860 4047; baseline -0.003 -13"><span class='ocrx_word' id='word_1_296' title='bbox 260 3980 460 4041; x_wconf 78' lang='grc' dir='ltr'>πάθος,</span> <span class='ocrx_word' id='word_1_297' title='bbox 493 3979 589 4031; x_wconf 82' lang='grc' dir='ltr'>καὶ</span> <span class='ocrx_word' id='word_1_298' title='bbox 640 3975 802 4035; x_wconf 75' lang='grc' dir='ltr'>παῖδα</span> <span class='ocrx_word' id='word_1_299' title='bbox 848 3976 1060 4030; x_wconf 81' lang='grc' dir='ltr'>ἀνελεῖν</span> <span class='ocrx_word' id='word_1_300' title='bbox 1103 3976 1367 4047; x_wconf 74' lang='grc' dir='ltr'>ἠδυνήθη,</span> <span class='ocrx_word' id='word_1_301' title='bbox 1402 3977 1499 4029; x_wconf 74' lang='grc' dir='ltr'>καὶ</span> <span class='ocrx_word' id='word_1_302' title='bbox 1558 3977 1725 4030; x_wconf 87' lang='grc' dir='ltr'>παῖδα</span> <span class='ocrx_word' id='word_1_303' title='bbox 1767 3977 1860 4031; x_wconf 82' lang='grc' dir='ltr'>τὸν</span> 
     </span>
    </p>
   </div>
   <div class='ocr_carea' id='block_1_41' title="bbox 271 4065 1859 4139">
    <p class='ocr_par' dir='ltr' id='par_1_41' title="bbox 271 4065 1859 4139">
     <span class='ocr_line' id='line_1_41' title="bbox 271 4065 1859 4139; baseline -0.002 -17"><span class='ocrx_word' id='word_1_304' title='bbox 271 4069 465 4122; x_wconf 78' lang='grc' dir='ltr'>Ἰσαὰκ</span> <span class='ocrx_word' id='word_1_305' title='bbox 516 4068 576 4120; x_wconf 88' lang='grc' dir='ltr'>ἐν</span> <span class='ocrx_word' id='word_1_306' title='bbox 627 4065 777 4138; x_wconf 81' lang='grc' dir='ltr'>αὐτῷ</span> <span class='ocrx_word' id='word_1_307' title='bbox 803 4067 903 4136; x_wconf 85' lang='grc' dir='ltr'>τῆς</span> <span class='ocrx_word' id='word_1_308' title='bbox 940 4066 1157 4139; x_wconf 80' lang='grc' dir='ltr'>ἡλικίας</span> <span class='ocrx_word' id='word_1_309' title='bbox 1191 4066 1269 4137; x_wconf 83' lang='grc' dir='ltr'>τῷ</span> <span class='ocrx_word' id='word_1_310' title='bbox 1298 4067 1469 4135; x_wconf 83' lang='grc' dir='ltr'>ἄνθει,</span> <span class='ocrx_word' id='word_1_311' title='bbox 1500 4069 1559 4121; x_wconf 87' lang='grc' dir='ltr'>ἐν</span> <span class='ocrx_word' id='word_1_312' title='bbox 1585 4068 1722 4139; x_wconf 78' lang='grc' dir='ltr'>αὐτῇ</span> <span class='ocrx_word' id='word_1_313' title='bbox 1756 4068 1859 4138; x_wconf 83' lang='grc' dir='ltr'>τῆς</span> 
     </span>
    </p>
   </div>
   <div class='ocr_carea' id='block_1_42' title="bbox 258 4158 1858 4232">
    <p class='ocr_par' dir='ltr' id='par_1_42' title="bbox 258 4158 1858 4232">
     <span class='ocr_line' id='line_1_42' title="bbox 258 4158 1858 4232; baseline 0 -20"><span class='ocrx_word' id='word_1_314' title='bbox 258 4161 516 4229; x_wconf 82' lang='grc' dir='ltr'>νεότητος</span> <span class='ocrx_word' id='word_1_315' title='bbox 549 4160 618 4229; x_wconf 79' lang='grc' dir='ltr'>τῇ</span> <span class='ocrx_word' id='word_1_316' title='bbox 671 4159 846 4229; x_wconf 77' lang='grc' dir='ltr'>ἀκμῇ,</span> <span class='ocrx_word' id='word_1_317' title='bbox 882 4158 1167 4229; x_wconf 85' lang='grc' dir='ltr'>μονογενῆ,</span> <span class='ocrx_word' id='word_1_318' title='bbox 1204 4158 1447 4229; x_wconf 84' lang='grc' dir='ltr'>γνήσιον,</span> <span class='ocrx_word' id='word_1_319' title='bbox 1484 4160 1577 4214; x_wconf 72' lang='grc' dir='ltr'>καὶ</span> <span class='ocrx_word' id='word_1_320' title='bbox 1609 4162 1740 4232; x_wconf 83' lang='grc' dir='ltr'>παρ’</span> <span class='ocrx_word' id='word_1_321' title='bbox 1772 4158 1858 4212; x_wconf 78' lang='grc' dir='ltr'>ἐλσ-</span> 
     </span>
    </p>
   </div>
   <div class='ocr_carea' id='block_1_43' title="bbox 258 4247 1857 4322">
    <p class='ocr_par' dir='ltr' id='par_1_43' title="bbox 258 4247 1857 4322">
     <span class='ocr_line' id='line_1_43' title="bbox 258 4247 1857 4322; baseline 0.001 -18"><span class='ocrx_word' id='word_1_322' title='bbox 258 4251 393 4305; x_wconf 82' lang='grc' dir='ltr'>πίδα</span> <span class='ocrx_word' id='word_1_323' title='bbox 420 4251 603 4303; x_wconf 80' lang='grc' dir='ltr'>πᾶσαν</span> <span class='ocrx_word' id='word_1_324' title='bbox 647 4248 797 4320; x_wconf 88' lang='grc' dir='ltr'>αὐτῷ</span> <span class='ocrx_word' id='word_1_325' title='bbox 843 4247 1149 4319; x_wconf 81' lang='grc' dir='ltr'>δεδομένον,</span> <span class='ocrx_word' id='word_1_326' title='bbox 1193 4248 1286 4302; x_wconf 81' lang='grc' dir='ltr'>καὶ</span> <span class='ocrx_word' id='word_1_327' title='bbox 1315 4250 1402 4302; x_wconf 81' lang='grc' dir='ltr'>ἐπ’</span> <span class='ocrx_word' id='word_1_328' title='bbox 1432 4250 1581 4322; x_wconf 83' lang='grc' dir='ltr'>αὐτῷ</span> <span class='ocrx_word' id='word_1_329' title='bbox 1615 4250 1857 4306; x_wconf 87' lang='grc' dir='ltr'>σαλεύων</span> 
     </span>
    </p>
   </div>
   <div class='ocr_carea' id='block_1_44' title="bbox 260 4342 1857 4418">
    <p class='ocr_par' dir='ltr' id='par_1_44' title="bbox 260 4342 1857 4418">
     <span class='ocr_line' id='line_1_44' title="bbox 260 4342 1857 4418; baseline 0 -22"><span class='ocrx_word' id='word_1_330' title='bbox 260 4346 412 4418; x_wconf 80' lang='grc' dir='ltr'>μόνῳ</span> <span class='ocrx_word' id='word_1_331' title='bbox 439 4354 489 4406; x_wconf 73' lang='grc' dir='ltr'>ο,</span> <span class='ocrx_word' id='word_1_332' title='bbox 532 4343 629 4396; x_wconf 77' lang='grc' dir='ltr'>καὶ</span> <span class='ocrx_word' id='word_1_333' title='bbox 686 4343 746 4395; x_wconf 89' lang='grc' dir='ltr'>ἐν</span> <span class='ocrx_word' id='word_1_334' title='bbox 802 4342 1017 4413; x_wconf 81' lang='grc' dir='ltr'>ἐσχάτῳ</span> <span class='ocrx_word' id='word_1_335' title='bbox 1043 4342 1212 4413; x_wconf 78' lang='grc' dir='ltr'>γήρᾳ,</span> <span class='ocrx_word' id='word_1_336' title='bbox 1264 4342 1361 4396; x_wconf 71' lang='grc' dir='ltr'>καὶ</span> <span class='ocrx_word' id='word_1_337' title='bbox 1394 4342 1857 4416; x_wconf 64' lang='grc' dir='ltr'>ἀρετῇικομῶντα</span> 
     </span>
    </p>
   </div>
   <div class='ocr_carea' id='block_1_45' title="bbox 257 4434 1857 4511">
    <p class='ocr_par' dir='ltr' id='par_1_45' title="bbox 257 4434 1857 4511">
     <span class='ocr_line' id='line_1_45' title="bbox 257 4434 1857 4511; baseline -0.001 -22"><span class='ocrx_word' id='word_1_338' title='bbox 257 4437 455 4507; x_wconf 78' lang='grc' dir='ltr'>πολλῇ,</span> <span class='ocrx_word' id='word_1_339' title='bbox 484 4437 578 4489; x_wconf 72' lang='grc' dir='ltr'>καὶ</span> <span class='ocrx_word' id='word_1_340' title='bbox 605 4436 903 4504; x_wconf 86' lang='grc' dir='ltr'>ἀναγαγεῖν</span> <span class='ocrx_word' id='word_1_341' title='bbox 937 4437 1103 4491; x_wconf 67' lang='grc' dir='ltr'>αὑτὸν</span> <span class='ocrx_word' id='word_1_342' title='bbox 1128 4434 1222 4487; x_wconf 75' lang='grc' dir='ltr'>ἐπὶ</span> <span class='ocrx_word' id='word_1_343' title='bbox 1242 4435 1305 4488; x_wconf 78' lang='grc' dir='ltr'>τὸ</span> <span class='ocrx_word' id='word_1_344' title='bbox 1334 4434 1461 4505; x_wconf 79' lang='grc' dir='ltr'>ὅρος</span> <span class='ocrx_word' id='word_1_345' title='bbox 1489 4436 1732 4511; x_wconf 78' lang='grc' dir='ltr'>ἴσχυσεν,</span> <span class='ocrx_word' id='word_1_346' title='bbox 1763 4436 1857 4491; x_wconf 76' lang='grc' dir='ltr'>ἐπὶ</span> 
     </span>
    </p>
   </div>
   <div class='ocr_carea' id='block_1_46' title="bbox 254 4526 1857 4605">
    <p class='ocr_par' dir='ltr' id='par_1_46' title="bbox 254 4526 1857 4605">
     <span class='ocr_line' id='line_1_46' title="bbox 254 4526 1857 4605; baseline -0.002 -21"><span class='ocrx_word' id='word_1_347' title='bbox 254 4529 489 4601; x_wconf 84' lang='grc' dir='ltr'>τοιαύτῃ</span> <span class='ocrx_word' id='word_1_348' title='bbox 546 4526 761 4597; x_wconf 80' lang='grc' dir='ltr'>μέλλων</span> <span class='ocrx_word' id='word_1_349' title='bbox 818 4527 1046 4605; x_wconf 84' lang='grc' dir='ltr'>ἀνάγειν</span> <span class='ocrx_word' id='word_1_350' title='bbox 1074 4527 1308 4598; x_wconf 83' lang='grc' dir='ltr'>πράξει,</span> <span class='ocrx_word' id='word_1_351' title='bbox 1346 4529 1439 4580; x_wconf 68' lang='grc' dir='ltr'>καὶ</span> <span class='ocrx_word' id='word_1_352' title='bbox 1466 4528 1857 4599; x_wconf 85' lang='grc' dir='ltr'>θυσιαστήριον</span> 
     </span>
    </p>
   </div>
   <div class='ocr_carea' id='block_1_47' title="bbox 255 4614 1859 4690">
    <p class='ocr_par' dir='ltr' id='par_1_47' title="bbox 255 4614 1859 4690">
     <span class='ocr_line' id='line_1_47' title="bbox 255 4614 1859 4690; baseline -0.006 -15"><span class='ocrx_word' id='word_1_353' title='bbox 255 4619 599 4690; x_wconf 74' lang='grc' dir='ltr'>ᾠκοδόμησε,</span> <span class='ocrx_word' id='word_1_354' title='bbox 636 4617 733 4671; x_wconf 81' lang='grc' dir='ltr'>καὶ</span> <span class='ocrx_word' id='word_1_355' title='bbox 762 4616 893 4682; x_wconf 82' lang='grc' dir='ltr'>ξύλα</span> <span class='ocrx_word' id='word_1_356' title='bbox 939 4615 1227 4687; x_wconf 80' lang='grc' dir='ltr'>συνέθηκε,</span> <span class='ocrx_word' id='word_1_357' title='bbox 1267 4616 1364 4673; x_wconf 62' lang='grc' dir='ltr'>καὶ¹</span> <span class='ocrx_word' id='word_1_358' title='bbox 1398 4614 1460 4668; x_wconf 84' lang='grc' dir='ltr'>τὸ</span> <span class='ocrx_word' id='word_1_359' title='bbox 1491 4615 1686 4686; x_wconf 75' lang='grc' dir='ltr'>ἱερεῖον</span> <span class='ocrx_word' id='word_1_360' title='bbox 1724 4614 1859 4667; x_wconf 64' lang='grc' dir='ltr'>ἑπέο</span> 
     </span>
    </p>
   </div>
   <div class='ocr_carea' id='block_1_48' title="bbox 257 4702 1853 4781">
    <p class='ocr_par' dir='ltr' id='par_1_48' title="bbox 257 4702 1853 4781">
     <span class='ocr_line' id='line_1_48' title="bbox 257 4702 1853 4781; baseline -0.004 -17"><span class='ocrx_word' id='word_1_361' title='bbox 257 4711 422 4780; x_wconf 85' lang='grc' dir='ltr'>θηκε,</span> <span class='ocrx_word' id='word_1_362' title='bbox 463 4708 560 4761; x_wconf 73' lang='lat' dir='ltr'><strong><em>xal</em></strong></span> <span class='ocrx_word' id='word_1_363' title='bbox 590 4708 870 4779; x_wconf 85' lang='grc' dir='ltr'>μάχαιραν</span> <span class='ocrx_word' id='word_1_364' title='bbox 902 4709 1146 4781; x_wconf 71' lang='grc' dir='ltr'>ἥρπασε,</span> <span class='ocrx_word' id='word_1_365' title='bbox 1182 4706 1274 4759; x_wconf 76' lang='grc' dir='ltr'>καὶ</span> <span class='ocrx_word' id='word_1_366' title='bbox 1301 4705 1389 4760; x_wconf 86' lang='grc' dir='ltr'>διὰ</span> <span class='ocrx_word' id='word_1_367' title='bbox 1414 4705 1507 4758; x_wconf 90' lang='grc' dir='ltr'>τοῦ</span> <span class='ocrx_word' id='word_1_368' title='bbox 1530 4702 1729 4776; x_wconf 80' lang='grc' dir='ltr'>λαιμοῦ</span> <span class='ocrx_word' id='word_1_369' title='bbox 1757 4704 1853 4773; x_wconf 85' lang='grc' dir='ltr'>τοῦ</span> 
     </span>
    </p>
   </div>
   <div class='ocr_carea' id='block_1_49' title="bbox 255 4794 1854 4871">
    <p class='ocr_par' dir='ltr' id='par_1_49' title="bbox 255 4794 1854 4871">
     <span class='ocr_line' id='line_1_49' title="bbox 255 4794 1854 4871; baseline -0.004 -16"><span class='ocrx_word' id='word_1_370' title='bbox 255 4802 453 4865; x_wconf 85' lang='grc' dir='ltr'>παιδὸς</span> <span class='ocrx_word' id='word_1_371' title='bbox 505 4800 565 4853; x_wconf 83' lang='grc' dir='ltr'>τὸ</span> <span class='ocrx_word' id='word_1_372' title='bbox 621 4800 775 4869; x_wconf 83' lang='grc' dir='ltr'>ξίφος</span> <span class='ocrx_word' id='word_1_373' title='bbox 833 4798 1035 4871; x_wconf 79' lang='grc' dir='ltr'>ῶθησε.</span> <span class='ocrx_word' id='word_1_374' title='bbox 1076 4798 1188 4851; x_wconf 76' lang='grc' dir='ltr'>Καὶ</span> <span class='ocrx_word' id='word_1_375' title='bbox 1237 4796 1348 4868; x_wconf 86' lang='grc' dir='ltr'>γὰρ</span> <span class='ocrx_word' id='word_1_376' title='bbox 1392 4798 1488 4853; x_wconf 77' lang='grc' dir='ltr'>καὶ</span> <span class='ocrx_word' id='word_1_377' title='bbox 1522 4794 1724 4871; x_wconf 80' lang='grc' dir='ltr'>ὢθησε,</span> <span class='ocrx_word' id='word_1_378' title='bbox 1760 4798 1854 4849; x_wconf 78' lang='grc' dir='ltr'>καὶ</span> 
     </span>
    </p>
   </div>
   <div class='ocr_carea' id='block_1_50' title="bbox 252 4890 1852 4966">
    <p class='ocr_par' dir='ltr' id='par_1_50' title="bbox 252 4890 1852 4966">
     <span class='ocr_line' id='line_1_50' title="bbox 252 4890 1852 4966; baseline -0.004 -19"><span class='ocrx_word' id='word_1_379' title='bbox 252 4894 470 4966; x_wconf 81' lang='grc' dir='ltr'>ᾕμαξεν</span> <span class='ocrx_word' id='word_1_380' title='bbox 499 4895 527 4947; x_wconf 91' lang='lat'>6</span> <span class='ocrx_word' id='word_1_381' title='bbox 556 4893 771 4963; x_wconf 83' lang='grc' dir='ltr'>ἀδάμας</span> <span class='ocrx_word' id='word_1_382' title='bbox 820 4893 1052 4958; x_wconf 82' lang='grc' dir='ltr'>ἐκεῖνος,</span> <span class='ocrx_word' id='word_1_383' title='bbox 1110 4890 1312 4962; x_wconf 81' lang='grc' dir='ltr'>μᾶλλον</span> <span class='ocrx_word' id='word_1_384' title='bbox 1337 4890 1395 4943; x_wconf 86' lang='grc' dir='ltr'>δέ</span> <span class='ocrx_word' id='word_1_385' title='bbox 1417 4890 1510 4944; x_wconf 77' lang='grc' dir='ltr'>καὶ</span> <span class='ocrx_word' id='word_1_386' title='bbox 1542 4890 1852 4959; x_wconf 80' lang='grc' dir='ltr'>ἀδάμαντος</span> 
     </span>
    </p>
   </div>
   <div class='ocr_carea' id='block_1_51' title="bbox 254 4981 1848 5058">
    <p class='ocr_par' dir='ltr' id='par_1_51' title="bbox 254 4981 1848 5058">
     <span class='ocr_line' id='line_1_51' title="bbox 254 4981 1848 5058; baseline -0.004 -18"><span class='ocrx_word' id='word_1_387' title='bbox 254 4985 617 5056; x_wconf 75' lang='grc' dir='ltr'>στερρότερος</span> <span class='ocrx_word' id='word_1_388' title='bbox 641 5004 652 5015; x_wconf 93' lang='grc'>·</span> <span class='ocrx_word' id='word_1_389' title='bbox 679 4987 709 5038; x_wconf 92' lang='lat'>6</span> <span class='ocrx_word' id='word_1_390' title='bbox 737 4984 839 5056; x_wconf 74' lang='grc' dir='ltr'>μὲν</span> <span class='ocrx_word' id='word_1_391' title='bbox 873 4983 983 5058; x_wconf 80' lang='grc' dir='ltr'>γὰρ</span> <span class='ocrx_word' id='word_1_392' title='bbox 1010 4984 1070 5037; x_wconf 87' lang='grc' dir='ltr'>ἐν</span> <span class='ocrx_word' id='word_1_393' title='bbox 1093 4986 1161 5055; x_wconf 81' lang='grc' dir='ltr'>τῇ</span> <span class='ocrx_word' id='word_1_394' title='bbox 1189 4982 1348 5053; x_wconf 80' lang='grc' dir='ltr'>φύσει</span> <span class='ocrx_word' id='word_1_395' title='bbox 1375 4983 1536 5037; x_wconf 85' lang='grc' dir='ltr'>τοῦτο</span> <span class='ocrx_word' id='word_1_396' title='bbox 1560 4981 1848 5053; x_wconf 86' lang='grc' dir='ltr'>κέκτηται,</span> 
     </span>
    </p>
   </div>
   <div class='ocr_carea' id='block_1_52' title="bbox 251 5074 1849 5151">
    <p class='ocr_par' dir='ltr' id='par_1_52' title="bbox 251 5074 1849 5151">
     <span class='ocr_line' id='line_1_52' title="bbox 251 5074 1849 5151; baseline -0.004 -17"><span class='ocrx_word' id='word_1_397' title='bbox 251 5074 409 5141; x_wconf 73' lang='grc' dir='ltr'>οὗτος</span> <span class='ocrx_word' id='word_1_398' title='bbox 437 5077 496 5131; x_wconf 84' lang='grc' dir='ltr'>δέ</span> <span class='ocrx_word' id='word_1_399' title='bbox 523 5077 611 5135; x_wconf 81' lang='grc' dir='ltr'>διὰ</span> <span class='ocrx_word' id='word_1_400' title='bbox 636 5079 734 5151; x_wconf 83' lang='grc' dir='ltr'>τῆς</span> <span class='ocrx_word' id='word_1_401' title='bbox 768 5076 914 5130; x_wconf 83' lang='grc' dir='ltr'>κατὰ</span> <span class='ocrx_word' id='word_1_402' title='bbox 973 5076 1296 5149; x_wconf 87' lang='grc' dir='ltr'>προαίρεσιν</span> <span class='ocrx_word' id='word_1_403' title='bbox 1336 5075 1658 5144; x_wconf 84' lang='grc' dir='ltr'>φιλοσοφίας</span> <span class='ocrx_word' id='word_1_404' title='bbox 1687 5090 1849 5143; x_wconf 85' lang='grc' dir='ltr'>φυσι-</span> 
     </span>
    </p>
   </div>
   <div class='ocr_carea' id='block_1_53' title="bbox 252 5167 1851 5241">
    <p class='ocr_par' dir='ltr' id='par_1_53' title="bbox 252 5167 1851 5241">
     <span class='ocr_line' id='line_1_53' title="bbox 252 5167 1851 5241; baseline -0.001 -20"><span class='ocrx_word' id='word_1_405' title='bbox 252 5169 358 5240; x_wconf 83' lang='grc' dir='ltr'>κὴν</span> <span class='ocrx_word' id='word_1_406' title='bbox 388 5169 697 5239; x_wconf 77' lang='grc' dir='ltr'>ἐμιμήσατο</span> <span class='ocrx_word' id='word_1_407' title='bbox 749 5169 1105 5241; x_wconf 72' lang='grc' dir='ltr'>στερρότητα,</span> <span class='ocrx_word' id='word_1_408' title='bbox 1139 5170 1234 5223; x_wconf 57' lang='grc' dir='ltr'>καί⁵</span> <span class='ocrx_word' id='word_1_409' title='bbox 1279 5168 1526 5237; x_wconf 86' lang='grc' dir='ltr'>ἀγγέλων</span> <span class='ocrx_word' id='word_1_410' title='bbox 1575 5167 1851 5222; x_wconf 86' lang='grc' dir='ltr'>ἀπάθειαν</span> 
     </span>
    </p>
   </div>
   <div class='ocr_carea' id='block_1_54' title="bbox 245 5259 1848 5334">
    <p class='ocr_par' dir='ltr' id='par_1_54' title="bbox 245 5259 1848 5334">
     <span class='ocr_line' id='line_1_54' title="bbox 245 5259 1848 5334; baseline -0.001 -17"><span class='ocrx_word' id='word_1_411' title='bbox 245 5261 343 5317; x_wconf 78' lang='grc' dir='ltr'>διά</span> <span class='ocrx_word' id='word_1_412' title='bbox 365 5260 479 5313; x_wconf 89' lang='grc' dir='ltr'>τῶν</span> <span class='ocrx_word' id='word_1_413' title='bbox 535 5262 714 5333; x_wconf 78' lang='grc' dir='ltr'>ἔργων</span> <span class='ocrx_word' id='word_1_414' title='bbox 771 5261 1104 5328; x_wconf 81' lang='grc' dir='ltr'>ἐπεδείξατο.</span> <span class='ocrx_word' id='word_1_415' title='bbox 1161 5262 1298 5313; x_wconf 83' lang='grc' dir='ltr'>Ἀλλ’</span> <span class='ocrx_word' id='word_1_416' title='bbox 1330 5262 1479 5334; x_wconf 83' lang='grc' dir='ltr'>ὅμως</span> <span class='ocrx_word' id='word_1_417' title='bbox 1510 5262 1550 5314; x_wconf 62' lang='grc' dir='ltr'>τό</span> <span class='ocrx_word' id='word_1_418' title='bbox 1594 5259 1848 5315; x_wconf 83' lang='grc' dir='ltr'>τοσοῦτον</span> 
     </span>
    </p>
   </div>
   <div class='ocr_carea' id='block_1_55' title="bbox 247 5348 1847 5423">
    <p class='ocr_par' dir='ltr' id='par_1_55' title="bbox 247 5348 1847 5423">
     <span class='ocr_line' id='line_1_55' title="bbox 247 5348 1847 5423; baseline -0.001 -18"><span class='ocrx_word' id='word_1_419' title='bbox 247 5353 350 5405; x_wconf 79' lang='grc' dir='ltr'>καὶ</span> <span class='ocrx_word' id='word_1_420' title='bbox 399 5352 720 5422; x_wconf 84' lang='grc' dir='ltr'>τηλικοῦτον</span> <span class='ocrx_word' id='word_1_421' title='bbox 757 5352 982 5423; x_wconf 76' lang='grc' dir='ltr'>ἰσχύσας</span> <span class='ocrx_word' id='word_1_422' title='bbox 1032 5351 1283 5409; x_wconf 83' lang='grc' dir='ltr'>διανύσαι</span> <span class='ocrx_word' id='word_1_423' title='bbox 1323 5348 1506 5416; x_wconf 86' lang='grc' dir='ltr'>ἆθλον,</span> <span class='ocrx_word' id='word_1_424' title='bbox 1546 5352 1642 5411; x_wconf 76' lang='grc' dir='ltr'>καὶ</span> <span class='ocrx_word' id='word_1_425' title='bbox 1675 5351 1847 5423; x_wconf 83' lang='grc' dir='ltr'>αὐτῆς</span> 
     </span>
    </p>
   </div>
   <div class='ocr_carea' id='block_1_56' title="bbox 244 5442 1847 5517">
    <p class='ocr_par' dir='ltr' id='par_1_56' title="bbox 244 5442 1847 5517">
     <span class='ocr_line' id='line_1_56' title="bbox 244 5442 1847 5517; baseline -0.001 -19"><span class='ocrx_word' id='word_1_426' title='bbox 244 5442 485 5509; x_wconf 77' lang='grc' dir='ltr'>ἐξελθὼν</span> <span class='ocrx_word' id='word_1_427' title='bbox 503 5445 603 5517; x_wconf 86' lang='grc' dir='ltr'>τῆς</span> <span class='ocrx_word' id='word_1_428' title='bbox 637 5444 874 5513; x_wconf 81' lang='grc' dir='ltr'>φύσεως,</span> <span class='ocrx_word' id='word_1_429' title='bbox 907 5445 1045 5513; x_wconf 77' lang='grc' dir='ltr'>πρὸς</span> <span class='ocrx_word' id='word_1_430' title='bbox 1077 5447 1205 5508; x_wconf 78' lang='grc' dir='ltr'>τοὺς</span> <span class='ocrx_word' id='word_1_431' title='bbox 1237 5443 1458 5512; x_wconf 87' lang='grc' dir='ltr'>ἀγῶνας</span> <span class='ocrx_word' id='word_1_432' title='bbox 1507 5444 1607 5514; x_wconf 79' lang='grc' dir='ltr'>τῆς</span> <span class='ocrx_word' id='word_1_433' title='bbox 1638 5443 1847 5514; x_wconf 82' lang='grc' dir='ltr'>παρθε-</span> 
     </span>
    </p>
   </div>
   <div class='ocr_carea' id='block_1_57' title="bbox 244 5534 1843 5607">
    <p class='ocr_par' dir='ltr' id='par_1_57' title="bbox 244 5534 1843 5607">
     <span class='ocr_line' id='line_1_57' title="bbox 244 5534 1843 5607; baseline 0.003 -18"><span class='ocrx_word' id='word_1_434' title='bbox 244 5536 370 5596; x_wconf 84' lang='grc' dir='ltr'>νίας</span> <span class='ocrx_word' id='word_1_435' title='bbox 408 5534 784 5589; x_wconf 86' lang='grc' dir='ltr'>ἀποδύσασθαι</span> <span class='ocrx_word' id='word_1_436' title='bbox 812 5535 912 5589; x_wconf 77' lang='grc' dir='ltr'>οὐκ</span> <span class='ocrx_word' id='word_1_437' title='bbox 932 5536 1254 5607; x_wconf 87' lang='grc' dir='ltr'>ἐτόλμησεν,</span> <span class='ocrx_word' id='word_1_438' title='bbox 1279 5535 1393 5589; x_wconf 76' lang='grc' dir='ltr'>ἀλλ’</span> <span class='ocrx_word' id='word_1_439' title='bbox 1418 5536 1589 5589; x_wconf 75' lang='grc' dir='ltr'>ἔδεισε</span> <span class='ocrx_word' id='word_1_440' title='bbox 1621 5537 1715 5591; x_wconf 83' lang='grc' dir='ltr'>καὶ</span> <span class='ocrx_word' id='word_1_441' title='bbox 1742 5536 1843 5593; x_wconf 77' lang='grc' dir='ltr'>αὐ-</span> 
     </span>
    </p>
   </div>
   <div class='ocr_carea' id='block_1_58' title="bbox 306 5721 1838 5786">
    <p class='ocr_par' dir='ltr' id='par_1_58' title="bbox 306 5721 1838 5786">
     <span class='ocr_line' id='line_1_58' title="bbox 306 5721 1838 5786; baseline 0.005 -18"><span class='ocrx_word' id='word_1_442' title='bbox 306 5721 333 5786; x_wconf 63' lang='lat' dir='ltr'><strong>f</strong></span> <span class='ocrx_word' id='word_1_443' title='bbox 360 5721 471 5786; x_wconf 71' lang='grc' dir='ltr'>’[ὤν</span> <span class='ocrx_word' id='word_1_444' title='bbox 487 5722 763 5786; x_wconf 72' lang='grc' dir='ltr'>ἀκουόντων</span> <span class='ocrx_word' id='word_1_445' title='bbox 784 5723 1074 5786; x_wconf 78' lang='grc' dir='ltr'>προαιρέσει,</span> <span class='ocrx_word' id='word_1_446' title='bbox 1100 5725 1283 5774; x_wconf 84' lang='lat' dir='ltr'><strong>omisso</strong></span> <span class='ocrx_word' id='word_1_447' title='bbox 1303 5725 1486 5773; x_wconf 77' lang='grc' dir='ltr'>κεῖσθαι</span> <span class='ocrx_word' id='word_1_448' title='bbox 1515 5726 1710 5785; x_wconf 83' lang='lat' dir='ltr'><strong>quidam</strong></span> <span class='ocrx_word' id='word_1_449' title='bbox 1724 5741 1838 5775; x_wconf 74' lang='lat' dir='ltr'>mss.</span> 
     </span>
    </p>
   </div>
   <div class='ocr_carea' id='block_1_59' title="bbox 306 5783 1837 5871">
    <p class='ocr_par' dir='ltr' id='par_1_59' title="bbox 306 5783 1837 5871">
     <span class='ocr_line' id='line_1_59' title="bbox 306 5783 1837 5871; baseline 0.002 -40"><span class='ocrx_word' id='word_1_450' title='bbox 306 5783 337 5871; x_wconf 57' lang='grc' dir='ltr'>ξ</span> <span class='ocrx_word' id='word_1_451' title='bbox 363 5784 687 5871; x_wconf 48' lang='grc' dir='ltr'>ξσίιονίιεεὶιιξη</span> <span class='ocrx_word' id='word_1_452' title='bbox 700 5783 980 5871; x_wconf 63' lang='grc' dir='ltr'>μετέστησεζ</span> <span class='ocrx_word' id='word_1_453' title='bbox 997 5786 1102 5834; x_wconf 76' lang='lat' dir='ltr'>Mox</span> <span class='ocrx_word' id='word_1_454' title='bbox 1114 5788 1375 5871; x_wconf 50' lang='grc' dir='ltr'>τῷψαραιὶῗ</span> <span class='ocrx_word' id='word_1_455' title='bbox 1394 5783 1543 5871; x_wconf 61' lang='grc' dir='ltr'>(ἔθυες</span> <span class='ocrx_word' id='word_1_456' title='bbox 1558 5790 1605 5871; x_wconf 67' lang='grc' dir='ltr'>ἱμ</span> <span class='ocrx_word' id='word_1_457' title='bbox 1630 5789 1837 5871; x_wconf 39' lang='grc' dir='ltr'>ἀιιοὺιίκ.</span> 
     </span>
    </p>
   </div>
   <div class='ocr_carea' id='block_1_60' title="bbox 239 5846 1839 5971">
    <p class='ocr_par' dir='ltr' id='par_1_60' title="bbox 239 5846 1839 5971">
     <span class='ocr_line' id='line_1_60' title="bbox 239 5846 1839 5959; baseline 0.006 -68"><span class='ocrx_word' id='word_1_458' title='bbox 239 5850 334 5959; x_wconf 50' lang='lat' dir='ltr'>Mc</span> <span class='ocrx_word' id='word_1_459' title='bbox 360 5846 469 5920; x_wconf 65' lang='grc' dir='ltr'>ραι)</span> <span class='ocrx_word' id='word_1_460' title='bbox 494 5862 613 5918; x_wconf 60' lang='grc' dir='ltr'>ιιιςε.</span> <span class='ocrx_word' id='word_1_461' title='bbox 639 5846 714 5896; x_wconf 81' lang='grc' dir='ltr'>ἐπ’</span> <span class='ocrx_word' id='word_1_462' title='bbox 748 5846 880 5908; x_wconf 79' lang='grc' dir='ltr'>αὐτῷ</span> <span class='ocrx_word' id='word_1_463' title='bbox 901 5846 1220 5913; x_wconf 67' lang='grc' dir='ltr'>σαλευομένφ.</span> <span class='ocrx_word' id='word_1_464' title='bbox 1252 5846 1405 5900; x_wconf 76' lang='lat' dir='ltr'>Paulo</span> <span class='ocrx_word' id='word_1_465' title='bbox 1436 5855 1546 5910; x_wconf 72' lang='lat' dir='ltr'>post</span> <span class='ocrx_word' id='word_1_466' title='bbox 1574 5856 1677 5898; x_wconf 74' lang='lat' dir='ltr'><strong>[res</strong></span> <span class='ocrx_word' id='word_1_467' title='bbox 1727 5854 1839 5911; x_wconf 87' lang='grc' dir='ltr'>μέλ-</span> 
     </span>
     <span class='ocr_line' id='line_1_61' title="bbox 320 5924 573 5971; baseline 0.004 -16"><span class='ocrx_word' id='word_1_468' title='bbox 362 5924 573 5971; x_wconf 82' lang='grc' dir='ltr'>αγαγειν.</span> 
     </span>
    </p>
   </div>
   <div class='ocr_carea' id='block_1_61' title="bbox 1739 430 2129 489">
    <p class='ocr_par' dir='ltr' id='par_1_61' title="bbox 1739 430 2129 489">
     <span class='ocr_line' id='line_1_62' title="bbox 1739 430 2129 489; baseline -0.003 -1"><span class='ocrx_word' id='word_1_469' title='bbox 1739 430 2129 489; x_wconf 64' lang='grc' dir='ltr'>ΕΡΙΞΤΟΕᾹΣ.</span> 
     </span>
    </p>
   </div>
   <div class='ocr_carea' id='block_1_62' title="bbox 3465 428 3565 485">
    <p class='ocr_par' dir='ltr' id='par_1_62' title="bbox 3465 428 3565 485">
     <span class='ocr_line' id='line_1_63' title="bbox 3465 428 3565 485; baseline 0.01 -1"><span class='ocrx_word' id='word_1_470' title='bbox 3465 428 3565 485; x_wconf 62' lang='lat'>56-5</span> 
     </span>
    </p>
   </div>
   <div class='ocr_carea' id='block_1_63' title="bbox 1973 548 3572 626">
    <p class='ocr_par' dir='ltr' id='par_1_63' title="bbox 1973 548 3572 626">
     <span class='ocr_line' id='line_1_64' title="bbox 1973 548 3572 626; baseline -0.001 -20"><span class='ocrx_word' id='word_1_471' title='bbox 1973 552 2066 618; x_wconf 78' lang='grc' dir='ltr'>τὸς</span> <span class='ocrx_word' id='word_1_472' title='bbox 2079 552 2149 607; x_wconf 84' lang='grc' dir='ltr'>τὰ</span> <span class='ocrx_word' id='word_1_473' title='bbox 2170 553 2468 625; x_wconf 88' lang='grc' dir='ltr'>σκάμματα</span> <span class='ocrx_word' id='word_1_474' title='bbox 2490 554 2686 618; x_wconf 87' lang='grc' dir='ltr'>ταῦτα,</span> <span class='ocrx_word' id='word_1_475' title='bbox 2708 550 2805 607; x_wconf 78' lang='grc' dir='ltr'>καὶ</span> <span class='ocrx_word' id='word_1_476' title='bbox 2818 551 2920 623; x_wconf 82' lang='grc' dir='ltr'>τὴν</span> <span class='ocrx_word' id='word_1_477' title='bbox 2944 548 3054 606; x_wconf 78' lang='grc' dir='ltr'>ἀπὸ</span> <span class='ocrx_word' id='word_1_478' title='bbox 3068 549 3160 605; x_wconf 91' lang='grc' dir='ltr'>τοῦ</span> <span class='ocrx_word' id='word_1_479' title='bbox 3185 548 3363 623; x_wconf 84' lang='grc' dir='ltr'>γάμου</span> <span class='ocrx_word' id='word_1_480' title='bbox 3391 567 3572 626; x_wconf 78' lang='grc' dir='ltr'>παρα-</span> 
     </span>
    </p>
   </div>
   <div class='ocr_carea' id='block_1_64' title="bbox 1978 642 2578 713">
    <p class='ocr_par' dir='ltr' id='par_1_64' title="bbox 1978 642 2578 713">
     <span class='ocr_line' id='line_1_65' title="bbox 1978 642 2578 713; baseline 0.003 -19"><span class='ocrx_word' id='word_1_481' title='bbox 1978 642 2180 713; x_wconf 89' lang='grc' dir='ltr'>μυθίαν</span> <span class='ocrx_word' id='word_1_482' title='bbox 2206 643 2578 697; x_wconf 88' lang='grc' dir='ltr'>ἐπεσπάσατο.</span> 
     </span>
    </p>
   </div>
   <div class='ocr_carea' id='block_1_65' title="bbox 2044 730 3569 807">
    <p class='ocr_par' dir='ltr' id='par_1_65' title="bbox 2044 730 3569 807">
     <span class='ocr_line' id='line_1_66' title="bbox 2044 730 3569 807; baseline 0 -20"><span class='ocrx_word' id='word_1_483' title='bbox 2044 741 2116 804; x_wconf 85' lang='grc' dir='ltr'>η’.</span> <span class='ocrx_word' id='word_1_484' title='bbox 2139 734 2326 788; x_wconf 85' lang='grc' dir='ltr'>Βούλει</span> <span class='ocrx_word' id='word_1_485' title='bbox 2355 733 2579 807; x_wconf 88' lang='grc' dir='ltr'>προσθῶ</span> <span class='ocrx_word' id='word_1_486' title='bbox 2609 733 2701 788; x_wconf 73' lang='grc' dir='ltr'>καὶ</span> <span class='ocrx_word' id='word_1_487' title='bbox 2724 733 2817 785; x_wconf 79' lang='grc' dir='ltr'>τὸν</span> <span class='ocrx_word' id='word_1_488' title='bbox 2846 730 2967 786; x_wconf 84' lang='grc' dir='ltr'>Ἰὼϐ</span> <span class='ocrx_word' id='word_1_489' title='bbox 2988 734 3100 796; x_wconf 84' lang='grc' dir='ltr'>τοῖς</span> <span class='ocrx_word' id='word_1_490' title='bbox 3117 732 3452 804; x_wconf 79' lang='grc' dir='ltr'>εἰρημένοις,</span> <span class='ocrx_word' id='word_1_491' title='bbox 3472 732 3569 789; x_wconf 77' lang='grc' dir='ltr'>τὸν</span> 
     </span>
    </p>
   </div>
   <div class='ocr_carea' id='block_1_66' title="bbox 1974 818 3567 894">
    <p class='ocr_par' dir='ltr' id='par_1_66' title="bbox 1974 818 3567 894">
     <span class='ocr_line' id='line_1_67' title="bbox 1974 818 3567 894; baseline 0.002 -21"><span class='ocrx_word' id='word_1_492' title='bbox 1974 819 2203 885; x_wconf 88' lang='grc' dir='ltr'>δίκαιον,</span> <span class='ocrx_word' id='word_1_493' title='bbox 2255 821 2349 875; x_wconf 76' lang='grc' dir='ltr'>τὸν</span> <span class='ocrx_word' id='word_1_494' title='bbox 2389 820 2664 894; x_wconf 83' lang='grc' dir='ltr'>ἀληθινὸν,</span> <span class='ocrx_word' id='word_1_495' title='bbox 2702 819 2795 874; x_wconf 79' lang='grc' dir='ltr'>τὸν</span> <span class='ocrx_word' id='word_1_496' title='bbox 2826 818 3074 888; x_wconf 82' lang='grc' dir='ltr'>θεοσεϐῆ,</span> <span class='ocrx_word' id='word_1_497' title='bbox 3104 818 3196 872; x_wconf 75' lang='grc' dir='ltr'>τὸν</span> <span class='ocrx_word' id='word_1_498' title='bbox 3226 820 3567 891; x_wconf 80' lang='grc' dir='ltr'>ἀπεχόμενον</span> 
     </span>
    </p>
   </div>
   <div class='ocr_carea' id='block_1_67' title="bbox 1973 897 3564 982">
    <p class='ocr_par' dir='ltr' id='par_1_67' title="bbox 1973 897 3564 982">
     <span class='ocr_line' id='line_1_68' title="bbox 1973 897 3564 982; baseline 0 -20"><span class='ocrx_word' id='word_1_499' title='bbox 1973 908 2082 962; x_wconf 85' lang='grc' dir='ltr'>ἀπὸ</span> <span class='ocrx_word' id='word_1_500' title='bbox 2110 909 2311 975; x_wconf 84' lang='grc' dir='ltr'>παντὸς</span> <span class='ocrx_word' id='word_1_501' title='bbox 2346 909 2586 982; x_wconf 89' lang='grc' dir='ltr'>πονηροῦ</span> <span class='ocrx_word' id='word_1_502' title='bbox 2618 907 2988 980; x_wconf 87' lang='grc' dir='ltr'>πράγματος;</span> <span class='ocrx_word' id='word_1_503' title='bbox 3028 897 3196 970; x_wconf 76' lang='grc' dir='ltr'>Οὗτος</span> <span class='ocrx_word' id='word_1_504' title='bbox 3224 909 3252 960; x_wconf 97' lang='lat'>6</span> <span class='ocrx_word' id='word_1_505' title='bbox 3285 898 3405 959; x_wconf 83' lang='grc' dir='ltr'>Ἰὼϐ</span> <span class='ocrx_word' id='word_1_506' title='bbox 3437 926 3564 963; x_wconf 80' lang='grc' dir='ltr'>συν-</span> 
     </span>
    </p>
   </div>
   <div class='ocr_carea' id='block_1_68' title="bbox 1975 993 3566 1067">
    <p class='ocr_par' dir='ltr' id='par_1_68' title="bbox 1975 993 3566 1067">
     <span class='ocr_line' id='line_1_69' title="bbox 1975 993 3566 1067; baseline 0.001 -17"><span class='ocrx_word' id='word_1_507' title='bbox 1975 995 2140 1066; x_wconf 76' lang='grc' dir='ltr'>έκοψε</span> <span class='ocrx_word' id='word_1_508' title='bbox 2175 997 2269 1052; x_wconf 90' lang='grc' dir='ltr'>τοῦ</span> <span class='ocrx_word' id='word_1_509' title='bbox 2322 997 2571 1052; x_wconf 85' lang='grc' dir='ltr'>διαϐόλου</span> <span class='ocrx_word' id='word_1_510' title='bbox 2617 996 2716 1067; x_wconf 86' lang='grc' dir='ltr'>τὴν</span> <span class='ocrx_word' id='word_1_511' title='bbox 2770 994 2914 1064; x_wconf 65' lang='grc' dir='ltr'>ὄψιν,</span> <span class='ocrx_word' id='word_1_512' title='bbox 2970 993 3265 1064; x_wconf 86' lang='grc' dir='ltr'>παιόμενος</span> <span class='ocrx_word' id='word_1_513' title='bbox 3300 996 3359 1047; x_wconf 81' lang='grc' dir='ltr'>οὐ</span> <span class='ocrx_word' id='word_1_514' title='bbox 3389 996 3566 1051; x_wconf 80' lang='grc' dir='ltr'>παίων</span> 
     </span>
    </p>
   </div>
   <div class='ocr_carea' id='block_1_69' title="bbox 1975 1081 3565 1158">
    <p class='ocr_par' dir='ltr' id='par_1_69' title="bbox 1975 1081 3565 1158">
     <span class='ocr_line' id='line_1_70' title="bbox 1975 1081 3565 1158; baseline 0.001 -23"><span class='ocrx_word' id='word_1_515' title='bbox 1975 1083 2243 1138; x_wconf 81' lang='grc' dir='ltr'>ἐκένωσεν</span> <span class='ocrx_word' id='word_1_516' title='bbox 2268 1083 2433 1138; x_wconf 80' lang='grc' dir='ltr'>αὑτοῦ</span> <span class='ocrx_word' id='word_1_517' title='bbox 2464 1085 2567 1158; x_wconf 77' lang='grc' dir='ltr'>τήν</span> <span class='ocrx_word' id='word_1_518' title='bbox 2598 1082 2898 1154; x_wconf 86' lang='grc' dir='ltr'>βελοθήκην</span> <span class='ocrx_word' id='word_1_519' title='bbox 2929 1081 3168 1144; x_wconf 77' lang='grc' dir='ltr'>ἅπασαν,</span> <span class='ocrx_word' id='word_1_520' title='bbox 3210 1082 3305 1134; x_wconf 73' lang='grc' dir='ltr'>καὶ</span> <span class='ocrx_word' id='word_1_521' title='bbox 3334 1100 3565 1137; x_wconf 79' lang='grc' dir='ltr'>κατατο-</span> 
     </span>
    </p>
   </div>
   <div class='ocr_carea' id='block_1_70' title="bbox 1976 1170 3566 1245">
    <p class='ocr_par' dir='ltr' id='par_1_70' title="bbox 1976 1170 3566 1245">
     <span class='ocr_line' id='line_1_71' title="bbox 1976 1170 3566 1245; baseline 0.002 -21"><span class='ocrx_word' id='word_1_522' title='bbox 1976 1170 2261 1242; x_wconf 84' lang='grc' dir='ltr'>ξευόμενος</span> <span class='ocrx_word' id='word_1_523' title='bbox 2293 1172 2421 1245; x_wconf 86' lang='grc' dir='ltr'>παρ’</span> <span class='ocrx_word' id='word_1_524' title='bbox 2449 1172 2616 1227; x_wconf 86' lang='grc' dir='ltr'>αὑτοῦ</span> <span class='ocrx_word' id='word_1_525' title='bbox 2672 1170 2936 1242; x_wconf 86' lang='grc' dir='ltr'>συνεχῶς,</span> <span class='ocrx_word' id='word_1_526' title='bbox 2978 1170 3124 1225; x_wconf 83' lang='grc' dir='ltr'>ἀπαν</span> <span class='ocrx_word' id='word_1_527' title='bbox 3154 1170 3412 1241; x_wconf 83' lang='grc' dir='ltr'>ὑπέμεινε</span> <span class='ocrx_word' id='word_1_528' title='bbox 3451 1188 3566 1227; x_wconf 79' lang='grc' dir='ltr'>πει-</span> 
     </span>
    </p>
   </div>
   <div class='ocr_carea' id='block_1_71' title="bbox 1975 1255 3562 1331">
    <p class='ocr_par' dir='ltr' id='par_1_71' title="bbox 1975 1255 3562 1331">
     <span class='ocr_line' id='line_1_72' title="bbox 1975 1255 3562 1331; baseline 0.003 -20"><span class='ocrx_word' id='word_1_529' title='bbox 1975 1257 2199 1331; x_wconf 88' lang='grc' dir='ltr'>ρασμῶν</span> <span class='ocrx_word' id='word_1_530' title='bbox 2227 1255 2386 1323; x_wconf 75' lang='grc' dir='ltr'>εἶδος.</span> <span class='ocrx_word' id='word_1_531' title='bbox 2425 1261 2520 1314; x_wconf 74' lang='grc' dir='ltr'>καὶ</span> <span class='ocrx_word' id='word_1_532' title='bbox 2551 1259 2783 1313; x_wconf 72' lang='grc' dir='ltr'>ἕκαστον</span> <span class='ocrx_word' id='word_1_533' title='bbox 2815 1258 2936 1330; x_wconf 84' lang='grc' dir='ltr'>μεθ’</span> <span class='ocrx_word' id='word_1_534' title='bbox 2968 1257 3274 1329; x_wconf 82' lang='grc' dir='ltr'>ὑπερϐολῆς</span> <span class='ocrx_word' id='word_1_535' title='bbox 3321 1259 3562 1331; x_wconf 86' lang='grc' dir='ltr'>ἀπάσης.</span> 
     </span>
    </p>
   </div>
   <div class='ocr_carea' id='block_1_72' title="bbox 1973 1343 3567 1420">
    <p class='ocr_par' dir='ltr' id='par_1_72' title="bbox 1973 1343 3567 1420">
     <span class='ocr_line' id='line_1_73' title="bbox 1973 1343 3567 1420; baseline 0.001 -21"><span class='ocrx_word' id='word_1_536' title='bbox 1973 1347 2053 1400; x_wconf 85' lang='grc' dir='ltr'>Τά</span> <span class='ocrx_word' id='word_1_537' title='bbox 2105 1347 2215 1420; x_wconf 76' lang='grc' dir='ltr'>γὰρ</span> <span class='ocrx_word' id='word_1_538' title='bbox 2264 1346 2523 1402; x_wconf 87' lang='grc' dir='ltr'>δοκοῦντα</span> <span class='ocrx_word' id='word_1_539' title='bbox 2561 1343 2700 1402; x_wconf 83' lang='grc' dir='ltr'>εἶναι</span> <span class='ocrx_word' id='word_1_540' title='bbox 2753 1344 2894 1399; x_wconf 85' lang='grc' dir='ltr'>κατά</span> <span class='ocrx_word' id='word_1_541' title='bbox 2927 1344 3018 1398; x_wconf 86' lang='grc' dir='ltr'>τὸν</span> <span class='ocrx_word' id='word_1_542' title='bbox 3068 1344 3438 1417; x_wconf 78' lang='grc' dir='ltr'>βίονλυπηρὰ</span> <span class='ocrx_word' id='word_1_543' title='bbox 3471 1348 3567 1401; x_wconf 70' lang='grc' dir='ltr'>καὶ</span> 
     </span>
    </p>
   </div>
   <div class='ocr_carea' id='block_1_73' title="bbox 1971 1433 3563 1508">
    <p class='ocr_par' dir='ltr' id='par_1_73' title="bbox 1971 1433 3563 1508">
     <span class='ocr_line' id='line_1_74' title="bbox 1971 1433 3563 1508; baseline 0.001 -21"><span class='ocrx_word' id='word_1_544' title='bbox 1971 1435 2120 1500; x_wconf 70' lang='grc' dir='ltr'>ὄντα,</span> <span class='ocrx_word' id='word_1_545' title='bbox 2151 1434 2322 1493; x_wconf 89' lang='grc' dir='ltr'>ταῦτα</span> <span class='ocrx_word' id='word_1_546' title='bbox 2358 1437 2593 1508; x_wconf 83' lang='grc' dir='ltr'>μάλιστα</span> <span class='ocrx_word' id='word_1_547' title='bbox 2622 1436 2843 1489; x_wconf 89' lang='grc' dir='ltr'>πάντων</span> <span class='ocrx_word' id='word_1_548' title='bbox 2881 1433 3018 1499; x_wconf 77' lang='grc' dir='ltr'>ἐστὶ,</span> <span class='ocrx_word' id='word_1_549' title='bbox 3058 1434 3242 1500; x_wconf 86' lang='grc' dir='ltr'>πενία,</span> <span class='ocrx_word' id='word_1_550' title='bbox 3268 1435 3362 1487; x_wconf 72' lang='grc' dir='ltr'>καὶ</span> <span class='ocrx_word' id='word_1_551' title='bbox 3389 1434 3563 1499; x_wconf 86' lang='grc' dir='ltr'>νόσος,</span> 
     </span>
    </p>
   </div>
   <div class='ocr_carea' id='block_1_74' title="bbox 1972 1518 3566 1597">
    <p class='ocr_par' dir='ltr' id='par_1_74' title="bbox 1972 1518 3566 1597">
     <span class='ocr_line' id='line_1_75' title="bbox 1972 1518 3566 1597; baseline -0.001 -21"><span class='ocrx_word' id='word_1_552' title='bbox 1972 1524 2067 1576; x_wconf 74' lang='grc' dir='ltr'>καὶ</span> <span class='ocrx_word' id='word_1_553' title='bbox 2123 1524 2328 1581; x_wconf 86' lang='grc' dir='ltr'>παίδων</span> <span class='ocrx_word' id='word_1_554' title='bbox 2366 1523 2630 1595; x_wconf 76' lang='grc' dir='ltr'>ἀποϐολὴ,</span> <span class='ocrx_word' id='word_1_555' title='bbox 2673 1524 2766 1577; x_wconf 76' lang='grc' dir='ltr'>καὶ</span> <span class='ocrx_word' id='word_1_556' title='bbox 2810 1520 3019 1593; x_wconf 86' lang='grc' dir='ltr'>ἐχθρῶν</span> <span class='ocrx_word' id='word_1_557' title='bbox 3053 1518 3441 1597; x_wconf 76' lang='grc' dir='ltr'>ἐπανάστασις,</span> <span class='ocrx_word' id='word_1_558' title='bbox 3470 1522 3566 1576; x_wconf 74' lang='grc' dir='ltr'>καὶ</span> 
     </span>
    </p>
   </div>
   <div class='ocr_carea' id='block_1_75' title="bbox 1972 1608 3567 1683">
    <p class='ocr_par' dir='ltr' id='par_1_75' title="bbox 1972 1608 3567 1683">
     <span class='ocr_line' id='line_1_76' title="bbox 1972 1608 3567 1683; baseline 0.002 -21"><span class='ocrx_word' id='word_1_559' title='bbox 1972 1609 2140 1680; x_wconf 87' lang='grc' dir='ltr'>φίλων</span> <span class='ocrx_word' id='word_1_560' title='bbox 2186 1610 2549 1683; x_wconf 87' lang='grc' dir='ltr'>ἀγνωμοσύνη</span> <span class='ocrx_word' id='word_1_561' title='bbox 2579 1610 2629 1675; x_wconf 72' lang='grc' dir='ltr'>τι,</span> <span class='ocrx_word' id='word_1_562' title='bbox 2662 1610 2760 1666; x_wconf 72' lang='grc' dir='ltr'>καὶ</span> <span class='ocrx_word' id='word_1_563' title='bbox 2803 1609 2981 1681; x_wconf 67' lang='grc' dir='ltr'>λιμός,</span> <span class='ocrx_word' id='word_1_564' title='bbox 3015 1610 3110 1663; x_wconf 72' lang='grc' dir='ltr'>καὶ</span> <span class='ocrx_word' id='word_1_565' title='bbox 3146 1608 3349 1683; x_wconf 80' lang='grc' dir='ltr'>σαρκὸς</span> <span class='ocrx_word' id='word_1_566' title='bbox 3383 1609 3567 1665; x_wconf 79' lang='grc' dir='ltr'>ὀδύναι</span> 
     </span>
    </p>
   </div>
   <div class='ocr_carea' id='block_1_76' title="bbox 1969 1696 3567 1770">
    <p class='ocr_par' dir='ltr' id='par_1_76' title="bbox 1969 1696 3567 1770">
     <span class='ocr_line' id='line_1_77' title="bbox 1969 1696 3567 1770; baseline -0.001 -18"><span class='ocrx_word' id='word_1_567' title='bbox 1969 1699 2258 1765; x_wconf 83' lang='grc' dir='ltr'>διηνεκεῖς,</span> <span class='ocrx_word' id='word_1_568' title='bbox 2295 1700 2390 1753; x_wconf 73' lang='grc' dir='ltr'>καὶ</span> <span class='ocrx_word' id='word_1_569' title='bbox 2429 1699 2691 1770; x_wconf 88' lang='grc' dir='ltr'>λοιδορίαι</span> <span class='ocrx_word' id='word_1_570' title='bbox 2721 1699 2817 1757; x_wconf 77' lang='grc' dir='ltr'>καὶ</span> <span class='ocrx_word' id='word_1_571' title='bbox 2844 1698 3224 1766; x_wconf 79' lang='grc' dir='ltr'>συκοφαντίαι,</span> <span class='ocrx_word' id='word_1_572' title='bbox 3254 1699 3350 1751; x_wconf 78' lang='grc' dir='ltr'>καὶ</span> <span class='ocrx_word' id='word_1_573' title='bbox 3379 1699 3442 1751; x_wconf 84' lang='grc' dir='ltr'>τὸ</span> <span class='ocrx_word' id='word_1_574' title='bbox 3466 1696 3567 1769; x_wconf 82' lang='grc' dir='ltr'>τὴν</span> 
     </span>
    </p>
   </div>
   <div class='ocr_carea' id='block_1_77' title="bbox 1970 1785 3568 1858">
    <p class='ocr_par' dir='ltr' id='par_1_77' title="bbox 1970 1785 3568 1858">
     <span class='ocr_line' id='line_1_78' title="bbox 1970 1785 3568 1858; baseline 0 -19"><span class='ocrx_word' id='word_1_575' title='bbox 1970 1786 2211 1857; x_wconf 67' lang='grc' dir='ltr'>πονηρὰν</span> <span class='ocrx_word' id='word_1_576' title='bbox 2244 1788 2548 1858; x_wconf 86' lang='grc' dir='ltr'>κτήσασθαι</span> <span class='ocrx_word' id='word_1_577' title='bbox 2575 1785 2847 1858; x_wconf 78' lang='grc' dir='ltr'>ὑπόληψιν</span> <span class='ocrx_word' id='word_1_578' title='bbox 2867 1803 2882 1818; x_wconf 79' lang='grc' dir='ltr'>ο</span> <span class='ocrx_word' id='word_1_579' title='bbox 2910 1787 3004 1839; x_wconf 77' lang='grc' dir='ltr'>καὶ</span> <span class='ocrx_word' id='word_1_580' title='bbox 3032 1786 3207 1839; x_wconf 88' lang='grc' dir='ltr'>ταῦτα</span> <span class='ocrx_word' id='word_1_581' title='bbox 3247 1786 3463 1839; x_wconf 72' lang='grc' dir='ltr'>ἅπαντα</span> <span class='ocrx_word' id='word_1_582' title='bbox 3484 1786 3568 1851; x_wconf 90' lang='grc' dir='ltr'>είς</span> 
     </span>
    </p>
   </div>
   <div class='ocr_carea' id='block_1_78' title="bbox 1969 1872 3563 1946">
    <p class='ocr_par' dir='ltr' id='par_1_78' title="bbox 1969 1872 3563 1946">
     <span class='ocr_line' id='line_1_79' title="bbox 1969 1872 3563 1946; baseline 0 -20"><span class='ocrx_word' id='word_1_583' title='bbox 1969 1874 2028 1926; x_wconf 87' lang='grc' dir='ltr'>ἒν</span> <span class='ocrx_word' id='word_1_584' title='bbox 2073 1874 2303 1946; x_wconf 81' lang='grc' dir='ltr'>ἐξεχύθη</span> <span class='ocrx_word' id='word_1_585' title='bbox 2331 1874 2512 1946; x_wconf 86' lang='grc' dir='ltr'>σῶμα,</span> <span class='ocrx_word' id='word_1_586' title='bbox 2546 1874 2641 1929; x_wconf 78' lang='grc' dir='ltr'>καὶ</span> <span class='ocrx_word' id='word_1_587' title='bbox 2674 1876 2805 1945; x_wconf 79' lang='grc' dir='ltr'>μιᾶς</span> <span class='ocrx_word' id='word_1_588' title='bbox 2838 1872 3255 1943; x_wconf 85' lang='grc' dir='ltr'>κατεσκευάσθη</span> <span class='ocrx_word' id='word_1_589' title='bbox 3293 1884 3317 1913; x_wconf 79' lang='grc' dir='ltr'><strong><em>ο</em></strong></span> <span class='ocrx_word' id='word_1_590' title='bbox 3348 1872 3563 1943; x_wconf 72' lang='grc' dir='ltr'>ψυχῆςο</span> 
     </span>
    </p>
   </div>
   <div class='ocr_carea' id='block_1_79' title="bbox 1966 1959 3566 2034">
    <p class='ocr_par' dir='ltr' id='par_1_79' title="bbox 1966 1959 3566 2034">
     <span class='ocr_line' id='line_1_80' title="bbox 1966 1959 3566 2034; baseline 0.001 -22"><span class='ocrx_word' id='word_1_591' title='bbox 1966 1961 2064 2014; x_wconf 79' lang='grc' dir='ltr'>καὶ</span> <span class='ocrx_word' id='word_1_592' title='bbox 2093 1961 2155 2013; x_wconf 83' lang='grc' dir='ltr'>τὸ</span> <span class='ocrx_word' id='word_1_593' title='bbox 2183 1961 2245 2032; x_wconf 85' lang='grc' dir='ltr'>δὴ</span> <span class='ocrx_word' id='word_1_594' title='bbox 2278 1960 2677 2034; x_wconf 85' lang='grc' dir='ltr'>χαλεπώτερον,</span> <span class='ocrx_word' id='word_1_595' title='bbox 2700 1961 2783 2015; x_wconf 81' lang='grc' dir='ltr'>ὅτι</span> <span class='ocrx_word' id='word_1_596' title='bbox 2811 1961 2906 2015; x_wconf 80' lang='grc' dir='ltr'>καὶ</span> <span class='ocrx_word' id='word_1_597' title='bbox 2937 1960 3258 2032; x_wconf 86' lang='grc' dir='ltr'>ἀμελετήτῳ</span> <span class='ocrx_word' id='word_1_598' title='bbox 3288 1960 3406 2014; x_wconf 82' lang='grc' dir='ltr'>δντι</span> <span class='ocrx_word' id='word_1_599' title='bbox 3439 1959 3566 2014; x_wconf 73' lang='grc' dir='ltr'>ἐπέ-</span> 
     </span>
    </p>
   </div>
   <div class='ocr_carea' id='block_1_80' title="bbox 1971 2046 3565 2118">
    <p class='ocr_par' dir='ltr' id='par_1_80' title="bbox 1971 2046 3565 2118">
     <span class='ocr_line' id='line_1_81' title="bbox 1971 2046 3565 2118; baseline 0.003 -20"><span class='ocrx_word' id='word_1_600' title='bbox 1971 2047 2112 2103; x_wconf 85' lang='grc' dir='ltr'>θετο.</span> <span class='ocrx_word' id='word_1_601' title='bbox 2139 2050 2204 2101; x_wconf 81' lang='grc' dir='ltr'><strong>Ὀ</strong></span> <span class='ocrx_word' id='word_1_602' title='bbox 2218 2047 2279 2100; x_wconf 84' lang='grc' dir='ltr'>δέ</span> <span class='ocrx_word' id='word_1_603' title='bbox 2307 2048 2449 2118; x_wconf 86' lang='grc' dir='ltr'>λέγω</span> <span class='ocrx_word' id='word_1_604' title='bbox 2486 2049 2726 2103; x_wconf 87' lang='grc' dir='ltr'>τοιοῦτόν</span> <span class='ocrx_word' id='word_1_605' title='bbox 2760 2049 2909 2103; x_wconf 89' lang='grc' dir='ltr'>ἐστιν</span> <span class='ocrx_word' id='word_1_606' title='bbox 2932 2065 2947 2084; x_wconf 78' lang='grc' dir='ltr'><strong><em>ο</em></strong></span> <span class='ocrx_word' id='word_1_607' title='bbox 2995 2046 3054 2101; x_wconf 86' lang='lat'>&#39;0</span> <span class='ocrx_word' id='word_1_608' title='bbox 3093 2049 3158 2105; x_wconf 84' lang='grc' dir='ltr'>ἐκ</span> <span class='ocrx_word' id='word_1_609' title='bbox 3192 2049 3441 2118; x_wconf 85' lang='grc' dir='ltr'>πενήτων</span> <span class='ocrx_word' id='word_1_610' title='bbox 3475 2065 3565 2102; x_wconf 81' lang='grc' dir='ltr'>τε-</span> 
     </span>
    </p>
   </div>
   <div class='ocr_carea' id='block_1_81' title="bbox 1968 2136 3603 2210">
    <p class='ocr_par' dir='ltr' id='par_1_81' title="bbox 1968 2136 3603 2210">
     <span class='ocr_line' id='line_1_82' title="bbox 1968 2136 3603 2210; baseline 0.007 -22"><span class='ocrx_word' id='word_1_611' title='bbox 1968 2136 2138 2206; x_wconf 76' lang='grc' dir='ltr'>χθεὶς,</span> <span class='ocrx_word' id='word_1_612' title='bbox 2158 2136 2251 2190; x_wconf 78' lang='grc' dir='ltr'>καὶ</span> <span class='ocrx_word' id='word_1_613' title='bbox 2272 2139 2329 2190; x_wconf 87' lang='grc' dir='ltr'>ἐν</span> <span class='ocrx_word' id='word_1_614' title='bbox 2339 2138 2490 2209; x_wconf 78' lang='grc' dir='ltr'>οἰκίᾳ</span> <span class='ocrx_word' id='word_1_615' title='bbox 2504 2139 2728 2210; x_wconf 78' lang='grc' dir='ltr'>τοιαύτῃ</span> <span class='ocrx_word' id='word_1_616' title='bbox 2747 2138 2999 2209; x_wconf 72' lang='grc' dir='ltr'>τραφεὶς,</span> <span class='ocrx_word' id='word_1_617' title='bbox 3025 2136 3121 2192; x_wconf 79' lang='grc' dir='ltr'>ἀτε</span> <span class='ocrx_word' id='word_1_618' title='bbox 3142 2137 3564 2207; x_wconf 82' lang='grc' dir='ltr'>γυμνασάμενος</span> <span class='ocrx_word' id='word_1_619' title='bbox 3596 2158 3603 2165; x_wconf 80' lang='lat'><strong>‘</strong></span> 
     </span>
    </p>
   </div>
   <div class='ocr_carea' id='block_1_82' title="bbox 1969 2225 3565 2300">
    <p class='ocr_par' dir='ltr' id='par_1_82' title="bbox 1969 2225 3565 2300">
     <span class='ocr_line' id='line_1_83' title="bbox 1969 2225 3565 2300; baseline 0.001 -23"><span class='ocrx_word' id='word_1_620' title='bbox 1969 2226 2063 2279; x_wconf 62' lang='grc' dir='ltr'>καλ⁸</span> <span class='ocrx_word' id='word_1_621' title='bbox 2098 2225 2421 2300; x_wconf 80' lang='grc' dir='ltr'>μελετήσας,</span> <span class='ocrx_word' id='word_1_622' title='bbox 2456 2226 2654 2298; x_wconf 76' lang='grc' dir='ltr'>ῥᾳδίως</span> <span class='ocrx_word' id='word_1_623' title='bbox 2685 2225 2754 2280; x_wconf 82' lang='grc' dir='ltr'>ἂν</span> <span class='ocrx_word' id='word_1_624' title='bbox 2787 2226 3008 2295; x_wconf 83' lang='grc' dir='ltr'>ἐνέγκαι</span> <span class='ocrx_word' id='word_1_625' title='bbox 3039 2226 3136 2295; x_wconf 87' lang='grc' dir='ltr'>τῆς</span> <span class='ocrx_word' id='word_1_626' title='bbox 3163 2225 3356 2288; x_wconf 90' lang='grc' dir='ltr'>πενίας</span> <span class='ocrx_word' id='word_1_627' title='bbox 3378 2225 3440 2277; x_wconf 85' lang='grc' dir='ltr'>τὸ</span> <span class='ocrx_word' id='word_1_628' title='bbox 3471 2225 3565 2294; x_wconf 79' lang='grc' dir='ltr'>βά·</span> 
     </span>
    </p>
   </div>
   <div class='ocr_carea' id='block_1_83' title="bbox 1970 2312 3564 2386">
    <p class='ocr_par' dir='ltr' id='par_1_83' title="bbox 1970 2312 3564 2386">
     <span class='ocr_line' id='line_1_84' title="bbox 1970 2312 3564 2386; baseline 0 -21"><span class='ocrx_word' id='word_1_629' title='bbox 1970 2329 2063 2384; x_wconf 87' lang='grc' dir='ltr'>ρος</span> <span class='ocrx_word' id='word_1_630' title='bbox 2089 2329 2104 2345; x_wconf 75' lang='grc' dir='ltr'>ο</span> <span class='ocrx_word' id='word_1_631' title='bbox 2134 2316 2164 2368; x_wconf 92' lang='lat'>6</span> <span class='ocrx_word' id='word_1_632' title='bbox 2187 2314 2243 2369; x_wconf 76' lang='grc' dir='ltr'>δὲ</span> <span class='ocrx_word' id='word_1_633' title='bbox 2267 2314 2546 2377; x_wconf 87' lang='grc' dir='ltr'>τοσούτοις</span> <span class='ocrx_word' id='word_1_634' title='bbox 2575 2313 3009 2386; x_wconf 79' lang='grc' dir='ltr'>περιρῤεόμενος</span> <span class='ocrx_word' id='word_1_635' title='bbox 3035 2315 3285 2385; x_wconf 83' lang='grc' dir='ltr'>χρήμασι</span> <span class='ocrx_word' id='word_1_636' title='bbox 3317 2312 3411 2365; x_wconf 74' lang='grc' dir='ltr'>καὶ</span> <span class='ocrx_word' id='word_1_637' title='bbox 3439 2329 3564 2366; x_wconf 83' lang='grc' dir='ltr'>τοσ-</span> 
     </span>
    </p>
   </div>
   <div class='ocr_carea' id='block_1_84' title="bbox 1966 2398 3564 2477">
    <p class='ocr_par' dir='ltr' id='par_1_84' title="bbox 1966 2398 3564 2477">
     <span class='ocr_line' id='line_1_85' title="bbox 1966 2398 3564 2477; baseline 0.001 -24"><span class='ocrx_word' id='word_1_638' title='bbox 1966 2400 2111 2470; x_wconf 84' lang='grc' dir='ltr'>ούτῳ</span> <span class='ocrx_word' id='word_1_639' title='bbox 2156 2400 2374 2477; x_wconf 84' lang='grc' dir='ltr'>πλούτῳ</span> <span class='ocrx_word' id='word_1_640' title='bbox 2430 2402 2639 2473; x_wconf 88' lang='grc' dir='ltr'>κομῶν,</span> <span class='ocrx_word' id='word_1_641' title='bbox 2679 2398 2801 2455; x_wconf 81' lang='grc' dir='ltr'>εἶτα</span> <span class='ocrx_word' id='word_1_642' title='bbox 2830 2401 3029 2473; x_wconf 84' lang='grc' dir='ltr'>ἀθρόον</span> <span class='ocrx_word' id='word_1_643' title='bbox 3088 2403 3169 2464; x_wconf 88' lang='grc' dir='ltr'>είς</span> <span class='ocrx_word' id='word_1_644' title='bbox 3216 2400 3280 2453; x_wconf 85' lang='grc' dir='ltr'>τὸ</span> <span class='ocrx_word' id='word_1_645' title='bbox 3322 2400 3564 2454; x_wconf 89' lang='grc' dir='ltr'>ἐναντίον</span> 
     </span>
    </p>
   </div>
   <div class='ocr_carea' id='block_1_85' title="bbox 1969 2486 3559 2559">
    <p class='ocr_par' dir='ltr' id='par_1_85' title="bbox 1969 2486 3559 2559">
     <span class='ocr_line' id='line_1_86' title="bbox 1969 2486 3559 2559; baseline -0.001 -18"><span class='ocrx_word' id='word_1_646' title='bbox 1969 2487 2312 2559; x_wconf 85' lang='grc' dir='ltr'>μεταπεσὼν,</span> <span class='ocrx_word' id='word_1_647' title='bbox 2335 2490 2435 2547; x_wconf 79' lang='grc' dir='ltr'>οὐκ</span> <span class='ocrx_word' id='word_1_648' title='bbox 2452 2488 2518 2542; x_wconf 86' lang='grc' dir='ltr'>ἀν</span> <span class='ocrx_word' id='word_1_649' title='bbox 2539 2490 2778 2552; x_wconf 84' lang='grc' dir='ltr'>εὐκόλως</span> <span class='ocrx_word' id='word_1_650' title='bbox 2806 2488 3101 2559; x_wconf 81' lang='grc' dir='ltr'>ὑπομείναι</span> <span class='ocrx_word' id='word_1_651' title='bbox 3117 2486 3215 2558; x_wconf 84' lang='grc' dir='ltr'>τὴν</span> <span class='ocrx_word' id='word_1_652' title='bbox 3236 2486 3559 2558; x_wconf 75' lang='grc' dir='ltr'>μεταϐολήνο</span> 
     </span>
    </p>
   </div>
   <div class='ocr_carea' id='block_1_86' title="bbox 1967 2574 3564 2649">
    <p class='ocr_par' dir='ltr' id='par_1_86' title="bbox 1967 2574 3564 2649">
     <span class='ocr_line' id='line_1_87' title="bbox 1967 2574 3564 2649; baseline -0.001 -20"><span class='ocrx_word' id='word_1_653' title='bbox 1967 2577 2063 2630; x_wconf 69' lang='grc' dir='ltr'>καὶ</span> <span class='ocrx_word' id='word_1_654' title='bbox 2081 2576 2191 2647; x_wconf 82' lang='grc' dir='ltr'>γὰρ</span> <span class='ocrx_word' id='word_1_655' title='bbox 2216 2577 2553 2649; x_wconf 83' lang='grc' dir='ltr'>ἀγυμνάστῳ</span> <span class='ocrx_word' id='word_1_656' title='bbox 2570 2578 2684 2631; x_wconf 87' lang='grc' dir='ltr'>δντι</span> <span class='ocrx_word' id='word_1_657' title='bbox 2701 2576 3067 2648; x_wconf 85' lang='grc' dir='ltr'>χαλεπωτέρα</span> <span class='ocrx_word' id='word_1_658' title='bbox 3098 2575 3348 2645; x_wconf 82' lang='grc' dir='ltr'>φαίνεται</span> <span class='ocrx_word' id='word_1_659' title='bbox 3369 2574 3564 2646; x_wconf 85' lang='grc' dir='ltr'>ἀθρόον</span> 
     </span>
    </p>
   </div>
   <div class='ocr_carea' id='block_1_87' title="bbox 1967 2661 3564 2734">
    <p class='ocr_par' dir='ltr' id='par_1_87' title="bbox 1967 2661 3564 2734">
     <span class='ocr_line' id='line_1_88' title="bbox 1967 2661 3564 2734; baseline 0 -19"><span class='ocrx_word' id='word_1_660' title='bbox 1967 2664 2376 2733; x_wconf 80' lang='grc' dir='ltr'>προσπεσοῦσα.</span> <span class='ocrx_word' id='word_1_661' title='bbox 2428 2662 2598 2719; x_wconf 86' lang='grc' dir='ltr'>Πάλιν</span> <span class='ocrx_word' id='word_1_662' title='bbox 2616 2665 2647 2717; x_wconf 93' lang='lat'>6</span> <span class='ocrx_word' id='word_1_663' title='bbox 2676 2664 2893 2734; x_wconf 82' lang='grc' dir='ltr'>ἄσημος</span> <span class='ocrx_word' id='word_1_664' title='bbox 2932 2662 3027 2716; x_wconf 78' lang='grc' dir='ltr'>καὶ</span> <span class='ocrx_word' id='word_1_665' title='bbox 3056 2661 3115 2728; x_wconf 86' lang='grc' dir='ltr'>ἐξ</span> <span class='ocrx_word' id='word_1_666' title='bbox 3146 2662 3380 2734; x_wconf 87' lang='grc' dir='ltr'>ἀσήμων</span> <span class='ocrx_word' id='word_1_667' title='bbox 3407 2663 3564 2730; x_wconf 87' lang='grc' dir='ltr'>γενό-</span> 
     </span>
    </p>
   </div>
   <div class='ocr_carea' id='block_1_88' title="bbox 1969 2746 3563 2821">
    <p class='ocr_par' dir='ltr' id='par_1_88' title="bbox 1969 2746 3563 2821">
     <span class='ocr_line' id='line_1_89' title="bbox 1969 2746 3563 2821; baseline -0.001 -18"><span class='ocrx_word' id='word_1_668' title='bbox 1969 2767 2149 2821; x_wconf 89' lang='grc' dir='ltr'>μενος,</span> <span class='ocrx_word' id='word_1_669' title='bbox 2190 2750 2285 2804; x_wconf 77' lang='grc' dir='ltr'>καὶ</span> <span class='ocrx_word' id='word_1_670' title='bbox 2322 2753 2380 2804; x_wconf 89' lang='grc' dir='ltr'>ἐν</span> <span class='ocrx_word' id='word_1_671' title='bbox 2408 2751 2485 2821; x_wconf 82' lang='grc' dir='ltr'>τῷ</span> <span class='ocrx_word' id='word_1_672' title='bbox 2511 2750 2776 2821; x_wconf 86' lang='grc' dir='ltr'>διηνεκῶς</span> <span class='ocrx_word' id='word_1_673' title='bbox 2811 2749 3274 2819; x_wconf 88' lang='grc' dir='ltr'>καταφρονεῖσθαι</span> <span class='ocrx_word' id='word_1_674' title='bbox 3298 2746 3426 2813; x_wconf 75' lang='grc' dir='ltr'>ζῶν,</span> <span class='ocrx_word' id='word_1_675' title='bbox 3462 2748 3563 2802; x_wconf 73' lang='grc' dir='ltr'>οὐκ</span> 
     </span>
    </p>
   </div>
   <div class='ocr_carea' id='block_1_89' title="bbox 1966 2838 3558 2913">
    <p class='ocr_par' dir='ltr' id='par_1_89' title="bbox 1966 2838 3558 2913">
     <span class='ocr_line' id='line_1_90' title="bbox 1966 2838 3558 2913; baseline -0.002 -20"><span class='ocrx_word' id='word_1_676' title='bbox 1966 2838 2033 2893; x_wconf 85' lang='grc' dir='ltr'>ἂν</span> <span class='ocrx_word' id='word_1_677' title='bbox 2064 2839 2270 2913; x_wconf 87' lang='grc' dir='ltr'>σφόδρα</span> <span class='ocrx_word' id='word_1_678' title='bbox 2293 2838 2702 2910; x_wconf 84' lang='grc' dir='ltr'>λοιδορούμενος</span> <span class='ocrx_word' id='word_1_679' title='bbox 2718 2840 2812 2894; x_wconf 76' lang='grc' dir='ltr'>καὶ</span> <span class='ocrx_word' id='word_1_680' title='bbox 2837 2838 3197 2910; x_wconf 77' lang='grc' dir='ltr'>ὑϐριζόμενος</span> <span class='ocrx_word' id='word_1_681' title='bbox 3225 2838 3523 2910; x_wconf 83' lang='grc' dir='ltr'>ταραχθείη</span> <span class='ocrx_word' id='word_1_682' title='bbox 3544 2854 3558 2869; x_wconf 80' lang='grc' dir='ltr'>ο</span> 
     </span>
    </p>
   </div>
   <div class='ocr_carea' id='block_1_90' title="bbox 1963 2925 3561 3000">
    <p class='ocr_par' dir='ltr' id='par_1_90' title="bbox 1963 2925 3561 3000">
     <span class='ocr_line' id='line_1_91' title="bbox 1963 2925 3561 3000; baseline -0.001 -21"><span class='ocrx_word' id='word_1_683' title='bbox 1963 2927 1991 2979; x_wconf 91' lang='lat'>6</span> <span class='ocrx_word' id='word_1_684' title='bbox 2018 2925 2074 2980; x_wconf 85' lang='grc' dir='ltr'>δὲ</span> <span class='ocrx_word' id='word_1_685' title='bbox 2107 2927 2377 2998; x_wconf 85' lang='grc' dir='ltr'>τοσαύτης</span> <span class='ocrx_word' id='word_1_686' title='bbox 2434 2927 2750 2990; x_wconf 85' lang='grc' dir='ltr'>ἀπολαύσας</span> <span class='ocrx_word' id='word_1_687' title='bbox 2803 2926 2987 2996; x_wconf 80' lang='grc' dir='ltr'>δόξης,</span> <span class='ocrx_word' id='word_1_688' title='bbox 3032 2927 3126 2979; x_wconf 79' lang='grc' dir='ltr'>καὶ</span> <span class='ocrx_word' id='word_1_689' title='bbox 3152 2927 3304 3000; x_wconf 89' lang='grc' dir='ltr'>παρά</span> <span class='ocrx_word' id='word_1_690' title='bbox 3344 2925 3561 2979; x_wconf 82' lang='grc' dir='ltr'>πάντων</span> 
     </span>
    </p>
   </div>
   <div class='ocr_carea' id='block_1_91' title="bbox 1963 3011 3558 3087">
    <p class='ocr_par' dir='ltr' id='par_1_91' title="bbox 1963 3011 3558 3087">
     <span class='ocr_line' id='line_1_92' title="bbox 1963 3011 3558 3087; baseline -0.002 -18"><span class='ocrx_word' id='word_1_691' title='bbox 1963 3014 2448 3087; x_wconf 82' lang='grc' dir='ltr'>δορυφορούμενος,</span> <span class='ocrx_word' id='word_1_692' title='bbox 2507 3014 2604 3068; x_wconf 73' lang='grc' dir='ltr'>καὶ</span> <span class='ocrx_word' id='word_1_693' title='bbox 2632 3016 2689 3066; x_wconf 90' lang='grc' dir='ltr'>ἐν</span> <span class='ocrx_word' id='word_1_694' title='bbox 2723 3015 2834 3077; x_wconf 83' lang='grc' dir='ltr'>τοῖς</span> <span class='ocrx_word' id='word_1_695' title='bbox 2879 3012 3137 3067; x_wconf 80' lang='grc' dir='ltr'>ἀπάντων</span> <span class='ocrx_word' id='word_1_696' title='bbox 3174 3012 3436 3083; x_wconf 87' lang='grc' dir='ltr'>στόμασιν</span> <span class='ocrx_word' id='word_1_697' title='bbox 3458 3011 3558 3077; x_wconf 86' lang='grc' dir='ltr'>ῶν,</span> 
     </span>
    </p>
   </div>
   <div class='ocr_carea' id='block_1_92' title="bbox 1964 3100 3561 3174">
    <p class='ocr_par' dir='ltr' id='par_1_92' title="bbox 1964 3100 3561 3174">
     <span class='ocr_line' id='line_1_93' title="bbox 1964 3100 3561 3174; baseline -0.003 -19"><span class='ocrx_word' id='word_1_698' title='bbox 1964 3104 2058 3156; x_wconf 66' lang='grc' dir='ltr'>καὶ¹</span> <span class='ocrx_word' id='word_1_699' title='bbox 2109 3102 2386 3174; x_wconf 87' lang='grc' dir='ltr'>πανταχοῦ</span> <span class='ocrx_word' id='word_1_700' title='bbox 2432 3102 2572 3173; x_wconf 89' lang='grc' dir='ltr'>μετά</span> <span class='ocrx_word' id='word_1_701' title='bbox 2623 3101 2823 3171; x_wconf 85' lang='grc' dir='ltr'>πολλῆς</span> <span class='ocrx_word' id='word_1_702' title='bbox 2850 3100 3364 3172; x_wconf 86' lang='grc' dir='ltr'>ἀνακηρυττόμενος</span> <span class='ocrx_word' id='word_1_703' title='bbox 3407 3118 3561 3170; x_wconf 85' lang='grc' dir='ltr'>περι-</span> 
     </span>
    </p>
   </div>
   <div class='ocr_carea' id='block_1_93' title="bbox 1966 3184 3561 3261">
    <p class='ocr_par' dir='ltr' id='par_1_93' title="bbox 1966 3184 3561 3261">
     <span class='ocr_line' id='line_1_94' title="bbox 1966 3184 3561 3261; baseline -0.001 -18"><span class='ocrx_word' id='word_1_704' title='bbox 1966 3191 2211 3261; x_wconf 86' lang='grc' dir='ltr'>φανείας,</span> <span class='ocrx_word' id='word_1_705' title='bbox 2241 3193 2321 3256; x_wconf 84' lang='grc' dir='ltr'>είς</span> <span class='ocrx_word' id='word_1_706' title='bbox 2370 3191 2596 3261; x_wconf 88' lang='grc' dir='ltr'>ἀτιμίαν</span> <span class='ocrx_word' id='word_1_707' title='bbox 2627 3190 2725 3243; x_wconf 86' lang='grc' dir='ltr'>καὶ</span> <span class='ocrx_word' id='word_1_708' title='bbox 2770 3188 3048 3242; x_wconf 85' lang='grc' dir='ltr'>εὐτέλειαν</span> <span class='ocrx_word' id='word_1_709' title='bbox 3089 3188 3453 3260; x_wconf 76' lang='grc' dir='ltr'>κατενεχθεὶς,</span> <span class='ocrx_word' id='word_1_710' title='bbox 3498 3184 3561 3242; x_wconf 76' lang='grc' dir='ltr'>τὸ</span> 
     </span>
    </p>
   </div>
   <div class='ocr_carea' id='block_1_94' title="bbox 1965 3277 3558 3351">
    <p class='ocr_par' dir='ltr' id='par_1_94' title="bbox 1965 3277 3558 3351">
     <span class='ocr_line' id='line_1_95' title="bbox 1965 3277 3558 3351; baseline -0.002 -19"><span class='ocrx_word' id='word_1_711' title='bbox 1965 3279 2097 3333; x_wconf 76' lang='grc' dir='ltr'>αὐτὸ</span> <span class='ocrx_word' id='word_1_712' title='bbox 2117 3278 2183 3333; x_wconf 80' lang='grc' dir='ltr'>ἂν</span> <span class='ocrx_word' id='word_1_713' title='bbox 2212 3278 2374 3333; x_wconf 90' lang='grc' dir='ltr'>πάθοι</span> <span class='ocrx_word' id='word_1_714' title='bbox 2400 3279 2478 3349; x_wconf 85' lang='grc' dir='ltr'>τῷ</span> <span class='ocrx_word' id='word_1_715' title='bbox 2504 3279 2612 3332; x_wconf 84' lang='grc' dir='ltr'>ἀπὸ</span> <span class='ocrx_word' id='word_1_716' title='bbox 2640 3277 2900 3333; x_wconf 88' lang='grc' dir='ltr'>πλουσίου</span> <span class='ocrx_word' id='word_1_717' title='bbox 2925 3277 3119 3349; x_wconf 86' lang='grc' dir='ltr'>ἀθρόον</span> <span class='ocrx_word' id='word_1_718' title='bbox 3148 3278 3427 3351; x_wconf 84' lang='grc' dir='ltr'>γενομένῳ</span> <span class='ocrx_word' id='word_1_719' title='bbox 3459 3278 3558 3331; x_wconf 88' lang='grc' dir='ltr'>πέ-</span> 
     </span>
    </p>
   </div>
   <div class='ocr_carea' id='block_1_95' title="bbox 1963 3366 3560 3438">
    <p class='ocr_par' dir='ltr' id='par_1_95' title="bbox 1963 3366 3560 3438">
     <span class='ocr_line' id='line_1_96' title="bbox 1963 3366 3560 3438; baseline -0.003 -17"><span class='ocrx_word' id='word_1_720' title='bbox 1963 3386 2103 3438; x_wconf 90' lang='grc' dir='ltr'>νητι.</span> <span class='ocrx_word' id='word_1_721' title='bbox 2157 3369 2265 3422; x_wconf 80' lang='grc' dir='ltr'>Καὶ</span> <span class='ocrx_word' id='word_1_722' title='bbox 2310 3370 2339 3422; x_wconf 91' lang='lat'>6</span> <span class='ocrx_word' id='word_1_723' title='bbox 2397 3369 2593 3432; x_wconf 85' lang='grc' dir='ltr'>παῖδας</span> <span class='ocrx_word' id='word_1_724' title='bbox 2620 3366 2911 3421; x_wconf 85' lang='grc' dir='ltr'>ἀποϐαλὼν</span> <span class='ocrx_word' id='word_1_725' title='bbox 2942 3367 3126 3429; x_wconf 83' lang='grc' dir='ltr'>πάλιν,</span> <span class='ocrx_word' id='word_1_726' title='bbox 3171 3366 3277 3421; x_wconf 70' lang='grc' dir='ltr'>κᾶν</span> <span class='ocrx_word' id='word_1_727' title='bbox 3312 3367 3560 3429; x_wconf 75' lang='grc' dir='ltr'>ἅπαντας</span> 
     </span>
    </p>
   </div>
   <div class='ocr_carea' id='block_1_96' title="bbox 1963 3455 3560 3532">
    <p class='ocr_par' dir='ltr' id='par_1_96' title="bbox 1963 3455 3560 3532">
     <span class='ocr_line' id='line_1_97' title="bbox 1963 3455 3560 3532; baseline 0 -22"><span class='ocrx_word' id='word_1_728' title='bbox 1963 3456 2232 3532; x_wconf 80' lang='grc' dir='ltr'>ἀποϐάλῃ,</span> <span class='ocrx_word' id='word_1_729' title='bbox 2261 3459 2334 3529; x_wconf 83' lang='grc' dir='ltr'>μὴ</span> <span class='ocrx_word' id='word_1_730' title='bbox 2374 3459 2431 3510; x_wconf 91' lang='grc' dir='ltr'>ἐν</span> <span class='ocrx_word' id='word_1_731' title='bbox 2459 3459 2541 3511; x_wconf 76' lang='grc' dir='ltr'>ἐνὶ</span> <span class='ocrx_word' id='word_1_732' title='bbox 2573 3459 2629 3513; x_wconf 83' lang='grc' dir='ltr'>δὲ</span> <span class='ocrx_word' id='word_1_733' title='bbox 2664 3456 2865 3528; x_wconf 79' lang='grc' dir='ltr'>καιρῷ,</span> <span class='ocrx_word' id='word_1_734' title='bbox 2891 3457 3019 3520; x_wconf 78' lang='grc' dir='ltr'>τοὺς</span> <span class='ocrx_word' id='word_1_735' title='bbox 3060 3456 3417 3526; x_wconf 81' lang='grc' dir='ltr'>λειπομένους</span> <span class='ocrx_word' id='word_1_736' title='bbox 3446 3455 3560 3527; x_wconf 78' lang='grc' dir='ltr'>ἔχει</span> 
     </span>
    </p>
   </div>
   <div class='ocr_carea' id='block_1_97' title="bbox 1966 3542 3560 3617">
    <p class='ocr_par' dir='ltr' id='par_1_97' title="bbox 1966 3542 3560 3617">
     <span class='ocr_line' id='line_1_98' title="bbox 1966 3542 3560 3617; baseline -0.003 -20"><span class='ocrx_word' id='word_1_737' title='bbox 1966 3542 2116 3616; x_wconf 71' lang='lat' dir='ltr'>[5M]</span> <span class='ocrx_word' id='word_1_738' title='bbox 2149 3544 2256 3597; x_wconf 88' lang='grc' dir='ltr'>τῶν</span> <span class='ocrx_word' id='word_1_739' title='bbox 2278 3544 2622 3603; x_wconf 85' lang='grc' dir='ltr'>ἀπελθόντων</span> <span class='ocrx_word' id='word_1_740' title='bbox 2653 3543 3029 3617; x_wconf 86' lang='grc' dir='ltr'>παραμυθίαν,</span> <span class='ocrx_word' id='word_1_741' title='bbox 3072 3544 3166 3595; x_wconf 67' lang='grc' dir='ltr'>καὶ</span> <span class='ocrx_word' id='word_1_742' title='bbox 3190 3543 3288 3613; x_wconf 84' lang='grc' dir='ltr'>τῆς</span> <span class='ocrx_word' id='word_1_743' title='bbox 3310 3543 3401 3595; x_wconf 77' lang='grc' dir='ltr'>ἐπὶ</span> <span class='ocrx_word' id='word_1_744' title='bbox 3432 3559 3560 3612; x_wconf 86' lang='grc' dir='ltr'>προ-</span> 
     </span>
    </p>
   </div>
   <div class='ocr_carea' id='block_1_98' title="bbox 1962 3629 3558 3702">
    <p class='ocr_par' dir='ltr' id='par_1_98' title="bbox 1962 3629 3558 3702">
     <span class='ocr_line' id='line_1_99' title="bbox 1962 3629 3558 3702; baseline -0.001 -17"><span class='ocrx_word' id='word_1_745' title='bbox 1962 3632 2138 3702; x_wconf 86' lang='grc' dir='ltr'>τέρων</span> <span class='ocrx_word' id='word_1_746' title='bbox 2170 3631 2430 3701; x_wconf 87' lang='grc' dir='ltr'>τελευτῆς</span> <span class='ocrx_word' id='word_1_747' title='bbox 2462 3632 2559 3683; x_wconf 88' lang='grc' dir='ltr'>τοῦ</span> <span class='ocrx_word' id='word_1_748' title='bbox 2612 3630 2820 3694; x_wconf 80' lang='grc' dir='ltr'>πάθους</span> <span class='ocrx_word' id='word_1_749' title='bbox 2860 3629 3145 3699; x_wconf 80' lang='grc' dir='ltr'>λήξαντος,</span> <span class='ocrx_word' id='word_1_750' title='bbox 3182 3630 3297 3700; x_wconf 86' lang='grc' dir='ltr'>ἂνή</span> <span class='ocrx_word' id='word_1_751' title='bbox 3327 3630 3419 3681; x_wconf 86' lang='grc' dir='ltr'>τοῦ</span> <span class='ocrx_word' id='word_1_752' title='bbox 3446 3630 3558 3683; x_wconf 83' lang='grc' dir='ltr'>δευ·</span> 
     </span>
    </p>
   </div>
   <div class='ocr_carea' id='block_1_99' title="bbox 1961 3718 3558 3795">
    <p class='ocr_par' dir='ltr' id='par_1_99' title="bbox 1961 3718 3558 3795">
     <span class='ocr_line' id='line_1_100' title="bbox 1961 3718 3558 3795; baseline -0.001 -22"><span class='ocrx_word' id='word_1_753' title='bbox 1961 3721 2122 3793; x_wconf 82' lang='grc' dir='ltr'>τέρου</span> <span class='ocrx_word' id='word_1_754' title='bbox 2143 3720 2513 3795; x_wconf 82' lang='grc' dir='ltr'>προσγένηται</span> <span class='ocrx_word' id='word_1_755' title='bbox 2535 3719 2672 3793; x_wconf 83' lang='grc' dir='ltr'>μετὰ</span> <span class='ocrx_word' id='word_1_756' title='bbox 2695 3720 2908 3791; x_wconf 88' lang='grc' dir='ltr'>χρόνον,</span> <span class='ocrx_word' id='word_1_757' title='bbox 2939 3718 3096 3772; x_wconf 88' lang='grc' dir='ltr'>τοῦτο</span> <span class='ocrx_word' id='word_1_758' title='bbox 3117 3718 3267 3788; x_wconf 80' lang='grc' dir='ltr'>αύτῴ</span> <span class='ocrx_word' id='word_1_759' title='bbox 3297 3719 3558 3789; x_wconf 79' lang='grc' dir='ltr'>προσηνέ-</span> 
     </span>
    </p>
   </div>
   <div class='ocr_carea' id='block_1_100' title="bbox 1962 3806 3555 3879">
    <p class='ocr_par' dir='ltr' id='par_1_100' title="bbox 1962 3806 3555 3879">
     <span class='ocr_line' id='line_1_101' title="bbox 1962 3806 3555 3879; baseline -0.001 -18"><span class='ocrx_word' id='word_1_760' title='bbox 1962 3825 2155 3879; x_wconf 87' lang='grc' dir='ltr'>στερον</span> <span class='ocrx_word' id='word_1_761' title='bbox 2200 3807 2407 3876; x_wconf 88' lang='grc' dir='ltr'>γίνεται</span> <span class='ocrx_word' id='word_1_762' title='bbox 2454 3808 2515 3861; x_wconf 80' lang='grc' dir='ltr'>τὸ</span> <span class='ocrx_word' id='word_1_763' title='bbox 2540 3808 2740 3870; x_wconf 89' lang='grc' dir='ltr'>πάθος·</span> <span class='ocrx_word' id='word_1_764' title='bbox 2775 3807 2834 3863; x_wconf 83' lang='grc' dir='ltr'>οὐ</span> <span class='ocrx_word' id='word_1_765' title='bbox 2871 3808 2978 3878; x_wconf 82' lang='grc' dir='ltr'>γὰρ</span> <span class='ocrx_word' id='word_1_766' title='bbox 3011 3806 3191 3877; x_wconf 79' lang='grc' dir='ltr'>νεαρῷ</span> <span class='ocrx_word' id='word_1_767' title='bbox 3229 3806 3343 3860; x_wconf 81' lang='grc' dir='ltr'>δντι</span> <span class='ocrx_word' id='word_1_768' title='bbox 3375 3806 3555 3859; x_wconf 80' lang='grc' dir='ltr'>ἔπεισι</span> 
     </span>
    </p>
   </div>
   <div class='ocr_carea' id='block_1_101' title="bbox 1960 3895 3563 3968">
    <p class='ocr_par' dir='ltr' id='par_1_101' title="bbox 1960 3895 3563 3968">
     <span class='ocr_line' id='line_1_102' title="bbox 1960 3895 3563 3968; baseline -0.002 -17"><span class='ocrx_word' id='word_1_769' title='bbox 1960 3897 2038 3968; x_wconf 85' lang='grc' dir='ltr'>τῷ</span> <span class='ocrx_word' id='word_1_770' title='bbox 2069 3897 2237 3959; x_wconf 79' lang='grc' dir='ltr'>ἐλκει,</span> <span class='ocrx_word' id='word_1_771' title='bbox 2262 3896 2397 3952; x_wconf 70' lang='grc' dir='ltr'>ἀλλὰ</span> <span class='ocrx_word' id='word_1_772' title='bbox 2421 3896 2737 3967; x_wconf 76' lang='grc' dir='ltr'>κοιμηθέντι</span> <span class='ocrx_word' id='word_1_773' title='bbox 2776 3896 2874 3965; x_wconf 79' lang='grc' dir='ltr'>ῆδη</span> <span class='ocrx_word' id='word_1_774' title='bbox 2902 3897 2994 3950; x_wconf 76' lang='grc' dir='ltr'>καὶ</span> <span class='ocrx_word' id='word_1_775' title='bbox 3019 3895 3397 3964; x_wconf 82' lang='grc' dir='ltr'>ἀφανισθέντι,</span> <span class='ocrx_word' id='word_1_776' title='bbox 3415 3896 3513 3947; x_wconf 79' lang='grc' dir='ltr'>δπε</span> <span class='ocrx_word' id='word_1_777' title='bbox 3525 3914 3563 3967; x_wconf 70' lang='grc' dir='ltr'>ρ,</span> 
     </span>
    </p>
   </div>
   <div class='ocr_carea' id='block_1_102' title="bbox 1959 3976 3565 4055">
    <p class='ocr_par' dir='ltr' id='par_1_102' title="bbox 1959 3976 3565 4055">
     <span class='ocr_line' id='line_1_103' title="bbox 1959 3976 3565 4055; baseline -0.002 -16"><span class='ocrx_word' id='word_1_778' title='bbox 1959 3986 2058 4039; x_wconf 76' lang='grc' dir='ltr'>οὐκ</span> <span class='ocrx_word' id='word_1_779' title='bbox 2095 3984 2273 4054; x_wconf 88' lang='grc' dir='ltr'>ὀλίγον</span> <span class='ocrx_word' id='word_1_780' title='bbox 2309 3984 2678 4055; x_wconf 79' lang='grc' dir='ltr'>ὑποτέμνεται</span> <span class='ocrx_word' id='word_1_781' title='bbox 2702 3985 2800 4054; x_wconf 87' lang='grc' dir='ltr'>τῆς</span> <span class='ocrx_word' id='word_1_782' title='bbox 2826 3984 3037 4052; x_wconf 83' lang='grc' dir='ltr'>ὀδύνης.</span> <span class='ocrx_word' id='word_1_783' title='bbox 3072 3976 3240 4045; x_wconf 75' lang='grc' dir='ltr'>Οὗτος</span> <span class='ocrx_word' id='word_1_784' title='bbox 3261 3982 3565 4053; x_wconf 82' lang='grc' dir='ltr'>ὁλόκληρον.</span> 
     </span>
    </p>
   </div>
   <div class='ocr_carea' id='block_1_103' title="bbox 1960 4069 3563 4149">
    <p class='ocr_par' dir='ltr' id='par_1_103' title="bbox 1960 4069 3563 4149">
     <span class='ocr_line' id='line_1_104' title="bbox 1960 4069 3563 4149; baseline 0.001 -23"><span class='ocrx_word' id='word_1_785' title='bbox 1960 4074 2111 4144; x_wconf 80' lang='grc' dir='ltr'>αὑτῷ</span> <span class='ocrx_word' id='word_1_786' title='bbox 2166 4073 2258 4127; x_wconf 73' lang='grc' dir='ltr'>τὸν</span> <span class='ocrx_word' id='word_1_787' title='bbox 2311 4073 2471 4145; x_wconf 79' lang='grc' dir='ltr'>χορὸν</span> <span class='ocrx_word' id='word_1_788' title='bbox 2503 4069 2643 4127; x_wconf 79' lang='grc' dir='ltr'>εἶδεν</span> <span class='ocrx_word' id='word_1_789' title='bbox 2674 4075 2733 4125; x_wconf 89' lang='grc' dir='ltr'>ἐν</span> <span class='ocrx_word' id='word_1_790' title='bbox 2765 4073 2866 4149; x_wconf 79' lang='grc' dir='ltr'>μιᾷ</span> <span class='ocrx_word' id='word_1_791' title='bbox 2894 4073 3313 4141; x_wconf 83' lang='grc' dir='ltr'>ἀναρπασθέντα</span> <span class='ocrx_word' id='word_1_792' title='bbox 3357 4088 3487 4143; x_wconf 86' lang='grc' dir='ltr'>καιρ</span> <span class='ocrx_word' id='word_1_793' title='bbox 3521 4072 3563 4129; x_wconf 90' lang='grc' dir='ltr'>ῦ.</span> 
     </span>
    </p>
   </div>
   <div class='ocr_carea' id='block_1_104' title="bbox 1962 4157 3553 4237">
    <p class='ocr_par' dir='ltr' id='par_1_104' title="bbox 1962 4157 3553 4237">
     <span class='ocr_line' id='line_1_105' title="bbox 1962 4157 3553 4237; baseline -0.001 -24"><span class='ocrx_word' id='word_1_794' title='bbox 1962 4164 2126 4233; x_wconf 76' lang='grc' dir='ltr'>ῥοπῇ,</span> <span class='ocrx_word' id='word_1_795' title='bbox 2169 4162 2265 4215; x_wconf 77' lang='grc' dir='ltr'>καὶ</span> <span class='ocrx_word' id='word_1_796' title='bbox 2287 4162 2474 4237; x_wconf 85' lang='grc' dir='ltr'>τρόπῳ</span> <span class='ocrx_word' id='word_1_797' title='bbox 2505 4161 2824 4233; x_wconf 80' lang='grc' dir='ltr'>πικροτάτῳ</span> <span class='ocrx_word' id='word_1_798' title='bbox 2857 4159 3136 4228; x_wconf 77' lang='grc' dir='ltr'>τελευτῆς.</span> <span class='ocrx_word' id='word_1_799' title='bbox 3168 4159 3281 4214; x_wconf 79' lang='lat' dir='ltr'><strong><em>Kal</em></strong></span> <span class='ocrx_word' id='word_1_800' title='bbox 3316 4157 3425 4230; x_wconf 76' lang='grc' dir='ltr'>γάρ</span> <span class='ocrx_word' id='word_1_801' title='bbox 3459 4159 3553 4212; x_wconf 69' lang='grc' dir='ltr'>καὶ</span> 
     </span>
    </p>
   </div>
   <div class='ocr_carea' id='block_1_105' title="bbox 1962 4243 3553 4319">
    <p class='ocr_par' dir='ltr' id='par_1_105' title="bbox 1962 4243 3553 4319">
     <span class='ocr_line' id='line_1_106' title="bbox 1962 4243 3553 4319; baseline 0.001 -16"><span class='ocrx_word' id='word_1_802' title='bbox 1962 4249 2135 4318; x_wconf 84' lang='grc' dir='ltr'>βίαιος</span> <span class='ocrx_word' id='word_1_803' title='bbox 2162 4250 2256 4303; x_wconf 72' lang='grc' dir='ltr'>καὶ</span> <span class='ocrx_word' id='word_1_804' title='bbox 2280 4251 2458 4319; x_wconf 79' lang='grc' dir='ltr'>ἄωρος</span> <span class='ocrx_word' id='word_1_805' title='bbox 2485 4251 2513 4303; x_wconf 94' lang='lat'>6</span> <span class='ocrx_word' id='word_1_806' title='bbox 2556 4247 2790 4311; x_wconf 79' lang='grc' dir='ltr'>θάνατος</span> <span class='ocrx_word' id='word_1_807' title='bbox 2822 4243 2910 4319; x_wconf 81' lang='grc' dir='ltr'>ἦν,</span> <span class='ocrx_word' id='word_1_808' title='bbox 2942 4248 3037 4302; x_wconf 73' lang='grc' dir='ltr'>καὶ</span> <span class='ocrx_word' id='word_1_809' title='bbox 3067 4249 3096 4300; x_wconf 88' lang='grc' dir='ltr'>ὁ</span> <span class='ocrx_word' id='word_1_810' title='bbox 3146 4247 3335 4317; x_wconf 83' lang='grc' dir='ltr'>καιρὸς</span> <span class='ocrx_word' id='word_1_811' title='bbox 3368 4247 3426 4301; x_wconf 85' lang='grc' dir='ltr'>δέ</span> <span class='ocrx_word' id='word_1_812' title='bbox 3455 4247 3553 4305; x_wconf 73' lang='grc' dir='ltr'>καὶ</span> 
     </span>
    </p>
   </div>
   <div class='ocr_carea' id='block_1_106' title="bbox 1958 4334 3559 4409">
    <p class='ocr_par' dir='ltr' id='par_1_106' title="bbox 1958 4334 3559 4409">
     <span class='ocr_line' id='line_1_107' title="bbox 1958 4334 3559 4409; baseline -0.002 -17"><span class='ocrx_word' id='word_1_813' title='bbox 1958 4339 1986 4392; x_wconf 84' lang='lat'>6</span> <span class='ocrx_word' id='word_1_814' title='bbox 2013 4338 2179 4402; x_wconf 86' lang='grc' dir='ltr'>τόπος</span> <span class='ocrx_word' id='word_1_815' title='bbox 2208 4337 2268 4391; x_wconf 84' lang='grc' dir='ltr'>οὺ</span> <span class='ocrx_word' id='word_1_816' title='bbox 2301 4337 2504 4409; x_wconf 70' lang='grc' dir='ltr'>μικρὰν</span> <span class='ocrx_word' id='word_1_817' title='bbox 2532 4336 2707 4390; x_wconf 84' lang='grc' dir='ltr'>ἐποίει</span> <span class='ocrx_word' id='word_1_818' title='bbox 2734 4336 2811 4406; x_wconf 79' lang='grc' dir='ltr'>τῷ</span> <span class='ocrx_word' id='word_1_819' title='bbox 2848 4336 3034 4391; x_wconf 86' lang='grc' dir='ltr'>πένθει</span> <span class='ocrx_word' id='word_1_820' title='bbox 3066 4334 3418 4407; x_wconf 79' lang='grc' dir='ltr'>προσθήκην·</span> <span class='ocrx_word' id='word_1_821' title='bbox 3456 4336 3559 4404; x_wconf 63' lang='grc' dir='ltr'>καὶ,</span> 
     </span>
    </p>
   </div>
   <div class='ocr_carea' id='block_1_107' title="bbox 1957 4423 3568 4497">
    <p class='ocr_par' dir='ltr' id='par_1_107' title="bbox 1957 4423 3568 4497">
     <span class='ocr_line' id='line_1_108' title="bbox 1957 4423 3568 4497; baseline -0.003 -17"><span class='ocrx_word' id='word_1_822' title='bbox 1957 4425 2067 4497; x_wconf 76' lang='grc' dir='ltr'>γὰρ</span> <span class='ocrx_word' id='word_1_823' title='bbox 2093 4427 2150 4479; x_wconf 88' lang='grc' dir='ltr'>ἐν</span> <span class='ocrx_word' id='word_1_824' title='bbox 2183 4424 2302 4496; x_wconf 60' lang='grc' dir='ltr'>ὥρᾳ</span> <span class='ocrx_word' id='word_1_825' title='bbox 2355 4424 2684 4494; x_wconf 84' lang='grc' dir='ltr'>συμποσίου,</span> <span class='ocrx_word' id='word_1_826' title='bbox 2720 4425 2815 4477; x_wconf 77' lang='grc' dir='ltr'>καὶ</span> <span class='ocrx_word' id='word_1_827' title='bbox 2862 4425 2921 4478; x_wconf 86' lang='grc' dir='ltr'>ἐν</span> <span class='ocrx_word' id='word_1_828' title='bbox 2959 4425 3107 4495; x_wconf 74' lang='grc' dir='ltr'>οἰκία</span> <span class='ocrx_word' id='word_1_829' title='bbox 3132 4426 3196 4495; x_wconf 84' lang='grc' dir='ltr'>τῇ</span> <span class='ocrx_word' id='word_1_830' title='bbox 3230 4426 3343 4487; x_wconf 84' lang='grc' dir='ltr'>τοῖς</span> <span class='ocrx_word' id='word_1_831' title='bbox 3375 4423 3568 4492; x_wconf 64' lang='grc' dir='ltr'>ξένοιςζ</span> 
     </span>
    </p>
   </div>
   <div class='ocr_carea' id='block_1_108' title="bbox 1956 4509 3569 4583">
    <p class='ocr_par' dir='ltr' id='par_1_108' title="bbox 1956 4509 3569 4583">
     <span class='ocr_line' id='line_1_109' title="bbox 1956 4509 3569 4583; baseline -0.002 -16"><span class='ocrx_word' id='word_1_832' title='bbox 1956 4512 2301 4583; x_wconf 72' lang='grc' dir='ltr'>ἀνεῳγμένη,</span> <span class='ocrx_word' id='word_1_833' title='bbox 2326 4513 2422 4566; x_wconf 80' lang='grc' dir='ltr'>καὶ</span> <span class='ocrx_word' id='word_1_834' title='bbox 2448 4512 2619 4580; x_wconf 87' lang='grc' dir='ltr'>τάφος</span> <span class='ocrx_word' id='word_1_835' title='bbox 2644 4512 2828 4575; x_wconf 79' lang='grc' dir='ltr'>αὐτοῖς</span> <span class='ocrx_word' id='word_1_836' title='bbox 2865 4512 2893 4564; x_wconf 91' lang='lat'>6</span> <span class='ocrx_word' id='word_1_837' title='bbox 2920 4509 3070 4573; x_wconf 80' lang='grc' dir='ltr'>οἶκος</span> <span class='ocrx_word' id='word_1_838' title='bbox 3109 4511 3347 4579; x_wconf 73' lang='grc' dir='ltr'>ἐγένετο.</span> <span class='ocrx_word' id='word_1_839' title='bbox 3384 4511 3449 4565; x_wconf 88' lang='grc' dir='ltr'>Τί</span> <span class='ocrx_word' id='word_1_840' title='bbox 3481 4511 3569 4572; x_wconf 63' lang='grc' dir='ltr'>ἄν,</span> 
     </span>
    </p>
   </div>
   <div class='ocr_carea' id='block_1_109' title="bbox 1954 4600 3569 4671">
    <p class='ocr_par' dir='ltr' id='par_1_109' title="bbox 1954 4600 3569 4671">
     <span class='ocr_line' id='line_1_110' title="bbox 1954 4600 3569 4671; baseline -0.004 -13"><span class='ocrx_word' id='word_1_841' title='bbox 1954 4620 2038 4666; x_wconf 87' lang='grc' dir='ltr'>τις</span> <span class='ocrx_word' id='word_1_842' title='bbox 2070 4602 2214 4655; x_wconf 77' lang='grc' dir='ltr'>εἴποι</span> <span class='ocrx_word' id='word_1_843' title='bbox 2246 4601 2339 4655; x_wconf 86' lang='grc' dir='ltr'>τὸν</span> <span class='ocrx_word' id='word_1_844' title='bbox 2369 4600 2528 4671; x_wconf 83' lang='grc' dir='ltr'>λιμὸν</span> <span class='ocrx_word' id='word_1_845' title='bbox 2572 4601 2780 4654; x_wconf 80' lang='grc' dir='ltr'>ἐκεῖνον</span> <span class='ocrx_word' id='word_1_846' title='bbox 2827 4600 2917 4653; x_wconf 78' lang='grc' dir='ltr'>τὸν</span> <span class='ocrx_word' id='word_1_847' title='bbox 2964 4600 3298 4671; x_wconf 84' lang='grc' dir='ltr'>καινότερον,</span> <span class='ocrx_word' id='word_1_848' title='bbox 3333 4600 3429 4652; x_wconf 76' lang='grc' dir='ltr'>καὶ</span> <span class='ocrx_word' id='word_1_849' title='bbox 3455 4600 3569 4671; x_wconf 49' lang='grc' dir='ltr'>ἐρτη</span> 
     </span>
    </p>
   </div>
   <div class='ocr_carea' id='block_1_110' title="bbox 1956 4686 3546 4762">
    <p class='ocr_par' dir='ltr' id='par_1_110' title="bbox 1956 4686 3546 4762">
     <span class='ocr_line' id='line_1_111' title="bbox 1956 4686 3546 4762; baseline -0.002 -20"><span class='ocrx_word' id='word_1_850' title='bbox 1956 4688 2291 4762; x_wconf 79' lang='grc' dir='ltr'>μηνευθῆναι</span> <span class='ocrx_word' id='word_1_851' title='bbox 2319 4687 2394 4759; x_wconf 84' lang='grc' dir='ltr'>μὴ</span> <span class='ocrx_word' id='word_1_852' title='bbox 2409 4687 2728 4759; x_wconf 81' lang='grc' dir='ltr'>δυνάμενον,</span> <span class='ocrx_word' id='word_1_853' title='bbox 2744 4688 2834 4741; x_wconf 77' lang='grc' dir='ltr'>τὸν</span> <span class='ocrx_word' id='word_1_854' title='bbox 2856 4686 3228 4752; x_wconf 83' lang='grc' dir='ltr'>ἐκούσιον,τὸν</span> <span class='ocrx_word' id='word_1_855' title='bbox 3254 4686 3507 4741; x_wconf 88' lang='grc' dir='ltr'>ἀκούσιον</span> <span class='ocrx_word' id='word_1_856' title='bbox 3527 4705 3546 4759; x_wconf 68' lang='grc' dir='ltr'><strong>ί</strong></span> 
     </span>
    </p>
   </div>
   <div class='ocr_carea' id='block_1_111' title="bbox 1953 4773 3567 4851">
    <p class='ocr_par' dir='ltr' id='par_1_111' title="bbox 1953 4773 3567 4851">
     <span class='ocr_line' id='line_1_112' title="bbox 1953 4773 3567 4851; baseline -0.002 -18"><span class='ocrx_word' id='word_1_857' title='bbox 1953 4782 2014 4833; x_wconf 84' lang='grc' dir='ltr'>ού</span> <span class='ocrx_word' id='word_1_858' title='bbox 2049 4779 2159 4851; x_wconf 86' lang='grc' dir='ltr'>γὰρ</span> <span class='ocrx_word' id='word_1_859' title='bbox 2184 4773 2300 4833; x_wconf 79' lang='grc' dir='ltr'>οἶδα</span> <span class='ocrx_word' id='word_1_860' title='bbox 2357 4775 2476 4840; x_wconf 85' lang='grc' dir='ltr'>πῶς</span> <span class='ocrx_word' id='word_1_861' title='bbox 2511 4776 2672 4835; x_wconf 83' lang='grc' dir='ltr'>αὑτὸν</span> <span class='ocrx_word' id='word_1_862' title='bbox 2712 4776 2949 4841; x_wconf 83' lang='grc' dir='ltr'>καλέσω,</span> <span class='ocrx_word' id='word_1_863' title='bbox 2996 4775 3119 4829; x_wconf 85' lang='grc' dir='ltr'>ούδέ</span> <span class='ocrx_word' id='word_1_864' title='bbox 3158 4774 3269 4847; x_wconf 83' lang='grc' dir='ltr'>γὰρ</span> <span class='ocrx_word' id='word_1_865' title='bbox 3302 4775 3567 4847; x_wconf 63' lang='grc' dir='ltr'>εὑρίσκω,</span> 
     </span>
    </p>
   </div>
   <div class='ocr_carea' id='block_1_112' title="bbox 1953 4864 3549 4942">
    <p class='ocr_par' dir='ltr' id='par_1_112' title="bbox 1953 4864 3549 4942">
     <span class='ocr_line' id='line_1_113' title="bbox 1953 4864 3549 4942; baseline -0.003 -18"><span class='ocrx_word' id='word_1_866' title='bbox 1953 4870 2012 4924; x_wconf 79' lang='grc' dir='ltr'>τὸ</span> <span class='ocrx_word' id='word_1_867' title='bbox 2038 4869 2211 4938; x_wconf 80' lang='grc' dir='ltr'>ὄνομα</span> <span class='ocrx_word' id='word_1_868' title='bbox 2235 4866 2502 4920; x_wconf 86' lang='grc' dir='ltr'>ἐπιθεῖναι</span> <span class='ocrx_word' id='word_1_869' title='bbox 2530 4865 2608 4936; x_wconf 84' lang='grc' dir='ltr'>τῷ</span> <span class='ocrx_word' id='word_1_870' title='bbox 2639 4864 2929 4942; x_wconf 76' lang='grc' dir='ltr'>παραδόξῳ</span> <span class='ocrx_word' id='word_1_871' title='bbox 2949 4864 3047 4934; x_wconf 88' lang='grc' dir='ltr'>τῆς</span> <span class='ocrx_word' id='word_1_872' title='bbox 3082 4866 3370 4935; x_wconf 84' lang='grc' dir='ltr'>συμφορᾶς</span> <span class='ocrx_word' id='word_1_873' title='bbox 3389 4866 3549 4937; x_wconf 67' lang='grc' dir='ltr'>εῖδει,</span> 
     </span>
    </p>
   </div>
   <div class='ocr_carea' id='block_1_113' title="bbox 1954 4951 3549 5027">
    <p class='ocr_par' dir='ltr' id='par_1_113' title="bbox 1954 4951 3549 5027">
     <span class='ocr_line' id='line_1_114' title="bbox 1954 4951 3549 5027; baseline -0.001 -18"><span class='ocrx_word' id='word_1_874' title='bbox 1954 4957 2064 5009; x_wconf 82' lang='lat' dir='ltr'><strong><em>Kal</em></strong></span> <span class='ocrx_word' id='word_1_875' title='bbox 2095 4956 2204 5026; x_wconf 81' lang='grc' dir='ltr'>γάρ</span> <span class='ocrx_word' id='word_1_876' title='bbox 2233 4955 2645 5027; x_wconf 83' lang='grc' dir='ltr'>παρακειμένης</span> <span class='ocrx_word' id='word_1_877' title='bbox 2690 4952 2947 5023; x_wconf 87' lang='grc' dir='ltr'>ἀπείχετο</span> <span class='ocrx_word' id='word_1_878' title='bbox 2978 4953 3078 5024; x_wconf 89' lang='grc' dir='ltr'>τῆς</span> <span class='ocrx_word' id='word_1_879' title='bbox 3107 4952 3407 5024; x_wconf 77' lang='grc' dir='ltr'>τραπέζης,</span> <span class='ocrx_word' id='word_1_880' title='bbox 3448 4951 3549 5019; x_wconf 62' lang='grc' dir='ltr'>καλ,</span> 
     </span>
    </p>
   </div>
   <div class='ocr_carea' id='block_1_114' title="bbox 1950 5039 3549 5115">
    <p class='ocr_par' dir='ltr' id='par_1_114' title="bbox 1950 5039 3549 5115">
     <span class='ocr_line' id='line_1_115' title="bbox 1950 5039 3549 5115; baseline -0.004 -17"><span class='ocrx_word' id='word_1_881' title='bbox 1950 5044 2243 5115; x_wconf 84' lang='grc' dir='ltr'>ὁρωμένων</span> <span class='ocrx_word' id='word_1_882' title='bbox 2286 5043 2384 5113; x_wconf 78' lang='grc' dir='ltr'>οὐχ</span> <span class='ocrx_word' id='word_1_883' title='bbox 2425 5042 2628 5113; x_wconf 79' lang='grc' dir='ltr'>ἥπτετο</span> <span class='ocrx_word' id='word_1_884' title='bbox 2656 5040 2764 5094; x_wconf 89' lang='grc' dir='ltr'>τῶν</span> <span class='ocrx_word' id='word_1_885' title='bbox 2802 5040 3010 5097; x_wconf 88' lang='grc' dir='ltr'>σιτίων.</span> <span class='ocrx_word' id='word_1_886' title='bbox 3052 5039 3174 5095; x_wconf 88' lang='grc' dir='ltr'>Τῶν</span> <span class='ocrx_word' id='word_1_887' title='bbox 3201 5041 3310 5113; x_wconf 78' lang='grc' dir='ltr'>γάρ</span> <span class='ocrx_word' id='word_1_888' title='bbox 3334 5040 3463 5111; x_wconf 78' lang='grc' dir='ltr'>περὶ</span> <span class='ocrx_word' id='word_1_889' title='bbox 3482 5040 3549 5107; x_wconf 54' lang='grc' dir='ltr'>το</span> 
     </span>
    </p>
   </div>
   <div class='ocr_carea' id='block_1_115' title="bbox 1952 5128 3547 5206">
    <p class='ocr_par' dir='ltr' id='par_1_115' title="bbox 1952 5128 3547 5206">
     <span class='ocr_line' id='line_1_116' title="bbox 1952 5128 3547 5206; baseline -0.003 -18"><span class='ocrx_word' id='word_1_890' title='bbox 1952 5133 2112 5206; x_wconf 84' lang='grc' dir='ltr'>σῶμα</span> <span class='ocrx_word' id='word_1_891' title='bbox 2142 5132 2472 5205; x_wconf 88' lang='grc' dir='ltr'>τραυμάτων</span> <span class='ocrx_word' id='word_1_892' title='bbox 2504 5133 2537 5203; x_wconf 81' lang='grc' dir='ltr'>ή</span> <span class='ocrx_word' id='word_1_893' title='bbox 2563 5129 2799 5187; x_wconf 85' lang='grc' dir='ltr'>δυσωδία</span> <span class='ocrx_word' id='word_1_894' title='bbox 2841 5128 3282 5201; x_wconf 89' lang='grc' dir='ltr'>προσαπαντῶσα</span> <span class='ocrx_word' id='word_1_895' title='bbox 3312 5129 3547 5201; x_wconf 45' lang='grc' dir='ltr'>κατέλυε,</span> 
     </span>
    </p>
   </div>
   <div class='ocr_carea' id='block_1_116' title="bbox 1947 5217 3549 5295">
    <p class='ocr_par' dir='ltr' id='par_1_116' title="bbox 1947 5217 3549 5295">
     <span class='ocr_line' id='line_1_117' title="bbox 1947 5217 3549 5295; baseline -0.002 -21"><span class='ocrx_word' id='word_1_896' title='bbox 1947 5223 2048 5294; x_wconf 78' lang='grc' dir='ltr'>τὴν</span> <span class='ocrx_word' id='word_1_897' title='bbox 2065 5222 2383 5292; x_wconf 79' lang='grc' dir='ltr'>ἐπιθυμίαν,</span> <span class='ocrx_word' id='word_1_898' title='bbox 2397 5221 2491 5275; x_wconf 78' lang='grc' dir='ltr'>καὶ</span> <span class='ocrx_word' id='word_1_899' title='bbox 2514 5218 2682 5290; x_wconf 78' lang='grc' dir='ltr'>αὐτὴν</span> <span class='ocrx_word' id='word_1_900' title='bbox 2704 5217 3014 5289; x_wconf 78' lang='grc' dir='ltr'>ἐνεπίμπλα</span> <span class='ocrx_word' id='word_1_901' title='bbox 3029 5218 3125 5295; x_wconf 77' lang='grc' dir='ltr'>τὴν</span> <span class='ocrx_word' id='word_1_902' title='bbox 3142 5217 3420 5293; x_wconf 80' lang='grc' dir='ltr'>τράπεζαν</span> <span class='ocrx_word' id='word_1_903' title='bbox 3438 5218 3549 5293; x_wconf 68' lang='grc' dir='ltr'>τῆς</span> 
     </span>
    </p>
   </div>
   <div class='ocr_carea' id='block_1_117' title="bbox 1949 5306 3559 5382">
    <p class='ocr_par' dir='ltr' id='par_1_117' title="bbox 1949 5306 3559 5382">
     <span class='ocr_line' id='line_1_118' title="bbox 1949 5306 3559 5382; baseline -0.002 -17"><span class='ocrx_word' id='word_1_904' title='bbox 1949 5311 2160 5382; x_wconf 73' lang='grc' dir='ltr'>ἀηδίας.</span> <span class='ocrx_word' id='word_1_905' title='bbox 2180 5310 2284 5371; x_wconf 71' lang='grc' dir='ltr'>Καὶ</span> <span class='ocrx_word' id='word_1_906' title='bbox 2310 5308 2468 5375; x_wconf 86' lang='grc' dir='ltr'>τοῦτο</span> <span class='ocrx_word' id='word_1_907' title='bbox 2483 5308 2658 5380; x_wconf 85' lang='grc' dir='ltr'>δηλῶν</span> <span class='ocrx_word' id='word_1_908' title='bbox 2688 5307 2893 5377; x_wconf 75' lang='grc' dir='ltr'>ἔλεγεν·</span> <span class='ocrx_word' id='word_1_909' title='bbox 2919 5306 3169 5377; x_wconf 75' lang='grc' dir='ltr'>Βρῶμον</span> <span class='ocrx_word' id='word_1_910' title='bbox 3196 5309 3305 5378; x_wconf 75' lang='grc' dir='ltr'>γὰρ</span> <span class='ocrx_word' id='word_1_911' title='bbox 3324 5307 3440 5376; x_wconf 77' lang='grc' dir='ltr'>ὁρῶ</span> <span class='ocrx_word' id='word_1_912' title='bbox 3467 5307 3559 5363; x_wconf 73' lang='grc' dir='ltr'>τὰ-</span> 
     </span>
    </p>
   </div>
   <div class='ocr_carea' id='block_1_118' title="bbox 1946 5395 3573 5470">
    <p class='ocr_par' dir='ltr' id='par_1_118' title="bbox 1946 5395 3573 5470">
     <span class='ocr_line' id='line_1_119' title="bbox 1946 5395 3573 5470; baseline -0.004 -16"><span class='ocrx_word' id='word_1_913' title='bbox 1946 5400 2086 5454; x_wconf 82' lang='grc' dir='ltr'>σῖτὰ</span> <span class='ocrx_word' id='word_1_914' title='bbox 2106 5418 2247 5470; x_wconf 77' lang='grc' dir='ltr'>μου.</span> <span class='ocrx_word' id='word_1_915' title='bbox 2287 5399 2397 5452; x_wconf 87' lang='lat' dir='ltr'><strong><em>Kal</em></strong></span> <span class='ocrx_word' id='word_1_916' title='bbox 2424 5400 2456 5469; x_wconf 87' lang='grc' dir='ltr'>ή</span> <span class='ocrx_word' id='word_1_917' title='bbox 2488 5398 2587 5469; x_wconf 82' lang='grc' dir='ltr'>μὲν</span> <span class='ocrx_word' id='word_1_918' title='bbox 2610 5396 2824 5469; x_wconf 90' lang='grc' dir='ltr'>ἀνάγκη</span> <span class='ocrx_word' id='word_1_919' title='bbox 2858 5395 2954 5451; x_wconf 91' lang='grc' dir='ltr'>τοῦ</span> <span class='ocrx_word' id='word_1_920' title='bbox 2980 5397 3140 5468; x_wconf 90' lang='grc' dir='ltr'>λιμοῦ</span> <span class='ocrx_word' id='word_1_921' title='bbox 3172 5396 3283 5449; x_wconf 89' lang='grc' dir='ltr'>τῶν</span> <span class='ocrx_word' id='word_1_922' title='bbox 3315 5412 3539 5468; x_wconf 82' lang='grc' dir='ltr'>προκει-</span> <span class='ocrx_word' id='word_1_923' title='bbox 3566 5404 3573 5411; x_wconf 87' lang='grc'><strong>·</strong></span> 
     </span>
    </p>
   </div>
   <div class='ocr_carea' id='block_1_119' title="bbox 1904 5483 3535 5558">
    <p class='ocr_par' dir='ltr' id='par_1_119' title="bbox 1904 5483 3535 5558">
     <span class='ocr_line' id='line_1_120' title="bbox 1904 5483 3535 5558; baseline 0.006 -19"><span class='ocrx_word' id='word_1_924' title='bbox 1904 5516 1920 5528; x_wconf 70' lang='grc' dir='ltr'><strong>ο</strong></span> <span class='ocrx_word' id='word_1_925' title='bbox 1949 5488 2126 5558; x_wconf 86' lang='grc' dir='ltr'>μένων</span> <span class='ocrx_word' id='word_1_926' title='bbox 2156 5486 2424 5542; x_wconf 70' lang='grc' dir='ltr'>ἅπτεσθαι</span> <span class='ocrx_word' id='word_1_927' title='bbox 2467 5485 2714 5550; x_wconf 79' lang='grc' dir='ltr'>ἐϐιάζετο</span> <span class='ocrx_word' id='word_1_928' title='bbox 2735 5502 2748 5515; x_wconf 87' lang='grc'><strong>·</strong></span> <span class='ocrx_word' id='word_1_929' title='bbox 2780 5487 2814 5556; x_wconf 83' lang='grc' dir='ltr'>ή</span> <span class='ocrx_word' id='word_1_930' title='bbox 2855 5485 2912 5539; x_wconf 85' lang='grc' dir='ltr'>δέ</span> <span class='ocrx_word' id='word_1_931' title='bbox 2942 5486 3039 5557; x_wconf 84' lang='grc' dir='ltr'>τῆς</span> <span class='ocrx_word' id='word_1_932' title='bbox 3077 5483 3338 5546; x_wconf 82' lang='grc' dir='ltr'>δυσωδίας</span> <span class='ocrx_word' id='word_1_933' title='bbox 3364 5483 3535 5553; x_wconf 81' lang='grc' dir='ltr'>ὑπερ·</span> 
     </span>
    </p>
   </div>
   <div class='ocr_carea' id='block_1_120' title="bbox 1944 5564 3553 5647">
    <p class='ocr_par' dir='ltr' id='par_1_120' title="bbox 1944 5564 3553 5647">
     <span class='ocr_line' id='line_1_121' title="bbox 1944 5564 3553 5647; baseline -0.002 -18"><span class='ocrx_word' id='word_1_934' title='bbox 1944 5576 2077 5647; x_wconf 79' lang='grc' dir='ltr'>ϐολὴ</span> <span class='ocrx_word' id='word_1_935' title='bbox 2103 5576 2199 5645; x_wconf 87' lang='grc' dir='ltr'>τῆς</span> <span class='ocrx_word' id='word_1_936' title='bbox 2244 5577 2309 5628; x_wconf 82' lang='grc' dir='ltr'>ἐκ</span> <span class='ocrx_word' id='word_1_937' title='bbox 2341 5573 2448 5629; x_wconf 89' lang='grc' dir='ltr'>τῶν</span> <span class='ocrx_word' id='word_1_938' title='bbox 2475 5574 2697 5645; x_wconf 88' lang='grc' dir='ltr'>σαρκῶν</span> <span class='ocrx_word' id='word_1_939' title='bbox 2727 5574 3025 5645; x_wconf 81' lang='grc' dir='ltr'>γινομένης</span> <span class='ocrx_word' id='word_1_940' title='bbox 3058 5573 3215 5627; x_wconf 85' lang='grc' dir='ltr'>ἐνίκα</span> <span class='ocrx_word' id='word_1_941' title='bbox 3242 5570 3336 5625; x_wconf 90' lang='grc' dir='ltr'>τοῦ</span> <span class='ocrx_word' id='word_1_942' title='bbox 3371 5564 3553 5642; x_wconf 54' lang='grc' dir='ltr'>λιμοῦι</span> 
     </span>
    </p>
   </div>
   <div class='ocr_carea' id='block_1_121' title="bbox 1943 5659 3548 5737">
    <p class='ocr_par' dir='ltr' id='par_1_121' title="bbox 1943 5659 3548 5737">
     <span class='ocr_line' id='line_1_122' title="bbox 1943 5659 3548 5737; baseline -0.004 -19"><span class='ocrx_word' id='word_1_943' title='bbox 1943 5664 2044 5737; x_wconf 79' lang='grc' dir='ltr'>τὴν</span> <span class='ocrx_word' id='word_1_944' title='bbox 2072 5664 2210 5734; x_wconf 82' lang='grc' dir='ltr'>βίαν.</span> <span class='ocrx_word' id='word_1_945' title='bbox 2231 5662 2330 5716; x_wconf 76' lang='grc' dir='ltr'>Διά</span> <span class='ocrx_word' id='word_1_946' title='bbox 2355 5662 2418 5737; x_wconf 79' lang='grc' dir='ltr'>δὴ</span> <span class='ocrx_word' id='word_1_947' title='bbox 2447 5662 2605 5718; x_wconf 87' lang='grc' dir='ltr'>τοῦτο</span> <span class='ocrx_word' id='word_1_948' title='bbox 2624 5659 2801 5729; x_wconf 81' lang='grc' dir='ltr'>εἷπον,</span> <span class='ocrx_word' id='word_1_949' title='bbox 2825 5663 2938 5716; x_wconf 82' lang='grc' dir='ltr'>Ούκ</span> <span class='ocrx_word' id='word_1_950' title='bbox 2965 5661 3073 5732; x_wconf 77' lang='grc' dir='ltr'>ἔχω</span> <span class='ocrx_word' id='word_1_951' title='bbox 3101 5659 3216 5724; x_wconf 82' lang='grc' dir='ltr'>πῶς</span> <span class='ocrx_word' id='word_1_952' title='bbox 3245 5659 3409 5714; x_wconf 78' lang='grc' dir='ltr'>αὐτὸν</span> <span class='ocrx_word' id='word_1_953' title='bbox 3430 5674 3548 5714; x_wconf 78' lang='grc' dir='ltr'>κα-.</span> 
     </span>
    </p>
   </div>
   <div class='ocr_carea' id='block_1_122' title="bbox 2003 5857 2728 5919">
    <p class='ocr_par' dir='ltr' id='par_1_122' title="bbox 2003 5857 2728 5919">
     <span class='ocr_line' id='line_1_123' title="bbox 2003 5857 2728 5919; baseline -0.003 -14"><span class='ocrx_word' id='word_1_954' title='bbox 2003 5859 2027 5897; x_wconf 64' lang='lat' dir='ltr'><strong><em>tl</em></strong></span> <span class='ocrx_word' id='word_1_955' title='bbox 2062 5858 2194 5905; x_wconf 73' lang='lat' dir='ltr'>Unus</span> <span class='ocrx_word' id='word_1_956' title='bbox 2214 5858 2360 5919; x_wconf 72' lang='grc' dir='ltr'>φίλων</span> <span class='ocrx_word' id='word_1_957' title='bbox 2378 5857 2728 5919; x_wconf 81' lang='grc' dir='ltr'>ἀγνωμοσύναι.</span> 
     </span>
    </p>
   </div>
   <div class='ocr_carea' id='block_1_123' title="bbox 2000 5916 3111 5978">
    <p class='ocr_par' dir='ltr' id='par_1_123' title="bbox 2000 5916 3111 5978">
     <span class='ocr_line' id='line_1_124' title="bbox 2000 5916 3111 5978; baseline -0.006 -6"><span class='ocrx_word' id='word_1_958' title='bbox 2000 5925 2025 5952; x_wconf 78' lang='grc'><strong>⁸</strong></span> <span class='ocrx_word' id='word_1_959' title='bbox 2050 5923 2161 5972; x_wconf 86' lang='lat' dir='ltr'>Duo</span> <span class='ocrx_word' id='word_1_960' title='bbox 2184 5916 2559 5978; x_wconf 74' lang='grc' dir='ltr'>κατεσκευάσθη.</span> <span class='ocrx_word' id='word_1_961' title='bbox 2586 5920 2713 5969; x_wconf 70' lang='grc' dir='ltr'>Εᾱιι.</span> <span class='ocrx_word' id='word_1_962' title='bbox 2741 5916 3111 5973; x_wconf 73' lang='grc' dir='ltr'>κατεσκεδάσθη.</span> 
     </span>
    </p>
   </div>
  </div>
