4002 6378
545 467 654 526 865

546 579 708 632 λέσω.
744 578 1048 637 Ἐκούσιονς
1099 578 1235 632 Ἀλλ’
1292 578 1543 633 ἐϐούλετο
1586 575 1885 648 γεύσασθαι
1930 587 1957 617 ι
2011 572 2120 628 τῶν

548 667 944 738 προκειμένων.
985 666 1139 721 Ἀλλά
1168 656 1629 735 ἀκούσιονςἎλλά
1657 666 1839 739 παρῆν
1859 665 1927 719 τά
1957 665 2121 727 σιτία,

549 756 644 809 καὶ
679 753 850 818 οὐδεὶς
875 755 904 807 ὀ
934 753 1157 807 κωλύων
1197 748 1287 826 ἦν.
1328 754 1452 818 Πῶς
1503 755 1570 809 ἂν
1616 753 1989 826 διηγησαίμην
2024 752 2123 816 τὰς

546 842 756 908 ὀδύνας,
818 842 916 906 τάς
974 843 1157 913 πηγὰς
1183 843 1291 896 τῶν
1324 842 1643 914 σκωλήκων,
1685 844 1773 896 τδν
1821 840 1995 913 ίχῶρα
2031 840 2123 894 τὸν

547 931 938 1005 καταρρέοντα,
965 931 1032 987 τὰ
1046 932 1222 1004 ὀνείδη
1254 931 1362 985 τῶν
1379 933 1569 1003 φίλων,
1594 933 1692 1004 τὴν
1720 931 2123 1001 καταφρόνησιν

543 1021 652 1075 τῶν
681 1022 944 1089 οίκετῶν;
979 1023 1189 1093 οὐγὰρ
1216 1022 1541 1092 ἐφείσαντό
1564 1039 1705 1093 μου,
1741 1020 1927 1091 φησὶν,
1962 1022 2016 1073 οί
2040 1021 2121 1073 ol-

544 1111 709 1165 κέται
749 1128 871 1180 μου
934 1110 1055 1167 ἀπὸ
1109 1111 1436 1181 προσώπου
1467 1110 1906 1182 ἐμπτυσμάτων
1923 1126 1938 1141 ·
1995 1108 2122 1174 τοὺς

547 1199 993 1273 ἐπεμϐαίνοντας,
1020 1204 1148 1269 τοὺς
1186 1203 1616 1277 ἐφαλλομένουςς
1670 1203 1789 1270 Οὓς
1838 1201 1949 1273 7&9
2006 1204 2121 1271 οὐχ

541 1295 892 1366 ἡγησάμην,
936 1298 1123 1368 φησιν,
1169 1297 1382 1364 ἀξίους
1411 1293 1564 1352 εἶναι
1590 1295 1790 1351 κυνῶν
1816 1296 1935 1352 τῶν
1964 1294 2123 1366 ἐμῶν

541 1384 822 1454 νομάδων
841 1425 858 1451 ,
923 1382 1090 1443 οὗτοι
1156 1384 1275 1441 νῦν
1330 1384 1777 1440 ἐπιπεπτώκασι
1835 1403 1935 1455 μοι
1960 1425 1975 1450 ,
2023 1384 2119 1439 καί

542 1476 905 1534 νουθετοῦσι
956 1494 1034 1548 με
1094 1475 1423 1548 ἐλάχιστοι.
1473 1479 1547 1532 Ού
1602 1478 1750 1532 δοκεῖ
1806 1493 1887 1529 σοι
1950 1474 2121 1532 ταῦτα

545 1570 727 1625 πάντα
772 1570 987 1641 χαλεπά
1037 1565 1212 1635 dvas;
1252 1571 1347 1625 καὶ
1391 1570 1499 1640 γάρ
1534 1570 1650 1622 ἐστι
1704 1567 1935 1639 χαλεπά.
1967 1567 2123 1621 Είπω

545 1662 608 1718 τὺ
629 1662 922 1733 κεφάλαιον
945 1663 1055 1718 τῶν
1075 1663 1280 1728 κακῶν,
1305 1663 1397 1716 τὸν
1422 1662 1701 1733 κολοφῶνα
1720 1662 1820 1734 τῆς
1838 1664 2123 1733 συμφορᾶς

546 1754 637 1809 τὸν
654 1756 891 1827 μάλιστα
917 1757 1154 1827 ἀγχοντα
1191 1756 1385 1822 αὐτόν;
1424 1758 1483 1812 '0
1503 1755 1709 1829 χειμὼν
1739 1756 1849 1809 τῶν
1878 1754 2122 1827 θορύϐων

542 1846 656 1900 τῶν
688 1848 746 1902 ἐν
788 1847 867 1920 τῷ
920 1848 1165 1922 λογισμῷ
1196 1850 1497 1921 γινομένων
1535 1849 1685 1921 αὑτῷ
1730 1849 1961 1921 μάλιστα
1992 1846 2060 1922 ἦν
2092 1851 2121 1904 ὀ

540 1939 864 2009 ἀποπνίγων
919 1941 1104 2009 αὑτὸν,
1145 1943 1240 1997 καὶ
1280 1942 1532 2014 ἀφόρητα
1562 1943 1614 2006 δ,
1657 1943 1752 1997 καὶ
1782 1943 1844 1997 τὸ
1882 1943 2121 2006 συνειδὸς

543 2031 710 2086 αὑτοῦ
731 2032 794 2085 τδ
815 2032 1055 2105 καθαρὴν
1086 2033 1243 2088 τοῦτο
1266 2035 1503 2105 μάλιστα
1525 2035 1698 2088 ἐποίει
1725 2034 1824 2106 τὴν
1844 2033 1993 2089 ἔνδον
2024 2033 2121 2098 ζά-

541 2121 661 2195 λην,
690 2125 785 2179 καὶ
818 2126 1042 2180 ἐσκότου
1091 2126 1182 2181 τὸν
1224 2126 1505 2198 λογισμδν,
1533 2128 1628 2181 καὶ
1656 2127 1747 2181 τὸν
1782 2126 2121 2198 κυϐερνήτην

536 2214 861 2282 δτάραττεν.
895 2218 961 2272 Οί
996 2217 1094 2289 μέν
1121 2217 1230 2290 7&9
1259 2219 1469 2282 ἑαυτοῖς
1520 2218 1820 2283 συνειδότες
1876 2219 2125 2290 ἁμαρτή-

546 2322 696 2376 ματα
720 2304 913 2370 πολλὰ,
969 2306 1076 2361 κάν
1106 2306 1322 2361 πάθωσί
1353 2326 1407 2363 τι
1451 2308 1646 2373 δεινὸν,
1674 2308 1856 2379 έχουσι
1888 2309 1994 2362 κάν
2028 2309 2120 2362 τδν

540 2398 704 2469 λόγον
730 2399 910 2471 εὑρεῖν
934 2399 1042 2454 τῶν
1071 2399 1393 2471 γινομένων,
1422 2400 1522 2464 τὰς
1558 2401 1835 2472 ἁμαρτίας
1862 2400 1962 2464 τὰς
1996 2402 2123 2453 ἐαυ-

542 2489 655 2545 τῶν
709 2489 1050 2562 λογιζόμενοι
1103 2502 1153 2558 ο,
1198 2492 1294 2545 καὶ
1323 2492 1542 2553 λύοντες
1575 2490 1674 2563 τὴν
1707 2492 1799 2545 ἐπὶ
1828 2493 1894 2563 τῇ
1919 2491 2124 2563 ἀπορίᾳ

539 2579 698 2657 1545]
731 2585 995 2656 ταραχήν.
1044 2583 1216 2639 Πάλιν
1240 2586 1288 2638 οί
1333 2584 1499 2656 μηδὲν
1545 2584 1757 2648 ἑαυτοῖς
1799 2584 2119 2650 συνειδότες,

539 2673 682 2730 ἀλλά
713 2673 1104 2748 κατορθώμασι
1128 2675 1428 2747 κομῶντες,
1459 2675 1524 2730 ἂν
1551 2675 1763 2729 πάθωσί
1780 2693 1832 2729 τι
1859 2676 2119 2743 τοιοῦτον,

541 2765 634 2823 τὸν
662 2785 730 2822 πε
739 2769 792 2839 ρὶ
818 2767 921 2839 τῆς
944 2770 1293 2833 ἀναστάσεως
1315 2768 1512 2832 είδότες
1530 2768 1707 2838 λόγον,
1732 2770 1827 2823 καὶ
1849 2767 1946 2834 τὰς
1964 2769 2124 2839 ἀμοι-

543 2858 645 2924 ϐάς
671 2859 979 2924 ἐννοοῦντες
1009 2859 1243 2925 ὲκείνας,
1270 2861 1495 2947 οἴδασιν,
1513 2863 1596 2915 ὅτι
1626 2857 1778 2916 ἆθλοι
1806 2861 1872 2916 τά
1891 2861 2123 2933 συμϐαί-

541 2966 701 3007 νοντα
734 2952 829 3008 καὶ
862 2952 1072 3027 μυρίων
1102 2954 1381 3023 στεφάνων
1407 2953 1714 3018 ὑποθέσεις.
1744 2949 1911 3018 Οὗτος
1937 2953 1996 3008 δὲ
2026 2953 2123 3007 καὶ

538 3042 749 3111 δίκαιος
783 3042 883 3109 ὢν,
914 3045 1010 3099 καὶ
1032 3046 1161 3117 περὶ
1187 3046 1536 3108 ἀναστάσεως
1558 3045 1915 3115 ἐπιστάμενος
1948 3044 2119 3108 οὐδὲν,

537 3134 715 3207 ταύτῃ
757 3133 993 3206 μάλιστα
1051 3132 1458 3197 ἐκλυδωνίζετο,
1501 3132 1601 3185 οὐκ
1631 3131 1787 3195 εἰδὼς
1812 3129 1911 3202 τὴν
1942 3129 2121 3183 αἰτίαν

537 3220 617 3284 ὧν
648 3226 874 3298 ἔπασχε,
909 3225 1006 3280 καὶ
1035 3225 1144 3280 τῶν
1179 3225 1480 3296 σκωλήκων
1507 3225 1601 3278 καὶ
1630 3223 1739 3277 τῶν
1765 3221 1988 3285 ὀδυνῶν,
2017 3219 2122 3274 ὑπὸ

539 3319 643 3391 τῆς
677 3318 912 3390 ἀπορίας
959 3316 1166 3387 ταύτης
1224 3317 1426 3387 μᾶλλον
1471 3316 1849 3387 κεντούμενος.
1887 3314 2000 3367 Καὶ
2037 3314 2123 3367 ῐνα

543 3410 747 3486 μάθῃς,
782 3410 864 3463 ὅτι
895 3408 1052 3464 ταῦθ’
1094 3408 1268 3475 οὑτως
1300 3409 1437 3480 ἔχει,
1465 3410 1554 3462 ὅτε
1585 3406 1922 3478 κατηξίωσεν
1944 3406 1974 3458 ὀ
1999 3404 2120 3474 φιλ-

540 3505 828 3576 άνθρωπος
856 3500 990 3570 Θεδς
1024 3503 1196 3558 είπεϊν
1216 3501 1366 3573 αὐτῷ
1395 3500 1502 3556 τῶν
1533 3499 1757 3570 ἀγώνων
1787 3500 1992 3554 τούτων
2023 3499 2121 3572 τὴν

540 3596 743 3660 αἰτίαν,
768 3597 851 3651 ὅτι
874 3597 989 3650 Ἵνα
1006 3594 1215 3658 δίκαιος
1244 3595 1523 3666 ἀναφανῇς
1549 3591 1722 3649 ταῦτα
1745 3591 2121 3665 συνεχωρήθη,

539 3685 717 3750 οὑτως
742 3685 1097 3749 ἀνέπνευσεν,
1126 3683 1202 3748 ώς
1236 3683 1370 3755 μηδὲ
1402 3682 1687 3748 πεπονθώς
1711 3700 1765 3735 τι
1803 3682 1913 3737 τῶν
1945 3681 2122 3752 λυπη-

541 3777 655 3853 ρῶν
687 3777 937 3842 ἐκείνων,
968 3776 1065 3834 καὶ
1097 3778 1255 3832 τοῦτο
1291 3777 1350 3844 ἐξ
1383 3769 1459 3832 ὧν
1505 3773 1805 3845 ἐφθέγξατο
1834 3774 2120 3845 ἐδήλωσεν.

556 3869 696 3925 Ἀλλ’
726 3870 876 3941 ὅμως
905 3869 1002 3924 καὶ
1056 3870 1188 3941 πρὶν
1230 3868 1264 3940 ἥ
1312 3868 1504 3939 μαθεῖν
1533 3867 1631 3938 τὴν
1654 3866 1857 3931 αἰτίαν,
1883 3865 2125 3919 ὠδυνᾶτο

543 3959 666 4031 μὶν,
691 3960 856 4032 ἔφερε
884 3960 943 4015 δὲ
976 3960 1260 4030 γενναίως,
1293 3958 1390 4014 καὶ
1423 3957 1561 4030 μετά
1592 3957 1655 4012 τὸ
1686 3958 1865 4011 πάντα
1909 3955 2123 4011 ἀποϐαο

538 4052 674 4120 λεῖν,
699 4052 796 4126 τὴν
825 4052 1133 4125 θαυμασίαν
1150 4052 1364 4123 ἐκείνην
1380 4051 1558 4121 ἀφῆκε
1579 4050 1764 4122 φωνήν
1783 4064 1798 4079 °
1843 4046 1896 4101 Ὀ
1909 4049 2125 4116 Κύριος

539 4145 788 4211 ἔδωκεν,
806 4148 840 4201 d
870 4147 1084 4215 Κύριος
1114 4145 1415 4215 ἀφείλετοο
1452 4145 1535 4210 ὡς
1564 4142 1645 4209 τῷ
1670 4142 1868 4210 Κυρίῳ
1885 4140 2122 4206 ἔδοξεν,

540 4238 732 4306 οὕτως
748 4239 848 4293 καί
874 4239 1109 4309 ἐγένετο
1133 4256 1149 4271 ο
1170 4240 1267 4308 εἴη
1310 4240 1376 4293 τὸ
1409 4238 1597 4307 ὄνομα
1624 4237 1845 4305 Κυρίου
1874 4237 2126 4306 εὐλογη-

539 4329 730 4405 μένον
753 4331 842 4395 είς
867 4329 1012 4396 τοὺς
1030 4328 1269 4399 αἰῶνας.

617 4423 685 4478 θ’.
717 4421 879 4477 ’Δλλά
898 4422 1010 4495 γὰρ
1038 4422 1189 4477 ἐοικα
1206 4423 1313 4477 ὑπὸ
1324 4421 1419 4476 τοῦ
1436 4421 1638 4493 ἔρωτος
1650 4418 1746 4474 τοῦ
1777 4418 1966 4490 ἀνδρὸς
1989 4435 2125 4473 κατ-

541 4514 825 4589 εχόμενος,
846 4513 1181 4588 πορρωτέρω
1207 4514 1309 4585 τῆς
1335 4511 1647 4575 ὑποθέσεως
1659 4510 1989 4582 ἐληλακέναι
2024 4509 2127 4581 τῆς

543 4611 947 4686 προκειμένηςο
979 4609 1061 4665 διὸ
1087 4607 1249 4678 ὀλίγα
1292 4608 1550 4681 προσθεὶς
1590 4607 1801 4679 ἀψομαι
1847 4606 1956 4661 τῶν
1990 4621 2127 4677 προ-

542 4704 816 4777 κειμένων
871 4703 1055 4760 πάλιν.
1101 4696 1271 4766 Οὗτος
1304 4701 1486 4755 τοίνυν
1515 4702 1545 4754 ὀ
1574 4697 1827 4763 τοσοῦτος
1851 4698 1947 4753 καὶ
1974 4698 2130 4770 τηλιο

543 4792 741 4857 κοῦτος
765 4792 926 4865 ἀνὴρ,
959 4793 988 4845 ὁ
1011 4790 1281 4855 τοσαύτας
1303 4791 1547 4861 ἀνάγκας
1575 4789 1790 4861 φύσεως
1812 4790 2131 4863 καταπατή-

546 4900 669 4948 σας,
698 4883 800 4939 οὑκ
831 4883 1130 4956 ἐτόλμησεν
1156 4883 1276 4938 οὐδὲ
1306 4883 1467 4948 αὐτὸς
1500 4885 1580 4948 είς
1611 4883 1703 4938 τὸν
1732 4882 1921 4953 ἀγῶνα
1940 4881 2129 4937 τοῦτον

546 4974 815 5043 καθεῖναι,
868 4975 1007 5031 ἀλλά
1058 4977 1153 5032 καὶ
1185 4977 1442 5048 γυναικὸς
1482 4976 1776 5043 ἀπέλαυσε,
1812 4976 1907 5030 καὶ
1947 4975 2130 5049 πατὴρ

547 5064 768 5137 ἐγένετο
821 5067 1026 5122 παίδων
1077 5069 1371 5125 τοσούτων.
1405 5070 1653 5143 Τοσαύτη
1702 5071 1800 5143 τῆς
1831 5069 2130 5143 παρθενίας

548 5161 586 5235 ἡ
609 5157 887 5226 δυσκολία,
914 5158 1088 5226 οὕτως
1116 5162 1313 5233 ὑψηλοὶ
1340 5164 1435 5218 καὶ
1452 5162 1677 5235 μεγάλοι
1707 5162 1881 5233 αὑτῆς
1910 5163 1959 5216 οί
1990 5162 2134 5232 ἀγῶ·

548 5269 663 5318 νες,
715 5251 810 5307 καὶ
864 5251 1094 5324 χαλεποὶ
1137 5255 1186 5308 οἱ
1233 5254 1481 5327 ἱδρῶτες,
1521 5255 1616 5310 καί
1647 5253 1849 5326 πολλῆς
1886 5255 2131 5327 δεόμενοι

549 5343 652 5417 τῆς
678 5343 944 5410 εὐτονίας.
986 5345 1126 5400 Ἀλλ’
1152 5347 1301 5418 ὅμως
1323 5347 1514 5402 πολλαὶ
1530 5347 1638 5401 τῶν
1671 5346 1808 5419 πρὸς
1827 5346 1919 5400 τὸν
1945 5346 2133 5416 ἀγῶνα

546 5436 740 5496 τοῦτον
782 5437 1233 5511 ἀποδυσαμένων,
1279 5440 1453 5494 ἐκεῖνο
1485 5441 1546 5494 ού
1597 5439 2039 5510 κατηγωνίσαντο
2070 5438 2134 5494 τὸ

550 5530 745 5601 πάθος,
777 5530 841 5591 τὸ
866 5528 962 5591 τοῦ
985 5530 1375 5602 καλλωπισμοῦ
1416 5532 1517 5604 τῆς
1551 5532 1846 5607 περιϐολῆς
1870 5533 1979 5590 τῶν
2006 5534 2135 5605 ίματ

605 5714 638 5776 ξ
663 5711 815 5763 [Idem
837 5711 1209 5776 ἀπογεύσασθαι.

607 5773 641 5816 ι
665 5776 817 5838 Iidem
837 5778 865 5824 ὀ
886 5770 1031 5838 αὑτὸν
1049 5774 1324 5837 ἀποπνίγων
1362 5771 1629 5838 άφορήτως.
1655 5770 1765 5823 Duo
1784 5770 1866 5824 alii
1889 5775 1914 5823 ὀ
1934 5772 2136 5824 ἀποπνί-

547 5851 645 5886 νων
828 5837 910 5899 καὶ
929 5836 1179 5899 ἀφόρητος.

611 5900 639 5931 °
659 5898 770 5950 Duo
788 5898 1184 5963 ἀναλογιζόμενοι.

1223 466 1278 520 S.
1317 463 1601 522 JOANNIS
1636 455 2120 519 CHRYSOSTOMI
2160 452 2482 511 ARCIIIEP.
2518 455 3073 521 CONSTANTINOP.

3688 476 3783 532 566

2219 568 2368 636 τίων,
2394 570 2507 625 ἀλλ’
2548 573 2793 629 ἑάλωσαν
2821 576 2917 630 καὶ
2955 575 3329 650 ἐχειρώθησαν
3359 580 3455 634 καὶ
3483 581 3587 638 τῶν
3615 585 3784 654 βιωτι-

2219 659 2332 711 κῶν
2362 661 2637 728 γυναικῶν
2685 663 2905 733 μᾶλλον.
2936 664 3024 737 Μὴ
3060 666 3169 735 γάρ
3214 685 3307 739 μοι
3343 669 3505 724 τοῦτο
3542 671 3680 742 λέγε,
3711 680 3783 736 ὅτι

2218 746 2440 816 χρυσίον
2465 748 2528 801 οὑ
2558 749 2883 820 περίκειται,
2911 752 3032 810 οὐδὲ
3077 755 3275 826 σηρικὰ
3309 759 3408 812 καὶ
3450 762 3785 831 χρυσόπαστα

2219 835 2643 924 περιϐέϐληνται
2670 838 2878 909 ἱμάτια,
2908 841 3029 895 οὐδὲ
3053 844 3418 917 ἥριδέρῤαια
3447 847 3785 924 λιθοκόλλητα

2218 919 2421 992 έχουσι.
2447 923 2490 975 Τ
2492 923 2522 976 δ
2554 924 2662 996 γάρ
2694 925 3078 1002 χαλεπώτερον
3120 931 3357 998 μάλιστα
3393 934 3612 991 πάντων
3641 919 3783 998 τούτό

2217 1009 2354 1074 ἐστι,
2386 1009 2481 1063 καὶ
2527 1010 2557 1064 δ
2588 1012 2707 1082 μεθ’
2740 1012 3046 1086 ὑπερϐολῆς
3092 1016 3369 1075 δείκνυσιν
3401 1024 3583 1078 αὑτῶν
3622 1027 3679 1080 τὸ
3707 1030 3785 1083 νό-

2219 1112 2389 1169 σημα,
2448 1100 2543 1154 καὶ
2588 1101 2685 1155 τοῦ
2736 1102 2942 1169 πάθους
2989 1107 3089 1178 τὴν
3119 1110 3434 1181 τυραννίδα,
3464 1112 3544 1166 ὅτι
3580 1113 3783 1185 ἴσχυσαν

2218 1190 2313 1244 καὶ
2334 1191 2749 1265 ἐφιλονείκησαν
2778 1197 2873 1252 καὶ
2892 1198 3179 1255 ἐϐιάσαντο
3204 1202 3272 1256 δι’
3307 1205 3546 1262 εὐτελῶν
3575 1210 3783 1280 ἱματίων

2218 1281 2442 1337 ἐκείνων
2510 1284 2934 1358 ὑπερακοντίσαι
2987 1291 3079 1346 τὸν
3136 1293 3527 1369 καλλωπισμὸν
3576 1301 3678 1355 τῶν
3724 1305 3782 1358 τὰ

2221 1379 2400 1446 χρυσᾶ
2422 1382 2823 1452 περικειμένων
2862 1386 2956 1439 καί⁸
2995 1385 3069 1440 τά
3111 1388 3303 1457 ίμάτια
3334 1391 3405 1444 τά
3439 1393 3656 1465 σηρικὰ,
3699 1399 3782 1450 καὶ

2219 1467 2510 1541 ἐπέραστοι
2549 1472 2750 1543 μᾶλλον
2776 1476 3026 1531 ἐντεῦθεν
3053 1476 3079 1518 (ί
3113 1480 3294 1533 αὑτῶν
3327 1484 3586 1555 φανῆναι,
3605 1486 3676 1551 ὡς
3695 1489 3779 1557 μὲν

2218 1561 2381 1616 αὑταὶ
2426 1563 2762 1635 νομίζουσιν,
2801 1568 3092 1641 ἀδιάφορον
3137 1571 3423 1642 μετιοῦσαι
3449 1578 3778 1649 πρᾶγμα,ώς

2218 1650 2275 1705 δὲ
2307 1654 2341 1724 ἡ
2395 1652 2492 1707 τοῦ
2523 1656 2846 1727 πράγματος
2897 1660 3056 1729 φύσις
3102 1662 3399 1730 δείκνυσιν,
3436 1666 3671 1739 ὀλέθριον
3698 1672 3777 1725 καὶ

2220 1743 2483 1817 βλαϐερὸν
2525 1749 2620 1802 καὶ
2657 1747 2793 1819 βαθὺ
2847 1751 2907 1804 τὸ
2955 1752 3229 1827 βάραθρον
3260 1756 3409 1828 ἔχον.
3456 1760 3549 1814 Διὺ
3590 1763 3775 1834 μυρίοις

2220 1837 2484 1907 στόμασιν
2537 1837 2935 1911 ἀνακηρύττειν
2985 1860 3045 1896 σε
3091 1846 3197 1919 χρὴ
3235 1847 3447 1919 ταύτης
3483 1849 3659 1906 ἕνεκεν
3690 1852 3775 1923 τῆς

2219 1929 2550 1997 ὑποθέσεως,
2580 1932 2665 1986 ὅτι
2718 1933 3011 2006 παρθένοις
3036 1937 3227 2006 γέγονε
3270 1940 3772 2010 δυσκαταγώνιστον,

2216 2022 2376 2079 τοῦτο
2399 2026 2465 2095 τῇ
2520 2026 2579 2078 ἐν
2626 2028 2824 2099 χηρείᾳ
2855 2027 3006 2101 ζώσῃ
3047 2030 3190 2085 οὕτω
3227 2032 3414 2104 ῥᾴδιον
3445 2034 3538 2087 καὶ
3562 2032 3769 2096 εὔκολον,

2217 2113 2294 2177 ὡς
2326 2114 2465 2188 αὑτὴ
2488 2115 2597 2171 τῶν
2612 2119 2954 2189 πραγμάτων
2980 2121 3178 2187 ἔδειξεν
3198 2125 3229 2195 η
3262 2125 3509 2195 ἀλήθεια.
3535 2124 3661 2178 Οὐδὲ
3680 2125 3772 2196 7&9

2217 2204 2317 2275 τὴν
2341 2205 2622 2260 εὐτέλειαν
2680 2207 2948 2280 θαυμάξω
3003 2213 3104 2284 τῆς
3136 2214 3438 2286 περιϐολῆς
3496 2215 3646 2286 μόνον
3687 2216 3773 2286 τὴν

2218 2296 2423 2366 ἄφατον
2444 2310 2491 2365 θ,
2517 2298 2612 2353 καὶ
2633 2301 2830 2365 αὑτοὺς
2850 2303 2979 2367 τοὺς
3000 2307 3431 2377 προσαιτοῦντας
3451 2308 3771 2381 ὑπερακοντί-

2219 2384 2440 2453 ζουσαν,
2467 2387 2767 2463 [5461ἀλλά
2793 2394 2888 2447 καὶ
2917 2395 2979 2448 τὸ
3013 2396 3429 2469 ἀσχημάτιστον
3461 2399 3696 2471 μάλιστα,
3721 2398 3770 2453 τὸ

2218 2478 2635 2551 ἀνεπιτήδευτον
2660 2482 2768 2538 τῶν
2797 2485 3244 2559 περιϐλημάτων,
3279 2490 3391 2546 τῶν
3418 2491 3764 2562 ὑποδημάτων,

2215 2569 2316 2641 τῆς
2339 2569 2622 2640 βαδίσεως,
2658 2574 2803 2648 άπερ
2849 2576 3065 2633 ἅπαντα
3094 2580 3368 2653 χρώματά
3403 2582 3548 2637 ἐστιν
3575 2584 3762 2655 ἀρετῆς,

2216 2661 2317 2733 τὴν
2362 2663 2793 2741 ἐναποκειμένην
2820 2672 2885 2742 τῇ
2925 2671 3070 2745 ψυχῇ
3101 2673 3422 2746 φιλοσοφίαν
3451 2675 3638 2741 ἔξωθεν
3657 2676 3765 2729 ἀνα-

2218 2752 2631 2839 ζωγραφούντα.
2682 2763 3031 2839 Στολιοίμόςλ
3064 2765 3171 2839 γὰρ
3196 2767 3444 2839 ἀνδρὸς,
3488 2766 3761 2839 φησὶνηκιιί

2221 2823 2430 2893 πέλω(
2461 2828 2741 2896 ὀδόντων,
2791 2832 2891 2886 καί
2911 2823 2919 2832 ’
2941 2823 3115 2905 βῆμὶι
3141 2823 3351 2903 ‘noao'c
3390 2823 3762 2909 ἱιόριὶγξηελὲῖτά

2217 2918 2352 2986 περὶ
2380 2920 2588 2976 αὐτοῦ.
2612 2922 2673 2976 Et
2700 2924 2810 2995 7&9
2837 2927 2911 2997 μὴ
2941 2927 3061 2997 μεθ’
3088 2929 3402 3003 ὑπερϐολῆς
3424 2931 3548 2994 τοὺς
3576 2928 3763 2998 γεώδεις

2216 3009 2318 3081 τῆς
2348 3010 2610 3084 βιωτικῆς
2657 3018 2958 3085 φαντασίας
3012 3018 3309 3091 λογισμοὺς
3358 3023 3530 3094 χαμαὶ
3567 3020 3762 3093 έρῤιψας

2218 3104 2314 3157 καὶ
2346 3107 2754 3178 κατεπάτησας,
2778 3110 2878 3164 οὐκ
2924 3111 2991 3165 ἂν
3025 3112 3199 3178 οὕτως
3230 3114 3251 3154 ί
3296 3116 3380 3180 είς
3411 3114 3648 3168 τοσοῦτον
3689 3112 3761 3177 ἐξ·

2219 3196 2496 3267 επηδησας
2519 3199 2820 3271 ὑπεροψίας
2840 3203 3041 3268 αὑτῶν,
3066 3206 3165 3260 οὑκ
3181 3205 3246 3261 ἂν
3268 3207 3415 3261 οὕτω
3439 3205 3573 3261 κατά
3596 3204 3759 3275 κράτος

2218 3286 2318 3360 τὴν
2347 3290 2735 3365 χαλεπωτάτην
2760 3297 3037 3367 ἁμαρτίαν
3080 3299 3287 3371 ταύτην
3328 3301 3578 3371 ἐνίκησάς
3613 3314 3663 3350 τε
3687 3295 3761 3349 καὶ

2220 3380 2526 3451 ἀπήλασας.
2572 3384 2729 3440 Ἀλλὰ
2767 3387 2951 3458 μηδεὶς
2997 3389 3309 3464 ὑπερϐολὴν
3348 3385 3761 3460 καταγινωσκέτω

2219 3469 2313 3524 τοῦ
2340 3472 2522 3542 λόγου,
2544 3476 2590 3530 εί
2618 3476 3008 3551 χαλεπωτάτην
3034 3481 3237 3553 ταύτην
3254 3483 3528 3554 ἁμαρτίαν
3540 3477 3758 3533 ἐκάλεσα.

2219 3562 2283 3618 Εἰ
2317 3566 2425 3638 7&9
2462 3568 2553 3621 ἐπὶ
2585 3570 2692 3623 τῶν
2749 3570 3020 3640 βιωτικῶν
3058 3574 3151 3627 καὶ
3196 3574 3467 3647 Ἐϐραίων
3504 3567 3758 3642 γυναικῶν,

2220 3659 2316 3714 καὶ
2343 3662 2401 3714 ἐν
2428 3663 2621 3734 ἐκείνῳ
2649 3663 2728 3736 τῷ
2770 3666 2948 3740 καιρῷ
2976 3670 3243 3742 τοσαύτην
3265 3670 3432 3743 ἔφερε
3455 3669 3550 3740 τὴν
3577 3664 3758 3719 κόλασιν

2218 3752 2281 3806 τὸ
2316 3753 2716 3828 πλημμέλημα,
2754 3759 2847 3811 ἐπὶ
2871 3760 2980 3814 τῶν
3024 3761 3357 3833 ὀφειλουσῶν
3398 3762 3460 3816 τὸ
3501 3759 3758 3825 πολίτευμα

2221 3842 2366 3916 ἔχειν
2382 3847 2440 3899 ἐν
2467 3848 2734 3919 οὐρανοῖς,
2770 3852 2864 3904 καὶ
2903 3851 3191 3921 ἀγγελικὺν
3230 3854 3513 3926 μιμεῖσθαι
3545 3850 3662 3922 βίον,
3684 3845 3757 3901 καὶ

2221 3937 2279 3993 ὲν
2306 3939 2490 4011 χάριτι
2542 3941 2997 4015 πολιτευομένων,
3022 3947 3144 4000 τίνα
3180 3946 3246 4001 ἂν
3275 3948 3431 4019 σχοίη
3474 3941 3759 4015 συγγνώμην

2221 4031 2283 4084 τὸ
2307 4032 2439 4085 αὑτὸ
2474 4033 2633 4088 τοῦτο
2687 4036 3036 4107 τολμώμενον
3065 4037 3206 4108 μετά
3232 4038 3475 4102 πλείονος
3501 4038 3592 4108 τῆς
3621 4035 3759 4101 ὖπείν

2223 4122 2416 4196 60λῆςὶ
2452 4125 2623 4180 Ὅταν
2675 4127 2784 4200 γὰρ
2833 4128 2949 4202 ίδῃς
2986 4128 3254 4200 παρθένον
3281 4126 3686 4198 κατακλωμένην
3710 4122 3758 4172 ἐν

2221 4219 2335 4283 τοῖς
2363 4219 2618 4288 ἱματίοις,
2671 4220 2944 4289 σύρουσαν
2981 4225 3108 4288 τοὺς
3136 4224 3394 4295 χιτῶνας,
3424 4225 3554 4292 ὅπερ
3577 4212 3756 4288 προφή-

2222 4326 2322 4380 τ-ης
2368 4312 2677 4380 ἐνεκάλεσε,
2727 4313 3201 4387 διαθρυπτομένην
3243 4320 3303 4371 ἐν
3332 4321 3396 4390 τῇ
3448 4314 3652 4387 βαδίσει,
3680 4304 3758 4360 καὶ

2223 4400 2314 4455 διὰ
2337 4404 2544 4475 φωνῆς,
2571 4405 2669 4460 καὶ
2694 4405 2784 4459 διά
2802 4407 3087 4478 ὀμμάτων,
3109 4410 3204 4462 καὶ
3229 4410 3319 4465 διὰ
3344 4407 3530 4478 στολῆς
3551 4403 3607 4457 τὸ
3629 4399 3758 4470 δηλη’

2222 4494 2411 4566 τήριον
2463 4496 2802 4566 κεραννῦσαν
2829 4500 3089 4572 ποτήριον
3124 4504 3239 4565 τοῖς
3270 4501 3572 4557 ἀκολάστως
3600 4492 3753 4563 ὁρῶσιν

2226 4587 2322 4640 καὶ
2353 4587 2422 4643 τὰ
2446 4587 2696 4662 βάραθρα
2726 4591 3004 4645 ὲπιπλεῖον
3030 4592 3482 4648 ἀνασκάπτουσαν
3509 4589 3611 4647 τοῖς
3641 4593 3756 4648 παρ·

2228 4680 2389 4747 ιοῦσι,
2429 4683 2526 4736 καὶ
2575 4684 2810 4753 παγίδας
2849 4685 3089 4740 τιθεῖσαν
3135 4686 3406 4752 ἐντεῦθεν,
3443 4682 3553 4746 πῶς
3585 4672 3757 4737 ταύτην

2225 4770 2414 4828 λοιπὸν
2453 4777 2744 4846 προσερεῖς
2797 4775 3089 4848 παρθένον,
3116 4776 3233 4830 ἀλλ’
3261 4777 3323 4831 ού
3362 4773 3493 4847 μετά
3512 4768 3608 4823 τῶν
3641 4774 3757 4829 ποθ’

2227 4867 2535 4939 νευομένων
2580 4867 2751 4939 αὑτὴν
2822 4869 3154 4940 ἀριθμήσεις
3210 4867 3506 4939 γυναικῶν;
3557 4859 3624 4915 Οὐ
3666 4850 3755 4921 γὰρ

2226 4959 2484 5015 τοσοῦτον
2533 4960 2738 5014 ἐκεῖναι
2770 4959 2984 5033 δέλεαρ,
3015 4962 3139 5015 ὅσον
3171 4954 3334 5016 αὗται
3380 4960 3618 5031 γίνονται»
3645 4958 3755 5033 “vf

2227 5051 2455 5123 ταχόθεν
2502 5030 2945 5108 ἀναπεταννῢσαι
2996 5055 3097 5124 τῆς
3142 5054 3337 5126 ἡδονῆς
3375 5030 3442 5107 τὰ
3480 5041 3653 5115 πτερά.
3674 5030 3754 5089 Διά

2228 5144 2405 5199 ταῦτά
2439 5163 2499 5199 σε
2564 5145 2961 5218 μακαρίζομεν,
2998 5146 3087 5199 διά
3113 5146 3289 5201 ταῦτά
3331 5164 3389 5200 σε
3429 5132 3751 5218 θαυμάζομεγν

2230 5242 2313 5295 ὅτι
2373 5216 2590 5297 πάντων
2628 5216 3002 5311 ἀπαλλαγεῖσα
3056 5240 3261 5294 τούτων
3293 5241 3384 5295 καὶ
3415 5240 3469 5291 ἐν
3498 5228 3649 5295 τούτῳ
3672 5216 3753 5286 τὴν

2231 5335 2499 5405 νέκρωσιν
2563 5343 2590 5383 ι
2617 5335 2880 5403 ἐπεδείξω
2923 5334 3000 5405 τῷ
3049 5335 3238 5405 μέρει,
3289 5335 3385 5404 οὑχ
3436 5315 3750 5405 manubri-

2232 5402 2369 5480 ἀλλά
2399 5426 2802 5499 νεανιευομένη,
2853 5427 2917 5484 οὐ
2960 5402 3439 5500 καλλωπιζομένη,
3483 5414 3586 5474 ἀλλ’
3622 5402 3750 5461 01th-

2233 5516 2460 5589 ζομένηο

2299 5696 2327 5737 d
2360 5697 2598 5748 Ἐντεῦθεν
2620 5698 2765 5747 deest
2784 5700 2833 5749 In
2855 5696 3047 5746 duobus
3060 5710 3176 5746 mss.

2302 5766 2325 5791 ε
2354 5763 2458 5811 Duo
2480 5775 2595 5809 mss.
2628 5762 2713 5816 τήν
2741 5762 2974 5811 εὐτέλειάν
2994 5777 3082 5809 σου
3098 5758 3322 5822 θαυμάζω
3344 5757 3421 5815 τήν
3439 5751 3607 5812 ἄφατον·

2303 5823 2320 5862 ῐ
2351 5824 2517 5878 Οὕτως
2544 5822 2689 5871 deest
2712 5823 2760 5870 in
2781 5823 2989 5875 duobus.

2306 5889 2331 5927 Ι
2352 5883 2505 5936 Iidem
2532 5885 2614 5943 τήν
2634 5884 2781 5945 νίκην.
