4002 6386
219 341 314 398 565
1655 328 2032 388 EPiSTOLIE.

213 456 490 525 degustare
525 451 792 522 cupiebat.
825 446 1122 505 Coactam?
1152 447 1217 501 At
1246 444 1349 501 cibi
1382 452 1578 515 prtesto
1607 451 1802 507 erant,

212 563 306 603 nec
334 546 621 616 quisquam
650 552 767 599 erat
794 543 885 613 qui
925 556 1044 597 eum
1090 540 1172 595 his
1197 539 1277 594 uti
1319 536 1645 608 prohiberet.
1686 536 1804 591 lam

206 635 480 707 quomodo
507 634 676 704 ipsius
701 633 917 688 dolores
937 643 1375 694 commemorem,
1400 627 1661 683 vermium
1686 641 1807 681 sea-

212 727 489 797 turigines,
508 725 828 781 defluentem
856 724 1081 788 saniem,
1100 721 1295 792 probra
1320 719 1515 790 quibus
1533 733 1655 773 eum
1675 717 1804 771 ami-

210 821 255 873 ci
290 818 666 884 incessebant,
693 815 1011 870 famulorum
1041 809 1444 881 contemptum?
1475 808 1654 878 Neque
1672 809 1806 861 enim

209 910 391 982 famuli
434 910 536 964 mei
557 951 573 976 ,
602 908 810 980 inquit,
838 907 965 961 mihi
993 911 1353 977 pepercerunt,
1381 901 1503 973 quin
1531 900 1584 954 in
1624 898 1806 969 facient

208 1018 369 1056 meam
396 1009 699 1072 mspuerent
747 998 866 1069 (Job
892 996 982 1054 50.
1014 996 1136 1068 10):
1161 1008 1258 1050 eos
1280 991 1369 1064 qui
1399 993 1563 1062 ipsius
1584 990 1804 1046 calami-

209 1093 299 1147 tati
334 1091 684 1155 insultabant,
708 1104 935 1159 eamque
960 1084 1337 1158 exagitabant?
1364 1083 1502 1151 Quos
1530 1081 1695 1145 enim,
1727 1080 1806 1134 in-

205 1184 359 1256 quit,
391 1199 496 1238 non
525 1181 775 1254 dignabor
802 1195 987 1252 ponere
1010 1193 1129 1232 cum
1163 1175 1370 1231 canibus
1396 1173 1561 1246 gregis
1586 1171 1685 1226 mei
1704 1212 1720 1237 ,
1752 1171 1807 1225 hi

206 1293 339 1330 nunc
360 1277 610 1345 impetum
639 1275 691 1328 in
713 1290 791 1327 me
815 1277 1056 1343 fecerunt,
1086 1278 1132 1324 et
1166 1269 1330 1338 inﬁmi
1367 1268 1594 1322 homines
1620 1282 1697 1320 me
1716 1282 1805 1319 ca-

204 1371 390 1440 stigant
405 1368 484 1439 (a)
502 1367 624 1441 (Job
658 1366 728 1422 50
754 1367 848 1438 .l).
868 1367 1059 1421 Annon
1076 1363 1189 1419 hmc
1200 1362 1377 1418 omnia
1393 1361 1483 1415 tibi
1496 1360 1674 1432 gravia
1687 1373 1805 1415 esse

209 1460 508 1516 videntur?
533 1460 710 1530 gravia
741 1457 883 1513 enim
915 1456 1098 1528 procul
1120 1455 1282 1510 dubio
1311 1463 1456 1507 sunt.
1480 1453 1731 1506 Dicamne
1754 1451 1805 1507 id

206 1551 344 1622 quod
377 1552 646 1606 malorum
687 1559 847 1621 caput
872 1558 955 1604 est
977 1590 992 1616 ,
1027 1548 1293 1618 totiusque
1319 1545 1636 1600 calamitatis
1664 1545 1808 1601 velut

205 1644 502 1713 eoloplton,
526 1642 775 1714 quodque
795 1656 916 1696 eum
943 1640 1276 1711 potissimum
1300 1636 1679 1692 excruciabat?
1702 1636 1806 1690 Tu-

206 1737 475 1790 multuum
498 1749 704 1796 eorum,
726 1732 815 1803 qui
838 1733 892 1786 in
915 1732 1081 1802 ipsius
1099 1731 1278 1785 animo
1301 1728 1649 1795 exsistebant,
1675 1736 1807 1782 tem-

208 1836 410 1894 pestas,
431 1823 483 1879 id
506 1823 803 1894 prmsertim
824 1830 958 1888 erat,
983 1820 1124 1892 quod
1148 1836 1271 1876 eum
1295 1819 1629 1874 intolerando
1648 1818 1807 1873 modo

205 1918 556 1988 prmfocabat,
584 1919 805 1989 ejusque
827 1916 1149 1972 conscientia
1176 1929 1306 1986 pura
1340 1913 1645 1968 intestinam
1675 1921 1809 1966 tem-

207 2022 471 2081 pestatem
501 2011 769 2067 excitabat
790 2051 804 2075 ,
840 2009 1134 2080 rationique
1165 2007 1413 2063 tenebras
1452 2005 1757 2061 effundebat
1784 2046 1800 2070 ,

205 2119 267 2158 ac
317 2105 737 2174 gubernatorem
789 2101 1148 2173 perturbabat.
1205 2098 1337 2154 Nam
1381 2098 1474 2169 qui
1519 2097 1806 2152 multorum

205 2196 474 2251 scelerum
497 2195 599 2252 sibi
624 2195 825 2252 conscii
848 2203 994 2261 sunt,
1017 2192 1226 2248 etiamsi
1252 2190 1429 2247 acerbi
1454 2188 1652 2260 aliquid
1680 2187 1808 2258 ipsis

205 2289 457 2355 accidat,
495 2288 549 2344 id
591 2289 780 2344 saltem
817 2288 1056 2353 habent,
1087 2295 1147 2342 ut
1181 2300 1369 2342 eorum
1413 2298 1532 2354 quae
1559 2282 1809 2338 accidunt

205 2395 400 2435 causas
429 2380 742 2447 inveniant,
774 2388 989 2450 peccata
1024 2394 1121 2433 sua
1150 2392 1333 2434 secum
1369 2382 1680 2446 reputantes
1700 2414 1715 2439 ,
1743 2388 1808 2430 ac

208 2472 666 2541 perturbationem
705 2487 845 2539 eam,
874 2486 993 2542 quae
1030 2487 1097 2526 ex
1121 2468 1453 2525 dubitatione
1479 2467 1669 2535 oritur,
1699 2466 1807 2522 dis-

206 2567 497 2621 cutientes.
528 2568 599 2620 At
633 2566 725 2636 qui
772 2564 966 2620 nullius
1002 2562 1241 2619 criminis
1269 2561 1370 2618 sibi
1412 2559 1611 2616 conscii
1641 2567 1802 2625 sunt,

206 2674 398 2713 verum
424 2659 638 2714 eximiis
673 2660 928 2713 virtutum
957 2657 1288 2712 ornamentis
1325 2654 1534 2726 praediti
1559 2696 1575 2721 ,
1604 2655 1647 2708 si
1679 2652 1806 2723 quid

205 2753 472 2822 ejusmodi
513 2753 783 2823 patiantur
803 2794 818 2817 ,
848 2750 1139 2807 dummodo
1170 2747 1579 2804 resurrectionis
1610 2747 1800 2815 dogma

207 2844 409 2909 norint,
437 2858 501 2898 ac
531 2844 704 2898 futura
732 2844 820 2898 illa
846 2843 1062 2913 praemia
1094 2839 1465 2906 considerent,
1493 2838 1618 2892 illud
1650 2838 1807 2893 intel-

206 2935 378 3007 ligunt
404 2977 419 3002 ,
446 2950 509 2991 ea
535 2951 654 3006 quae
692 2935 940 2992 accidunt
967 2933 1257 2990 certamina
1282 2974 1296 2997 ,
1326 2947 1390 2986 ac
1432 2940 1805 2987 sexcentarum

206 3041 529 3083 coronarum
558 3028 834 3083 materiam
862 3041 1002 3082 esse.
1045 3028 1113 3080 At
1144 3025 1230 3079 hic
1259 3039 1378 3079 cum
1415 3032 1469 3079 et
1502 3023 1696 3094 probus
1725 3022 1808 3077 vir

207 3128 393 3187 esset,
425 3126 482 3173 et
509 3117 577 3174 de
603 3118 993 3174 resurrectione
1020 3117 1152 3172 nihil
1179 3116 1512 3186 exploratum
1544 3114 1802 3182 haberet,

208 3212 336 3267 hinc
377 3213 719 3283 potissimum
755 3213 1054 3283 jactabatnr
1075 3252 1091 3276 ,
1118 3211 1259 3280 quod
1298 3210 1555 3264 malorum
1586 3223 1803 3263 suorum

202 3321 426 3360 causam
453 3306 751 3375 ignoraret,
779 3305 1060 3375 acriusque
1088 3319 1209 3360 eum
1240 3303 1353 3359 [nec
1380 3303 1660 3369 dubitatio,
1684 3302 1804 3357 ani-

204 3400 393 3468 mique
432 3400 673 3455 anxietas
696 3441 711 3466 ,
743 3415 902 3471 quam
941 3413 1152 3453 vermes
1180 3412 1242 3452 ac
1270 3397 1511 3467 corporis
1547 3396 1762 3452 dolores
1787 3436 1802 3459 .

201 3493 564 3547 stimularent.
589 3494 758 3563 Atque
781 3501 840 3548 ut
857 3508 969 3548 rem
994 3493 1065 3548 ita
1087 3507 1146 3546 se
1169 3491 1366 3548 habere
1388 3491 1674 3562 intelligas,
1693 3505 1802 3561 quo

202 3594 455 3654 tempore
506 3584 644 3639 Deus
689 3601 785 3656 pro
828 3600 925 3641 sua
968 3584 1291 3655 benignitate
1327 3585 1423 3654 ipsi
1454 3586 1802 3640 certaminum

204 3678 405 3733 horum
433 3693 649 3733 causam
676 3679 884 3751 aperire
907 3678 1154 3750 dignatus
1179 3688 1281 3743 est,
1311 3693 1503 3748 nempe
1528 3693 1587 3733 se
1613 3676 1712 3732 hac
1737 3677 1805 3733 de

202 3785 374 3823 causa
408 3768 525 3824 hth
547 3771 875 3840 permisisse,
905 3778 963 3825 ut
990 3770 1265 3840 perspicua
1291 3781 1435 3825 esset
1464 3770 1627 3839 ipsius
1648 3770 1805 3839 justi-

203 3862 278 3914 tia
339 3871 453 3915 tum
479 3861 742 3933 denique,
773 3873 1037 3932 umquam
1069 3861 1201 3916 nihil
1228 3876 1410 3918 earum
1440 3862 1804 3916 molestiarum

203 3967 524 4023 perpessus,
548 3954 833 4024 reSpiravit
861 3971 875 4009 :
897 3954 1055 4025 idque
1077 3969 1144 4010 ex
1166 3954 1251 4021 iis,
1273 3969 1390 4025 qua:
1414 3961 1537 4008 tunc
1558 3953 1805 4024 loquutus

202 4057 305 4109 est,
344 4044 550 4115 liquido
578 4055 807 4102 constat.
841 4047 1103 4102 Cmterum
1132 4048 1283 4119 prius
1306 4047 1466 4102 etiam
1494 4063 1653 4118 quam
1678 4061 1807 4102 cau-

200 4149 323 4196 sam
353 4136 740 4204 intellexisset,
769 4138 956 4195 dolore
983 4139 1199 4210 quidem
1227 4138 1593 4196 afﬁciebatur:
1618 4155 1803 4195 verum

202 4227 330 4282 forti
358 4228 540 4283 animo
560 4245 682 4285 eum
710 4230 931 4296 ferebat,
953 4241 1115 4301 atque
1138 4232 1351 4287 amissis
1372 4232 1622 4288 omnibus
1642 4231 1804 4289 rebus

203 4319 581 4376 admirabilem
612 4322 758 4377 illam
794 4337 981 4378 vocem
1009 4323 1323 4389 emittebat,
1351 4323 1600 4379 Dominus
1626 4325 1800 4388 dedit,

204 4410 465 4467 Dominus
491 4413 730 4481 abstulit,
757 4415 887 4470 sicut
916 4415 1135 4470 Domino
1161 4415 1370 4487 placuit,
1398 4418 1471 4470 ita
1497 4417 1686 4487 factum
1707 4428 1802 4482 est;

201 4505 269 4560 sit
298 4522 487 4561 nomen
515 4506 721 4562 Domini
749 4508 1060 4564 benedictum
1087 4510 1139 4563 in
1166 4511 1354 4565 secula
1380 4509 1489 4583 (Id.
1528 4514 1577 4566 l.
1610 4510 1725 4583 2|).

276 4599 335 4657 9.
381 4599 579 4656 Verum
610 4602 833 4673 hujusce
857 4603 953 4658 viri
988 4618 1173 4659 amore
1214 4613 1521 4675 correptus.
1550 4604 1618 4660 ab
1648 4603 1803 4659 insti-

204 4701 318 4748 tnta
354 4695 601 4752 oratione
624 4696 837 4766 longius
863 4698 1152 4752 recessisse
1179 4697 1364 4751 videor
1390 4714 1403 4750 :
1433 4711 1619 4767 quare,
1654 4706 1806 4767 post-

204 4799 372 4854 quam
401 4800 569 4855 pauca
594 4786 910 4858 adiunxero,
933 4803 1145 4843 rursum
1171 4787 1238 4843 ad
1265 4803 1347 4855 ea,
1372 4804 1492 4859 quae
1518 4789 1645 4843 mihi
1675 4804 1803 4859 pro-

206 4877 384 4946 posita
405 4887 552 4944 sunt,
573 4893 663 4934 me
680 4877 930 4935 referam.
961 4879 1057 4934 llic
1087 4879 1247 4949 igitur
1275 4888 1417 4933 tanta
1446 4888 1663 4950 tamque
1691 4879 1802 4935 exi-

205 4968 314 5021 mia
347 4968 545 5025 virtute
566 4969 669 5037 vir,
697 4969 790 5041 qui
815 4979 892 5027 tot
920 4979 1125 5025 natura:
1154 4972 1504 5027 necessitates
1534 4970 1800 5041 protrivit,

206 5074 277 5116 ne
321 5061 444 5129 ipse
475 5061 690 5132 quidem
731 5061 788 5118 in
818 5062 924 5121 hoc
964 5071 1237 5119 certamen
1279 5062 1605 5118 descendere
1643 5078 1804 5119 ausus

207 5166 310 5224 est,
339 5171 528 5212 verum
558 5167 615 5214 et
639 5173 862 5214 uxorem
887 5157 1133 5214 adhibuit
1151 5198 1171 5223 ,
1197 5166 1253 5213 et
1279 5158 1547 5230 ingentem
1573 5158 1804 5213 filiorum

209 5261 500 5304 numerum
529 5251 1024 5322 procreavit.Tanta
1047 5251 1369 5322 virginitatis
1390 5258 1471 5305 est
1491 5249 1804 5317 difﬁcultas,

205 5349 315 5394 tam
361 5340 468 5396 alta
503 5350 560 5397 et
602 5339 857 5401 sublimia
906 5342 1075 5415 ipsius
1116 5342 1430 5408 certamina,
1460 5352 1565 5396 tam
1611 5358 1806 5412 graves

206 5433 468 5500 sudores,
500 5450 857 5507 tnagnzunque
880 5438 1050 5494 animi
1101 5433 1405 5490 ﬁrmitatem
1446 5434 1803 5503 requirentes.

201 5527 273 5582 Et
324 5537 504 5584 tamen
541 5529 722 5584 multa:
772 5544 840 5584 ex
889 5527 985 5595 iis,
1011 5543 1132 5599 qua:
1175 5526 1243 5583 ad
1281 5526 1384 5583 hoc
1425 5540 1697 5583 certamen
1744 5543 1805 5585 se

265 5688 341 5751 (a)
375 5689 464 5739 Hie
481 5687 623 5752 locus
636 5693 692 5752 et
713 5685 1028 5752 precedens,
1046 5686 1258 5752 quasiad
1278 5685 1449 5752 .tobum
1472 5639 1800 5752 pertinerent,

200 5749 359 5810 citati,
384 5751 535 5815 paulo
580 5749 729 5815 aliter
750 5750 993 5815 habentur
1016 5749 1270 5815 in'btbliis.
1312 5749 1403 5799 Sed
1440 5749 1804 5812 Chrysutomus

203 5815 298 5875 tne,
319 5811 535 5879 ut'saspe
558 5813 696 5875 alibi,
719 5814 1000 5864 memoriter
1017 5811 1244 5877 loquitur.

1917 441 2292 507 accinxcrttnt,
2317 438 2454 494 hanc
2493 443 2716 492 ornatus
2742 442 2797 492 et
2822 431 3101 504 elegantiae
3127 431 3512 502 immodieique

1915 533 2137 587 vestitus
2182 530 2529 600 cupiditatem
2572 526 2795 583 minime
2832 531 3188 595 superarunt,
3220 538 3405 578 verum
3443 538 3508 579 ea

1913 634 2083 695 captae
2102 633 2157 679 et
2175 625 2408 679 subactae
2439 630 2563 676 sunt
2592 619 2779 689 magis,
2801 633 2958 689 quam
2985 616 3235 674 mulieres
3256 615 3359 670 illae
3388 630 3510 687 quae

1914 715 2114 770 mundo
2156 730 2215 771 se
2242 713 2580 769 addixerunt.
2605 711 2787 782 Neque
2815 712 2958 764 enim
2985 708 3087 765 hoc
3113 707 3244 763 mihi
3264 722 3506 764 comme-

1914 821 2087 874 mora,
2136 819 2231 861 eas
2279 819 2466 860 aurum
2512 803 2733 858 minime
2772 811 3023 873 gestare,
3066 816 3168 857 nec
3213 802 3402 857 sericis
3455 811 3513 857 et

1913 911 2048 952 auro
2076 896 2344 952 distinctis
2370 895 2609 950 vestibus
2634 893 2846 948 indutas
2867 907 3011 959 esse,
3041 906 3216 963 neque
3238 902 3507 964 gemmata

1914 988 2133 1043 monilia
2152 999 2381 1058 gestare.
2404 984 2536 1041 Nam
2563 985 2705 1056 quod
2734 984 2950 1056 gravius
2970 991 3072 1049 est,
3091 983 3338 1054 quodque
3359 984 3506 1054 ipsa-

1914 1098 2031 1137 rum
2077 1056 2319 1137 morbum
2347 1090 2508 1151 atque
2537 1078 2694 1147 bujus
2729 1076 2947 1133 allectus
2995 1075 3329 1147 tyrannidem
3351 1090 3511 1147 aper-
3546 1056 3551 1059 l

1914 1178 2118 1232 tissime
2148 1176 2355 1248 prodit,
2389 1175 2517 1230 illud
2554 1183 2659 1241 est,
2686 1173 2828 1245 quod
2870 1172 3014 1227 omni
3050 1171 3215 1226 animi
3241 1171 3421 1228 studio
3448 1179 3509 1226 et

1912 1278 2107 1323 conatu
2150 1269 2202 1323 in
2250 1267 2355 1322 hoc
2401 1267 2778 1331 incubuerunt,
2811 1274 2868 1319 ut
2893 1279 2987 1334 per
3019 1263 3150 1318 viles
3175 1271 3230 1319 et
3264 1262 3509 1333 abjectas

1913 1361 2032 1417 illas
2080 1369 2257 1416 vestes
2283 1402 2299 1428 ,
2340 1374 2522 1415 earum
2563 1374 2684 1429 qua:
2730 1373 2864 1413 auro
2907 1355 3169 1411 redimita:
3221 1371 3284 1411 ac
3321 1354 3510 1412 sericis

1912 1452 2151 1508 vestibus
2173 1453 2384 1507 amictae
2408 1460 2552 1515 sunt,
2584 1450 2901 1520 elegantiam
2931 1456 2987 1504 et
3011 1457 3259 1502 ornatum
3289 1462 3513 1519 supera-

1913 1557 2049 1610 rent,
2081 1555 2241 1615 atque
2262 1544 2389 1601 hinc
2416 1543 2755 1598 amabiliores
2784 1542 2889 1596 illis
2918 1541 3228 1596 viderentur
3257 1558 3270 1601 ;
3302 1540 3354 1594 in
3400 1539 3509 1596 hoc

1912 1637 2133 1700 scilicet,
2164 1645 2221 1689 ut
2249 1634 2464 1705 quidem
2495 1634 2626 1703 ipsa)
2658 1640 2870 1703 putant,
2903 1630 3225 1686 indiﬂ'erenti
3254 1630 3506 1686 minime-

1912 1743 2016 1798 que
2041 1725 2501 1797 reprehendenda:
2547 1725 2627 1780 rei
2665 1723 2961 1790 studentes,
2984 1732 3043 1777 ut
3084 1731 3263 1778 autem
3301 1722 3379 1777 rei
3410 1737 3507 1778 na-

1914 1829 2030 1874 tura
2079 1819 2452 1884 demonstrat,
2503 1817 2820 1887 perniciosm
2866 1830 2930 1870 ac
2986 1816 3292 1885 pestiferae,
3345 1823 3511 1886 atque

1911 1913 2069 1965 altam
2093 1910 2399 1981 voraginem
2431 1909 2664 1965 habenti.
2700 1906 2959 1974 Quocirca
2989 1907 3096 1961 hoc
3122 1906 3338 1961 nomine
3378 1920 3508 1960 sex-

1912 2002 2083 2058 centis
2125 2001 2317 2073 linguis
2344 2000 2529 2057 laudes
2561 2009 2680 2055 tuas
2723 1998 3000 2069 praedicari
3043 2006 3292 2067 oportet,
3322 1997 3508 2067 quod,

1911 2113 2031 2168 qua:
2056 2110 2146 2152 res
2175 2111 2206 2150 a
2236 2095 2528 2164 virginibus
2551 2109 2693 2165 aagre
2714 2093 2958 2163 superari
2989 2099 3205 2162 potest,
3232 2089 3347 2144 haec
3379 2089 3469 2145 tibi
3486 2129 3507 2157 ,

1912 2205 2031 2260 qua:
2053 2188 2107 2242 in
2134 2186 2393 2243 viduitate
2414 2185 2588 2257 degis,
2629 2185 2697 2239 ita
2735 2184 2906 2239 facilis
2932 2198 2995 2238 ac
3026 2192 3269 2253 prompta
3291 2188 3416 2248 est,
3447 2189 3509 2236 ut

1912 2283 2026 2353 ipsa
2057 2296 2237 2337 rerum
2267 2281 2464 2336 veritas
2496 2280 2709 2349 planum
2743 2277 2887 2333 fecit.
2909 2275 3093 2345 Neque
3113 2275 3255 2329 enim
3276 2272 3506 2329 incredi.

1912 2372 2073 2429 bilem
2129 2371 2447 2443 quamdam,
2500 2381 2662 2441 atque
2712 2368 2856 2439 ipsos
2908 2367 3070 2422 etiam
3139 2363 3508 2419 mendicantes

1911 2473 2291 2535 superantem,
2338 2462 2565 2518 vestiunt
2611 2460 2869 2514 vilitatem
2920 2457 3199 2512 dumtaxat
3246 2453 3510 2521 admiror,

1911 2572 2095 2612 verum
2120 2555 2248 2611 illud
2277 2554 2438 2611 etiam
2456 2570 2483 2622 ί
2514 2552 2655 2623 quod
2685 2550 2738 2604 in
2769 2548 2984 2612 vestitu,
3007 2557 3060 2601 et
3086 2543 3464 2601 calceamentis
3486 2583 3505 2609 ,

1909 2656 2074 2718 atque
2114 2648 2326 2702 incessu
2365 2655 2478 2711 tuo,
2509 2644 2641 2698 nihil
2671 2652 2754 2697 est
2782 2642 3015 2696 fucatum
3038 2679 3058 2706 ,
3088 2636 3220 2692 nihil
3249 2635 3317 2691 de
3348 2635 3501 2689 indu-

1910 2741 2041 2794 stria
2086 2747 2455 2809 comparatum
2498 2746 2580 2792 est
2628 2744 2683 2790 et
2738 2733 3092 2796 elaboratum,
3125 2745 3244 2801 quae
3289 2728 3508 2798 quidem

1864 2828 1874 2837 ’
1909 2830 2088 2885 omnia
2118 2828 2329 2884 virtutis
2357 2830 2567 2883 colores
2593 2833 2749 2890 sunt,
2774 2824 2967 2895 quibus
3005 2821 3261 2891 sapientia
3288 2834 3350 2875 ea
3384 2834 3508 2889 qua:

1910 2923 1964 2977 in
1997 2921 2176 2977 animo
2204 2920 2478 2976 recondita
2503 2928 2619 2985 est,
2651 2928 2869 2973 exterae
2911 2914 3236 2985 depingitur.
3277 2912 3509 2967 Amictus

1909 3015 2051 3070 enim
2083 3013 2330 3085 corporis,
2365 3012 2537 3083 inquit
2580 3010 2873 3079 Scriptura,
2899 3016 2943 3061 et
2984 3007 3118 3060 risus
3166 3004 3429 3067 dentium,
3458 3012 3507 3056 et

1909 3110 2165 3178 ingressus
2212 3104 2432 3159 hominis
2471 3101 2801 3158 enuntiabant
2846 3100 2910 3153 de
2954 3097 3044 3151 illo
3069 3092 3355 3167 (Eccli.l9.
3382 3091 3502 3162 27).

1908 3199 2042 3255 Nam
2066 3199 2165 3253 nisi
2197 3207 2437 3253 terrenas
2464 3208 2780 3267 pomparum
2802 3190 2960 3262 hujus
2989 3190 3111 3244 vita:
3141 3187 3503 3257 cogitationes

1910 3289 2283 3345 incredibilem
2309 3287 2594 3357 quemdam
2621 3287 2673 3341 in
2703 3285 2917 3340 modum
2945 3281 3092 3335 humi
3120 3278 3511 3349 prostravisses

1909 3398 1973 3439 ac
2002 3382 2389 3453 proculcasses,
2420 3396 2527 3436 non
2554 3378 2605 3435 in
2640 3388 2844 3434 tantum
2877 3376 3111 3448 ipsarum
3141 3379 3509 3442 contemptum

1909 3477 2223 3546 erupisses,
2268 3489 2369 3530 nec
2417 3487 2580 3544 grave
2641 3471 2743 3526 hoc
2799 3475 3075 3540 peceatum
3145 3476 3250 3519 tant
3301 3462 3513 3518 fortiter

1909 3580 2244 3639 superasses.
2273 3564 2351 3621 Ne
2381 3579 2509 3619 vero
2537 3578 2623 3617 me
2669 3561 2951 3634 quisquam
2993 3556 3156 3612 nimia
3208 3568 3506 3625 exaggertp

1910 3663 2056 3717 tione
2082 3660 2156 3715 uti
2183 3659 2472 3723 existimet,
2504 3653 2645 3726 quod
2675 3651 3049 3725 gravissimum
3093 3649 3195 3702 hoc
3224 3657 3510 3716 peccatum

1910 3753 2248 3825 appellarim.
2282 3749 2414 3804 Natn
2442 3762 2564 3803 cum
2594 3744 2878 3800 mundanis
2920 3740 3268 3796 Hebrmorum
3308 3736 3505 3790 mulie-

1908 3846 2080 3911 ribus,
2099 3854 2257 3910 atque
2280 3841 2364 3894 illa
2398 3846 2713 3908 tempestate
2738 3833 2913 3890 scelus
2941 3831 3043 3886 hoc
3065 3838 3263 3883 tantam
3291 3839 3509 3897 pmnam

1907 3932 2270 3996 accersiverit,
2299 3931 2361 3986 iis
2388 3944 2507 4001 quae
2529 3923 2993 3983 conversationem
3025 3922 3077 3975 in
3104 3919 3249 3974 ca'lis
3271 3917 3508 3984 habere,

1908 4035 2069 4096 atque
2097 4026 2409 4095 angelorum
2451 4023 2612 4074 vitam
2660 4015 2861 4071 itnitari
2904 4012 3122 4076 debent,
3154 4020 3208 4065 et
3239 4012 3292 4063 in
3331 4008 3504 4079 gratia

1907 4118 2070 4172 vitam
2098 4123 2283 4186 agunt,
2307 4127 2465 4185 quam
2489 4109 2705 4168 veniam
2725 4108 2865 4163 idem
2889 4103 3031 4159 istud
3058 4102 3304 4158 obtinere
3319 4108 3510 4171 queat,

1910 4212 2079 4266 multo
2125 4210 2341 4281 gravius
2381 4200 2952 4279 perpetratum?Nam
2993 4212 3114 4253 cum
3149 4196 3410 4266 virginem
3448 4208 3505 4248 in

1907 4304 2100 4359 vestitu
2130 4301 2345 4357 mollem
2374 4301 2605 4353 tunicam
2637 4296 2958 4355 trahentem,
2988 4289 3039 4345 id
3074 4288 3214 4360 quod
3244 4284 3504 4358 prepheta

1907 4396 2116 4453 crimini
2164 4394 2331 4461 dedit,
2378 4391 2577 4447 lascive
2618 4389 3011 4448 ambulantem,
3039 4394 3200 4452 atque
3252 4375 3511 4445 voce,et

1907 4491 2099 4555 oculis,
2131 4497 2186 4544 et
2208 4489 2442 4550 amictu,
2474 4493 2796 4539 venenatum
2846 4476 3095 4550 poculum
3126 4475 3190 4528 iis
3216 4471 3305 4543 qui
3333 4471 3511 4541 ipsam

1909 4581 2179 4654 impudico
2202 4580 2356 4633 oculo
2380 4577 2651 4631 intuentur
2677 4573 3012 4631 miscentem,
3036 4581 3100 4621 ac
3127 4563 3411 4632 voragines
3440 4562 3514 4614 iis

1907 4651 2003 4747 qui
2022 4682 2299 4729 transeunt
2322 4683 2493 4738 mttng
2518 4682 2581 4721 ac
2609 4664 2777 4735 magis
2803 4660 3166 4722 ell’odientem,
3194 4664 3353 4723 atque
3379 4651 3512 4705 hinc

1906 4742 2130 4840 laqueos
2162 4762 2470 4819 tendentem
2505 4757 2723 4822 videris,
2753 4750 3024 4825 quomodo
3053 4748 3158 4819 iant
3188 4761 3306 4802 eam
3335 4742 3505 4815 virgi-

1908 4876 2031 4916 nem
2060 4856 2319 4929 appelles,
2350 4867 2414 4908 ac
2455 4865 2560 4906 non
2593 4848 2770 4919 potius
2816 4845 2876 4899 in
2920 4851 3220 4898 scortorum
3269 4849 3510 4892 numero

1907 4948 2319 5025 repomsUsm‘.
2369 4944 2586 5015 3.16)?
2638 4941 2821 5010 Neque
2875 4936 3017 4993 enim
3062 4943 3247 4989 scorta
3296 4939 3506 4986 tantam

1908 5045 2219 5100 illecebram
2250 5040 2530 5111 objiciunt,
2565 5044 2821 5106 quautam
2863 5030 3003 5095 istic,
3032 5026 3322 5096 voluptatis
3365 5038 3504 5094 penn-

1908 5153 2006 5195 nas
2032 5137 2178 5193 omni
2209 5151 2274 5191 ex
2302 5142 2453 5205 parte
2483 5129 2834 5202 explicantes.
2869 5125 2945 5178 Ac
2975 5127 3257 5193 propterea
3293 5127 3346 5173 te
3372 5117 3504 5172 bea-
3542 5194 3543 5197 η

1911 5242 2021 5287 tam
2050 5229 2404 5301 prmdicamus
2448 5238 2513 5278 ac
2554 5220 2702 5276 miris
2749 5216 2998 5273 laudibus
3045 5213 3339 5275 efferimus,
3361 5207 3509 5281 quod

1910 5324 1997 5380 his
2023 5321 2278 5379 omnibus
2302 5319 2550 5382 Lberata,
2580 5314 2632 5368 in
2664 5312 2763 5366 hac
2788 5323 3002 5381 quoque
3033 5315 3184 5378 parte
3211 5302 3505 5359 mortiﬁca-

1911 5415 2073 5471 tionis
2098 5411 2372 5483 specimen
2400 5409 2417 5440 ¹
2449 5405 2684 5471 edidisti,
2706 5418 2814 5458 non
2843 5409 2900 5456 ut
2927 5409 3175 5455 ornatum
3203 5405 3257 5449 et
3287 5393 3506 5464 elegan-

1911 5512 2041 5566 tiam
2085 5512 2407 5568 ostentares,
2437 5498 2531 5555 sed
2586 5506 2646 5553 ut
2689 5495 2900 5553 fortiter
2943 5503 2995 5549 te
3032 5501 3276 5563 gereres;
3307 5499 3414 5540 non
3446 5486 3505 5537 ut

1910 5600 2168 5660 mundum
2217 5595 2532 5653 muliebrem
2564 5592 2655 5650 tibi
2683 5603 2989 5665 quaereres,
3023 5583 3116 5643 sed
3151 5590 3212 5639 ut
3240 5578 3410 5636 armis
3444 5585 3507 5632 te
3600 5633 3605 5641 ε

1908 5693 2169 5751 munires.

1977 5809 1996 5841 θ
2030 5812 2131 5856 Duo
2154 5810 2282 5864 uss,
2307 5797 2575 5853 victam
