  <div class='ocr_page' id='page_1' title='image "/cluster/home/n/w/nwhite01/storage/ocr_20150623/52:no.3:pt.2/coo.31924054869510/185.png"; bbox 0 0 4002 6402; ppageno 0'>
   <div class='ocr_carea' id='block_1_1' title="bbox 507 341 610 399">
    <p class='ocr_par' dir='ltr' id='par_1_1' title="bbox 507 341 610 399">
     <span class='ocr_line' id='line_1_1' title="bbox 507 341 610 399; baseline -0.019 -1"><span class='ocrx_word' id='word_1_1' title='bbox 507 341 610 399; x_wconf 77' lang='grc'><strong>567</strong></span> 
     </span>
    </p>
   </div>
   <div class='ocr_carea' id='block_1_2' title="bbox 580 455 2104 526">
    <p class='ocr_par' dir='ltr' id='par_1_2' title="bbox 580 455 2104 526">
     <span class='ocr_line' id='line_1_2' title="bbox 580 455 2104 526; baseline -0.002 -16"><span class='ocrx_word' id='word_1_2' title='bbox 580 458 668 512; x_wconf 82' lang='lat'><strong>10.</strong></span> <span class='ocrx_word' id='word_1_3' title='bbox 715 455 912 512; x_wconf 81' lang='lat' dir='ltr'><strong>Verum</strong></span> <span class='ocrx_word' id='word_1_4' title='bbox 936 456 1182 526; x_wconf 89' lang='lat' dir='ltr'><strong>quoniam</strong></span> <span class='ocrx_word' id='word_1_5' title='bbox 1209 457 1275 509; x_wconf 87' lang='lat' dir='ltr'><strong>ab</strong></span> <span class='ocrx_word' id='word_1_6' title='bbox 1297 470 1470 524; x_wconf 86' lang='lat' dir='ltr'><strong>ungue</strong></span> <span class='ocrx_word' id='word_1_7' title='bbox 1499 457 1708 510; x_wconf 58' lang='lat' dir='ltr'><strong>lennem</strong></span> <span class='ocrx_word' id='word_1_8' title='bbox 1741 473 1879 510; x_wconf 81' lang='lat' dir='ltr'><strong>nunc</strong></span> <span class='ocrx_word' id='word_1_9' title='bbox 1911 465 2104 510; x_wconf 85' lang='lat' dir='ltr'><strong>osten-</strong></span> 
     </span>
    </p>
   </div>
   <div class='ocr_carea' id='block_1_3' title="bbox 511 550 2105 622">
    <p class='ocr_par' dir='ltr' id='par_1_3' title="bbox 511 550 2105 622">
     <span class='ocr_line' id='line_1_3' title="bbox 511 550 2105 622; baseline 0.002 -18"><span class='ocrx_word' id='word_1_10' title='bbox 511 550 728 617; x_wconf 89' lang='lat' dir='ltr'><strong>dimus,</strong></span> <span class='ocrx_word' id='word_1_11' title='bbox 773 553 932 621; x_wconf 99' lang='lat' dir='ltr'><strong>idque</strong></span> <span class='ocrx_word' id='word_1_12' title='bbox 974 551 1201 620; x_wconf 81' lang='lat' dir='ltr'><strong>quadam</strong></span> <span class='ocrx_word' id='word_1_13' title='bbox 1257 550 1533 605; x_wconf 82' lang='lat' dir='ltr'><strong>dumtaxat</strong></span> <span class='ocrx_word' id='word_1_14' title='bbox 1583 566 1646 606; x_wconf 85' lang='lat' dir='ltr'><strong>ex</strong></span> <span class='ocrx_word' id='word_1_15' title='bbox 1709 563 1897 622; x_wconf 88' lang='lat' dir='ltr'><strong>parte;</strong></span> <span class='ocrx_word' id='word_1_16' title='bbox 1931 567 2105 622; x_wconf 85' lang='lat' dir='ltr'><strong>neque</strong></span> 
     </span>
    </p>
   </div>
   <div class='ocr_carea' id='block_1_4' title="bbox 512 641 2103 714">
    <p class='ocr_par' dir='ltr' id='par_1_4' title="bbox 512 641 2103 714">
     <span class='ocr_line' id='line_1_4' title="bbox 512 641 2103 714; baseline 0.001 -19"><span class='ocrx_word' id='word_1_17' title='bbox 512 642 655 695; x_wconf 84' lang='lat' dir='ltr'><strong>enim</strong></span> <span class='ocrx_word' id='word_1_18' title='bbox 697 650 862 694; x_wconf 87' lang='lat' dir='ltr'><strong>totam</strong></span> <span class='ocrx_word' id='word_1_19' title='bbox 909 641 1046 696; x_wconf 87' lang='lat' dir='ltr'><strong>hanc</strong></span> <span class='ocrx_word' id='word_1_20' title='bbox 1096 652 1236 694; x_wconf 92' lang='lat' dir='ltr'><strong>tuam</strong></span> <span class='ocrx_word' id='word_1_21' title='bbox 1289 642 1537 695; x_wconf 89' lang='lat' dir='ltr'><strong>virtutem</strong></span> <span class='ocrx_word' id='word_1_22' title='bbox 1581 647 1857 711; x_wconf 88' lang='lat' dir='ltr'><strong>percurri;</strong></span> <span class='ocrx_word' id='word_1_23' title='bbox 1887 645 2103 714; x_wconf 82' lang='lat' dir='ltr'><strong>quippe,</strong></span> 
     </span>
    </p>
   </div>
   <div class='ocr_carea' id='block_1_5' title="bbox 515 730 2104 799">
    <p class='ocr_par' dir='ltr' id='par_1_5' title="bbox 515 730 2104 799">
     <span class='ocr_line' id='line_1_5' title="bbox 515 730 2104 799; baseline 0.001 -15"><span class='ocrx_word' id='word_1_24' title='bbox 515 741 570 784; x_wconf 92' lang='lat' dir='ltr'><strong>ut</strong></span> <span class='ocrx_word' id='word_1_25' title='bbox 601 731 848 799; x_wconf 83' lang='lat' dir='ltr'><strong>superius</strong></span> <span class='ocrx_word' id='word_1_26' title='bbox 889 745 918 783; x_wconf 92' lang='lat' dir='ltr'><strong>a</strong></span> <span class='ocrx_word' id='word_1_27' title='bbox 947 746 1033 785; x_wconf 89' lang='lat' dir='ltr'><strong>me</strong></span> <span class='ocrx_word' id='word_1_28' title='bbox 1058 730 1258 784; x_wconf 90' lang='lat' dir='ltr'><strong>dictum</strong></span> <span class='ocrx_word' id='word_1_29' title='bbox 1287 741 1388 798; x_wconf 89' lang='lat' dir='ltr'><strong>est,</strong></span> <span class='ocrx_word' id='word_1_30' title='bbox 1421 732 1472 785; x_wconf 93' lang='lat' dir='ltr'><strong>in</strong></span> <span class='ocrx_word' id='word_1_31' title='bbox 1503 733 1761 787; x_wconf 89' lang='lat' dir='ltr'><strong>immensa</strong></span> <span class='ocrx_word' id='word_1_32' title='bbox 1789 745 2104 787; x_wconf 66' lang='lat' dir='ltr'><strong>ceterarum</strong></span> 
     </span>
    </p>
   </div>
   <div class='ocr_carea' id='block_1_6' title="bbox 515 823 2107 896">
    <p class='ocr_par' dir='ltr' id='par_1_6' title="bbox 515 823 2107 896">
     <span class='ocr_line' id='line_1_6' title="bbox 515 823 2107 896; baseline 0.002 -18"><span class='ocrx_word' id='word_1_33' title='bbox 515 832 724 878; x_wconf 89' lang='lat' dir='ltr'><strong>tuarum</strong></span> <span class='ocrx_word' id='word_1_34' title='bbox 755 823 1011 878; x_wconf 91' lang='lat' dir='ltr'><strong>virtutum</strong></span> <span class='ocrx_word' id='word_1_35' title='bbox 1047 825 1214 879; x_wconf 90' lang='lat' dir='ltr'><strong>maria</strong></span> <span class='ocrx_word' id='word_1_36' title='bbox 1243 825 1432 894; x_wconf 90' lang='lat' dir='ltr'><strong>pedem</strong></span> <span class='ocrx_word' id='word_1_37' title='bbox 1465 825 1664 880; x_wconf 89' lang='lat' dir='ltr'><strong>inferre</strong></span> <span class='ocrx_word' id='word_1_38' title='bbox 1700 837 1918 891; x_wconf 89' lang='lat' dir='ltr'><strong>metuo;</strong></span> <span class='ocrx_word' id='word_1_39' title='bbox 1946 836 2107 896; x_wconf 87' lang='lat' dir='ltr'><strong>atque</strong></span> 
     </span>
    </p>
   </div>
   <div class='ocr_carea' id='block_1_7' title="bbox 518 913 2108 985">
    <p class='ocr_par' dir='ltr' id='par_1_7' title="bbox 518 913 2108 985">
     <span class='ocr_line' id='line_1_7' title="bbox 518 913 2108 985; baseline 0.003 -18"><span class='ocrx_word' id='word_1_40' title='bbox 518 913 680 968; x_wconf 89' lang='lat' dir='ltr'><strong>etiam</strong></span> <span class='ocrx_word' id='word_1_41' title='bbox 721 913 824 968; x_wconf 90' lang='lat' dir='ltr'><strong>hoc</strong></span> <span class='ocrx_word' id='word_1_42' title='bbox 869 915 990 969; x_wconf 89' lang='lat' dir='ltr'><strong>loco</strong></span> <span class='ocrx_word' id='word_1_43' title='bbox 1045 915 1173 969; x_wconf 90' lang='lat' dir='ltr'><strong>mihi</strong></span> <span class='ocrx_word' id='word_1_44' title='bbox 1214 916 1546 985; x_wconf 89' lang='lat' dir='ltr'><strong>propositum</strong></span> <span class='ocrx_word' id='word_1_45' title='bbox 1603 933 1707 971; x_wconf 84' lang='lat' dir='ltr'><strong>non</strong></span> <span class='ocrx_word' id='word_1_46' title='bbox 1752 925 1863 980; x_wconf 73' lang='lat' dir='ltr'><strong>est,</strong></span> <span class='ocrx_word' id='word_1_47' title='bbox 1909 926 2108 972; x_wconf 63' lang='lat' dir='ltr'><strong>sanctae</strong></span> 
     </span>
    </p>
   </div>
   <div class='ocr_carea' id='block_1_8' title="bbox 517 1005 2111 1074">
    <p class='ocr_par' dir='ltr' id='par_1_8' title="bbox 517 1005 2111 1074">
     <span class='ocr_line' id='line_1_8' title="bbox 517 1005 2111 1074; baseline 0.001 -14"><span class='ocrx_word' id='word_1_48' title='bbox 517 1005 710 1060; x_wconf 74' lang='lat' dir='ltr'><strong>anima:</strong></span> <span class='ocrx_word' id='word_1_49' title='bbox 765 1014 869 1060; x_wconf 70' lang='lat' dir='ltr'><strong>tua:</strong></span> <span class='ocrx_word' id='word_1_50' title='bbox 947 1007 1136 1061; x_wconf 88' lang='lat' dir='ltr'><strong>laudes</strong></span> <span class='ocrx_word' id='word_1_51' title='bbox 1207 1007 1436 1074; x_wconf 83' lang='lat' dir='ltr'><strong>ell‘erre,</strong></span> <span class='ocrx_word' id='word_1_52' title='bbox 1481 1024 1664 1062; x_wconf 79' lang='lat' dir='ltr'><strong>verum</strong></span> <span class='ocrx_word' id='word_1_53' title='bbox 1731 1009 2111 1062; x_wconf 84' lang='lat' dir='ltr'><strong>consolationis</strong></span> 
     </span>
    </p>
   </div>
   <div class='ocr_carea' id='block_1_9' title="bbox 519 1100 2109 1172">
    <p class='ocr_par' dir='ltr' id='par_1_9' title="bbox 519 1100 2109 1172">
     <span class='ocr_line' id='line_1_9' title="bbox 519 1100 2109 1172; baseline 0.001 -18"><span class='ocrx_word' id='word_1_54' title='bbox 519 1102 864 1170; x_wconf 86' lang='lat' dir='ltr'><strong>pharmacum</strong></span> <span class='ocrx_word' id='word_1_55' title='bbox 886 1100 1151 1155; x_wconf 81' lang='lat' dir='ltr'><strong>Conliccre</strong></span> <span class='ocrx_word' id='word_1_56' title='bbox 1177 1118 1192 1157; x_wconf 88' lang='lat'><strong>:</strong></span> <span class='ocrx_word' id='word_1_57' title='bbox 1223 1115 1341 1170; x_wconf 88' lang='lat' dir='ltr'><strong>age,</strong></span> <span class='ocrx_word' id='word_1_58' title='bbox 1367 1118 1427 1157; x_wconf 90' lang='lat' dir='ltr'><strong>ea</strong></span> <span class='ocrx_word' id='word_1_59' title='bbox 1457 1118 1689 1166; x_wconf 86' lang='lat' dir='ltr'><strong>rursum,</strong></span> <span class='ocrx_word' id='word_1_60' title='bbox 1720 1119 1837 1172; x_wconf 77' lang='lat' dir='ltr'><strong>quae</strong></span> <span class='ocrx_word' id='word_1_61' title='bbox 1864 1102 2109 1172; x_wconf 69' lang='lat' dir='ltr'><strong>superius</strong></span> 
     </span>
    </p>
   </div>
   <div class='ocr_carea' id='block_1_10' title="bbox 518 1192 2112 1263">
    <p class='ocr_par' dir='ltr' id='par_1_10' title="bbox 518 1192 2112 1263">
     <span class='ocr_line' id='line_1_10' title="bbox 518 1192 2112 1263; baseline 0 -17"><span class='ocrx_word' id='word_1_62' title='bbox 518 1194 660 1247; x_wconf 88' lang='lat' dir='ltr'><strong>dicta</strong></span> <span class='ocrx_word' id='word_1_63' title='bbox 713 1202 880 1257; x_wconf 88' lang='lat' dir='ltr'><strong>sunt,</strong></span> <span class='ocrx_word' id='word_1_64' title='bbox 912 1207 1201 1247; x_wconf 88' lang='lat' dir='ltr'><strong>rcsmnam.</strong></span> <span class='ocrx_word' id='word_1_65' title='bbox 1241 1193 1379 1261; x_wconf 85' lang='lat' dir='ltr'><strong>Quid</strong></span> <span class='ocrx_word' id='word_1_66' title='bbox 1431 1205 1608 1248; x_wconf 83' lang='lat' dir='ltr'><strong>autem</strong></span> <span class='ocrx_word' id='word_1_67' title='bbox 1660 1194 1787 1247; x_wconf 89' lang='lat' dir='ltr'><strong>illud</strong></span> <span class='ocrx_word' id='word_1_68' title='bbox 1837 1205 1938 1259; x_wconf 90' lang='lat' dir='ltr'><strong>est,</strong></span> <span class='ocrx_word' id='word_1_69' title='bbox 1971 1192 2112 1263; x_wconf 88' lang='lat' dir='ltr'><strong>quod</strong></span> 
     </span>
    </p>
   </div>
   <div class='ocr_carea' id='block_1_11' title="bbox 521 1283 2115 1355">
    <p class='ocr_par' dir='ltr' id='par_1_11' title="bbox 521 1283 2115 1355">
     <span class='ocr_line' id='line_1_11' title="bbox 521 1283 2115 1355; baseline 0.001 -19"><span class='ocrx_word' id='word_1_70' title='bbox 521 1283 667 1351; x_wconf 91' lang='lat' dir='ltr'><strong>prius</strong></span> <span class='ocrx_word' id='word_1_71' title='bbox 687 1283 957 1338; x_wconf 77' lang='lat' dir='ltr'><strong>diximus?</strong></span> <span class='ocrx_word' id='word_1_72' title='bbox 983 1283 1243 1338; x_wconf 84' lang='lat' dir='ltr'><strong>Nimirum</strong></span> <span class='ocrx_word' id='word_1_73' title='bbox 1293 1293 1379 1350; x_wconf 91' lang='lat' dir='ltr'><strong>ut,</strong></span> <span class='ocrx_word' id='word_1_74' title='bbox 1406 1284 1534 1355; x_wconf 86' lang='lat' dir='ltr'><strong>quid</strong></span> <span class='ocrx_word' id='word_1_75' title='bbox 1585 1285 1670 1340; x_wconf 89' lang='lat' dir='ltr'><strong>hic</strong></span> <span class='ocrx_word' id='word_1_76' title='bbox 1714 1285 1991 1354; x_wconf 87' lang='lat' dir='ltr'><strong>peccarit,</strong></span> <span class='ocrx_word' id='word_1_77' title='bbox 2024 1293 2115 1338; x_wconf 92' lang='lat' dir='ltr'><strong>aut</strong></span> 
     </span>
    </p>
   </div>
   <div class='ocr_carea' id='block_1_12' title="bbox 520 1375 2115 1445">
    <p class='ocr_par' dir='ltr' id='par_1_12' title="bbox 520 1375 2115 1445">
     <span class='ocr_line' id='line_1_12' title="bbox 520 1375 2115 1445; baseline 0.001 -17"><span class='ocrx_word' id='word_1_78' title='bbox 520 1376 646 1445; x_wconf 89' lang='lat' dir='ltr'><strong>quid</strong></span> <span class='ocrx_word' id='word_1_79' title='bbox 678 1376 768 1430; x_wconf 88' lang='lat' dir='ltr'><strong>ille</strong></span> <span class='ocrx_word' id='word_1_80' title='bbox 797 1376 1018 1430; x_wconf 88' lang='lat' dir='ltr'><strong>sceleris</strong></span> <span class='ocrx_word' id='word_1_81' title='bbox 1035 1375 1331 1442; x_wconf 88' lang='lat' dir='ltr'><strong>admiserit,</strong></span> <span class='ocrx_word' id='word_1_82' title='bbox 1359 1393 1480 1430; x_wconf 91' lang='lat' dir='ltr'><strong>cum</strong></span> <span class='ocrx_word' id='word_1_83' title='bbox 1523 1376 1704 1430; x_wconf 85' lang='lat' dir='ltr'><strong>animo</strong></span> <span class='ocrx_word' id='word_1_84' title='bbox 1750 1386 1842 1430; x_wconf 92' lang='lat' dir='ltr'><strong>tuo</strong></span> <span class='ocrx_word' id='word_1_85' title='bbox 1867 1384 2115 1444; x_wconf 88' lang='lat' dir='ltr'><strong>reputare</strong></span> 
     </span>
    </p>
   </div>
   <div class='ocr_carea' id='block_1_13' title="bbox 518 1467 2112 1536">
    <p class='ocr_par' dir='ltr' id='par_1_13' title="bbox 518 1467 2112 1536">
     <span class='ocr_line' id='line_1_13' title="bbox 518 1467 2112 1536; baseline -0.001 -15"><span class='ocrx_word' id='word_1_86' title='bbox 518 1468 774 1535; x_wconf 82' lang='lat' dir='ltr'><strong>desinas,</strong></span> <span class='ocrx_word' id='word_1_87' title='bbox 800 1481 864 1520; x_wconf 88' lang='lat' dir='ltr'><strong>ac</strong></span> <span class='ocrx_word' id='word_1_88' title='bbox 913 1468 1179 1536; x_wconf 79' lang='lat' dir='ltr'><strong>patientiae</strong></span> <span class='ocrx_word' id='word_1_89' title='bbox 1225 1478 1362 1532; x_wconf 78' lang='lat' dir='ltr'><strong>tuae,</strong></span> <span class='ocrx_word' id='word_1_90' title='bbox 1395 1469 1720 1530; x_wconf 81' lang='lat' dir='ltr'><strong>tolerantiae,</strong></span> <span class='ocrx_word' id='word_1_91' title='bbox 1747 1467 2071 1536; x_wconf 87' lang='lat' dir='ltr'><strong>jejuniorum</strong></span> <span class='ocrx_word' id='word_1_92' title='bbox 2098 1507 2112 1531; x_wconf 92' lang='lat'><strong>,</strong></span> 
     </span>
    </p>
   </div>
   <div class='ocr_carea' id='block_1_14' title="bbox 520 1558 2116 1629">
    <p class='ocr_par' dir='ltr' id='par_1_14' title="bbox 520 1558 2116 1629">
     <span class='ocr_line' id='line_1_14' title="bbox 520 1558 2116 1629; baseline -0.001 -16"><span class='ocrx_word' id='word_1_93' title='bbox 520 1560 918 1628; x_wconf 86' lang='lat' dir='ltr'><strong>precationum,</strong></span> <span class='ocrx_word' id='word_1_94' title='bbox 944 1575 1216 1613; x_wconf 86' lang='lat' dir='ltr'><strong>sacrarum</strong></span> <span class='ocrx_word' id='word_1_95' title='bbox 1240 1559 1558 1629; x_wconf 78' lang='lat' dir='ltr'><strong>vigiliarum,</strong></span> <span class='ocrx_word' id='word_1_96' title='bbox 1588 1558 1949 1625; x_wconf 63' lang='lat' dir='ltr'><strong>continentiae,</strong></span> <span class='ocrx_word' id='word_1_97' title='bbox 1973 1559 2116 1613; x_wconf 89' lang='lat' dir='ltr'><strong>clce-</strong></span> 
     </span>
    </p>
   </div>
   <div class='ocr_carea' id='block_1_15' title="bbox 527 1651 2117 1722">
    <p class='ocr_par' dir='ltr' id='par_1_15' title="bbox 527 1651 2117 1722">
     <span class='ocr_line' id='line_1_15' title="bbox 527 1651 2117 1722; baseline 0.002 -19"><span class='ocrx_word' id='word_1_98' title='bbox 527 1667 765 1720; x_wconf 72' lang='lat' dir='ltr'><strong>niosynm</strong></span> <span class='ocrx_word' id='word_1_99' title='bbox 792 1690 807 1714; x_wconf 87' lang='lat'><strong>,</strong></span> <span class='ocrx_word' id='word_1_100' title='bbox 844 1651 1241 1720; x_wconf 82' lang='lat' dir='ltr'><strong>hospitalitatis,</strong></span> <span class='ocrx_word' id='word_1_101' title='bbox 1265 1652 1644 1722; x_wconf 79' lang='lat' dir='ltr'><strong>Variarumque</strong></span> <span class='ocrx_word' id='word_1_102' title='bbox 1690 1663 1743 1706; x_wconf 90' lang='lat' dir='ltr'><strong>et</strong></span> <span class='ocrx_word' id='word_1_103' title='bbox 1780 1652 2024 1722; x_wconf 82' lang='lat' dir='ltr'><strong>gravium</strong></span> <span class='ocrx_word' id='word_1_104' title='bbox 2055 1666 2117 1707; x_wconf 92' lang='lat' dir='ltr'><strong>ac</strong></span> 
     </span>
    </p>
   </div>
   <div class='ocr_carea' id='block_1_16' title="bbox 526 1740 2114 1814">
    <p class='ocr_par' dir='ltr' id='par_1_16' title="bbox 526 1740 2114 1814">
     <span class='ocr_line' id='line_1_16' title="bbox 526 1740 2114 1814; baseline 0.002 -19"><span class='ocrx_word' id='word_1_105' title='bbox 526 1740 883 1812; x_wconf 89' lang='lat' dir='ltr'><strong>frequentium</strong></span> <span class='ocrx_word' id='word_1_106' title='bbox 915 1743 1267 1798; x_wconf 86' lang='lat' dir='ltr'><strong>tentationum</strong></span> <span class='ocrx_word' id='word_1_107' title='bbox 1298 1743 1592 1798; x_wconf 89' lang='lat' dir='ltr'><strong>certamina</strong></span> <span class='ocrx_word' id='word_1_108' title='bbox 1616 1753 1873 1814; x_wconf 90' lang='lat' dir='ltr'><strong>perpetuo</strong></span> <span class='ocrx_word' id='word_1_109' title='bbox 1895 1743 2114 1814; x_wconf 84' lang='lat' dir='ltr'><strong>cogites.</strong></span> 
     </span>
    </p>
   </div>
   <div class='ocr_carea' id='block_1_17' title="bbox 523 1834 2120 1906">
    <p class='ocr_par' dir='ltr' id='par_1_17' title="bbox 523 1834 2120 1906">
     <span class='ocr_line' id='line_1_17' title="bbox 523 1834 2120 1906; baseline 0.002 -18"><span class='ocrx_word' id='word_1_110' title='bbox 523 1834 817 1889; x_wconf 76' lang='lat' dir='ltr'><strong>Con-idern</strong></span> <span class='ocrx_word' id='word_1_111' title='bbox 871 1836 1139 1905; x_wconf 85' lang='lat' dir='ltr'><strong>quomodo</strong></span> <span class='ocrx_word' id='word_1_112' title='bbox 1167 1851 1197 1889; x_wconf 90' lang='lat' dir='ltr'><strong>a</strong></span> <span class='ocrx_word' id='word_1_113' title='bbox 1237 1837 1406 1906; x_wconf 91' lang='lat' dir='ltr'><strong>prima</strong></span> <span class='ocrx_word' id='word_1_114' title='bbox 1449 1844 1610 1891; x_wconf 65' lang='lat' dir='ltr'><strong>aetate</strong></span> <span class='ocrx_word' id='word_1_115' title='bbox 1657 1835 1723 1890; x_wconf 92' lang='lat' dir='ltr'><strong>ad</strong></span> <span class='ocrx_word' id='word_1_116' title='bbox 1771 1835 1910 1890; x_wconf 91' lang='lat' dir='ltr'><strong>hunc</strong></span> <span class='ocrx_word' id='word_1_117' title='bbox 1953 1849 2120 1904; x_wconf 87' lang='lat' dir='ltr'><strong>usque</strong></span> 
     </span>
    </p>
   </div>
   <div class='ocr_carea' id='block_1_18' title="bbox 523 1924 2118 1996">
    <p class='ocr_par' dir='ltr' id='par_1_18' title="bbox 523 1924 2118 1996">
     <span class='ocr_line' id='line_1_18' title="bbox 523 1924 2118 1996; baseline 0.001 -17"><span class='ocrx_word' id='word_1_118' title='bbox 523 1925 665 1979; x_wconf 86' lang='lat' dir='ltr'><strong>diem</strong></span> <span class='ocrx_word' id='word_1_119' title='bbox 699 1927 972 1981; x_wconf 76' lang='lat' dir='ltr'><strong>Christum</strong></span> <span class='ocrx_word' id='word_1_120' title='bbox 1005 1924 1149 1980; x_wconf 86' lang='lat' dir='ltr'><strong>fame</strong></span> <span class='ocrx_word' id='word_1_121' title='bbox 1168 1926 1498 1982; x_wconf 86' lang='lat' dir='ltr'><strong>laboraniem</strong></span> <span class='ocrx_word' id='word_1_122' title='bbox 1515 1928 1678 1992; x_wconf 92' lang='lat' dir='ltr'><strong>alere,</strong></span> <span class='ocrx_word' id='word_1_123' title='bbox 1699 1926 1899 1982; x_wconf 78' lang='lat' dir='ltr'><strong>sitienti</strong></span> <span class='ocrx_word' id='word_1_124' title='bbox 1933 1936 2118 1996; x_wconf 86' lang='lat' dir='ltr'><strong>potum</strong></span> 
     </span>
    </p>
   </div>
   <div class='ocr_carea' id='block_1_19' title="bbox 525 2018 2117 2090">
    <p class='ocr_par' dir='ltr' id='par_1_19' title="bbox 525 2018 2117 2090">
     <span class='ocr_line' id='line_1_19' title="bbox 525 2018 2117 2090; baseline 0.001 -19"><span class='ocrx_word' id='word_1_125' title='bbox 525 2018 782 2087; x_wconf 71' lang='lat' dir='ltr'><strong>prmbere,</strong></span> <span class='ocrx_word' id='word_1_126' title='bbox 809 2018 1006 2072; x_wconf 90' lang='lat' dir='ltr'><strong>nudum</strong></span> <span class='ocrx_word' id='word_1_127' title='bbox 1063 2019 1282 2086; x_wconf 83' lang='lat' dir='ltr'><strong>vestire,</strong></span> <span class='ocrx_word' id='word_1_128' title='bbox 1318 2020 1583 2090; x_wconf 83' lang='lat' dir='ltr'><strong>hospitem</strong></span> <span class='ocrx_word' id='word_1_129' title='bbox 1638 2027 1780 2073; x_wconf 90' lang='lat' dir='ltr'><strong>tecto</strong></span> <span class='ocrx_word' id='word_1_130' title='bbox 1837 2019 2117 2088; x_wconf 79' lang='lat' dir='ltr'><strong>excipere,</strong></span> 
     </span>
    </p>
   </div>
   <div class='ocr_carea' id='block_1_20' title="bbox 527 2108 2122 2180">
    <p class='ocr_par' dir='ltr' id='par_1_20' title="bbox 527 2108 2122 2180">
     <span class='ocr_line' id='line_1_20' title="bbox 527 2108 2122 2180; baseline 0.004 -20"><span class='ocrx_word' id='word_1_131' title='bbox 527 2108 719 2162; x_wconf 90' lang='lat' dir='ltr'><strong>morbo</strong></span> <span class='ocrx_word' id='word_1_132' title='bbox 763 2108 1010 2163; x_wconf 74' lang='lat' dir='ltr'><strong>allectum</strong></span> <span class='ocrx_word' id='word_1_133' title='bbox 1054 2110 1247 2176; x_wconf 81' lang='lat' dir='ltr'><strong>visere,</strong></span> <span class='ocrx_word' id='word_1_134' title='bbox 1278 2111 1332 2164; x_wconf 93' lang='lat' dir='ltr'><strong>in</strong></span> <span class='ocrx_word' id='word_1_135' title='bbox 1376 2110 1588 2165; x_wconf 91' lang='lat' dir='ltr'><strong>vincula</strong></span> <span class='ocrx_word' id='word_1_136' title='bbox 1637 2110 1938 2180; x_wconf 87' lang='lat' dir='ltr'><strong>conjectum</strong></span> <span class='ocrx_word' id='word_1_137' title='bbox 1971 2111 2122 2166; x_wconf 85' lang='lat' dir='ltr'><strong>adire</strong></span> 
     </span>
    </p>
   </div>
   <div class='ocr_carea' id='block_1_21' title="bbox 528 2199 2118 2274">
    <p class='ocr_par' dir='ltr' id='par_1_21' title="bbox 528 2199 2118 2274">
     <span class='ocr_line' id='line_1_21' title="bbox 528 2199 2118 2274; baseline 0.003 -20"><span class='ocrx_word' id='word_1_138' title='bbox 528 2213 635 2254; x_wconf 91' lang='lat' dir='ltr'><strong>non</strong></span> <span class='ocrx_word' id='word_1_139' title='bbox 687 2199 958 2256; x_wconf 83' lang='lat' dir='ltr'><strong>destitisti.</strong></span> <span class='ocrx_word' id='word_1_140' title='bbox 999 2201 1248 2258; x_wconf 86' lang='lat' dir='ltr'><strong>Caritatis</strong></span> <span class='ocrx_word' id='word_1_141' title='bbox 1293 2210 1397 2258; x_wconf 71' lang='lat' dir='ltr'><strong>tum</strong></span> <span class='ocrx_word' id='word_1_142' title='bbox 1445 2203 1662 2274; x_wconf 77' lang='lat' dir='ltr'><strong>pelagus</strong></span> <span class='ocrx_word' id='word_1_143' title='bbox 1711 2203 2118 2270; x_wconf 80' lang='lat' dir='ltr'><strong>animadverte,</strong></span> 
     </span>
    </p>
   </div>
   <div class='ocr_carea' id='block_1_22' title="bbox 525 2292 2122 2366">
    <p class='ocr_par' dir='ltr' id='par_1_22' title="bbox 525 2292 2122 2366">
     <span class='ocr_line' id='line_1_22' title="bbox 525 2292 2122 2366; baseline 0.005 -22"><span class='ocrx_word' id='word_1_144' title='bbox 525 2292 669 2361; x_wconf 92' lang='lat' dir='ltr'><strong>quod</strong></span> <span class='ocrx_word' id='word_1_145' title='bbox 693 2308 859 2362; x_wconf 91' lang='lat' dir='ltr'><strong>usque</strong></span> <span class='ocrx_word' id='word_1_146' title='bbox 885 2308 949 2348; x_wconf 89' lang='lat' dir='ltr'><strong>eo</strong></span> <span class='ocrx_word' id='word_1_147' title='bbox 974 2295 1252 2363; x_wconf 88' lang='lat' dir='ltr'><strong>aperuisti,</strong></span> <span class='ocrx_word' id='word_1_148' title='bbox 1285 2303 1345 2350; x_wconf 91' lang='lat' dir='ltr'><strong>ut</strong></span> <span class='ocrx_word' id='word_1_149' title='bbox 1371 2295 1438 2350; x_wconf 91' lang='lat' dir='ltr'><strong>ad</strong></span> <span class='ocrx_word' id='word_1_150' title='bbox 1468 2295 1683 2352; x_wconf 89' lang='lat' dir='ltr'><strong>ultimas</strong></span> <span class='ocrx_word' id='word_1_151' title='bbox 1734 2310 1904 2366; x_wconf 81' lang='lat' dir='ltr'><strong>usque</strong></span> <span class='ocrx_word' id='word_1_152' title='bbox 1947 2306 2122 2351; x_wconf 85' lang='lat' dir='ltr'><strong>terra-</strong></span> 
     </span>
    </p>
   </div>
   <div class='ocr_carea' id='block_1_23' title="bbox 528 2386 2122 2458">
    <p class='ocr_par' dir='ltr' id='par_1_23' title="bbox 528 2386 2122 2458">
     <span class='ocr_line' id='line_1_23' title="bbox 528 2386 2122 2458; baseline 0.005 -22"><span class='ocrx_word' id='word_1_153' title='bbox 528 2397 645 2436; x_wconf 91' lang='lat' dir='ltr'><strong>rum</strong></span> <span class='ocrx_word' id='word_1_154' title='bbox 674 2398 796 2437; x_wconf 90' lang='lat' dir='ltr'><strong>oras</strong></span> <span class='ocrx_word' id='word_1_155' title='bbox 823 2399 1016 2454; x_wconf 85' lang='lat' dir='ltr'><strong>magno</strong></span> <span class='ocrx_word' id='word_1_156' title='bbox 1041 2400 1162 2440; x_wconf 91' lang='lat' dir='ltr'><strong>cum</strong></span> <span class='ocrx_word' id='word_1_157' title='bbox 1189 2386 1391 2456; x_wconf 89' lang='lat' dir='ltr'><strong>impetu</strong></span> <span class='ocrx_word' id='word_1_158' title='bbox 1421 2387 1744 2457; x_wconf 80' lang='lat' dir='ltr'><strong>pervenerit.</strong></span> <span class='ocrx_word' id='word_1_159' title='bbox 1772 2387 1954 2458; x_wconf 86' lang='lat' dir='ltr'><strong>Neque</strong></span> <span class='ocrx_word' id='word_1_160' title='bbox 1978 2388 2122 2444; x_wconf 88' lang='lat' dir='ltr'><strong>enim</strong></span> 
     </span>
    </p>
   </div>
   <div class='ocr_carea' id='block_1_24' title="bbox 533 2473 2125 2549">
    <p class='ocr_par' dir='ltr' id='par_1_24' title="bbox 533 2473 2125 2549">
     <span class='ocr_line' id='line_1_24' title="bbox 533 2473 2125 2549; baseline 0.007 -23"><span class='ocrx_word' id='word_1_161' title='bbox 533 2483 620 2527; x_wconf 90' lang='lat' dir='ltr'><strong>tua</strong></span> <span class='ocrx_word' id='word_1_162' title='bbox 649 2473 925 2528; x_wconf 78' lang='lat' dir='ltr'><strong>dumtaxat</strong></span> <span class='ocrx_word' id='word_1_163' title='bbox 949 2475 1142 2532; x_wconf 86' lang='lat' dir='ltr'><strong>domus</strong></span> <span class='ocrx_word' id='word_1_164' title='bbox 1171 2477 1390 2533; x_wconf 82' lang='lat' dir='ltr'><strong>cuilibet</strong></span> <span class='ocrx_word' id='word_1_165' title='bbox 1425 2477 1704 2534; x_wconf 85' lang='lat' dir='ltr'><strong>accedenti</strong></span> <span class='ocrx_word' id='word_1_166' title='bbox 1743 2481 1957 2549; x_wconf 82' lang='lat' dir='ltr'><strong>patebat</strong></span> <span class='ocrx_word' id='word_1_167' title='bbox 1985 2498 1998 2534; x_wconf 91' lang='lat'>:</span> <span class='ocrx_word' id='word_1_168' title='bbox 2032 2496 2125 2537; x_wconf 86' lang='lat' dir='ltr'><strong>ve-</strong></span> 
     </span>
    </p>
   </div>
   <div class='ocr_carea' id='block_1_25' title="bbox 529 2565 2124 2642">
    <p class='ocr_par' dir='ltr' id='par_1_25' title="bbox 529 2565 2124 2642">
     <span class='ocr_line' id='line_1_25' title="bbox 529 2565 2124 2642; baseline 0.004 -22"><span class='ocrx_word' id='word_1_169' title='bbox 529 2579 647 2620; x_wconf 87' lang='lat' dir='ltr'><strong>rum</strong></span> <span class='ocrx_word' id='word_1_170' title='bbox 689 2565 851 2620; x_wconf 89' lang='lat' dir='ltr'><strong>etiam</strong></span> <span class='ocrx_word' id='word_1_171' title='bbox 879 2568 1076 2636; x_wconf 84' lang='lat' dir='ltr'><strong>passim</strong></span> <span class='ocrx_word' id='word_1_172' title='bbox 1105 2575 1215 2623; x_wconf 88' lang='lat' dir='ltr'><strong>tota</strong></span> <span class='ocrx_word' id='word_1_173' title='bbox 1248 2578 1390 2626; x_wconf 89' lang='lat' dir='ltr'><strong>terra</strong></span> <span class='ocrx_word' id='word_1_174' title='bbox 1415 2579 1640 2642; x_wconf 87' lang='lat' dir='ltr'><strong>totoque</strong></span> <span class='ocrx_word' id='word_1_175' title='bbox 1670 2572 1802 2626; x_wconf 88' lang='lat' dir='ltr'><strong>mari</strong></span> <span class='ocrx_word' id='word_1_176' title='bbox 1847 2573 2124 2642; x_wconf 85' lang='lat' dir='ltr'><strong>permultis</strong></span> 
     </span>
    </p>
   </div>
   <div class='ocr_carea' id='block_1_26' title="bbox 531 2656 2122 2735">
    <p class='ocr_par' dir='ltr' id='par_1_26' title="bbox 531 2656 2122 2735">
     <span class='ocr_line' id='line_1_26' title="bbox 531 2656 2122 2735; baseline 0.007 -27"><span class='ocrx_word' id='word_1_177' title='bbox 531 2656 630 2710; x_wconf 90' lang='lat' dir='ltr'><strong>hac</strong></span> <span class='ocrx_word' id='word_1_178' title='bbox 670 2667 756 2710; x_wconf 90' lang='lat' dir='ltr'><strong>tua</strong></span> <span class='ocrx_word' id='word_1_179' title='bbox 788 2657 1106 2714; x_wconf 74' lang='lat' dir='ltr'><strong>liberalitate</strong></span> <span class='ocrx_word' id='word_1_180' title='bbox 1137 2675 1232 2730; x_wconf 87' lang='lat' dir='ltr'><strong>per</strong></span> <span class='ocrx_word' id='word_1_181' title='bbox 1269 2661 1690 2733; x_wconf 81' lang='lat' dir='ltr'><strong>hoSpitalitatem</strong></span> <span class='ocrx_word' id='word_1_182' title='bbox 1735 2663 1837 2718; x_wconf 80' lang='lat' dir='ltr'><strong>frtri</strong></span> <span class='ocrx_word' id='word_1_183' title='bbox 1879 2665 2122 2735; x_wconf 90' lang='lat' dir='ltr'><strong>contigit.</strong></span> 
     </span>
    </p>
   </div>
   <div class='ocr_carea' id='block_1_27' title="bbox 531 2749 2126 2828">
    <p class='ocr_par' dir='ltr' id='par_1_27' title="bbox 531 2749 2126 2828">
     <span class='ocr_line' id='line_1_27' title="bbox 531 2749 2126 2828; baseline 0.008 -25"><span class='ocrx_word' id='word_1_184' title='bbox 531 2749 657 2804; x_wconf 81' lang='lat' dir='ltr'><strong>Ihec</strong></span> <span class='ocrx_word' id='word_1_185' title='bbox 709 2752 888 2806; x_wconf 86' lang='lat' dir='ltr'><strong>omnia</strong></span> <span class='ocrx_word' id='word_1_186' title='bbox 933 2753 985 2808; x_wconf 92' lang='lat' dir='ltr'><strong>in</strong></span> <span class='ocrx_word' id='word_1_187' title='bbox 1019 2770 1180 2809; x_wconf 90' lang='lat' dir='ltr'><strong>unum</strong></span> <span class='ocrx_word' id='word_1_188' title='bbox 1211 2770 1446 2828; x_wconf 89' lang='lat' dir='ltr'><strong>cogens,</strong></span> <span class='ocrx_word' id='word_1_189' title='bbox 1477 2773 1801 2814; x_wconf 89' lang='lat' dir='ltr'><strong>coronarum</strong></span> <span class='ocrx_word' id='word_1_190' title='bbox 1849 2757 2038 2814; x_wconf 85' lang='lat' dir='ltr'><strong>harum</strong></span> <span class='ocrx_word' id='word_1_191' title='bbox 2069 2769 2126 2815; x_wconf 90' lang='lat' dir='ltr'><strong>et</strong></span> 
     </span>
    </p>
   </div>
   <div class='ocr_carea' id='block_1_28' title="bbox 531 2846 2121 2924">
    <p class='ocr_par' dir='ltr' id='par_1_28' title="bbox 531 2846 2121 2924">
     <span class='ocr_line' id='line_1_28' title="bbox 531 2846 2121 2924; baseline 0.008 -27"><span class='ocrx_word' id='word_1_192' title='bbox 531 2846 868 2913; x_wconf 77' lang='lat' dir='ltr'><strong>prmmiorum</strong></span> <span class='ocrx_word' id='word_1_193' title='bbox 921 2862 1016 2918; x_wconf 90' lang='lat' dir='ltr'><strong>spe</strong></span> <span class='ocrx_word' id='word_1_194' title='bbox 1064 2851 1300 2905; x_wconf 88' lang='lat' dir='ltr'><strong>animum</strong></span> <span class='ocrx_word' id='word_1_195' title='bbox 1357 2852 1945 2924; x_wconf 84' lang='lat' dir='ltr'><strong>exhilara,gaudioque</strong></span> <span class='ocrx_word' id='word_1_196' title='bbox 1996 2867 2121 2924; x_wconf 82' lang='lat' dir='ltr'><strong>pcr-</strong></span> 
     </span>
    </p>
   </div>
   <div class='ocr_carea' id='block_1_29' title="bbox 526 2935 2124 3014">
    <p class='ocr_par' dir='ltr' id='par_1_29' title="bbox 526 2935 2124 3014">
     <span class='ocr_line' id='line_1_29' title="bbox 526 2935 2124 3014; baseline 0.005 -24"><span class='ocrx_word' id='word_1_197' title='bbox 526 2935 707 2992; x_wconf 84' lang='lat' dir='ltr'><strong>fimde.</strong></span> <span class='ocrx_word' id='word_1_198' title='bbox 732 2938 884 3006; x_wconf 86' lang='lat' dir='ltr'><strong>Quod</strong></span> <span class='ocrx_word' id='word_1_199' title='bbox 914 2941 957 2995; x_wconf 91' lang='lat' dir='ltr'><strong>si</strong></span> <span class='ocrx_word' id='word_1_200' title='bbox 987 2940 1281 3011; x_wconf 78' lang='lat' dir='ltr'><strong>flagitiosus</strong></span> <span class='ocrx_word' id='word_1_201' title='bbox 1306 2944 1437 2999; x_wconf 88' lang='lat' dir='ltr'><strong>istos</strong></span> <span class='ocrx_word' id='word_1_202' title='bbox 1464 2955 1518 2999; x_wconf 88' lang='lat' dir='ltr'><strong>et</strong></span> <span class='ocrx_word' id='word_1_203' title='bbox 1545 2945 1917 3014; x_wconf 87' lang='lat' dir='ltr'><strong>sanguinarios</strong></span> <span class='ocrx_word' id='word_1_204' title='bbox 1947 2944 2124 2999; x_wconf 85' lang='lat' dir='ltr'><strong>homi-</strong></span> 
     </span>
    </p>
   </div>
   <div class='ocr_carea' id='block_1_30' title="bbox 529 3031 2126 3108">
    <p class='ocr_par' dir='ltr' id='par_1_30' title="bbox 529 3031 2126 3108">
     <span class='ocr_line' id='line_1_30' title="bbox 529 3031 2126 3108; baseline 0.008 -28"><span class='ocrx_word' id='word_1_205' title='bbox 529 3044 647 3095; x_wconf 87' lang='lat' dir='ltr'><strong>nes,</strong></span> <span class='ocrx_word' id='word_1_206' title='bbox 677 3031 875 3101; x_wconf 87' lang='lat' dir='ltr'><strong>quique</strong></span> <span class='ocrx_word' id='word_1_207' title='bbox 906 3031 994 3086; x_wconf 91' lang='lat' dir='ltr'><strong>his</strong></span> <span class='ocrx_word' id='word_1_208' title='bbox 1020 3033 1191 3088; x_wconf 92' lang='lat' dir='ltr'><strong>multo</strong></span> <span class='ocrx_word' id='word_1_209' title='bbox 1219 3034 1466 3104; x_wconf 76' lang='lat' dir='ltr'><strong>graviora</strong></span> <span class='ocrx_word' id='word_1_210' title='bbox 1493 3045 1874 3106; x_wconf 87' lang='lat' dir='ltr'><strong>perpetrarunt</strong></span> <span class='ocrx_word' id='word_1_211' title='bbox 1893 3078 1908 3101; x_wconf 93' lang='lat'><strong>,</strong></span> <span class='ocrx_word' id='word_1_212' title='bbox 1939 3052 2126 3108; x_wconf 75' lang='lat' dir='ltr'><strong>pmnas</strong></span> 
     </span>
    </p>
   </div>
   <div class='ocr_carea' id='block_1_31' title="bbox 529 3120 2125 3197">
    <p class='ocr_par' dir='ltr' id='par_1_31' title="bbox 529 3120 2125 3197">
     <span class='ocr_line' id='line_1_31' title="bbox 529 3120 2125 3197; baseline 0.008 -25"><span class='ocrx_word' id='word_1_213' title='bbox 529 3120 719 3175; x_wconf 86' lang='lat' dir='ltr'><strong>dantes</strong></span> <span class='ocrx_word' id='word_1_214' title='bbox 774 3122 1082 3192; x_wconf 86' lang='lat' dir='ltr'><strong>perspicere</strong></span> <span class='ocrx_word' id='word_1_215' title='bbox 1121 3126 1295 3194; x_wconf 85' lang='lat' dir='ltr'><strong>cupis,</strong></span> <span class='ocrx_word' id='word_1_216' title='bbox 1329 3127 1379 3179; x_wconf 91' lang='lat' dir='ltr'><strong>id</strong></span> <span class='ocrx_word' id='word_1_217' title='bbox 1406 3141 1619 3197; x_wconf 90' lang='lat' dir='ltr'><strong>quoque</strong></span> <span class='ocrx_word' id='word_1_218' title='bbox 1650 3135 1705 3180; x_wconf 91' lang='lat' dir='ltr'><strong>tu</strong></span> <span class='ocrx_word' id='word_1_219' title='bbox 1736 3129 1963 3183; x_wconf 85' lang='lat' dir='ltr'><strong>videbis.</strong></span> <span class='ocrx_word' id='word_1_220' title='bbox 1994 3129 2125 3184; x_wconf 90' lang='lat' dir='ltr'><strong>Nam</strong></span> 
     </span>
    </p>
   </div>
   <div class='ocr_carea' id='block_1_32' title="bbox 529 3212 2123 3292">
    <p class='ocr_par' dir='ltr' id='par_1_32' title="bbox 529 3212 2123 3292">
     <span class='ocr_line' id='line_1_32' title="bbox 529 3212 2123 3292; baseline 0.006 -27"><span class='ocrx_word' id='word_1_221' title='bbox 529 3222 590 3265; x_wconf 80' lang='lat' dir='ltr'><strong>et&quot;</strong></span> <span class='ocrx_word' id='word_1_222' title='bbox 610 3212 843 3266; x_wconf 84' lang='lat' dir='ltr'><strong>Lazarus</strong></span> <span class='ocrx_word' id='word_1_223' title='bbox 871 3215 1091 3270; x_wconf 89' lang='lat' dir='ltr'><strong>divitem</strong></span> <span class='ocrx_word' id='word_1_224' title='bbox 1123 3217 1546 3286; x_wconf 83' lang='lat' dir='ltr'><strong>conﬂagrantem</strong></span> <span class='ocrx_word' id='word_1_225' title='bbox 1579 3218 1709 3273; x_wconf 92' lang='lat' dir='ltr'><strong>vidit</strong></span> <span class='ocrx_word' id='word_1_226' title='bbox 1741 3218 1889 3290; x_wconf 84' lang='lat' dir='ltr'><strong>(Luc.</strong></span> <span class='ocrx_word' id='word_1_227' title='bbox 1918 3221 2123 3292; x_wconf 71' lang='lat'><strong>16.25).</strong></span> 
     </span>
    </p>
   </div>
   <div class='ocr_carea' id='block_1_33' title="bbox 529 3308 2126 3382">
    <p class='ocr_par' dir='ltr' id='par_1_33' title="bbox 529 3308 2126 3382">
     <span class='ocr_line' id='line_1_33' title="bbox 529 3308 2126 3382; baseline 0.007 -24"><span class='ocrx_word' id='word_1_228' title='bbox 529 3308 860 3377; x_wconf 86' lang='lat' dir='ltr'><strong>Quamquam</strong></span> <span class='ocrx_word' id='word_1_229' title='bbox 885 3312 1028 3364; x_wconf 88' lang='lat' dir='ltr'><strong>enim</strong></span> <span class='ocrx_word' id='word_1_230' title='bbox 1055 3313 1124 3366; x_wconf 92' lang='lat' dir='ltr'><strong>ob</strong></span> <span class='ocrx_word' id='word_1_231' title='bbox 1147 3312 1269 3366; x_wconf 79' lang='lat' dir='ltr'><strong>vitae</strong></span> <span class='ocrx_word' id='word_1_232' title='bbox 1293 3312 1586 3368; x_wconf 76' lang='lat' dir='ltr'><strong>discrimen</strong></span> <span class='ocrx_word' id='word_1_233' title='bbox 1609 3314 1758 3369; x_wconf 87' lang='lat' dir='ltr'><strong>locus</strong></span> <span class='ocrx_word' id='word_1_234' title='bbox 1785 3314 1915 3382; x_wconf 89' lang='lat' dir='ltr'><strong>ipsis</strong></span> <span class='ocrx_word' id='word_1_235' title='bbox 1934 3314 2126 3369; x_wconf 90' lang='lat' dir='ltr'><strong>distin-</strong></span> 
     </span>
    </p>
   </div>
   <div class='ocr_carea' id='block_1_34' title="bbox 531 3404 2126 3477">
    <p class='ocr_par' dir='ltr' id='par_1_34' title="bbox 531 3404 2126 3477">
     <span class='ocr_line' id='line_1_34' title="bbox 531 3404 2126 3477; baseline 0.009 -26"><span class='ocrx_word' id='word_1_236' title='bbox 531 3409 648 3453; x_wconf 81' lang='lat' dir='ltr'><strong>ctus</strong></span> <span class='ocrx_word' id='word_1_237' title='bbox 694 3409 843 3467; x_wconf 85' lang='lat' dir='ltr'><strong>erat,</strong></span> <span class='ocrx_word' id='word_1_238' title='bbox 873 3417 1070 3473; x_wconf 88' lang='lat' dir='ltr'><strong>eosque</strong></span> <span class='ocrx_word' id='word_1_239' title='bbox 1111 3404 1275 3461; x_wconf 79' lang='lat' dir='ltr'><strong>chaos</strong></span> <span class='ocrx_word' id='word_1_240' title='bbox 1321 3406 1639 3476; x_wconf 86' lang='lat' dir='ltr'><strong>dirimebat,</strong></span> <span class='ocrx_word' id='word_1_241' title='bbox 1679 3418 1842 3477; x_wconf 91' lang='lat' dir='ltr'><strong>atque</strong></span> <span class='ocrx_word' id='word_1_242' title='bbox 1896 3409 2031 3464; x_wconf 88' lang='lat' dir='ltr'><strong>alter</strong></span> <span class='ocrx_word' id='word_1_243' title='bbox 2073 3409 2126 3465; x_wconf 91' lang='lat' dir='ltr'><strong>in</strong></span> 
     </span>
    </p>
   </div>
   <div class='ocr_carea' id='block_1_35' title="bbox 533 3491 2126 3559">
    <p class='ocr_par' dir='ltr' id='par_1_35' title="bbox 533 3491 2126 3559">
     <span class='ocr_line' id='line_1_35' title="bbox 533 3491 2126 3559; baseline 0.009 -15"><span class='ocrx_word' id='word_1_244' title='bbox 533 3491 762 3546; x_wconf 75' lang='lat' dir='ltr'><strong>Abi-aha:</strong></span> <span class='ocrx_word' id='word_1_245' title='bbox 787 3495 905 3548; x_wconf 87' lang='lat' dir='ltr'><strong>sinu</strong></span> <span class='ocrx_word' id='word_1_246' title='bbox 930 3537 942 3559; x_wconf 93' lang='lat'><strong>,</strong></span> <span class='ocrx_word' id='word_1_247' title='bbox 967 3495 1105 3551; x_wconf 85' lang='lat' dir='ltr'><strong>alter</strong></span> <span class='ocrx_word' id='word_1_248' title='bbox 1133 3497 1184 3551; x_wconf 91' lang='lat' dir='ltr'><strong>in</strong></span> <span class='ocrx_word' id='word_1_249' title='bbox 1231 3499 1580 3555; x_wconf 87' lang='lat' dir='ltr'><strong>intolerandis</strong></span> <span class='ocrx_word' id='word_1_250' title='bbox 1608 3500 1914 3555; x_wconf 84' lang='lat' dir='ltr'><strong>fornacibus</strong></span> <span class='ocrx_word' id='word_1_251' title='bbox 1945 3502 2126 3558; x_wconf 89' lang='lat' dir='ltr'><strong>sedem</strong></span> 
     </span>
    </p>
   </div>
   <div class='ocr_carea' id='block_1_36' title="bbox 532 3582 2125 3662">
    <p class='ocr_par' dir='ltr' id='par_1_36' title="bbox 532 3582 2125 3662">
     <span class='ocr_line' id='line_1_36' title="bbox 532 3582 2125 3662; baseline 0.009 -28"><span class='ocrx_word' id='word_1_252' title='bbox 532 3582 781 3652; x_wconf 88' lang='lat' dir='ltr'><strong>habebat;</strong></span> <span class='ocrx_word' id='word_1_253' title='bbox 800 3593 856 3640; x_wconf 88' lang='lat' dir='ltr'><strong>at</strong></span> <span class='ocrx_word' id='word_1_254' title='bbox 877 3587 1045 3643; x_wconf 89' lang='lat' dir='ltr'><strong>nihilo</strong></span> <span class='ocrx_word' id='word_1_255' title='bbox 1074 3589 1251 3646; x_wconf 91' lang='lat' dir='ltr'><strong>secius</strong></span> <span class='ocrx_word' id='word_1_256' title='bbox 1282 3598 1459 3647; x_wconf 87' lang='lat' dir='ltr'><strong>tamen</strong></span> <span class='ocrx_word' id='word_1_257' title='bbox 1484 3601 1540 3647; x_wconf 88' lang='lat' dir='ltr'><strong>et</strong></span> <span class='ocrx_word' id='word_1_258' title='bbox 1560 3607 1680 3647; x_wconf 88' lang='lat' dir='ltr'><strong>eum</strong></span> <span class='ocrx_word' id='word_1_259' title='bbox 1705 3592 1836 3647; x_wconf 90' lang='lat' dir='ltr'><strong>vidit</strong></span> <span class='ocrx_word' id='word_1_260' title='bbox 1873 3591 2125 3662; x_wconf 84' lang='lat' dir='ltr'><strong>Lazarus,</strong></span> 
     </span>
    </p>
   </div>
   <div class='ocr_carea' id='block_1_37' title="bbox 529 3677 2127 3756">
    <p class='ocr_par' dir='ltr' id='par_1_37' title="bbox 529 3677 2127 3756">
     <span class='ocr_line' id='line_1_37' title="bbox 529 3677 2127 3756; baseline 0.006 -24"><span class='ocrx_word' id='word_1_261' title='bbox 529 3685 590 3732; x_wconf 81' lang='lat' dir='ltr'><strong>et</strong></span> <span class='ocrx_word' id='word_1_262' title='bbox 615 3693 798 3731; x_wconf 89' lang='lat' dir='ltr'><strong>vocem</strong></span> <span class='ocrx_word' id='word_1_263' title='bbox 827 3677 1048 3748; x_wconf 88' lang='lat' dir='ltr'><strong>audivit,</strong></span> <span class='ocrx_word' id='word_1_264' title='bbox 1069 3689 1123 3737; x_wconf 91' lang='lat' dir='ltr'><strong>et</strong></span> <span class='ocrx_word' id='word_1_265' title='bbox 1152 3683 1450 3752; x_wconf 86' lang='lat' dir='ltr'><strong>respondit.</strong></span> <span class='ocrx_word' id='word_1_266' title='bbox 1482 3684 1608 3739; x_wconf 71' lang='lat' dir='ltr'><strong>Hazc</strong></span> <span class='ocrx_word' id='word_1_267' title='bbox 1637 3685 1734 3740; x_wconf 86' lang='lat' dir='ltr'><strong>tibi</strong></span> <span class='ocrx_word' id='word_1_268' title='bbox 1775 3699 1984 3756; x_wconf 88' lang='lat' dir='ltr'><strong>quoque</strong></span> <span class='ocrx_word' id='word_1_269' title='bbox 2017 3697 2127 3742; x_wconf 88' lang='lat' dir='ltr'><strong>tum</strong></span> 
     </span>
    </p>
   </div>
   <div class='ocr_carea' id='block_1_38' title="bbox 534 3769 2128 3844">
    <p class='ocr_par' dir='ltr' id='par_1_38' title="bbox 534 3769 2128 3844">
     <span class='ocr_line' id='line_1_38' title="bbox 534 3769 2128 3844; baseline 0.009 -23"><span class='ocrx_word' id='word_1_270' title='bbox 534 3783 628 3822; x_wconf 89' lang='lat' dir='ltr'><strong>usu</strong></span> <span class='ocrx_word' id='word_1_271' title='bbox 660 3769 898 3824; x_wconf 89' lang='lat' dir='ltr'><strong>venient.</strong></span> <span class='ocrx_word' id='word_1_272' title='bbox 928 3770 1062 3826; x_wconf 91' lang='lat' dir='ltr'><strong>Nam</strong></span> <span class='ocrx_word' id='word_1_273' title='bbox 1105 3772 1150 3827; x_wconf 91' lang='lat' dir='ltr'><strong>si</strong></span> <span class='ocrx_word' id='word_1_274' title='bbox 1192 3776 1280 3844; x_wconf 91' lang='lat' dir='ltr'><strong>qui</strong></span> <span class='ocrx_word' id='word_1_275' title='bbox 1326 3790 1489 3829; x_wconf 90' lang='lat' dir='ltr'><strong>unum</strong></span> <span class='ocrx_word' id='word_1_276' title='bbox 1539 3775 1816 3832; x_wconf 79' lang='lat' dir='ltr'><strong>dumtaxat</strong></span> <span class='ocrx_word' id='word_1_277' title='bbox 1856 3777 2128 3834; x_wconf 87' lang='lat' dir='ltr'><strong>hominem</strong></span> 
     </span>
    </p>
   </div>
   <div class='ocr_carea' id='block_1_39' title="bbox 531 3862 2128 3939">
    <p class='ocr_par' dir='ltr' id='par_1_39' title="bbox 531 3862 2128 3939">
     <span class='ocr_line' id='line_1_39' title="bbox 531 3862 2128 3939; baseline 0.007 -26"><span class='ocrx_word' id='word_1_278' title='bbox 531 3862 884 3930; x_wconf 81' lang='lat' dir='ltr'><strong>contempsit,</strong></span> <span class='ocrx_word' id='word_1_279' title='bbox 915 3871 1061 3916; x_wconf 89' lang='lat' dir='ltr'><strong>tanto</strong></span> <span class='ocrx_word' id='word_1_280' title='bbox 1091 3866 1328 3920; x_wconf 88' lang='lat' dir='ltr'><strong>cruciatu</strong></span> <span class='ocrx_word' id='word_1_281' title='bbox 1361 3866 1610 3935; x_wconf 85' lang='lat' dir='ltr'><strong>afﬁcitur,</strong></span> <span class='ocrx_word' id='word_1_282' title='bbox 1644 3883 1707 3923; x_wconf 91' lang='lat' dir='ltr'><strong>ac</strong></span> <span class='ocrx_word' id='word_1_283' title='bbox 1732 3883 1942 3923; x_wconf 84' lang='lat' dir='ltr'><strong>rursum</strong></span> <span class='ocrx_word' id='word_1_284' title='bbox 1966 3870 2014 3923; x_wconf 88' lang='lat' dir='ltr'><strong>ei</strong></span> <span class='ocrx_word' id='word_1_285' title='bbox 2037 3869 2128 3939; x_wconf 90' lang='lat' dir='ltr'><strong>qui</strong></span> 
     </span>
    </p>
   </div>
   <div class='ocr_carea' id='block_1_40' title="bbox 532 3957 2129 4031">
    <p class='ocr_par' dir='ltr' id='par_1_40' title="bbox 532 3957 2129 4031">
     <span class='ocr_line' id='line_1_40' title="bbox 532 3957 2129 4031; baseline 0.007 -27"><span class='ocrx_word' id='word_1_286' title='bbox 532 3961 694 4008; x_wconf 83' lang='lat' dir='ltr'><strong>unum</strong></span> <span class='ocrx_word' id='word_1_287' title='bbox 747 3957 1118 4011; x_wconf 83' lang='lat' dir='ltr'><strong>tantummodo</strong></span> <span class='ocrx_word' id='word_1_288' title='bbox 1166 3958 1582 4028; x_wconf 87' lang='lat' dir='ltr'><strong>scandalizavit,</strong></span> <span class='ocrx_word' id='word_1_289' title='bbox 1626 3961 1844 4031; x_wconf 90' lang='lat' dir='ltr'><strong>expedit</strong></span> <span class='ocrx_word' id='word_1_290' title='bbox 1886 3970 1945 4016; x_wconf 91' lang='lat' dir='ltr'><strong>ut</strong></span> <span class='ocrx_word' id='word_1_291' title='bbox 1989 3963 2129 4015; x_wconf 91' lang='lat' dir='ltr'><strong>mola</strong></span> 
     </span>
    </p>
   </div>
   <div class='ocr_carea' id='block_1_41' title="bbox 531 4046 2129 4124">
    <p class='ocr_par' dir='ltr' id='par_1_41' title="bbox 531 4046 2129 4124">
     <span class='ocr_line' id='line_1_41' title="bbox 531 4046 2129 4124; baseline 0.008 -28"><span class='ocrx_word' id='word_1_292' title='bbox 531 4046 762 4100; x_wconf 86' lang='lat' dir='ltr'><strong>asinaria</strong></span> <span class='ocrx_word' id='word_1_293' title='bbox 792 4048 1151 4119; x_wconf 85' lang='lat' dir='ltr'><strong>suspendatur</strong></span> <span class='ocrx_word' id='word_1_294' title='bbox 1179 4050 1230 4104; x_wconf 95' lang='lat' dir='ltr'><strong>in</strong></span> <span class='ocrx_word' id='word_1_295' title='bbox 1262 4051 1404 4108; x_wconf 89' lang='lat' dir='ltr'><strong>collo</strong></span> <span class='ocrx_word' id='word_1_296' title='bbox 1430 4054 1567 4123; x_wconf 78' lang='lat' dir='ltr'><strong>ejus,</strong></span> <span class='ocrx_word' id='word_1_297' title='bbox 1601 4060 1658 4108; x_wconf 91' lang='lat' dir='ltr'><strong>et</strong></span> <span class='ocrx_word' id='word_1_298' title='bbox 1683 4055 2028 4124; x_wconf 80' lang='lat' dir='ltr'><strong>demergatur</strong></span> <span class='ocrx_word' id='word_1_299' title='bbox 2075 4054 2129 4109; x_wconf 91' lang='lat' dir='ltr'><strong>in</strong></span> 
     </span>
    </p>
   </div>
   <div class='ocr_carea' id='block_1_42' title="bbox 533 4137 2130 4216">
    <p class='ocr_par' dir='ltr' id='par_1_42' title="bbox 533 4137 2130 4216">
     <span class='ocr_line' id='line_1_42' title="bbox 533 4137 2130 4216; baseline 0.005 -25"><span class='ocrx_word' id='word_1_300' title='bbox 533 4153 681 4192; x_wconf 89' lang='lat' dir='ltr'><strong>mare</strong></span> <span class='ocrx_word' id='word_1_301' title='bbox 697 4137 1097 4214; x_wconf 77' lang='lat' dir='ltr'><strong>(illattli.l8.6);</strong></span> <span class='ocrx_word' id='word_1_302' title='bbox 1121 4142 1210 4211; x_wconf 92' lang='lat' dir='ltr'><strong>qui</strong></span> <span class='ocrx_word' id='word_1_303' title='bbox 1237 4153 1398 4197; x_wconf 69' lang='lat' dir='ltr'><strong>tanta:</strong></span> <span class='ocrx_word' id='word_1_304' title='bbox 1427 4145 1576 4200; x_wconf 81' lang='lat' dir='ltr'><strong>orbis</strong></span> <span class='ocrx_word' id='word_1_305' title='bbox 1597 4153 1861 4200; x_wconf 90' lang='lat' dir='ltr'><strong>terrarum</strong></span> <span class='ocrx_word' id='word_1_306' title='bbox 1894 4147 2028 4216; x_wconf 89' lang='lat' dir='ltr'><strong>parti</strong></span> <span class='ocrx_word' id='word_1_307' title='bbox 2052 4146 2130 4201; x_wconf 94' lang='lat' dir='ltr'><strong>of-</strong></span> 
     </span>
    </p>
   </div>
   <div class='ocr_carea' id='block_1_43' title="bbox 534 4229 2132 4304">
    <p class='ocr_par' dir='ltr' id='par_1_43' title="bbox 534 4229 2132 4304">
     <span class='ocr_line' id='line_1_43' title="bbox 534 4229 2132 4304; baseline 0.008 -22"><span class='ocrx_word' id='word_1_308' title='bbox 534 4229 829 4284; x_wconf 85' lang='lat' dir='ltr'><strong>fensionem</strong></span> <span class='ocrx_word' id='word_1_309' title='bbox 859 4233 1189 4298; x_wconf 88' lang='lat' dir='ltr'><strong>attulerunt,</strong></span> <span class='ocrx_word' id='word_1_310' title='bbox 1219 4242 1276 4289; x_wconf 91' lang='lat' dir='ltr'><strong>et</strong></span> <span class='ocrx_word' id='word_1_311' title='bbox 1320 4243 1400 4289; x_wconf 92' lang='lat' dir='ltr'><strong>tot</strong></span> <span class='ocrx_word' id='word_1_312' title='bbox 1421 4235 1696 4293; x_wconf 76' lang='lat' dir='ltr'><strong>Ecclesiae</strong></span> <span class='ocrx_word' id='word_1_313' title='bbox 1716 4249 2043 4304; x_wconf 90' lang='lat' dir='ltr'><strong>everterunt,</strong></span> <span class='ocrx_word' id='word_1_314' title='bbox 2077 4249 2132 4294; x_wconf 92' lang='lat' dir='ltr'><strong>et</strong></span> 
     </span>
    </p>
   </div>
   <div class='ocr_carea' id='block_1_44' title="bbox 535 4321 2134 4399">
    <p class='ocr_par' dir='ltr' id='par_1_44' title="bbox 535 4321 2134 4399">
     <span class='ocr_line' id='line_1_44' title="bbox 535 4321 2134 4399; baseline 0.008 -25"><span class='ocrx_word' id='word_1_315' title='bbox 535 4321 850 4378; x_wconf 89' lang='lat' dir='ltr'><strong>tumultibus</strong></span> <span class='ocrx_word' id='word_1_316' title='bbox 893 4338 958 4378; x_wconf 91' lang='lat' dir='ltr'><strong>ac</strong></span> <span class='ocrx_word' id='word_1_317' title='bbox 1003 4327 1402 4394; x_wconf 87' lang='lat' dir='ltr'><strong>perturbatione</strong></span> <span class='ocrx_word' id='word_1_318' title='bbox 1447 4330 1626 4383; x_wconf 91' lang='lat' dir='ltr'><strong>omnia</strong></span> <span class='ocrx_word' id='word_1_319' title='bbox 1678 4330 2134 4399; x_wconf 84' lang='lat' dir='ltr'><strong>impleverunt,et</strong></span> 
     </span>
    </p>
   </div>
   <div class='ocr_carea' id='block_1_45' title="bbox 537 4414 2129 4494">
    <p class='ocr_par' dir='ltr' id='par_1_45' title="bbox 537 4414 2129 4494">
     <span class='ocr_line' id='line_1_45' title="bbox 537 4414 2129 4494; baseline 0.008 -26"><span class='ocrx_word' id='word_1_320' title='bbox 537 4414 819 4485; x_wconf 78' lang='lat' dir='ltr'><strong>praedones</strong></span> <span class='ocrx_word' id='word_1_321' title='bbox 845 4431 908 4472; x_wconf 93' lang='lat' dir='ltr'><strong>ac</strong></span> <span class='ocrx_word' id='word_1_322' title='bbox 938 4416 1194 4474; x_wconf 86' lang='lat' dir='ltr'><strong>barbaros</strong></span> <span class='ocrx_word' id='word_1_323' title='bbox 1227 4420 1562 4476; x_wconf 88' lang='lat' dir='ltr'><strong>immanitate</strong></span> <span class='ocrx_word' id='word_1_324' title='bbox 1582 4437 1644 4476; x_wconf 88' lang='lat' dir='ltr'><strong>ac</strong></span> <span class='ocrx_word' id='word_1_325' title='bbox 1670 4423 1872 4477; x_wconf 75' lang='lat' dir='ltr'><strong>smvitia</strong></span> <span class='ocrx_word' id='word_1_326' title='bbox 1905 4439 2129 4494; x_wconf 88' lang='lat' dir='ltr'><strong>supcra-</strong></span> 
     </span>
    </p>
   </div>
   <div class='ocr_carea' id='block_1_46' title="bbox 533 4508 2130 4584">
    <p class='ocr_par' dir='ltr' id='par_1_46' title="bbox 533 4508 2130 4584">
     <span class='ocr_line' id='line_1_46' title="bbox 533 4508 2130 4584; baseline 0.006 -22"><span class='ocrx_word' id='word_1_327' title='bbox 533 4516 678 4574; x_wconf 92' lang='lat' dir='ltr'><strong>runt,</strong></span> <span class='ocrx_word' id='word_1_328' title='bbox 710 4517 872 4580; x_wconf 84' lang='lat' dir='ltr'><strong>atque</strong></span> <span class='ocrx_word' id='word_1_329' title='bbox 902 4523 933 4564; x_wconf 88' lang='lat' dir='ltr'><strong>a</strong></span> <span class='ocrx_word' id='word_1_330' title='bbox 973 4508 1210 4579; x_wconf 90' lang='lat' dir='ltr'><strong>diabolo,</strong></span> <span class='ocrx_word' id='word_1_331' title='bbox 1239 4527 1396 4582; x_wconf 88' lang='lat' dir='ltr'><strong>quem</strong></span> <span class='ocrx_word' id='word_1_332' title='bbox 1446 4513 1574 4568; x_wconf 89' lang='lat' dir='ltr'><strong>belli</strong></span> <span class='ocrx_word' id='word_1_333' title='bbox 1603 4513 1794 4570; x_wconf 90' lang='lat' dir='ltr'><strong>ducem</strong></span> <span class='ocrx_word' id='word_1_334' title='bbox 1827 4514 2130 4584; x_wconf 87' lang='lat' dir='ltr'><strong>habebant,</strong></span> 
     </span>
    </p>
   </div>
   <div class='ocr_carea' id='block_1_47' title="bbox 533 4601 2129 4678">
    <p class='ocr_par' dir='ltr' id='par_1_47' title="bbox 533 4601 2129 4678">
     <span class='ocr_line' id='line_1_47' title="bbox 533 4601 2129 4678; baseline 0.004 -22"><span class='ocrx_word' id='word_1_335' title='bbox 533 4611 589 4656; x_wconf 87' lang='lat' dir='ltr'><strong>et</strong></span> <span class='ocrx_word' id='word_1_336' title='bbox 613 4601 948 4659; x_wconf 69' lang='lat' dir='ltr'><strong>daemonibus</strong></span> <span class='ocrx_word' id='word_1_337' title='bbox 969 4645 984 4670; x_wconf 93' lang='lat'><strong>,</strong></span> <span class='ocrx_word' id='word_1_338' title='bbox 1013 4618 1240 4674; x_wconf 90' lang='lat' dir='ltr'><strong>quorum</strong></span> <span class='ocrx_word' id='word_1_339' title='bbox 1269 4620 1372 4675; x_wconf 92' lang='lat' dir='ltr'><strong>ope</strong></span> <span class='ocrx_word' id='word_1_340' title='bbox 1391 4616 1554 4677; x_wconf 90' lang='lat' dir='ltr'><strong>atque</strong></span> <span class='ocrx_word' id='word_1_341' title='bbox 1593 4608 1793 4663; x_wconf 86' lang='lat' dir='ltr'><strong>auxilio</strong></span> <span class='ocrx_word' id='word_1_342' title='bbox 1820 4609 2129 4678; x_wconf 85' lang='lat' dir='ltr'><strong>utebantur,</strong></span> 
     </span>
    </p>
   </div>
   <div class='ocr_carea' id='block_1_48' title="bbox 533 4693 2134 4764">
    <p class='ocr_par' dir='ltr' id='par_1_48' title="bbox 533 4693 2134 4764">
     <span class='ocr_line' id='line_1_48' title="bbox 533 4693 2134 4764; baseline 0.006 -18"><span class='ocrx_word' id='word_1_343' title='bbox 533 4701 682 4748; x_wconf 88' lang='lat' dir='ltr'><strong>tanto</strong></span> <span class='ocrx_word' id='word_1_344' title='bbox 712 4693 892 4751; x_wconf 90' lang='lat' dir='ltr'><strong>furore</strong></span> <span class='ocrx_word' id='word_1_345' title='bbox 922 4695 1101 4751; x_wconf 73' lang='lat' dir='ltr'><strong>affecti</strong></span> <span class='ocrx_word' id='word_1_346' title='bbox 1125 4705 1268 4764; x_wconf 91' lang='lat' dir='ltr'><strong>sunt,</strong></span> <span class='ocrx_word' id='word_1_347' title='bbox 1305 4707 1362 4752; x_wconf 92' lang='lat' dir='ltr'><strong>ut</strong></span> <span class='ocrx_word' id='word_1_348' title='bbox 1391 4699 1720 4755; x_wconf 89' lang='lat' dir='ltr'><strong>tremendam</strong></span> <span class='ocrx_word' id='word_1_349' title='bbox 1766 4700 1905 4757; x_wconf 88' lang='lat' dir='ltr'><strong>hanc</strong></span> <span class='ocrx_word' id='word_1_350' title='bbox 1926 4711 1980 4757; x_wconf 90' lang='lat' dir='ltr'><strong>et</strong></span> <span class='ocrx_word' id='word_1_351' title='bbox 2009 4717 2134 4756; x_wconf 89' lang='lat' dir='ltr'><strong>san-</strong></span> 
     </span>
    </p>
   </div>
   <div class='ocr_carea' id='block_1_49' title="bbox 536 4786 2132 4862">
    <p class='ocr_par' dir='ltr' id='par_1_49' title="bbox 536 4786 2132 4862">
     <span class='ocr_line' id='line_1_49' title="bbox 536 4786 2132 4862; baseline 0.007 -23"><span class='ocrx_word' id='word_1_352' title='bbox 536 4786 740 4840; x_wconf 88' lang='lat' dir='ltr'><strong>ctitatis</strong></span> <span class='ocrx_word' id='word_1_353' title='bbox 771 4788 983 4855; x_wconf 89' lang='lat' dir='ltr'><strong>plenam</strong></span> <span class='ocrx_word' id='word_1_354' title='bbox 1037 4804 1100 4844; x_wconf 88' lang='lat' dir='ltr'><strong>ac</strong></span> <span class='ocrx_word' id='word_1_355' title='bbox 1147 4789 1409 4845; x_wconf 87' lang='lat' dir='ltr'><strong>donatore</strong></span> <span class='ocrx_word' id='word_1_356' title='bbox 1453 4791 1666 4862; x_wconf 80' lang='lat' dir='ltr'><strong>dignam</strong></span> <span class='ocrx_word' id='word_1_357' title='bbox 1712 4793 2008 4848; x_wconf 88' lang='lat' dir='ltr'><strong>doctrinam</strong></span> <span class='ocrx_word' id='word_1_358' title='bbox 2036 4793 2132 4850; x_wconf 84' lang='lat' dir='ltr'><strong>Ju-</strong></span> 
     </span>
    </p>
   </div>
   <div class='ocr_carea' id='block_1_50' title="bbox 535 4874 2126 4954">
    <p class='ocr_par' dir='ltr' id='par_1_50' title="bbox 535 4874 2126 4954">
     <span class='ocr_line' id='line_1_50' title="bbox 535 4874 2126 4954; baseline 0.009 -28"><span class='ocrx_word' id='word_1_359' title='bbox 535 4874 667 4928; x_wconf 78' lang='lat' dir='ltr'><strong>daeis</strong></span> <span class='ocrx_word' id='word_1_360' title='bbox 692 4891 754 4930; x_wconf 86' lang='lat' dir='ltr'><strong>ac</strong></span> <span class='ocrx_word' id='word_1_361' title='bbox 796 4878 1083 4946; x_wconf 87' lang='lat' dir='ltr'><strong>gentilibus</strong></span> <span class='ocrx_word' id='word_1_362' title='bbox 1124 4880 1404 4936; x_wconf 88' lang='lat' dir='ltr'><strong>ridendam</strong></span> <span class='ocrx_word' id='word_1_363' title='bbox 1446 4883 1812 4952; x_wconf 87' lang='lat' dir='ltr'><strong>prepinarint;</strong></span> <span class='ocrx_word' id='word_1_364' title='bbox 1843 4885 1933 4954; x_wconf 90' lang='lat' dir='ltr'><strong>qui</strong></span> <span class='ocrx_word' id='word_1_365' title='bbox 1968 4886 2126 4940; x_wconf 89' lang='lat' dir='ltr'><strong>innu-</strong></span> 
     </span>
    </p>
   </div>
   <div class='ocr_carea' id='block_1_51' title="bbox 537 4968 2134 5045">
    <p class='ocr_par' dir='ltr' id='par_1_51' title="bbox 537 4968 2134 5045">
     <span class='ocr_line' id='line_1_51' title="bbox 537 4968 2134 5045; baseline 0.009 -26"><span class='ocrx_word' id='word_1_366' title='bbox 537 4980 712 5020; x_wconf 86' lang='lat' dir='ltr'><strong>meras</strong></span> <span class='ocrx_word' id='word_1_367' title='bbox 756 4968 964 5025; x_wconf 89' lang='lat' dir='ltr'><strong>animas</strong></span> <span class='ocrx_word' id='word_1_368' title='bbox 1008 4971 1420 5041; x_wconf 88' lang='lat' dir='ltr'><strong>demerserunt,</strong></span> <span class='ocrx_word' id='word_1_369' title='bbox 1475 4985 1634 5045; x_wconf 90' lang='lat' dir='ltr'><strong>atque</strong></span> <span class='ocrx_word' id='word_1_370' title='bbox 1686 4977 1966 5033; x_wconf 86' lang='lat' dir='ltr'><strong>innumera</strong></span> <span class='ocrx_word' id='word_1_371' title='bbox 2020 4987 2134 5034; x_wconf 90' lang='lat' dir='ltr'><strong>toto</strong></span> 
     </span>
    </p>
   </div>
   <div class='ocr_carea' id='block_1_52' title="bbox 537 5059 2137 5137">
    <p class='ocr_par' dir='ltr' id='par_1_52' title="bbox 537 5059 2137 5137">
     <span class='ocr_line' id='line_1_52' title="bbox 537 5059 2137 5137; baseline 0.01 -27"><span class='ocrx_word' id='word_1_372' title='bbox 537 5059 670 5112; x_wconf 87' lang='lat' dir='ltr'><strong>orbe</strong></span> <span class='ocrx_word' id='word_1_373' title='bbox 698 5061 966 5132; x_wconf 89' lang='lat' dir='ltr'><strong>naufragia</strong></span> <span class='ocrx_word' id='word_1_374' title='bbox 994 5063 1323 5133; x_wconf 74' lang='lat' dir='ltr'><strong>elfecerunt,</strong></span> <span class='ocrx_word' id='word_1_375' title='bbox 1351 5067 1441 5137; x_wconf 92' lang='lat' dir='ltr'><strong>qui</strong></span> <span class='ocrx_word' id='word_1_376' title='bbox 1471 5075 1678 5122; x_wconf 90' lang='lat' dir='ltr'><strong>tantum</strong></span> <span class='ocrx_word' id='word_1_377' title='bbox 1707 5069 2011 5125; x_wconf 89' lang='lat' dir='ltr'><strong>incendium</strong></span> <span class='ocrx_word' id='word_1_378' title='bbox 2041 5087 2137 5126; x_wconf 80' lang='lat' dir='ltr'><strong>ex-</strong></span> 
     </span>
    </p>
   </div>
   <div class='ocr_carea' id='block_1_53' title="bbox 539 5151 2133 5229">
    <p class='ocr_par' dir='ltr' id='par_1_53' title="bbox 539 5151 2133 5229">
     <span class='ocr_line' id='line_1_53' title="bbox 539 5151 2133 5229; baseline 0.01 -26"><span class='ocrx_word' id='word_1_379' title='bbox 539 5151 794 5212; x_wconf 73' lang='lat' dir='ltr'><strong>citarent,</strong></span> <span class='ocrx_word' id='word_1_380' title='bbox 821 5167 884 5208; x_wconf 86' lang='lat' dir='ltr'><strong>ac</strong></span> <span class='ocrx_word' id='word_1_381' title='bbox 939 5155 1136 5211; x_wconf 88' lang='lat' dir='ltr'><strong>Christi</strong></span> <span class='ocrx_word' id='word_1_382' title='bbox 1192 5173 1390 5229; x_wconf 91' lang='lat' dir='ltr'><strong>corpus</strong></span> <span class='ocrx_word' id='word_1_383' title='bbox 1441 5159 1750 5228; x_wconf 88' lang='lat' dir='ltr'><strong>sciderunt,</strong></span> <span class='ocrx_word' id='word_1_384' title='bbox 1784 5170 1839 5217; x_wconf 90' lang='lat' dir='ltr'><strong>et</strong></span> <span class='ocrx_word' id='word_1_385' title='bbox 1893 5163 2133 5219; x_wconf 90' lang='lat' dir='ltr'><strong>membra</strong></span> 
     </span>
    </p>
   </div>
   <div class='ocr_carea' id='block_1_54' title="bbox 541 5244 2134 5324">
    <p class='ocr_par' dir='ltr' id='par_1_54' title="bbox 541 5244 2134 5324">
     <span class='ocr_line' id='line_1_54' title="bbox 541 5244 2134 5324; baseline 0.009 -28"><span class='ocrx_word' id='word_1_386' title='bbox 541 5244 665 5298; x_wconf 89' lang='lat' dir='ltr'><strong>hinc</strong></span> <span class='ocrx_word' id='word_1_387' title='bbox 693 5253 747 5298; x_wconf 90' lang='lat' dir='ltr'><strong>et</strong></span> <span class='ocrx_word' id='word_1_388' title='bbox 771 5245 892 5300; x_wconf 91' lang='lat' dir='ltr'><strong>inde</strong></span> <span class='ocrx_word' id='word_1_389' title='bbox 919 5246 1230 5317; x_wconf 70' lang='lat' dir='ltr'><strong>abiecerunt</strong></span> <span class='ocrx_word' id='word_1_390' title='bbox 1255 5269 1269 5303; x_wconf 87' lang='lat'><strong>:</strong></span> <span class='ocrx_word' id='word_1_391' title='bbox 1309 5250 1409 5306; x_wconf 75' lang='lat' dir='ltr'><strong>Vos</strong></span> <span class='ocrx_word' id='word_1_392' title='bbox 1435 5254 1581 5307; x_wconf 89' lang='lat' dir='ltr'><strong>enim</strong></span> <span class='ocrx_word' id='word_1_393' title='bbox 1604 5295 1618 5318; x_wconf 90' lang='lat'><strong>,</strong></span> <span class='ocrx_word' id='word_1_394' title='bbox 1649 5256 1858 5324; x_wconf 84' lang='lat' dir='ltr'><strong>inquit,</strong></span> <span class='ocrx_word' id='word_1_395' title='bbox 1879 5257 1993 5311; x_wconf 81' lang='lat' dir='ltr'><strong>estis</strong></span> <span class='ocrx_word' id='word_1_396' title='bbox 2023 5274 2134 5311; x_wconf 81' lang='lat' dir='ltr'><strong>cor-</strong></span> 
     </span>
    </p>
   </div>
   <div class='ocr_carea' id='block_1_55' title="bbox 546 5337 2136 5418">
    <p class='ocr_par' dir='ltr' id='par_1_55' title="bbox 546 5337 2136 5418">
     <span class='ocr_line' id='line_1_55' title="bbox 546 5337 2136 5418; baseline 0.009 -28"><span class='ocrx_word' id='word_1_397' title='bbox 546 5355 644 5407; x_wconf 77' lang='lat' dir='ltr'><strong>pus</strong></span> <span class='ocrx_word' id='word_1_398' title='bbox 667 5337 878 5407; x_wconf 77' lang='lat' dir='ltr'><strong>Christi,</strong></span> <span class='ocrx_word' id='word_1_399' title='bbox 911 5349 956 5393; x_wconf 80' lang='lat' dir='ltr'><strong>et</strong></span> <span class='ocrx_word' id='word_1_400' title='bbox 987 5341 1206 5394; x_wconf 74' lang='lat' dir='ltr'><strong>niembra</strong></span> <span class='ocrx_word' id='word_1_401' title='bbox 1231 5360 1293 5398; x_wconf 75' lang='lat' dir='ltr'><strong>ex</strong></span> <span class='ocrx_word' id='word_1_402' title='bbox 1317 5357 1459 5414; x_wconf 84' lang='lat' dir='ltr'><strong>parte</strong></span> <span class='ocrx_word' id='word_1_403' title='bbox 1490 5346 1564 5418; x_wconf 90' lang='lat' dir='ltr'><strong>(l.</strong></span> <span class='ocrx_word' id='word_1_404' title='bbox 1595 5343 1713 5400; x_wconf 89' lang='lat' dir='ltr'><strong>Cor.</strong></span> <span class='ocrx_word' id='word_1_405' title='bbox 1750 5347 1834 5402; x_wconf 71' lang='grc'><strong>12.</strong></span> <span class='ocrx_word' id='word_1_406' title='bbox 1866 5348 1995 5418; x_wconf 76' lang='lat'><strong>27);</strong></span> <span class='ocrx_word' id='word_1_407' title='bbox 2029 5349 2136 5404; x_wconf 88' lang='lat' dir='ltr'><strong>imo</strong></span> 
     </span>
    </p>
   </div>
   <div class='ocr_carea' id='block_1_56' title="bbox 539 5431 2136 5510">
    <p class='ocr_par' dir='ltr' id='par_1_56' title="bbox 539 5431 2136 5510">
     <span class='ocr_line' id='line_1_56' title="bbox 539 5431 2136 5510; baseline 0.011 -30"><span class='ocrx_word' id='word_1_408' title='bbox 539 5431 815 5499; x_wconf 78' lang='lat' dir='ltr'><strong>veroquid</strong></span> <span class='ocrx_word' id='word_1_409' title='bbox 846 5446 1034 5486; x_wconf 91' lang='lat' dir='ltr'><strong>eorum</strong></span> <span class='ocrx_word' id='word_1_410' title='bbox 1083 5432 1342 5500; x_wconf 87' lang='lat' dir='ltr'><strong>furorem,</strong></span> <span class='ocrx_word' id='word_1_411' title='bbox 1367 5439 1454 5507; x_wconf 93' lang='lat' dir='ltr'><strong>qui</strong></span> <span class='ocrx_word' id='word_1_412' title='bbox 1495 5439 1642 5494; x_wconf 90' lang='lat' dir='ltr'><strong>nullo</strong></span> <span class='ocrx_word' id='word_1_413' title='bbox 1671 5455 1922 5495; x_wconf 89' lang='lat' dir='ltr'><strong>sermone</strong></span> <span class='ocrx_word' id='word_1_414' title='bbox 1949 5442 2136 5510; x_wconf 62' lang='lat' dir='ltr'><strong>expli-</strong></span> 
     </span>
    </p>
   </div>
   <div class='ocr_carea' id='block_1_57' title="bbox 539 5522 2134 5604">
    <p class='ocr_par' dir='ltr' id='par_1_57' title="bbox 539 5522 2134 5604">
     <span class='ocr_line' id='line_1_57' title="bbox 539 5522 2134 5604; baseline 0.008 -28"><span class='ocrx_word' id='word_1_415' title='bbox 539 5522 648 5576; x_wconf 72' lang='lat' dir='ltr'><strong>cari</strong></span> <span class='ocrx_word' id='word_1_416' title='bbox 700 5532 912 5592; x_wconf 88' lang='lat' dir='ltr'><strong>potest,</strong></span> <span class='ocrx_word' id='word_1_417' title='bbox 943 5525 1247 5595; x_wconf 79' lang='lat' dir='ltr'><strong>exprimere</strong></span> <span class='ocrx_word' id='word_1_418' title='bbox 1294 5533 1875 5604; x_wconf 75' lang='lat' dir='ltr'><strong>contendo‘iquantam</strong></span> <span class='ocrx_word' id='word_1_419' title='bbox 1921 5550 2134 5604; x_wconf 69' lang='lat' dir='ltr'><strong>pinnam</strong></span> 
     </span>
    </p>
   </div>
   <div class='ocr_carea' id='block_1_58' title="bbox 541 5613 2136 5690">
    <p class='ocr_par' dir='ltr' id='par_1_58' title="bbox 541 5613 2136 5690">
     <span class='ocr_line' id='line_1_58' title="bbox 541 5613 2136 5690; baseline 0.008 -22"><span class='ocrx_word' id='word_1_420' title='bbox 541 5613 826 5682; x_wconf 84' lang='lat' dir='ltr'><strong>pestiferos</strong></span> <span class='ocrx_word' id='word_1_421' title='bbox 870 5617 1002 5671; x_wconf 91' lang='lat' dir='ltr'><strong>istos</strong></span> <span class='ocrx_word' id='word_1_422' title='bbox 1050 5632 1113 5673; x_wconf 90' lang='lat' dir='ltr'><strong>ac</strong></span> <span class='ocrx_word' id='word_1_423' title='bbox 1160 5621 1531 5690; x_wconf 86' lang='lat' dir='ltr'><strong>sanguinarios</strong></span> <span class='ocrx_word' id='word_1_424' title='bbox 1577 5624 1822 5681; x_wconf 87' lang='lat' dir='ltr'><strong>homines</strong></span> <span class='ocrx_word' id='word_1_425' title='bbox 1863 5626 2136 5682; x_wconf 85' lang='lat' dir='ltr'><strong>subituros</strong></span> 
     </span>
    </p>
   </div>
   <div class='ocr_carea' id='block_1_59' title="bbox 539 5709 2135 5784">
    <p class='ocr_par' dir='ltr' id='par_1_59' title="bbox 539 5709 2135 5784">
     <span class='ocr_line' id='line_1_59' title="bbox 539 5709 2135 5784; baseline 0.011 -27"><span class='ocrx_word' id='word_1_426' title='bbox 539 5711 668 5760; x_wconf 85' lang='lat' dir='ltr'><strong>tunc</strong></span> <span class='ocrx_word' id='word_1_427' title='bbox 689 5722 810 5762; x_wconf 80' lang='lat' dir='ltr'><strong>esse</strong></span> <span class='ocrx_word' id='word_1_428' title='bbox 832 5709 1107 5765; x_wconf 83' lang='lat' dir='ltr'><strong>existimas</strong></span> <span class='ocrx_word' id='word_1_429' title='bbox 1124 5712 1146 5765; x_wconf 85' lang='lat'><strong>?</strong></span> <span class='ocrx_word' id='word_1_430' title='bbox 1163 5711 1293 5766; x_wconf 86' lang='lat' dir='ltr'><strong>Nam</strong></span> <span class='ocrx_word' id='word_1_431' title='bbox 1321 5714 1364 5768; x_wconf 90' lang='lat' dir='ltr'><strong>si</strong></span> <span class='ocrx_word' id='word_1_432' title='bbox 1393 5715 1481 5784; x_wconf 90' lang='lat' dir='ltr'><strong>qui</strong></span> <span class='ocrx_word' id='word_1_433' title='bbox 1504 5716 1776 5771; x_wconf 89' lang='lat' dir='ltr'><strong>Christum</strong></span> <span class='ocrx_word' id='word_1_434' title='bbox 1809 5719 2135 5774; x_wconf 88' lang='lat' dir='ltr'><strong>esurientem</strong></span> 
     </span>
    </p>
   </div>
   <div class='ocr_carea' id='block_1_60' title="bbox 541 5801 2128 5879">
    <p class='ocr_par' dir='ltr' id='par_1_60' title="bbox 541 5801 2128 5879">
     <span class='ocr_line' id='line_1_60' title="bbox 541 5801 2128 5879; baseline 0.01 -27"><span class='ocrx_word' id='word_1_435' title='bbox 541 5811 651 5854; x_wconf 80' lang='lat' dir='ltr'><strong>non</strong></span> <span class='ocrx_word' id='word_1_436' title='bbox 695 5801 978 5871; x_wconf 83' lang='lat' dir='ltr'><strong>aluerunt,</strong></span> <span class='ocrx_word' id='word_1_437' title='bbox 1012 5805 1343 5879; x_wconf 83' lang='lat' dir='ltr'><strong>sempiterno</strong></span> <span class='ocrx_word' id='word_1_438' title='bbox 1397 5805 1506 5879; x_wconf 84' lang='lat' dir='ltr'><strong>igni</strong></span> <span class='ocrx_word' id='word_1_439' title='bbox 1551 5824 1674 5867; x_wconf 84' lang='lat' dir='ltr'><strong>cum</strong></span> <span class='ocrx_word' id='word_1_440' title='bbox 1715 5809 1931 5869; x_wconf 81' lang='lat' dir='ltr'><strong>diabolo</strong></span> <span class='ocrx_word' id='word_1_441' title='bbox 1978 5811 2128 5868; x_wconf 83' lang='lat' dir='ltr'><strong>addi-</strong></span> 
     </span>
    </p>
   </div>
   <div class='ocr_carea' id='block_1_61' title="bbox 1262 323 3779 399">
    <p class='ocr_par' dir='ltr' id='par_1_61' title="bbox 1262 323 3779 399">
     <span class='ocr_line' id='line_1_61' title="bbox 1262 323 3779 399; baseline -0.008 -1"><span class='ocrx_word' id='word_1_442' title='bbox 1262 341 1316 398; x_wconf 93' lang='lat' dir='ltr'><strong>S.</strong></span> <span class='ocrx_word' id='word_1_443' title='bbox 1361 341 1640 398; x_wconf 72' lang='lat' dir='ltr'><strong>.lO.-\.\&quot;NIS</strong></span> <span class='ocrx_word' id='word_1_444' title='bbox 1678 339 2160 399; x_wconf 80' lang='lat' dir='ltr'><strong>CHRYSOSTOMI</strong></span> <span class='ocrx_word' id='word_1_445' title='bbox 2205 335 2519 392; x_wconf 73' lang='lat' dir='ltr'><strong>ARCHIEP.</strong></span> <span class='ocrx_word' id='word_1_446' title='bbox 2561 329 3100 390; x_wconf 77' lang='lat' dir='ltr'><strong>CONSTANTINOP.</strong></span> <span class='ocrx_word' id='word_1_447' title='bbox 3689 323 3779 380; x_wconf 71' lang='lat'><strong>568</strong></span> 
     </span>
    </p>
   </div>
   <div class='ocr_carea' id='block_1_62' title="bbox 2214 435 3783 518">
    <p class='ocr_par' dir='ltr' id='par_1_62' title="bbox 2214 435 3783 518">
     <span class='ocr_line' id='line_1_62' title="bbox 2214 435 3783 518; baseline -0.011 -13"><span class='ocrx_word' id='word_1_448' title='bbox 2214 460 2415 506; x_wconf 88' lang='lat' dir='ltr'><strong>cuntur</strong></span> <span class='ocrx_word' id='word_1_449' title='bbox 2448 465 2463 502; x_wconf 92' lang='lat'><strong>:</strong></span> <span class='ocrx_word' id='word_1_450' title='bbox 2496 450 2587 518; x_wconf 89' lang='lat' dir='ltr'><strong>qui</strong></span> <span class='ocrx_word' id='word_1_451' title='bbox 2632 443 3018 500; x_wconf 83' lang='lat' dir='ltr'><strong>monachorum</strong></span> <span class='ocrx_word' id='word_1_452' title='bbox 3042 453 3097 496; x_wconf 89' lang='lat' dir='ltr'><strong>et</strong></span> <span class='ocrx_word' id='word_1_453' title='bbox 3125 439 3393 508; x_wconf 78' lang='lat' dir='ltr'><strong>virginum</strong></span> <span class='ocrx_word' id='word_1_454' title='bbox 3441 450 3623 505; x_wconf 73' lang='lat' dir='ltr'><strong>greges</strong></span> <span class='ocrx_word' id='word_1_455' title='bbox 3648 437 3696 488; x_wconf 86' lang='lat' dir='ltr'><strong>in</strong></span> <span class='ocrx_word' id='word_1_456' title='bbox 3717 435 3783 488; x_wconf 88' lang='lat' dir='ltr'><strong>fa-</strong></span> 
     </span>
    </p>
   </div>
   <div class='ocr_carea' id='block_1_63' title="bbox 2212 531 3784 612">
    <p class='ocr_par' dir='ltr' id='par_1_63' title="bbox 2212 531 3784 612">
     <span class='ocr_line' id='line_1_63' title="bbox 2212 531 3784 612; baseline -0.01 -14"><span class='ocrx_word' id='word_1_457' title='bbox 2212 559 2354 598; x_wconf 92' lang='lat' dir='ltr'><strong>mem</strong></span> <span class='ocrx_word' id='word_1_458' title='bbox 2401 540 2784 612; x_wconf 74' lang='lat' dir='ltr'><strong>coniecerunt,</strong></span> <span class='ocrx_word' id='word_1_459' title='bbox 2812 545 2870 592; x_wconf 91' lang='lat' dir='ltr'><strong>et</strong></span> <span class='ocrx_word' id='word_1_460' title='bbox 2898 534 3119 590; x_wconf 86' lang='lat' dir='ltr'><strong>vestitos</strong></span> <span class='ocrx_word' id='word_1_461' title='bbox 3157 531 3470 592; x_wconf 87' lang='lat' dir='ltr'><strong>nudarunt,</strong></span> <span class='ocrx_word' id='word_1_462' title='bbox 3497 539 3549 582; x_wconf 87' lang='lat' dir='ltr'><strong>et</strong></span> <span class='ocrx_word' id='word_1_463' title='bbox 3588 541 3784 596; x_wconf 86' lang='lat' dir='ltr'><strong>peregre</strong></span> 
     </span>
    </p>
   </div>
   <div class='ocr_carea' id='block_1_64' title="bbox 2212 617 3785 705">
    <p class='ocr_par' dir='ltr' id='par_1_64' title="bbox 2212 617 3785 705">
     <span class='ocr_line' id='line_1_64' title="bbox 2212 617 3785 705; baseline -0.012 -16"><span class='ocrx_word' id='word_1_464' title='bbox 2212 642 2433 705; x_wconf 89' lang='lat' dir='ltr'><strong>agentes</strong></span> <span class='ocrx_word' id='word_1_465' title='bbox 2459 647 2567 686; x_wconf 91' lang='lat' dir='ltr'><strong>non</strong></span> <span class='ocrx_word' id='word_1_466' title='bbox 2607 628 2767 684; x_wconf 89' lang='lat' dir='ltr'><strong>modo</strong></span> <span class='ocrx_word' id='word_1_467' title='bbox 2797 641 2905 681; x_wconf 91' lang='lat' dir='ltr'><strong>non</strong></span> <span class='ocrx_word' id='word_1_468' title='bbox 2943 624 3302 693; x_wconf 85' lang='lat' dir='ltr'><strong>collegerunt,</strong></span> <span class='ocrx_word' id='word_1_469' title='bbox 3331 617 3428 673; x_wconf 88' lang='lat' dir='ltr'><strong>sed</strong></span> <span class='ocrx_word' id='word_1_470' title='bbox 3458 619 3615 672; x_wconf 85' lang='lat' dir='ltr'><strong>etiam</strong></span> <span class='ocrx_word' id='word_1_471' title='bbox 3641 632 3785 684; x_wconf 78' lang='lat' dir='ltr'><strong>expu-</strong></span> 
     </span>
    </p>
   </div>
   <div class='ocr_carea' id='block_1_65' title="bbox 2214 708 3783 790">
    <p class='ocr_par' dir='ltr' id='par_1_65' title="bbox 2214 708 3783 790">
     <span class='ocr_line' id='line_1_65' title="bbox 2214 708 3783 790; baseline -0.015 -8"><span class='ocrx_word' id='word_1_472' title='bbox 2214 727 2414 790; x_wconf 90' lang='lat' dir='ltr'><strong>lerunt,</strong></span> <span class='ocrx_word' id='word_1_473' title='bbox 2438 733 2494 780; x_wconf 92' lang='lat' dir='ltr'><strong>et</strong></span> <span class='ocrx_word' id='word_1_474' title='bbox 2518 721 2706 777; x_wconf 90' lang='lat' dir='ltr'><strong>morbo</strong></span> <span class='ocrx_word' id='word_1_475' title='bbox 2727 719 3032 774; x_wconf 86' lang='lat' dir='ltr'><strong>laborantes</strong></span> <span class='ocrx_word' id='word_1_476' title='bbox 3055 729 3161 769; x_wconf 90' lang='lat' dir='ltr'><strong>non</strong></span> <span class='ocrx_word' id='word_1_477' title='bbox 3188 711 3355 766; x_wconf 88' lang='lat' dir='ltr'><strong>modo</strong></span> <span class='ocrx_word' id='word_1_478' title='bbox 3380 725 3484 763; x_wconf 87' lang='lat' dir='ltr'><strong>non</strong></span> <span class='ocrx_word' id='word_1_479' title='bbox 3507 708 3783 772; x_wconf 86' lang='lat' dir='ltr'><strong>visitarunt,</strong></span> 
     </span>
    </p>
   </div>
   <div class='ocr_carea' id='block_1_66' title="bbox 2215 799 3786 872">
    <p class='ocr_par' dir='ltr' id='par_1_66' title="bbox 2215 799 3786 872">
     <span class='ocr_line' id='line_1_66' title="bbox 2215 799 3786 872; baseline -0.014 1"><span class='ocrx_word' id='word_1_480' title='bbox 2215 816 2313 872; x_wconf 86' lang='lat' dir='ltr'><strong>sed</strong></span> <span class='ocrx_word' id='word_1_481' title='bbox 2355 816 2518 871; x_wconf 89' lang='lat' dir='ltr'><strong>etiam</strong></span> <span class='ocrx_word' id='word_1_482' title='bbox 2545 810 2920 868; x_wconf 85' lang='lat' dir='ltr'><strong>vehementius</strong></span> <span class='ocrx_word' id='word_1_483' title='bbox 2947 807 3291 870; x_wconf 81' lang='lat' dir='ltr'><strong>afﬂixerunt,</strong></span> <span class='ocrx_word' id='word_1_484' title='bbox 3321 813 3378 857; x_wconf 88' lang='lat' dir='ltr'><strong>et</strong></span> <span class='ocrx_word' id='word_1_485' title='bbox 3423 818 3529 856; x_wconf 89' lang='lat' dir='ltr'><strong>non</strong></span> <span class='ocrx_word' id='word_1_486' title='bbox 3559 799 3705 854; x_wconf 88' lang='lat' dir='ltr'><strong>modo</strong></span> <span class='ocrx_word' id='word_1_487' title='bbox 3730 800 3786 852; x_wconf 87' lang='lat' dir='ltr'><strong>ad</strong></span> 
     </span>
    </p>
   </div>
   <div class='ocr_carea' id='block_1_67' title="bbox 2216 892 3788 980">
    <p class='ocr_par' dir='ltr' id='par_1_67' title="bbox 2216 892 3788 980">
     <span class='ocr_line' id='line_1_67' title="bbox 2216 892 3788 980; baseline -0.013 -14"><span class='ocrx_word' id='word_1_488' title='bbox 2216 924 2313 966; x_wconf 90' lang='lat' dir='ltr'><strong>cos</strong></span> <span class='ocrx_word' id='word_1_489' title='bbox 2341 909 2432 980; x_wconf 92' lang='lat' dir='ltr'><strong>qui</strong></span> <span class='ocrx_word' id='word_1_490' title='bbox 2481 908 2534 962; x_wconf 88' lang='lat' dir='ltr'><strong>in</strong></span> <span class='ocrx_word' id='word_1_491' title='bbox 2566 905 2794 961; x_wconf 84' lang='lat' dir='ltr'><strong>vinculis</strong></span> <span class='ocrx_word' id='word_1_492' title='bbox 2815 911 2969 958; x_wconf 88' lang='lat' dir='ltr'><strong>erant</strong></span> <span class='ocrx_word' id='word_1_493' title='bbox 2997 915 3119 956; x_wconf 88' lang='lat' dir='ltr'><strong>sese</strong></span> <span class='ocrx_word' id='word_1_494' title='bbox 3162 915 3272 953; x_wconf 91' lang='lat' dir='ltr'><strong>non</strong></span> <span class='ocrx_word' id='word_1_495' title='bbox 3305 895 3681 957; x_wconf 89' lang='lat' dir='ltr'><strong>contulerunt,</strong></span> <span class='ocrx_word' id='word_1_496' title='bbox 3707 892 3788 946; x_wconf 86' lang='lat' dir='ltr'><strong>sed</strong></span> 
     </span>
    </p>
   </div>
   <div class='ocr_carea' id='block_1_68' title="bbox 2216 991 3788 1070">
    <p class='ocr_par' dir='ltr' id='par_1_68' title="bbox 2216 991 3788 1070">
     <span class='ocr_line' id='line_1_68' title="bbox 2216 991 3788 1070; baseline -0.015 -12"><span class='ocrx_word' id='word_1_497' title='bbox 2216 1003 2378 1058; x_wconf 90' lang='lat' dir='ltr'><strong>etiam</strong></span> <span class='ocrx_word' id='word_1_498' title='bbox 2410 1009 2468 1056; x_wconf 90' lang='lat' dir='ltr'><strong>ut</strong></span> <span class='ocrx_word' id='word_1_499' title='bbox 2493 1001 2529 1054; x_wconf 91' lang='lat' dir='ltr'><strong>ii</strong></span> <span class='ocrx_word' id='word_1_500' title='bbox 2557 999 2650 1070; x_wconf 90' lang='lat' dir='ltr'><strong>qui</strong></span> <span class='ocrx_word' id='word_1_501' title='bbox 2671 996 2824 1052; x_wconf 92' lang='lat' dir='ltr'><strong>liberi</strong></span> <span class='ocrx_word' id='word_1_502' title='bbox 2849 1011 2910 1049; x_wconf 89' lang='lat' dir='ltr'><strong>ac</strong></span> <span class='ocrx_word' id='word_1_503' title='bbox 2937 993 3096 1048; x_wconf 88' lang='lat' dir='ltr'><strong>soluti</strong></span> <span class='ocrx_word' id='word_1_504' title='bbox 3118 999 3279 1047; x_wconf 87' lang='lat' dir='ltr'><strong>erant</strong></span> <span class='ocrx_word' id='word_1_505' title='bbox 3305 991 3358 1043; x_wconf 95' lang='lat' dir='ltr'><strong>in</strong></span> <span class='ocrx_word' id='word_1_506' title='bbox 3382 1001 3649 1043; x_wconf 82' lang='lat' dir='ltr'><strong>carcerem</strong></span> <span class='ocrx_word' id='word_1_507' title='bbox 3674 998 3788 1038; x_wconf 67' lang='lat' dir='ltr'><strong>(&#39;Ono</strong></span> 
     </span>
    </p>
   </div>
   <div class='ocr_carea' id='block_1_69' title="bbox 2214 1075 3788 1162">
    <p class='ocr_par' dir='ltr' id='par_1_69' title="bbox 2214 1075 3788 1162">
     <span class='ocr_line' id='line_1_69' title="bbox 2214 1075 3788 1162; baseline -0.011 -16"><span class='ocrx_word' id='word_1_508' title='bbox 2214 1092 2512 1162; x_wconf 85' lang='lat' dir='ltr'><strong>jicerentur</strong></span> <span class='ocrx_word' id='word_1_509' title='bbox 2530 1130 2546 1156; x_wconf 95' lang='lat'><strong>,</strong></span> <span class='ocrx_word' id='word_1_510' title='bbox 2576 1102 2798 1160; x_wconf 89' lang='lat' dir='ltr'><strong>operam</strong></span> <span class='ocrx_word' id='word_1_511' title='bbox 2825 1085 3128 1148; x_wconf 89' lang='lat' dir='ltr'><strong>dederunt,</strong></span> <span class='ocrx_word' id='word_1_512' title='bbox 3168 1089 3402 1153; x_wconf 87' lang='lat' dir='ltr'><strong>quantas</strong></span> <span class='ocrx_word' id='word_1_513' title='bbox 3427 1092 3610 1148; x_wconf 71' lang='lat' dir='ltr'><strong>pinnas</strong></span> <span class='ocrx_word' id='word_1_514' title='bbox 3631 1075 3788 1130; x_wconf 88' lang='lat' dir='ltr'><strong>luitnri</strong></span> 
     </span>
    </p>
   </div>
   <div class='ocr_carea' id='block_1_70' title="bbox 2218 1170 3790 1254">
    <p class='ocr_par' dir='ltr' id='par_1_70' title="bbox 2218 1170 3790 1254">
     <span class='ocr_line' id='line_1_70' title="bbox 2218 1170 3790 1254; baseline -0.012 -13"><span class='ocrx_word' id='word_1_515' title='bbox 2218 1189 2346 1252; x_wconf 90' lang='lat' dir='ltr'><strong>sint,</strong></span> <span class='ocrx_word' id='word_1_516' title='bbox 2379 1188 2584 1254; x_wconf 82' lang='lat' dir='ltr'><strong>cogites</strong></span> <span class='ocrx_word' id='word_1_517' title='bbox 2627 1184 2770 1238; x_wconf 88' lang='lat' dir='ltr'><strong>licet.</strong></span> <span class='ocrx_word' id='word_1_518' title='bbox 2799 1182 2934 1235; x_wconf 84' lang='lat' dir='ltr'><strong>Tum</strong></span> <span class='ocrx_word' id='word_1_519' title='bbox 2965 1180 3123 1249; x_wconf 88' lang='lat' dir='ltr'><strong>igitur</strong></span> <span class='ocrx_word' id='word_1_520' title='bbox 3149 1191 3244 1232; x_wconf 85' lang='lat' dir='ltr'><strong>eos</strong></span> <span class='ocrx_word' id='word_1_521' title='bbox 3278 1174 3513 1229; x_wconf 81' lang='lat' dir='ltr'><strong>flammis</strong></span> <span class='ocrx_word' id='word_1_522' title='bbox 3549 1170 3790 1225; x_wconf 82' lang='lat' dir='ltr'><strong>excrucia-</strong></span> 
     </span>
    </p>
   </div>
   <div class='ocr_carea' id='block_1_71' title="bbox 2223 1265 3787 1347">
    <p class='ocr_par' dir='ltr' id='par_1_71' title="bbox 2223 1265 3787 1347">
     <span class='ocr_line' id='line_1_71' title="bbox 2223 1265 3787 1347; baseline -0.013 -12"><span class='ocrx_word' id='word_1_523' title='bbox 2223 1292 2304 1336; x_wconf 92' lang='lat' dir='ltr'><strong>tos</strong></span> <span class='ocrx_word' id='word_1_524' title='bbox 2351 1290 2404 1334; x_wconf 91' lang='lat' dir='ltr'><strong>et</strong></span> <span class='ocrx_word' id='word_1_525' title='bbox 2451 1277 2847 1347; x_wconf 83' lang='lat' dir='ltr'><strong>conflagrantes</strong></span> <span class='ocrx_word' id='word_1_526' title='bbox 2867 1316 2880 1340; x_wconf 96' lang='lat'><strong>,</strong></span> <span class='ocrx_word' id='word_1_527' title='bbox 2907 1275 3112 1328; x_wconf 89' lang='lat' dir='ltr'><strong>vinctos</strong></span> <span class='ocrx_word' id='word_1_528' title='bbox 3135 1311 3150 1338; x_wconf 88' lang='lat'><strong>,</strong></span> <span class='ocrx_word' id='word_1_529' title='bbox 3177 1270 3430 1325; x_wconf 88' lang='lat' dir='ltr'><strong>dentibus</strong></span> <span class='ocrx_word' id='word_1_530' title='bbox 3485 1265 3752 1321; x_wconf 89' lang='lat' dir='ltr'><strong>stridentes</strong></span> <span class='ocrx_word' id='word_1_531' title='bbox 3776 1303 3787 1326; x_wconf 91' lang='lat'><strong>,</strong></span> 
     </span>
    </p>
   </div>
   <div class='ocr_carea' id='block_1_72' title="bbox 2216 1359 3787 1434">
    <p class='ocr_par' dir='ltr' id='par_1_72' title="bbox 2216 1359 3787 1434">
     <span class='ocr_line' id='line_1_72' title="bbox 2216 1359 3787 1434; baseline -0.009 -11"><span class='ocrx_word' id='word_1_532' title='bbox 2216 1366 2419 1424; x_wconf 84' lang='lat' dir='ltr'><strong>frustra</strong></span> <span class='ocrx_word' id='word_1_533' title='bbox 2448 1372 2835 1434; x_wconf 88' lang='lat' dir='ltr'><strong>lamentantes,</strong></span> <span class='ocrx_word' id='word_1_534' title='bbox 2862 1366 3031 1420; x_wconf 90' lang='lat' dir='ltr'><strong>inutili</strong></span> <span class='ocrx_word' id='word_1_535' title='bbox 3065 1367 3208 1419; x_wconf 91' lang='lat' dir='ltr'><strong>luctu</strong></span> <span class='ocrx_word' id='word_1_536' title='bbox 3235 1377 3298 1417; x_wconf 90' lang='lat' dir='ltr'><strong>se</strong></span> <span class='ocrx_word' id='word_1_537' title='bbox 3322 1359 3661 1416; x_wconf 80' lang='lat' dir='ltr'><strong>conficientes</strong></span> <span class='ocrx_word' id='word_1_538' title='bbox 3679 1399 3693 1422; x_wconf 89' lang='lat'><strong>,</strong></span> <span class='ocrx_word' id='word_1_539' title='bbox 3717 1365 3787 1409; x_wconf 86' lang='lat' dir='ltr'><strong>at-</strong></span> 
     </span>
    </p>
   </div>
   <div class='ocr_carea' id='block_1_73' title="bbox 2223 1451 3789 1534">
    <p class='ocr_par' dir='ltr' id='par_1_73' title="bbox 2223 1451 3789 1534">
     <span class='ocr_line' id='line_1_73' title="bbox 2223 1451 3789 1534; baseline -0.011 -17"><span class='ocrx_word' id='word_1_540' title='bbox 2223 1479 2328 1534; x_wconf 89' lang='lat' dir='ltr'><strong>que</strong></span> <span class='ocrx_word' id='word_1_541' title='bbox 2357 1462 2545 1519; x_wconf 88' lang='lat' dir='ltr'><strong>divitis</strong></span> <span class='ocrx_word' id='word_1_542' title='bbox 2594 1461 2737 1516; x_wconf 89' lang='lat' dir='ltr'><strong>illius</strong></span> <span class='ocrx_word' id='word_1_543' title='bbox 2781 1461 2835 1515; x_wconf 94' lang='lat' dir='ltr'><strong>in</strong></span> <span class='ocrx_word' id='word_1_544' title='bbox 2878 1459 3096 1512; x_wconf 91' lang='lat' dir='ltr'><strong>modum</strong></span> <span class='ocrx_word' id='word_1_545' title='bbox 3122 1497 3137 1520; x_wconf 94' lang='lat'><strong>,</strong></span> <span class='ocrx_word' id='word_1_546' title='bbox 3181 1457 3457 1509; x_wconf 86' lang='lat' dir='ltr'><strong>incassum</strong></span> <span class='ocrx_word' id='word_1_547' title='bbox 3499 1451 3789 1520; x_wconf 80' lang='lat' dir='ltr'><strong>pmnitentes</strong></span> 
     </span>
    </p>
   </div>
   <div class='ocr_carea' id='block_1_74' title="bbox 2221 1542 3784 1612">
    <p class='ocr_par' dir='ltr' id='par_1_74' title="bbox 2221 1542 3784 1612">
     <span class='ocr_line' id='line_1_74' title="bbox 2221 1542 3784 1612; baseline -0.013 0"><span class='ocrx_word' id='word_1_548' title='bbox 2221 1555 2451 1612; x_wconf 88' lang='lat' dir='ltr'><strong>videbis.</strong></span> <span class='ocrx_word' id='word_1_549' title='bbox 2477 1555 2554 1608; x_wconf 79' lang='lat' dir='ltr'><strong>Ac</strong></span> <span class='ocrx_word' id='word_1_550' title='bbox 2581 1567 2794 1608; x_wconf 89' lang='lat' dir='ltr'><strong>rursum</strong></span> <span class='ocrx_word' id='word_1_551' title='bbox 2821 1560 2874 1606; x_wconf 90' lang='lat' dir='ltr'><strong>te</strong></span> <span class='ocrx_word' id='word_1_552' title='bbox 2903 1550 2981 1604; x_wconf 90' lang='lat' dir='ltr'><strong>illi</strong></span> <span class='ocrx_word' id='word_1_553' title='bbox 3008 1549 3060 1602; x_wconf 93' lang='lat' dir='ltr'><strong>in</strong></span> <span class='ocrx_word' id='word_1_554' title='bbox 3091 1547 3262 1602; x_wconf 89' lang='lat' dir='ltr'><strong>beatis</strong></span> <span class='ocrx_word' id='word_1_555' title='bbox 3286 1544 3394 1598; x_wconf 89' lang='lat' dir='ltr'><strong>illis</strong></span> <span class='ocrx_word' id='word_1_556' title='bbox 3414 1542 3626 1598; x_wconf 88' lang='lat' dir='ltr'><strong>sedibus</strong></span> <span class='ocrx_word' id='word_1_557' title='bbox 3653 1555 3784 1594; x_wconf 84' lang='lat' dir='ltr'><strong>coro-</strong></span> 
     </span>
    </p>
   </div>
   <div class='ocr_carea' id='block_1_75' title="bbox 2222 1636 3789 1719">
    <p class='ocr_par' dir='ltr' id='par_1_75' title="bbox 2222 1636 3789 1719">
     <span class='ocr_line' id='line_1_75' title="bbox 2222 1636 3789 1719; baseline -0.013 -15"><span class='ocrx_word' id='word_1_558' title='bbox 2222 1665 2346 1705; x_wconf 91' lang='lat' dir='ltr'><strong>nam</strong></span> <span class='ocrx_word' id='word_1_559' title='bbox 2399 1655 2721 1719; x_wconf 80' lang='lat' dir='ltr'><strong>gestantem,</strong></span> <span class='ocrx_word' id='word_1_560' title='bbox 2770 1660 2891 1698; x_wconf 90' lang='lat' dir='ltr'><strong>cum</strong></span> <span class='ocrx_word' id='word_1_561' title='bbox 2945 1640 3150 1712; x_wconf 87' lang='lat' dir='ltr'><strong>angelis</strong></span> <span class='ocrx_word' id='word_1_562' title='bbox 3206 1636 3617 1707; x_wconf 86' lang='lat' dir='ltr'><strong>tripudiantem,</strong></span> <span class='ocrx_word' id='word_1_563' title='bbox 3654 1642 3789 1700; x_wconf 85' lang='lat' dir='ltr'><strong>atque</strong></span> 
     </span>
    </p>
   </div>
   <div class='ocr_carea' id='block_1_76' title="bbox 2221 1726 3786 1808">
    <p class='ocr_par' dir='ltr' id='par_1_76' title="bbox 2221 1726 3786 1808">
     <span class='ocr_line' id='line_1_76' title="bbox 2221 1726 3786 1808; baseline -0.015 -10"><span class='ocrx_word' id='word_1_564' title='bbox 2221 1757 2344 1798; x_wconf 91' lang='lat' dir='ltr'><strong>cum</strong></span> <span class='ocrx_word' id='word_1_565' title='bbox 2397 1740 2614 1796; x_wconf 89' lang='lat' dir='ltr'><strong>Christo</strong></span> <span class='ocrx_word' id='word_1_566' title='bbox 2668 1747 2982 1808; x_wconf 86' lang='lat' dir='ltr'><strong>regnantem</strong></span> <span class='ocrx_word' id='word_1_567' title='bbox 3033 1733 3316 1796; x_wconf 89' lang='lat' dir='ltr'><strong>videbunt,</strong></span> <span class='ocrx_word' id='word_1_568' title='bbox 3364 1743 3428 1784; x_wconf 90' lang='lat' dir='ltr'><strong>ac</strong></span> <span class='ocrx_word' id='word_1_569' title='bbox 3475 1726 3786 1781; x_wconf 83' lang='lat' dir='ltr'><strong>vehementer</strong></span> 
     </span>
    </p>
   </div>
   <div class='ocr_carea' id='block_1_77' title="bbox 2223 1817 3786 1898">
    <p class='ocr_par' dir='ltr' id='par_1_77' title="bbox 2223 1817 3786 1898">
     <span class='ocr_line' id='line_1_77' title="bbox 2223 1817 3786 1898; baseline -0.015 -10"><span class='ocrx_word' id='word_1_570' title='bbox 2223 1833 2601 1890; x_wconf 79' lang='lat' dir='ltr'><strong>exclamabant</strong></span> <span class='ocrx_word' id='word_1_571' title='bbox 2638 1839 2693 1884; x_wconf 89' lang='lat' dir='ltr'><strong>et</strong></span> <span class='ocrx_word' id='word_1_572' title='bbox 2739 1827 3090 1898; x_wconf 88' lang='lat' dir='ltr'><strong>ingemiscent</strong></span> <span class='ocrx_word' id='word_1_573' title='bbox 3114 1865 3129 1889; x_wconf 96' lang='lat'><strong>,</strong></span> <span class='ocrx_word' id='word_1_574' title='bbox 3169 1817 3618 1878; x_wconf 88' lang='lat' dir='ltr'><strong>contumeliarum</strong></span> <span class='ocrx_word' id='word_1_575' title='bbox 3642 1856 3655 1878; x_wconf 92' lang='lat'><strong>,</strong></span> <span class='ocrx_word' id='word_1_576' title='bbox 3678 1825 3786 1882; x_wconf 83' lang='lat' dir='ltr'><strong>quas</strong></span> 
     </span>
    </p>
   </div>
   <div class='ocr_carea' id='block_1_78' title="bbox 2225 1902 3784 1990">
    <p class='ocr_par' dir='ltr' id='par_1_78' title="bbox 2225 1902 3784 1990">
     <span class='ocr_line' id='line_1_78' title="bbox 2225 1902 3784 1990; baseline -0.015 -11"><span class='ocrx_word' id='word_1_577' title='bbox 2225 1924 2322 1979; x_wconf 88' lang='lat' dir='ltr'><strong>tibi</strong></span> <span class='ocrx_word' id='word_1_578' title='bbox 2348 1924 2680 1986; x_wconf 88' lang='lat' dir='ltr'><strong>inusserunt,</strong></span> <span class='ocrx_word' id='word_1_579' title='bbox 2710 1919 3058 1990; x_wconf 72' lang='lat' dir='ltr'><strong>pmnitentes,</strong></span> <span class='ocrx_word' id='word_1_580' title='bbox 3089 1929 3153 1968; x_wconf 88' lang='lat' dir='ltr'><strong>ac</strong></span> <span class='ocrx_word' id='word_1_581' title='bbox 3178 1911 3456 1982; x_wconf 87' lang='lat' dir='ltr'><strong>supplices</strong></span> <span class='ocrx_word' id='word_1_582' title='bbox 3490 1905 3684 1961; x_wconf 83' lang='lat' dir='ltr'><strong>libellos</strong></span> <span class='ocrx_word' id='word_1_583' title='bbox 3709 1902 3784 1956; x_wconf 91' lang='lat' dir='ltr'><strong>tibi</strong></span> 
     </span>
    </p>
   </div>
   <div class='ocr_carea' id='block_1_79' title="bbox 2224 1999 3786 2078">
    <p class='ocr_par' dir='ltr' id='par_1_79' title="bbox 2224 1999 3786 2078">
     <span class='ocr_line' id='line_1_79' title="bbox 2224 1999 3786 2078; baseline -0.016 -8"><span class='ocrx_word' id='word_1_584' title='bbox 2224 2013 2536 2078; x_wconf 83' lang='lat' dir='ltr'><strong>offerentes,</strong></span> <span class='ocrx_word' id='word_1_585' title='bbox 2581 2007 3118 2077; x_wconf 86' lang='lat' dir='ltr'><strong>misericordiamque</strong></span> <span class='ocrx_word' id='word_1_586' title='bbox 3158 2011 3216 2059; x_wconf 90' lang='lat' dir='ltr'><strong>et</strong></span> <span class='ocrx_word' id='word_1_587' title='bbox 3253 1999 3634 2056; x_wconf 82' lang='lat' dir='ltr'><strong>humanitatem</strong></span> <span class='ocrx_word' id='word_1_588' title='bbox 3667 2004 3786 2049; x_wconf 81' lang='lat' dir='ltr'><strong>tuam</strong></span> 
     </span>
    </p>
   </div>
   <div class='ocr_carea' id='block_1_80' title="bbox 2226 2104 2892 2175">
    <p class='ocr_par' dir='ltr' id='par_1_80' title="bbox 2226 2104 2892 2175">
     <span class='ocr_line' id='line_1_80' title="bbox 2226 2104 2892 2175; baseline -0.011 -13"><span class='ocrx_word' id='word_1_589' title='bbox 2226 2107 2498 2162; x_wconf 87' lang='lat' dir='ltr'><strong>incassum</strong></span> <span class='ocrx_word' id='word_1_590' title='bbox 2522 2104 2892 2175; x_wconf 83' lang='lat' dir='ltr'><strong>implorantes.</strong></span> 
     </span>
    </p>
   </div>
   <div class='ocr_carea' id='block_1_81' title="bbox 2299 2173 3784 2265">
    <p class='ocr_par' dir='ltr' id='par_1_81' title="bbox 2299 2173 3784 2265">
     <span class='ocr_line' id='line_1_81' title="bbox 2299 2173 3784 2265; baseline -0.018 -10"><span class='ocrx_word' id='word_1_591' title='bbox 2299 2199 2392 2255; x_wconf 79' lang='lat' dir='ltr'><strong>H.</strong></span> <span class='ocrx_word' id='word_1_592' title='bbox 2430 2173 2734 2254; x_wconf 74' lang='lat' dir='ltr'><strong>Consolatur</strong></span> <span class='ocrx_word' id='word_1_593' title='bbox 2764 2191 3119 2265; x_wconf 80' lang='lat' dir='ltr'><strong>Olympiadem</strong></span> <span class='ocrx_word' id='word_1_594' title='bbox 3144 2187 3206 2242; x_wconf 80' lang='lat' dir='ltr'><strong>ob</strong></span> <span class='ocrx_word' id='word_1_595' title='bbox 3237 2183 3516 2241; x_wconf 74' lang='lat' dir='ltr'><strong>absentiam</strong></span> <span class='ocrx_word' id='word_1_596' title='bbox 3538 2179 3683 2250; x_wconf 76' lang='lat' dir='ltr'><strong>ipsius</strong></span> <span class='ocrx_word' id='word_1_597' title='bbox 3706 2173 3784 2228; x_wconf 80' lang='lat' dir='ltr'><strong>do-</strong></span> 
     </span>
    </p>
   </div>
   <div class='ocr_carea' id='block_1_82' title="bbox 2226 2273 3784 2356">
    <p class='ocr_par' dir='ltr' id='par_1_82' title="bbox 2226 2273 3784 2356">
     <span class='ocr_line' id='line_1_82' title="bbox 2226 2273 3784 2356; baseline -0.016 -10"><span class='ocrx_word' id='word_1_598' title='bbox 2226 2293 2430 2348; x_wconf 79' lang='lat' dir='ltr'><strong>lentem.</strong></span> <span class='ocrx_word' id='word_1_599' title='bbox 2459 2319 2530 2328; x_wconf 89' lang='lat'><strong>—-</strong></span> <span class='ocrx_word' id='word_1_600' title='bbox 2560 2289 2685 2343; x_wconf 80' lang='lat' dir='ltr'><strong>llaec</strong></span> <span class='ocrx_word' id='word_1_601' title='bbox 2713 2285 2868 2356; x_wconf 87' lang='lat' dir='ltr'><strong>igitur</strong></span> <span class='ocrx_word' id='word_1_602' title='bbox 2897 2284 3079 2338; x_wconf 89' lang='lat' dir='ltr'><strong>omnia</strong></span> <span class='ocrx_word' id='word_1_603' title='bbox 3114 2291 3297 2336; x_wconf 87' lang='lat' dir='ltr'><strong>tecum</strong></span> <span class='ocrx_word' id='word_1_604' title='bbox 3325 2273 3625 2337; x_wconf 88' lang='lat' dir='ltr'><strong>considera,</strong></span> <span class='ocrx_word' id='word_1_605' title='bbox 3646 2279 3784 2335; x_wconf 85' lang='lat' dir='ltr'><strong>eaque</strong></span> 
     </span>
    </p>
   </div>
   <div class='ocr_carea' id='block_1_83' title="bbox 2227 2364 3783 2451">
    <p class='ocr_par' dir='ltr' id='par_1_83' title="bbox 2227 2364 3783 2451">
     <span class='ocr_line' id='line_1_83' title="bbox 2227 2364 3783 2451; baseline -0.018 -12"><span class='ocrx_word' id='word_1_606' title='bbox 2227 2386 2423 2440; x_wconf 70' lang='lat' dir='ltr'><strong>animae</strong></span> <span class='ocrx_word' id='word_1_607' title='bbox 2475 2391 2578 2436; x_wconf 64' lang='lat' dir='ltr'><strong>tua:</strong></span> <span class='ocrx_word' id='word_1_608' title='bbox 2621 2389 2878 2451; x_wconf 90' lang='lat' dir='ltr'><strong>perpetuo</strong></span> <span class='ocrx_word' id='word_1_609' title='bbox 2912 2378 3098 2433; x_wconf 86' lang='lat' dir='ltr'><strong>accine</strong></span> <span class='ocrx_word' id='word_1_610' title='bbox 3127 2393 3139 2428; x_wconf 89' lang='lat'><strong>:</strong></span> <span class='ocrx_word' id='word_1_611' title='bbox 3170 2375 3360 2444; x_wconf 91' lang='lat' dir='ltr'><strong>sicque</strong></span> <span class='ocrx_word' id='word_1_612' title='bbox 3389 2370 3528 2424; x_wconf 92' lang='lat' dir='ltr'><strong>hunc</strong></span> <span class='ocrx_word' id='word_1_613' title='bbox 3549 2364 3783 2436; x_wconf 84' lang='lat' dir='ltr'><strong>pulverem</strong></span> 
     </span>
    </p>
   </div>
   <div class='ocr_carea' id='block_1_84' title="bbox 2229 2457 3780 2550">
    <p class='ocr_par' dir='ltr' id='par_1_84' title="bbox 2229 2457 3780 2550">
     <span class='ocr_line' id='line_1_84' title="bbox 2229 2457 3780 2550; baseline -0.016 -17"><span class='ocrx_word' id='word_1_614' title='bbox 2229 2478 2500 2533; x_wconf 89' lang='lat' dir='ltr'><strong>discutere</strong></span> <span class='ocrx_word' id='word_1_615' title='bbox 2542 2474 2767 2545; x_wconf 88' lang='lat' dir='ltr'><strong>poteris.</strong></span> <span class='ocrx_word' id='word_1_616' title='bbox 2798 2470 3063 2540; x_wconf 82' lang='lat' dir='ltr'><strong>Quoniam</strong></span> <span class='ocrx_word' id='word_1_617' title='bbox 3112 2476 3324 2532; x_wconf 88' lang='lat' dir='ltr'><strong>autem,</strong></span> <span class='ocrx_word' id='word_1_618' title='bbox 3348 2471 3405 2518; x_wconf 91' lang='lat' dir='ltr'><strong>ut</strong></span> <span class='ocrx_word' id='word_1_619' title='bbox 3444 2457 3645 2531; x_wconf 90' lang='lat' dir='ltr'><strong>quidem</strong></span> <span class='ocrx_word' id='word_1_620' title='bbox 3687 2465 3780 2550; x_wconf 57' lang='lat' dir='ltr'><strong>mea</strong></span> 
     </span>
    </p>
   </div>
   <div class='ocr_carea' id='block_1_85' title="bbox 2229 2552 3780 2645">
    <p class='ocr_par' dir='ltr' id='par_1_85' title="bbox 2229 2552 3780 2645">
     <span class='ocr_line' id='line_1_85' title="bbox 2229 2552 3780 2645; baseline -0.019 -21"><span class='ocrx_word' id='word_1_621' title='bbox 2229 2567 2416 2639; x_wconf 83' lang='lat' dir='ltr'><strong>Opinio</strong></span> <span class='ocrx_word' id='word_1_622' title='bbox 2462 2565 2586 2631; x_wconf 89' lang='lat' dir='ltr'><strong>fert,</strong></span> <span class='ocrx_word' id='word_1_623' title='bbox 2637 2561 2778 2619; x_wconf 90' lang='lat' dir='ltr'><strong>aliud</strong></span> <span class='ocrx_word' id='word_1_624' title='bbox 2824 2559 3040 2632; x_wconf 87' lang='lat' dir='ltr'><strong>quidem</strong></span> <span class='ocrx_word' id='word_1_625' title='bbox 3086 2564 3204 2623; x_wconf 88' lang='lat' dir='ltr'><strong>est,</strong></span> <span class='ocrx_word' id='word_1_626' title='bbox 3238 2553 3385 2625; x_wconf 90' lang='lat' dir='ltr'><strong>quod</strong></span> <span class='ocrx_word' id='word_1_627' title='bbox 3433 2561 3490 2645; x_wconf 78' lang='lat' dir='ltr'><strong>te</strong></span> <span class='ocrx_word' id='word_1_628' title='bbox 3527 2552 3780 2645; x_wconf 72' lang='lat' dir='ltr'><strong>prmscrtnu</strong></span> 
     </span>
    </p>
   </div>
   <div class='ocr_carea' id='block_1_86' title="bbox 2230 2638 3780 2730">
    <p class='ocr_par' dir='ltr' id='par_1_86' title="bbox 2230 2638 3780 2730">
     <span class='ocr_line' id='line_1_86' title="bbox 2230 2638 3780 2730; baseline -0.019 -15"><span class='ocrx_word' id='word_1_629' title='bbox 2230 2638 2380 2730; x_wconf 88' lang='lat' dir='ltr'><strong>angit</strong></span> <span class='ocrx_word' id='word_1_630' title='bbox 2402 2665 2461 2712; x_wconf 86' lang='lat' dir='ltr'><strong>et</strong></span> <span class='ocrx_word' id='word_1_631' title='bbox 2483 2657 2778 2721; x_wconf 78' lang='lat' dir='ltr'><strong>excruciat,</strong></span> <span class='ocrx_word' id='word_1_632' title='bbox 2809 2667 2908 2723; x_wconf 89' lang='lat' dir='ltr'><strong>age</strong></span> <span class='ocrx_word' id='word_1_633' title='bbox 2935 2650 3060 2705; x_wconf 90' lang='lat' dir='ltr'><strong>huic</strong></span> <span class='ocrx_word' id='word_1_634' title='bbox 3107 2661 3329 2718; x_wconf 82' lang='lat' dir='ltr'><strong>queque</strong></span> <span class='ocrx_word' id='word_1_635' title='bbox 3376 2638 3780 2730; x_wconf 66' lang='lat' dir='ltr'><strong>cogitationiper</strong></span> 
     </span>
    </p>
   </div>
   <div class='ocr_carea' id='block_1_87' title="bbox 2228 2725 3778 2824">
    <p class='ocr_par' dir='ltr' id='par_1_87' title="bbox 2228 2725 3778 2824">
     <span class='ocr_line' id='line_1_87' title="bbox 2228 2725 3778 2824; baseline -0.019 -16"><span class='ocrx_word' id='word_1_636' title='bbox 2228 2725 2455 2822; x_wconf 52' lang='lat' dir='ltr'><strong>ea,qu:e</strong></span> <span class='ocrx_word' id='word_1_637' title='bbox 2476 2748 2616 2803; x_wconf 88' lang='lat' dir='ltr'><strong>dicta</strong></span> <span class='ocrx_word' id='word_1_638' title='bbox 2643 2756 2770 2802; x_wconf 89' lang='lat' dir='ltr'><strong>sunt</strong></span> <span class='ocrx_word' id='word_1_639' title='bbox 2799 2753 2854 2799; x_wconf 92' lang='lat' dir='ltr'><strong>et</strong></span> <span class='ocrx_word' id='word_1_640' title='bbox 2881 2758 3001 2813; x_wconf 79' lang='lat' dir='ltr'><strong>qua:</strong></span> <span class='ocrx_word' id='word_1_641' title='bbox 3026 2756 3170 2796; x_wconf 90' lang='lat' dir='ltr'><strong>nunc</strong></span> <span class='ocrx_word' id='word_1_642' title='bbox 3195 2735 3398 2794; x_wconf 89' lang='lat' dir='ltr'><strong>dicturi</strong></span> <span class='ocrx_word' id='word_1_643' title='bbox 3435 2746 3626 2795; x_wconf 84' lang='lat' dir='ltr'><strong>sumus,</strong></span> <span class='ocrx_word' id='word_1_644' title='bbox 3649 2725 3778 2824; x_wconf 49' lang='lat' dir='ltr'><strong>pltat&quot;:</strong></span> 
     </span>
    </p>
   </div>
   <div class='ocr_carea' id='block_1_88' title="bbox 2231 2813 3778 2914">
    <p class='ocr_par' dir='ltr' id='par_1_88' title="bbox 2231 2813 3778 2914">
     <span class='ocr_line' id='line_1_88' title="bbox 2231 2813 3778 2914; baseline -0.017 -16"><span class='ocrx_word' id='word_1_645' title='bbox 2231 2813 2443 2898; x_wconf 78' lang='lat' dir='ltr'><strong>macum</strong></span> <span class='ocrx_word' id='word_1_646' title='bbox 2481 2853 2749 2911; x_wconf 87' lang='lat' dir='ltr'><strong>paremus.</strong></span> <span class='ocrx_word' id='word_1_647' title='bbox 2785 2835 2997 2890; x_wconf 87' lang='lat' dir='ltr'><strong>Etenim</strong></span> <span class='ocrx_word' id='word_1_648' title='bbox 3029 2848 3135 2888; x_wconf 93' lang='lat' dir='ltr'><strong>non</strong></span> <span class='ocrx_word' id='word_1_649' title='bbox 3165 2831 3236 2886; x_wconf 91' lang='lat' dir='ltr'><strong>ob</strong></span> <span class='ocrx_word' id='word_1_650' title='bbox 3282 2829 3398 2884; x_wconf 82' lang='lat' dir='ltr'><strong>lia-c</strong></span> <span class='ocrx_word' id='word_1_651' title='bbox 3445 2833 3635 2880; x_wconf 86' lang='lat' dir='ltr'><strong>tantum</strong></span> <span class='ocrx_word' id='word_1_652' title='bbox 3675 2813 3778 2914; x_wconf 56' lang='lat' dir='ltr'><strong>milii</strong></span> 
     </span>
    </p>
   </div>
   <div class='ocr_carea' id='block_1_89' title="bbox 2232 2905 3777 2993">
    <p class='ocr_par' dir='ltr' id='par_1_89' title="bbox 2232 2905 3777 2993">
     <span class='ocr_line' id='line_1_89' title="bbox 2232 2905 3777 2993; baseline -0.021 -3"><span class='ocrx_word' id='word_1_653' title='bbox 2232 2936 2288 2990; x_wconf 94' lang='lat' dir='ltr'><strong>in</strong></span> <span class='ocrx_word' id='word_1_654' title='bbox 2316 2905 2504 2990; x_wconf 79' lang='lat' dir='ltr'><strong>dolore</strong></span> <span class='ocrx_word' id='word_1_655' title='bbox 2527 2930 2729 2986; x_wconf 88' lang='lat' dir='ltr'><strong>versari</strong></span> <span class='ocrx_word' id='word_1_656' title='bbox 2756 2927 2957 2984; x_wconf 86' lang='lat' dir='ltr'><strong>videris</strong></span> <span class='ocrx_word' id='word_1_657' title='bbox 2977 2967 2993 2993; x_wconf 93' lang='lat'><strong>,</strong></span> <span class='ocrx_word' id='word_1_658' title='bbox 3029 2925 3123 2980; x_wconf 87' lang='lat' dir='ltr'><strong>sed</strong></span> <span class='ocrx_word' id='word_1_659' title='bbox 3159 2923 3352 2988; x_wconf 80' lang='lat' dir='ltr'><strong>etiam,</strong></span> <span class='ocrx_word' id='word_1_660' title='bbox 3378 2914 3519 2988; x_wconf 91' lang='lat' dir='ltr'><strong>quod</strong></span> <span class='ocrx_word' id='word_1_661' title='bbox 3545 2927 3574 2966; x_wconf 87' lang='lat' dir='ltr'><strong>a</strong></span> <span class='ocrx_word' id='word_1_662' title='bbox 3611 2923 3685 2964; x_wconf 91' lang='lat' dir='ltr'><strong>me</strong></span> <span class='ocrx_word' id='word_1_663' title='bbox 3707 2905 3777 2958; x_wconf 83' lang='lat' dir='ltr'><strong>vih</strong></span> 
     </span>
    </p>
   </div>
   <div class='ocr_carea' id='block_1_90' title="bbox 2231 2994 3777 3096">
    <p class='ocr_par' dir='ltr' id='par_1_90' title="bbox 2231 2994 3777 3096">
     <span class='ocr_line' id='line_1_90' title="bbox 2231 2994 3777 3096; baseline -0.021 -10"><span class='ocrx_word' id='word_1_664' title='bbox 2231 3027 2561 3086; x_wconf 88' lang='lat' dir='ltr'><strong>homunculo</strong></span> <span class='ocrx_word' id='word_1_665' title='bbox 2587 3026 2826 3096; x_wconf 74' lang='lat' dir='ltr'><strong>seiuncta</strong></span> <span class='ocrx_word' id='word_1_666' title='bbox 2853 3022 2928 3076; x_wconf 87' lang='lat' dir='ltr'><strong>sis</strong></span> <span class='ocrx_word' id='word_1_667' title='bbox 2955 3039 2968 3073; x_wconf 88' lang='lat'><strong>:</strong></span> <span class='ocrx_word' id='word_1_668' title='bbox 2999 3017 3240 3087; x_wconf 88' lang='lat' dir='ltr'><strong>illudque</strong></span> <span class='ocrx_word' id='word_1_669' title='bbox 3273 3015 3475 3084; x_wconf 82' lang='lat' dir='ltr'><strong>lugere,</strong></span> <span class='ocrx_word' id='word_1_670' title='bbox 3501 3015 3646 3075; x_wconf 88' lang='lat' dir='ltr'><strong>atque</strong></span> <span class='ocrx_word' id='word_1_671' title='bbox 3666 2994 3777 3068; x_wconf 81' lang='lat' dir='ltr'><strong>apud</strong></span> 
     </span>
    </p>
   </div>
   <div class='ocr_carea' id='block_1_91' title="bbox 2230 3103 3775 3186">
    <p class='ocr_par' dir='ltr' id='par_1_91' title="bbox 2230 3103 3775 3186">
     <span class='ocr_line' id='line_1_91' title="bbox 2230 3103 3775 3186; baseline -0.018 -7"><span class='ocrx_word' id='word_1_672' title='bbox 2230 3137 2419 3179; x_wconf 88' lang='lat' dir='ltr'><strong>omnes</strong></span> <span class='ocrx_word' id='word_1_673' title='bbox 2449 3120 2667 3175; x_wconf 89' lang='lat' dir='ltr'><strong>dicere:</strong></span> <span class='ocrx_word' id='word_1_674' title='bbox 2693 3117 2951 3186; x_wconf 86' lang='lat' dir='ltr'><strong>Linguam</strong></span> <span class='ocrx_word' id='word_1_675' title='bbox 2982 3112 3128 3166; x_wconf 89' lang='lat' dir='ltr'><strong>illam</strong></span> <span class='ocrx_word' id='word_1_676' title='bbox 3159 3124 3271 3163; x_wconf 92' lang='lat' dir='ltr'><strong>non</strong></span> <span class='ocrx_word' id='word_1_677' title='bbox 3302 3105 3542 3162; x_wconf 90' lang='lat' dir='ltr'><strong>audimus</strong></span> <span class='ocrx_word' id='word_1_678' title='bbox 3591 3103 3775 3186; x_wconf 61' lang='lat' dir='ltr'><strong>neces.</strong></span> 
     </span>
    </p>
   </div>
   <div class='ocr_carea' id='block_1_92' title="bbox 2230 3183 3778 3288">
    <p class='ocr_par' dir='ltr' id='par_1_92' title="bbox 2230 3183 3778 3288">
     <span class='ocr_line' id='line_1_92' title="bbox 2230 3183 3778 3288; baseline -0.009 -17"><span class='ocrx_word' id='word_1_679' title='bbox 2230 3233 2335 3288; x_wconf 85' lang='lat' dir='ltr'><strong>qua</strong></span> <span class='ocrx_word' id='word_1_680' title='bbox 2408 3215 2746 3277; x_wconf 90' lang='lat' dir='ltr'><strong>solebamus,</strong></span> <span class='ocrx_word' id='word_1_681' title='bbox 2800 3209 3043 3263; x_wconf 89' lang='lat' dir='ltr'><strong>doctrina</strong></span> <span class='ocrx_word' id='word_1_682' title='bbox 3111 3203 3377 3266; x_wconf 82' lang='lat' dir='ltr'><strong>fruimur,</strong></span> <span class='ocrx_word' id='word_1_683' title='bbox 3440 3204 3612 3288; x_wconf 61' lang='lat' dir='ltr'><strong>verum</strong></span> <span class='ocrx_word' id='word_1_684' title='bbox 3667 3183 3778 3287; x_wconf 46' lang='grc' dir='ltr'><strong>(ωηο</strong></span> 
     </span>
    </p>
   </div>
   <div class='ocr_carea' id='block_1_93' title="bbox 2231 3287 3770 3376">
    <p class='ocr_par' dir='ltr' id='par_1_93' title="bbox 2231 3287 3770 3376">
     <span class='ocr_line' id='line_1_93' title="bbox 2231 3287 3770 3376; baseline -0.014 -11"><span class='ocrx_word' id='word_1_685' title='bbox 2231 3287 2576 3366; x_wconf 79' lang='lat' dir='ltr'><strong>coercemur:</strong></span> <span class='ocrx_word' id='word_1_686' title='bbox 2609 3305 2860 3376; x_wconf 89' lang='lat' dir='ltr'><strong>quodque</strong></span> <span class='ocrx_word' id='word_1_687' title='bbox 2890 3302 3032 3356; x_wconf 89' lang='lat' dir='ltr'><strong>Deus</strong></span> <span class='ocrx_word' id='word_1_688' title='bbox 3075 3297 3324 3353; x_wconf 79' lang='lat' dir='ltr'><strong>Hebraeis</strong></span> <span class='ocrx_word' id='word_1_689' title='bbox 3359 3287 3618 3376; x_wconf 71' lang='lat' dir='ltr'><strong>quondam</strong></span> <span class='ocrx_word' id='word_1_690' title='bbox 3637 3289 3770 3334; x_wconf 63' lang='grc' dir='ltr'>ωιιη·</span> 
     </span>
    </p>
   </div>
   <div class='ocr_carea' id='block_1_94' title="bbox 2233 3371 3773 3467">
    <p class='ocr_par' dir='ltr' id='par_1_94' title="bbox 2233 3371 3773 3467">
     <span class='ocr_line' id='line_1_94' title="bbox 2233 3371 3773 3467; baseline -0.024 -10"><span class='ocrx_word' id='word_1_691' title='bbox 2233 3401 2412 3467; x_wconf 88' lang='lat' dir='ltr'><strong>batur,</strong></span> <span class='ocrx_word' id='word_1_692' title='bbox 2447 3397 2500 3453; x_wconf 91' lang='lat' dir='ltr'><strong>id</strong></span> <span class='ocrx_word' id='word_1_693' title='bbox 2543 3371 2686 3452; x_wconf 84' lang='lat' dir='ltr'><strong>nunc</strong></span> <span class='ocrx_word' id='word_1_694' title='bbox 2729 3395 2984 3465; x_wconf 89' lang='lat' dir='ltr'><strong>patimur,</strong></span> <span class='ocrx_word' id='word_1_695' title='bbox 3010 3403 3206 3459; x_wconf 88' lang='lat' dir='ltr'><strong>nempe</strong></span> <span class='ocrx_word' id='word_1_696' title='bbox 3245 3401 3359 3441; x_wconf 87' lang='lat' dir='ltr'><strong>non</strong></span> <span class='ocrx_word' id='word_1_697' title='bbox 3414 3378 3557 3453; x_wconf 82' lang='lat' dir='ltr'><strong>panis</strong></span> <span class='ocrx_word' id='word_1_698' title='bbox 3597 3371 3773 3467; x_wconf 58' lang='lat' dir='ltr'><strong>funeris.</strong></span> 
     </span>
    </p>
   </div>
   <div class='ocr_carea' id='block_1_95' title="bbox 2236 3458 3770 3565">
    <p class='ocr_par' dir='ltr' id='par_1_95' title="bbox 2236 3458 3770 3565">
     <span class='ocr_line' id='line_1_95' title="bbox 2236 3458 3770 3565; baseline -0.02 -15"><span class='ocrx_word' id='word_1_699' title='bbox 2236 3508 2337 3550; x_wconf 90' lang='lat' dir='ltr'><strong>nec</strong></span> <span class='ocrx_word' id='word_1_700' title='bbox 2363 3458 2514 3562; x_wconf 57' lang='lat' dir='ltr'><strong>aqua:</strong></span> <span class='ocrx_word' id='word_1_701' title='bbox 2535 3491 2702 3556; x_wconf 89' lang='lat' dir='ltr'><strong>sitim,</strong></span> <span class='ocrx_word' id='word_1_702' title='bbox 2721 3458 2816 3543; x_wconf 78' lang='lat' dir='ltr'><strong>sed</strong></span> <span class='ocrx_word' id='word_1_703' title='bbox 2841 3458 3037 3540; x_wconf 72' lang='lat' dir='ltr'><strong>divina:</strong></span> <span class='ocrx_word' id='word_1_704' title='bbox 3049 3458 3314 3538; x_wconf 75' lang='lat' dir='ltr'><strong>doctrina:</strong></span> <span class='ocrx_word' id='word_1_705' title='bbox 3340 3477 3528 3565; x_wconf 85' lang='lat' dir='ltr'><strong>famem</strong></span> <span class='ocrx_word' id='word_1_706' title='bbox 3569 3465 3717 3565; x_wconf 51' lang='lat' dir='ltr'><strong>(Amp:</strong></span> <span class='ocrx_word' id='word_1_707' title='bbox 3731 3458 3770 3565; x_wconf 60' lang='lat'><strong>3:</strong></span> 
     </span>
    </p>
   </div>
   <div class='ocr_carea' id='block_1_96' title="bbox 2233 3546 3774 3658">
    <p class='ocr_par' dir='ltr' id='par_1_96' title="bbox 2233 3546 3774 3658">
     <span class='ocr_line' id='line_1_96' title="bbox 2233 3546 3774 3658; baseline -0.017 -17"><span class='ocrx_word' id='word_1_708' title='bbox 2233 3546 2532 3658; x_wconf 52' lang='grc' dir='ltr'><strong>ίῦοριιίά</strong></span> <span class='ocrx_word' id='word_1_709' title='bbox 2589 3546 2750 3650; x_wconf 84' lang='lat' dir='ltr'><strong>igitur</strong></span> <span class='ocrx_word' id='word_1_710' title='bbox 2794 3579 2861 3633; x_wconf 83' lang='lat' dir='ltr'><strong>ad</strong></span> <span class='ocrx_word' id='word_1_711' title='bbox 2909 3577 3028 3632; x_wconf 65' lang='lat' dir='ltr'><strong>haec</strong></span> <span class='ocrx_word' id='word_1_712' title='bbox 3071 3571 3355 3629; x_wconf 80' lang='lat' dir='ltr'><strong>dicemus?</strong></span> <span class='ocrx_word' id='word_1_713' title='bbox 3391 3563 3632 3658; x_wconf 60' lang='lat' dir='ltr'><strong>Nimirum</strong></span> <span class='ocrx_word' id='word_1_714' title='bbox 3676 3546 3774 3658; x_wconf 50' lang='lat' dir='ltr'><strong>illud</strong></span> 
     </span>
    </p>
   </div>
   <div class='ocr_carea' id='block_1_97' title="bbox 2231 3651 3772 3745">
    <p class='ocr_par' dir='ltr' id='par_1_97' title="bbox 2231 3651 3772 3745">
     <span class='ocr_line' id='line_1_97' title="bbox 2231 3651 3772 3745; baseline -0.02 -12"><span class='ocrx_word' id='word_1_715' title='bbox 2231 3651 2487 3741; x_wconf 54' lang='lat' dir='ltr'><strong>maiae,</strong></span> <span class='ocrx_word' id='word_1_716' title='bbox 2509 3674 2650 3745; x_wconf 89' lang='lat' dir='ltr'><strong>quod</strong></span> <span class='ocrx_word' id='word_1_717' title='bbox 2682 3672 2774 3728; x_wconf 91' lang='lat' dir='ltr'><strong>tibi</strong></span> <span class='ocrx_word' id='word_1_718' title='bbox 2801 3671 2962 3726; x_wconf 89' lang='lat' dir='ltr'><strong>etiam</strong></span> <span class='ocrx_word' id='word_1_719' title='bbox 2984 3666 3137 3724; x_wconf 88' lang='lat' dir='ltr'><strong>nobis</strong></span> <span class='ocrx_word' id='word_1_720' title='bbox 3158 3662 3472 3720; x_wconf 71' lang='lat' dir='ltr'><strong>absentibus</strong></span> <span class='ocrx_word' id='word_1_721' title='bbox 3494 3657 3542 3712; x_wconf 92' lang='lat' dir='ltr'><strong>in</strong></span> <span class='ocrx_word' id='word_1_722' title='bbox 3563 3651 3772 3745; x_wconf 57' lang='lat' dir='ltr'><strong>libroruin</strong></span> 
     </span>
    </p>
   </div>
   <div class='ocr_carea' id='block_1_98' title="bbox 2233 3734 3769 3826">
    <p class='ocr_par' dir='ltr' id='par_1_98' title="bbox 2233 3734 3769 3826">
     <span class='ocr_line' id='line_1_98' title="bbox 2233 3734 3769 3826; baseline -0.007 0"><span class='ocrx_word' id='word_1_723' title='bbox 2233 3734 2540 3826; x_wconf 76' lang='lat' dir='ltr'><strong>nostrorum</strong></span> <span class='ocrx_word' id='word_1_724' title='bbox 2567 3766 2797 3822; x_wconf 89' lang='lat' dir='ltr'><strong>lectione</strong></span> <span class='ocrx_word' id='word_1_725' title='bbox 2820 3763 3024 3819; x_wconf 85' lang='lat' dir='ltr'><strong>versari</strong></span> <span class='ocrx_word' id='word_1_726' title='bbox 3046 3761 3188 3816; x_wconf 89' lang='lat' dir='ltr'><strong>licet.</strong></span> <span class='ocrx_word' id='word_1_727' title='bbox 3210 3758 3322 3814; x_wconf 87' lang='lat' dir='ltr'><strong>Nos</strong></span> <span class='ocrx_word' id='word_1_728' title='bbox 3339 3765 3562 3826; x_wconf 62' lang='lat' dir='ltr'><strong>quoque.</strong></span> <span class='ocrx_word' id='word_1_729' title='bbox 3582 3745 3623 3798; x_wconf 68' lang='lat' dir='ltr'><strong>Si</strong></span> <span class='ocrx_word' id='word_1_730' title='bbox 3645 3734 3769 3794; x_wconf 63' lang='lat' dir='ltr'><strong>labe&quot;</strong></span> 
     </span>
    </p>
   </div>
   <div class='ocr_carea' id='block_1_99' title="bbox 2233 3840 3771 3937">
    <p class='ocr_par' dir='ltr' id='par_1_99' title="bbox 2233 3840 3771 3937">
     <span class='ocr_line' id='line_1_99' title="bbox 2233 3840 3771 3937; baseline -0.021 -16"><span class='ocrx_word' id='word_1_731' title='bbox 2233 3866 2399 3921; x_wconf 89' lang='lat' dir='ltr'><strong>larios</strong></span> <span class='ocrx_word' id='word_1_732' title='bbox 2429 3863 2831 3928; x_wconf 89' lang='lat' dir='ltr'><strong>nanciscamur,</strong></span> <span class='ocrx_word' id='word_1_733' title='bbox 2859 3870 3079 3930; x_wconf 83' lang='lat' dir='ltr'><strong>operam</strong></span> <span class='ocrx_word' id='word_1_734' title='bbox 3121 3856 3401 3918; x_wconf 89' lang='lat' dir='ltr'><strong>dabimus,</strong></span> <span class='ocrx_word' id='word_1_735' title='bbox 3427 3859 3483 3903; x_wconf 90' lang='lat' dir='ltr'><strong>ut</strong></span> <span class='ocrx_word' id='word_1_736' title='bbox 3507 3840 3696 3937; x_wconf 73' lang='lat' dir='ltr'><strong>crebras</strong></span> <span class='ocrx_word' id='word_1_737' title='bbox 3725 3841 3771 3937; x_wconf 69' lang='lat' dir='ltr'><strong>at:</strong></span> 
     </span>
    </p>
   </div>
   <div class='ocr_carea' id='block_1_100' title="bbox 2235 3933 3770 4028">
    <p class='ocr_par' dir='ltr' id='par_1_100' title="bbox 2235 3933 3770 4028">
     <span class='ocr_line' id='line_1_100' title="bbox 2235 3933 3770 4028; baseline -0.019 -17"><span class='ocrx_word' id='word_1_738' title='bbox 2235 3955 2470 4028; x_wconf 87' lang='lat' dir='ltr'><strong>prolian</strong></span> <span class='ocrx_word' id='word_1_739' title='bbox 2497 3953 2753 4024; x_wconf 88' lang='lat' dir='ltr'><strong>epistolas</strong></span> <span class='ocrx_word' id='word_1_740' title='bbox 2777 3967 2808 4007; x_wconf 84' lang='lat' dir='ltr'><strong>a</strong></span> <span class='ocrx_word' id='word_1_741' title='bbox 2829 3951 2984 4006; x_wconf 90' lang='lat' dir='ltr'><strong>nobis</strong></span> <span class='ocrx_word' id='word_1_742' title='bbox 3003 3948 3254 4018; x_wconf 85' lang='lat' dir='ltr'><strong>accipias.</strong></span> <span class='ocrx_word' id='word_1_743' title='bbox 3282 3941 3433 4014; x_wconf 91' lang='lat' dir='ltr'><strong>Quod</strong></span> <span class='ocrx_word' id='word_1_744' title='bbox 3457 3939 3500 3994; x_wconf 88' lang='lat' dir='ltr'><strong>si</strong></span> <span class='ocrx_word' id='word_1_745' title='bbox 3525 3933 3770 4028; x_wconf 54' lang='lat' dir='ltr'><strong>doctriltalll</strong></span> 
     </span>
    </p>
   </div>
   <div class='ocr_carea' id='block_1_101' title="bbox 2234 4015 3770 4110">
    <p class='ocr_par' dir='ltr' id='par_1_101' title="bbox 2234 4015 3770 4110">
     <span class='ocr_line' id='line_1_101' title="bbox 2234 4015 3770 4110; baseline -0.021 -4"><span class='ocrx_word' id='word_1_746' title='bbox 2234 4015 2474 4106; x_wconf 71' lang='lat' dir='ltr'><strong>nostram</strong></span> <span class='ocrx_word' id='word_1_747' title='bbox 2502 4049 2621 4102; x_wconf 80' lang='lat' dir='ltr'><strong>viva</strong></span> <span class='ocrx_word' id='word_1_748' title='bbox 2655 4045 2817 4102; x_wconf 87' lang='lat' dir='ltr'><strong>etiam</strong></span> <span class='ocrx_word' id='word_1_749' title='bbox 2839 4059 2973 4099; x_wconf 87' lang='lat' dir='ltr'><strong>voce</strong></span> <span class='ocrx_word' id='word_1_750' title='bbox 3001 4043 3189 4098; x_wconf 89' lang='lat' dir='ltr'><strong>audire</strong></span> <span class='ocrx_word' id='word_1_751' title='bbox 3233 4039 3390 4110; x_wconf 90' lang='lat' dir='ltr'><strong>cupis</strong></span> <span class='ocrx_word' id='word_1_752' title='bbox 3408 4077 3422 4100; x_wconf 96' lang='lat'><strong>,</strong></span> <span class='ocrx_word' id='word_1_753' title='bbox 3451 4032 3658 4087; x_wconf 83' lang='lat' dir='ltr'><strong>fortasse</strong></span> <span class='ocrx_word' id='word_1_754' title='bbox 3695 4015 3770 4069; x_wconf 73' lang='lat' dir='ltr'><strong>hoc</strong></span> 
     </span>
    </p>
   </div>
   <div class='ocr_carea' id='block_1_102' title="bbox 2235 4110 3768 4216">
    <p class='ocr_par' dir='ltr' id='par_1_102' title="bbox 2235 4110 3768 4216">
     <span class='ocr_line' id='line_1_102' title="bbox 2235 4110 3768 4216; baseline -0.02 -18"><span class='ocrx_word' id='word_1_755' title='bbox 2235 4155 2449 4214; x_wconf 88' lang='lat' dir='ltr'><strong>quoque</strong></span> <span class='ocrx_word' id='word_1_756' title='bbox 2487 4139 2796 4209; x_wconf 88' lang='lat' dir='ltr'><strong>continget,</strong></span> <span class='ocrx_word' id='word_1_757' title='bbox 2823 4152 2888 4192; x_wconf 91' lang='lat' dir='ltr'><strong>ac</strong></span> <span class='ocrx_word' id='word_1_758' title='bbox 2927 4150 3028 4190; x_wconf 91' lang='lat' dir='ltr'><strong>nos</strong></span> <span class='ocrx_word' id='word_1_759' title='bbox 3070 4149 3258 4190; x_wconf 88' lang='lat' dir='ltr'><strong>rursus</strong></span> <span class='ocrx_word' id='word_1_760' title='bbox 3301 4110 3768 4216; x_wconf 55' lang='lat' dir='ltr'><strong>permittcnlelieoi</strong></span> 
     </span>
    </p>
   </div>
   <div class='ocr_carea' id='block_1_103' title="bbox 2237 4207 3766 4297">
    <p class='ocr_par' dir='ltr' id='par_1_103' title="bbox 2237 4207 3766 4297">
     <span class='ocr_line' id='line_1_103' title="bbox 2237 4207 3766 4297; baseline -0.019 -4"><span class='ocrx_word' id='word_1_761' title='bbox 2237 4207 2419 4292; x_wconf 71' lang='lat' dir='ltr'><strong>visura</strong></span> <span class='ocrx_word' id='word_1_762' title='bbox 2445 4251 2504 4291; x_wconf 90' lang='lat' dir='ltr'><strong>es</strong></span> <span class='ocrx_word' id='word_1_763' title='bbox 2532 4252 2546 4289; x_wconf 90' lang='lat'>:</span> <span class='ocrx_word' id='word_1_764' title='bbox 2576 4207 2695 4289; x_wconf 35' lang='lat' dir='ltr'><strong>imo—</strong></span> <span class='ocrx_word' id='word_1_765' title='bbox 2711 4248 2817 4287; x_wconf 86' lang='lat' dir='ltr'><strong>non</strong></span> <span class='ocrx_word' id='word_1_766' title='bbox 2844 4231 3095 4297; x_wconf 87' lang='lat' dir='ltr'><strong>fortasse,</strong></span> <span class='ocrx_word' id='word_1_767' title='bbox 3123 4229 3219 4284; x_wconf 90' lang='lat' dir='ltr'><strong>sed</strong></span> <span class='ocrx_word' id='word_1_768' title='bbox 3243 4235 3390 4284; x_wconf 92' lang='lat' dir='ltr'><strong>certo</strong></span> <span class='ocrx_word' id='word_1_769' title='bbox 3411 4241 3424 4276; x_wconf 89' lang='lat'><strong>:</strong></span> <span class='ocrx_word' id='word_1_770' title='bbox 3445 4230 3565 4276; x_wconf 87' lang='lat' dir='ltr'><strong>cave</strong></span> <span class='ocrx_word' id='word_1_771' title='bbox 3579 4207 3766 4268; x_wconf 53' lang='lat' dir='ltr'><strong>dubites.</strong></span> 
     </span>
    </p>
   </div>
   <div class='ocr_carea' id='block_1_104' title="bbox 2236 4301 3769 4404">
    <p class='ocr_par' dir='ltr' id='par_1_104' title="bbox 2236 4301 3769 4404">
     <span class='ocr_line' id='line_1_104' title="bbox 2236 4301 3769 4404; baseline -0.001 -20"><span class='ocrx_word' id='word_1_772' title='bbox 2236 4329 2370 4384; x_wconf 90' lang='lat' dir='ltr'><strong>Illud</strong></span> <span class='ocrx_word' id='word_1_773' title='bbox 2423 4328 2566 4383; x_wconf 91' lang='lat' dir='ltr'><strong>enim</strong></span> <span class='ocrx_word' id='word_1_774' title='bbox 2612 4326 2706 4381; x_wconf 89' lang='lat' dir='ltr'><strong>tibi</strong></span> <span class='ocrx_word' id='word_1_775' title='bbox 2753 4327 2804 4380; x_wconf 93' lang='lat' dir='ltr'><strong>in</strong></span> <span class='ocrx_word' id='word_1_776' title='bbox 2848 4324 3163 4380; x_wconf 88' lang='lat' dir='ltr'><strong>memoriam</strong></span> <span class='ocrx_word' id='word_1_777' title='bbox 3214 4320 3488 4391; x_wconf 72' lang='lat' dir='ltr'><strong>redigam.</strong></span> <span class='ocrx_word' id='word_1_778' title='bbox 3523 4301 3654 4404; x_wconf 39' lang='lat' dir='ltr'><strong>qu“:</strong></span> 
     </span>
    </p>
   </div>
   <div class='ocr_carea' id='block_1_105' title="bbox 2237 4390 3765 4482">
    <p class='ocr_par' dir='ltr' id='par_1_105' title="bbox 2237 4390 3765 4482">
     <span class='ocr_line' id='line_1_105' title="bbox 2237 4390 3765 4482; baseline -0.024 -3"><span class='ocrx_word' id='word_1_779' title='bbox 2237 4430 2440 4478; x_wconf 83' lang='lat' dir='ltr'><strong>temere</strong></span> <span class='ocrx_word' id='word_1_780' title='bbox 2463 4423 2578 4475; x_wconf 69' lang='lat' dir='ltr'><strong>haec</strong></span> <span class='ocrx_word' id='word_1_781' title='bbox 2597 4417 2844 4482; x_wconf 79' lang='lat' dir='ltr'><strong>dixerim,</strong></span> <span class='ocrx_word' id='word_1_782' title='bbox 2867 4430 2970 4472; x_wconf 89' lang='lat' dir='ltr'><strong>nec</strong></span> <span class='ocrx_word' id='word_1_783' title='bbox 2989 4425 3042 4471; x_wconf 90' lang='lat' dir='ltr'><strong>te</strong></span> <span class='ocrx_word' id='word_1_784' title='bbox 3061 4414 3252 4470; x_wconf 88' lang='lat' dir='ltr'><strong>fallens</strong></span> <span class='ocrx_word' id='word_1_785' title='bbox 3276 4428 3337 4467; x_wconf 88' lang='lat' dir='ltr'><strong>ac</strong></span> <span class='ocrx_word' id='word_1_786' title='bbox 3354 4390 3765 4482; x_wconf 46' lang='lat' dir='ltr'><strong>circumscribere:</strong></span> 
     </span>
    </p>
   </div>
   <div class='ocr_carea' id='block_1_106' title="bbox 2234 4473 3768 4581">
    <p class='ocr_par' dir='ltr' id='par_1_106' title="bbox 2234 4473 3768 4581">
     <span class='ocr_line' id='line_1_106' title="bbox 2234 4473 3768 4581; baseline 0.003 -15"><span class='ocrx_word' id='word_1_787' title='bbox 2234 4527 2422 4567; x_wconf 82' lang='lat' dir='ltr'><strong>verum</strong></span> <span class='ocrx_word' id='word_1_788' title='bbox 2461 4525 2582 4581; x_wconf 67' lang='lat' dir='ltr'><strong>quae</strong></span> <span class='ocrx_word' id='word_1_789' title='bbox 2617 4522 2758 4564; x_wconf 89' lang='lat' dir='ltr'><strong>nunc</strong></span> <span class='ocrx_word' id='word_1_790' title='bbox 2798 4522 2898 4578; x_wconf 89' lang='lat' dir='ltr'><strong>per</strong></span> <span class='ocrx_word' id='word_1_791' title='bbox 2942 4508 3126 4562; x_wconf 81' lang='lat' dir='ltr'><strong>literas</strong></span> <span class='ocrx_word' id='word_1_792' title='bbox 3168 4503 3401 4574; x_wconf 66' lang='lat' dir='ltr'><strong>accipis.</strong></span> <span class='ocrx_word' id='word_1_793' title='bbox 3431 4510 3490 4552; x_wconf 63' lang='lat' dir='ltr'><strong>ea</strong></span> <span class='ocrx_word' id='word_1_794' title='bbox 3517 4494 3698 4581; x_wconf 68' lang='lat' dir='ltr'><strong>q“°q&quot;_e</strong></span> 
     </span>
    </p>
   </div>
   <div class='ocr_carea' id='block_1_107' title="bbox 2237 4571 3764 4680">
    <p class='ocr_par' dir='ltr' id='par_1_107' title="bbox 2237 4571 3764 4680">
     <span class='ocr_line' id='line_1_107' title="bbox 2237 4571 3764 4680; baseline -0.021 -21"><span class='ocrx_word' id='word_1_795' title='bbox 2237 4606 2355 4662; x_wconf 84' lang='lat' dir='ltr'><strong>viva</strong></span> <span class='ocrx_word' id='word_1_796' title='bbox 2382 4571 2514 4660; x_wconf 78' lang='lat' dir='ltr'><strong>voce</strong></span> <span class='ocrx_word' id='word_1_797' title='bbox 2539 4611 2826 4674; x_wconf 85' lang='lat' dir='ltr'><strong>exceptura</strong></span> <span class='ocrx_word' id='word_1_798' title='bbox 2872 4615 2953 4656; x_wconf 89' lang='lat' dir='ltr'><strong>es.</strong></span> <span class='ocrx_word' id='word_1_799' title='bbox 2977 4597 3132 4669; x_wconf 89' lang='lat' dir='ltr'><strong>Quod</strong></span> <span class='ocrx_word' id='word_1_800' title='bbox 3171 4598 3218 4653; x_wconf 89' lang='lat' dir='ltr'><strong>si</strong></span> <span class='ocrx_word' id='word_1_801' title='bbox 3259 4595 3353 4680; x_wconf 75' lang='lat' dir='ltr'><strong>tibi</strong></span> <span class='ocrx_word' id='word_1_802' title='bbox 3402 4600 3544 4646; x_wconf 88' lang='lat' dir='ltr'><strong>mora</strong></span> <span class='ocrx_word' id='word_1_803' title='bbox 3586 4571 3764 4680; x_wconf 42' lang='lat' dir='ltr'><strong>molesta</strong></span> 
     </span>
    </p>
   </div>
   <div class='ocr_carea' id='block_1_108' title="bbox 2237 4665 3764 4767">
    <p class='ocr_par' dir='ltr' id='par_1_108' title="bbox 2237 4665 3764 4767">
     <span class='ocr_line' id='line_1_108' title="bbox 2237 4665 3764 4767; baseline -0.016 -13"><span class='ocrx_word' id='word_1_804' title='bbox 2237 4709 2339 4762; x_wconf 87' lang='lat' dir='ltr'><strong>est,</strong></span> <span class='ocrx_word' id='word_1_805' title='bbox 2368 4696 2498 4753; x_wconf 90' lang='lat' dir='ltr'><strong>illud</strong></span> <span class='ocrx_word' id='word_1_806' title='bbox 2527 4665 2723 4767; x_wconf 73' lang='lat' dir='ltr'><strong>cogita,</strong></span> <span class='ocrx_word' id='word_1_807' title='bbox 2753 4709 2873 4751; x_wconf 89' lang='lat' dir='ltr'><strong>eam</strong></span> <span class='ocrx_word' id='word_1_808' title='bbox 2903 4665 3252 4749; x_wconf 31' lang='lat' dir='ltr'><strong>tibivminime</strong></span> <span class='ocrx_word' id='word_1_809' title='bbox 3281 4665 3636 4744; x_wconf 74' lang='lat' dir='ltr'><strong>infructuosam</strong></span> <span class='ocrx_word' id='word_1_810' title='bbox 3659 4665 3764 4767; x_wconf 50' lang='grc' dir='ltr'><strong>ῖξπέί</strong></span> 
     </span>
    </p>
   </div>
   <div class='ocr_carea' id='block_1_109' title="bbox 2237 4765 3764 4858">
    <p class='ocr_par' dir='ltr' id='par_1_109' title="bbox 2237 4765 3764 4858">
     <span class='ocr_line' id='line_1_109' title="bbox 2237 4765 3764 4858; baseline -0.018 -14"><span class='ocrx_word' id='word_1_811' title='bbox 2237 4803 2423 4844; x_wconf 83' lang='lat' dir='ltr'><strong>verum</strong></span> <span class='ocrx_word' id='word_1_812' title='bbox 2446 4765 2716 4858; x_wconf 77' lang='lat' dir='ltr'><strong>ingentem</strong></span> <span class='ocrx_word' id='word_1_813' title='bbox 2741 4783 3047 4841; x_wconf 88' lang='lat' dir='ltr'><strong>mercedem</strong></span> <span class='ocrx_word' id='word_1_814' title='bbox 3073 4782 3352 4838; x_wconf 88' lang='lat' dir='ltr'><strong>allaturam</strong></span> <span class='ocrx_word' id='word_1_815' title='bbox 3377 4787 3509 4836; x_wconf 86' lang='lat' dir='ltr'><strong>esse,</strong></span> <span class='ocrx_word' id='word_1_816' title='bbox 3530 4766 3572 4822; x_wconf 89' lang='lat' dir='ltr'><strong>si</strong></span> <span class='ocrx_word' id='word_1_817' title='bbox 3597 4765 3764 4858; x_wconf 50' lang='grc' dir='ltr'><strong>ρξῑιςίξο</strong></span> 
     </span>
    </p>
   </div>
   <div class='ocr_carea' id='block_1_110' title="bbox 2241 4846 3764 4946">
    <p class='ocr_par' dir='ltr' id='par_1_110' title="bbox 2241 4846 3764 4946">
     <span class='ocr_line' id='line_1_110' title="bbox 2241 4846 3764 4946; baseline -0.025 -10"><span class='ocrx_word' id='word_1_818' title='bbox 2241 4882 2372 4936; x_wconf 88' lang='lat' dir='ltr'><strong>tiam</strong></span> <span class='ocrx_word' id='word_1_819' title='bbox 2400 4846 2680 4946; x_wconf 69' lang='lat' dir='ltr'><strong>adhibeas,</strong></span> <span class='ocrx_word' id='word_1_820' title='bbox 2709 4893 2810 4934; x_wconf 92' lang='lat' dir='ltr'><strong>nec</strong></span> <span class='ocrx_word' id='word_1_821' title='bbox 2836 4875 3086 4932; x_wconf 88' lang='lat' dir='ltr'><strong>acerbum</strong></span> <span class='ocrx_word' id='word_1_822' title='bbox 3117 4873 3286 4929; x_wconf 92' lang='lat' dir='ltr'><strong>ullum</strong></span> <span class='ocrx_word' id='word_1_823' title='bbox 3306 4866 3514 4925; x_wconf 81' lang='lat' dir='ltr'><strong>verbum</strong></span> <span class='ocrx_word' id='word_1_824' title='bbox 3541 4846 3764 4946; x_wconf 46' lang='lat' dir='ltr'><strong>profani.</strong></span> 
     </span>
    </p>
   </div>
   <div class='ocr_carea' id='block_1_111' title="bbox 2241 4928 3763 5046">
    <p class='ocr_par' dir='ltr' id='par_1_111' title="bbox 2241 4928 3763 5046">
     <span class='ocr_line' id='line_1_111' title="bbox 2241 4928 3763 5046; baseline -0.009 -25"><span class='ocrx_word' id='word_1_825' title='bbox 2241 4928 2372 5046; x_wconf 51' lang='lat' dir='ltr'><strong>gat;</strong></span> <span class='ocrx_word' id='word_1_826' title='bbox 2395 4928 2987 5043; x_wconf 59' lang='grc' dir='ltr'><strong>ιξᾶίὲζιζᾟᾷιῖἰιῖιᾷἱιίιέζ</strong></span> <span class='ocrx_word' id='word_1_827' title='bbox 3007 4928 3236 5022; x_wconf 77' lang='lat' dir='ltr'><strong>nomine</strong></span> <span class='ocrx_word' id='word_1_828' title='bbox 3265 4962 3356 5019; x_wconf 88' lang='lat' dir='ltr'><strong>Dei</strong></span> <span class='ocrx_word' id='word_1_829' title='bbox 3376 4951 3579 5029; x_wconf 86' lang='lat' dir='ltr'><strong>gloriam</strong></span> <span class='ocrx_word' id='word_1_830' title='bbox 3604 4928 3763 5046; x_wconf 49' lang='lat' dir='ltr'><strong>pref:</strong></span> 
     </span>
    </p>
   </div>
   <div class='ocr_carea' id='block_1_112' title="bbox 2193 5033 3763 5134">
    <p class='ocr_par' dir='ltr' id='par_1_112' title="bbox 2193 5033 3763 5134">
     <span class='ocr_line' id='line_1_112' title="bbox 2193 5033 3763 5134; baseline -0.013 -11"><span class='ocrx_word' id='word_1_831' title='bbox 2193 5072 2199 5078; x_wconf 86' lang='lat'><strong>&#39;</strong></span> <span class='ocrx_word' id='word_1_832' title='bbox 2240 5033 2348 5134; x_wconf 71' lang='lat' dir='ltr'><strong>eos,</strong></span> <span class='ocrx_word' id='word_1_833' title='bbox 2374 5033 2432 5121; x_wconf 77' lang='lat' dir='ltr'><strong>ut</strong></span> <span class='ocrx_word' id='word_1_834' title='bbox 2459 5065 2618 5120; x_wconf 89' lang='lat' dir='ltr'><strong>etiam</strong></span> <span class='ocrx_word' id='word_1_835' title='bbox 2661 5033 2919 5134; x_wconf 77' lang='lat' dir='ltr'><strong>perpetuo</strong></span> <span class='ocrx_word' id='word_1_836' title='bbox 2962 5059 3135 5115; x_wconf 89' lang='lat' dir='ltr'><strong>facis:</strong></span> <span class='ocrx_word' id='word_1_837' title='bbox 3172 5071 3344 5128; x_wconf 88' lang='lat' dir='ltr'><strong>neque</strong></span> <span class='ocrx_word' id='word_1_838' title='bbox 3390 5047 3524 5105; x_wconf 87' lang='lat' dir='ltr'><strong>enim</strong></span> <span class='ocrx_word' id='word_1_839' title='bbox 3559 5033 3763 5134; x_wconf 47' lang='lat' dir='ltr'><strong>exist}???</strong></span> 
     </span>
    </p>
   </div>
   <div class='ocr_carea' id='block_1_113' title="bbox 2241 5125 3760 5221">
    <p class='ocr_par' dir='ltr' id='par_1_113' title="bbox 2241 5125 3760 5221">
     <span class='ocr_line' id='line_1_113' title="bbox 2241 5125 3760 5221; baseline -0.02 -5"><span class='ocrx_word' id='word_1_840' title='bbox 2241 5176 2304 5215; x_wconf 87' lang='lat' dir='ltr'><strong>ac</strong></span> <span class='ocrx_word' id='word_1_841' title='bbox 2334 5125 2460 5215; x_wconf 78' lang='lat' dir='ltr'><strong>leve</strong></span> <span class='ocrx_word' id='word_1_842' title='bbox 2515 5157 2618 5212; x_wconf 90' lang='lat' dir='ltr'><strong>hoc</strong></span> <span class='ocrx_word' id='word_1_843' title='bbox 2662 5125 2945 5211; x_wconf 69' lang='lat' dir='ltr'><strong>certamen</strong></span> <span class='ocrx_word' id='word_1_844' title='bbox 3002 5160 3113 5216; x_wconf 88' lang='lat' dir='ltr'><strong>est,</strong></span> <span class='ocrx_word' id='word_1_845' title='bbox 3146 5164 3331 5207; x_wconf 85' lang='lat' dir='ltr'><strong>verum</strong></span> <span class='ocrx_word' id='word_1_846' title='bbox 3363 5145 3552 5209; x_wconf 86' lang='lat' dir='ltr'><strong>ingens,</strong></span> <span class='ocrx_word' id='word_1_847' title='bbox 3580 5138 3635 5221; x_wconf 55' lang='lat'><strong>9&quot;:</strong></span> 
     </span>
    </p>
   </div>
   <div class='ocr_carea' id='block_1_114' title="bbox 2241 5212 3762 5322">
    <p class='ocr_par' dir='ltr' id='par_1_114' title="bbox 2241 5212 3762 5322">
     <span class='ocr_line' id='line_1_114' title="bbox 2241 5212 3762 5322; baseline 0.003 -17"><span class='ocrx_word' id='word_1_848' title='bbox 2241 5267 2398 5322; x_wconf 90' lang='lat' dir='ltr'><strong>quam</strong></span> <span class='ocrx_word' id='word_1_849' title='bbox 2430 5259 2707 5305; x_wconf 88' lang='lat' dir='ltr'><strong>strenuum</strong></span> <span class='ocrx_word' id='word_1_850' title='bbox 2738 5248 2978 5301; x_wconf 87' lang='lat' dir='ltr'><strong>animum</strong></span> <span class='ocrx_word' id='word_1_851' title='bbox 3023 5252 3360 5312; x_wconf 73' lang='lat' dir='ltr'><strong>mentemQue</strong></span> <span class='ocrx_word' id='word_1_852' title='bbox 3401 5212 3762 5322; x_wconf 40' lang='lat' dir='ltr'><strong>Philosioplilff:</strong></span> 
     </span>
    </p>
   </div>
   <div class='ocr_carea' id='block_1_115' title="bbox 2241 5306 3760 5421">
    <p class='ocr_par' dir='ltr' id='par_1_115' title="bbox 2241 5306 3760 5421">
     <span class='ocr_line' id='line_1_115' title="bbox 2241 5306 3760 5421; baseline -0.001 -25"><span class='ocrx_word' id='word_1_853' title='bbox 2241 5306 2562 5415; x_wconf 57' lang='lat' dir='ltr'><strong>:equirens,</strong></span> <span class='ocrx_word' id='word_1_854' title='bbox 2614 5356 2808 5410; x_wconf 88' lang='lat' dir='ltr'><strong>nempe</strong></span> <span class='ocrx_word' id='word_1_855' title='bbox 2859 5337 3019 5393; x_wconf 89' lang='lat' dir='ltr'><strong>amici</strong></span> <span class='ocrx_word' id='word_1_856' title='bbox 3075 5337 3371 5406; x_wconf 85' lang='lat' dir='ltr'><strong>digressum</strong></span> <span class='ocrx_word' id='word_1_857' title='bbox 3424 5306 3760 5421; x_wconf 46' lang='grc' dir='ltr'><strong>θιξδξῗῗυὲῗ</strong></span> 
     </span>
    </p>
   </div>
   <div class='ocr_carea' id='block_1_116' title="bbox 2241 5396 3759 5525">
    <p class='ocr_par' dir='ltr' id='par_1_116' title="bbox 2241 5396 3759 5525">
     <span class='ocr_line' id='line_1_116' title="bbox 2241 5396 3759 5525; baseline -0.008 -33"><span class='ocrx_word' id='word_1_858' title='bbox 2241 5437 2406 5492; x_wconf 83' lang='lat' dir='ltr'><strong>ferre.</strong></span> <span class='ocrx_word' id='word_1_859' title='bbox 2437 5435 2693 5504; x_wconf 87' lang='lat' dir='ltr'><strong>Quisnam</strong></span> <span class='ocrx_word' id='word_1_860' title='bbox 2727 5431 2866 5487; x_wconf 82' lang='lat' dir='ltr'><strong>istud</strong></span> <span class='ocrx_word' id='word_1_861' title='bbox 2893 5430 3009 5486; x_wconf 79' lang='lat' dir='ltr'><strong>ait?</strong></span> <span class='ocrx_word' id='word_1_862' title='bbox 3037 5428 3094 5485; x_wconf 87' lang='lat' dir='ltr'><strong>Si</strong></span> <span class='ocrx_word' id='word_1_863' title='bbox 3123 5427 3243 5499; x_wconf 90' lang='lat' dir='ltr'><strong>quis</strong></span> <span class='ocrx_word' id='word_1_864' title='bbox 3269 5431 3441 5479; x_wconf 87' lang='lat' dir='ltr'><strong>amare</strong></span> <span class='ocrx_word' id='word_1_865' title='bbox 3465 5396 3759 5525; x_wconf 44' lang='lat' dir='ltr'><strong>Sitifim;</strong></span> 
     </span>
    </p>
   </div>
   <div class='ocr_carea' id='block_1_117' title="bbox 2241 5490 3732 5597">
    <p class='ocr_par' dir='ltr' id='par_1_117' title="bbox 2241 5490 3732 5597">
     <span class='ocr_line' id='line_1_117' title="bbox 2241 5490 3732 5597; baseline -0.009 -13"><span class='ocrx_word' id='word_1_866' title='bbox 2241 5490 2390 5596; x_wconf 72' lang='lat' dir='ltr'><strong>vit‘,</strong></span> <span class='ocrx_word' id='word_1_867' title='bbox 2415 5490 2482 5583; x_wconf 58' lang='lat' dir='ltr'><strong>si</strong></span> <span class='ocrx_word' id='word_1_868' title='bbox 2497 5527 2620 5597; x_wconf 82' lang='lat' dir='ltr'><strong>quis</strong></span> <span class='ocrx_word' id='word_1_869' title='bbox 2660 5525 2768 5580; x_wconf 86' lang='lat' dir='ltr'><strong>vim</strong></span> <span class='ocrx_word' id='word_1_870' title='bbox 2811 5522 3050 5580; x_wconf 88' lang='lat' dir='ltr'><strong>caritatis</strong></span> <span class='ocrx_word' id='word_1_871' title='bbox 3098 5490 3418 5590; x_wconf 70' lang='lat' dir='ltr'><strong>exploratam</strong></span> <span class='ocrx_word' id='word_1_872' title='bbox 3463 5490 3732 5597; x_wconf 57' lang='grc' dir='ltr'><strong>Ιιείξθίς</strong></span> 
     </span>
    </p>
   </div>
   <div class='ocr_carea' id='block_1_118' title="bbox 2245 5580 3757 5692">
    <p class='ocr_par' dir='ltr' id='par_1_118' title="bbox 2245 5580 3757 5692">
     <span class='ocr_line' id='line_1_118' title="bbox 2245 5580 3757 5692; baseline 0.001 -22"><span class='ocrx_word' id='word_1_873' title='bbox 2245 5580 2657 5692; x_wconf 42' lang='grc' dir='ltr'><strong>άίεονὶηιθῆἰείι.</strong></span> <span class='ocrx_word' id='word_1_874' title='bbox 2687 5622 2766 5676; x_wconf 87' lang='lat' dir='ltr'><strong>Ac</strong></span> <span class='ocrx_word' id='word_1_875' title='bbox 2813 5634 2880 5674; x_wconf 91' lang='lat' dir='ltr'><strong>ne</strong></span> <span class='ocrx_word' id='word_1_876' title='bbox 2909 5617 3013 5672; x_wconf 93' lang='lat' dir='ltr'><strong>huc</strong></span> <span class='ocrx_word' id='word_1_877' title='bbox 3037 5580 3198 5686; x_wconf 77' lang='lat' dir='ltr'><strong>atque</strong></span> <span class='ocrx_word' id='word_1_878' title='bbox 3237 5613 3358 5669; x_wconf 87' lang='lat' dir='ltr'><strong>illuc</strong></span> <span class='ocrx_word' id='word_1_879' title='bbox 3398 5580 3757 5692; x_wconf 49' lang='grc' dir='ltr'><strong>οῢ³ωδ¹¹¹θφυῗ’</strong></span> 
     </span>
    </p>
   </div>
   <div class='ocr_carea' id='block_1_119' title="bbox 3525 5683 3748 5756">
    <p class='ocr_par' dir='ltr' id='par_1_119' title="bbox 3525 5683 3748 5756">
     <span class='ocr_line' id='line_1_119' title="bbox 3525 5683 3748 5756; baseline 0.018 -3"><span class='ocrx_word' id='word_1_880' title='bbox 3525 5702 3608 5753; x_wconf 72' lang='grc' dir='ltr'><strong>οἶδε</strong></span> <span class='ocrx_word' id='word_1_881' title='bbox 3630 5683 3748 5756; x_wconf 30' lang='lat' dir='ltr'><strong>Wa&quot;?</strong></span> 
     </span>
    </p>
   </div>
   <div class='ocr_carea' id='block_1_120' title="bbox 2307 5719 3744 5816">
    <p class='ocr_par' dir='ltr' id='par_1_120' title="bbox 2307 5719 3744 5816">
     <span class='ocr_line' id='line_1_120' title="bbox 2307 5719 3744 5816; baseline -0.016 16"><span class='ocrx_word' id='word_1_882' title='bbox 2307 5735 2324 5766; x_wconf 82' lang='lat'><em>‘</em></span> <span class='ocrx_word' id='word_1_883' title='bbox 2357 5729 2707 5816; x_wconf 61' lang='grc' dir='ltr'><strong>¹ι¹εεεηδίιςιτιίε</strong></span> <span class='ocrx_word' id='word_1_884' title='bbox 2955 5727 3138 5816; x_wconf 53' lang='lat' dir='ltr'><strong>“mire</strong></span> <span class='ocrx_word' id='word_1_885' title='bbox 3170 5719 3744 5816; x_wconf 59' lang='lat' dir='ltr'><strong>trv“;..:ia‘.f.i‘§iie‘£€&amp;l</strong></span> 
     </span>
    </p>
   </div>
   <div class='ocr_carea' id='block_1_121' title="bbox 2247 5777 3511 5862">
    <p class='ocr_par' dir='ltr' id='par_1_121' title="bbox 2247 5777 3511 5862">
     <span class='ocr_line' id='line_1_121' title="bbox 2247 5777 3511 5862; baseline -0.013 -12"><span class='ocrx_word' id='word_1_886' title='bbox 2570 5777 2713 5847; x_wconf 57' lang='lat' dir='ltr'><strong>nihil)</strong></span> <span class='ocrx_word' id='word_1_887' title='bbox 2733 5777 3068 5862; x_wconf 19' lang='lat' dir='ltr'><strong>deerant,7$d</strong></span> <span class='ocrx_word' id='word_1_888' title='bbox 3091 5793 3141 5840; x_wconf 83' lang='lat' dir='ltr'><strong>in</strong></span> <span class='ocrx_word' id='word_1_889' title='bbox 3169 5789 3278 5840; x_wconf 71' lang='lat' dir='ltr'><strong>Mss.</strong></span> <span class='ocrx_word' id='word_1_890' title='bbox 3306 5777 3511 5836; x_wconf 59' lang='lat' dir='ltr'><strong>amnibus</strong></span> 
     </span>
    </p>
   </div>
  </div>
