2001 3184
109 193 153 222 5th
819 184 1007 214 EPlSTOLIE.

108 249 200 285 eosqui
214 248 316 276 sincera
331 246 441 275 caritate
456 245 560 281 praediti
575 244 648 278 sint,
664 246 814 280 quaerentes
829 244 839 278 (
848 247 888 271 et-

108 296 169 323 enim
183 301 240 321 rara
256 293 314 320 hinc
326 292 410 320 virtus
423 290 487 327 est),
500 291 534 319 ad
545 290 653 319 beatum
668 289 780 318 Paulum
793 296 888 317 curra-

108 347 175 367 mus:
192 343 270 374 alque
285 339 347 371 ille,
361 342 490 373 quantum
511 337 562 364 hoc
578 341 714 364 certamen
735 336 786 369 sit,
802 343 888 371 quan—

109 392 205 421 tumque
226 385 343 412 animum
364 384 502 419 requirat,
519 383 596 410 nobis
609 382 794 418 exponet.Hic
817 382 888 409 enim

85 466 88 470 η
109 431 203 464 Paulus,
214 430 258 466 qui
271 437 380 457 carnem
401 434 526 462 exuerat,
544 432 572 456 et
584 436 682 463 corpus
694 428 842 462 abiecerat,
858 434 889 454 ac

108 478 169 506 nuda
181 476 374 513 propemodum
389 475 478 503 anima
501 480 633 502 terrarum
647 474 740 502 orbem
765 481 890 508 peragra-

109 525 163 557 bat,
177 528 202 551 et
214 521 348 550 turbidum
363 529 472 549 omnem
485 526 585 548 motum
602 528 636 547 ex
651 520 740 546 aninto
756 520 887 553 eiecerat,

107 575 177 605 atque
185 570 314 597 virtutum
329 568 547 603 incorporearum
563 567 779 601 tranquillitatem
804 566 891 592 imita-

109 616 187 650 batur,
199 619 352 650 terramque
372 621 425 641 non
447 621 526 641 secus
540 621 572 641 ac
593 613 686 641 caelum
702 613 849 645 incolebat,
864 616 891 639 et

109 670 160 690 cum
172 660 315 690 Cheruhim
330 668 435 689 sursum
451 661 548 693 stabat,
558 660 733 695 mysticaeque
746 659 817 685 illius
833 666 891 685 mu-

110 708 164 736 sicae
188 714 237 735 una
262 714 325 734 cum
347 706 411 741 ipsis
437 706 571 741 particeps
599 709 674 737 erat,
703 705 755 731 alia
783 703 890 739 quidem

110 754 186 781 omnia
198 752 309 788 perinde
322 757 403 787 atque
422 752 448 779 in
471 752 559 779 alieno
585 759 697 786 corpore
719 750 888 785 perpetiens,

111 801 191 829 leviter
201 800 319 833 ferebat,
340 806 475 827 carcerem
499 798 635 830 nimirum,
651 796 767 830 vincula,
781 796 872 824 exsilia
884 814 891 827 ,

112 848 190 883 ﬂagra,
199 847 293 880 minas,
311 850 436 878 mortem,
454 845 653 880 lapidationem,
665 843 889 875 subtrtersioncm,

111 901 136 921 ac
148 891 255 929 denique
268 893 382 928 quodvis
395 892 519 927 supplicii
537 899 630 926 genus.
648 892 682 918 At
706 891 775 918 idem
791 891 824 917 ab
838 898 891 917 uno

112 941 206 970 homine
226 948 241 968 a
262 948 293 968 se
320 940 421 968 dilecto
443 944 577 971 semotus,
593 943 665 965 tanta
690 937 891 972 perturbatione

112 988 208 1016 allectus
221 992 271 1022 est,
286 992 316 1015 ut
328 987 418 1014 statim
434 987 513 1014 etiam
529 994 561 1013 ex
573 993 604 1013 ca
617 986 684 1012 urbe
695 984 847 1015 excederet,
864 984 890 1010 in

112 1042 154 1070 qua
165 1034 284 1068 amicum,
299 1041 380 1069 quem
393 1041 422 1061 se
435 1033 553 1060 visurutn
570 1032 705 1066 sperabat,
723 1031 831 1058 minime
848 1030 891 1056 in-

113 1084 216 1108 venerat.
233 1081 318 1115 llujus
340 1080 380 1107 rei
396 1080 445 1114 ipsi
461 1079 545 1106 Troas
558 1078 664 1105 conscia
680 1081 737 1109 est,
753 1084 812 1110 qua:
832 1075 891 1102 ideo

114 1127 140 1155 ab
151 1134 180 1155 eo
191 1127 281 1156 relicta
296 1131 349 1159 est,
363 1126 434 1161 quod
458 1131 513 1152 tum
529 1133 589 1152 eum
612 1124 661 1159 ipsi
677 1123 819 1151 ostendere
841 1122 892 1149 mi-

114 1173 172 1201 nimc
184 1173 321 1208 potuisset.
339 1172 404 1199 Cum
419 1172 489 1199 enim
503 1171 625 1198 venissem
643 1169 777 1202 Troadem,
794 1168 889 1203 inquit,

113 1223 199 1254 propter
223 1219 379 1255 evangelium
405 1218 510 1251 Christi,
527 1222 549 1243 et
574 1216 667 1243 ostium
691 1215 753 1242 milii
776 1219 892 1249 apertum

112 1265 198 1291 autin
207 1264 317 1292 Domino
331 1284 338 1298 ,
353 1272 403 1291 non
428 1263 504 1290 habui
528 1263 636 1297 requiem
658 1261 760 1296 spiritui
783 1269 847 1294 meo,
863 1268 892 1287 eo

111 1309 166 1344 quod
176 1317 221 1338 non
234 1310 374 1337 invenerint
390 1308 474 1335 Titum
495 1309 598 1343 fratrem
613 1315 712 1339 meum;
725 1306 770 1333 sed
791 1307 889 1333 valedi-

111 1363 158 1383 τινα
169 1356 215 1389 eis,
230 1354 364 1393 profectus
377 1361 433 1382 sunt
453 1355 479 1381 in
495 1354 673 1380 Macedoniam
687 1353 724 1389 (Ξ.
734 1352 793 1379 Cor.
803 1352 830 1378 2.
846 1352 889 1379 1'2.

112 1401 157 1438 t3).
167 1402 228 1437 Quid
239 1403 287 1436 ais,
311 1402 414 1429 Paule?
435 1401 518 1436 Ligno
541 1400 679 1435 alligatus,
696 1404 775 1434 atque
789 1398 815 1425 in
831 1398 891 1425 vitt-

112 1449 159 1476 cula
178 1449 324 1487 conjectus.
341 1456 373 1476 ac
386 1448 520 1483 virgarum
543 1451 621 1474 notas
647 1451 720 1480 tergo
746 1446 891 1480 impressas

112 1494 246 1529 liabens,et
265 1503 368 1524 cruore
381 1494 525 1526 diftlucns,
545 1493 629 1521 sacris
657 1492 779 1519 initiabas
795 1496 823 1518 ct
845 1491 891 1518 ba-

112 1542 226 1576 pt'uabas,
253 1547 280 1570 ct
322 1542 481 1569 sacrificium
518 1540 667 1572 oil'ercbas,
700 1547 749 1566 nec
784 1539 891 1566 unicum

112 1588 176 1616 etiam
190 1589 327 1617 hominem
338 1610 346 1622 ,
360 1588 404 1623 qui
419 1589 533 1615 salutent
548 1591 708 1622 accepturus
722 1591 809 1618 esset,
828 1594 892 1613 con-

113 1635 228 1663 temnebas
242 1645 248 1663 :
260 1635 398 1663 Troadem
412 1639 501 1662 autem
517 1633 662 1669 profectus,
677 1641 708 1661 ac
720 1636 891 1667 repurgatum

111 1687 187 1710 arvum
213 1687 417 1716 semermemque
439 1680 563 1715 excipere
586 1684 717 1715 paratum,
733 1683 761 1706 et
784 1678 891 1713 plenam

111 1727 197 1765 "eain,
210 1733 363 1763 cunctaque
389 1727 437 1754 tibi
465 1734 549 1761 prona
562 1730 589 1753 ct
616 1725 702 1752 facilia
728 1725 891 1763 praebentem

113 1774 272 1810 conspiciens,
286 1778 395 1802 Lautum
410 1773 443 1801 de
459 1772 581 1800 manibus
604 1772 707 1799 lucrum
730 1771 833 1806 ejecisti
844 1792 851 1804 ,
864 1775 893 1798 ut

111 1821 214 1854 quamvis
227 1821 313 1849 etiam
328 1820 363 1847 ob
383 1827 442 1847 eam
468 1826 576 1847 causam
595 1819 658 1845 illuc
681 1824 707 1845 te
732 1817 892 1845 contulisses

112 1864 174 1900 (Cum
185 1867 251 1895 enim
266 1866 392 1894 uenissem
408 1865 542 1898 Troadem,
559 1864 663 1899 inquit,
679 1863 712 1890 ad
725 1863 891 1898 euangelium,

112 1912 154 1940 hoc
165 1918 202 1941 est
215 1912 364 1949 evangelici
378 1912 476 1948 negotii
492 1910 594 1945 causa),
609 1917 658 1937 nec
681 1910 820 1945 quisquam
846 1909 892 1936 tibi

113 1957 236 1987 obsisteret
247 1959 292 1996 (Et
307 1958 410 1990 ostium,
424 1956 527 1993 inquit,
540 1957 602 1983 mihi
619 1961 733 1991 apertum
748 1953 832 1990 esset),
846 1962 893 1989 pc-

112 2002 163 2031 deta
176 2008 259 2033 tamen
273 2004 367 2032 statim
382 2003 519 2031 referres?
532 2002 569 2029 lta
585 2009 660 2034 sane,
676 2001 760 2036 inquit
776 2009 782 2027 :
796 2007 892 2035 magna

113 2049 171 2078 enim
184 2058 226 2080 me
237 2051 365 2080 mmroris
379 2049 499 2086 tyrannis
513 2049 626 2081 invasit,
644 2048 749 2083 Titique
773 2047 892 2075 absentia

113 2103 188 2125 meum
197 2098 315 2125 animum
329 2096 504 2124 vehementer
517 2094 695 2127 conturbavit,
707 2100 786 2128 atque
800 2093 836 2120 ita
849 2100 892 2119 me

114 2141 180 2179 fregit
189 2151 219 2172 ac
231 2143 384 2180 superavit,
399 2147 429 2170 ut
443 2150 457 2169 a
469 2149 512 2169 mc
522 2162 530 2175 ,
547 2141 598 2168 hoc
612 2145 640 2168 ut
653 2141 767 2168 facerem
781 2160 787 2171 ,
803 2144 892 2166 extor-

113 2191 176 2219 srrit.
187 2191 251 2219 Nam
267 2191 340 2228 quod
353 2191 391 2218 illi
404 2194 512 2225 propter
526 2196 670 2217 maerorem
692 2189 741 2216 hoc
754 2187 892 2219 acciderit,

113 2236 254 2267 nihllnohis
275 2238 440 2274 conjecturis
457 2244 526 2272 opus
547 2240 597 2268 est,
612 2243 704 2263 verum
728 2235 762 2262 ab
780 2235 895 2269 ipsomet

114 2279 158 2309 hoc
175 2285 308 2320 conjicere
335 2289 414 2319 atque
428 2283 436 2299 '
453 2283 603 2317 intelligere
623 2281 761 2309 debemus.
788 2280 893 2307 Etenim

114 2324 234 2357 discessus
246 2330 287 2358 sui
308 2337 417 2357 causam
439 2328 481 2356 his
502 2327 592 2355 verbis
615 2326 759 2361 ospesuit:
775 2324 836 2352 Non
849 2326 896 2351 ha-

115 2371 149 2398 Μ
158 2375 263 2410 requiem
273 2376 377 2412 spiritui
387 2383 442 2403 meo
451 2396 458 2408 ,
468 2383 496 2402 eo
504 2374 572 2410 quod
585 2382 634 2400 non
647 2372 782 2399 inuenerint
799 2371 895 2403 Titum;

114 2415 151 2443 κά
161 2419 296 2450 “Misene
311 2422 346 2449 eis
355 2441 362 2454 ,
377 2429 492 2455 egressus
505 2428 570 2448 sum.

143 2462 183 2491 12.
206 2463 320 2493 Videsne
328 2471 455 2503 quantum
465 2471 599 2495 certamen
609 2465 734 2498 sit,amici
744 2465 893 2501 digressum

115 2514 182 2543 Equo
204 2517 236 2537 ac
253 2509 359 2546 placido
382 2513 470 2540 animo
496 2512 577 2546 ferre,
606 2519 739 2547 quamque
758 2511 845 2546 gravis
870 2515 897 2538 et

114 2554 271 2584 aoerha'htce
285 2562 328 2583 res
342 2555 393 2587 sit.
407 2562 540 2590 quamun
558 2558 698 2586 sublimem
714 2565 745 2585 ae
758 2563 896 2586 strenuum

115 2599 221 2629 animum
235 2601 390 2630 desideret?
404 2601 460 2629 Hoc
477 2609 557 2635 porro
581 2608 713 2631 certamen
737 2608 765 2630 tu
791 2610 897 2638 quoque

116 2652 177 2673 nunc
189 2646 256 2675 ubis.
277 2647 311 2674 At
331 2655 385 2683 quo
395 2647 481 2682 majus
495 2647 546 2674 hoc
557 2651 692 2674 certamen
707 2651 756 2679 est,
770 2656 802 2675 eo
817 2649 896 2681 etiam

115 2697 203 2720 corona
230 2694 399 2728 praestantior
424 2693 489 2726 erit,
519 2693 680 2728 pramtiaque
706 2693 896 2728 splendidiora.

115 2736 195 2771 Quare
206 2739 257 2769 hoc
268 2739 314 2768 tibi
324 2740 454 2769 tarditatis
466 2740 501 2767 sit
511 2741 649 2773 solatium;
662 2741 778 2777 illudque
789 2747 898 2777 printer-

117 2791 154 2815 ει,
172 2785 242 2822 quod
269 2785 462 2814 mercedehinc
490 2791 615 2813 manante
643 2786 779 2821 refertam,
797 2795 897 2815 corona

118 2828 267 2863 redimitam,
280 2833 503 2867 ampltssimisque
515 2832 637 2860 laudibus
651 2833 773 2861 atTectam
783 2834 897 2861 tevisuri

118 2873 200 2901 timus.
220 2874 310 2911 Neque
335 2878 407 2905 enim
429 2878 446 2905 ii
470 2877 515 2913 qui
530 2883 630 2911 amant,
645 2886 678 2906 eo
702 2878 760 2907 solo
778 2880 896 2907 contenti

148 2931 155 2946 ¹
171 2935 195 2956 ιη
206 2933 280 2957 tribus
287 2937 337 2959 Mss.
350 2935 438 2960 desunt
451 2935 534 2966 verba,
548 2936 666 2966 conjicere
678 2940 757 2967 atque.

262 2975 394 3007 Parnm.
411 2977 469 3008 Gn.
492 2979 554 3009 Lll.

1686 199 1739 227 570

941 249 1013 279 sunt,
1028 246 1099 280 quod
1111 246 1261 275 animorum
1273 248 1384 277 vinculis
1393 249 1462 279 inter
1470 253 1737 288 seconstringaotur.

941 297 1029 325 neque
1054 290 1105 319 hoc
1117 291 1151 319 ad
1166 293 1376 323 consolationem
1390 296 1440 324 sibi
1464 299 1529 325 satis
1547 305 1607 326 eSse
1628 300 1739 332 ducunt,

941 344 1032 364 verum
1047 338 1126 365 etiam
1140 340 1261 374 corporis
1283 343 1451 375 praesentiam
1474 345 1613 379 requirunt
1627 354 1634 372 :
1650 354 1700 381 qua
1717 348 1739 374 si

941 388 1059 415 careant,
1084 384 1152 411 haud
1181 387 1275 421 exigua
1301 388 1444 424 voluptatis
1471 399 1533 425 pars
1560 393 1662 420 succisa
1687 399 1738 421 eSI.

942 429 1028 463 Atque
1046 429 1097 456 hoc
1112 438 1227 464 rursum,
1242 432 1263 458 si
1280 433 1312 459 ad
1327 435 1445 461 caritatis
1458 436 1594 464 alumnum
1613 446 1661 465 nos
1675 447 1740 466 cou-

943 475 1090 509 tulerimus,
1116 478 1151 503 ita
1171 485 1200 505 se
1215 478 1311 506 habere
1325 482 1532 515 comperiemus.
1555 483 1582 511 ln
1607 492 1637 511 ea
1668 486 1739 512 enim

944 521 1069 556 Epistula,
1092 531 1171 557 quam
1194 524 1226 551 ad
1247 525 1405 553 Macedonas
1429 528 1570 560 scribebat,
1586 530 1627 556 his
1651 531 1741 558 νον-[ἠδ

943 568 1065 595 utebatur
1083 577 1088 595 :
1106 568 1161 596 Nos
1175 575 1269 603 anteiit,
1281 573 1382 606 fratres,
1395 574 1475 600 orbati
1488 583 1503 599 τι
1517 575 1584 602 vobis
1596 577 1630 602 ad
1643 581 1740 611 tempus

943 614 1021 647 Itone,
1048 620 1160 650 aspectu,
1187 625 1237 643 non
1256 618 1349 651 corde,
1373 618 1543 647 abundantius
1568 622 1741 655 festinavimul

943 660 1033 693 [ariam
1047 666 1154 688 vestram
1175 663 1279 689 videre:
1295 672 1339 698 ego
1368 665 1469 698 quidem
1499 666 1597 693 Paulus
1620 669 1696 695 semel
1717 675 1742 696 et

943 705 1033 732 iterum
1050 714 1059 732 .'
1074 707 1118 733 sed
1132 707 1261 742 impedivit
1284 717 1329 735 nos
1346 715 1458 737 satanas.
1486 710 1596 746 Propter
1608 714 1676 747 quod
1690 722 1741 740 non

943 753 1092 780 sustinentes
1113 754 1232 789 amplius,
1262 756 1356 790 placuit
1376 756 1447 783 nobis
1470 766 1599 785 remanere
1621 760 1740 791 Athenis.

943 798 1003 825 solis
1016 807 1025 824 :
1038 804 1060 825 et
1075 799 1187 826 misimus
1203 799 1362 828 Timotheum
1380 802 1417 837 (1.
1432 802 1518 830 Tltess.
1530 804 1556 830 2.
1571 804 1613 831 17.
1627 806 1667 832 l8.
1679 811 1702 832 ct
1716 815 1741 833 ε.

943 844 969 870 5.
986 852 1008 870 υ.
1025 845 1050 871 1.
1062 845 1101 879 2).
1120 844 1141 872 Ο
1155 851 1253 880 quanta
1265 846 1291 873 in
1304 847 1416 882 singulis
1426 848 1588 877 dictionibus
1601 850 1640 877 vis
1655 851 1740 878 inest!

943 891 1040 917 ctenim
1057 892 1190 918 conditam
1207 893 1233 920 in
1257 893 1340 928 ipsius
1358 895 1447 921 animo
1461 896 1582 923 caritatis
1608 897 1742 925 ﬂammam

945 946 1038 972 magna
1065 946 1125 965 cum
1147 940 1337 975 perspicuitate
1361 941 1572 969 demonstrabat.
1594 942 1652 970 Non
1670 944 1741 970 enim

943 985 1019 1016 dixit,
1034 985 1152 1019 Scjuncti
1174 994 1187 1012 a
1204 986 1288 1018 vobis,
1304 992 1349 1013 aut
1367 987 1510 1020 abstracti,
1533 994 1577 1015 attt
1600 989 1740 1023 distantes,

943 1036 988 1057 aut
1001 1031 1143 1064 absentes;
1158 1040 1250 1059 verum
1261 1054 1268 1066 ,
1289 1033 1377 1059 Urbati
1390 1041 1405 1059 η
1418 1033 1495 1060 vobis.
1518 1034 1680 1062 Vocabulum
1702 1036 1743 1063 in-

944 1077 1082 1110 vestigavit
1095 1077 1166 1112 quod
1178 1078 1340 1105 declarando
1353 1079 1433 1105 animi
1445 1080 1485 1106 sui
1498 1079 1582 1107 dolori
1595 1089 1643 1115 par
1659 1086 1740 1108 esset.

943 1123 1008 1150 Nam
1026 1131 1085 1151 cum
1101 1124 1157 1158 ipse
1170 1125 1285 1159 parentis
1304 1126 1363 1152 loco
1377 1127 1479 1154 cunctis
1494 1132 1575 1159 esset,
1593 1132 1679 1155 tamen
1694 1135 1742 1162 pu-

944 1170 1068 1205 pillurttm
1082 1179 1225 1205 puerorum
1235 1192 1241 1204 ,
1258 1172 1301 1207 qui
1313 1172 1453 1200 immatura
1467 1178 1545 1201 tctate
1557 1179 1659 1208 patrem
1676 1175 1744 1202 ami-

943 1216 1037 1250 serint,
1052 1217 1140 1244 verbis
1155 1217 1238 1244 utitur
1252 1226 1258 1246 :
1274 1226 1326 1252 quo
1338 1218 1461 1246 videlicet
1473 1219 1634 1254 singularem
1647 1228 1742 1255 quam-

943 1262 1003 1289 dam
1019 1263 1099 1289 anitni
1114 1263 1268 1290 maestitiam
1285 1264 1417 1290 ostendat.
1438 1264 1529 1299 Neque
1542 1265 1612 1292 enim
1628 1273 1743 1300 prmma-

944 1313 1000 1336 tura
1016 1309 1131 1336 orbitate
1155 1310 1299 1345 quidquam
1324 1311 1447 1338 acerbius
1474 1311 1620 1346 excogitari
1645 1317 1742 1346 potest,

942 1363 1003 1381 cum
1015 1363 1064 1382 nec
1075 1360 1139 1383 setas
1152 1355 1185 1382 ad
1201 1364 1256 1383 rem
1270 1356 1350 1383 ullam
1364 1356 1486 1384 idoneam
1500 1357 1562 1391 ipsis
1576 1364 1653 1391 opem
1663 1358 1743 1385 all'er-

944 1410 972 1429 re
988 1406 1084 1436 potest,
1101 1410 1150 1429 nec
1165 1403 1210 1437 qui
1226 1410 1318 1430 eorum
1335 1411 1425 1430 curam
1441 1411 1472 1430 ac
1485 1403 1669 1431 defensionem
1686 1405 1743 1432 sin—

943 1455 1006 1474 cero
1026 1447 1115 1474 animo
1134 1447 1297 1482 suscipiant,
1315 1453 1412 1482 prmsto
1426 1453 1497 1481 sunt,
1513 1453 1540 1476 et
1555 1450 1631 1476 multi
1654 1450 1743 1477 subito

943 1494 1088 1527 exsistunt,
1106 1503 1119 1521 a
1135 1494 1231 1529 quibus
1244 1494 1346 1522 insiditc
1363 1494 1427 1529 ipsis
1449 1500 1640 1530 comparantur
1656 1504 1662 1522 :
1679 1504 1742 1523 nam

944 1545 998 1567 tum
1013 1541 1084 1568 velut
1099 1541 1159 1576 agni
1175 1541 1242 1575 lupis
1252 1541 1278 1567 in
1288 1541 1403 1567 medium
1415 1547 1608 1576 proponuntur,
1621 1550 1636 1569 a
1647 1542 1742 1577 quibus

943 1588 1014 1614 omni
1027 1596 1058 1614 ex
1075 1592 1149 1622 parte
1164 1587 1302 1614 creduntur
1316 1592 1342 1614 et
1363 1587 1523 1614 lacerantur.
1545 1588 1627 1615 Nemo
1643 1589 1742 1623 estqui

944 1634 1103 1660 calamitatis
1116 1633 1194 1668 hujus
1210 1633 1418 1667 magnitudinem
1436 1634 1487 1660 ulla
1511 1634 1633 1661 oratione
1648 1641 1744 1661 conse-

943 1681 986 1715 qui
997 1681 1090 1715 possit.
1112 1680 1240 1713 Quocirca
1254 1680 1362 1712 Paulus,
1376 1687 1436 1708 cum
1460 1680 1485 1707 in
1501 1688 1594 1708 omnes
1610 1686 1698 1715 partes
1713 1688 1741 1708 se

944 1731 1088 1759 versasset,
1114 1730 1194 1761 atque
1216 1726 1347 1761 ejusmodi
1366 1734 1473 1759 vocem,
1490 1733 1542 1761 qua
1570 1726 1742 1753 solitudinem

943 1773 1120 1807 acerbamque
1146 1773 1325 1800 calamitatem
1348 1772 1497 1804 indicaret,
1515 1771 1697 1806 quaesivisset,
1714 1776 1744 1798 ut

944 1827 996 1853 quo
1009 1819 1099 1846 animo
1113 1823 1194 1850 esset,
1209 1826 1270 1845 cum
1283 1818 1317 1845 ab
1332 1817 1362 1844 iis
1378 1825 1445 1852 quos
1460 1818 1566 1845 amabat
1579 1816 1744 1844 distrahere-

945 1871 998 1899 tur,
1011 1866 1118 1900 planum
1135 1865 1243 1896 faceret,
1261 1864 1310 1891 hac
1324 1864 1440 1891 dictione
1454 1870 1517 1890 usus
1532 1866 1573 1890 est
1588 1871 1594 1889 :
1610 1866 1636 1890 et
1646 1861 1744 1890 deinde

944 1919 992 1946 per
1015 1919 1047 1938 ca
1073 1918 1133 1945 qua:
1162 1915 1310 1945 sequuntur
1335 1909 1405 1937 hanc
1427 1916 1533 1935 rursum
1561 1908 1741 1943 exaggeravit.

946 1957 1035 1984 Orbati
1048 1957 1137 1990 enim,
1152 1957 1252 1991 inquit,
1268 1963 1321 1983 non
1336 1956 1370 1982 ad
1383 1955 1537 1982 diuturnum
1552 1955 1659 1989 aliquod
1674 1959 1743 1982 tem-

944 2003 1018 2038 poris
1033 2003 1159 2038 spatium,
1171 2002 1217 2029 sed
1231 2001 1271 2027 Ad
1285 2007 1383 2036 tempus
1397 2001 1467 2027 liora:
1478 2001 1516 2035 (1.
1534 2000 1619 2028 Thess.
1636 2000 1664 2027 2.
1681 1999 1740 2036 i7):

944 2057 975 2076 ac
986 2057 1039 2076 non
1053 2049 1152 2081 animo,
1168 2048 1214 2075 sed
1231 2047 1309 2074 Facie
1320 2047 1376 2074 sola
1388 2047 1511 2085 disiuncti
1521 2068 1527 2079 ,
1541 2054 1574 2073 ne
1587 2047 1626 2073 sic
1635 2045 1742 2081 quidem

946 2100 1034 2122 tamen
1048 2095 1168 2122 dolorem
1193 2102 1253 2122 eum
1268 2115 1275 2127 ,
1294 2101 1372 2128 quem
1396 2093 1458 2120 hinc
1476 2092 1655 2128 concipimus,
1673 2091 1744 2119 ferre

945 2148 1104 2176 possumus;
1126 2140 1249 2175 quamvis
1264 2147 1295 2166 ea
1317 2138 1394 2166 nobis
1406 2138 1470 2165 satis
1483 2138 1570 2172 ampla
1595 2137 1744 2165 consolatio

945 2188 990 2220 sit,
1004 2187 1075 2222 quod
1089 2186 1171 2213 animi
1185 2186 1267 2213 nostri
1280 2185 1349 2213 inter
1362 2193 1391 2212 se
1405 2185 1520 2212 devincti
1534 2184 1588 2211 sint
1599 2204 1607 2217 ,
1621 2183 1745 2219 quodque

946 2241 993 2261 vos
1008 2234 1035 2260 in
1054 2233 1136 2260 corde
1158 2237 1251 2260 nostro
1270 2231 1392 2259 conditos
1407 2231 1563 2263 habeamus,
1574 2237 1606 2257 ac
1629 2229 1745 2264 denique

946 2280 1023 2311 illud,
1035 2279 1108 2314 quod
1134 2278 1193 2306 heri
1205 2282 1231 2306 et
1253 2277 1445 2305 nudiustertius
1460 2284 1508 2304 vos
1517 2276 1663 2303 viderimus
1677 2286 1684 2303 :
1701 2281 1744 2302 ta-

947 2335 1008 2354 men
1021 2326 1087 2353 nihil
1100 2332 1193 2353 eorum
1215 2331 1331 2352 maerore
1346 2330 1396 2350 nos
1411 2322 1515 2349 liberat.
1531 2321 1600 2355 Quid
1614 2329 1678 2356 ergo
1690 2322 1744 2355 vis,

947 2373 990 2400 dic
1014 2371 1124 2408 quaeso?
1138 2370 1202 2406 quid
1215 2369 1328 2405 expetis,
1341 2369 1395 2396 imo
1409 2373 1461 2395 tam
1475 2368 1649 2395 vehementer
1660 2375 1743 2403 expe-

947 2421 998 2447 tis?
1014 2420 1099 2455 lpsam
1113 2426 1205 2446 eorum
1222 2418 1316 2445 faciem
1328 2423 1449 2444 cernere.
1470 2415 1646 2442 Abundantius
1659 2415 1743 2447 enim,

948 2466 1042 2501 inquit,
1059 2465 1231 2501 festinauimus
1243 2464 1334 2499 faciem
1348 2467 1455 2489 vestram
1466 2461 1549 2488 uidere
1561 2461 1599 2497 (l.
1612 2460 1702 2488 Thess.
1716 2463 1744 2488 2.

948 2512 1005 2547 17).
1021 2512 1089 2545 Quid
1102 2512 1141 2538 ais
1151 2532 1158 2543 ,
1174 2519 1190 2538 ο
1201 2518 1296 2545 magne
1312 2514 1392 2542 atque
1406 2507 1512 2535 excelse
1530 2507 1588 2534 vir?
1603 2507 1652 2540 Qui
1665 2515 1744 2534 mun-

948 2560 1010 2587 dum
1032 2560 1101 2586 inte
1127 2558 1282 2585 cruciﬁxum
1308 2556 1401 2588 habes,
1426 2555 1482 2590 ipse
1507 2554 1623 2581 vicissim
1646 2553 1746 2581 mundo

948 2596 1101 2639 cruciﬁxus,
1111 2604 1155 2640 qui
1166 2604 1199 2631 ab
1213 2603 1338 2630 omnibus
1355 2602 1506 2629 carnalibus
1521 2600 1600 2628 rebus
1615 2605 1640 2627 te
1655 2608 1744 2627 remo—

948 2653 1021 2686 visti,
1035 2653 1079 2688 qui
1100 2659 1168 2686 pene
1188 2649 1308 2684 corporis
1333 2655 1429 2683 expers
1456 2647 1577 2679 effectus,
1599 2647 1698 2673 siccine
1720 2651 1747 2673 te

949 2701 1082 2734 captivum
1106 2697 1204 2724 caritas
1228 2695 1322 2727 tenuit,
1339 2694 1408 2721 utin
1434 2694 1544 2726 luteam,
1563 2700 1594 2719 ac
1610 2696 1744 2718 terrenam

948 2752 1029 2782 atque
1043 2746 1068 2772 in
1089 2752 1197 2772 sensum
1212 2743 1351 2770 cadentem
1372 2748 1478 2768 carnem
1508 2738 1662 2774 provolutus
1687 2737 1746 2764 sis?

949 2794 1072 2822 Maxime.
1089 2791 1172 2825 inquit
1186 2799 1193 2817 :
1208 2797 1257 2817 nec
1277 2789 1302 2815 id
1318 2789 1408 2815 dicere
1429 2794 1471 2813 me
1484 2785 1574 2820 pudet.
1590 2784 1643 2810 imo
1663 2783 1745 2809 etiam

949 2848 983 2869 eo
1008 2839 1116 2867 nomine
1140 2837 1240 2873 glorior
1255 2845 1261 2863 ε
1277 2843 1338 2862 nam
1363 2841 1423 2861 eum
1446 2833 1595 2863 caritatem,
1613 2830 1744 2856 bonorum

949 2886 1067 2913 omnium
1083 2889 1211 2916 matrem,
1226 2883 1251 2910 in
1264 2889 1306 2909 me
1317 2884 1463 2908 scatentem
1488 2877 1610 2908 habeam,
1627 2876 1682 2902 hac
1702 2882 1744 2902 re-

951 2932 1036 2965 quiro.
1075 2930 1164 2964 Neque
1200 2927 1356 2963 simpliciter
1392 2930 1547 2959 corpoream
1575 2920 1744 2954 prmsentiam

1536 2971 1572 3000 12
