1953 3188
225 178 260 204 2'.
268 178 275 203 ἱ

586 175 612 200 ς.
636 175 773 201 ,ιυλκῐςιτς
796 174 927 200 (.ΖΞΞζ“ιξζιλὶ
944 173 1026 200 {lviii

226 235 338 269 expetit,
355 242 364 260 ι
375 241 445 260 erum
461 241 552 259 eorum
566 233 659 259 faciem
675 233 767 259 intueri
779 233 868 266 gestit.
885 233 1021 259 Altum/ult-

227 281 276 306 litls
290 280 370 312 enim,
385 280 470 314 inquit
484 300 490 311 ,
508 279 679 314 [ts/inminuta
696 279 784 314 [aciem
800 284 905 306 t'rslrmn
928 279 1020 305 ridere.

228 325 406 359 Conspectum
428 326 507 359 igitur
530 325 642 359 expetis,
665 324 731 351 heus
753 329 790 356 tu,
804 325 943 359 vultusque
963 332 1023 359 spc-

228 371 315 398 ctantli
339 371 482 406 cupiditate
507 370 620 405 llagras?
647 371 680 397 Et
705 371 813 406 quidem
839 372 1021 404 vehementer,

229 418 314 452 inquit
329 426 336 443 :
353 418 422 453 quod
439 418 491 445 illic
505 426 630 444 sensuum
645 418 819 445 instrumenta
832 418 942 445 collecta
958 419 1023 446 sint.

229 463 318 490 Nudus
334 463 404 490 enim
418 463 524 490 animus
537 471 583 498 per
598 471 627 490 sc
641 471 702 490 cum
715 463 800 490 altero
811 464 900 490 animo
913 463 1025 498 conjun-

227 515 295 541 rtus,
314 517 362 536 nec
377 509 475 542 dicere,
493 516 542 536 nee
555 509 647 536 audire
666 510 808 544 quidquam
824 510 921 544 poterit
942 519 948 536 :
963 515 989 537 at
1003 510 1024 537 si

228 555 291 582 mihi
306 563 435 590 corporea
447 556 587 590 praesentia
602 554 651 582 frui
664 556 810 590 contingat,
820 561 846 582 ct
857 556 956 590 aliquid
969 556 1025 590 ipse

228 602 325 633 dicam,
342 605 369 628 ct
383 601 459 628 abiis
475 609 542 636 quos
550 609 610 628 amo
619 601 734 628 vicissim
748 601 863 628 audiam.
881 601 1024 635 Propterea

229 648 323 675 faciem
340 651 455 674 vestram
475 648 570 674 intueri
586 655 665 681 aveo,
683 648 708 675 in
728 655 780 683 qua
802 648 888 682 lingua
903 653 954 679 est,
966 656 1025 682 qua:

230 701 321 721 vocem
337 694 444 725 emittit,
455 693 589 728 animique
603 701 681 720 sensa
695 693 824 725 enuntiatI
841 698 868 720 et
878 693 951 720 auris
966 701 1025 728 qua:

231 740 309 767 \ctba
333 740 429 774 excipit
441 761 448 773 ,
461 744 487 767 et
500 739 569 766 oculi
582 739 625 774 qui
641 739 720 766 animi
737 745 824 766 motus
843 740 951 774 pingunt
969 744 1026 766 :et-

230 787 300 812 enirn
315 786 443 813 adamata)
457 786 552 813 anima:
568 787 702 813 consortio
727 786 821 812 melius
838 793 885 820 per
908 785 951 811 illa
975 785 1024 812 frui

232 833 301 858 licet.

264 879 311 906 15.
334 880 418 913 Mque
434 883 461 905 ut
477 879 607 913 intelligas
622 883 749 912 quantum
764 877 842 912 hujus
865 882 1025 911 conspectus

232 925 377 959 tnpidilate
401 924 518 957 ardeat,
546 930 717 959 posteaquam
739 924 824 956 dixit,
851 924 1026 950 Abundantius

231 971 420 1003 /:-stinuvimns,
448 971 496 997 hac
521 970 638 998 dictione
665 971 773 997 minimc
797 975 937 996 contentus
957 969 1024 1002 fuit,

232 1024 322 1043 ινιιιιιι
337 1017 482 1051 sulijnngit,
496 1016 528 1043 lu
542 1017 620 1043 multa
635 1017 768 1043 desit/crio.
789 1017 827 1043 Ac
846 1024 906 1043 mox
922 1017 1026 1043 etrteris

231 1072 289 1089 sese
313 1063 460 1090 admiscere
473 1072 525 1090 non
544 1064 694 1095 sustinens,
711 1071 803 1090 verum
828 1063 972 1089 ostendens
997 1070 1026 1089 se

231 1110 289 1136 .diis
311 1110 399 1136 acrius
421 1117 521 1141 amare,
539 1114 680 1144 postquam
705 1109 747 1136 his
772 1109 859 1135 verbis
883 1116 947 1135 usus
973 1113 1024 1141 est,

233 1155 407 1181 Ahtnulunlius
423 1156 447 1190 fe
461 1155 593 1182 tinnt‘imus
614 1163 644 1181 ac
659 1155 798 1188 cupivinms
811 1154 894 1181 venire
914 1154 946 1179 mi
972 1162 1024 1186 vos,

232 1210 245 1226 a
262 1201 371 1236 reliquis
388 1202 505 1236 seipsum
519 1201 686 1236 segregavit,
701 1201 843 1235 solumque
858 1208 887 1227 se
907 1204 1026 1227 statuens

233 1247 309 1280 dixit,
324 1247 378 1282 ligo
393 1248 491 1281 quidem
505 1247 603 1274 Paulus
614 1248 690 1274 semel
701 1252 723 1274 et
735 1247 823 1274 iterum
836 1255 845 1273 :
858 1246 918 1273 hinc
932 1246 1026 1273 videli-

232 1299 274 1320 μοι
289 1294 434 1321 ostendens
447 1303 475 1321 sc
488 1295 699 1327 vehementiore,
714 1302 793 1329 qualn
805 1294 870 1321 alios
883 1314 889 1326 ,
902 1293 989 1320 studio
1001 1293 1025 1319 in

232 1339 257 1365 id
272 1340 433 1366 incubuisse.
450 1340 556 1373 Postea,
571 1341 695 1375 quoniam
711 1339 735 1366 id
748 1340 857 1366 minime
870 1344 1027 1373 assequutus

231 1390 281 1417 est,
296 1386 379 1412 literis
392 1394 442 1413 non
458 1391 614 1419 contentus,
634 1387 735 1413 socium
747 1394 825 1414 suum
835 1386 1026 1419 Timotheum',

231 1432 275 1465 qui
289 1431 426 1458 literarum
447 1432 529 1458 instar
547 1432 596 1467 ipsi
609 1432 713 1460 futurus
727 1437 797 1459 esset
808 1454 815 1466 ,
830 1433 862 1459 ad
877 1437 1026 1460 extremum

231 1476 328 1508 mittit;
345 1482 453 1511 propter
463 1477 532 1512 quod
546 1478 653 1512 adjecit,
668 1478 731 1505 Ideo
741 1487 791 1505 non
800 1479 868 1505 ultra
878 1479 1028 1506 sustinentes

232 1521 270 1556 (1.
284 1521 370 1549 Thess.
389 1523 414 1550 3.
431 1522 465 1556 l).
481 1523 502 1550 0
513 1523 636 1550 dictionis
647 1524 811 1552 nobilitatem
825 1531 856 1552 ac
870 1524 932 1557 vim,
945 1524 1027 1559 ipsius

231 1567 379 1599 caritatem,
392 1575 451 1602 quae
466 1569 538 1595 nullo
548 1569 625 1596 freno
639 1570 755 1597 coerceri
766 1577 798 1597 ac
809 1570 915 1597 tolerari
927 1574 1026 1604 posset,

231 1615 506 1642 commonstrantem!
523 1615 556 1641 Et
584 1615 653 1641 sicut
676 1623 736 1642 cum
765 1615 824 1650 quis
842 1615 909 1650 ignis
933 1615 1029 1642 ardore

232 1658 382 1693 tlellagrans
394 1680 400 1691 ,
416 1664 494 1694 atque
508 1660 623 1687 incendii
638 1661 761 1687 solatium
780 1660 886 1696 aliquod
907 1661 1028 1689 invenire

232 1704 352 1738 studens,
374 1705 476 1732 nullttm
498 1713 550 1733 non
572 1706 685 1741 lapidem
707 1711 817 1734 movet:
834 1706 928 1734 eodem
948 1707 1028 1734 modo

233 1751 275 1778 hic
289 1759 405 1786 quoque,
421 1759 480 1779 etnn
497 1752 693 1785 incenderetur,
706 1752 906 1787 prtefoearetur,
921 1753 1027 1780 inflam-

233 1802 359 1830 maretnr,
372 1802 449 1832 prout
463 1797 559 1824 licebat
573 1802 599 1825 et
619 1798 675 1825 fieri
692 1803 804 1833 poterat,
819 1799 1027 1826 consolationem

230 1842 398 1876 excogitavit.
423 1842 483 1869 Non
496 1843 566 1869 enim
576 1844 633 1878 jam
653 1844 802 1871 sustinentes
814 1864 822 1877 ,
839 1843 940 1878 inquit,
955 1844 1027 1870 misi-

232 1895 286 1914 mus
300 1886 458 1914 Timotheum
469 1908 476 1921 ,
491 1888 614 1923 evangelii
627 1889 768 1915 ministrant
780 1910 788 1921 ,
809 1889 903 1915 socium
914 1894 937 1915 et
950 1890 1027 1924 adju-

231 1937 308 1958 Inrem
323 1937 435 1959 nostrum
445 1953 452 1964 ,
469 1941 500 1960 ac
515 1933 662 1960 membrum
678 1934 807 1968 inprimis
821 1934 1000 1962 necessarium
1013 1942 1027 1960 a

231 1982 324 2006 nostro
343 1983 414 2007 coetu
430 1980 590 2013 avellentes,
605 1987 636 2008 ac
648 1988 792 2008 maerorem
815 1988 930 2008 marrore
951 1988 1027 2008 com-

230 2027 373 2052 mulantcs.
394 2024 459 2051 Nam
485 2025 556 2059 quod
578 2033 611 2053 ne
636 2026 719 2060 ipsius
743 2026 849 2061 quidem
876 2027 1027 2054 absentiam

230 2070 308 2097 facile
327 2070 427 2103 ferret,
443 2078 536 2097 verum
560 2071 678 2105 ipsorum
693 2079 772 2099 causa
792 2072 859 2099 hanc
877 2073 1027 2100 molestiam

230 2117 388 2151 susciperet,
403 2117 454 2145 hoc
471 2124 578 2151 quoque
598 2117 684 2152 ipsum
707 2119 748 2145 his
770 2119 858 2147 verbis
877 2119 1002 2146 indicavit
1019 2128 1026 2146 :

229 2159 334 2188 Placuit
346 2161 416 2188 nobis
430 2169 533 2189 orauere
545 2162 615 2188 satis.
628 2163 650 2189 0
661 2163 777 2190 animum
791 2163 817 2190 in
830 2164 913 2198 ipsam
932 2165 1028 2192 carita-

229 2211 282 2234 tem
298 2212 428 2235 mutatum
442 2209 447 2236 l
463 2209 607 2245 Postquam
623 2209 693 2235 enim
709 2210 742 2237 ab
758 2218 809 2237 uno
830 2210 909 2238 fratre
924 2211 1026 2246 disiun-

228 2258 286 2282 ctus
297 2259 347 2289 est,
364 2255 450 2283 solum
461 2264 490 2284 se
501 2264 561 2284 esse
574 2259 619 2290 ait,
634 2256 712 2291 idque
723 2264 782 2284 cum
799 2261 837 2285 tot
852 2258 919 2285 alios
937 2266 1026 2285 secum

228 2298 350 2327 haberet.

243 2378 245 2380 τ
264 2346 401 2376 Patientia:
415 2357 518 2376 merces.
532 2349 637 2377 —llacc
652 2351 735 2385 igitur
748 2350 803 2384 ipsa
821 2358 926 2385 quoque
940 2355 1026 2378 tecum

229 2398 360 2428 perpetuo
375 2395 517 2428 meditare,
532 2402 558 2424 ct
569 2405 623 2432 quo
636 2405 667 2425 ea
683 2405 726 2425 res
737 2397 886 2425 cruciatum
907 2398 952 2425 tibi
968 2405 1026 2425 ma-

226 2440 313 2471 jorem
339 2440 427 2475 atl‘erl,
453 2450 486 2470 eo
509 2443 588 2470 etiam
603 2451 661 2471 eam
676 2465 683 2477 ,
699 2445 720 2471 si
743 2450 820 2479 grato
836 2444 926 2472 animo
943 2445 1025 2478 feras,

230 2485 359 2520 majorem
372 2487 487 2515 fructum
500 2489 640 2517 allaturam
655 2499 715 2518 esse
728 2491 862 2519 existima.
879 2490 936 2518 Non
955 2491 1026 2519 enim

228 2540 366 2567 corporea:
377 2534 515 2563 dumtaxat
529 2537 612 2572 plaga:
627 2537 717 2570 illanc,
734 2538 781 2566 sed
792 2539 872 2566 etiam
886 2538 1028 2566 animido-

229 2577 270 2604 lor
283 2578 356 2606 omni
372 2586 496 2608 sermone
511 2582 683 2611 sublimiores
694 2591 809 2611 coronas
819 2584 896 2613 aﬂ‘ert
905 2606 911 2618 ,
925 2588 954 2612 et
967 2584 1027 2618 qui-

228 2623 289 2651 dem
303 2623 385 2652 animi
398 2625 477 2653 dolor
490 2627 574 2662 magis
595 2636 674 2663 quam
688 2629 820 2663 corporis,
835 2637 895 2657 eum
911 2630 955 2665 qui
982 2627 1025 2657 fc-

230 2674 345 2702 rnnitur,
360 2678 422 2698 cum
446 2673 591 2706 gratiarum
606 2674 713 2702 actione
728 2674 826 2702 ferunt.
841 2675 1023 2709 Quemadmo-

228 2715 292 2742 dum
308 2716 387 2750 igitur
399 2717 421 2744 si
431 2724 546 2753 corpore
558 2719 674 2747 lacerata
687 2721 896 2756 verberibusque
904 2722 1022 2754 concisa,

229 2760 290 2788 forti
303 2768 335 2789 ac
344 2769 476 2797 generoso
486 2763 576 2791 animo
589 2764 615 2791 id
631 2764 724 2799 ferres,
739 2766 838 2802 Deique
849 2767 960 2802 gloriam
974 2767 1025 2795 hoc

226 2807 337 2836 nomine
351 2809 524 2843 pratdicares,
541 2809 675 2846 ingentem
692 2811 753 2840 hinc
764 2814 916 2842 mercedem
930 2822 1026 2842 conse-

257 2873 266 2888 ί
283 2871 394 2904 (.‘oislin.,
406 2878 478 2907 caput
489 2876 608 2901 sociorum
615 2883 713 2903 suorum
728 2879 879 2905 Timet/tcum.
891 2880 951 2906 Infra
961 2881 1024 2907 idem

232 2903 275 2929 bas
288 2910 369 2936 voces,
378 2908 407 2933 ad
423 2903 566 2939 canentum,
578 2908 676 2933 omittit.

1805 180 1849 206 57⁵3

1050 174 1207 201 AltillllEi’.
1231 175 1497 202 (IONSTANTIXOP.

1077 233 1199 266 quereris
1217 242 1222 259 :
1238 233 1333 260 eodem
1355 234 1435 261 tnodo
1446 254 1453 267 ,
1469 242 1529 261 cum
1546 234 1600 262 ha‘e
1620 236 1724 263 animus
1738 242 1792 264 tuus
1811 247 1851 273 pa-

1078 278 1167 311 tiatur,
1181 285 1275 313 magna
1289 278 1351 305 hinc
1365 279 1473 313 prtemia
1486 284 1620 315 exspecta.
1635 280 1775 315 Exspectcs
1786 284 1852 310 velim

1077 324 1156 350 etiam
1184 323 1241 351 fore
1267 324 1377 351 omnino
1391 344 1398 357 ,
1427 329 1457 353 ut
1478 332 1584 352 rursum
1603 333 1653 353 nos
1669 326 1766 359 videas,
1786 333 1855 362 atque

1078 369 1128 396 hoc
1147 369 1242 398 dolore
1270 370 1403 403 libereris,
1428 371 1599 407 amplumque
1620 372 1767 400 etnbercm
1788 374 1855 408 hujus

1077 415 1178 443 doloris
1187 421 1329 450 quaestum,
1341 421 1369 443 et
1380 417 1491 451 posthac
1502 422 1530 444 et
1540 425 1621 451 nunc,
1637 417 1856 453 pereipias.Atquc

1079 462 1136 488 lucc
1151 462 1197 489 tibi
1223 462 1256 489 ad
1281 463 1409 490 mmroris
1424 463 1545 491 levamen
1561 463 1716 492 sufficiunt:
1733 465 1783 492 imo
1800 473 1855 493 vero
1877 481 1881 498 χ

1078 515 1131 534 non
1148 508 1193 535 tibi
1218 504 1377 542 dumtaxat,
1394 516 1490 537 verum
1502 509 1584 537 etiam
1597 510 1701 543 cuivis,
1724 511 1857 546 quamlibet

1078 554 1178 588 alioqui
1194 555 1301 582 vecordi
1317 562 1349 583 ac
1366 563 1446 583 saxea
1458 560 1551 584 mente
1566 556 1690 591 prmdito.
1702 557 1785 585 Atubi
1795 561 1856 584 tanta

1079 600 1218 635 prudentia
1231 605 1273 628 est
1284 621 1292 635 ,
1310 606 1443 637 tantmque
1463 602 1570 638 pietatis
1587 602 1697 636 divitizr,
1713 607 1812 638 tamque
1821 610 1857 631 su-

1079 646 1169 674 blimis
1180 647 1359 682 pbilosnphia,
1372 653 1452 684 atque
1466 648 1574 676 animus
1593 656 1682 676 rerum
1693 649 1797 684 hujusce
1806 649 1857 677 vitae

1079 700 1203 727 pompam
1226 693 1405 728 proculeaus,
1432 694 1488 722 illic
1513 702 1621 730 quoque
1648 694 1749 722 facilior
1761 695 1856 723 curandi

1080 739 1165 766 morbi
1184 739 1252 766 ratio
1270 744 1321 766 est.
1335 739 1466 773 Quocirca
1485 740 1512 767 in
1532 739 1583 767 hoc
1596 748 1703 775 quoque
1719 745 1786 768 tuam
1805 748 1857 776 erga

1080 792 1128 811 nos
1141 785 1280 812 caritatem
1294 785 1417 819 ostende,
1430 785 1503 820 quod
1515 793 1649 820 magnam,
1663 786 1742 814 etiam
1753 787 1856 814 scriben-

1080 835 1128 863 tes,
1146 830 1215 865 apud
1228 835 1254 858 te
1266 831 1453 859 auctoritatem
1469 831 1655 865 obtineamus,
1678 839 1726 860 nec
1740 833 1856 860 minorem

1079 885 1158 912 quant
1180 878 1202 904 si
1228 882 1377 913 praisentes
1403 885 1535 906 essemus.
1550 878 1618 906 lllnd
1632 883 1721 906 autem
1736 879 1857 914 perspicue

1079 922 1288 956 demonstrabis,
1300 923 1322 950 si
1335 923 1427 950 literas
1442 928 1548 951 nostras
1559 924 1660 959 aliquid
1672 923 1811 959 profecisse
1823 923 1856 950 in-

1080 969 1241 1005 telligamus.
1259 977 1308 997 nec
1321 969 1420 1004 aliquid
1436 974 1553 1003 tantum,
1574 970 1622 997 sed
1647 975 1772 1005 quantum
1793 969 1856 1004 cupi-

1079 1023 1150 1042 mus.
1165 1014 1293 1050 Cupimus
1319 1023 1399 1050 porro
1414 1019 1438 1042 te
1455 1016 1481 1042 in
1494 1015 1588 1043 eadem
1603 1015 1685 1042 animi
1710 1016 1794 1042 lictitia
1804 1022 1856 1042 vcr-

1080 1060 1143 1093 sari,
1168 1060 1258 1095 inqua
1274 1065 1317 1093 te,
1341 1068 1401 1088 cum
1428 1061 1487 1088 istic
1514 1068 1655 1094 essemus,
1689 1061 1856 1088 cernebamus.

1079 1107 1155 1141 Quod
1168 1108 1190 1135 si
1208 1107 1277 1134 istud
1290 1107 1487 1142 intelligamus,
1499 1107 1568 1135 haud
1584 1115 1693 1142 parvam
1710 1115 1757 1134 nos
1768 1113 1857 1142 quoque

1080 1153 1234 1180 solitudinis
1248 1153 1337 1188 hujus,
1352 1153 1377 1180 in
1391 1161 1443 1189 qua
1460 1161 1531 1181 nunc
1545 1160 1651 1187 sumus,
1667 1152 1856 1180 consolationem

1080 1200 1227 1234 capiemus.
1241 1199 1331 1235 Itaque
1346 1199 1368 1226 si
1385 1199 1432 1226 tibi
1448 1206 1496 1226 nos
1506 1200 1531 1226 in
1546 1199 1642 1234 majori
1656 1197 1857 1233 animitranquil-

1080 1246 1155 1273 litate
1169 1246 1335 1273 constituere
1346 1245 1420 1273 cordi
1434 1250 1490 1278 est;
1506 1246 1563 1273 scio
1575 1250 1666 1274 autem
1683 1251 1708 1273 te
1723 1245 1747 1272 id
1762 1244 1821 1272 velle
1836 1249 1858 1271 et

1081 1299 1242 1327 magnopere
1269 1299 1364 1319 curare
1380 1301 1385 1318 :
1404 1291 1469 1319 illud
1490 1293 1530 1319 fac
1548 1292 1671 1320 sciamus
1683 1312 1691 1325 ,
1720 1297 1744 1319 tc
1767 1297 1856 1318 omnem

1080 1337 1204 1365 mceroris
1223 1337 1365 1365 colluviem
1387 1337 1436 1365 abs
1452 1342 1478 1365 te
1499 1337 1670 1365 submovisse
1682 1358 1690 1370 ,
1707 1342 1809 1371 tuasque
1822 1343 1857 1362 res

1082 1383 1225 1418 tranquillo
1239 1383 1265 1411 in
1280 1387 1350 1410 statu
1364 1390 1424 1410 esse
1438 1392 1445 1410 :
1461 1391 1491 1410 ac
1505 1376 1586 1411 nobis
1607 1383 1676 1411 hanc
1696 1386 1788 1410 nostra:
1807 1387 1856 1415 erga

1081 1434 1108 1458 te
1130 1428 1322 1457 benevolentiae
1344 1429 1497 1456 mercedem
1522 1428 1651 1463 repende.
1680 1427 1735 1455 Non
1759 1427 1822 1454 enim
1837 1429 1856 1452 te

1082 1475 1155 1510 fugit.
1172 1482 1225 1502 non
1243 1475 1350 1510 inquam
1373 1473 1493 1509 profecto
1516 1479 1541 1501 te
1567 1474 1645 1509 fugitI
1661 1470 1857 1509 quantopere,si

1082 1521 1132 1549 hoc
1147 1521 1313 1556 priestiteris,
1330 1520 1364 1548 de
1378 1528 1464 1555 eoque
1490 1528 1540 1547 nos
1564 1527 1613 1554 per
1636 1521 1726 1547 literas
1748 1518 1856 1547 certiores

1082 1565 1188 1598 feceris,
1205 1566 1322 1593 animum
1334 1569 1453 1593 nostrum
1466 1570 1620 1593 recreatum
1639 1565 1685 1593 sis.

1280 1634 1318 1660 Ad
1334 1634 1445 1660 eatndem
1462 1633 1534 1667 epist.
1556 1632 1604 1659 III
1631 1632 1681 1667 (α).

1118 1705 1143 1730 l.
1156 1704 1211 1731 Nec
1230 1711 1342 1739 corpora
1356 1711 1398 1737 ea,
1414 1711 1474 1738 qua:
1488 1710 1549 1730 cum
1562 1703 1637 1738 gravi
1650 1702 1724 1730 febre
1737 1701 1856 1729 colluctata

1082 1754 1153 1781 sunt,
1177 1754 1345 1777 contractum
1357 1757 1389 1777 ex
1411 1749 1487 1777 febre
1502 1748 1706 1779 detrimentum,
1721 1755 1767 1775 nec
1790 1746 1856 1774 maris

1081 1803 1157 1830 aqua:
1170 1816 1177 1828 ,
1194 1796 1290 1831 quibus
1302 1803 1362 1823 cum
1376 1796 1454 1824 srevis
1469 1796 1556 1823 ventis
1569 1799 1708 1822 certamen
1722 1794 1776 1826 fuit,
1791 1799 1839 1820 eam
1849 1811 1855 1823 ,

1081 1850 1160 1877 quam
1183 1841 1278 1869 fluctus
1305 1842 1467 1873 attulerunt.
1485 1845 1673 1876 tempestatem
1701 1838 1857 1871 subitodepo-

1081 1892 1158 1918 nunt,
1173 1895 1266 1914 verum
1277 1887 1375 1914 sensim
1390 1894 1422 1914 ae
1437 1886 1576 1921 paulatim.
1591 1885 1660 1913 Nam
1674 1889 1702 1913 et
1721 1882 1855 1918 corporibus

1082 1934 1202 1968 longiore
1226 1933 1354 1968 temporis
1376 1933 1464 1968 spatio
1477 1932 1509 1959 ad
1534 1932 1585 1959 hoc
1610 1940 1679 1967 opus
1691 1935 1747 1964 est,
1764 1935 1789 1957 ut
1809 1931 1856 1962 p051

1080 1980 1205 2014 depulsus
1220 1979 1306 2006 febres
1317 1979 1349 2006 ad
1362 1979 1493 2014 integram
1508 1978 1651 2006 sanitatem
1668 1977 1782 2008 redeant,
1795 1980 1855 2001 eam-

1081 2033 1132 2061 que
1148 2033 1226 2060 quam
1239 2026 1303 2061 ipsis
1315 2025 1424 2052 morbus
1439 2025 1568 2060 reliquam
1580 2023 1653 2057 fecit,
1668 2022 1854 2051 imbecillitatem

1081 2071 1296 2105 abstergant:ct
1317 2078 1402 2106 aqum,
1434 2070 1535 2098 sedatis
1560 2070 1643 2098 etiam
1665 2069 1759 2101 ventis,
1773 2065 1855 2094 diutius

1081 2116 1168 2144 adhuc
1181 2117 1314 2152 agitantur
1335 2121 1361 2144 et
1377 2117 1532 2150 incitantur,
1547 2124 1700 2152 magnoque
1715 2116 1805 2149 impetu
1824 2111 1855 2138 fe-

1080 2169 1176 2191 runtur
1186 2172 1217 2191 ac
1228 2165 1397 2199 reciprocant
1409 2185 1416 2196 ,
1433 2168 1513 2199 atque
1525 2163 1663 2198 aliquanto
1675 2167 1788 2196 tempore
1801 2156 1854 2185 indi—

1080 2214 1158 2245 gent,
1182 2214 1210 2237 ut
1233 2209 1266 2237 ad
1284 2210 1414 2244 integram
1430 2209 1651 2245 tranquillitatem
1675 2208 1788 2236 redeant.
1812 2203 1855 2230 "00

1081 2263 1161 2290 porro
1178 2255 1298 2291 pracludii
1314 2263 1412 2291 genere
1434 2263 1487 2283 non
1504 2259 1605 2283 temere
1621 2255 1654 2282 ad
1669 2259 1693 2282 te
1707 2261 1766 2281 usus
1787 2257 1850 2278 sinu:

1080 2311 1172 2331 verum
1189 2308 1218 2330 ut
1237 2303 1379 2338 intelligas,
1395 2312 1444 2331 nos
1467 2304 1628 2332 necessitate
1641 2303 1766 2331 adductos
1783 2303 1832 2324 esse
1845 2314 1851 2324 -

1080 2356 1108 2378 ut
1123 2351 1192 2378 hanc
1205 2351 1345 2386 epistolam
1360 2351 1393 2378 ad
1407 2355 1433 2378 te
1447 2351 1623 2377 mitteremus.
1641 2350 1704 2377 Nam
1726 2347 1770 2375 etsi
1792 2350 1847 2370 nne-

1082 2397 1152 2424 roris
1181 2397 1356 2432 tyrannidem
1390 2397 1572 2432 superioribus
1598 2397 1682 2423 literis
1701 2391 1851 2422 sustulimus.

1080 2442 1215 2478 ipsiusque
1229 2450 1318 2470 arcem
1347 2443 1490 2469 evertimus
1504 2451 1509 2469 :
1525 2447 1612 2469 tamen
1639 2439 1747 2477 orationi
1770 2437 1852 2460 "051""

1080 2488 1180 2523 ingenti
1195 2488 1282 2516 adhuc
1293 2488 1448 2515 assiduitate
1459 2496 1524 2522 opus
1531 2493 1582 2519 est,
1593 2493 1620 2513 ut
1635 2487 1709 2509 all-"NH
1722 2479 1764 2507 ιῖιιί
1776 2483 1851 2513 Ρπί“⁰¹¹¹

1082 2535 1217 2567 conciliet,
1233 2541 1264 2561 ac
1275 2533 1363 2561 deleta
1379 2534 1606 2568 pertm~baiimunn
1619 2528 1745 2558 omnium,
1823 2528 1849 2547 Η

1080 2580 1126 2608 illo
1150 2588 1249 2616 angore
1274 2581 1425 2609 ﬂuxerunt,
1442 2575 1588 2607 memoria,
1616 2574 1750 2602 candidam
1775 2570 1851 2615 tibi

1079 2631 1180 2652 certam
1198 2622 1415 2657 tranquillitatem
1431 2621 1562 2652 ostendat,
1578 2626 1656 2655 atque
1671 2620 1696 2646 in
1712 2619 1851 2651 magnaam-

1079 2671 1114 2697 mi
1127 2670 1264 2697 alacritate
1278 2674 1303 2696 te
1319 2668 1442 2694 coliocet.
1461 2667 1487 2694 ld
1504 2666 1573 2693 enim
1592 2674 1659 2693 nunc
1670 2672 1727 2700 ago,
1738 2666 1807 2696 atque
1830 2657 1848 2683 ill

1078 2723 1111 2744 eo
1125 2715 1245 2747 elaboro,
1264 2718 1291 2740 ut
1305 2721 1358 2740 non
1381 2712 1462 2740 modo
1482 2712 1587 2739 tristitia
1607 2716 1630 2738 te
1645 2707 1848 2739 liberetn,\‘er"l“

1076 2762 1158 2790 etiam
1174 2760 1274 2795 ingenti
1294 2768 1325 2787 ac
1341 2764 1466 2795 perpetua
1480 2759 1616 2793 voluptate
1630 2755 1787 2793 perfundam.
1803 2749 1847 2776 Ilot‘

1077 2809 1149 2836 enim
1167 2807 1223 2833 fieri
1249 2810 1356 2841 potest,
1372 2806 1394 2833 si
1409 2804 1515 2840 quidem
1533 2804 1610 2832 velis.
1626 2804 1680 2831 Non
1691 2801 1756 2829 enim
1770 2798 1792 2824 in
1806 2801 1845 2821 na-

1080 2860 1145 2882 tura:
1159 2852 1272 2889 legibus,
1283 2859 1350 2887 quas
1363 2851 1493 2879 revellere
1504 2854 1583 2886 atque
1595 2851 1733 2879 immutare
1740 2850 1788 2872 non
1796 2846 1843 2875 p05-

1113 2911 1149 2942 (a)
1165 2911 1256 2947 scripta
1266 2912 1366 2941 Cucuso,
1375 2913 1438 2933 anno
1447 2907 1501 2932 ιω.
