3906 6370
166 450 273 505 571

166 584 351 651 τέρως
400 582 532 655 γὰρ,
580 583 775 653 φησὶν,
816 582 1290 653 ἐσπουδάσαμεν
1323 583 1391 637 τὸ
1428 583 1757 651 πρόσωπον

165 670 336 741 ὑμῶν
367 669 540 726 ἱδεῖν.
572 669 784 740 Ὄψεως
824 665 919 724 οὖν
949 671 1101 743 ἐρᾷς,
1138 672 1259 724 εἰπέ
1311 688 1423 741 μοι,
1448 672 1543 724 καὶ
1583 687 1757 741 προσο

165 756 319 813 ὠπου
344 757 578 828 θεωρίας
613 758 940 828 ἐπιθυμεῖς;
993 760 1106 812 Καὶ
1146 758 1373 831 σφόδρα,
1407 758 1594 830 φησὶν,
1631 755 1761 811 ἔνθα

166 845 278 900 τῶν
320 844 692 916 αἰσθητηρίων
748 848 781 917 ή
828 848 1146 918 συναγωγή.
1196 844 1361 917 Ψυχὴ
1408 844 1519 918 γὰρ
1573 846 1757 916 γυμνὴ

167 933 291 988 καθ’
340 934 543 1004 ἑαυτὴν
582 934 746 1006 ἑτέρᾳ
785 933 931 1005 ψυχῇ
975 934 1376 1006 συγγενομένη,
1412 934 1539 988 οὐτε
1584 936 1758 988 εἰπεῖν

167 1039 246 1086 τι,
270 1019 388 1074 οὔτε
429 1020 663 1076 ἀκοῦσαι
699 1021 1021 1092 δυνήσεται·
1053 1022 1374 1094 σωματικῆς
1410 1022 1468 1076 δὲ
1506 1022 1574 1077 ἂν
1616 1022 1757 1077 ἀπο-

166 1109 348 1163 λαύσω
377 1109 708 1182 παρουσίας,
738 1110 835 1165 καὶ
874 1110 986 1181 ἐρῶ
1026 1126 1103 1176 τι,
1143 1111 1237 1167 καὶ
1264 1108 1573 1182 ἀκούσομαι
1607 1108 1759 1181 παρά

166 1198 277 1252 τῶν
316 1199 717 1271 ἀγαπωμένων,
754 1201 855 1253 Διά
893 1199 1053 1253 τοῦτο
1080 1200 1334 1269 ἐπιθυμῶ
1359 1200 1422 1253 τὺ
1465 1199 1758 1271 πρόσωπον

168 1287 322 1359 ὑμῶν
349 1288 511 1354 ίδεῖν,
568 1287 696 1341 ἔνθα
728 1287 823 1342 καὶ
867 1285 1089 1357 γλῶττά
1122 1287 1240 1342 ἐστι
1291 1287 1476 1360 φωνὴν
1506 1288 1754 1358 ἀφιεῖσα,

167 1376 265 1429 καὶ
297 1374 365 1429 τὰ
412 1375 562 1429 ἐνδον
609 1378 742 1447 ήμῖν
785 1375 941 1449 [551]
980 1376 1439 1446 ἀπαγγέλλουσα,
1485 1375 1582 1428 καὶ
1619 1374 1759 1446 ἀκοὴ

169 1465 388 1536 ῥήματα
429 1464 737 1536 δεχομένη,
788 1467 884 1519 καὶ
938 1464 1210 1537 ὀφθαλμοὶ
1250 1465 1528 1536 κινήματα
1578 1463 1759 1534 ψυχῆς

165 1552 705 1626 ὁιαζωγραφοῦντεςυ
754 1553 851 1607 κα)⁸
895 1551 1005 1625 γάρ
1046 1553 1148 1624 τῆς
1190 1552 1535 1624 ποθουμένης
1576 1552 1758 1623 ψυχῆς

166 1643 256 1697 διὰ
293 1644 499 1698 τούτων
539 1643 932 1716 ἀκριϐέστερον
962 1644 1061 1715 τῆς
1114 1643 1403 1698 συνουσίας
1439 1642 1584 1695 ἐστιν
1623 1643 1756 1695 ἀπο-

167 1730 385 1786 λαῦσαι.

240 1818 327 1889 ιγ’.
348 1819 463 1874 Καὶ
483 1820 570 1873 Wa
600 1819 778 1891 μάθῃς
809 1818 927 1882 πῶς
963 1819 1245 1873 ἐκκαίεται
1278 1820 1359 1882 εἰς
1390 1818 1488 1891 τὴν
1523 1817 1756 1889 Θεωρίαν

166 1908 401 1979 ταύτην,
442 1908 635 1974 εἰπὼν,
663 1907 1113 1977 Περισσοτέρως
1128 1907 1622 1985 ἐσπουδάσαμεν,
1657 1907 1756 1960 οὐκ

166 1996 409 2070 ἠρκέσθη
443 1998 511 2068 τῇ
541 1996 685 2061 λέξει
708 1994 904 2067 ταύτῃ,
936 1995 1053 2049 ἀλλ’
1081 1996 1381 2068 ἐπήγαγεν,
1418 1995 1522 2049 Ἐν
1550 1994 1758 2062 πολλῇ

165 2085 451 2155 ἐπιθυμίᾳ
477 2095 527 2136 ει.
564 2079 698 2138 Εἶτα
730 2084 831 2136 οὐκ
866 2083 1194 2154 ἀνεχόμενος
1236 2082 1430 2136 ἐαυτὸν
1466 2082 1605 2154 μετά
1647 2081 1757 2135 τῶν

166 2173 342 2229 ἄλλων
379 2171 747 2243 ἐγκαταμίξαι
771 2212 785 2235 ,
822 2169 961 2225 ἀλλά
987 2171 1237 2235 δεικνὺς,
1281 2172 1363 2226 ὅτι
1400 2170 1758 2242 σφοδρότερον

164 2259 273 2316 τῶν
293 2260 475 2315 ἄλλων
503 2259 666 2329 φιλεῖ,
703 2259 896 2324 εἰπὼν,
921 2258 1005 2313 ὅτι
1050 2257 1500 2328 Περισσοτέρως
1533 2258 1758 2312 ἐσπου-

166 2348 476 2419 δάσαμεν,
526 2347 627 2402 καί
672 2346 1062 2416 ἠθελήσαμεν
1112 2346 1317 2402 ἐλθεῖν
1376 2344 1528 2415 πρὸς
1560 2345 1755 2416 ὑμᾶς,

164 2438 480 2509 ἀπέρρηξεν
523 2437 717 2490 ἐαυτὸν
764 2433 873 2488 τῶν
910 2433 1114 2488 λοιπῶν
1138 2475 1153 2500 ,
1187 2435 1282 2487 καὶ
1326 2434 1488 2505 μόνον
1526 2435 1755 2505 στήσας,

164 2527 482 2598 ἐπήγαγεν·
528 2523 669 2594 Ἐγὼ
704 2523 822 2593 μὲν
866 2523 1110 2590 Παῦλος
1144 2522 1243 2576 καὶ
1282 2522 1445 2589 ἅπαξ
1486 2522 1584 2577 καὶ
1641 2521 1757 2588 δὶς,

163 2614 380 2678 δεικνὺς
401 2613 485 2667 ὅτι
516 2612 678 2666 πλέον
703 2611 814 2668 τῶν
837 2611 1013 2666 ἄλλων
1036 2610 1389 2676 ἐσπούδαζεν.
1412 2606 1545 2664 Εἶτα
1568 2610 1757 2683 ἐπειδὴ

164 2700 265 2753 οὐκ
294 2700 529 2770 ἐπέτυχε
561 2697 751 2753 τούτου
771 2739 787 2763 ,
818 2698 920 2753 οὐκ
952 2702 1203 2772 ἀρκείιαι
1242 2700 1358 2761 τοῖς
1401 2699 1755 2769 γράμμασιν,

165 2786 304 2842 ἀλλά
328 2791 539 2858 πέμπει
560 2786 621 2840 τὸ
643 2786 959 2856 κεφάλαιον,
986 2786 1078 2840 τὸν
1130 2787 1229 2840 σὺν
1249 2784 1398 2855 αὐτῷ
1418 2786 1446 2826 δ
1471 2786 1755 2856 Τιμόθεον,

164 2876 257 2930 τὸν
285 2878 413 2931 ἀντὶ
441 2876 790 2948 γραμμάτων
825 2876 1084 2947 ἐσόμενον
1117 2875 1270 2947 αὐτῷ
1292 2891 1305 2903 ·
1332 2875 1413 2928 διὸ
1443 2876 1536 2929 καὶ
1560 2875 1759 2943 ἐπάγει

165 2964 342 3034 λέγων
361 2982 377 2996 '
416 2965 515 3018 Διὸ
542 2965 759 3034 μηκέτι
785 2965 1129 3034 στέγοντες.
1146 2965 1209 3016 Ὦ
1247 2964 1410 3017 πάλιν
1437 2963 1633 3029 λέξεως
1665 2964 1759 3017 εὐ-

166 3054 387 3122 γένειαι
435 3052 481 3105 ῶ
518 3054 730 3125 ῥήσεως
785 3052 1046 3123 δύναμις,
1107 3052 1206 3122 τὴν
1245 3051 1552 3106 ἀκάθεκτον
1592 3051 1758 3105 αὐτοῦ

166 3142 260 3194 καλ⁵
304 3141 685 3212 ἀκαρτέρητον
724 3141 948 3211 ἀγάπην
1003 3140 1255 3213 δηλοῦσαί
1311 3142 1422 3195 Καὶ
1464 3141 1540 3205 ὡς
1578 3141 1644 3194 ἄν
1676 3156 1761 3203 τις

166 3231 629 3302 ἐμπυριζόμενος,
678 3233 770 3283 καὶ
809 3230 988 3302 ζητῶν
1017 3242 1038 3269 ε
1070 3230 1164 3285 τοῦ
1198 3230 1547 3302 ἐμπυρισμοῦ
1580 3247 1759 3302 παρα-

167 3318 373 3387 μυθίαν
418 3317 538 3371 τινὰ
597 3318 811 3388 εὑρεῖν,
854 3322 1250 3373 πάντανκινεῖο
1301 3319 1443 3373 οὐτω
1489 3319 1556 3390 δή
1606 3314 1762 3381 οὗτος

165 3408 565 3479 ἀναπτόμενος,
599 3407 921 3479 ἀγχόμενος,
962 3396 1273 3481 καιόμενος,
1312 3409 1456 3463 κατά
1487 3410 1547 3462 τὸ
1586 3409 1761 3479 ἐγχω-

166 3496 300 3568 ροῦν
348 3496 447 3567 τὴν
499 3496 729 3567 δυνατὴν
782 3496 1048 3568 ἐπενόησε
1102 3497 1483 3568 παραμυθίαν.
1532 3496 1761 3564 Μηκέτι

164 3586 277 3658 γάρ
316 3584 659 3654 στέγοντες,
707 3587 894 3656 φησὶν,
945 3584 1300 3656 ἐπέμψαμεν
1337 3586 1614 3654 Τιμόθεον
1657 3586 1764 3639 τὸν

163 3679 460 3735 διάκονον
502 3680 606 3735 τοῦ
641 3682 1044 3751 Εὐαγγελίου,
1093 3680 1191 3735 καὶ
1235 3680 1536 3749 συνεργὸν
1570 3678 1761 3750 ἡμῶν,

164 3772 228 3829 τὸ
255 3774 691 3842 ἀναγκαιότατον
716 3774 877 3845 μέλος
896 3775 1297 3839 διασπάσαντες
1327 3775 1484 3846 ήμῶν
1509 3774 1610 3846 τῆς
1639 3792 1765 3829 συν-

163 3865 385 3929 ουσίας,
417 3866 511 3920 καὶ
538 3865 715 3937 λύπην
749 3866 1112 3938 ἀλλαξάμενοι
1143 3865 1344 3937 λύπης.
1365 3866 1487 3919 Ὅτι
1511 3866 1620 3938 γὰρ
1645 3866 1765 3919 οὐδὲ

167 3958 387 4014 ἐκείνου
426 3958 693 4012 ἀπουσίαν
726 3958 964 4023 εὐκόλως
994 3959 1209 4031 ἔφερεν,
1242 3958 1378 4012 ἀλλά
1417 3958 1508 4012 διά
1542 3957 1766 4021 τούτους

166 4050 349 4105 εἵλετο
376 4049 438 4103 τδ
469 4049 774 4122 βαρύτατον
807 4051 987 4116 τοῦτο,
1019 4052 1115 4105 καὶ
1144 4050 1305 4105 τοῦτο
1336 4052 1466 4105 αὐτὸ
1496 4050 1766 4121 ἐδήλωσεν

167 4141 367 4200 εἰπών’
394 4143 837 4213 Ηύδοκήσαμεν
857 4143 1332 4213 καταλειφθῆναι
1359 4145 1558 4213 μόνοι.
1578 4144 1642 4196 Ὢ
1664 4142 1767 4213 ψυ-

170 4237 275 4308 χῆς
310 4235 448 4307 μετὰ
481 4236 765 4309 ἀκριὸείας
796 4238 931 4309 πρὸς
955 4239 1127 4310 αὐτὴν
1159 4238 1487 4309 ποιωθείσης
1509 4238 1607 4309 τὴν
1628 4236 1767 4306 ἀγά-

173 4329 320 4399 πηνε
360 4328 580 4399 Ἐπειδὴ
606 4326 716 4401 γάρ
750 4328 980 4398 ἀδελφοῦ
1021 4331 1293 4402 ἐχωρίσθη
1329 4331 1480 4395 ἐνὸς,
1520 4330 1769 4402 μεμονῶ-

173 4420 304 4475 σθαί
325 4438 483 4492 φησι,
515 4422 801 4477 καὶταῦτα
820 4422 1108 4488 τοσούτους
1132 4424 1270 4495 ἔχων
1305 4424 1423 4495 μεθ’
1452 4424 1670 4480 ἐαυτοῦ.

242 4514 437 4569 Ταῦτα
474 4512 539 4586 δὴ
578 4513 818 4585 συνεχῶς
848 4512 1044 4585 μελέτα
1078 4513 1173 4569 καὶ
1209 4515 1367 4587 αὐτὴ,
1398 4516 1494 4569 καὶ
1528 4517 1639 4587 ὅσῳ
1686 4534 1769 4571 σοι

171 4603 235 4659 τὸ
274 4608 508 4676 πρᾶγμα
535 4608 813 4679 ὀδυνηρὸν,
849 4605 1090 4677 τοσούτῳ
1142 4606 1580 4680 κερδαλεώτερον
1625 4605 1771 4664 εἶναι

175 4694 368 4767 νόμιζε
403 4697 735 4767 εὐχαρίστως
759 4696 1018 4769 φερούσῃ.
1052 4697 1126 4751 Οὐ
1152 4696 1261 4769 γὰρ
1290 4698 1354 4770 δή
1382 4697 1544 4769 μόνον
1579 4717 1773 4770 σωμα-

176 4786 328 4838 τικαὶ
381 4786 588 4858 πληγαὶ
638 4787 1004 4860 ἐπαγόμεναι,
1045 4788 1182 4841 ἀλλά
1229 4789 1322 4841 καὶ
1369 4787 1548 4859 ψυχῆς
1609 4789 1770 4864 ὀδύνη

178 4876 425 4946 ἀφάτους
485 4880 640 4951 φέρει
689 4880 816 4944 τοὺς
856 4879 1156 4949 στεφάνους
1180 4921 1195 4948 ,
1244 4880 1339 4935 καὶ
1379 4881 1561 4952 ψυχῆς
1602 4881 1772 4954 ὀδύνη

184 4965 389 5036 μᾶλλον
428 4964 461 5036 ἢ
501 4967 787 5035 σώματος,
841 4970 970 5023 ὅταν
1015 4970 1065 5023 οί
1109 4969 1476 5042 πληττόμενοι
1528 4972 1773 5044 φέρωσιν

179 5056 544 5130 εὐχαρίστως.
581 5054 789 5128 Ὠσπερ
822 5057 915 5114 οὖν
953 5061 1002 5114 εί
1046 5060 1485 5135 καταξαινομένη
1512 5064 1573 5116 τὸ
1609 5065 1769 5137 σῶμα

182 5150 278 5204 καὶ
307 5148 742 5221 μαστιγουμένη,
772 5154 1033 5217 γενναίως
1066 5153 1277 5226 ἔφερες,
1325 5157 1414 5209 τὸν
1443 5157 1575 5211 Θεὸν
1624 5158 1768 5229 ὑπὲρ

181 5241 393 5295 τούτων
420 5238 737 5306 δοξάζουσα,
761 5238 963 5309 πολλὴν
984 5238 1049 5293 ἂν
1076 5243 1346 5307 ἀπέλαϐες
1373 5246 1470 5317 τὴν
1494 5248 1731 5320 ἀμοιϐήν
1755 5265 1769 5280 ·

183 5333 327 5388 οὕτω
356 5328 536 5405 ψυχῆς
578 5332 752 5388 ταῦτα
799 5331 1116 5405 πασχούσης
1143 5334 1239 5389 νῦν
1279 5337 1479 5403 πολλὰς
1525 5341 1770 5413 ἀνάμενε

179 5426 282 5489 τὰς
317 5425 639 5489 ἀντιδόσεις.
686 5425 971 5497 Προσδόκα
1018 5426 1075 5479 δέ
1115 5428 1211 5481 καὶ
1261 5429 1322 5483 τὸ
1356 5432 1575 5498 πάντως
1622 5437 1773 5507 ήμᾶς

255 5588 282 5658 ᾗ
312 5586 373 5658 In.
397 5585 570 5658 (Ξῖ-τιαρο
604 5585 743 5658 Νρνὶ.
772 5585 1078 5658 Τοςιέιῃοηιὶ
1125 5593 1263 5658 ιρ-τιιι
1306 5591 1490 5658 legitur
1530 5595 1578 5658 ἐν
1619 5597 1771 5658 πολλῇ

185 5648 427 5710 unum,
450 5656 600 5712 atque
640 5650 707 5696 ila
733 5649 857 5707 legit
887 5650 1073 5712 ﬂillius,
1099 5658 1154 5697 ιιι
1174 5648 1421 5712 Ιίηυοι,’ρι
1454 5657 1526 5702 sic
1557 5648 1773 5707 habebai

184 5709 338 5786 clude}
371 5711 703 5758 l’erronianus
731 5718 860 5758 teste
888 5709 1132 5761 Frontone
1156 5709 1356 5761 Du'caeo.
1378 5713 1513 5764 Edit.
1540 5718 1588 5765 ἐν
1616 5720 1769 5781 πολλῇ

287 5789 379 5820 ua.

184 5772 501 5897 “Tedium.
526 5834 583 5881 τὸ
606 5832 861 5897 κεφάλαιον
879 5835 975 5897 τῶν
998 5835 1083 5883 σὺν
1105 5836 1256 5897 αὐτῷ,
1287 5848 1385 5883 non
1410 5839 1557 5887 male.

250 5894 272 5923 ε
308 5896 410 5945 Alii
431 5895 796 5960 ἑμπυριζόμενος
816 5896 879 5950 ὡς
899 5896 954 5942 ἄν
974 5913 1043 5951 τις
1065 5894 1330 5960 καιόμενος,
1355 5900 1434 5947 καὶ
1457 5902 1623 5959 ζητῶν.

1622 444 2009 504 EPiSTOLE.

3354 448 3461 510 572

1866 565 2092 636 ὄψεσθαι
2118 564 2300 633 πάλιν,
2338 567 2430 620 καὶ
2460 569 2557 639 τῆς
2588 567 2782 639 ὀδύνης
2810 568 3300 642 ἀπαλλαγήσεσθαι
3331 572 3467 628 ταῦ*

1865 685 1994 739 της,
2037 668 2132 722 καὶ
2178 667 2275 739 τὴν
2330 669 2393 721 ἐκ
2446 668 2543 740 τῆς
2580 668 2775 741 ὀδύνης
2834 671 3138 743 γενομένην
3188 671 3465 745 ἐμπορίαν

1865 769 2066 841 πολλὴν
2087 769 2487 840 ἀπολήψεσθαι,
2518 770 2615 824 καὶ
2637 770 2782 838 τότε,
2810 771 2903 825 καὶ
2928 771 3043 827 νῦν.
3082 773 3269 845 Ἀρκεῖ
3287 774 3469 839 ταῦτά

1866 888 1948 924 σοι
1981 871 2119 944 πρὸς
2165 871 2525 944 παραμυθίαν
2551 912 2568 934 .
2606 873 2807 946 μᾶλλον
2854 874 2911 928 δὲ
2961 875 3085 946 οὐχὶ
3133 873 3219 929 σοὶ
3270 876 3456 947 μόνον,

1863 969 1996 1025 ἀλλὰ
2026 972 2122 1025 καὶ
2171 973 2225 1026 εἴ
2275 988 2359 1037 τις
2413 973 2645 1045 ἀνόητος
2673 973 2783 1045 είη,
2844 975 2938 1029 καὶ
2988 974 3321 1041 αὐτολίθινος
3361 974 3462 1049 τὴν

1860 1071 2057 1143 ψυχήν.
2088 1072 2264 1126 Ὅπου
2306 1072 2363 1126 δὲ
2400 1073 2614 1139 σύνεσις
2656 1073 2809 1147 [552]
2858 1075 3121 1146 τοσαύτη,
3168 1076 3263 1129 καὶ
3296 1075 3460 1130 εὐλα-

1863 1171 2013 1236 ϐείας
2055 1173 2285 1239 πλοῦτος
2329 1175 2424 1230 καὶ
2473 1175 2793 1247 φιλοσοφίας
2837 1176 3002 1248 ὕψος,
3037 1178 3133 1232 καὶ
3173 1177 3316 1250 ψυχὴ
3348 1178 3464 1235 τῶν

1863 1271 2136 1342 βιωτικῶν
2165 1273 2265 1343 τὴν
2311 1276 2617 1345 φαντασίαν
2651 1280 3136 1349 καταπατήσασα,
3181 1277 3381 1333 πλείων
3424 1281 3460 1348 ἡ

1863 1376 2083 1430 εὐκολία
2133 1378 2235 1449 τῆς
2266 1377 2587 1451 θεραπείας.
2636 1380 2821 1446 Δεῖξον
2866 1380 2931 1453 δὴ
2989 1382 3093 1436 κάν
3146 1382 3322 1453 τούτῳ
3358 1382 3462 1453 τὴν

1862 1478 2083 1549 ἀγάπην
2112 1480 2210 1551 τὴν
2245 1481 2376 1552 περὶ
2422 1483 2587 1554 ἡμᾶς,
2623 1483 2705 1537 ὅτι
2740 1484 2836 1536 καὶ
2871 1482 3115 1554 μεγάλην
3151 1484 3460 1555 γράφοντες

1861 1579 2058 1651 ἔχομεν
2095 1581 2248 1654 παρά
2277 1584 2360 1637 σοὶ
2395 1583 2648 1655 δύναμιν,
2692 1587 2786 1640 καὶ
2814 1585 3109 1659 τοσαύτην,
3152 1586 3285 1658 ὅσην
3321 1604 3461 1660 παρ-

1860 1683 2033 1747 όντες.
2061 1682 2265 1748 Δείξεις
2296 1683 2354 1738 δὲ
2378 1685 2591 1755 σαφῶς,
2622 1686 2688 1741 ἀν
2714 1686 3001 1759 μάθωμεν,
3032 1689 3116 1742 ὅτι
3148 1706 3231 1742 σοι
3262 1687 3457 1757 γέγονέ

1859 1801 1912 1835 τι
1941 1784 2102 1839 πλέον
2122 1786 2230 1840 ἀπὸ
2260 1785 2368 1841 τῶν
2391 1790 2741 1861 γραμμάτων
2769 1790 2879 1845 τῶν
2904 1791 3192 1862 ἡμετέρων
3214 1807 3228 1820 ·
3256 1789 3461 1861 μᾶλλον

1858 1872 1918 1926 δὲ
1942 1874 2066 1944 οὐχὶ
2106 1875 2271 1929 πλέον
2322 1876 2503 1947 μόνον,
2559 1878 2696 1932 ἀλλά
2749 1880 2842 1933 καὶ
2874 1879 3153 1945 τοσοῦτον,
3186 1880 3310 1934 ὅσον
3336 1880 3459 1933 ἐπι-

1862 1974 2164 2049 θυμοῦμεν.
2210 1976 2623 2050 Ἐπιθυμοῦμεν
2655 1978 2712 2032 δέ
2745 1981 2803 2032 ἐν
2849 1981 2918 2051 τῇ
2970 1982 3110 2051 αὐτῇ
3146 1980 3457 2052 εὐφροσύνῃ

1860 2079 2000 2135 εἷναί
2028 2098 2087 2134 σε
2112 2081 2230 2146 νῦν,
2254 2083 2310 2135 ἐν
2400 2082 2494 2137 καὶ
2517 2081 2706 2136 αὐτόθι
2731 2082 3100 2155 διατρίϐοντες
3128 2082 3457 2154 ἐϐλέπομεν.

1860 2182 1981 2237 Κάν
2008 2181 2166 2237 τοῦτο
2201 2181 2484 2255 μάθωμεν,
2529 2185 2590 2237 οὐ
2629 2183 2835 2256 μικρὰν
2868 2186 2963 2239 καὶ
3004 2185 3160 2240 αὐτοὶ
3192 2184 3293 2256 τῆς
3324 2186 3457 2256 ἐρης

1863 2285 2013 2355 μίας,
2028 2286 2086 2338 ἐν
2165 2282 2262 2341 νῦν
2289 2287 2479 2358 ἐσμεν,
2511 2286 2929 2358 καρπωσόμεθα
2956 2286 3059 2359 τὴν
3082 2285 3452 2357 παράκλησιν.

1863 2385 2029 2439 Ὥστε
2080 2387 2129 2439 εί
2190 2384 2365 2456 βούλει
2419 2387 2515 2440 καὶ
2548 2387 2698 2458 ἡμᾶς
2733 2389 2792 2441 ἐν
2843 2386 3081 2460 εὐθυμία
3115 2388 3457 2458 καταστῆσαι

1863 2485 2070 2540 πλείονι
2099 2482 2247 2558 (οἴδα
2270 2486 2326 2539 δὲ
2361 2487 2442 2540 ὅτι
2470 2487 2669 2558 βούλει,
2702 2487 2797 2541 καὶ
2826 2487 3029 2560 σφόδρα
3056 2484 3454 2558 ἐσπούδακας),

1861 2588 2104 2660 δήλωσον
2132 2591 2215 2643 ὃτι
2247 2589 2424 2643 πάντα
2449 2591 2550 2661 τῆς
2581 2589 2819 2661 ἀθυμίας
2843 2590 3136 2662 ἀπήλασας
3166 2590 3259 2643 τὸν
3291 2607 3459 2662 φορυ-

1860 2690 1973 2755 τόν,
2004 2690 2096 2743 καὶ
2133 2691 2192 2743 ἐν
2226 2691 2437 2763 γαλήνῃ
2471 2691 2540 2744 τὰ
2581 2690 2671 2757 σά,
2705 2692 2801 2744 καὶ
2828 2691 2916 2754 δὸς
2946 2692 3076 2762 ήμίν
3109 2690 3319 2761 ταύτην
3357 2690 3457 2761 τῆς

1864 2791 1991 2861 περὶ
2050 2790 2110 2842 σὲ
2151 2791 2366 2854 εὐνοίας
2407 2792 2500 2844 καὶ
2535 2792 2759 2862 ἀγάπης
2804 2792 3065 2862 ἀμοιϐήν.
3104 2788 3278 2844 Οἶσθα
3322 2791 3454 2862 γάρ,

1859 2887 2017 2945 οἶσθα
2064 2891 2282 2960 σαφῶς,
2342 2892 2493 2955 ὅπως
2526 2893 2675 2962 ἡμᾶς
2720 2893 3004 2967 ἀνακτήσῃ
3056 2893 3456 2965 κατορθώσασα

1860 2991 2038 3057 τοῦτο,
2076 2993 2168 3044 καὶ
2198 2992 2333 3063 μετά
2364 2992 2623 3063 ἀληθείας
2668 2992 2960 3064 δηλώσασα
2986 2993 3074 3047 διὰ
3108 2993 3456 3066 γραμμάτων

1860 3090 2013 3160 ήμῖν.

2173 3199 2331 3267 Πρὸς
2365 3199 2479 3267 τὴν
2507 3199 2704 3268 αὐτὴν
2732 3200 3028 3269 ἐπιστολὴ
3058 3205 3139 3270 γ’.

1933 3318 2001 3366 α’.
2018 3313 2129 3367 Καὶ
2142 3312 2213 3367 τά
2229 3313 2455 3384 σώματα
2472 3313 2540 3368 τὰ
2558 3313 2806 3385 σφοδροῖς
2823 3314 3162 3368 παλαίσαντα
3181 3317 3462 3384 πυρετοῖς,

1864 3410 1961 3465 καὶ
1992 3411 2061 3464 τά
2093 3411 2303 3482 πελάγη
2349 3411 2419 3464 τά
2460 3412 2676 3484 ἀγρίοις
2708 3411 3092 3465 πυκτεύσαντα
3122 3410 3462 3482 πνεύμασιν,

1865 3509 1965 3563 οὐκ
1984 3508 2187 3580 ἀθρόαν
2213 3507 2340 3561 οὐτε
2363 3509 2546 3562 ἐκεῖνα
2566 3508 2664 3580 τὴν
2683 3508 2790 3562 ἀπὸ
2818 3508 2925 3562 τῶν
2951 3508 3203 3580 πυρετῶν
3226 3508 3462 3580 βλάϐην,

1868 3603 1992 3657 οὐτε
2015 3602 2185 3657 ταῦτα
2204 3602 2303 3675 τὴν
2329 3603 2438 3657 ἀπὸ
2469 3604 2577 3657 τῶν
2605 3604 2864 3675 κυμάτων
2890 3605 3242 3659 ἀποτίθενται
3265 3603 3460 3675 ζάλην,

1865 3701 1979 3755 ἀλλ’
2029 3701 2212 3773 ἡρέμα
2259 3702 2356 3755 καὶ
2411 3700 2555 3755 κατά
2587 3701 2802 3771 μικρόν.
2833 3702 2943 3755 Καὶ
2986 3701 3095 3773 γάρ
3126 3702 3196 3755 τά
3227 3701 3458 3772 σώματα

1866 3798 2110 3862 πλείονος
2146 3798 2316 3851 δεῖται
2350 3798 2568 3868 χρόνου,
2606 3797 2747 3850 ὥστε
2779 3796 2918 3868 μετὰ
2946 3797 3043 3870 τήν
3071 3798 3180 3851 τῶν
3204 3798 3466 3860 πυρετῶν

1866 3895 2188 3967 ἀπαλλαγὴν
2214 3898 2294 3959 είς
2317 3895 2565 3969 καθαρὰν
2589 3893 2908 3948 ἐπανελθεῖν
2939 3895 3168 3964 ὑγίειαν,
3195 3895 3288 3949 καὶ
3317 3894 3458 3949 ἀπο·

1866 3993 2123 4063 νίψασθαι
2151 3993 2242 4046 τὸν
2268 3992 2376 4047 ἀπὸ
2401 3993 2499 4063 τῆς
2535 3992 2849 4063 ἀρρωστίας
2888 3991 3325 4063 ἐναπομείναντα
3360 3992 3459 4045 αὐ-

1866 4095 1978 4156 τοῖς
2016 4090 2391 4163 μαλακισμόν·
2427 4091 2497 4142 τά
2538 4090 2596 4143 δέ
2628 4089 2817 4155 ὐδατα,
2854 4089 3086 4144 καὶτῶν
3128 4090 3457 4161 πνευμάτων

1871 4189 2260 4260 παυσαμένων,
2286 4188 2517 4241 ἐπιπολὺ
2544 4186 2887 4258 σαλευόμενα
2912 4187 3008 4242 καὶ
3036 4186 3332 4259 κινούμενα
3364 4187 3463 4258 μέν

1868 4304 1984 4352 νει,
2021 4285 2299 4359 φερόμενά
2346 4302 2407 4338 τε
2454 4286 2551 4339 καὶ
2600 4284 2768 4356 πολλῇ
2822 4285 2986 4341 πάλιν
3037 4285 3354 4357 ἐπαγόμενα
3390 4287 3458 4357 τῇ

1872 4383 2040 4456 ῥύμῃ,
2066 4383 2159 4437 καὶ
2186 4383 2358 4436 δεῖται
2386 4384 2480 4436 καὶ
2512 4381 2653 4435 αὐτά
2680 4382 2896 4453 χρόνου,
2925 4380 3067 4434 ὥστε
3100 4380 3179 4444 εἰς
3214 4380 3460 4453 καθαρὰν

1870 4479 2184 4534 ἐπανελθεῖν
2210 4478 2472 4550 γαλήνην.
2506 4476 2694 4532 Ταῦτα
2738 4478 2796 4530 δέ
2830 4495 2920 4548 μοι
2955 4476 3170 4550 εἴρηται
3200 4475 3461 4549 προοίμια

1874 4578 2011 4650 πρὸς
2036 4577 2136 4652 τὴν
2170 4576 2269 4649 σὴν
2297 4576 2586 4629 εὐλάϐειαν
2613 4575 2713 4646 οὐχ
2748 4575 2955 4641 ἁπλῶς,
2982 4574 3099 4627 ἀλλ’
3124 4574 3211 4628 ἵνα
3254 4574 3458 4647 μάθῃς,

1871 4677 1954 4730 ὅτι
1980 4676 2072 4730 καὶ
2097 4674 2301 4747 ταύτην
2323 4672 2638 4742 ἀναγκαίως
2671 4689 2753 4726 σοι
2792 4671 3085 4743 πέμπομεν
3116 4672 3217 4744 τὴν
3247 4672 3463 4726 ἐπιστο-

1873 4774 1991 4845 λήν.
2008 4773 2073 4827 Et
2098 4776 2209 4843 γὰρ
2228 4771 2322 4824 καὶ
2349 4769 2446 4840 τὴν
2475 4767 2767 4841 τυραννίδα
2796 4768 3176 4840 κατελύσαμεν
3208 4768 3309 4839 τῆς
3331 4767 3464 4822 ἀθυ-

1878 4874 2027 4945 μίας,
2063 4872 2159 4927 καὶ
2192 4871 2291 4942 τὴν
2327 4868 2624 4941 ἀκρόπολιν
2665 4868 2868 4939 ταύτης
2904 4867 3331 4939 κατεσκάψαμεν
3373 4866 3467 4923 διὰ

1875 4971 1984 5024 τῶν
2020 4967 2328 5040 ἔμπροσθεν
2361 4967 2740 5038 γραμμάτων·
2775 4965 2891 5019 ἀλλ’
2921 4966 3070 5037 ὅμως
3107 4965 3312 5035 πολλῆς
3345 4966 3464 5019 ἐστι

1877 5067 2036 5139 χρεία
2068 5066 2145 5137 τῷ
2172 5066 2318 5137 λόγῳ
2366 5066 2467 5135 τῆς
2492 5063 2838 5135 προσεδρίας,
2880 5064 2969 5117 ἵνα
2997 5079 3079 5117 σοι
3109 5063 3204 5118 καὶ⁸
3240 5061 3465 5134 βαθεῖαν

1878 5165 2179 5237 ἐργάσηται
2200 5162 2298 5233 τὴν
2336 5162 2576 5232 εἰρήνην,
2599 5161 2691 5214 καὶ
2723 5160 2821 5231 τὴν
2856 5162 3077 5232 μνήμην
3111 5160 3328 5215 πάντων
3355 5159 3466 5213 τῶν

1878 5260 1938 5326 ἐξ
1969 5259 2184 5330 ἐκείνης
2212 5258 2517 5328 γενομένων
2552 5255 2883 5327 ἐξαλείψασα
2905 5254 2931 5295 ά
2962 5256 3229 5328 θορύϐων,
3262 5254 3464 5327 λευκήν

1880 5375 1962 5411 σοι
1987 5359 2083 5411 καὶ
2108 5356 2314 5426 παγίαν
2336 5356 2483 5427 δείξῃ
2518 5356 2782 5428 γαλήνην,
2804 5359 2897 5411 καὶ
2931 5359 2989 5409 ἐν
3012 5356 3182 5429 πολλῇ
3209 5373 3269 5409 σε
3294 5370 3466 5410 κατα-

1881 5456 2055 5527 στήσῃ
2093 5456 2159 5525 τῇ
2200 5454 2455 5525 εὐθυμία.
2489 5454 2660 5507 Τοῦτο
2688 5455 2796 5526 γὰρ
2828 5457 2959 5527 ήμῖν
2993 5456 3054 5509 τὸ
3102 5452 3467 5523 σπουδαζόμε-

1879 5571 1990 5620 νον,
2022 5556 2123 5607 οὐκ
2154 5553 2394 5624 ἀθυμίας
2428 5569 2489 5605 σε
2518 5551 2827 5616 ἀπαλλάξαι
2865 5552 3045 5624 μόνον,
3081 5551 3218 5606 ἀλλά
3246 5553 3340 5605 καὶ
3370 5552 3467 5605 εὐ-

1880 5650 2155 5722 φροσύνης
2201 5647 2480 5720 ἐμπλῆσαι
2521 5647 2721 5719 πολλῆς
2756 5649 2849 5703 καὶ
2884 5647 3184 5721 διηνεκοῦς.
3232 5646 3469 5704 Δυνατύν

1877 5748 1988 5819 γὰρ
2016 5747 2113 5801 ἐὰν
2142 5746 2423 5818 θέλῃς.οὐ
2452 5748 2562 5817 γὰρ
2588 5747 2647 5799 ἐν
2678 5749 2792 5809 τοῖς
2816 5746 3089 5819 ἀκινήτοις
3122 5744 3219 5816 τῆς
3248 5743 3467 5815 φύσεως

1942 5900 1970 5941 ἀ
1995 5900 2079 5952 Sic
2100 5915 2217 5955 mss.
2239 5901 2368 5952 Edili
2394 5901 2652 5968 ἐξαλείψας,
2677 5903 2822 5953 male.
