3906 6374
283 382 387 439 573

289 508 493 558 sumus,
525 490 619 550 sed
666 490 719 546 in
746 485 931 544 liberis
957 479 1246 539 voluntatis
1270 473 1712 549 cegitationibus,
1740 478 1873 558 quas

288 556 511 643 tractare
530 597 594 638 ac
623 577 892 637 moderari
920 573 1076 631 nobis
1101 569 1261 627 facile
1285 576 1375 624 est
1391 603 1410 633 ,
1441 562 1685 620 alacritas
1710 556 1875 614 animi

285 676 546 734 consistit.
569 679 748 743 Atque
775 671 888 740 ipsa
915 667 1041 732 scis,
1074 663 1120 719 si
1161 659 1324 717 modo
1361 652 1674 717 meministi,
1706 647 1870 720 pluri-

278 785 395 825 mos
423 782 491 823 ac
516 741 705 837 longos
738 760 913 817 dehis
938 758 1101 814 rebus
1126 768 1298 824 nuper
1325 749 1451 821 (nec
1487 746 1629 802 enim
1671 741 1878 797 diutur-

284 878 405 916 num
434 869 648 930 tempus
698 857 901 911 interea
956 847 1126 920 ﬂuxit)
1145 842 1433 901 Sermones
1478 856 1510 895 a
1538 837 1691 893 nobis
1738 849 1870 890 con-

283 964 528 1025 sumptos
548 924 722 1006 fuisse
749 965 764 1002 :
796 961 918 1002 cum
947 942 1153 998 scilicet
1174 926 1429 993 historias
1455 928 1685 987 subinde
1722 924 1876 981 colli-

279 1062 465 1118 gerem
488 1054 652 1115 atque
678 1043 730 1096 in
762 1038 995 1094 medium
1018 1031 1189 1106 profer
1203 1044 1339 1084 rem.
1380 1024 1495 1080 Non
1522 1021 1665 1078 enim
1694 1028 1800 1073 tam
1825 1017 1877 1071 in

287 1115 470 1195 rerum
522 1143 732 1201 natura,
787 1145 947 1201 quam
982 1128 1038 1180 in
1083 1122 1361 1179 hominum
1408 1115 1681 1173 voluntate
1721 1119 1881 1179 atque

281 1228 552 1286 sententia
580 1200 940 1295 tranquillitas
965 1216 1131 1271 animi
1156 1214 1259 1269 sita
1283 1217 1385 1266 est.
1418 1205 1682 1277 Quoniam
1718 1200 1878 1272 igitur

280 1319 397 1378 lucc
427 1320 503 1375 ita
531 1333 592 1374 se
626 1292 824 1372 hab—cut
844 1353 860 1380 ,
912 1325 975 1365 ac
1001 1304 1157 1363 multi
1209 1302 1400 1373 opibus
1450 1292 1881 1354 circumfluentes

283 1415 446 1469 vitam
474 1410 724 1467 acerbam
756 1403 1195 1466 esse-duxerunt,
1233 1393 1388 1452 multi
1414 1397 1602 1449 contra
1628 1389 1683 1443 in
1706 1393 1884 1442 extre-

284 1522 372 1563 ma
424 1510 742 1575 paupertate
789 1504 1069 1554 versantes
1121 1479 1447 1545 curriculum
1492 1483 1616 1538 vita:
1642 1477 1881 1535 omnium

291 1569 741 1667 tranquillissime
768 1588 1152 1649 confecerunt;
1180 1590 1340 1650 atque
1364 1575 1452 1631 alii
1475 1572 1691 1646 quidem
1719 1569 1881 1625 satel-

283 1690 422 1756 lilio,
435 1661 622 1758 gloria
651 1693 705 1741 et
732 1683 938 1737 honore
959 1678 1214 1738 fruentes,
1248 1674 1407 1726 vitam
1431 1681 1582 1723 suam
1599 1661 1731 1719 diris
1756 1676 1883 1732 per-

288 1796 437 1850 saepe
467 1779 843 1841 devoverunt‘,
898 1770 987 1825 alii
1017 1776 1197 1822 autem
1225 1760 1437 1819 obscuri
1466 1768 1626 1827 atque
1652 1753 1884 1809 obscuro

283 1891 487 1948 genere
509 1863 642 1941 uati,
670 1870 1024 1937 omnibusque
1048 1862 1230 1936 ignoti,
1261 1856 1443 1914 multis
1465 1867 1589 1938 sese
1617 1847 1885 1907 beatiores

285 1982 411 2023 esse
440 1969 806 2026 censuerunt;
836 1971 1011 2028 neque
1059 1935 1202 2010 enim
1232 1960 1339 2006 tam
1368 1949 1422 2003 iu
1453 1935 1633 2000 rerum
1662 1949 1881 2003 natura,

284 2075 447 2134 quam
476 2060 533 2114 in
575 2057 848 2112 hominum
881 2059 1062 2108 mente
1085 2063 1150 2105 ac
1193 2044 1395 2117 judicio
1436 2039 1608 2111 posita
1634 2043 1717 2092 est
1743 2043 1887 2089 trau-

282 2152 525 2225 quillitas
558 2149 689 2223 (non
710 2148 852 2204 enim
880 2144 1022 2201 istud
1047 2141 1261 2197 assidue
1280 2135 1549 2192 inculcare
1569 2127 1831 2197 desinam)
1868 2141 1885 2182 :

284 2259 423 2300 cave
453 2244 693 2298 animum
717 2240 958 2309 dejicias,
981 2248 1169 2291 verum
1201 2241 1254 2287 te
1288 2228 1462 2285 excita
1497 2233 1657 2295 atque
1689 2220 1836 2289 erige
1866 2256 1887 2285 ,

291 2349 630 2405 manumque
674 2330 911 2388 sermoni
959 2336 1144 2383 nostro
1182 2322 1399 2394 porrige
1422 2360 1437 2386 ,
1473 2332 1537 2372 ac
1576 2312 1887 2386 prteclaram

284 2428 429 2484 hanc
454 2426 613 2482 nobis
640 2439 796 2495 opem
823 2421 1022 2493 praebe,
1054 2428 1110 2474 ut
1128 2426 1179 2472 te
1199 2432 1263 2472 ex
1284 2412 1478 2469 acerba
1507 2406 1888 2480 cogitationum

281 2518 605 2589 captivitate
652 2528 872 2586 prorsus
901 2510 1263 2567 extraliamus.
1300 2503 1434 2560 Nam
1465 2501 1565 2556 nisi
1614 2500 1727 2569 ipsa
1774 2506 1891 2552 tan-

287 2586 407 2665 tum
462 2608 626 2665 studii
668 2605 926 2662 adhibere
956 2601 1188 2658 volueris
1213 2586 1511 2668 {quantum
1540 2606 1640 2647 nos
1668 2589 1890 2644 adhibe-

288 2717 438 2771 mus,
486 2702 685 2757 nullam
727 2698 882 2755 nobis
932 2694 1139 2752 curatio
1183 2691 1468 2746 utilitatem
1518 2684 1743 2739 allatura
1785 2687 1888 2735 est.

284 2796 433 2865 Quid
454 2806 635 2850 autem
661 2793 878 2858 mirum,
911 2790 956 2845 si
985 2788 1088 2843 hoc
1117 2787 1171 2841 in
1218 2782 1372 2838 nobis
1399 2775 1714 2848 contingat?
1757 2772 1893 2829 Nam

284 2889 479 2956 etiam,
508 2904 628 2943 cum
659 2900 839 2943 rerum
870 2882 1109 2938 omnium
1161 2886 1463 2950 praepotens
1510 2874 1649 2928 Deus
1694 2868 1894 2940 aliquid

288 2990 482 3037 monet
508 2995 572 3036 ac
600 2978 807 3045 suadet,
839 2987 998 3047 atque
1032 2972 1248 3029 auditor
1271 2970 1437 3040 ipsius
1458 2966 1637 3022 verbis
1673 2962 1895 3019 minime

291 3074 673 3143 obtemperat,
706 3071 841 3126 nihil
884 3067 1028 3124 aliud
1057 3066 1180 3120 hinc
1223 3062 1402 3119 evenit
1429 3101 1446 3128 ,
1473 3072 1633 3130 quam
1658 3054 1805 3127 quod
1842 3053 1896 3108 id

293 3167 565 3237 majorem
609 3165 658 3220 ei
710 3178 925 3235 poenam
970 3159 1246 3223 accersit,
1298 3154 1386 3227 qui
1418 3152 1563 3207 dicto
1591 3149 1896 3205 audientem

293 3274 410 3313 non
436 3272 498 3312 se
523 3255 767 3327 praebuit.
796 3253 950 3320 Quod
981 3252 1144 3307 etiam
1175 3249 1421 3304 Christus
1448 3244 1536 3299 bis
1555 3241 1732 3298 verbis
1760 3239 1899 3295 indi—

291 3348 493 3403 cabat:
523 3324 653 3402 illisi
669 3347 914 3401 venissem
934 3352 979 3398 et
999 3342 1236 3413 loquutus
1259 3338 1465 3412 fuissem
1491 3336 1561 3389 eis
1581 3375 1595 3401 ,
1637 3324 1901 3403 peccatum

295 3455 410 3495 non
430 3438 670 3494 haberent
706 3452 726 3491 :
749 3452 886 3491 nunc
916 3443 1088 3488 autem
1115 3429 1489 3486 excusationem
1509 3441 1607 3481 non
1633 3424 1815 3478 habent
1839 3421 1903 3477 de

294 3539 510 3603 peccato
538 3544 632 3584 suo
658 3527 836 3603 (Joan.
872 3525 958 3582 l5.
990 3521 1106 3595 22).
1133 3521 1215 3578 0b
1262 3533 1488 3590 eamque
1516 3530 1733 3572 causam
1779 3529 1901 3569 cum

294 3624 604 3682 Jerusalem
644 3620 748 3677 hoc
798 3621 916 3692 ipso
943 3617 1161 3674 nomine
1186 3616 1430 3685 lugeret,
1460 3610 1544 3666 his
1568 3609 1750 3665 verbis
1789 3618 1905 3663 ute-

297 3720 467 3777 batur
494 3734 508 3772 :
539 3716 850 3780 Jerusalem,
871 3712 1180 3778 Jerusalem,
1204 3723 1318 3781 qua:
1332 3705 1520 3760 occidis
1540 3702 1833 3774 prophetas,
1859 3708 1907 3754 et

301 3812 512 3885 rapidas
537 3829 622 3867 eos
647 3811 736 3884 qui
780 3808 859 3864 ad
877 3817 923 3863 te
948 3805 1087 3861 missi
1116 3812 1256 3870 sunt,
1286 3799 1479 3871 quoties
1521 3796 1660 3851 volui
1695 3810 1908 3865 congre-

305 3906 600 3979 gare'ﬁlios
628 3913 836 3979 uestros,
866 3910 912 3956 et
930 3897 1163 3954 noluistis
1186 3895 1210 3949 ?
1235 3893 1370 3948 Ecce
1394 3888 1702 3959 relinquetur
1725 3885 1906 3940 domus

302 3972 477 4056 ἕναιηὶ
502 3972 703 4052 deserit;
750 3993 960 4068 (Matth.
991 3990 1083 4046 es.
1116 3988 1205 4045 37.
1229 3985 1342 4056 '58).

383 4095 440 4149 2.
467 4092 713 4164 Aﬁlictam
740 4088 1069 4151 consolatur;
1108 4079 1337 4136 maeroris
1376 4086 1611 4131 naturam
1650 4071 1912 4143 explicat;

305 4202 498 4243 maror
512 4161 637 4240 Eva:
655 4198 823 4253 plena.
847 4178 1046 4233 -—-llaec
1057 4174 1215 4247 igitur
1225 4185 1347 4227 cum
1371 4168 1464 4225 tibi
1479 4172 1756 4237 perapecta
1782 4161 1911 4227 sint,

306 4278 534 4335 domina
565 4291 685 4331 mea
706 4269 1133 4344 religiosissima,
1157 4263 1364 4329 labora,
1392 4260 1592 4329 tibique
1622 4257 1728 4311 vim
1760 4254 1913 4309 adhi-

310 4375 404 4438 be,
433 4382 591 4443 atque
612 4383 799 4424 eorum
820 4379 984 4437 quata
1002 4361 1157 4416 nobis
1186 4362 1607 4414 commemorata
1636 4359 1783 4418 sunt,
1812 4364 1917 4419 ope

309 4434 651 4519 ae'subsidio
677 4434 903 4523 munita,
930 4455 982 4509 in
1027 4452 1081 4507 id
1110 4451 1339 4513 enitere,
1368 4454 1425 4500 ut
1444 4434 1794 4514 Cogitationes
1823 4454 1918 4496 eas

315 4568 441 4622 quin
470 4551 820 4625 perturbant,
843 4562 907 4603 ac
934 4555 1110 4600 tantos
1154 4549 1330 4598 motus
1358 4545 1667 4604 tantamque
1707 4530 1914 4602 tempe-

314 4656 513 4702 statem
541 4646 706 4711 cient,
735 4655 928 4713 magno
952 4654 1074 4695 cum
1104 4626 1303 4705 impetu
1324 4629 1577 4687 extrudas
1606 4642 1669 4682 ac
1697 4625 1885 4696 propul
1902 4652 1916 4665 -

320 4754 432 4796 ses.
454 4740 655 4796 Verum
680 4737 809 4809 quin
854 4734 907 4790 id
940 4728 1161 4796 factura,
1195 4726 1533 4795 consilioque
1564 4716 1759 4777 nostro
1778 4718 1920 4788 pari-

323 4837 444 4888 tura
469 4832 578 4899 sis,
614 4808 813 4897 nemini
843 4822 1196 4882 dubitandum
1228 4810 1347 4874 eSse
1376 4814 1628 4869 arbitror.
1660 4810 1776 4866 Jam
1827 4808 1921 4863 tibi

231 4918 239 4927 ’
322 4922 552 4995 gladios,
582 4924 790 4985 hastas,
819 4933 977 4973 arcus
1006 4924 1061 4971 et
1085 4901 1323 4984 sagittas,
1358 4908 1653 4970 thoracem,
1675 4904 1922 4974 clypeum

327 4991 385 5072 et
430 5012 633 5070 tibialia
678 5006 1051 5082 comparemus
1099 5011 1310 5074 oportet
1338 5017 1353 5055 :
1382 5013 1487 5070 quo
1518 4995 1710 5067 partim
1756 4991 1839 5046 his
1872 5000 1924 5044 te

326 5107 562 5172 inunias,
592 5093 781 5173 partim
811 5115 925 5164 eas,
966 5113 1085 5167 qua:
1115 5104 1169 5150 te
1200 5087 1599 5164 perturbatione
1626 5083 1867 5139 afficiunt
1902 5121 1916 5145 ,

326 5195 685 5268 cogitationes
707 5186 1037 5261 prosternas,
1061 5193 1220 5254 atque
1244 5181 1532 5237 obtrunce‘s
1551 5184 1605 5231 et
1625 5175 1750 5228 intet
1766 5172 1924 5227 imas.

316 5289 615 5377 ﬁndenam
644 5285 804 5355 igitur
834 5277 1108 5335 machinas
1140 5279 1270 5331 istas
1299 5288 1363 5327 ac
1413 5269 1602 5324 fundas
1628 5265 1721 5319 tibi
1756 5265 1926 5318 conli-

785 5375 795 5377 μ
1068 5368 1115 5377 ..
1376 5363 1386 5374 .
1524 5357 1733 5377 ML“
1760 5356 1901 5377 -.μ-η

330 5356 542 5439 :‘iemus
559 5416 573 5441 ,
609 5387 665 5432 ut
690 5391 756 5430 ne
784 5375 966 5427 hostes
992 5368 1205 5440 quidem
1238 5363 1459 5434 propius
1479 5357 1736 5414 accedere
1758 5356 1925 5421 siuas,

332 5488 521 5530 verum
548 5485 641 5524 eos
667 5481 825 5537 quam
853 5461 1159 5532 longissime
1185 5470 1247 5510 ac
1273 5455 1419 5509 nullo
1470 5449 1684 5520 negotio
1710 5447 1931 5502 submo-

332 5565 503 5622 νωθῖ
538 5562 619 5617 Ab
640 5536 758 5630 ipso
786 5568 1017 5610 ttiterore
1045 5570 1057 5605 :
1088 5549 1337 5605 nimirum
1366 5543 1409 5598 si
1440 5544 1508 5598 de
1541 5557 1605 5596 eo
1646 5556 1750 5595 non
1798 5536 1946 5593 nihil

337 5627 703 5715 disseramus,
750 5659 1016 5717 quamque
1042 5640 1219 5714 gravis
1245 5653 1308 5693 ac
1336 5634 1557 5691 molesta
1582 5647 1669 5687 res
1699 5632 1789 5696 sit,
1838 5627 1930 5683 de-

338 5757 723 5807 monstremus.
758 5739 953 5795 Μωιόι·
977 5734 1121 5792 enim
1149 5745 1310 5804 grave
1356 5727 1657 5782 animorum
1689 5731 1928 5777 tormenv

335 5848 448 5892 tum
475 5842 577 5897 est,
613 5834 770 5891 dolor
802 5844 1008 5885 omnem
1028 5824 1299 5885 sermonis
1355 5820 1461 5875 vim
1515 5814 1819 5882 excedens,
1873 5826 1934 5868 ac

1733 344 2108 409 EPISTOLE.

3468 334 3571 391 δη

1982 457 2298 530 supplicium
2325 455 2469 512 omni
2499 454 2760 527 supplicio
2809 462 2863 508 et
2911 450 3147 505 cruciatu
3185 446 3447 503 acerbius.
3485 446 3575 502 Si-

1983 549 2198 622 quidem
2244 547 2555 620 pestiferum
2597 559 2834 602 vermem
2881 542 3151 606 imitatur,
3202 556 3308 594 non
3356 552 3574 594 carnem

1984 644 2281 710 dumtaxat,
2314 641 2410 697 sed
2437 641 2599 696 etiam
2621 639 2856 694 animam
2883 637 3248 708 perstringens
3279 653 3291 689 :
3322 650 3383 689 ne
3435 633 3573 689 tinea

1984 747 2069 795 est
2092 781 2106 804 ,
2138 753 2243 794 non
2273 738 2474 793 ossium
2529 742 2763 797 tantum,
2802 746 2985 787 verum
3037 729 3198 787 etiam
3248 729 3443 783 tuentis
3476 744 3491 783 :
3524 738 3577 781 et

1985 840 2278 901 perpetuus
2306 827 2566 893 carnifex,
2600 841 2705 880 non
2740 825 2878 879 latus
2905 821 3144 885 fodiens,
3195 835 3381 875 verum
3411 818 3576 874 animi

1987 922 2127 975 vires
2152 917 2512 975 labefactans:
2543 926 2597 972 et
2621 924 2875 986 perpetua
2898 927 3028 977 nox,
3057 921 3112 967 et
3137 919 3288 966 tetra:
3317 909 3578 975 tenebrw,

1987 1021 2042 1066 et
2097 1019 2385 1082 tempestas
2415 1025 2479 1065 ac
2508 1007 2743 1079 procella
2764 1048 2779 1074 ,
2809 1013 2864 1061 et
2910 1005 3142 1061 obscura
3173 1002 3356 1065 febris,
3389 1002 3579 1072 quavis

1989 1102 2202 1157 flaunna
2234 1101 2605 1157 vehementius
2639 1112 2872 1154 exurens
2898 1115 2909 1151 :
2939 1106 2992 1152 et
3018 1097 3216 1151 bellum
3242 1096 3574 1150 indueiarunt

1987 1211 2183 1267 expers
2212 1214 2224 1250 :
2255 1205 2310 1250 et
2360 1194 2601 1259 morbus,
2631 1207 2812 1248 rerum
2845 1206 3028 1246 earum
3050 1231 3067 1257 ,
3113 1206 3233 1260 quae
3262 1188 3433 1245 oculis
3459 1205 3577 1243 cer‘

1989 1294 2207 1353 nuntur,
2242 1294 2581 1357 prOSpeetttnt
2614 1299 2804 1355 magna
2834 1299 2899 1338 ex
2926 1291 3078 1353 parte
3103 1281 3420 1352 impediens.
3444 1279 3576 1335 Nam

1989 1390 2043 1434 et
2069 1377 2148 1433 sol
2169 1420 2183 1444 ,
2212 1389 2265 1433 et
2293 1376 2481 1448 liquidi
2509 1377 2665 1447 hujus
2686 1376 2829 1431 aeris
2859 1383 3046 1429 natura
3073 1373 3157 1437 iis,
3188 1372 3279 1442 qui
3307 1376 3376 1426 ita
3400 1369 3577 1427 allecti

1988 1479 2133 1538 sunt,
2165 1468 2466 1525 molestiam
2508 1468 2764 1524 exhibere
2816 1466 3063 1530 videtur,
3114 1475 3274 1534 atque
3329 1464 3380 1517 in
3421 1463 3583 1518 meri-

1988 1560 2143 1616 diana
2170 1560 2287 1615 luce
2310 1558 2628 1631 profundam
2652 1567 2862 1614 noctem
2881 1555 3096 1611 imitari.
3128 1555 3309 1625 anue
3335 1554 3400 1610 de
3419 1567 3581 1608 causa

1990 1650 2218 1707 eximius
2245 1651 2345 1706 ille
2362 1649 2622 1723 propheta
2658 1648 2891 1714 dicebat,
2925 1645 3133 1701 Occidet
3162 1645 3266 1699 illis
3292 1645 3369 1699 sol
3397 1644 3448 1698 in
3475 1661 3583 1697 mc-

1989 1744 2118 1797 ridie
2151 1742 2325 1816 (Amos
2355 1743 2408 1798 8.
2441 1742 2515 1810 9)
2548 1759 2562 1797 :
2594 1757 2700 1796 non
2730 1739 2872 1811 quod
2916 1739 3064 1794 sidus
3109 1737 3237 1792 illud
3268 1737 3581 1799 delitescat,

1990 1844 2080 1890 aut
2109 1845 2397 1890 consuetus
2426 1833 2595 1904 ipsius
2637 1846 2825 1887 cursus
2851 1831 3268 1900 interrumpatur
3288 1846 3301 1882 :
3321 1828 3415 1884 sed
3440 1827 3583 1899 quod

1992 1937 2185 1984 mcesto
2213 1944 2275 1983 ac
2303 1926 2552 1984 maerenti
2581 1925 2762 1980 animo
2788 1923 3088 1979 clarissimo
3121 1922 3208 1978 die
3238 1921 3414 1977 noctis
3456 1938 3585 1991 spe-

1992 2021 2105 2075 cies
2128 2034 2250 2075 sese
2279 2018 2517 2088 objiciat.
2541 2017 2727 2089 Neque
2755 2017 2898 2072 enim
2948 2024 3107 2070 tantae
3137 2015 3309 2069 noctis
3350 2014 3585 2069 tenebra:

1992 2120 2139 2180 sunt,
2177 2119 2375 2183 quanta
2402 2111 2651 2167 moneris
2678 2125 2785 2165 nox
2815 2119 2898 2165 est
2929 2127 2942 2163 :
2979 2125 3082 2164 non
3115 2107 3329 2179 quidem
3365 2107 3454 2160 illa
3487 2122 3586 2161 na-

1996 2212 2129 2259 turae
2173 2203 2289 2274 lege
2328 2202 2593 2259 accedens
2618 2244 2634 2270 ,
2665 2216 2849 2258 verum
2905 2215 3001 2273 per
3039 2200 3261 2256 rationis
3303 2214 3365 2253 ac
3392 2198 3587 2253 mentis

1994 2296 2428 2352 obseurationem
2456 2294 2683 2351 conflata
2711 2312 2724 2348 :
2748 2292 3020 2349 horrenda
3048 2307 3181 2348 sane
3236 2299 3397 2361 atque
3438 2291 3583 2345 into-

1994 2389 2209 2473 leranda
2231 2430 2246 2458 ,
2278 2390 2636 2444 truculentum
2657 2387 2864 2443 vultum
2889 2384 3111 2451 habens,
3135 2384 3322 2453 quovis
3361 2390 3590 2454 tyranno

1995 2481 2288 2552 crudelior,
2328 2481 2528 2537 nemini
2557 2495 2744 2536 eorum
2768 2521 2782 2548 ,
2816 2478 2906 2550 qui
2937 2492 3055 2531 eam
3086 2476 3357 2531 discutere
3384 2488 3589 2529 conan-

1997 2583 2105 2643 tur,
2129 2574 2285 2631 facile
2322 2574 2541 2639 cedens,
2574 2587 2759 2628 verum
2789 2571 3027 2625 animam
3048 2584 3192 2635 eam,
3214 2581 3375 2639 quam
3416 2566 3592 2621 corri-

1996 2667 2151 2747 puit,
2209 2666 2493 2721 adamante
2537 2664 2740 2719 firmius
2780 2662 3097 2733 plerumque
3145 2659 3404 2724 retinens,
3462 2672 3584 2712 cum

1998 2759 2247 2815 videlicet
2265 2774 2330 2814 ea
2356 2774 2462 2813 non
2494 2758 2722 2813 multum
2765 2754 3042 2825 sapientiae
3081 2751 3348 2807 adhibuit.

2071 2851 2126 2907 5.
2157 2850 2294 2918 Quid
2345 2859 2523 2905 autem
2547 2850 2703 2919 longa
2731 2846 2975 2901 oratione
3021 2857 3156 2914 opus
3185 2852 3288 2910 est,
3338 2850 3393 2895 ut
3422 2840 3487 2896 de
3527 2856 3594 2896 eo

2001 2944 2115 3015 ipse
2138 2942 2481 3014 pronuntiem
2509 2983 2525 3010 ,
2552 2956 2674 2996 cum
2704 2938 2770 2995 ad
2819 2952 2937 3005 eos,
2981 2936 3074 3007 qui
3115 2935 3207 2990 illo
3236 2934 3377 3004 capti
3427 2942 3588 2999 sunt,

2003 3035 2208 3104 venire,
2254 3043 2418 3105 atque
2465 3033 2593 3088 hinc
2619 3032 2925 3087 universam
2956 3028 3122 3100 ipsius
3147 3027 3254 3083 vim
3286 3025 3597 3099 pchpiccre

2005 3128 2211 3185 liceat?
2241 3127 2355 3185 lmo
2385 3142 2513 3182 vero
2543 3125 2721 3192 liceat,
2751 3123 2796 3178 si
2826 3122 3001 3190 lubet,
3034 3136 3154 3177 eam
3187 3118 3402 3174 aliunde
3451 3118 3597 3188 prius

2004 3221 2458 3279 demonstremus.
2487 3218 2621 3274 Nam
2647 3232 2772 3272 cum
2802 3214 3038 3271 Adamus
3067 3227 3228 3285 grave
3254 3209 3379 3266 illud
3409 3223 3603 3281 pecea—

2008 3322 2117 3368 tum
2148 3312 2494 3379 admisisset,
2528 3318 2689 3381 atque
2717 3320 3001 3364 commune
3042 3304 3316 3361 hominum
3362 3301 3601 3357 omnium

2006 3423 2175 3479 genus
2199 3405 2633 3470 condemnasset,
2659 3401 2841 3458 labore
2882 3409 2994 3455 tum
3023 3396 3310 3453 mulctatus
3334 3403 3417 3450 est
3450 3390 3601 3465 (Gen.

2009 3499 2063 3570 5)
2092 3516 2106 3567 ;
2139 3515 2200 3556 ea
2254 3509 2432 3554 autem
2454 3538 2468 3563 ,
2497 3511 2615 3567 qua:
2644 3494 2860 3565 gravius
2897 3499 3250 3562 peccaverat,
3281 3496 3335 3541 et
3384 3484 3597 3556 quidem

2011 3607 2180 3662 usque
2212 3606 2277 3645 eo
2303 3589 2538 3659 gravius,
2574 3596 2630 3640 ut
2652 3586 2793 3640 illius
2823 3590 3122 3654 peceatum,
3150 3595 3273 3636 cum
3300 3578 3458 3649 hujus
3477 3592 3605 3648 pec-

2011 3690 2132 3738 cato
2174 3682 2427 3737 collatum
2455 3720 2470 3744 ,
2527 3693 2595 3733 ne
2626 3682 2905 3747 peccatum
2956 3670 3193 3744 quidem
3226 3669 3602 3724 exiStimetur:

2012 3776 2178 3829 Adam
2203 3773 2344 3829 enim
2367 3812 2383 3839 ,
2424 3771 2594 3842 inquit
2626 3766 2922 3837 Scriptura,
2972 3780 3074 3818 non
3109 3771 3183 3816 est
3212 3759 3447 3815 seductus
3475 3757 3610 3824 ,_sed

2014 3869 2194 3923 mulier
2222 3867 2428 3922 seducta
2462 3865 2515 3918 in
2554 3859 2965 3934 prwvaricatione
2994 3856 3090 3929 fuit
3120 3855 3195 3926 (l.
3222 3851 3354 3907 Tim.
3382 3851 3437 3906 ‘2.
3469 3848 3558 3920 Η)
3593 3867 3607 3904 :

2017 3961 2164 4029 haec,
2200 3960 2419 4030 inquam
2448 3999 2462 4023 ,
2500 3972 2619 4028 qua:
2671 3954 2897 4023 decepta
2954 3951 3162 4016 fuerat,
3192 3961 3255 4002 ac
3295 3946 3388 4002 Dei
3439 3945 3611 4016 legem

2018 4051 2330 4117 violaverat,
2362 4059 2523 4119 atque
2553 4055 2610 4103 et
2633 4045 2756 4111 sibi,
2787 4053 2842 4099 et
2868 4041 3061 4097 marito
3096 4046 3415 4094 venenatum
3445 4050 3615 4106 pocu-

2019 4145 2128 4199 lum
2159 4149 2568 4213 temperaverat,
2613 4134 2861 4206 ampliori
2890 4131 3111 4188 mterori
3141 4130 3428 4194 addicitur,
3471 4126 3614 4197 quod

2022 4235 2273 4292 videlicet
2324 4235 2412 4290 ille
2444 4233 2700 4303 majorem
2740 4227 2806 4284 ad
2850 4225 3199 4299 proruendum
3233 4224 3340 4277 vim
3377 4222 3570 4277 habeat
3600 4260 3616 4285 ,

2022 4345 2181 4400 quam
2234 4328 2401 4383 labor.
2444 4324 2797 4394 Multiplicans
2826 4319 2969 4375 enim
2996 4358 3011 4383 ,
3041 4316 3231 4386 inquit,
3262 4310 3615 4383 multiplicabo

2024 4422 2224 4477 dolores
2255 4430 2389 4486 tuos,
2414 4428 2461 4473 et
2506 4418 2745 4490 gemitum
2773 4423 2935 4467 tuum.
2974 4409 3036 4464 In
3066 4408 3326 4463 doloribus
3357 4406 3523 4476 paries
3555 4404 3617 4473 ﬁ-

2025 4514 2121 4568 lios
2149 4511 2302 4583 (Gen.
2331 4512 2384 4567 5.
2418 4509 2531 4580 16).
2564 4507 2834 4576 Nusquam
2862 4503 2947 4559 hic
2970 4503 3141 4565 labor,
3173 4513 3432 4568 nusquam
3456 4497 3621 4552 sudor

2027 4616 2083 4663 et
2103 4596 2339 4660 aerumna
2368 4621 2381 4656 :
2414 4616 2602 4657 verum
2638 4595 2891 4653 mmstitia
2920 4601 2975 4649 et
3001 4592 3250 4664 gemitus,
3283 4599 3446 4658 atque
3494 4587 3619 4642 hinc

2029 4713 2256 4754 nascens
2272 4695 2563 4759 cruciatus,
2592 4696 2872 4747 sescentas
2896 4693 3096 4741 mortes
3142 4682 3463 4751 adzequans,
3509 4680 3618 4736 imo

2030 4791 2190 4846 etiam
2227 4788 2384 4857 longe
2403 4784 2639 4856 gravior.

2104 4881 2271 4935 Morte
2292 4877 2420 4932 nihil
2444 4875 2644 4949 gravius
2663 4880 2750 4927 aut
2778 4868 3046 4925 terribilius
3076 4882 3182 4921 esse
3205 4865 3533 4920 demonstrat.
3557 4895 3626 4905 -

2032 4977 2365 5046 Quamquam
2396 4970 2522 5044 quid
2563 4978 2735 5024 morte
2767 4962 3022 5038 gravius?
3047 4976 3224 5018 annon
3270 4959 3624 5014 humanorum
3718 4954 3726 4962 '

2035 5070 2296 5126 malorum
2322 5072 2481 5136 caput
2501 5061 2619 5119 est?
2640 5073 2817 5116 annon
2843 5072 2907 5112 ea
2934 5053 3200 5111 horrenda
3223 5059 3279 5107 et
3298 5047 3628 5105 intoleranda

2036 5161 2435 5229 innumerisquc
2460 5154 2687 5212 luctibus
2706 5151 2864 5222 digna
2892 5162 3010 5205 esse
3035 5144 3285 5202 videtur?
3309 5157 3487 5198 annon
3511 5153 3627 5193 eam

2035 5250 2356 5309 atrocissimi
2396 5246 2616 5304 sceleris
2654 5257 2868 5316 paruam
2900 5254 3021 5294 esse
3054 5237 3189 5293 dixit
3232 5231 3468 5289 Paulus?
3496 5230 3629 5283 Nam

2038 5361 2132 5402 eos
2150 5387 2165 5412 ,
2192 5344 2281 5415 qui
2311 5347 2647 5398 sacrosancta
2674 5334 2925 5408 mysteria
2960 5331 3175 5401 indigne
3199 5327 3492 5395 attingunt,
3523 5332 3632 5376 tre—

2040 5438 2352 5506 tneudteque
2382 5447 2581 5488 mensae
2610 5427 2894 5500 participes
2923 5424 3076 5490 fiunt,
3107 5423 3241 5475 hanc
3269 5430 3479 5487 poenam
3503 5426 3635 5484 pen-

2039 5531 2169 5587 dere
2200 5529 2280 5583 his
2306 5525 2481 5581 verbis
2508 5521 2772 5577 asseruit:
2804 5516 3085 5585 PrOptcrea
3112 5512 3239 5565 inter
3266 5523 3350 5561 vos
3377 5504 3521 5558 multi
3538 5503 3634 5554 im-

2044 5622 2241 5678 becilles
2266 5630 2313 5673 et
2344 5616 2554 5685 inﬁrmi,
2580 5623 2626 5669 et
2657 5610 2912 5668 dormiunt
2940 5604 3084 5660 multi
3107 5602 3124 5675 (
3153 5603 3199 5657 l.
3231 5598 3347 5653 Cor.
3380 5598 3463 5652 ll.
3498 5595 3568 5650 30
3591 5601 3631 5663 ).

2044 5718 2233 5773 Annon
2264 5710 2593 5783 lcgislatores
2613 5718 2803 5761 omnes
2833 5701 2932 5756 hoc
2957 5692 3219 5766 supplicio
3239 5706 3335 5747 eos
3355 5688 3634 5753 mulctant,

2042 5809 2133 5879 qui
2155 5778 2486 5864 atrocissima
2508 5799 2710 5857 scelera
2727 5786 3101 5853 committunt?
3115 5797 3292 5841 annon
3310 5782 3472 5840 etiam
3496 5778 3636 5832 Deus
