3906 6402
378 338 487 397 5'15

374 456 677 510 esu-emam
709 445 847 509 banc
870 445 923 502 in
948 443 1064 515 lege
1089 456 1301 513 poenam
1332 440 1396 495 iis
1422 437 1716 505 constituit,
1739 437 1831 508 qui
1855 452 1966 491 ma-

372 539 494 610 cilis
521 537 836 599 criminibus
877 550 1000 594 sese
1024 532 1375 591 devinciunt?
1403 545 1584 587 annon
1623 530 1783 602 hujus
1821 539 1968 584 metu

375 630 679 700 patriarcha
695 627 788 685 ille
811 625 1146 699 perterritus,
1172 638 1239 680 eo
1265 622 1525 679 adductus
1544 631 1643 688 est,
1671 629 1746 687 ut,
1775 630 1966 675 natura

372 722 536 783 etiam
560 722 675 792 ipsa
700 725 947 790 superata
973 759 989 787 ,
1029 730 1257 775 uxorem
1285 729 1437 771 suam
1479 714 1771 771 barbarica:
1804 713 1963 769 lasci-

370 812 503 879 viat,
532 819 694 883 atque
714 808 1043 883 :Egyptiaete
1068 807 1337 883 tyrannidi
1358 806 1614 873 dederet,
1643 814 1804 877 atque
1829 804 1968 861 hanc

369 903 658 979 petulantis
684 902 924 959 libidinis
949 901 1181 959 fabulam
1204 909 1261 956 et
1295 901 1408 971 ipse
1445 908 1718 969 strueret,
1745 908 1800 955 et
1828 914 1963 955 uxo-

368 1011 505 1064 rem,
533 1003 590 1051 ut
613 1009 830 1067 gravem
857 994 1001 1059 hunc
1024 1001 1079 1051 et
1104 992 1364 1065 tragicum
1389 1000 1597 1065 gestum
1622 1005 1808 1047 secum
1836 1005 1962 1061 age-

371 1098 472 1156 ῐβίε,
499 1087 847 1151 obsecraret?
889 1088 1066 1159 Atque
1105 1085 1241 1141 adeo
1285 1099 1354 1140 ne
1397 1082 1706 1155 bujusmodi
1747 1081 1962 1153 quidem

366 1192 645 1254 tamquam
668 1181 896 1239 scenica:
924 1178 1278 1235 simulationis
1297 1191 1511 1234 causnm
1540 1176 1735 1232 afferre
1761 1174 1964 1246 pudore

365 1274 669 1343 deterream
697 1291 713 1328 :
744 1271 860 1327 Erit
885 1271 1033 1327 enim
1054 1313 1069 1336 ,
1098 1270 1270 1341 inquit
1291 1312 1307 1336 ,
1335 1286 1450 1324 cum
1475 1268 1693 1324 viderint
1721 1276 1769 1322 te
1791 1265 1965 1338 Ερυ-

365 1362 875 1435 priiegregiaforma
900 1361 1195 1432 praeditam,
1215 1370 1374 1430 atque
1394 1358 1547 1414 faciei
1568 1357 1964 1430 pulchritudine

366 1465 733 1525 pncstantetn,
759 1453 1061 1522 interﬁciant
1085 1468 1184 1519 me,
1215 1461 1263 1507 et
1291 1460 1338 1506 te
1364 1449 1652 1507 servabunt.
1679 1447 1778 1504 Dic
1809 1448 1963 1521 igitur

364 1545 501 1617 quod
520 1561 665 1613 soror
688 1560 801 1598 mea
824 1544 924 1612 sis,
951 1553 1006 1597 ut
1031 1542 1153 1598 bene
1178 1542 1243 1597 sit
1268 1542 1394 1597 mihi
1422 1549 1627 1612 prapter
1657 1549 1724 1607 te,
1756 1549 1803 1594 et
1830 1540 1962 1593 vivat

365 1639 549 1697 anima
579 1654 692 1692 mea
724 1635 786 1692 ob
821 1637 1039 1707 gratiam
1080 1637 1154 1690 tui
1184 1633 1338 1706 (Gen.
1369 1633 1456 1688 l2.
1488 1632 1574 1689 12,
1609 1634 1676 1689 15
1701 1634 1741 1703 ).
1770 1631 1961 1687 Vidisti

365 1739 600 1802 metum,
624 1729 800 1797 vidisti
836 1738 1144 1795 tremorem,
1173 1728 1442 1783 excelsum
1465 1726 1612 1783 illum
1638 1740 1703 1783 ac
1726 1724 1961 1796 philoso-

366 1796 851 1894 phicum'auimum
876 1820 1246 1892 quatientem?
1273 1819 1450 1876 vidisti
1479 1818 1819 1874 adamantem
1854 1817 1962 1874 for-

366 1918 567 1981 midine
595 1913 870 1985 fraetum?
899 1915 1083 1975 Genus
1110 1913 1387 1979 mentitur,
1420 1922 1583 1983 atque
1610 1910 1835 1967 alteram
1863 1925 1960 1981 pro

363 2011 544 2075 altera,
562 2023 847 2081 personam
877 2008 1032 2075 uxori
1058 2023 1172 2065 sua:
1200 2006 1426 2077 imponit
1450 2046 1465 2070 ,
1496 2020 1797 2077 agnamque
1821 2005 1960 2074 lupis

360 2102 427 2165 in.
444 2100 687 2172 praedam.
703 2100 924 2171 exponit
949 2117 963 2154 :
995 2098 1246 2170 quodque
1274 2097 1403 2153 viris
1428 2097 1693 2153 malorum
1719 2097 1959 2153 omnium

361 2190 767 2261 acerbissimum
793 2201 909 2258 est,
933 2205 1130 2261 nempe
1151 2196 1553 2260 constupratam
1583 2202 1808 2244 uxorem
1837 2203 1958 2244 eern

362 2300 495 2353 nere
517 2327 534 2354 ,
565 2283 675 2341 imo
701 2284 875 2347 etiam1
891 2284 974 2339 vel
1003 2281 1302 2354 suspicari,
1333 2280 1437 2337 hoc
1458 2322 1474 2345 ,
1505 2288 1563 2337 et
1589 2277 1732 2352 quod
1772 2278 1871 2336 hac
1898 2295 1959 2337 re

360 2375 539 2441 multo
572 2375 817 2441 acerbius
842 2384 924 2443 est
953 2372 1093 2447 (non
1122 2373 1267 2428 enim
1305 2372 1540 2443 suspicio
1568 2377 1773 2425 tantum
1800 2380 1917 2427 erat
1940 2412 1955 2437 ,

358 2465 470 2533 sed,
481 2474 728 2538 stuprum
745 2464 930 2537 reipsat
945 2464 1305 2534 mutabatur),
1332 2478 1439 2518 non
1462 2461 1621 2517 modo
1641 2462 1833 2530 cernit,
1860 2461 1958 2518 sed

360 2557 555 2627 etiam,
575 2564 634 2612 ut
660 2563 1018 2628 perpetretur,
1051 2554 1296 2610 laborat:
1330 2552 1490 2623 idque
1516 2553 1615 2624 ipsi
1644 2552 1760 2609 leve
1785 2567 1849 2608 ac
1877 2553 1958 2608 fe-

360 2646 599 2719 rendum,
616 2648 842 2719 uidetur,
875 2647 1085 2711 Etenim
1114 2644 1337 2702 allectus
1365 2644 1616 2701 allectum
1644 2647 1955 2716 superabat,

359 2753 577 2809 gravem
596 2738 848 2811 nimirum
873 2738 1115 2811 gravior,
1140 2751 1205 2797 ac
1229 2736 1418 2792 mortis
1440 2744 1615 2792 terror
1638 2736 1956 2810 zelotypiam

360 2829 626 2901 vincebat.
658 2829 1116 2901 Magnusquoque
1147 2828 1238 2884 ille
1267 2827 1413 2885 Elias
1442 2828 1511 2884 ob
1537 2829 1726 2884 mortis
1756 2837 1956 2885 metum

359 2921 513 2981 solas.
531 2920 834 2983 libidinosa:
855 2936 918 2985 ae
944 2919 1162 2979 nefaria:
1189 2919 1427 2983 mulieris
1449 2920 1622 2975 minas
1647 2920 1871 2989 veritus,
1903 2921 1955 2976 in

358 3012 623 3089 fugamne
650 3012 911 3083 contulit,
943 3026 1010 3069 ac
1034 3012 1209 3079 solum
1239 3012 1397 3068 vertit
1425 3012 1520 3084 (5.
1550 3011 1681 3083 Reg.
1712 3011 1821 3085 l9)
1857 3032 1870 3067 :
1903 3021 1965 3068 et

358 3103 450 3181 qui
474 3103 967 3171 ctelumclauserat,
994 3111 1050 3161 et
1074 3111 1153 3181 tot
1179 3102 1433 3159 miracula
1463 3111 1719 3174 patrarat,
1751 3119 1958 3160 sermo-

358 3178 451 3261 nis
489 3205 760 3269 terrorem.
789 3195 1012 3252 minime
1054 3178 1219 3251 tulit:
1252 3211 1438 3252 verum
1479 3196 1755 3251 excelsum
1804 3197 1954 3255 illum

357 3294 522 3361 atque
558 3285 626 3341 ad
652 3286 813 3345 c:elos
851 3301 1021 3356 usque
1062 3285 1346 3343 sublimem
1394 3287 1632 3343 animum
1673 3301 1837 3357 pavor
1882 3288 1954 3345 ita

356 3379 605 3456 perculit,
649 3388 713 3445 ut
744 3390 875 3455 post.
904 3380 1050 3437 illam
1094 3379 1341 3437 ﬁduciam
1363 3422 1377 3445 ,
1407 3388 1528 3451 post
1557 3389 1754 3437 tantam
1789 3382 1841 3437 in
1871 3383 1953 3438 lo-

355 3470 570 3542 quentia
589 3469 911 3543 libertatem,
932 3479 1052 3541 post
1073 3478 1277 3526 tantum
1305 3471 1515 3527 virtutis
1542 3472 1811 3543 specimen
1875 3472 1954 3529 di-

357 3571 494 3629 tum,
524 3569 579 3621 et
604 3561 856 3632 patriam,
883 3569 939 3618 ct
967 3571 1170 3618 tantum
1204 3562 1480 3632 populum,
1510 3563 1662 3633 cujus
1685 3578 1845 3621 causa
1876 3574 1955 3621 tot

357 3652 595 3733 pericula
621 3652 794 3711 audax
825 3652 1048 3720 adierat,
1078 3662 1302 3723 repente
1329 3653 1615 3733 linqueret,
1643 3662 1699 3710 et
1725 3655 1955 3726 quadra-

526 3745 735 3817 dierum
765 3746 869 3805 iter
895 3745 1043 3803 solus
1067 3722 1242 3804 obiret
1277 3752 1334 3802 et
1370 3722 1638 3803 inillocum
1682 3722 1951 3805 desertum

352 3837 629 3919 migmret.
664 3836 1027 3909 vehementer
1063 3838 1207 3895 enim
1249 3838 1519 3895 horrenda
1549 3838 1707 3911 hujus
1735 3841 1815 3897 rei
1852 3857 1949 3896 na-

353 3936 577 3995 tur-aest
594 3971 610 3998 ,
639 3943 703 3986 ac
733 3939 1013 4001 propterea
1038 3930 1277 4002 quotidie
1302 3930 1355 3985 in
1383 3944 1554 4001 genus
1581 3940 1824 3987 nostrum
1852 3932 1951 3989 im-

354 4033 534 4094 petum
557 4023 795 4099 faciens,
810 4023 879 4080 ad
906 4038 1340 4095 unumquemque
1364 4031 1633 4087 mortuum
1662 4039 1761 4081 nos
1782 4040 1951 4095 usque

351 4114 488 4187 adeo
516 4115 756 4185 percellit
783 4123 945 4193 atque
983 4123 1334 4181 consternat,
1375 4123 1631 4186 metuque
1672 4118 1960 4186 perturbat.

350 4214 405 4261 et
427 4205 730 4282 contrahit,
758 4213 818 4263 ut
854 4221 974 4276 quae
1014 4221 1114 4261 nec
1136 4207 1354 4276 Opinato
1381 4216 1654 4277 appareat.
1686 4207 1796 4263 Nec
1822 4224 1949 4264 vero

350 4297 416 4365 ad
444 4297 867 4357 consolationem
892 4297 1057 4353 ullam
1084 4298 1192 4355 vim
1222 4298 1407 4354 habuit
1433 4308 1524 4354 aut
1553 4300 1809 4369 temporis
1837 4316 1946 4356 me-

349 4387 701 4461 ditatio,.aut
736 4387 1046 4459 quotidiana
1086 4389 1140 4444 in
1187 4388 1287 4446 bac
1327 4391 1780 4461 contemplatione
1816 4408 1946 4449 con-

348 4478 577 4546 suetudo
599 4488 651 4537 et
679 4480 993 4538 exercitatio
1020 4498 1034 4537 :
1066 4494 1165 4538 nec
1188 4483 1445 4554 temporis
1471 4483 1821 4541 diuturnitate
1850 4485 1947 4541 hu-

344 4571 579 4649 iusmodi
605 4587 808 4629 maeror
834 4582 1113 4644 terrorque
1139 4576 1441 4643 consenuit,
1469 4591 1655 4633 verum
1682 4587 1945 4649 perpetuo

343 4642 645 4739 iuvenescit
669 4678 735 4725 ac
763 4664 924 4736 viget,
953 4642 1335 4735 recentemque
1362 4642 1433 4722 ac,
1453 4666 1735 4724 florentem
1765 4670 1945 4740 quoti—

346 4754 436 4810 die
463 4765 663 4811 metum
689 4756 861 4813 affert.
893 4756 1002 4813 Nec
1030 4772 1160 4814 sane
1188 4760 1480 4816 immerito.
1510 4763 1640 4828 Quis
1664 4763 1808 4818 enim
1836 4778 1943 4819 non

348 4845 692 4915 perturbetur
718 4857 774 4902 et
799 4858 1196 4916 consternetur,
1227 4867 1350 4906 cum
1380 4868 1503 4907 eum
1526 4895 1540 4917 ,
1569 4855 1659 4925 qui
1692 4855 1944 4911 hesterno

347 4938 454 5004 die,
471 4946 563 4995 aut
577 4939 759 5009 paucis
774 4950 897 4997 ante
916 4942 1118 5002 diebus.
1132 4945 1460 5014 ambulabat,
1479 4959 1731 5004 sexcenta
1753 4948 1945 5006 domus

346 5026 556 5098 negotia
581 5027 816 5097 gerebat,
840 5034 1047 5098 uxoris,
1080 5035 1305 5093 filiorum
1325 5079 1339 5103 ,
1371 5039 1776 5109 mancipiorum,
1799 5055 1943 5111 saepe

343 5119 507 5175 etiam
523 5118 843 5191 integrarum
862 5124 1134 5183 civitatum
1149 5144 1330 5185 curam
1349 5131 1690 5202 suscipiebat,
1706 5133 1939 5189 minaba-

346 5215 453 5275 tur,
474 5209 728 5279 terrebat,
745 5215 1001 5284 supplicia
1023 5220 1213 5286 partim
1238 5220 1497 5290 solvebat,
1520 5223 1709 5292 partim
1743 5224 1939 5281 infere-

342 5297 454 5365 bat,
474 5299 751 5358 innumera
766 5311 876 5359 tum
896 5306 948 5359 in
965 5308 1205 5377 urbibus,
1225 5320 1333 5367 tum
1351 5313 1403 5369 in
1423 5314 1726 5384 regionibus
1743 5315 1941 5372 efiieie-

344 5386 456 5458 bat,
480 5402 701 5461 repente
724 5394 1002 5466 plusqdam
1026 5398 1254 5468 lapidem
1271 5411 1474 5458 mutum
1497 5414 1551 5461 et
1567 5405 1834 5476 jacentem
1858 5409 1938 5463 vi-

344 5479 436 5535 det
452 5481 476 5535 ?
495 5496 723 5553 cumque
744 5486 1421 5550 innumerabileshomines
1446 5495 1691 5566 plorent,
1720 5505 1774 5554 et
1801 5501 1938 5554 ami-

344 5571 542 5628 cissimi
570 5576 768 5645 quique
793 5577 1040 5649 lugeant,
1070 5587 1123 5636 et
1150 5598 1285 5637 uxor
1310 5583 1495 5641 dolore
1519 5587 1935 5661 distorqueatur,

342 5673 507 5729 zonas
532 5665 702 5723 caedat
730 5669 746 5699 ί
764 5708 780 5735 ,
810 5683 1017 5726 comam
1045 5672 1226 5741 vellat,
1254 5689 1555 5748 magnoque
1584 5695 1705 5737 eum
1736 5681 1936 5740 ululatu

408 5775 426 5809 ⁸
459 5781 513 5826 In
534 5776 686 5839 ωηο,
707 5779 788 5833 hae
808 5794 974 5847 voces,
997 5796 1145 5849 gaias
1170 5786 1345 5853 ctedat,
1369 5790 1594 5845 deerant.

1154 329 1214 386 S.
1251 326 1530 386 ,ιοΑΝΝιδ
1567 322 1954 381 CHRYSOSTL‘

2084 322 2401 385 ARCHIEP.
2445 326 2978 388 CONSTANTINOP.

3566 339 3673 397 576

2080 436 2387 493 ancillarum
2417 454 2604 511 greges
2648 438 2848 499 circum
2893 460 2953 503 se
2991 447 3216 509 collucet
3241 493 3255 517 ,
3290 451 3462 522 ipsum
3495 468 3670 514 tamen

2076 527 2206 581 nihil
2236 543 2420 584 eorum
2450 532 2765 589 sentientem
2788 535 2811 587 ?
2831 550 2952 591 cum
2980 536 3123 595 videt
3150 545 3330 599 omnia
3356 558 3577 615 repente
3602 551 3670 605 de

2076 618 2254 673 medio
2286 620 2492 675 sublata
2531 638 2651 678 esse
2676 664 2691 690 ,
2720 626 2983 684 rationem
3005 671 3020 695 ,
3051 630 3320 702 ingenium
3342 676 3357 701 ,
3387 638 3627 695 animam
3652 682 3668 707 ,

2073 708 2183 763 oris
2209 709 2397 766 ﬂorem
2427 728 2489 768 ac
2514 725 2845 773 venustatem
2864 761 2878 786 ,
2911 723 3275 781 membrorum
3303 733 3557 795 molunt?
3583 734 3667 795 in-

2070 799 2305 869 jucunda
2333 814 2509 860 autem
2557 806 2619 862 iis
2663 812 2988 869 successisse
3013 856 3027 880 ,
3070 816 3321 873 nimirum
3351 821 3628 880 silentium
3651 868 3669 894 ,

2072 900 2343 961 stuporem
2366 937 2381 960 ,
2414 898 2814 969 corruptionem
2835 944 2849 968 ,
2880 906 3083 961 saniem
3102 948 3116 973 ,
3148 924 3379 978 vermes,
3408 912 3669 984 cinerem,

2071 984 2364 1054 pulverem,
2399 987 2644 1047 faetorem
2669 1036 2685 1062 ,
2714 994 2803 1049 inte
2822 996 2983 1053 ritum
3028 1001 3289 1073 integrum
3312 1045 3328 1071 ,
3368 1020 3676 1079 corpusque

2073 1083 2239 1132 totum
2257 1094 2322 1134 eo
2338 1096 2654 1152 properans,
2680 1096 2736 1142 ut
2758 1087 2811 1144 in
2834 1089 2956 1146 vilia
2981 1100 3033 1147 et
3053 1093 3310 1153 deformia
3336 1107 3499 1179 atque
3522 1100 3672 1172 igno-

2069 1165 2198 1223 bilia
2220 1183 2340 1225 ossa
2367 1171 2618 1231 desinat?

2141 1261 2195 1316 4.
2221 1260 2363 1316 Mors
2384 1280 2595 1321 incerare
2610 1266 2784 1325 levior.
2803 1302 2874 1311 —
2890 1274 2954 1328 Et
2968 1284 3142 1331 tamen
3162 1278 3322 1346 istud,
3341 1283 3488 1352 quod
3503 1293 3556 1339 et
3575 1300 3673 1355 per

2070 1365 2157 1407 res
2189 1350 2332 1423 ipsas
2356 1396 2371 1420 ,
2402 1364 2457 1410 et
2492 1372 2585 1427 per
2612 1370 2921 1421 sanctorum
2950 1365 3161 1423 illorum
3192 1350 3425 1429 virorum
3472 1350 3671 1431 formi-

2068 1440 2249 1499 dinem
2282 1445 2606 1504 horrendum
2637 1466 2757 1509 esse
2785 1467 3016 1524 constat,
3046 1475 3278 1519 maerore
3308 1465 3467 1536 longe
3495 1468 3671 1526 levius

2068 1541 2168 1589 est.
2199 1534 2332 1592 Nam
2361 1538 2530 1609 ipsius
2555 1556 2714 1598 causa
2741 1544 2897 1617 longa
2923 1549 3037 1605 ltzec
3062 1567 3368 1610 sermonum
3397 1534 3668 1616 curricula

2068 1640 2318 1685 emensus
2340 1644 2479 1700 sum,
2502 1642 2559 1689 ut
2585 1649 2652 1691 ex
2680 1651 2766 1693 me
2791 1639 2984 1709 discas,
3009 1656 3258 1715 quautam
3286 1664 3502 1719 pmnam
3532 1667 3668 1723 pen-

2067 1716 2165 1774 das
2187 1761 2202 1786 ,
2234 1734 2297 1775 ac
2325 1736 2511 1792 parem
2534 1725 2634 1796 ipsi
2658 1769 2673 1795 ,
2699 1730 2807 1786 imo
2832 1747 2960 1789 vero
2990 1736 3173 1791 multis
3203 1716 3442 1808 partibus
3490 1716 3664 1815 majo-

2068 1823 2220 1876 rem,
2253 1810 2515 1871 bonorum
2551 1821 2854 1877 mercedem
2893 1838 3189 1896 exspectes.
3232 1832 3407 1902 Atque
3446 1844 3509 1889 ut
3550 1810 3663 1894 haec

2066 1900 2139 1955 ita
2165 1916 2223 1957 se
2250 1902 2451 1961 habere
2476 1907 2755 1982 intelligas,
2770 1913 2881 1984 jam
2909 1916 2975 1972 ad
3000 1933 3094 1973 eos
3110 1921 3197 1990 qui
3219 1937 3283 1977 eo
3304 1900 3500 1989 allecto
3522 1931 3660 1999 capti

2066 2001 2189 2047 sunt
2208 2034 2226 2062 ,
2256 1995 2557 2068 confugiam
2580 2043 2594 2069 ,
2628 2018 2734 2074 quo
2763 2006 2967 2063 scilicet
2992 2011 3138 2081 prius
3165 2026 3348 2071 nostra
3380 1995 3663 2077 festinabat

2065 2084 2258 2140 oratio.
2290 2086 2449 2144 Plebs
2472 2090 2841 2165 Hebraeorum,
2870 2098 3016 2157 Mose
3046 2103 3319 2173 veniente,
3349 2122 3415 2165 ac
3438 2109 3660 2167 liberta-

2066 2185 2172 2233 tem
2211 2188 2267 2235 et
2300 2178 2631 2254 Egyptiaca‘.
2674 2190 2996 2260 captivitatis
3035 2194 3197 2254 finem
3244 2201 3526 2259 nuntiante
3550 2246 3566 2269 ,
3599 2221 3663 2262 ue

2064 2270 2252 2329 audire
2280 2274 2494 2345 quidem
2538 2278 2712 2349 ipsum
2759 2283 3114 2342 sustinebant.
3143 2288 3477 2364 Causamque
3504 2296 3661 2352 etiam

2065 2380 2340 2436 exponens
2357 2369 2631 2443 legislator
2652 2373 2863 2431 dicebat
2884 2396 2896 2431 :
2924 2377 3186 2451 Loquatur
3211 2394 3283 2439 est
3301 2396 3470 2441 autem
3497 2389 3661 2449 Moses

2063 2456 2133 2510 ad
2147 2460 2395 2528 populum
2415 2472 2491 2517 :et
2506 2480 2606 2519 non
2626 2466 2817 2521 audivit
2830 2471 3048 2540 papulas
3065 2472 3261 2529 Mosem
3274 2493 3380 2546 pra:
3395 2480 3661 2547 pusillani-

2063 2549 2237 2605 mitate
2253 2548 2448 2623 (Exod.
2468 2552 2520 2609 6.
2545 2555 2623 2627 9).
2639 2554 2938 2624 Quinetiam
2960 2578 3081 2617 cum
3102 2563 3240 2620 Deus
3255 2582 3447 2636 graves
3464 2569 3658 2631 Judazis

2063 2640 2134 2697 ob
2157 2642 2325 2698 multa
2348 2642 2546 2717 ﬂagitia
2575 2648 2747 2704 minas
2776 2649 3023 2722 intendit,
3050 2664 3169 2724 post
3192 2658 3555 2729 captivitatem
3580 2674 3659 2718 at-

2062 2747 2167 2803 que
2205 2734 2259 2789 in
2303 2734 2477 2792 aliena
2519 2738 2739 2810 regione
2772 2747 3287 2818 commorationem,
3327 2763 3454 2823 post
3490 2756 3657 2809 servi-

2065 2835 2231 2882 tutem
2260 2869 2276 2895 ,
2318 2826 2516 2885 famem
2543 2873 2558 2898 ,
2605 2842 2811 2902 pestem
2843 2844 3004 2907 atque
3034 2838 3394 2898 humanarum
3420 2847 3655 2903 carnium

2059 2936 2214 2977 esum
2240 2921 2379 2979 hanc
2406 2939 2622 2994 poenam
2651 2927 2941 2999 subjunxil,
2973 2931 3058 2987 bis
3082 2934 3260 2990 verbis
3286 2947 3443 2992 utens
3473 2956 3487 2993 :
3517 2938 3656 2994 Dabo

2061 3015 2133 3070 eis
2175 3032 2263 3071 cor
2299 3034 2513 3074 atterens
2536 3061 2552 3088 ,
2593 3030 2638 3075 et
2676 3022 2964 3091 deﬁcientes
3002 3027 3177 3083 oculos
3200 3069 3215 3093 ,
3252 3041 3300 3084 et
3328 3032 3656 3088 tabescentem

2061 3108 2287 3164 animam
2319 3109 2510 3182 (Deut.
2543 3112 2632 3169 28.
2661 3114 2789 3187 65).
2817 3116 2957 3184 Quid
2996 3131 3174 3177 autem
3214 3122 3432 3182 Judmos
3461 3169 3475 3191 ,
3508 3137 3656 3198 petu-

2060 3199 2261 3256 lantem
2286 3210 2341 3257 et
2369 3201 2654 3274 ingratum,
2684 3207 2967 3279 carnisque
2990 3212 3233 3268 servituti
3261 3214 3534 3275 addictum
3558 3233 3652 3289 po-

2060 3291 2263 3362 pulum,
2294 3309 2393 3350 nec
2415 3296 2775 3370 philosophari
2804 3302 3082 3371 scientem,
3106 3321 3476 3363 commemoro
3498 3329 3513 3365 :
3535 3326 3652 3367 cum

2060 3383 2191 3440 mihi
2220 3400 2249 3440 a
2277 3388 2482 3458 magnis
2511 3397 2564 3444 et
2592 3390 2820 3447 excelsis
2846 3393 2971 3449 viris
3000 3395 3155 3465 hujus
3180 3398 3256 3452 rei
3286 3412 3652 3470 argumentum

2060 3492 2251 3549 capere
2278 3480 2475 3537 liceat?
2503 3482 2714 3539 Etenim
2747 3487 3110 3556 apostolorum
3136 3488 3333 3546 chorus
3357 3532 3372 3553 .
3402 3507 3528 3548 eum
3559 3495 3651 3550 tri-

2058 3569 2275 3625 ennium
2309 3571 2419 3640 jam
2449 3587 2571 3628 cum
2600 3573 2817 3630 Christo
2846 3578 3288 3635 Consuetudinem
3320 3581 3649 3644 habuissent.

2057 3660 2330 3731 multaque
2358 3663 2425 3717 de
2456 3663 2851 3722 immortalitate
2879 3667 3103 3739 aliisque
3145 3673 3357 3728 arcanis
3400 3676 3561 3731 rebus
3588 3694 3651 3733 ex

2058 3751 2175 3821 ipso
2201 3753 2550 3822 didicissent,
2594 3757 2848 3830 signaque
2887 3759 3199 3818 admiranda
3224 3775 3280 3820 et
3306 3766 3375 3821 ab
3405 3766 3653 3825 humanis

2056 3843 2303 3899 sensibus
2331 3856 2534 3902 remota
2560 3848 2854 3906 edidissent
2880 3893 2894 3918 ,
2929 3851 3211 3925 ipsumque
3238 3864 3386 3911 tanto
3413 3868 3652 3930 tempore

2056 3934 2190 3988 mira
2222 3947 2614 4007 perpetrantem
2657 3943 3104 4012 conspexissent,
3136 3946 3487 4020 ejusdemque
3529 3967 3645 4006 cum

2056 4042 2121 4081 eo
2147 4042 2365 4097 mensae,
2397 4038 2452 4085 et
2477 4032 2746 4103 colloquii,
2776 4049 2838 4090 ac
2867 4044 2973 4090 tam
3002 4037 3319 4094 cxitniorum
3346 4056 3647 4099 sermonum

2055 4119 2340 4190 participes
2369 4123 2740 4191 exstitissent,
2783 4137 2943 4196 atque
2980 4127 3124 4181 omni
3157 4128 3416 4185 doctrina:
3454 4147 3650 4202 genere

2055 4211 2245 4267 eruditi
2277 4212 2500 4270 fuissent
2526 4256 2540 4282 ,
2571 4226 2916 4289 posteaquam
2958 4220 3119 4275 verba
3146 4264 3161 4288 ,
3194 4238 3312 4293 qua:
3360 4239 3648 4279 maerorem

2055 4300 2369 4373 afferebant,
2398 4305 2701 4373 audierunt,
2730 4309 2819 4379 qui
2850 4309 2993 4379 prius
3022 4325 3146 4365 eum
3176 4322 3431 4382 perpetuo
3455 4315 3647 4368 retine-

2056 4393 2201 4456 bant,
2228 4393 2400 4465 deque
2427 4394 2543 4466 ipso
2570 4398 2717 4453 velut
2746 4399 3002 4456 lactentes
3032 4403 3178 4471 pueri
3205 4404 3530 4473 pendebant,
3554 4420 3648 4461 nec

2055 4488 2357 4555 percontari
2384 4488 2701 4546 desinebant
2725 4535 2739 4560 ,
2771 4492 2889 4561 Quo
2917 4494 3111 4551 vadis?
3143 4496 3307 4552 iidem
3338 4515 3525 4554 rursus
3554 4498 3647 4554 bu-

2047 4578 2137 4648 jus
2166 4581 2412 4635 mteroris
2445 4583 2721 4652 tyrannide
2752 4585 2821 4638 ita
2849 4589 3091 4657 oppressi
3118 4596 3243 4643 sunt
3272 4630 3286 4655 ,
3315 4603 3482 4660 seque
3512 4598 3644 4644 totos

2052 4671 2237 4741 angori
2266 4671 2621 4741 dediderunt,
2655 4684 2711 4729 ut
2735 4676 2845 4746 jam
2883 4677 2951 4732 ab
2987 4678 3104 4747 ipso
3134 4678 3249 4734 haec
3276 4679 3496 4735 minime
3520 4694 3637 4749 per-

2051 4773 2413 4821 contarentur.
2432 4766 2549 4835 Quo
2569 4768 2729 4823 etiam
2746 4770 2962 4826 nomine
2978 4771 3220 4827 Christus
3240 4788 3333 4828 eos
3354 4773 3641 4839 insectans,

2050 4854 2259 4913 dicebat
2289 4874 2303 4911 :
2342 4858 2561 4913 Audistis
2576 4860 2695 4931 quia
2718 4862 2847 4917 vado
2867 4862 2936 4916 ad
2960 4880 3072 4917 eum
3096 4865 3183 4935 qui
3213 4865 3346 4918 misit
3366 4882 3464 4932 me,
3492 4874 3540 4919 et
3559 4880 3638 4917 ve-

2050 4949 2134 5001 nio
2161 4950 2230 5004 ad
2252 4966 2358 5016 vos,
2389 4962 2433 5006 et
2464 4968 2609 5007 nemo
2635 4969 2698 5008 ea:
2723 4954 2859 5008 vobis
2885 4956 3161 5028 interrogat
3186 4974 3285 5022 me,
3319 4958 3433 5025 Quo
3454 4956 3642 5011 vadis?

2052 5039 2157 5095 Sed
2184 5043 2303 5112 quia
2327 5044 2435 5098 licet:
2462 5044 2695 5116 loquutus
2723 5063 2836 5100 sum
2871 5048 3006 5102 vobis
3026 5089 3042 5115 ,
3070 5049 3272 5103 tristitia
3306 5048 3531 5115 implevit
3561 5063 3645 5103 cor

2049 5142 2263 5187 vestrum
2295 5134 2315 5207 (
2333 5135 2491 5191 Joan.
2523 5136 2608 5192 16.
2637 5137 2689 5192 5.
2719 5137 2817 5209 6).
2847 5138 3079 5193 Videsne
3105 5138 3373 5207 quomodo
3399 5141 3644 5195 maeroris

2050 5230 2291 5301 tyrannis
2317 5231 2487 5284 amori
2515 5230 2761 5285 tenebras
2787 5230 3037 5286 ofl'udcrit
3059 5272 3072 5298 ,
3108 5245 3307 5300 eosque
3337 5231 3390 5285 in
3417 5232 3638 5300 captivi—

2049 5332 2207 5378 tatem
2255 5324 2353 5378 sibi
2397 5321 2700 5389 addixerit,
2748 5323 2935 5393 suique
2977 5322 3110 5393 juris
3156 5322 3381 5378 fecerit?
3411 5323 3640 5378 Rursum

2050 5415 2193 5469 Elius
2224 5414 2313 5470 ille
2343 5414 2488 5487 (nam
2514 5430 2583 5470 ne
2611 5429 2753 5469 nunc
2773 5414 2986 5485 quidem
3014 5413 3083 5468 ab
3107 5429 3172 5470 eo
3196 5413 3504 5486 abscedam)
3526 5422 3640 5485 post

2048 5506 2218 5576 fugam
2260 5521 2322 5560 ac
2356 5506 2717 5561 secessionem
2745 5520 2775 5559 a
2807 5495 3087 5560 Palaestina
3113 5547 3125 5570 ,
3159 5505 3406 5561 mmroris
3436 5504 3635 5559 acerbi-

2047 5605 2206 5652 tatem
2240 5613 2344 5652 non
2376 5598 2550 5654 ferens
2583 5596 2647 5669 (si
2678 5598 2891 5669 quidem
2918 5599 2969 5652 in
3000 5614 3191 5669 magno
3221 5614 3455 5656 moerere.
3482 5609 3635 5668 atque

2043 5704 2243 5759 angore
2271 5691 2582 5747 versabatur
2608 5711 2620 5746 :
2650 5691 2789 5761 quod
2816 5694 2973 5747 etiam
3004 5694 3068 5758 is,
3103 5692 3188 5762 qui
3215 5707 3331 5746 eam
3363 5691 3629 5746 historiam

2049 5783 2217 5841 literis
2246 5783 2536 5853 mandavit,
2571 5782 2653 5839 bis
2685 5784 2860 5842 verbis
2887 5783 3119 5841 declarat
3143 5826 3157 5853 ,
3186 5782 3317 5838 Abiit
3338 5784 3490 5854 juxta
3520 5785 3627 5839 ani-
