3906 6368
208 376 301 433 577

206 509 329 548 nam
363 484 568 557 suam),
597 482 724 555 quid
750 483 801 537 in
825 497 920 537 sua
948 480 1016 537 ad
1058 481 1222 536 Deum
1263 481 1570 549 precatione
1596 481 1739 536 dicat
1759 521 1774 545 ,

206 584 373 643 audias
392 581 544 635 velim
566 576 665 632 :Et
681 576 891 648 suﬁiciat
908 591 1063 641 nunc,
1087 573 1324 629 Domine.
1346 573 1532 643 Accipe
1555 575 1778 628 animum

207 685 352 724 meam
388 682 418 718 α
457 681 533 717 me
563 678 581 717 :
609 678 712 716 non
743 661 876 715 enim
920 676 1032 714 sum
1068 657 1250 712 melior
1283 674 1437 728 quam
1474 670 1644 728 putres
1681 659 1780 712 mei

207 764 286 833 (ὅ.
312 760 433 829 Reg.
471 757 554 810 19.
588 756 642 809 5.
673 754 709 807 4
733 753 774 823 ).
807 750 880 807 lta
906 750 1036 807 illud
1063 750 1205 820 quod
1231 750 1617 806 lormidabilius
1640 760 1776 816 erat,

206 856 336 912 illum
363 849 600 920 supplicii
626 847 1004 917 colophonem,
1037 842 1164 900 illud
1193 844 1454 913 malorum
1486 852 1647 913 caput
1667 885 1683 910 ,
1716 844 1778 898 il-

203 948 294 1004 lam
320 940 528 998 sceleris
553 940 730 994 omnis
756 926 965 1008 poenam
992 944 1229 1006 exoptat,
1262 944 1421 1006 atque
1452 936 1504 990 in
1533 936 1776 991 benelicii

204 1038 310 1093 loco
342 1035 487 1106 petit.
536 1031 717 1101 USque
758 1030 895 1085 adeo
924 1037 1095 1083 morte
1127 1027 1415 1103 terribilior
1443 1038 1526 1082 est
1556 1042 1775 1101 mceror.

206 1132 266 1187 lit
290 1104 422 1184 enim
448 1127 587 1181 hunc
614 1122 873 1194 elingcret
895 1163 910 1188 ,
937 1104 1004 1176 ad
1033 1121 1175 1175 illam
1204 1119 1454 1190 perfugit.

264 1224 314 1277 5.
353 1220 445 1275 Hic
473 1226 651 1272 autem
681 1215 1034 1287 qumstionem
1065 1211 1350 1283 quamdam
1380 1212 1476 1290 tibi
1509 1212 1776 1295 explicare

202 1316 327 1371 volo.
351 1307 456 1369 Nec
475 1312 616 1367 enim
639 1325 727 1365 me
754 1308 909 1373 fallit,
928 1316 1184 1378 quantum
1208 1305 1511 1383 huiusmodi
1530 1309 1778 1375 qumstio—

202 1422 286 1461 nes
312 1404 395 1459 libi
418 1401 635 1458 dissolvi
664 1400 867 1470 cupias.
894 1384 1167 1466 Quaenam
1201 1397 1363 1467 igitur
1417 1398 1778 1471 timeoqumstio

202 1497 311 1554 est?
334 1496 388 1551 Si
412 1502 638 1550 mortem
679 1507 915 1548 mterore
955 1491 1212 1548 leviorem
1240 1505 1360 1545 esse
1388 1480 1775 1557 existimabat,

201 1589 315 1660 quid
337 1603 503 1643 causa:
531 1594 635 1653 est,
662 1600 760 1640 cur
785 1582 1016 1639 vitanda:
1043 1582 1230 1637 mortis
1259 1597 1420 1638 causa
1446 1582 1635 1637 relicto
1663 1583 1778 1638 solo

204 1682 357 1753 patrio
380 1670 439 1735 ac
461 1678 806 1750 popularibus
828 1676 939 1731 suis
963 1675 1297 1746 profugerit?
1322 1683 1375 1730 et
1399 1689 1495 1729 cur
1514 1676 1602 1745 qui
1634 1675 1778 1747 prius

202 1791 308 1831 eam
336 1771 562 1843 fugiebat
587 1813 601 1838 ,
631 1785 774 1824 nunc
799 1784 916 1824 eam
946 1766 1207 1837 expetat?
1246 1766 1507 1822 Nimirum
1553 1776 1609 1821 ut
1655 1765 1780 1822 hinc

203 1867 277 1923 vel
318 1865 541 1922 maxime
563 1906 578 1929 ,
629 1870 885 1934 quantum
918 1848 1181 1916 rmmstitia
1213 1869 1442 1916 mortem
1481 1863 1776 1933 acerbitate

204 1968 419 2028 superet,
450 1955 732 2026 intelligas.
763 1952 897 2008 Nam
927 1967 1048 2007 cum
1080 1952 1268 2008 mortis
1293 1952 1572 2007 dumtaxat
1601 1962 1776 2008 metus

201 2068 310 2109 eum
337 2058 592 2122 quateret,
626 2062 732 2102 non
759 2045 854 2100 abs
884 2060 944 2101 re
970 2044 1179 2113 quidvis
1206 2041 1492 2112 efficiebat,
1526 2060 1631 2114 quo
1659 2059 1775 2099 eam

202 2145 452 2216 effugeret.
485 2140 556 2196 At
576 2147 920 2210 posteaquam
948 2151 1149 2191 mceror
1176 2136 1228 2190 in
1255 2136 1423 2205 ipsius
1453 2145 1669 2206 pectore
1696 2136 1781 2189 in-

201 2233 365 2288 sidens
387 2240 629 2286 naturam
653 2243 803 2283 suam
825 2226 1077 2291 ostendit,
1106 2241 1229 2281 eum
1255 2225 1503 2281 videlicet
1524 2226 1776 2292 exedens,

200 2324 467 2379 absumens
491 2364 504 2387 ,
534 2319 783 2375 dentibus
811 2315 1102 2372 conﬁciens
1127 2358 1143 2382 ,
1190 2329 1351 2388 atque
1381 2316 1777 2371 intolerandum

201 2418 246 2472 in
269 2416 478 2471 modum
507 2412 822 2468 excrucians
840 2452 853 2476 ,
881 2418 994 2465 tum
1019 2409 1249 2479 denique
1277 2408 1328 2463 id
1359 2408 1500 2480 quod
1531 2410 1781 2463 omnibus

199 2511 345 2566 rebus
369 2507 581 2580 gravius
607 2516 661 2562 et
686 2505 930 2560 acerbius
970 2511 1094 2570 est,
1136 2502 1307 2581 levius
1344 2517 1463 2557 esse
1502 2501 1779 2572 judicavit.

200 2603 489 2672 Eodemque
527 2587 688 2654 motio
714 2584 880 2653 Jonas
903 2596 1062 2650 etiam
1105 2609 1391 2670 mterorem
1423 2586 1630 2664 fugiens
1666 2635 1682 2660 ,
1713 2593 1780 2647 ad

200 2705 406 2752 mortem
436 2677 674 2762 confugit
701 2708 715 2746 :
747 2699 1083 2759 mortemque
1109 2688 1220 2759 ipse
1246 2702 1459 2756 quoque.
1488 2685 1570 2740 his
1599 2685 1780 2740 verbis

200 2804 226 2844 a
254 2789 354 2844 Deo
379 2786 564 2858 petivit
591 2803 607 2840 :
637 2784 820 2855 Accipe
847 2782 1071 2836 animam
1099 2796 1261 2834 meam
1287 2797 1318 2832 a
1347 2795 1426 2833 me
1455 2795 1475 2833 :
1504 2779 1684 2833 melius
1708 2788 1784 2832 est

201 2883 319 2937 enim
345 2880 468 2934 mihi
497 2878 628 2932 mori
646 2921 660 2942 ,
691 2893 843 2948 quam
871 2875 1031 2928 vivere
1090 2871 1281 2939 (Jonas
1308 2872 1361 2926 4.
1388 2873 1422 2926 5
1441 2871 1485 2943 ).
1515 2871 1786 2939 Davidqne

203 2973 336 3036 item,
367 2970 482 3026 sive
507 2985 575 3024 e1
608 2982 723 3031 sua,
750 2967 861 3020 sive
887 2980 949 3019 ex
974 2964 1056 3018 ali.
1080 2980 1197 3018 rum
1220 2962 1570 3033 quorumdam
1600 2961 1785 3031 lugen-

203 3065 317 3120 tium
343 3077 568 3134 persona
599 3059 859 3130 psalmum
889 3055 1232 3111 conscribens
1258 3097 1274 3120 ,
1305 3055 1406 3110 lioc
1432 3054 1606 3123 ipsum
1639 3051 1780 3107 indi-

200 3169 294 3214 cat.
323 3158 448 3213 Cum
474 3155 767 3210 consisteret
793 3193 807 3216 ,
852 3139 1030 3220 inquit
1048 3192 1063 3214 ,
1106 3159 1339 3220 peccator
1364 3147 1635 3202 adversum
1664 3163 1745 3201 me
1765 3187 1782 3211 ,

202 3248 447 3313 obmutui,
473 3256 521 3301 et
554 3244 852 3300 humiliatus
881 3258 991 3295 sttm
1018 3282 1031 3305 ,
1062 3251 1108 3293 et
1138 3239 1260 3293 silui
1291 3256 1323 3292 a
1352 3239 1493 3293 bonis
1517 3280 1530 3304 ,
1563 3247 1610 3293 et
1639 3238 1786 3292 dolor

201 3360 322 3397 mens
348 3344 614 3396 renduatus
641 3345 730 3391 est.
760 3333 1026 3391 Concaluit
1056 3348 1144 3385 cor
1169 3348 1333 3384 meum
1362 3331 1495 3384 intra
1519 3346 1597 3383 me
1615 3372 1628 3393 ,
1661 3337 1708 3383 et
1734 3329 1784 3384 in

201 3433 508 3487 meditatione
533 3445 640 3483 mea
664 3424 953 3481 exardescet
982 3423 1111 3515 ignis
1147 3420 1317 3492 (Psal.
1350 3422 1438 3476 '58.
1470 3418 1613 3493 2-4)
1644 3437 1657 3473 :
1694 3435 1788 3488 per

202 3523 361 3594 ignem
405 3522 557 3577 illum
601 3518 805 3574 scilicet
842 3512 1090 3571 mmrorii
1135 3512 1417 3579 affectum,
1462 3512 1570 3582 qui,
1598 3513 1787 3581 quovis

203 3615 310 3685 igne
347 3612 592 3670 acerbior
638 3617 757 3675 est,
800 3608 1110 3678 designans.
1142 3605 1263 3659 Ideo
1307 3605 1488 3675 plagas
1532 3603 1696 3685 ipsius
1722 3618 1787 3658 ac

201 3684 397 3765 dolores
445 3706 665 3760 minime
704 3703 813 3771 jam
862 3701 1081 3767 ferens,
1114 3699 1196 3781 liis
1226 3698 1403 3779 verbis
1436 3684 1653 3752 utitur;
1682 3696 1785 3749 ιο.

201 3812 368 3870 quatas
388 3817 506 3857 sum
534 3800 587 3854 in
609 3798 782 3869 lingua
808 3812 939 3849 mea.
998 3793 1134 3861 Quid
1164 3802 1340 3847 autem
1391 3791 1627 3869 loqueris
1653 3832 1668 3857 ,
1703 3790 1787 3845 dic

202 3892 404 3963 quaeso?
430 3893 653 3948 Mortem
680 3903 891 3959 quoque
921 3887 1009 3941 hic
1040 3885 1191 3956 petit,
1222 3883 1407 3963 dicens
1436 3901 1451 3959 :_
1481 3881 1676 3937 Notum
1705 3886 1788 3954 fac

202 3986 331 4052 mihi,
356 3968 592 4049 Domine,
611 3983 762 4052 ﬁnem
790 3997 953 4035 meum
982 3990 1027 4034 et
1055 3996 1318 4035 numerum
1341 3978 1535 4034 dierum
1556 3994 1786 4033 meorum

201 4079 299 4148 quis
322 4088 413 4146 est,
448 4086 505 4130 ut
529 4077 687 4131 sciam
716 4091 806 4128 cur
832 4089 999 4127 morer
1023 4089 1114 4143 ego
1145 4070 1162 4143 (
1186 4069 1270 4125 Ib.
1301 4087 1350 4125 υ.
1379 4069 1478 4142 5).
1513 4071 1643 4137 Qua:
1673 4070 1789 4141 qui-

200 4168 308 4223 dem
336 4167 503 4224 verba
530 4165 741 4221 tametsi
768 4163 835 4218 ab
856 4162 988 4217 Elia:
1004 4162 1181 4218 verbis
1199 4161 1526 4231 discrepent,
1545 4160 1788 4215 eamdem

203 4270 361 4317 tamen
391 4259 717 4315 sententiam
749 4256 963 4311 habent.
992 4253 1124 4310 Nam
1156 4254 1297 4325 quod
1340 4254 1432 4308 ille
1466 4253 1633 4319 dixit,
1670 4251 1791 4306 Non

200 4367 300 4407 sum
326 4351 506 4408 melior
528 4365 679 4421 quam
705 4357 872 4419 patres
900 4345 1032 4411 mei,
1067 4345 1167 4400 hoc
1191 4346 1293 4400 iste
1320 4345 1400 4399 his
1428 4341 1603 4400 verbis
1629 4345 1792 4415 signi-

200 4442 363 4498 ﬁcavit
394 4461 408 4496 :
447 4439 643 4496 Notum
686 4440 769 4509 [ac
814 4438 937 4492 milii
959 4480 974 4504 ,
1007 4434 1228 4490 Domine
1254 4476 1269 4502 ,
1309 4436 1463 4505 ﬁnem
1501 4452 1666 4489 meum
1688 4477 1703 4501 ,
1739 4443 1794 4488 ut

199 4535 344 4589 sciam
367 4533 497 4607 quid
523 4549 691 4588 morer
716 4547 827 4603 ego.
859 4529 968 4585 lloc
996 4539 1097 4595 est,
1126 4528 1239 4595 Qua
1265 4527 1333 4583 de
1353 4542 1511 4582 causa
1538 4542 1638 4598 ego
1668 4528 1792 4582 reli-

202 4637 307 4683 ctus
340 4622 464 4684 ‘sum
492 4669 509 4696 ,
553 4627 829 4695 seriusque
863 4624 997 4678 abeo
1030 4638 1045 4676 :
1077 4638 1179 4692 qua
1205 4620 1273 4675 de
1308 4635 1466 4675 causa
1493 4659 1510 4686 ,
1548 4636 1669 4675 cum
1701 4620 1791 4674 alii

202 4717 299 4789 iam
327 4736 358 4775 e
387 4722 494 4776 vita
521 4718 884 4783 discesserint,
913 4719 1027 4787 ipse
1054 4724 1229 4769 tamen
1252 4728 1528 4781 remaneo,
1552 4722 1711 4784 atque
1741 4712 1793 4766 in

205 4812 445 4877 praesenti
483 4811 593 4866 'vita
637 4791 1031 4864 diuturniorem.
1057 4820 1260 4860 moram
1292 4804 1490 4859 traho?
1527 4806 1606 4859 Ac
1650 4813 1797 4858 tanta

207 4905 382 4959 mortis
405 4902 695 4973 cupiditate
722 4911 952 4967 tenetur,
982 4901 1094 4955 sive
1124 4899 1259 4973 ipse,
1291 4899 1405 4953 sive
1440 4897 1537 4966 illi,
1565 4913 1793 4969 quorum

206 4997 412 5052 nomine
457 4996 712 5066 loquitur,
768 4995 1046 5059 utetiam,
1091 5008 1155 5047 ea
1203 4991 1441 5047 nondum
1486 5001 1753 5062 praesente
1779 5033 1795 5059 ,

207 5090 503 5158 praesentia:
549 5097 760 5157 tempus
798 5087 938 5141 scire
973 5095 1145 5139 aveat.
1198 5083 1411 5150 Notum,
1464 5084 1672 5154 inquit,
1720 5085 1802 5152 [ac

207 5180 345 5248 mihi,
367 5179 608 5244 Domine,
636 5179 788 5248 ﬁnem
816 5193 1004 5241 meum,
1032 5190 1137 5246 quo
1163 5174 1411 5231 videlicet
1441 5175 1565 5229 hinc
1589 5189 1802 5244 quoque

210 5272 491 5327 maximam
516 5271 845 5341 voluptatem
877 5269 1073 5339 capiat.
1103 5269 1179 5323 ιω
1218 5267 1269 5322 id
1300 5268 1442 5338 quod
1476 5267 1821 5334 horrendum

209 5370 323 5424 est,
368 5375 587 5433 propter
625 5360 1019 5416 intolerandum
1054 5359 1303 5414 mmroris
1332 5358 1574 5413 dolorem
1602 5400 1615 5424 ,
1644 5369 1803 5427 atque

214 5454 385 5525 ignem
414 5457 470 5513 in
498 5471 677 5512 animo
704 5452 1145 5510 exardescentem
1173 5493 1187 5517 ,
1232 5450 1587 5521 expetendum
1627 5451 1806 5506 reddi-

218 5554 316 5602 tur.
342 5545 411 5601 In
432 5547 754 5601 meditatione
780 5547 921 5602 enim
951 5561 1084 5612 mea,
1117 5544 1308 5614 inquit,
1340 5543 1629 5597 exardescet
1651 5544 1803 5615 ignis.

284 5636 558 5691 dirutum:
580 5653 794 5692 coronas
847 5636 1071 5708 pariunt.
1100 5665 1173 5676 —
1206 5635 1467 5703 Quocirca
1521 5651 1642 5691 cum
1692 5644 1807 5690 tan-

222 5739 325 5784 tant
349 5744 560 5798 poenam
603 5726 741 5794 luas,
794 5743 1037 5799 magnam
1080 5725 1207 5782 hinc
1249 5726 1549 5783 mercedem
1575 5767 1590 5793 ,
1642 5727 1806 5781 multa

225 5820 459 5893 prmmia,
491 5822 946 5880 remunerationes
974 5820 1380 5892 inenarrabiles,
1412 5819 1719 5894 splendidas
1742 5836 1807 5878 ac

1664 367 2039 426 EPISTOIAE.

3374 392 3485 449 573

1890 483 2044 539 valde
2083 484 2340 544 ﬂorentes
2370 485 2677 561 hujnsmodi
2721 498 3072 554 certaminum
3118 516 3344 558 coronas
3386 523 3483 560 es»

1884 588 2089 645 specla.
2141 579 2255 634 Non
2299 583 2440 637 enim
2484 584 2659 639 solum
2704 586 2904 657 aliquid
2946 588 3072 645 boni
3118 592 3356 661 efﬁcere,
3387 598 3481 651 sed

1882 669 2042 723 etiam
2070 670 2270 741 aliquid
2297 674 2420 727 mali
2450 676 2674 745 perpeti,
2700 693 2944 748 magnam
2978 683 3283 738 mercedem
3315 695 3477 756 atque

1882 761 2061 830 ampla
2084 764 2300 840 pra-mia
2322 764 2546 820 obtinet.
2579 768 2752 838 Atque
2773 770 2838 823 ad
2867 771 3003 826 lianc
3031 774 3328 830 orationem
3368 779 3479 848 jam

1886 865 1972 905 me
1998 855 2238 924 confero,
2273 867 2464 926 utqutc
2482 867 2535 912 et
2560 859 2677 925 tibi,
2706 872 2761 914 et
2779 863 2989 919 cunctis
3018 879 3345 934 magnopere
3371 870 3479 924 uti-

1881 945 1950 998 lis
1969 944 2059 1009 sit,
2088 945 2388 1017 animisque
2406 947 2474 1003 ad
2508 950 2810 1019 patientiam
2836 954 3352 1023 aeuendissulﬂetat,
3379 974 3479 1016 nec

1884 1052 1978 1091 eos
2004 1037 2069 1091 ad
2101 1039 2463 1095 calamitatum
2488 1041 2712 1097 sudores
2729 1044 2997 1101 debilitari
3022 1046 3184 1102 sinat.

1942 1128 2011 1183 ‘6.
2053 1129 2207 1194 Quod
2238 1131 2398 1199 igitur
2423 1133 2785 1189 calamitatum
2815 1139 3051 1192 omnium
3094 1140 3428 1198 atrocissima
3458 1185 3474 1209 ,

1883 1233 1947 1273 ac
1978 1221 2237 1275 malorum
2267 1224 2528 1292 colophon
2552 1233 2606 1279 et
2624 1235 2800 1295 caput,
2835 1231 3085 1283 mmstilia
3114 1233 3201 1295 sit,
3235 1234 3364 1288 satis
3395 1234 3478 1288 l‘u-

1882 1324 1942 1365 se
1968 1325 1999 1364 a
2023 1311 2177 1366 nobis
2205 1322 2284 1367 est
2314 1313 2739 1369 demonstratum
2766 1333 2780 1370 :
2810 1329 3055 1387 superest
3073 1320 3183 1389 jam
3227 1331 3283 1377 ut
3313 1323 3480 1377 virtu-

1884 1410 1963 1458 tes
1979 1412 2031 1457 et
2051 1403 2411 1473 calamitatum
2426 1407 2813 1475 .perpessiones
2835 1408 2973 1464 inter
2997 1424 3057 1466 se
3077 1426 3471 1482 comparemus,

1883 1503 1941 1550 ut
1959 1497 2236 1566 perspicue
2264 1496 2531 1569 intelligas
2551 1514 2656 1553 non
2679 1500 2968 1556 virtutibus
2985 1502 3182 1571 solum,
3210 1505 3303 1560 sed
3318 1507 3480 1561 etiam

1884 1587 2280 1642 calamitatibus
2301 1590 2602 1645 mercedem
2625 1593 2968 1647 constitutam
2986 1609 3129 1662 esse,
3180 1603 3235 1650 et
3260 1597 3478 1667 quidem

1883 1678 2171 1734 admodum
2203 1682 2432 1752 amplam
2461 1697 2476 1735 :
2509 1697 2610 1737 nec
2637 1683 3030 1751 calamitatibus
3072 1687 3268 1754 minus,
3321 1704 3482 1759 quam

1883 1773 2195 1841 virtutibus;
2227 1774 2334 1828 imo
2363 1774 2593 1845 amplius
2623 1776 2896 1839 interdum
2916 1779 3327 1836 calamitatibus.
3362 1783 3441 1838 Ac
3460 1823 3478 1849 ,

1883 1864 1928 1919 si
1956 1864 2122 1933 lubet,
2157 1880 2404 1935 maguum
2437 1867 2704 1935 patientia)
2741 1869 2971 1939 pugilem
3013 1869 3319 1934 inmedium
3350 1889 3481 1942 pro-

1884 1957 2158 2023 ducamus,
2187 1973 2331 2023 eum,
2361 1959 2609 2030 inquam,
2668 1961 2759 2031 qui
2806 1971 3031 2032 utroque
3071 1964 3244 2019 laudis
3281 1981 3480 2035 genere

1883 2047 2176 2118 splenduit,
2206 2049 2545 2105 adamantem
2572 2051 2743 2118 illum,
2780 2061 2985 2122 petram
3012 2053 3153 2108 illam
3178 2097 3194 2119 ,
3246 2071 3368 2110 eum
3392 2058 3480 2126 qui

1887 2141 1939 2195 in
1975 2141 2216 2196 Ausitide
2238 2140 2450 2212 quidem
2479 2144 2697 2213 regione
2723 2146 2947 2208 exstitit,
3005 2162 3189 2200 verum
3224 2147 3480 2216 singulari

1887 2233 2116 2305 quadam
2135 2235 2352 2289 virtutis
2374 2249 2486 2290 sua:
2509 2235 2871 2305 magnitudine
2888 2236 3198 2290 universum
3220 2246 3483 2293 terrarum

1885 2326 2073 2381 orbem
2106 2326 2438 2382 collustravit
2461 2368 2479 2393 ,
2537 2338 2699 2396 atque
2726 2327 2891 2395 ipsius
2921 2339 3030 2381 tum
3065 2329 3287 2384 virtutes
3308 2369 3325 2395 ,
3374 2338 3485 2383 tum

1886 2417 2225 2473 calamitates
2246 2432 2602 2487 exponamus,
2623 2426 2698 2483 ut,
2722 2433 2825 2486 qua
2853 2433 2916 2472 ex
2947 2427 3098 2488 parte
3127 2420 3296 2488 magis
3324 2419 3482 2474 ell‘ul-

1886 2513 2034 2577 scrit,
2085 2500 2417 2587 compertum
2452 2510 2670 2566 habeas.
2703 2511 2960 2578 Qumnam
2991 2510 3149 2580 igitur
3187 2511 3352 2582 ipsius
3380 2512 3487 2565 vir-

1889 2614 2029 2681 tutes
2055 2605 2248 2659 erant?
2296 2602 2495 2657 Damus
2550 2603 2682 2657 enim
2713 2619 2845 2668 mea,
2893 2603 3082 2671 inquit,
3111 2603 3247 2656 omni
3277 2604 3490 2656 uenienti

1890 2696 2074 2764 patuit,
2104 2696 2480 2763 communisque
2527 2702 2632 2747 erat
2688 2693 2963 2747 viatoribus
3008 2705 3184 2764 portus
3228 2692 3347 2763 (Job
3398 2695 3486 2750 3i.

1888 2790 2002 2859 52).
2035 2788 2172 2856 Quin
2193 2788 2330 2841 bona
2361 2802 2454 2841 sua
2478 2786 2547 2839 ita
2572 2784 2879 2855 possidebat
2926 2795 2981 2838 nt
3007 2802 3069 2841 ea
3126 2801 3261 2855 pene
3311 2787 3490 2841 omnia

1888 2894 1993 2933 non
2012 2877 2134 2943 sibi,
2165 2876 2259 2932 sed
2288 2876 2606 2946 pauperibus
2623 2874 2862 2930 haberet.
2889 2873 3080 2930 Oculus
3097 2877 3264 2940 enim,
3297 2878 3487 2943 inquit,

1889 2970 1966 3041 fui
1995 2985 2281 3035 ca’corum,
2326 2977 2373 3021 et
2429 2984 2515 3038 prs
2568 2966 2867 3020 claudorum
2914 2966 3047 3039 (Job
3089 2967 3179 3020 29.
3219 2967 3487 3039 15-17).

1889 3062 2048 3117 Pater
2070 3078 2210 3115 eram
2239 3059 2563 3127 imbecillium
2590 3075 2609 3113 :
2638 3068 2683 3113 et
2711 3075 2937 3127 causam,
2966 3076 3115 3132 quam
3155 3061 3435 3114 nesciebant
3459 3101 3476 3125 ,
3521 3118 3527 3123 ,

1892 3153 2298 3224 inuestigabam:
2324 3151 2638 3205 conterebant
2670 3150 2831 3205 molas
2857 3152 3144 3222 iniquorum
3171 3169 3191 3206 .'
3217 3163 3263 3205 et
3286 3152 3349 3206 de
3373 3153 3490 3206 den-

1891 3248 2025 3301 tibus
2045 3247 2252 3300 illorum
2271 3244 2562 3315 auferebam
2584 3244 2831 3316 pradam.
2875 3242 3160 3299 [inbecilles
3206 3256 3397 3311 autem,
3445 3246 3492 3300 si

1889 3356 1989 3411 qua
2016 3356 2070 3393 re
2099 3355 2225 3407 Opus
2249 3336 2517 3411 habebant,
2547 3337 2749 3390 minime
2764 3335 3018 3407 repulsam
3042 3337 3264 3409 ferebant
3293 3354 3313 3393 :
3334 3354 3491 3406 neque

1889 3431 2155 3501 quisquam
2184 3444 2272 3482 lea:
2313 3426 2507 3481 uadibus
2535 3428 2658 3481 meis
2680 3443 2920 3496 umquam
2940 3444 3096 3481 vacuo
3120 3429 3234 3482 sinu
3261 3444 3491 3500 egressus

1891 3531 1961 3576 est
1995 3519 2116 3592 (Job
2169 3520 2259 3574 5i.
2288 3518 2502 3589 16.54).
2535 3518 2698 3573 Vides
2724 3519 2868 3573 varia
2901 3518 3248 3573 humanitatis
3266 3537 3486 3589 genera,

1892 3621 1945 3668 et
1976 3611 2154 3666 varios
2184 3610 2542 3680 elcemosyna:
2578 3624 2779 3679 portus,
2807 3627 3039 3680 eumque
3064 3612 3254 3681 quavis
3286 3613 3492 3667 ratione

1890 3720 2046 3773 opem
2088 3703 2152 3757 iis
2190 3743 2207 3769 ,
2256 3701 2660 3771 quibusinjuria
2691 3702 2892 3768 ﬁebat,
2942 3702 3293 3757 allerentcm?
3346 3704 3492 3759 vides

1891 3811 2013 3851 eum
2081 3803 2372 3867 egestatem
2445 3792 2812 3847 sublevantem
2847 3835 2862 3860 ,
2936 3794 3122 3847 viduas
3198 3794 3490 3861 foventem,

1893 3888 2045 3943 hesis
2102 3886 2453 3957 opitulantem
2487 3926 2502 3949 ,
2568 3885 2882 3940 Ledentibus
2948 3895 3209 3940 terrorem
3291 3886 3488 3940 incuti-

1891 3978 2312 4047 entem‘iNeque
2332 3977 2475 4031 enim
2497 3991 2563 4031 eo
2579 3976 2750 4030 solum
2801 3975 3032 4030 studium
3076 3992 3231 4030 suum
3273 3977 3496 4032 demon-

1896 4070 2138 4135 strabat,
2195 4068 2336 4138 quod
2390 4071 2455 4122 iis
2483 4108 2497 4133 ,
2559 4067 2649 4138 qui
2704 4066 3053 4133 ltedebantnr,
3083 4078 3278 4137 praesto
3302 4078 3442 4123 esset
3471 4110 3488 4135 ,

1894 4170 2055 4233 atque
2073 4161 2328 4216 auxilium
2374 4159 2538 4216 ferret
2590 4159 2771 4231 (quod
2804 4160 3176 4215 multifaciunt
3205 4162 3493 4230 ),.verum

1897 4256 2058 4310 etiam
2082 4268 2151 4309 eo
2180 4267 2347 4322 usque
2376 4252 2672 4315 laborabat,
2720 4251 2895 4322 quoad
2926 4252 3193 4322 negotium
3222 4251 3492 4307 confecis-

1900 4355 2005 4414 set,
2040 4356 2095 4402 et
2122 4345 2339 4417 quidem
2381 4361 2570 4416 magna
2597 4361 2719 4399 cum
2749 4345 3110 4399 vehementia.
3167 4343 3495 4399 Conterebam

1898 4438 2065 4501 enim,
2102 4437 2293 4506 inquit,
2329 4436 2492 4490 molas
2547 4435 2832 4505 iniquorum
2883 4432 3002 4506 (Job
3029 4434 3120 4490 29.
3152 4436 3235 4504 l7)
3266 4452 3280 4487 :
3310 4451 3496 4490 eorum

1899 4530 2151 4585 videlicet
2180 4528 2462 4584 conatibus
2510 4527 2898 4597 providentiam
2949 4542 3099 4579 suam
3151 4526 3287 4578 muri
3332 4527 3501 4579 instar

1900 4635 2197 4691 apponens.
2228 4619 2338 4674 Nec
2365 4633 2496 4672 vero
2524 4616 2801 4671 hominum
2854 4625 3058 4670 tantum
3113 4615 3322 4684 injuriis
3346 4657 3362 4681 ,
3403 4615 3499 4671 sed

1901 4712 2061 4768 etiam
2092 4719 2297 4764 naturae
2326 4707 2536 4763 insidiis
2565 4721 2746 4760 curam
2780 4721 2930 4759 suam
2982 4719 3046 4758 ac
3086 4704 3500 4761 sollicitudinem

1902 4804 2183 4875 objiciens,
2217 4802 2387 4873 ipsius
2419 4800 2669 4854 nimirum
2695 4797 2822 4853 vitia
2871 4797 3127 4867 singulari
3178 4798 3358 4852 auxilii
3418 4800 3502 4854 sui

1904 4897 2268 4968 magnitudine
2292 4894 2586 4964 corrigens.
2610 4891 2740 4946 Nam
2763 4891 2884 4961 quia
2914 4890 3153 4944 membra
3184 4890 3313 4960 ipsis
3337 4892 3499 4945 resti-

1907 5000 2060 5045 tuere
2090 4989 2307 5042 minime
2334 4993 2563 5059 poterat,
2595 4983 2695 5039 hoc
2736 4992 2818 5037 est
2842 4984 3003 5037 caecis
3024 4982 3212 5038 oculos
3232 5024 3246 5048 ,
3295 4982 3502 5043 claudis

1906 5081 2093 5153 pedes,
2122 5081 2485 5135 membrorum
2516 5078 2684 5132 inStar
2727 5075 2856 5146 ipsis
2899 5082 3072 5131 erat:
3118 5086 3280 5147 atque
3336 5076 3505 5147 ipsius

1907 5189 2068 5243 opera
2096 5173 2130 5227 ii
2167 5171 2255 5243 qui
2286 5171 2455 5225 oculis
2480 5168 2620 5238 capti
2664 5176 2858 5231 erant,
2905 5166 3189 5231 videbant;
3235 5176 3290 5220 et
3335 5167 3370 5220 ii
3416 5167 3506 5236 qui

1907 5264 2154 5320 cruribus
2178 5262 2361 5316 oblmsi
2388 5275 2451 5316 ac
2469 5258 2695 5313 mutilati
2722 5265 2896 5322 erant,
2950 5257 3319 5312 ambulabant.
3369 5256 3506 5322 Quid

1908 5376 2028 5415 cum
2057 5359 2157 5413 hac
2193 5354 2523 5411 humanitate
2548 5353 2847 5420 comparari
2890 5358 3053 5421 queat
3086 5351 3108 5405 ?
3159 5350 3304 5404 Alias
3332 5349 3506 5403 etiam

1912 5453 2077 5524 ipsius
2105 5451 2334 5504 virtutes
2364 5447 2675 5517 exploratas
2704 5444 2869 5499 habes
2909 5460 2925 5511 ;
2982 5459 3049 5499 ne
3078 5440 3254 5496 omnia
3285 5438 3510 5495 enume-

1910 5559 2038 5599 rans
2060 5542 2360 5599 orationem
2385 5539 2698 5611 protrabam
2724 5557 2738 5595 :
2772 5550 2981 5592 morum
3005 5534 3336 5599 facilitatem,
3368 5532 3503 5588 leni-

1913 5646 2097 5702 tatem,
2128 5650 2393 5691 summam
2423 5632 2743 5689 modestiam
2776 5645 2840 5686 ac
2877 5624 3319 5699 temperantiam;
3373 5642 3508 5698 quo-

1914 5745 2037 5785 nam
2065 5738 2242 5799 pacto,
2271 5743 2394 5783 cum
2420 5727 2475 5783 in
2501 5740 2598 5782 eos
2620 5724 2711 5795 qui
2741 5720 2992 5793 iniuriam
3019 5719 3137 5774 aliis
3163 5717 3441 5774 inferebat-

1916 5819 2207 5879 vehemens
2237 5826 2380 5876 esset
2433 5817 2598 5889 (nam
2645 5816 2747 5873 hoc
2773 5827 2902 5870 sane
2929 5807 3295 5881 mirandum),
3322 5812 3499 5869 suavis
