3906 6390
421 387 530 448 3379

418 520 605 568 tanien
627 519 683 568 et
707 518 1039 577 mansuetus,
1090 517 1248 579 atque
1276 506 1395 576 Ipso
1415 506 1581 561 etiam
1613 505 1773 561 melle
1799 503 2009 560 dulcior

414 614 558 671 erat,
588 621 711 659 ctua
740 618 866 673 erga
887 616 1075 657 eomes
1100 601 1255 667 alios,
1290 609 1400 654 tum
1431 613 1554 670 erga
1580 598 1807 653 famulos
1834 613 1959 652 suos
1988 640 2002 664 ,

412 695 504 763 qui
521 708 772 764 magunum
787 693 867 748 sui
883 708 1006 763 erga
1029 691 1200 761 ipsum
1220 690 1420 746 amoris
1435 700 1809 761 argumentum
1837 689 2003 744 eden-

406 794 519 848 tes,
548 784 832 838 dicebant:
865 782 992 850 Quis
1019 782 1102 836 det
1122 782 1285 847 nobis,
1313 790 1368 834 ut
1384 781 1447 835 de
1470 782 1704 834 cantibus
1721 782 1830 851 ejus
1857 788 2004 833 satu-

412 891 584 929 rentur
626 874 748 947 (Job
774 875 864 930 51.
894 874 1021 945 51)?
1065 872 1220 942 Quod
1268 873 1313 927 si
1365 871 1579 927 hamulis
1626 872 1698 925 ita
1749 884 1906 925 carus
1951 879 2006 925 et

411 967 658 1021 sanabilis
684 976 822 1031 erat,
844 967 1040 1036 quibus
1070 980 1214 1035 same
1244 964 1437 1020 terrori
1469 978 1589 1019 esse
1618 977 1841 1019 necesse
1884 970 2001 1026 est,

410 1068 609 1129 quanto
637 1060 806 1130 magis
835 1060 1047 1116 cunctis
1072 1058 1193 1113 aliis
1232 1057 1578 1113 hominibus?

481 1153 534 1206 7.
576 1151 705 1207 ιιωε
735 1153 917 1224 igitur,
946 1162 1106 1222 atque
1124 1152 1215 1207 bis
1230 1153 1402 1223 plura,
1436 1167 1559 1207 cum
1586 1150 1725 1222 apud
1755 1160 1807 1207 te
1834 1150 2002 1207 colle-

405 1245 571 1316 gcris,
597 1261 698 1317 age
720 1247 834 1317 jam
858 1246 929 1302 ad
946 1247 1345 1314 calamitatum,
1400 1259 1534 1316 quas
1565 1246 1848 1316 perpesisus
1874 1251 1958 1299 est
1986 1284 2001 1309 ,

408 1352 701 1393 atumet-um
722 1337 1130 1394 subducendum
1184 1352 1397 1393 mecum
1450 1346 1503 1393 te
1548 1335 1736 1393 confer
1778 1354 1792 1390 :
1844 1346 2003 1404 atque

403 1430 766 1501 comparando
784 1430 1059 1487 videamus
1079 1444 1186 1501 quo
1212 1438 1455 1500 tempore
1498 1429 1702 1484 clarior
1736 1436 1852 1482 erat
1875 1468 1889 1491 ,
1932 1442 2001 1481 an

401 1538 525 1578 cum
549 1523 653 1578 illis
668 1523 878 1579 virtutis
893 1522 1202 1578 mneribns
1221 1521 1554 1593 fungebatur,
1577 1536 1643 1575 an
1662 1535 1789 1577 cum
1806 1519 2001 1575 acerba

402 1625 679 1687 pateretur
698 1632 821 1687 qua:
835 1631 1082 1686 magnum
1104 1616 1204 1686 ipsi
1224 1630 1515 1671 mmrorem
1531 1612 1851 1669 inurebant?
1872 1613 2001 1669 Utro

407 1709 575 1778 igitur
598 1717 839 1780 teinpore
879 1709 1138 1764 illustrior
1165 1715 1283 1763 erat
1306 1707 1453 1763 Job?
1496 1716 1680 1763 temne
1728 1721 1849 1762 cun.
1905 1704 2000 1760 do-

406 1816 554 1857 tuum
577 1817 730 1856 mam
751 1803 999 1858 omnibus
1030 1802 1117 1872 qui
1147 1816 1213 1857 eo
1242 1801 1344 1856 iter
1390 1799 1657 1857 faciebant
1684 1842 1699 1866 ,
1756 1808 1996 1870 apertam

412 1894 660 1961 mittebat,
693 1911 769 1950 an
792 1912 919 1951 cum
932 1911 994 1951 ea
1025 1902 1295 1965 prostrata
1319 1895 1523 1950 nullum
1572 1894 1823 1949 acerbum
1871 1908 1998 1947 vero

400 1986 526 2040 bum
554 1986 937 2056 pronuntiavit,
963 1986 1058 2041 sed
1084 1987 1251 2042 Deum
1282 1986 1528 2041 laudibus
1558 1984 1779 2040 affecit?
1831 1984 1993 2047 Atqui

399 2079 535 2135 illud
552 2079 761 2134 virtutis
780 2096 976 2135 mulius
1001 2088 1139 2146 erat,
1189 2079 1291 2134 hoc
1337 2078 1634 2149 perpessio.
1677 2077 1815 2134 Utro
1861 2085 1995 2132 tent-

398 2187 529 2242 pore
567 2171 960 2247 insigniorerat
983 2211 997 2237 ,
1028 2170 1114 2228 die
1143 2186 1347 2242 quaeso,
1396 2186 1518 2227 cum
1558 2170 1788 2225 ﬁliorum
1835 2183 1995 2224 causa

398 2262 718 2319 sacriﬁcium
747 2262 1028 2331 ollcrebat,
1055 2279 1263 2333 eosque
1286 2264 1426 2319 inter
1454 2278 1512 2319 se
1537 2263 1882 2327 conciliabat,
1926 2278 1992 2316 an

398 2369 522 2411 eum
549 2354 680 2425 ipsis
705 2354 897 2411 domus
927 2356 1079 2410 mina
1111 2355 1337 2422 obrutis,
1361 2354 1816 2424 acerbissimoqnc
1844 2369 1992 2408 mor-

398 2447 467 2501 tis
490 2461 688 2517 genere
716 2445 784 2501 de
806 2446 986 2502 medio
999 2446 1243 2512 sublatis,
1276 2462 1533 2517 perquam
1555 2448 1830 2517 sapienter
1851 2446 1993 2501 hunc

402 2551 590 2591 casum
617 2536 768 2591 tulit?
797 2535 931 2593 Utro
975 2546 1221 2607 tempore
1246 2538 1414 2608 magis
1453 2538 1706 2601 emicuit,
1757 2552 1879 2592 cum
1924 2538 1993 2593 de

395 2627 576 2681 ovium
605 2627 771 2697 ipsius
797 2628 1083 2684 velleribus
1110 2627 1377 2683 nudorum
1407 2629 1616 2684 humeri
1646 2629 1986 2695 calelicbant,

393 2731 609 2774 sucum
639 2719 802 2774 allato
820 2721 1010 2775 nuntio
1050 2720 1226 2791 ignem
1277 2720 1351 2776 dc
1391 2720 1527 2775 cat-lo
1574 2722 1876 2789 cecidisse,
1935 2733 1991 2779 et

396 2808 708 2864 universum
733 2825 951 2881 gregem
979 2826 1081 2866 una
1112 2826 1235 2866 cum
1259 2812 1563 2881 pastoribus
1583 2813 1944 2883 absumpsisse
1967 2855 1983 2880 ,

393 2901 613 2957 minime
633 2890 931 2958 commotus
959 2919 1023 2959 ac
1051 2905 1395 2974 perturbatus
1414 2913 1519 2972 est,
1562 2921 1759 2961 verum
1774 2907 1992 2962 calami-

394 2998 567 3046 tatem
588 2992 728 3048 hanc
749 3009 904 3065 aequo
927 2994 1111 3050 animo
1137 2994 1295 3050 tulit?
1341 2994 1473 3051 Utro
1522 3005 1764 3065 tempore
1816 2999 1991 3067 major

392 3093 525 3149 erat,
558 3099 680 3139 eum
706 3084 858 3141 ﬁrma
883 3085 1126 3157 corporis
1145 3086 1452 3142 valetudine
1477 3086 1766 3156 frueretur,
1793 3103 1895 3158 qua
1919 3089 1987 3144 ad

390 3188 581 3230 eorum
606 3175 979 3246 qui-iniuriam
1005 3187 1347 3249 acceperant,
1390 3177 1761 3235 defensionem
1793 3180 1984 3235 uteba-

392 3272 503 3331 tur,
521 3275 579 3322 et
604 3267 903 3338 iniquorum
934 3270 1106 3326 molas
1126 3271 1456 3336 conterebat,
1499 3279 1660 3342 atque
1701 3287 1767 3327 ex
1796 3272 1986 3327 mediis

393 3358 639 3427 ipsorum
677 3358 924 3417 dentibus
976 3361 1211 3431 praedam
1259 3361 1553 3432 eripiebat,
1607 3364 1986 3433 oppressisqne

393 3455 580 3516 portus
597 3457 713 3503 erat
731 3466 746 3503 :
764 3464 962 3504 ancum
979 3464 1175 3522 corpus
1190 3465 1367 3518 suum,
1388 3452 1636 3507 laesorum
1654 3453 1980 3523 prmsidium,

391 3555 422 3593 a
456 3540 725 3596 vermibus
747 3542 956 3597 corrodi
984 3542 1366 3614 conspiciebat,
1393 3553 1552 3614 atque
1582 3545 1634 3598 in
1651 3544 1993 3615 sterquilinio

390 3628 604 3696 sedens,
644 3639 861 3702 accepta
892 3641 1027 3690 testa
1056 3634 1187 3690 illud
1215 3635 1330 3707 ipse
1359 3635 1619 3691 radebat?
1640 3636 1822 3692 Glebas
1837 3638 1980 3692 enim

388 3731 539 3776 utrm
558 3723 752 3791 mollia,
783 3724 973 3796 inquit,
1003 3728 1198 3782 saniem
1226 3728 1415 3783 radens
1461 3728 1584 3801 (Job
1612 3731 1665 3784 7.
1708 3732 1785 3802 5).
1818 3732 1980 3802 Atqui

386 3813 568 3867 omnia
599 3814 690 3869 illa
723 3815 1112 3887 virtutis-opem
1138 3828 1290 3874 erant
1319 3836 1333 3870 :
1362 3830 1547 3875 contra
1571 3861 1586 3888 ,
1636 3820 1751 3876 huic
1799 3822 1980 3877 omnia

390 3904 764 3973 perpessiones
792 3924 805 3959 :
837 3915 897 3961 et
919 3916 1095 3964 tamen
1119 3908 1234 3964 inec
1257 3907 1360 3981 ipsi
1386 3910 1664 3981 majorem,
1682 3928 1839 3983 quam
1864 3914 1976 3981 illa,

387 3993 727 4064 Splendorem
769 3998 1080 4053 attulerunt.
1128 3999 1242 4055 Hoc
1267 4001 1408 4055 enim
1439 4001 1784 4057 acerbissima
1811 4001 1979 4072 praelii

389 4102 513 4155 pars
540 4095 674 4153 erat,
707 4091 1074 4160 majoremque
1115 4090 1479 4147 fortitudinem
1509 4094 1778 4164 animique
1808 4094 1976 4148 ﬁrmi-

386 4185 575 4243 tatem,
605 4185 661 4233 et
688 4180 882 4233 mentis
900 4180 1220 4250 sapientiam
1241 4222 1257 4246 ,
1310 4191 1470 4252 atque
1513 4184 1825 4252 ampliorem
1852 4200 1976 4255 erga

388 4266 556 4321 Deum
577 4267 855 4322 caritatem
884 4270 1209 4338 requirebat.
1238 4272 1421 4341 anue
1442 4271 1511 4326 de
1534 4287 1715 4340 causa,
1745 4288 1865 4328 cum
1890 4276 1977 4347 illa

312 4381 323 4389 -
389 4356 600 4424 ﬁerent,
662 4356 1001 4427 impudenter
1030 4360 1244 4430 quidem
1276 4376 1339 4415 ae
1378 4376 1636 4433 perquam
1687 4363 1927 4435 improbe
1958 4407 1973 4432 ,

386 4450 481 4504 sed
508 4457 684 4505 tamen
711 4450 1087 4507 oblectabatur
1112 4454 1356 4510 diabolus
1381 4497 1394 4518 ,
1443 4455 1527 4510 his
1569 4458 1746 4513 verbis
1777 4467 1971 4517 utens:

387 4540 656 4613 Numquid
673 4539 774 4596 Job
803 4547 994 4615 [rustra
1014 4545 1133 4598 colit
1158 4543 1324 4599 Deum
1377 4545 1499 4617 (Job
1525 4548 1578 4602 1.
1608 4547 1662 4622 9)
1684 4549 1711 4605 ?
1739 4549 1809 4604 At
1852 4565 1985 4605 cum'

386 4632 502 4688 haec
524 4633 864 4701 accidissent,
891 4635 1096 4705 pudore
1121 4636 1355 4693 suffusus
1384 4650 1528 4711 terga
1547 4640 1713 4709 dedit,
1771 4657 1834 4698 ac
1887 4658 1975 4699 se-

385 4724 566 4790 cessit,
594 4734 652 4780 ut
670 4726 760 4797 qui
785 4743 854 4782 ne
878 4727 1202 4797 impudentis
1231 4730 1444 4799 quidem
1476 4732 1633 4788 ullius
1658 4734 1974 4803 objectionis

385 4813 885 4886 unbramaliquam
915 4817 1174 4883 haberet,
1225 4834 1385 4889 quam
1434 4822 1808 4890 praetenderet.
1860 4824 1973 4881 lloc

385 4903 528 4958 etaim
554 4919 875 4961 coronarum
901 4908 1165 4979 co|0phon
1194 4918 1275 4965 est
1298 4953 1313 4975 ,
1370 4911 1472 4966 hoc
1496 4928 1737 4969 summus
1763 4916 1972 4972 virtutis

383 5009 542 5063 apex,
570 4995 675 5051 hoc
700 4998 1041 5067 perspicuum
1073 5000 1401 5056 fortitudinis
1420 5013 1813 5072 argumentum,
1867 5006 1972 5063 hoc

384 5102 609 5143 summa:
634 5088 989 5159 philosophia:
1027 5092 1261 5147 culmen.
1294 5093 1428 5149 Illud
1475 5096 1635 5150 etiam
1681 5098 1970 5153 ostendens

384 5177 469 5233 hic
518 5178 659 5234 idem
708 5179 899 5236 beatus
944 5180 1067 5247 Job,
1100 5192 1301 5254 quanto
1327 5184 1575 5240 acerbior
1615 5187 1684 5241 sit
1722 5190 1970 5245 mteroris

384 5271 646 5339 tyrannis,
702 5286 863 5341 quam
908 5288 1096 5341 mors,
1153 5274 1292 5329 banc
1333 5276 1575 5345 requiem
1628 5278 1966 5347 appellabat:

384 5359 527 5414 Mors
556 5362 721 5430 enim,
747 5362 947 5432 inquit,
970 5366 1075 5417 viro
1127 5366 1319 5431 requies
1370 5366 1514 5437 (Job
1552 5370 1605 5423 5.
1636 5369 1765 5440 25);
1808 5381 1969 5440 atque

381 5464 501 5504 eam
532 5452 720 5521 gratiae
749 5453 870 5507 loco
896 5453 1133 5523 petebat,
1164 5463 1221 5508 ut
1265 5472 1296 5509 a
1340 5472 1573 5513 maerore
1602 5459 1918 5516 liberaretur
1950 5505 1964 5530 ,

381 5538 599 5594 dicens:
625 5542 748 5606 Quis
769 5543 857 5596 del-
872 5553 929 5595 ut
941 5543 1104 5596 veniat
1131 5545 1302 5612 petitio
1323 5564 1454 5607 mea.
1481 5559 1526 5603 et
1552 5551 1687 5618 quod
1708 5565 1963 5621 exspecto,

383 5628 567 5683 tribuat
596 5632 721 5684 mihi
748 5631 919 5686 Deus?
950 5631 1021 5685 Et
1053 5633 1139 5699 qui
1167 5636 1352 5704 erepit,
1397 5639 1503 5708 ipse
1546 5658 1626 5695 me
1648 5654 1890 5711 conterat,
1922 5657 1967 5699 et

383 5719 605 5775 succida:
632 5738 710 5776 me
739 5739 891 5792 usque
910 5725 963 5778 in
997 5725 1147 5792 ﬁnem
1179 5741 1197 5778 :
1245 5738 1288 5780 et
1330 5729 1447 5784 urbs
1493 5750 1571 5797 ea,
1619 5752 1770 5805 super
1822 5740 1968 5809 cujus

385 5816 559 5859 muros
607 5811 875 5883 saltabam,
923 5815 1209 5885 sepulcrum
1248 5820 1370 5875 mihi
1412 5824 1476 5877 sit
1521 5824 1699 5897 (Idem
1725 5866 1744 5895 ,
1776 5829 1828 5885 6.
1877 5833 1963 5887 8.-

1289 390 1344 449 3.
1385 392 1620 449 JOANN.
1659 389 3013 455 CHRYSOSTOHIMlClllEI‘.CONSTANTINOP.

2115 504 2227 575 10).
2282 507 2354 562 lta
2403 508 2639 562 muniam
2683 524 2859 565 rerum
2907 512 3218 581 gravissima
3270 525 3349 571 est
3395 532 3619 576 moestum
3665 541 3683 554 -

2115 608 2274 663 porro
2306 611 2414 665 quo
2437 599 2651 669 gravior
2671 641 2686 664 ,
2747 614 2820 655 eo
2855 616 3069 672 quoque
3098 605 3355 673 majorem
3400 615 3687 669 mercedem

2115 684 2291 740 habet.

2187 778 2240 833 8.
2288 778 2522 846 Quantus
2548 797 2610 836 ea:
2635 783 3008 839 calamitatibus
3036 788 3232 857 fruetus
3277 789 3491 848 oriatur.
3532 791 3688 851 Nulla

2110 872 2268 925 virtus
2305 870 2412 925 sine
2451 872 2622 927 labore
2648 891 2884 946 magnam
2910 876 3115 932 laudem
3140 882 3313 951 refert.
3339 911 3411 923 --
3430 881 3498 939 Ut
3519 894 3687 943 autent

2111 961 2330 1018 aliunde
2356 980 2568 1035 quoque
2617 966 2885 1040 intelligas
2912 980 3143 1041 quantus
3193 988 3257 1028 ex
3311 976 3688 1038 calamitatibus

2113 1053 2313 1110 fructus
2343 1068 2638 1127 promanct.
2673 1062 2880 1117 etiamsi
2910 1079 3015 1119 non
3049 1066 3141 1121 Dei
3163 1083 3324 1124 causa
3350 1072 3465 1140 quis
3505 1090 3685 1145 perpe-

2111 1148 2270 1204 tTatur
2301 1150 2499 1219 (nemo
2519 1168 2606 1207 me
2632 1153 2733 1208 hoc
2778 1155 2895 1211 loco
2942 1157 3283 1229 hyperbolice
3331 1162 3472 1234 loqui
3514 1170 3688 1223 existi-

2109 1240 2285 1312 met),
2340 1243 2500 1297 modo
2540 1254 2760 1300 strenuo
2786 1261 2849 1302 ac
2874 1248 3083 1317 placido
3108 1253 3287 1306 animo
3313 1254 3481 1323 ferat,
3529 1260 3685 1314 Deum

2109 1332 2164 1386 in
2192 1334 2440 1389 omnibus
2464 1337 2629 1405 gloria
2669 1338 2945 1395 afﬁciens'
2972 1358 2986 1394 :
3018 1342 3157 1398 idem
3203 1344 3321 1411 hic,
3374 1363 3432 1403 se
3483 1362 3686 1420 propter

2111 1422 2279 1478 Deum
2307 1423 2423 1480 lucc
2448 1428 2579 1496 pati,
2610 1428 2829 1486 minime
2857 1442 3032 1499 norat,
3064 1442 3122 1488 et
3153 1444 3329 1492 tamen
3350 1438 3468 1494 ideo
3497 1457 3682 1497 corona

2106 1516 2426 1585 donabatur,
2451 1520 2592 1591 quod
2611 1522 2712 1576 etsi
2740 1538 2956 1578 causam
2984 1540 3091 1580 non
3119 1537 3331 1594 nosset,
3363 1538 3576 1586 strenuo
3605 1545 3681 1588 la-

2105 1623 2228 1663 mcn
2269 1609 2450 1665 animo
2497 1612 2826 1671 calamitates
2866 1617 3188 1687 perferebat.
3220 1621 3452 1678 Lazarus
3481 1642 3682 1697 quoque

2106 1699 2214 1767 ille,
2241 1702 2294 1757 in
2320 1703 2567 1759 morbum
2601 1707 2880 1777 prolapsus
2928 1709 3071 1783 (hoc
3102 1728 3262 1782 porro
3293 1730 3396 1770 non
3428 1730 3538 1773 erat
3564 1736 3677 1788 prn-

2105 1798 2223 1861 pter
2254 1792 2420 1849 Deum
2451 1797 2557 1866 pati
2575 1796 2629 1867 )',
2677 1806 2857 1854 tamen
2895 1801 3016 1870 quia
3072 1802 3303 1874 inopiam
3345 1810 3677 1878 curantium,

2103 1900 2500 1959 mmroremque
2530 1889 2704 1958 illum,
2733 1906 2891 1963 quem
2915 1904 2967 1949 et
2997 1894 3196 1963 ulcera,
3231 1907 3286 1953 et
3313 1898 3500 1967 fames,
3524 1912 3572 1957 et
3597 1904 3642 1957 di
3661 1934 3674 1945 ο

2101 1977 2231 2034 vitis
2271 1990 2607 2052 comemptus
2668 1994 2829 2055 atque
2875 1988 3162 2044 crudelitas
3226 1991 3514 2059 afferebat,
3565 1996 3679 2051 furti

2100 2068 2282 2125 animo
2315 2072 2454 2138 tulit,
2496 2090 2630 2145 quas
2655 2091 2887 2131 coronas
2903 2089 3262 2150 consequutus
3288 2084 3378 2151 sit,
3402 2099 3506 2140 non
3529 2095 3577 2141 te
3596 2086 3677 2141 fu-

2098 2161 2194 2232 git.
2223 2163 2381 2233 Atqui
2414 2165 2614 2221 nullum
2648 2168 2791 2223 illius
2820 2171 3141 2240 praeclarum
3173 2190 3306 2244 (qius
3348 2177 3673 2247 invenimus;

2099 2271 2205 2309 non
2229 2256 2371 2326 quod
2402 2273 2663 2329 pauperes
2691 2261 3055 2318 misericordia
3081 2278 3439 2338 prosequutus
3468 2272 3555 2338 sit,
3575 2287 3677 2329 non

2099 2347 2246 2416 quod
2270 2348 2411 2404 lmsis
2440 2366 2595 2421 opem
2620 2352 2821 2421 tulerit,
2854 2365 2943 2409 aut
2966 2355 3109 2411 aliud
3147 2360 3398 2429 quiddam
3444 2363 3674 2432 ejusdem

2095 2439 2310 2507 generis
2337 2456 2456 2494 cum
2489 2442 2683 2498 virtute
2707 2445 2966 2513 gesserit;
3000 2462 3183 2502 verum
3208 2449 3336 2504 illud
3362 2450 3629 2507 dumtaxat
3654 2496 3667 2519 ,

2096 2527 2236 2597 quod
2256 2543 2352 2598 pro
2379 2529 2556 2585 divitis
2583 2531 2787 2588 foribus
2810 2534 3061 2604 jacuerit,
3103 2538 3245 2608 quod
3276 2540 3498 2597 adversa
3544 2544 3677 2599 valc-

2095 2619 2279 2675 tudine
2299 2621 2571 2692 laborarit,
2601 2626 2740 2695 quod
2770 2628 2935 2697 ipsius
2961 2631 3265 2687 vulneribus
3291 2649 3450 2691 canes
3476 2637 3672 2707 linguas

2095 2712 2458 2783 admoverim,
2485 2734 2548 2773 ac
2571 2717 2802 2790 denique
2838 2723 2980 2792 quod
3010 2723 3160 2781 dives
3180 2742 3303 2781 eum
3335 2729 3403 2782 sit
3428 2743 3671 2799 asperna-

2095 2815 2200 2875 tus,
2230 2825 2348 2882 quae
2375 2813 2553 2868 omnia
2580 2814 2646 2869 ad
2675 2820 3074 2888 perpessionem
3105 2822 3439 2891 spectabant.
3484 2824 3552 2879 Et
3602 2834 3672 2880 ta-

2092 2918 2237 2972 men,
2269 2906 2394 2961 licet
2425 2907 2569 2962 nullo
2595 2909 2699 2962 alio
2715 2912 2930 2981 egregio
2961 2912 3172 2968 virtutis
3201 2930 3427 2971 munere
3455 2918 3662 2987 perfun-

2090 3005 2230 3064 ctus,
2254 2998 2374 3068 quia
2403 2999 2574 3054 solum
2601 3001 2907 3072 bujusmodi
2933 3007 3240 3061 maestitiam
3258 3016 3479 3064 strenuo
3501 3011 3673 3065 animo

2093 3087 2232 3155 tulit,
2256 3089 2499 3145 eamdem
2523 3107 2679 3161 quam
2712 3094 3035 3163 patriarcha,
3062 3098 3151 3167 qui
3191 3106 3268 3153 tot
3288 3114 3374 3154 res
3403 3116 3525 3155 cum
3566 3102 3670 3155 vir-

2093 3190 2203 3236 tute
2225 3192 2484 3253 gesserat,
2534 3193 2737 3240 sortem
2769 3196 2850 3242 est
2878 3201 3258 3260 consequutus.
3318 3192 3498 3247 Dicam
3544 3210 3675 3263 pra:

2091 3282 2237 3329 terea
2267 3274 2562 3346 quidpiam,
2590 3277 2730 3347 quod
2762 3279 2861 3334 etsi
2885 3281 2953 3334 ab
2982 3282 3256 3354 hominum
3274 3286 3525 3353 opinione
3546 3285 3675 3341 alie-

2091 3378 2216 3418 num
2278 3364 2552 3433 videatur,
2602 3377 2778 3422 tamen
2831 3385 3016 3425 verum
3071 3382 3187 3427 est:
3222 3390 3417 3445 nempe
3468 3378 3670 3431 etiamsi

2087 3457 2351 3526 quiSpiam
2376 3474 2624 3530 magnum
2653 3462 2870 3531 aliquod
2898 3472 2951 3518 et
2988 3464 3194 3522 illustre
3236 3481 3371 3537 opus
3410 3468 3629 3523 ediderit
3655 3512 3668 3536 ,

2087 3545 2182 3602 sed
2210 3548 2328 3603 sine
2349 3549 2554 3617 labore,
2589 3552 2838 3621 periculis
2859 3562 2912 3609 et
2936 3554 3347 3621 calamitatibus,
3377 3574 3503 3613 eum
3537 3558 3683 3613 haud

2087 3656 2334 3712 magnam
2362 3643 2484 3698 hinc
2529 3644 2833 3701 mercedem
2862 3646 3089 3701 laturum
3134 3663 3290 3704 esse:
3324 3647 3674 3723 Unusquisque

2086 3733 2229 3788 enim
2273 3734 2534 3803 prapriam
2558 3735 2832 3790 mercedem
2849 3737 3057 3806 accipiet
3071 3738 3222 3807 juxta
3238 3741 3502 3810 proprium
3532 3741 3667 3795 labo-

2086 3839 2192 3876 rem
2221 3825 2305 3893 (1.
2340 3822 2458 3877 Cor.
2487 3824 2540 3878 5.
2568 3823 2624 3890 8)
2657 3842 2669 3879 :
2704 3842 2808 3880 non
2839 3827 3129 3882 secundum
3177 3844 3355 3885 rerum
3383 3845 3448 3885 ex
3485 3832 3670 3886 virtute

2085 3924 2354 3985 gestarum
2380 3916 2819 3986 magnitudinem,
2852 3919 2944 3973 sed
2974 3934 3071 3989 pro
3097 3921 3487 3989 calamitatum,
3543 3940 3677 3994 quas

2085 4007 2384 4077 pertulerit,
2409 4007 2571 4063 mole.
2606 4009 2865 4075 Quocirca
2906 4011 3099 4067 Paulus
3127 4014 3288 4068 etiam
3316 4029 3377 4071 se
3416 4016 3630 4085 jactans
3653 4060 3665 4078 .

2083 4113 2188 4153 non
2219 4099 2289 4153 ob
2330 4098 2382 4153 id
2435 4108 2637 4154 tantum
2691 4102 2971 4171 gloriatur,
3003 4106 3144 4175 quod
3192 4106 3315 4161 boui
3364 4109 3567 4179 aliquid
3614 4125 3668 4165 ac

2084 4192 2323 4262 prmclari
2343 4194 2603 4264 gesserit,
2632 4195 2724 4249 sed
2758 4197 2916 4250 etiam
2955 4197 3096 4267 quod
3124 4199 3282 4255 malis
3326 4200 3553 4256 allectus
3582 4204 3665 4258 sit.

2081 4283 2216 4340 Cum
2246 4287 2388 4339 enim
2408 4285 2650 4351 dixisset,
2686 4285 2911 4343 Ministri
2926 4288 3114 4345 Christi
3139 4300 3277 4359 sunt,
3316 4302 3369 4346 ut
3388 4295 3557 4350 minus
3584 4313 3666 4350 sa-

2084 4376 2226 4446 piens
2241 4377 2439 4448 loquar,
2474 4377 2588 4448 plus
2612 4395 2701 4450 ego
2728 4380 2811 4451 (2.
2835 4379 2951 4435 Cor.
2985 4382 3072 4436 11.
3093 4382 3185 4456 2'5)
3213 4398 3227 4436 :
3260 4394 3438 4455 atque,
3470 4398 3667 4457 quanto

2079 4466 2158 4521 eis
2174 4469 2510 4535 praestantior
2524 4478 2687 4536 esset,
2708 4484 2829 4524 cum
2844 4485 2909 4526 ex
2925 4486 3043 4526 com
3051 4474 3324 4542 paratione
3344 4474 3665 4532 demonstra-

2079 4569 2140 4612 re
2158 4557 2415 4623 studeret,
2440 4574 2548 4614 non
2565 4559 2715 4626 dixit,
2734 4561 2837 4617 Tot
2858 4572 2911 4617 et
2929 4573 3005 4617 tot
3022 4564 3322 4622 hominibus
3342 4566 3627 4637 praedicavi
3647 4586 3658 4622 :

2082 4663 2271 4703 verum
2296 4650 2510 4705 omissis
2539 4650 2603 4706 iis
2643 4666 2763 4722 qu-ze
2784 4669 2852 4709 ex
2882 4654 3079 4711 virtute
3102 4666 3360 4727 gesserat,
3392 4660 3527 4713 mala
3556 4676 3619 4715 ea
3648 4704 3660 4726 ,

2079 4755 2199 4809 quae
2223 4755 2510 4811 perpessus
2539 4750 2641 4810 est,
2660 4757 2958 4812 enumerat,
3013 4747 3097 4803 his
3124 4749 3303 4804 verbis
3334 4769 3345 4802 :
3375 4750 3441 4804 In
3470 4752 3659 4806 labori-

2077 4830 2170 4885 bus
2195 4830 2554 4900 abundantius,
2582 4833 2635 4888 in
2666 4835 2831 4905 plagis
2858 4853 3014 4907 supra
3061 4841 3286 4908 modum,
3341 4843 3394 4896 in
3439 4845 3654 4896 carceri-

2079 4923 2174 4977 bus
2228 4923 2589 4991 abundantius,
2638 4927 2691 4980 in
2741 4928 2984 4984 mortibus
3034 4933 3337 5001 frequenter.
3384 4934 3658 5005 Quinquies

2078 5014 2430 5087 quadragenas
2450 5033 2551 5070 una
2575 5018 2744 5073 minus
2768 5036 2800 5072 a
2824 5018 3020 5075 Iudicis
3046 5025 3255 5093 accepi;
3282 5034 3357 5078 ter
3382 5026 3533 5096 virgis
3568 5042 3659 5080 ca:-

2076 5122 2163 5160 sus
2188 5124 2318 5175 sum,
2349 5109 2503 5163 semel
2532 5110 2789 5180 lapidatus
2808 5129 2941 5179 sum,
2976 5124 3048 5168 ter
3079 5118 3408 5187 naufragium
3437 5120 3553 5191 feci,
3584 5120 3660 5173 die

2073 5209 2289 5254 asttocte
2305 5201 2359 5254 in
2383 5204 2638 5275 profundo
2660 5207 2815 5260 maris
2832 5205 3000 5277 fuin'n
3019 5207 3277 5263 itincribus
3292 5224 3444 5281 stirpe,
3467 5212 3657 5281 pericu-

2075 5290 2137 5345 lis
2153 5293 2440 5361 ﬂuminum,
2466 5296 2705 5364 periculis
2731 5298 3020 5365 latronum,
3072 5301 3308 5370 periculis
3350 5319 3415 5356 ex
3463 5320 3655 5375 generc,

2075 5386 2311 5454 periculis
2341 5404 2403 5441 ea:
2422 5389 2649 5459 gentibus
2677 5431 2690 5455 ,
2738 5391 2974 5461 periculis
3000 5392 3051 5444 in
3073 5394 3290 5459 civitate,
3339 5397 3574 5464 periculis
3607 5413 3656 5451 ιη

2073 5479 2367 5544 solitudine,
2402 5482 2638 5551 periculis
2669 5483 2721 5536 in
2748 5484 2896 5550 mari,
2931 5485 3167 5555 periculis
3197 5488 3249 5539 in
3292 5488 3437 5556 falsis
3483 5490 3653 5558 fram-
3708 5558 3715 5565 .

2075 5568 2165 5623 bus
2192 5587 2211 5624 :
2242 5572 2293 5625 iu
2321 5573 2492 5627 labore
2518 5583 2562 5627 cl
2582 5590 2828 5641 (erumna,
2852 5578 2905 5630 in
2928 5578 3110 5648 vigiliis
3131 5580 3322 5642 multis,
3351 5582 3407 5633 in
3430 5584 3583 5650 (tunc,
3605 5582 3652 5634 in

2071 5662 2175 5724 siti,
2197 5664 2247 5714 in
2270 5664 2528 5725 nuditate;
2556 5677 2800 5734 prwtcrca
2825 5683 2936 5736 qua:
2960 5670 3267 5723 extrinsecus
3298 5687 3433 5733 sum,
3463 5674 3651 5726 instan-

2074 5752 2142 5804 tia
2173 5769 2280 5806 mcu
2310 5756 2604 5823 quotidiana
2631 5756 2736 5827 (Ib.
2770 5772 2815 5811 υ.
2844 5758 2916 5813 25
2944 5789 2962 5800 -
2989 5759 3104 5830 28).

2137 5867 2151 5898 ¹
2180 5868 2312 5917 Satll.
2343 5864 2632 5931 posugloria
2647 5866 2875 5933 alliciens,
2888 5870 3037 5933 addit,
3063 5866 3450 5935 ntagttaslttttflcs
3468 5877 3649 5924 abluta.
