3906 6368
175 342 270 398 679

171 459 297 531 ηνὴς
316 456 399 509 καὶ
420 455 621 524 ἥμερος
647 446 733 523 ἦν,
759 451 851 504 καὶ
876 450 1040 503 αὑτοῦ
1067 448 1160 502 τοῦ
1191 450 1404 520 μέλιτος
1426 449 1590 521 ἡδίων
1611 452 1723 507 τοῖς

170 567 223 604 τε
253 546 418 609 ἄλλοις
459 546 627 599 ἅπασι
670 545 761 596 καὶ
793 547 902 606 τοῖς
934 544 1170 605 οἰκέταις
1201 544 1311 605 τοῖς
1339 540 1525 606 αὑτοῦ,
1553 542 1601 594 οἳ
1633 540 1725 594 τοῦ

169 640 354 711 ἔρωτος
383 637 441 691 ὃν
470 638 617 707 ἥρων
642 636 849 689 ἐκείνου
881 635 1021 705 μέγα
1053 634 1373 705 ἐκφέροντες
1398 634 1592 705 δεῖγμα
1614 633 1727 686 ἕλε-

168 748 282 801 γοιοο
322 731 408 795 Τίς
439 729 516 783 ἂν
541 728 662 797 δῴη
695 729 838 798 ’ἡμῖν
868 727 985 781 τῶν
1014 725 1259 796 σαρκῶν
1282 725 1470 781 αὐτοῦ
1497 726 1727 796 ἐμπλη-

166 823 403 892 σθήναι;
428 822 491 874 Εί
523 820 579 874 δέ
606 821 843 883 οίκέταις
872 818 1013 873 οὕτω
1039 820 1283 883 ποθεινὸς
1317 813 1405 890 ἦν,
1433 816 1603 880 οὕτως
1633 819 1729 870 ἐπ-

166 915 395 987 έραστος,
440 909 523 977 οἷς
568 913 780 984 ἀνάγκη
830 913 1088 977 πολλάκις
1140 912 1235 967 καὶ
1288 910 1517 981 φοϐερὸν
1566 907 1725 976 εἶναι,

169 1007 339 1079 πολλῷ
374 1006 568 1077 μᾶλλον
595 1009 706 1069 τοῖς
737 1005 919 1070 ἀλλοις
948 1004 1151 1059 ἀπασιν
1185 1002 1513 1076 ἀνθρώποις.

233 1100 296 1164 ζ’.
319 1098 499 1154 Ταῦτα
519 1098 583 1171 δὴ
606 1095 700 1152 οῦν
716 1098 810 1151 καὶ
835 1097 902 1152 τὰ
925 1096 1131 1152 τούτων
1162 1095 1381 1149 πλείονα
1407 1091 1726 1162 συλλέξασα,

169 1192 311 1263 δεῦρο
337 1191 509 1262 βάδιζε
534 1194 652 1264 μετ’
672 1188 806 1263 ἐμοῦ
840 1192 931 1244 ἐπὶ
952 1189 1045 1244 τὸν
1075 1190 1182 1244 τῶν
1207 1189 1544 1260 παθημάτων
1568 1184 1728 1241 αὐτοῦ

171 1285 469 1354 κατάλογον,
495 1284 589 1338 καὶ
615 1284 811 1356 ἴδωμεν
841 1284 1231 1355 συγκρίναντες
1265 1283 1397 1336 πότε
1420 1280 1729 1352 λαμπρότε-

176 1392 254 1445 ρος
270 1369 355 1446 ἦν,
374 1376 461 1429 ὅτε
485 1377 667 1429 ἐκεῖνα
690 1374 994 1446 κατώρθου,
1012 1374 1045 1446 ἢ
1069 1375 1158 1428 ὅτε
1181 1374 1386 1444 ἔπασχε
1406 1374 1475 1428 τὰ
1496 1370 1731 1445 ὀδυνηρά

173 1465 254 1517 καὶ
282 1464 477 1537 πολλὴν
523 1466 799 1520 ἐντιθέντα
840 1465 990 1537 αύτῷ
1036 1467 1135 1538 τὴν
1176 1466 1437 1537 ἀθυμίαν.
1475 1465 1613 1518 Πότε
1636 1458 1729 1518 οὖν

172 1557 525 1629 λαμπρότερος
540 1553 608 1630 ἦν
628 1561 656 1612 ὁ
671 1557 821 1625 ἰώϐ;
852 1561 941 1613 ὅτε
970 1560 1068 1631 τὴν
1095 1558 1272 1613 οίκίαν
1287 1557 1450 1613 αὑτοῦ
1469 1559 1601 1612 πᾶσι
1620 1559 1731 1635 τοῖς

174 1650 437 1719 παριοῦσιν
474 1650 736 1721 ἀνέῳγεν,
761 1651 793 1721 ἢ
824 1652 912 1705 ὅτε
942 1650 1359 1723 κατενεχθείσης
1387 1651 1556 1722 αὐτῆς
1580 1650 1731 1704 οὐδὲν

174 1740 449 1808 ἐφθέγξατο
468 1742 623 1813 ῥῆμα
649 1743 864 1815 πικρὸν,
877 1743 990 1798 ἀλλ’
1003 1744 1140 1815 εύφή
1150 1760 1290 1814 μησε
1308 1743 1399 1797 τὸν
1417 1743 1577 1811 Θεόν;
1599 1742 1732 1796 Καί-

172 1852 242 1887 τοι
256 1836 309 1888 τὸ
328 1835 425 1905 μὲν
445 1836 779 1908 κατόρθωμα
798 1834 885 1909 ἦν,
904 1839 965 1892 τὸ
983 1838 1041 1891 δὲ
1071 1839 1322 1909 πάθημα.
1348 1839 1486 1892 Πότε
1517 1838 1734 1909 φαιδρό-

175 1923 400 1999 τερος¹ἦν,
415 1929 539 1982 εἰπέ
555 1946 665 1999 μοι,
683 1929 769 1983 ὅτε
787 1929 944 1982 ἔθυεν
957 1928 1216 2002 ύπὲρτῶν
1227 1929 1475 1993 παιδίων,
1491 1929 1733 2001 καὶπρὸς

176 2020 402 2090 ὁμόνοιαν
429 2022 629 2085 αὐτοὺς
662 2022 915 2094 συνῆγεν,
942 2024 974 2095 ἢ
1018 2025 1108 2078 ὅτε
1140 2022 1601 2095 καταχωσθέντων
1638 2022 1734 2076 καὶ⁹

179 2112 243 2184 τῷ
272 2114 579 2186 πικροτάτῳ
622 2114 812 2186 τρόπῳ
852 2117 956 2187 τῆς
1005 2116 1265 2187 τελευτῆς
1308 2116 1733 2170 καταλυσάντων

176 2207 252 2259 τὸν
291 2207 419 2276 βίον,
478 2207 619 2278 μετά
661 2207 867 2278 πολλῆς
913 2209 1015 2279 τῆς
1051 2208 1371 2278 φιλοσοφίας
1420 2208 1619 2279 ἤνεγκε
1672 2206 1734 2260 τὸ

179 2297 399 2367 ουμϐάν;
435 2300 576 2353 Πότε
631 2299 832 2371 μᾶλλον
872 2300 1201 2371 ἐξέλαμψεν,
1250 2302 1340 2354 ὅτε
1388 2300 1498 2353 ἀπὸ
1530 2301 1735 2371 κουρᾶς

178 2389 268 2442 τῶν
293 2391 471 2462 ἀρνῶν
516 2392 683 2445 αὑτοῦ
716 2392 1135 2465 ἐθερμάνθησαν
1165 2393 1390 2463 γυμνῶν
1422 2395 1472 2446 οί
1505 2387 1666 2463 ὦμοι,
1699 2392 1732 2464 ἢ

176 2480 249 2533 ὅτε
281 2482 511 2547 ἀκούσας
536 2484 618 2536 ὅτι
642 2483 753 2556 πῦρ
779 2483 839 2548 ἐξ
859 2483 1091 2556 ούρανοῦ
1124 2483 1305 2549 ἔπεσε,
1338 2486 1432 2538 καὶ
1458 2486 1735 2554 κατέφαγε

178 2577 260 2641 τὴν
288 2576 479 2647 ἀγέλην
520 2576 708 2646 μετάει
749 2576 859 2630 τῶν
918 2576 1207 2647 ποιμένων,
1265 2578 1327 2631 ού
1375 2576 1733 2649 διεταράχθη,

179 2666 280 2720 οὖδέ
314 2667 641 2740 ἐθορυϐήθη,
679 2668 818 2723 ἀλλά
850 2669 1037 2741 πράως
1066 2671 1264 2741 ἤνεγκε
1286 2671 1387 2741 τὴν
1423 2671 1731 2742 συμφοράν;

181 2759 294 2812 Πότε
324 2762 519 2830 μείζων
551 2756 640 2833 ἦν,
669 2761 758 2814 ὅτε
797 2763 862 2831 τῇ
893 2760 1052 2831 ὑγεία
1075 2759 1169 2813 τοῦ
1204 2758 1455 2831 σώματος
1478 2760 1506 2799 b
1532 2762 1612 2822 εἰς
1636 2759 1733 2830 τὴν

179 2851 271 2904 τῶν
302 2852 670 2924 ἀδικουμένων
719 2853 1056 2924 προστασίαν
1108 2852 1394 2923 ἐκέχρητο,
1431 2850 1733 2923 συντρίϐων

185 2945 329 3013 μύλας
366 2946 591 3011 ἀδίκων,
651 2946 748 2999 καὶ
795 2947 860 2999 ἐκ
910 2946 1078 3016 μέσου
1129 2944 1239 2998 τῶν
1283 2944 1512 2999 ὀδόντων
1554 2942 1734 2998 αὐτῶν

183 3038 466 3112 ἐξαρπάζων
487 3039 854 3112 ἁρπάγματα,
882 3037 974 3092 καὶ
991 3036 1155 3108 λιμὴν
1181 3037 1362 3100 αὐτοῖς
1382 3037 1685 3108 γινόμενος,
1699 3038 1733 3107 ἢ

182 3129 253 3182 ὅτε
272 3130 326 3182 τὸ
344 3130 499 3202 σῶμα
530 3127 723 3192 αὐτοῦ,
750 3128 810 3181 τὸ
831 3126 942 3181 τῶν
974 3124 1345 3196 ἀδικουμένων
1376 3125 1559 3193 ὅπλον,
1589 3124 1737 3196 ἐώρα

184 3222 574 3295 κατεσθιόμενον
589 3221 695 3275 ὑπὸ
714 3220 1031 3292 σκωλήκων,
1054 3220 1148 3272 καὶ
1182 3217 1491 3289 καθήμενος
1522 3217 1615 3271 ἐπὶ
1635 3217 1737 3287 τῆς

183 3314 399 3386 κοπρίας,
415 3314 507 3368 καὶ
525 3313 694 3376 αὐτὸς
715 3311 847 3367 αὐτὸ
871 3310 1153 3376 κατέξαινε
1169 3310 1349 3365 λαϐὼν
1363 3306 1519 3383 [560]
1542 3311 1738 3383 δστρα-

183 3422 286 3474 κον;
323 3406 477 3476 Τήκω
512 3404 635 3474 γὰρ
679 3402 964 3470 βώλακας
995 3402 1110 3473 γῆς
1146 3403 1263 3458 ἀπὸ
1297 3401 1510 3472 ἰχῶρος
1561 3402 1735 3468 ξέων,

185 3501 312 3571 φησί.
341 3502 527 3555 Καίτοι
562 3502 751 3554 ἐκεῖνα
773 3499 875 3569 μὲν
902 3498 1079 3554 πάντα
1112 3496 1538 3568 κατορθώματα,
1564 3498 1739 3553 ταῦτα

185 3592 233 3644 δέ
254 3593 411 3647 πάντα
437 3593 744 3664 παθήματα
763 3586 860 3662 ἦν·
887 3590 1002 3644 ἀλλ’
1019 3591 1170 3659 ὅμως
1198 3590 1371 3642 ταῦτα
1399 3589 1562 3644 αὑτὸν
1596 3590 1739 3644 ὲκεί-

188 3701 275 3736 νων
310 3684 688 3758 λαμπρότερον
728 3682 1002 3752 ἀπέφηνε.
1042 3680 1215 3734 Τοῦτο
1257 3680 1367 3751 γὰρ
1407 3682 1643 3751 μάλιστα
1671 3684 1735 3735 τὸ

188 3777 478 3849 πικρότατον
505 3778 611 3849 τῆς
646 3774 1006 3846 παρατάξεως
1043 3773 1208 3845 μέρος
1241 3767 1343 3843 ἦν,
1366 3773 1459 3826 καὶ
1495 3774 1739 3842 μείζονος

186 3868 408 3941 δεόμενον
439 3872 536 3943 τῆς
566 3868 845 3940 ἀνδρείας,
876 3868 973 3921 καὶ
1015 3866 1383 3937 εὐτονωτέρας
1406 3866 1607 3937 ψυχῆς,
1643 3868 1739 3921 καὶ

189 3961 491 4037 ὑψηλοτέρας
548 3961 793 4024 διανοίας
809 3971 857 4025 α,
907 3960 1003 4037 καὶ
1050 3959 1272 4012 πλείονα
1318 3960 1447 4029 περ)⁸
1469 3960 1561 4013 τὸν
1605 3960 1738 4014 Θεὸν

190 4055 389 4127 ἐχούσης
426 4056 673 4127 ἀγάπην.
705 4053 806 4107 Διά
823 4069 906 4105 τοι
926 4051 1103 4117 τοῦτο,
1130 4051 1354 4105 ἐκείνων
1380 4052 1480 4123 μὲν
1501 4052 1739 4123 γινομέ-

191 4164 295 4215 νων,
320 4151 365 4203 εί
391 4149 483 4204 καὶ
510 4146 886 4217 ἀναισχύντως
909 4144 1003 4198 καὶ
1031 4143 1238 4215 σφόδρα
1267 4143 1596 4215 λῃστρικῶς,
1623 4143 1738 4197 ἀλλ’

192 4236 315 4306 ὅμως
341 4240 591 4294 ἀντεῖπεν
615 4240 644 4292 ὁ
666 4235 909 4299 διάϐολος
930 4252 945 4267 ·
964 4234 1059 4303 Μὴ
1093 4234 1321 4302 δωρεὰν
1341 4234 1578 4288 σέϐεται
1612 4235 1745 4289 Ἰὼϐ

191 4330 279 4382 τὸν
304 4334 474 4396 Θοόν;
522 4329 743 4386 Τούτων
797 4327 856 4380 δέ
906 4324 1247 4396 συμϐάντων,
1295 4325 1741 4396 ἐγκαλυψάμενος

192 4420 471 4494 ἀνεχώρησε
527 4422 677 4478 νῶτα
715 4420 859 4487 δοὺς,
894 4419 989 4472 καὶ
1032 4417 1153 4469 ούδὲ
1187 4417 1544 4487 ἀναισχύντου
1593 4418 1738 4482 τινὸς

194 4513 464 4585 ἀντιλογίας
499 4516 658 4569 σκιὰν
686 4512 816 4582 γοῦν
847 4498 988 4582 ἔχων
1020 4509 1405 4581 προϐαλέσθαι.
1438 4509 1607 4563 Τοῦτο
1633 4511 1740 4582 γὰρ

193 4607 452 4678 ὁκολοφὼν
501 4607 596 4664 τοῦ
648 4606 938 4676 στεφάνου,
973 4603 1129 4657 τοῦτο
1151 4604 1185 4673 ἡ
1215 4602 1442 4673 κορωνὶς
1481 4604 1579 4674 τῆς
1609 4604 1741 4675 ἀρε-

197 4695 296 4765 τῆς,
327 4699 532 4770 τοῦτοὴ
572 4697 750 4769 σαφὴς
798 4697 896 4767 τῆς
942 4694 1194 4765 ἀνδρείας
1231 4694 1528 4761 ἀπόδειξις,
1580 4695 1740 4749 τοῦτο

198 4786 225 4855 ἡ
270 4788 619 4861 ἀκριϐεστάτη
648 4790 745 4861 τῆς
777 4788 1092 4857 φιλοσοφίας
1138 4787 1407 4851 ἐπίτασις.
1451 4789 1636 4858 Δηλῶν
1685 4789 1742 4842 δὲ

198 4878 276 4930 καὶ
298 4880 448 4945 αὐτὸς
475 4875 631 4944 οὗτος
662 4883 690 4934 ὁ
717 4880 986 4951 μακάριος
1026 4877 1170 4943 Ἰὼϐ,
1205 4879 1328 4931 ὅσον
1354 4878 1739 4950 χαλεπώτερον

197 4972 420 5040 τυραννὶς
469 4974 706 5043 ἀθυμίας
740 4972 993 5034 θανάτου,
1025 4971 1334 5025 ἀνάπαυσιν
1364 4970 1525 5023 αὐτὸν
1560 4971 1738 5024 καλεί.

199 5056 431 5128 Θάνατος
466 5062 656 5131 ἀνδρί,
718 5062 903 5132 φησὶν,
970 5058 1333 5127 ἀνάπαυσις,
1398 5061 1493 5114 καὶ
1540 5063 1598 5113 ἐν
1645 5062 1746 5131 χά-

202 5162 319 5213 ριτος
356 5153 514 5207 αὐτὸν
563 5156 791 5208 αἰτεῖται
822 5152 1000 5224 μέρει,
1036 5150 1178 5204 ὥστε
1231 5150 1447 5221 ἐκείνης
1498 5151 1745 5203 ἀπαλλα-

199 5239 356 5310 γῆναι,
385 5244 582 5314 λέγων·
623 5249 687 5300 ιιι
732 5250 843 5316 γὰρ
897 5245 1017 5312 δῴη
1057 5244 1156 5298 καὶ
1179 5244 1343 5297 ἔλθοι
1374 5261 1495 5313 μου
1530 5243 1567 5310 ἡ
1589 5243 1746 5310 αἴτη-

201 5347 298 5398 σις,
323 5339 415 5392 καὶ
441 5340 552 5407 τὴν
575 5341 794 5397 ἐλπίδα
837 5359 957 5412 μου
988 5340 1155 5407 δῲηό
1184 5339 1347 5405 Θεός.
1391 5338 1745 5407 Ἀρξάμενος

247 5464 269 5535 ξ
294 5464 603 5535 ρειθςῃδςπῇν
620 5473 823 5535 ποίμνην
844 5471 973 5535 μεςά-
1083 5531 1093 5535 _
1331 5534 1337 5535 γ
1363 5501 1368 5509 ”

201 5581 222 5598 ,Δ
248 5522 272 5561 δ
290 5525 377 5598 ﬁic
400 5522 870 5598 Ποριζξίηεεὲυὲηιί
893 5531 1094 5598 ᾐ,ῃιιοι1
1122 5534 1453 5598 expupximus
1473 5545 1583 5598 cu_m
1606 5531 1746 5598 Sgn'i-

199 5585 262 5631 ΗΟ.
290 5585 444 5637 Morel.
473 5592 618 5640 hahPt
671 5596 759 5643 ὅτε
784 5598 868 5651 τὴν
893 5585 1067 5653 ῦγίέικν
1091 5610 1128 5641 τ.
1159 5611 1206 5640 σ.
1248 5596 1492 5652 ἐκζκτητο,
1517 5594 1546 5653 ᾖ
1577 5632 1586 5641 .
1640 5596 1745 5642 ἐκέ-

193 5658 333 5717 χρητο,
369 5664 506 5710 quam
535 5656 811 5703 lm-limlem
836 5656 1039 5701 roddidil
1066 5656 1330 5717 interprt's.
1365 5657 1493 5703 Ιαῖυιτ.

244 5708 511 5779 *ἶριιςξιιιςε1
529 5718 607 5763 καὶ
634 5720 1021 5779 φιλοσοξωῑέρας
1051 5708 1267 5774 διακοίοις.
1297 5718 1446 5766 ι’δξειυ
1471 5724 1575 5778 post
1601 5714 1745 5763 iidem

201 5773 361 5827 σῑωῦῖισ.
375 5773 563 5836 ἰταμῶς.

1577 333 1955 391 El’lS'l'OLzE.

3302 344 3405 400 ξικῦ

1833 452 1865 503 ό
1891 451 2102 518 Κύριος
2159 451 2436 520 τρωσάτω
2456 470 2553 522 με,
2584 452 2679 508 καὶ
2717 456 2799 518 εις
2822 453 2991 520 τέλος
3022 472 3098 525 με
3125 456 3401 513 ἀνελέτω.

1828 540 1938 607 Εἵη
1996 539 2063 594 δέ
2103 559 2203 611 μοι
2249 542 2287 610 ὴ
2334 545 2513 610 πόλις
2570 542 2778 613 τάφος,
2819 546 2911 615 ἐρ’
2940 542 3014 616 ἧς
3054 546 3154 599 ἐπὶ
3195 549 3411 617 τειχῶν

1829 630 2106 699 ήλλόμην
2130 632 2223 685 ἐπ’
2253 633 2461 703 αὐτῆς.
2495 633 2654 689 Οῦτω
2692 637 2909 690 πάντων
2951 638 3249 709 βαρύτερον
3281 641 3411 694 ἀθυ-

1832 721 1963 791 μία’
1991 723 2101 793 ὅσῳ
2146 723 2204 776 δέ
2250 725 2569 799 βαρύτερον,
2600 728 2842 799 τοσούτῳ
2887 729 2981 783 καὶ
3044 730 3263 801 μείζους
3296 732 3409 804 ἔχει

1827 813 1928 877 τάς
1957 814 2271 880 ἀντιδόσεις.
2880 826 2885 829 ⁷

1900 907 1970 977 η’.
1990 908 2107 960 Ἵνα
2118 907 2174 960 δὲ
2190 908 2281 965 καὶ
2304 908 2565 980 ἑτέρωθεν
2586 910 2781 983 μάθῃς,
2797 912 2919 965 ὅσον
2939 910 3214 983 τῶνξπαθη
3222 909 3411 982 μάτων

1828 996 1889 1050 τὸ
1942 997 2154 1069 κέρδος,
2193 999 2295 1053 κᾶν
2331 1001 2406 1072 μὴ
2460 1001 2548 1055 διὰ
2589 1002 2721 1055 Θεόν
2774 1020 2859 1066 τις
2916 1003 3064 1074 πάθῃ
3092 1002 3208 1069 (καὶ
3235 1003 3411 1067 οὐδεὶς

1832 1087 2135 1160 ὑπερϐολὴν
2162 1089 2321 1145 τοῦτο
2344 1092 2652 1164 νομιζέτω),
2685 1094 2832 1165 πάθῃ
2861 1094 2917 1146 δέ
2949 1095 3118 1164 ὅμως,
3164 1094 3260 1148 καὶ
3284 1111 3411 1163 γεν-

1831 1178 1995 1242 ναίως
2012 1180 2211 1254 ἐνέγκῃ
2231 1184 2326 1237 καὶ
2354 1185 2669 1255 πράως,τὸν
2688 1186 2818 1239 Θεὸν
2842 1187 2936 1238 ἐπὶ
2968 1188 3101 1239 πᾶσι
3128 1187 3363 1254 δοξάζων
3379 1186 3408 1226 ει

1831 1270 1992 1332 αὐτὸς
2011 1263 2165 1336 οὗτος
2190 1272 2290 1325 ούκ
2319 1272 2455 1344 ᾔδει,
2477 1274 2557 1327 ὅτι
2582 1273 2670 1327 διά
2693 1275 2784 1327 τὸν
2805 1276 2935 1328 Θεὸν
2955 1274 3126 1330 ταῦτα
3150 1276 3406 1345 ἐπασχεν’

1832 1363 1981 1433 ὅμως
2019 1364 2108 1417 διὰ
2156 1365 2314 1419 τοῦτο
2363 1368 2739 1437 ἐστεφανοῦτο,
2783 1370 2866 1423 ὃτι
2909 1369 3030 1423 οὐδὲ
3085 1369 3184 1440 τὴν
3234 1369 3410 1423 αἰτίαν

1832 1455 2193 1527 ἐπιστάμενος
2241 1459 2530 1531 ἐκαρτέρει
2568 1462 2852 1529 γενναίως.
2905 1463 3017 1516 Καὶ
3068 1465 3098 1516 ὁ
3165 1462 3412 1533 Λάζαρος

1832 1547 2036 1612 ἐκεῖνος
2059 1550 2312 1623 ἀσθενείᾳ
2344 1551 2557 1620 φύσεως
2585 1552 2899 1624 περιπεσὼν
2931 1553 3109 1624 (τοῦτο
3134 1555 3191 1609 δὲ
3222 1555 3321 1608 οὐκ
3345 1550 3413 1625 ἦν

1832 1637 2001 1709 δήπου
2024 1639 2112 1694 διά
2138 1641 2231 1694 τὸν
2269 1641 2401 1696 Θεὸν
2450 1643 2687 1713 παθεῖν),
2719 1645 2907 1716 ἐπειδὴ
2933 1647 3070 1711 ὅλως
3104 1646 3295 1713 ἔπαθε,
3322 1648 3416 1701 καὶ

1833 1731 2195 1802 ἐκαρτέρησε,
2226 1733 2321 1785 καὶ
2347 1734 2613 1801 γενναίως
2647 1736 2846 1805 ἤνεγκε
2889 1737 2990 1807 τὴν
3028 1738 3267 1807 ἐρημίαν
3306 1735 3415 1790 τῶν

1836 1822 2249 1895 θεραπευόντων
2274 1836 2324 1890 ο,
2360 1824 2458 1894 τὴν
2508 1825 2616 1878 ἀπὸ
2665 1825 2775 1879 τῶν
2809 1826 2982 1881 ἐλκῶν
3031 1826 3290 1898 ἀθυμίαν,
3315 1827 3415 1897 τὴν

1834 1915 1942 1968 ἀπὸ
1975 1914 2068 1967 τοῦ
2119 1915 2303 1986 λιμοῦ,
2346 1915 2444 1987 τὴν
2490 1917 2598 1971 ἀπὸ
2630 1918 2728 1989 τῆς
2767 1918 3070 1992 ὑπεροψίας
3119 1917 3213 1972 τοῦ
3260 1920 3416 1972 πλου·

1836 2003 1953 2056 σίου
1984 2006 2075 2058 καὶ
2109 2006 2207 2074 τῆς
2241 2005 2545 2076 ὠμότητος,
2575 2004 2729 2060 οἶσθα
2755 2007 2960 2078 ἡλίκων
2991 2008 3269 2061 ἀπέλαυσε
3296 2025 3416 2060 στε-

1836 2096 2036 2164 φάνων.
2067 2097 2261 2150 Καίτοι
2300 2112 2363 2165 γε
2391 2097 2555 2150 αὑτοῦ
2606 2097 2942 2169 κατόρθωμα
2988 2097 3138 2151 οὐδὲν
3182 2096 3415 2167 εὕρομεν

1834 2188 2039 2240 εἰπεῖν’
2070 2190 2169 2260 ούχ
2207 2190 2287 2243 ὅτι
2328 2190 2571 2260 πένητας
2601 2190 2855 2261 ἐλέησεν,
2876 2192 2975 2262 οὐχ
3001 2192 3083 2244 ὅτι
3124 2189 3415 2259 ἀδικουμέ·

1835 2296 1945 2342 νοις
1987 2280 2259 2351 παρέστη,
2286 2282 2385 2351 ούχ
2425 2281 2506 2335 ὅτι
2530 2282 2731 2351 ἀγαθόν
2754 2300 2806 2336 τι
2826 2284 3069 2336 τοιοῦτον
3098 2282 3414 2353 εἰργάσατο,

1836 2371 1971 2425 ἀλλὰ
1994 2373 2091 2442 τὴν
2120 2374 2177 2426 ἐν
2202 2371 2280 2443 τῷ
2309 2373 2518 2427 πυλῶνι
2543 2375 2636 2429 τοῦ
2666 2376 2923 2429 πλουσίου
2950 2375 3295 2439 κατάκλισιν,
3324 2373 3420 2427 καὶ

1834 2466 1932 2538 τὴν
1955 2466 2289 2538 ἀρρωστίαν,
2321 2468 2415 2521 καὶ
2440 2468 2549 2521 τῶν
2570 2469 2749 2522 κυνῶν
2770 2469 2870 2533 τὰς
2901 2468 3170 2537 γλώττας,
3201 2469 3297 2522 καὶ
3319 2466 3420 2537 τὴν

1835 2558 1927 2612 τοῦ
1960 2558 2213 2613 πλουσίου
2248 2561 2369 2614 κατ’
2399 2560 2562 2614 αὑτοῦ
2592 2560 2891 2633 γενομένην
2919 2560 3235 2632 ὑπεροψίαν,
3276 2560 3419 2631 ἅπερ

1836 2648 1928 2702 τοῦ
1962 2651 2189 2720 πάσχειν
2231 2651 2417 2715 κακῶς
2456 2651 2673 2707 ἅπαντα
2720 2648 2808 2724 ἦν.
2850 2653 2990 2706 Ἀλλ’
3034 2653 3184 2723 ὅμως
3231 2653 3415 2706 καίτοι.

1840 2740 2005 2811 μηδὲν
2029 2744 2275 2808 γενναῖον
2320 2741 2575 2811 ποιήσας,
2609 2742 2796 2813 ἐπειδὴ
2830 2742 2990 2811 μόνον
3008 2741 3111 2812 τὴν
3139 2743 3207 2795 ἐκ
3223 2740 3419 2795 τούτου

1834 2832 2073 2902 ἀθυμίαν
2091 2833 2291 2903 ἤνεγκε
2319 2820 2604 2901 γενναίως,
2635 2831 2712 2903 τῷ
2748 2831 2985 2886 τοσαῦτα
3030 2832 3420 2904 κατωρθωκότι

1836 2923 2150 2995 πατριάρχῃ
2190 2923 2290 2989 τῆς
2325 2922 2495 2994 αὐτῆς
2526 2923 2683 2993 ἔτυχε
2714 2923 2940 2995 λήξεως.
2977 2925 3130 2978 Εἴπω
3174 2924 3238 2995 δὴ
3281 2927 3419 2996 μετά

1835 3015 1993 3069 τοῦτο
2021 3015 2117 3068 καὶ
2140 3015 2350 3085 ἕτερον,
2386 3015 2687 3087 παράδοξον
2715 3018 2811 3087 μὲν
2860 3013 3001 3070 εἶναι
3042 3017 3418 3090 δοκοῦν,’ἀλη-

1838 3106 1928 3169 θὲς
1960 3106 2017 3158 δέ
2041 3123 2052 3135 ·
2083 3105 2201 3158 Κᾶν
2217 3106 2421 3175 ἀγαθόν
2437 3124 2519 3170 τις
2544 3108 2845 3179 ἐργάσηται
2879 3108 3020 3178 μέγα
3041 3109 3134 3162 καὶ
3150 3114 3417 3178 γενναῖον,

1840 3198 1915 3271 μὴ
1934 3197 2082 3271 [561]
2104 3198 2239 3269 μετά
2257 3199 2417 3252 πόνου
2457 3199 2514 3253 δέ
2544 3201 2639 3253 καὶ
2665 3200 2910 3254 κινδύνου
2942 3202 3036 3256 καὶ
3055 3202 3418 3276 παθημάτων,

1837 3292 1897 3344 ού
1931 3290 2099 3345 πολύν
2128 3309 2251 3345 τινα
2279 3290 2509 3362 λήψεται
2549 3292 2738 3363 μισθόν
2759 3312 2771 3323 ’
2809 3294 3111 3363 ’Ἕκαστος
3146 3298 3255 3369 γὰρ
3314 3299 3421 3352 τὸν

1839 3384 1996 3438 ἴδιον
2027 3386 2252 3454 μισθὸν
2282 3384 2546 3454 λήψεται
2585 3385 2737 3441 κατὰ
2778 3387 2886 3440 τὸν
2925 3388 3079 3443 ἴδιον
3102 3391 3325 3445 κόπον⁸
3356 3393 3419 3446 ού

1840 3477 1978 3532 κατὰ
2011 3477 2072 3530 τὸ
2109 3477 2338 3546 μέγεθος
2361 3477 2455 3529 τοῦ
2499 3477 2949 3549 κατορθώματος,
2980 3480 3123 3534 ἀλλά
3157 3482 3298 3535 κατὰ
3326 3483 3419 3537 τὸν

1838 3568 2000 3636 ὄγκον
2048 3568 2142 3621 τοῦ
2200 3566 2546 3638 παθήματος.
2595 3568 2696 3622 Διά
2731 3587 2813 3622 τοι
2849 3570 3009 3624 τοῦτο
3060 3575 3157 3627 καὶ
3209 3575 3421 3639 Παῦλος

1840 3658 2212 3730 καυχώμενος,
2244 3659 2347 3711 οὐκ
2375 3661 2468 3712 ἐπὶ
2494 3659 2570 3730 τῷ
2600 3661 2944 3733 κατορθῶσαι
2987 3664 3147 3731 μόνον
3179 3667 3271 3718 καὶ
3292 3684 3418 3734 γεν-

1838 3753 1986 3806 ναῖόν
2015 3769 2068 3804 τι
2099 3752 2324 3821 ποιῆσαι
2358 3754 2651 3822 καυχᾶται,
2699 3753 2839 3807 άλλά
2870 3754 2963 3808 καὶ
2994 3756 3087 3809 ἐπὶ
3113 3756 3190 3828 τῷ
3227 3760 3423 3815 παθεῖν

1840 3842 2046 3906 κακῶς.
2084 3842 2268 3896 Εἰπὼν
2297 3842 2425 3914 γὰρ,
2461 3842 2732 3898 Διάκονοι
2760 3847 3017 3913 Χριστοῦ
3061 3850 3201 3911 εισι,
3235 3862 3423 3919 παρα-

1842 3932 2080 4002 φρονῶν
2102 3930 2288 3997 λαλῶ,
2326 3934 2478 4001 ὑπὲρ
2501 3932 2649 4002 ἐγώ·
2684 3934 2776 3987 καὶ
2818 3934 2915 4006 τὴν
2958 3936 3100 3990 κατά
3134 3937 3423 4011 σύγκρισιν

1842 4024 2151 4097 ὑπερϐολὴν
2206 4025 2447 4094 ύφαίνων
2478 4024 2517 4087 τ,
2552 4027 2652 4080 οὐκ
2696 4021 2838 4087 εἷπε,
2890 4027 3080 4092 Τόσοις
3124 4030 3218 4083 καὶ
3245 4032 3424 4097 τόσοις

1842 4117 2104 4190 ἐκήρυξα,
2135 4116 2247 4171 ἀλλ’
2276 4117 2438 4186 ἀφεὶς
2466 4117 2609 4189 άπερ
2652 4116 3038 4189 κατώρθωσεν,
3076 4118 3221 4192 ἆπερ
3251 4121 3421 4176 ἔπαθε

1845 4209 2050 4273 κακῶς,
2079 4207 2255 4263 ταῦτα
2279 4208 2651 4280 ἐξαριθμεῖται
2679 4210 2821 4263 οὕτω
2851 4209 3023 4279 λέγων
3042 4227 3054 4239 ·
3088 4212 3189 4265 Ἑν
3215 4214 3425 4280 κόποις

1844 4300 2303 4371 περισσοτέρως,
2354 4301 2423 4352 ἐν
2470 4299 2729 4369 πληγαῖς
2786 4302 3306 4369 ὑπερϐαλλόντως,
3353 4305 3427 4357 ἐν

1844 4392 2144 4462 φυλακαῖς
2196 4390 2655 4458 περισσοτέρως,
2697 4391 2767 4443 ἐν
2801 4391 3073 4457 θανάτοις
3104 4392 3422 4460 πολλάκις.

1844 4483 2135 4546 Πεντάκις
2183 4480 2643 4549 τεσσαράκοντα
2698 4481 2855 4547 παρὰ
2906 4483 3055 4549 μίαν
3104 4483 3220 4536 ὑπὸ
3272 4484 3420 4537 Ἰου-

1845 4577 2030 4630 δαίων
2088 4574 2329 4638 ἔλαϐον,
2388 4571 2516 4638 τρίς
2571 4572 2990 4639 ἑρῤαϐδίσθην,
3020 4572 3183 4635 ἅπαξ
3227 4572 3423 4627 ἐλιθά-

1846 4670 2023 4735 σθην,
2055 4664 2178 4732 τρὶς
2225 4660 2599 4731 ἐναυάγησα,
2644 4661 3024 4729 νυχθήμερον
3058 4663 3126 4714 ἐν
3151 4664 3225 4726 τῷ
3249 4662 3424 4727 ,βυθῷ

1846 4757 2172 4824 πεποίηκα’
2204 4752 2569 4820 ὁδοιπορίαις
2614 4750 2932 4817 πολλάκις,
2976 4751 3281 4817 κινδύνοις
3317 4768 3425 4806 πο-

1846 4847 2068 4919 ταμῶν,
2105 4844 2411 4909 κινδύνοις
2437 4841 2704 4913 λῃστῶν,
2736 4840 3039 4907 κινδύνοις
3074 4843 3143 4896 ἐκ
3187 4843 3421 4912 γένους,

1846 4938 2152 5003 κινδύνοις
2185 4935 2253 5000 ἐξ
2295 4933 2505 4999 ἐθνῶν,
2556 4931 2860 4997 κινδύνοις
2898 4933 2967 4984 ἐν
2998 4933 3190 4996 πόλει,
3219 4934 3423 4988 κινδύ-

1845 5048 1976 5094 νοις
2008 5029 2077 5082 ὲν
2104 5027 2337 5097 ἐρημίᾳ,
2379 5025 2685 5089 κινδύνοις
2735 5024 2804 5077 ἐν
2855 5024 3164 5091 θαλάσσῃ,
3215 5024 3419 5078 κινδύε

1845 5138 1975 5186 νοις
2024 5119 2094 5171 ἐν
2143 5116 2623 5187 ψευδαδέλφοις·
2682 5115 2751 5168 ἑν
2806 5115 3426 5185 κόπῳ,ὲνμόχθῳ,ἐν

1846 5210 2208 5283 ἀγῬυπνίαις
2266 5206 2590 5273 πολλάκις,
2644 5208 2714 5260 ἐν
2765 5206 2919 5276 λιμῷ
2973 5206 3069 5260 καὶ
3120 5206 3284 5275 δίψει
3326 5206 3426 5258 καὶ

1848 5302 2203 5371 γυμνότητι·
2235 5299 2414 5367 χωρὶς
2442 5297 2560 5353 τῶν
2598 5299 2894 5367 παρεκτὸς
2939 5300 2977 5367 ὴ
3020 5298 3426 5363 ἐπισύστασίς

1841 5410 1961 5462 μου
1987 5392 2024 5459 ἠ
2050 5391 2179 5444 καθ’
2204 5388 2451 5458 ἡμέραν.

1908 5592 1934 5631 ἀ
1962 5593 2079 5641 Pnst
2115 5590 2318 5645 δοξάζων
2350 5588 2515 5651 Savil.
2544 5589 2675 5637 addit
2700 5609 2709 5636 :
2756 5590 2970 5650 μεγάλων
3000 5589 3101 5651 ,τῶν
3124 5587 3325 5651 ἀναρῤήο
3338 5602 3426 5635 εων

1849 5655 2081 5717 τυγχάνει’
2109 5653 2207 5719 ἐπεὶ
2232 5654 2316 5697 καί
2346 5650 2469 5699 Ἰὼϐ.
2501 5651 2605 5719 Mox
2635 5652 2700 5698 id.
2728 5649 2807 5719 καὶ
2838 5652 2965 5719 δμως
2990 5649 3093 5719 διάη

1917 5713 2313 5771 ὶέῬθι-τοιίἱιιηυς,
2348 5720 2475 5760 lesle
2505 5713 2699 5766 “Imm,
2722 5714 2817 5758 τῶν
2840 5713 3236 5772 θεραπευσόντων.

1921 5775 1939 5815 ί
1971 5776 2076 5825 Duo
2098 5788 2210 5822 mss.
2232 5767 2466 5836 ὑπεροχὴν
2492 5774 2741 5835 ἐμφαίνων.
2772 5767 2900 5823 Ειίὶιί
2924 5771 3184 5831 ὑπερϐολὴν
3201 5767 3427 5829 Maium.
