3906 6374
146 384 255 441 581

224 496 285 552 9.
315 491 544 547 Videsne
564 485 970 559 perpessionum
994 480 1209 545 seriem,
1238 492 1301 533 ac
1320 472 1579 548 gloriandi
1604 486 1752 528 occa-

145 582 393 640 siones?
440 578 561 635 Mox
602 585 781 632 autem
828 588 947 645 qua:
994 572 1157 628 etiam
1201 567 1458 639 praelate
1502 566 1750 636 gesserit,

145 675 474 746 subjungit:
502 680 664 742 alque
688 669 742 724 in
772 667 836 722 iis
861 678 1070 721 rursum
1095 660 1469 734 perpessiones
1494 655 1754 726 majorem

147 771 296 835 sibi,
340 784 500 841 quam
543 781 634 822 res
676 763 934 836 prmclare
978 769 1178 832 gestze,
1226 763 1433 829 partem
1464 753 1754 809 vindicant.

148 860 294 915 Nam
325 875 449 914 eum
476 857 733 922 dixisset,
766 852 1018 908 Instantia
1052 867 1164 905 mea
1192 847 1489 920 quotidiana
1509 888 1523 912 ,
1555 844 1761 899 scilicet

150 952 436 1008 continuae
475 947 824 1005 abductiones
849 987 864 1012 ,
907 943 1164 999 tumultus
1184 983 1203 1008 ,
1247 947 1406 1008 atque
1431 935 1761 993 calamitates

151 1046 316 1114 (nam
344 1041 448 1096 hoc
472 1038 734 1110 significat
762 1032 1104 1102 lacutnam),
1133 1030 1424 1100 subjunxit,
1455 1025 1761 1083 Sollicitudo

152 1133 397 1189 omnium
427 1129 765 1185 Ecclesiarum
794 1125 901 1200 (Ib.
924 1141 977 1184 ι’.
997 1122 1114 1196 28).
1141 1122 1259 1177 Non
1284 1120 1437 1185 dixit,
1468 1115 1760 1182 Correctio,

153 1224 258 1281 sed
289 1221 625 1286 Sollicitudo,
653 1234 772 1291 qtae
798 1216 867 1273 ad
894 1215 1291 1287 perpessionem
1318 1212 1486 1283 magis
1513 1223 1670 1280 quam
1696 1205 1765 1261 ad

155 1328 253 1371 res
282 1328 351 1369 ex
378 1313 575 1367 virtute
602 1318 779 1382 gestas
808 1314 1054 1378 pertinet.
1090 1305 1158 1361 Et
1194 1320 1312 1376 qum
1353 1309 1648 1373 sequuntur
1677 1313 1768 1353 eo-

158 1405 294 1461 dem
328 1403 493 1459 modo
525 1420 538 1456 :
566 1401 709 1469 Quis,
743 1399 934 1470 inquit,
956 1397 1268 1466 inﬁrmatur,
1298 1403 1342 1454 et
1366 1409 1459 1464 ego
1487 1408 1587 1446 non
1616 1390 1767 1459 inﬁr-

160 1497 330 1551 mor?
358 1494 477 1550 Non
509 1494 640 1549 dixit
664 1535 679 1558 ,
721 1490 944 1561 Corrigo
969 1497 1023 1545 et
1049 1487 1270 1544 medeor
1297 1504 1311 1540 :
1342 1484 1455 1550 sed,
1487 1482 1733 1551 Inﬁt-mor
1752 1513 1768 1534 .

163 1603 230 1642 ac
261 1601 484 1641 rursum
517 1602 531 1640 :
564 1583 686 1649 Quis
713 1582 1108 1644 scandalizatur,
1142 1588 1191 1632 et
1217 1594 1307 1649 ego
1333 1593 1432 1630 non
1461 1591 1582 1629 uror
1608 1572 1769 1645 (Ibid.

164 1698 217 1734 υ.
239 1678 340 1748 29)
364 1677 390 1730 ?
418 1675 531 1730 Non
563 1674 717 1739 dixit,
748 1672 884 1728 Eum
915 1669 1169 1727 seandalo
1194 1667 1413 1724 liberavi
1444 1683 1457 1718 :
1491 1664 1618 1729 sed,
1646 1662 1775 1718 Μω-

169 1771 317 1826 roris
363 1766 635 1839 particeps
682 1764 780 1820 fui.
812 1764 1006 1819 Postea
1034 1760 1324 1816 ostendens
1351 1758 1449 1812 ista
1478 1756 1772 1827 praesertim

173 1859 433 1918 mercede
456 1858 664 1924 donari,
687 1857 798 1911 ait:
832 1854 893 1910 Si
917 1854 1125 1926 gloriari
1150 1860 1367 1921 Oportet,
1396 1851 1450 1903 iu
1472 1850 1534 1902 iis
1563 1862 1675 1918 qua:
1697 1846 1779 1900 iu-

179 1956 444 2022 ﬁrmitatis
469 1966 592 2005 mea:
617 1958 757 2016 sunt,
789 1940 1046 2019 glariabor
1073 1943 1093 2018 (
1116 1943 1198 1999 Ib.
1223 1959 1274 1998 υ.
1297 1942 1367 1997 50
1388 1940 1429 2014 ).
1463 1941 1539 1995 Ac
1565 1944 1777 1994 rursum

182 2046 327 2100 aliud
359 2044 602 2114 ejusdem
630 2040 842 2111 generis
863 2037 1151 2103 subnectit,
1181 2035 1431 2090 nimirum
1460 2031 1634 2102 fugam
1662 2046 1780 2086 eam

184 2153 344 2207 quam
381 2152 476 2207 per
507 2134 793 2190 fenestram
825 2141 879 2186 et
904 2138 1140 2200 sportam
1166 2143 1228 2182 ac
1252 2140 1461 2181 murum
1489 2121 1779 2193 corripuit:

189 2230 291 2284 hoc
322 2244 489 2299 porro
532 2243 596 2281 ex
634 2217 1046 2296 perpessionum
1094 2234 1292 2291 genere
1336 2225 1471 2273 erat.
1522 2215 1581 2271 Si
1626 2213 1786 2285 igitur

189 2333 447 2373 aerumnm
478 2331 667 2386 magna
709 2313 958 2369 mercede
991 2311 1290 2374 donantur,
1321 2319 1785 2374 mrumnarumque

191 2412 505 2482 gravissima
546 2420 629 2464 est
670 2421 890 2472 maeror,
936 2403 1109 2475 cogita
1153 2409 1349 2473 quanta
1390 2401 1499 2454 sint
1540 2396 1788 2453 maeroris

196 2503 440 2572 prtemia.
491 2500 672 2570 Neque
716 2499 857 2553 enim
902 2495 1039 2551 hanc
1085 2494 1179 2548 tibi
1226 2492 1543 2549 cantilenam
1594 2478 1790 2545 canere

196 2593 441 2646 desinam
472 2608 486 2645 :
520 2600 610 2655 ut,
650 2587 795 2660 quod
833 2587 986 2641 initio
1026 2584 1292 2656 pollicitus
1320 2598 1439 2637 sum
1460 2624 1475 2648 ,
1509 2581 1610 2636 hoc
1649 2594 1792 2635 nunc

199 2693 450 2754 praestem
470 2724 484 2748 ,
515 2695 709 2750 nempe
732 2686 792 2734 ut
815 2677 882 2732 ab
908 2677 1135 2749 ipsamct
1159 2674 1412 2729 maestitia
1437 2672 1672 2727 rationes
1698 2684 1793 2726 eas

202 2790 404 2842 texam,
432 2790 553 2847 quae
584 2760 676 2829 tibi
707 2771 977 2828 maestitia:
1005 2768 1422 2825 consolationem
1450 2764 1673 2835 pariant.

275 2869 487 2939 Aliquid
517 2867 751 2939 praeclari
778 2858 926 2937 agere
953 2880 1069 2918 cum
1099 2861 1415 2934 perpessione
1438 2858 1609 2927 aliqua
1636 2856 1795 2911 multo

203 2965 373 3035 majus
401 2972 476 3017 est
500 2978 653 3029 quam
678 2960 787 3015 sine
813 2948 982 3012 labore
1004 2956 1138 3011 idem
1169 2964 1429 3026 prwstare.
1448 2981 1521 2992 —
1542 2952 1715 3021 Atque
1739 2959 1798 3005 ut

205 3056 424 3113 aliunde
459 3054 634 3110 discas
661 3060 857 3124 quanta
893 3064 982 3106 res
1020 3048 1124 3115 sit,
1153 3061 1272 3102 cum
1305 3045 1426 3100 mali
1457 3044 1800 3114 perpessione

208 3149 409 3222 aliquid
441 3145 683 3218 przeclari
727 3160 919 3217 agere,
964 3150 1019 3199 et
1063 3149 1258 3213 quanto
1307 3137 1528 3194 inferius
1573 3137 1643 3193 sit
1684 3136 1801 3193 sine

210 3244 396 3300 labore
418 3242 472 3298 id
509 3242 682 3311 ipsum
715 3246 1006 3310 praestare,
1039 3233 1362 3306 Babylonius
1401 3232 1489 3287 ille
1516 3229 1800 3286 Nabucho-

211 3338 448 3392 donosor
466 3376 481 3400 ,
526 3334 579 3389 in
610 3331 836 3402 sceptris
863 3344 928 3384 ac
956 3325 1346 3401 diadematibus
1374 3324 1558 3379 vivens
1577 3330 1609 3389 ,‘
1637 3338 1801 3378 evan-

212 3427 388 3499 gelieo
429 3424 696 3497 quondam
746 3435 969 3477 munere
1019 3420 1231 3474 functus
1274 3422 1387 3472 est.”
1428 3415 1640 3469 Etenim
1684 3422 1806 3484 post

213 3517 446 3574 fornacis
490 3515 762 3571 historiam
790 3528 854 3567 ac
880 3508 1190 3565 miraculum
1222 3506 1321 3561 hoc
1348 3504 1585 3585 muneris
1618 3517 1802 3559 susce-

217 3613 335 3683 pit,
384 3618 442 3665 ut
480 3609 732 3664 universo
777 3604 894 3661 orbi
939 3590 1369 3657 concionatorcm
1413 3612 1473 3653 se
1523 3596 1806 3666 praeberet,

217 3718 328 3758 non
366 3716 465 3773 per
502 3701 739 3771 linguam
783 3694 945 3753 modo
968 3736 983 3760 ,
1027 3692 1121 3747 sed
1150 3691 1310 3747 etiam
1354 3704 1450 3760 per
1491 3688 1674 3742 literas
1698 3728 1713 3754 ,
1755 3687 1807 3739 in

220 3808 412 3849 omnes
437 3802 592 3848 terrze
622 3797 802 3860 partes
826 3787 893 3842 ad
920 3785 1064 3841 hunc
1089 3782 1304 3838 modum
1330 3781 1570 3838 scribens
1594 3793 1607 3833 :
1637 3777 1813 3832 Nabu-

221 3885 538 3939 chodonosor
564 3898 655 3936 rex
683 3880 912 3936 omnibus
957 3874 1161 3948 populis
1184 3917 1200 3942 ,
1248 3873 1473 3927 tribubus
1515 3880 1560 3924 et
1602 3870 1809 3941 linguis,

224 3974 313 4045 qui
340 3974 566 4027 habitant
589 3973 643 4026 in
669 3971 901 4025 universa
930 3977 1066 4022 terra
1085 4008 1101 4033 ,
1135 3981 1239 4034 pars
1264 3964 1401 4018 vobis
1428 3962 1809 4032 multiplicetur.

225 4065 392 4137 Signa
437 4073 485 4118 et
523 4063 757 4134 prodigia
797 4058 1072 4131 quazDeus
1111 4056 1335 4111 excelsus
1375 4054 1514 4125 apud
1555 4070 1635 4108 me
1674 4052 1813 4124 fecit,

227 4156 424 4226 placuit
447 4154 752 4208 annuntiare
791 4152 948 4206 vobis.
992 4148 1185 4221 Magna
1218 4149 1351 4202 enim
1393 4155 1508 4200 sunt
1550 4154 1598 4200 et
1626 4145 1816 4216 fortia:

226 4262 446 4318 regnum
469 4246 581 4317 ejus
608 4260 819 4314 regnum
864 4240 1237 4310 sempiternum,
1284 4247 1332 4293 et
1369 4246 1587 4308 potestas
1630 4237 1738 4307 ejus
1767 4235 1820 4290 in

228 4337 600 4410 generationem
648 4344 696 4389 et
737 4333 1110 4405 generationem
1155 4328 1332 4401 (Dan.
1363 4329 1415 4383 5.
1443 4324 1715 4395 98-l00).
1755 4324 1823 4379 Et

230 4429 408 4485 edicto
448 4426 664 4490 sanxit,
712 4432 770 4478 ut
808 4422 983 4478 omnis
1013 4420 1276 4491 populus,
1311 4417 1477 4472 tribus
1522 4426 1577 4471 et
1620 4415 1821 4484 lingua,

233 4534 356 4591 quae
393 4519 612 4589 loqunta
640 4516 803 4571 fuerit
830 4525 1014 4570 contra
1049 4514 1213 4567 Deum
1255 4508 1514 4576 Sidrach,
1542 4506 1743 4562 Misach
1771 4514 1825 4562 et

234 4609 548 4679 Abdenago,
576 4606 883 4677 dispereat,
911 4614 964 4660 et
988 4604 1179 4659 domus
1205 4601 1320 4670 ejus
1362 4600 1431 4653 sit
1475 4598 1529 4652 in
1568 4596 1825 4667 direptio-

237 4716 384 4757 nem.
415 4698 679 4769 Additque
706 4716 721 4751 :
747 4695 927 4762 Neque
954 4695 1088 4750 enim
1114 4693 1247 4747 alius
1276 4701 1348 4746 est
1374 4688 1533 4753 Deus,
1561 4688 1647 4758 qui
1670 4688 1829 4759 possit

238 4793 312 4847 ita
336 4791 533 4845 sulcare
556 4786 675 4859 (Ib.
701 4804 749 4843 υ.
772 4787 905 4859 96).
931 4784 1095 4841 Vides
1138 4783 1312 4838 minas
1352 4781 1404 4835 in
1433 4778 1645 4836 literis?
1679 4778 1830 4834 vides

243 4882 551 4939 terrorem?
603 4879 755 4936 vides
799 4879 1079 4936 sublimem
1106 4888 1410 4947 prteconem
1439 4874 1455 4905 ¹
1476 4912 1493 4939 ,
1537 4886 1602 4928 ac
1648 4872 1832 4927 literas

244 4988 670 5047 quaquaversum
697 4970 959 5028 diti‘usas?
998 4968 1139 5038 Quid
1170 4968 1362 5039 igitur,
1403 4965 1490 5022 dic
1513 4964 1688 5021 mihi?
1734 4978 1831 5034 pa-

247 5082 433 5124 cemne
479 5065 736 5137 apostolis
782 5063 1084 5121 mercedem
1132 5069 1494 5130 consequetur
1516 5098 1531 5126 ,
1581 5057 1833 5129 quoniam

250 5158 347 5215 ἶ)θί
382 5159 673 5229 potentiam
714 5159 784 5211 ita
825 5153 1172 5226 praedicavit,
1218 5160 1530 5221 tantumque
1570 5148 1730 5204 studii
1774 5162 1856 5203 ac:

250 5249 540 5320 diligentiae
587 5246 866 5315 adhibuit,
919 5255 979 5301 ut
1021 5244 1161 5299 hanc
1207 5242 1503 5298 doctrinam
1552 5248 1663 5295 toto
1708 5238 1839 5294 orbe

252 5341 562 5397 nuntiaret?
606 5340 767 5395 Certe
808 5354 915 5393 non
947 5350 1192 5407 magnam
1236 5334 1604 5404 ejnsparlem,
1653 5345 1837 5385 verum

252 5432 472 5487 mfinitis
512 5430 752 5501 partibus
780 5428 1105 5483 inferiorem.
1153 5426 1310 5495 Atqui
1337 5423 1563 5489 eodem,
1593 5435 1701 5492 quo
1740 5419 1836 5486 illi,

255 5538 475 5580 munere
502 5521 717 5577 functus
753 5528 854 5574 est.
904 5518 1012 5575 Sed
1051 5518 1173 5589 quia
1203 5517 1380 5572 nullus
1409 5515 1496 5570 hic
1538 5515 1708 5578 labor,
1740 5526 1843 5568 nec

256 5618 415 5675 ullius
454 5613 581 5668 mali
626 5611 899 5681 perpessio
942 5610 1189 5680 adjuncta
1230 5617 1351 5673 est,
1402 5606 1601 5663 idcirco
1636 5615 1844 5659 merces

254 5707 530 5766 minuitur.
558 5704 657 5759 llic
682 5702 825 5758 enim
851 5719 916 5760 ex
941 5710 1224 5773 potestate,
1252 5717 1312 5758 ac
1336 5701 1451 5757 sine
1477 5700 1582 5756 ullo
1609 5695 1846 5773 periculo

319 5821 336 5853 ι
366 5819 709 5877 t'errouianus,
735 5813 865 5866 rides
888 5812 1308 5878 pradicatioumit.

1608 356 1996 416 ῈΡΙΞΤΟῙΑΕ.

3343 372 3452 429 582

1862 471 1966 526 hoc
1992 468 2183 540 agebat
2214 486 2226 521 :
2259 484 2379 525 cum
2411 470 2484 526 illi
2514 480 2700 528 contra
2729 474 3161 547 prohiberentur,
3190 482 3455 551 pelleren-

1863 572 1985 630 tur,
2033 563 2418 628 tunderentur,
2468 564 2650 636 flagris
2691 568 3063 639 caederentur,
3098 575 3150 630 in
3194 579 3452 634 mrumnis

1864 663 2222 721 versarentur,
2270 654 2323 710 in
2356 672 2593 727 praeceps
2620 670 2902 730 agerentur
2926 704 2940 728 ,
2975 665 3028 719 in
3061 682 3208 725 mare
3237 669 3445 728 denter»

1864 757 2147 817 gerentur,
2184 746 2322 802 fame
2365 748 2787 817 conficerentur,
2833 746 3196 823 quotidianam
3226 773 3456 819 mortem

1867 845 2221 907 oppeterent,
2266 839 2429 893 animi
2478 840 2640 895 etiam
2683 845 2919 899 cruciatu
2963 847 3343 921 afficerentur,
3390 857 3459 911 ad

1866 928 2124 999 cujusque
2176 929 2539 987 infirmitatem
2598 933 3034 1003 intirmarenlur,
3082 941 3149 995 ad
3200 944 3462 1015 cujusque

1869 1020 2221 1077 olTensionem
2253 1030 2307 1078 et
2347 1024 2653 1079 scandalum
2694 1040 2996 1085 urerentur.
3047 1032 3225 1104 Itaque
3255 1053 3351 1107 pro
3382 1040 3465 1094 bis

1868 1112 2179 1179 laboribus,
2224 1129 2288 1169 ac
2329 1116 2626 1185 praesertim
2675 1132 2772 1186 pro
2823 1135 3088 1187 mterore,
3131 1128 3358 1196 amplior
3385 1130 3466 1184 eis

1872 1218 2081 1295 merces
2109 1214 2191 1261 est
2217 1207 2504 1276 persoluta.
2537 1206 2891 1283 Unusquisque
2944 1214 3118 1279 enim,
3153 1216 3323 1289 inquit
3352 1219 3462 1285 ille,

1873 1296 2135 1365 propriam
2169 1298 2451 1352 mercedem
2493 1300 2706 1371 accipiet
2738 1301 2896 1369 juxta
2940 1306 3204 1373 proprium
3246 1308 3467 1365 laborem

1875 1387 1951 1460 (l.
1971 1386 2092 1444 Cor.
2114 1389 2166 1444 5.
2193 1389 2250 1459 8)
2278 1408 2289 1443 :
2318 1406 2423 1444 non
2445 1391 2589 1446 enim
2615 1391 2665 1445 id
2692 1392 2904 1448 assidue
2932 1407 3177 1465 repetere
3200 1398 3462 1456 desinam.

1878 1480 2004 1536 Ideo
2032 1482 2293 1552 benignus
2322 1483 2484 1547 Deus,
2514 1501 2634 1540 cum
2668 1487 2863 1542 Paulus
2887 1503 3031 1559 Stepe
3058 1504 3296 1562 rogasset
3322 1511 3379 1550 se
3405 1513 3470 1552 ex

1875 1573 2273 1629 calamitatibus
2300 1583 2355 1629 et
2385 1591 2618 1631 mterore
2642 1618 2656 1645 ,
2687 1577 2872 1635 dolore
2898 1590 3058 1651 atque
3095 1585 3345 1653 periculis
3369 1589 3476 1643 eri-

1884 1674 2059 1734 peret,
2092 1665 2144 1720 id
2175 1666 2272 1737 ipsi
2303 1667 2525 1723 minime
2555 1672 2839 1725 concessit.
2874 1671 2979 1726 Pro
3011 1674 3141 1741 hoc,
3177 1677 3375 1749 inquit,
3402 1691 3478 1733 ter

1885 1758 2161 1814 Dominum
2189 1761 2367 1830 rogavi
2410 1761 2428 1830 (
2454 1761 2508 1816 Ξ.
2534 1751 2835 1831 ϐονξὶἳζὸ
2858 1765 2878 1831 )
2906 1754 2931 1820 :
2971 1780 3072 1822 nec
3116 1776 3292 1837 tamen
3334 1773 3476 1841 quod

1882 1847 2152 1920 petebam,
2185 1849 2487 1922 impetravi.
2518 1854 2584 1908 Et
2608 1856 2754 1919 sane,
2786 1871 2883 1911 cur
2903 1846 3227 1929 amplissima
3258 1863 3478 1932 praemia

1884 1941 2146 2010 caperet?
2176 1943 2258 1997 An
2290 1944 2431 2012 quod
2476 1945 2591 2000 sine
2637 1946 2819 2003 labore
2861 1950 3242 2020 prmdieasset,
3275 1954 3482 2010 deliciis

1885 2032 2204 2104 indulgens,
2235 2044 2396 2105 atque
2428 2037 2479 2091 in
2527 2027 2909 2109 tranquillitate
2952 2041 3198 2112 degens?
3242 2062 3307 2099 an
3339 2048 3481 2118 quod

1887 2122 2032 2178 domi
2058 2123 2254 2180 sedens
2281 2140 2343 2180 os
2368 2126 2660 2182 diduxisset
2683 2169 2698 2193 ,
2732 2144 2795 2184 ac
2821 2130 3055 2201 linguam
3088 2136 3386 2191 movisset?
3414 2140 3485 2193 At

1889 2216 1993 2272 hoc
2037 2219 2205 2276 cuivis
2250 2217 2409 2275 facile
2437 2231 2590 2290 erat,
2624 2225 2918 2293 quamlibet
2960 2230 3116 2283 etiam
3164 2232 3354 2300 ignavo
3377 2275 3390 2297 ,
3422 2248 3487 2287 ae

1889 2306 2149 2364 dissolute
2182 2317 2238 2364 et
2276 2309 2504 2369 delicate
2534 2313 2752 2371 viventi.
2786 2316 2937 2374 Nunc
2968 2330 3142 2375 autem
3185 2324 3486 2393 vulnerum,

1895 2400 2165 2455 variorum
2194 2403 2387 2459 mortis
2413 2420 2702 2475 generum,
2731 2400 2985 2465 curs'uum
3018 2422 3119 2467 tam
3156 2422 3489 2471 terrenarum

1893 2506 2053 2560 quam
2117 2492 2490 2563 marinorum,
2538 2496 2707 2566 ipsius
2755 2502 3042 2569 maeroris,
3097 2504 3490 2577 lacrymarum,

1895 2582 2142 2638 dolorum
2172 2584 2191 2655 (
2214 2583 2511 2641 Triennium
2540 2590 2684 2644 enim
2708 2632 2723 2658 ,
2766 2590 2970 2664 inquit,
3012 2594 3096 2651 die
3120 2613 3179 2649 ac
3209 2609 3353 2652 nocte
3377 2616 3494 2653 cum

1898 2671 2138 2744 lacrymis
2176 2691 2279 2729 non
2304 2677 2526 2743 cessavi,
2560 2696 2770 2735 mouens
2798 2698 3200 2757 unumquemque
3240 2692 3493 2758 vestrum)

1900 2762 1920 2836 (
1944 2765 2054 2817 Act.
2077 2764 2167 2819 20.
2199 2765 2262 2821 51
2292 2767 2311 2837 )
2336 2769 2555 2837 ρι’τειιιίίι
2601 2780 2655 2827 et
2682 2786 2910 2831 coronas
2937 2791 3127 2848 magna
3154 2794 3278 2835 cum
3306 2781 3493 2837 fiducia

1900 2864 2251 2926 percepturus
2280 2866 2385 2913 est.

1974 2946 2063 3003 ιο.
2111 2946 2437 3004 Calamitates
2464 2950 2814 3023 Olympiadis.
2846 2955 3038 3028 Joscph
3081 2962 3142 3013 ob
3187 2962 3498 3018 calamitates

1904 3038 2189 3092 clarus.—
2230 3039 2356 3095 Haec
2402 3041 2562 3113 igitur
2587 3044 2767 3100 animo
2810 3054 2864 3101 ct
2903 3049 3223 3119 cogitatione
3265 3052 3498 3122 comple-

1903 3137 2086 3197 ctens,
2130 3139 2389 3201 quantum
2440 3133 2639 3189 scilicet
2685 3137 2895 3192 acerbae
2942 3154 3005 3194 ac
3053 3140 3332 3197 laboriosm
3376 3145 3501 3199 vita:

1906 3224 2112 3280 lucrum
2139 3225 2230 3292 sit,
2255 3226 2425 3296 gaude
2447 3235 2503 3282 et
2531 3228 2711 3285 laetare
2737 3249 2751 3285 :
2781 3240 2943 3302 utque
2973 3234 3319 3302 fructuosam,
3342 3247 3503 3308 atque

1910 3316 2206 3371 innumeris
2230 3316 2449 3372 coronis
2493 3318 2707 3389 dignam
2748 3320 2859 3390 jam
2907 3322 3031 3378 inde
3069 3340 3098 3378 a
3139 3324 3305 3394 prima
3347 3336 3504 3383 aetate

1910 3408 2049 3462 viam
2081 3410 2339 3477 tenueris,
2368 3410 2572 3466 crebris
2598 3420 2652 3466 et
2678 3415 2946 3470 continuis
2977 3426 3165 3472 vexata
3190 3419 3507 3475 calamitati-

1911 3501 2032 3555 bus.
2063 3500 2274 3555 Etcnim
2301 3503 2481 3557 varius
2504 3512 2559 3558 et
2586 3506 2863 3573 multiplex
2888 3548 2903 3573 ,
2936 3511 3315 3579 scxcentisque
3362 3526 3507 3566 mor-

1916 3591 2056 3645 tibus
2081 3592 2296 3662 gravior
2323 3595 2566 3663 corporis
2606 3594 2827 3650 morbus
2851 3613 3138 3668 numquam
3180 3608 3231 3656 te
3261 3602 3509 3659 obsidere

1915 3684 2158 3752 destitit;
2185 3686 2546 3740 conviciorum
2570 3687 2729 3743 etiam
2755 3696 2809 3742 et
2831 3691 3270 3745 contumeliarum
3292 3707 3507 3763 agmen,

1915 3784 1970 3830 et
2012 3777 2291 3831 calumniae
2340 3776 2392 3831 in
2444 3785 2496 3832 te
2540 3776 2665 3832 ferri
2716 3777 2938 3834 minime
2980 3779 3288 3848 desierunt;
3335 3783 3512 3839 crebri

1918 3864 2167 3936 denique,
2194 3866 2301 3921 imo
2321 3867 2522 3922 assidui
2542 3883 2824 3935 maerores,
2848 3885 2912 3925 ac
2938 3869 3290 3943 lacrymarum
3315 3873 3509 3941 fontes,

1920 3975 2016 4027 per
2043 3974 2203 4013 omne
2232 3959 2354 4012 vitae
2386 3968 2593 4028 tempus
2640 3953 2939 4015 inoleStia'nt
2985 3962 3076 4016 tibi
3125 3963 3509 4020 exhibuerunt.

1923 4048 2124 4102 liormn
2168 4049 2373 4120 singula
2402 4049 2484 4104 vel
2529 4050 2640 4103 sola
2668 4065 2786 4105 eam
2817 4051 2923 4120 vim
2957 4051 3258 4108 habuerunt
3281 4096 3294 4118 ,
3328 4064 3386 4108 ut
3429 4057 3513 4109 in-

1923 4149 2137 4209 gentem
2164 4139 2250 4206 iis,
2278 4140 2365 4208 qui
2409 4157 2470 4194 ea
2497 4140 2894 4209 sustinuissent,
2928 4144 3206 4198 utilitatem
3237 4144 3509 4201 afferrent.

1925 4230 2058 4285 Nam
2084 4240 2138 4285 et
2180 4230 2414 4287 Lazarus
2458 4231 2529 4287 ob
2572 4233 2745 4288 solum
2792 4234 3034 4290 morbum
3072 4236 3317 4292 eamdem
3358 4255 3517 4307 quam

1931 4321 2232 4390 patriarcha
2298 4322 2481 4378 sedem
2539 4335 2902 4394 consequutus
2949 4336 3033 4383 est
3078 4344 3091 4381 :
3138 4337 3192 4383 et
3239 4329 3519 4398 publicano

1929 4415 2228 4470 convicium
2258 4415 2512 4471 Pharisaei
2537 4431 2655 4471 eam
2693 4416 2950 4488 justitiam
2978 4420 3173 4485 attulit,
3201 4436 3317 4491 qua:
3342 4421 3521 4475 Phari-

1931 4507 2025 4560 saei
2071 4506 2331 4576 justitiam
2390 4517 2669 4576 superaret
2715 4526 2728 4562 :
2780 4518 2834 4563 et
2880 4510 3111 4580 denique
3157 4511 3519 4578 apostolorum

1932 4598 2184 4668 princeps
2208 4598 2385 4667 gravis
2425 4597 2567 4651 illius
2594 4598 2815 4653 sceleris
2843 4599 2992 4653 ulcus
3018 4600 3265 4670 lacrymis
3291 4601 3520 4654 sanavit.

1935 4689 2066 4744 Cum
2119 4686 2279 4759 igitur
2323 4686 2516 4743 horum
2566 4688 2850 4759 unicuique
2898 4705 3059 4743 unam
3122 4691 3523 4759 perpessionem

1936 4779 2212 4855 suffecisse
2257 4788 2503 4845 constet,
2550 4781 2825 4851 perpende
2862 4780 2974 4851 jam
3022 4790 3150 4852 quot
3192 4791 3527 4854 quantasque

1940 4873 2053 4944 ipsa
2082 4872 2360 4929 mercedes
2387 4882 2705 4944 perceptura
2748 4874 2822 4928 sis
2845 4915 2861 4941 ,
2903 4883 2958 4928 ut
2987 4891 3106 4945 qua:
3135 4875 3315 4929 omnia
3345 4875 3527 4943 simul,

1941 4974 1998 5022 et
2037 4964 2253 5036 quidem
2300 4980 2422 5020 cum
2469 4964 2671 5036 ingenti
2719 4965 3011 5020 acerbitate
3057 4965 3321 5031 subieris,
3372 4965 3531 5035 idque

1943 5074 2040 5129 per
2084 5074 2245 5115 omne
2272 5058 2397 5114 vita:
2426 5067 2655 5128 tempus.
2699 5056 2884 5128 Neque
2929 5058 3073 5113 enim
3113 5059 3218 5114 ulla
3263 5074 3351 5115 res
3379 5075 3533 5128 teque

1942 5150 2254 5221 splendidos
2294 5158 2351 5206 et
2377 5149 2724 5206 admirandos
2767 5151 3012 5205 homines
3039 5152 3233 5215 reddit,
3278 5160 3533 5222 tantoque

1945 5242 2207 5296 bonorum
2234 5256 2430 5297 acervo
2455 5241 2712 5305 cumulat,
2745 5250 2803 5295 ut
2831 5242 3185 5296 tentatiunum
3213 5241 3531 5311 frequentia,

1947 5334 2203 5404 pericula,
2234 5333 2464 5399 labores,
2497 5349 2778 5398 maerores,
2812 5344 2865 5389 et
2896 5345 3165 5404 perpetiar
3195 5334 3398 5387 insidia:
3418 5376 3432 5397 ,
3467 5334 3536 5387 ab

1949 5428 2050 5494 iis,
2082 5442 2111 5482 a
2140 5427 2334 5498 quibus
2362 5426 2587 5482 minimc
2614 5426 2869 5493 decebat,
2914 5434 3130 5480 structa:
3162 5445 3174 5478 :
3204 5426 3329 5479 dum
3362 5434 3533 5478 tanien

1948 5519 2127 5576 omnia
2149 5533 2304 5588 aequo
2323 5518 2503 5580 animo
2525 5517 2783 5572 ferantur.
2805 5517 3012 5587 Quippe
3039 5533 3104 5572 ne
3130 5518 3293 5571 filium
3322 5515 3536 5586 quidem

1950 5610 2117 5667 Jacob
2145 5609 2432 5681 quidquam
2462 5610 2684 5686 perinde
2709 5610 2914 5665 clarum
2941 5624 3004 5663 ac
3031 5609 3243 5664 beatum
3277 5608 3538 5675 reddidit,

1952 5715 2013 5762 ut
2039 5705 2126 5760 illa
2154 5714 2267 5760 tum
2309 5704 2361 5759 in
2404 5718 2527 5760 eum
2568 5711 2769 5759 structa
2813 5701 3101 5768 calumnia,
3147 5711 3200 5756 et
3241 5715 3442 5765 career,
3487 5708 3536 5755 et

1958 5804 2181 5863 eatena,
2223 5804 2276 5851 et
2320 5792 2445 5851 hinc
2488 5802 2761 5850 contracta
2808 5806 3066 5847 aerumna.
3114 5791 3299 5862 Magna
3327 5792 3537 5863 quidem
