3906 6382
448 409 552 461 5'37»

439 528 705 599 pudicitiae
737 527 900 599 ipsius
931 526 1099 581 virtus
1144 535 1259 581 erat
1282 566 1297 590 ,
1330 540 1450 580 cum
1483 524 1855 596 Egyptiacam
1899 525 2023 581 libi.

438 619 617 674 dinem
647 618 954 688 superavit,
986 630 1049 669 ae
1075 615 1328 670 miseram
1356 614 1505 668 illam
1536 615 1784 669 feminam
1813 613 1879 669 ad
1907 629 2023 669 scc-

440 715 663 767 leratnm
691 709 1027 766 concubitum
1054 724 1176 763 eum
1200 717 1480 763 vocantem
1509 707 1840 777 pr0pulsavit
1866 705 2021 777 (Gen.

435 804 525 870 59)
558 825 570 858 :
601 811 656 857 at
681 802 781 857 hoc
809 810 984 857 tamen
1014 815 1124 855 non
1162 800 1237 854 ita
1270 815 1546 870 magnum,
1582 806 1640 853 ut
1665 813 1727 853 ea
1755 814 1872 869 quae
1898 813 2021 868 per-

434 912 617 965 pessus
642 906 745 951 est.
777 894 1033 963 Quaenam
1060 892 1201 948 enim
1232 893 1349 947 laus
1375 901 1475 957 est,
1497 891 1603 959 die,
1634 904 1836 962 quaeso,
1865 889 2022 945 adul-

433 991 624 1045 terium
654 989 873 1043 minime
907 995 1270 1057 perpetrasse,
1304 1000 1401 1039 nec
1429 984 1661 1039 alienum
1704 993 1876 1039 lorum
1904 982 2020 1037 vio-

432 1081 588 1144 lasse,
616 1094 712 1134 nec
732 1077 929 1133 lectum
953 1076 1082 1131 nihil
1104 1075 1170 1131 ad
1193 1092 1251 1131 se
1270 1075 1585 1130 attinentem
1607 1073 2017 1139 contaminasse,

429 1187 528 1227 nec
558 1169 762 1227 homini
810 1169 947 1225 bene
993 1167 1061 1223 de
1107 1182 1167 1223 se
1212 1167 1409 1223 merito
1453 1165 1706 1237 injuriam
1753 1164 2017 1233 intulisse,

430 1277 531 1317 nec
559 1261 766 1330 patroni
795 1260 877 1314 sui
908 1258 1125 1314 domum
1156 1258 1210 1313 in
1239 1257 1491 1328 probrum
1517 1264 1570 1312 et
1597 1256 1866 1311 infamiam
1892 1270 2020 1311 con-

425 1355 661 1427 jecisse?
686 1354 757 1411 At
778 1354 919 1426 quod
942 1369 1064 1410 eum
1091 1352 1355 1409 illustrem
1379 1350 1627 1419 reddidit,
1654 1350 1782 1406 illud
1802 1350 2017 1405 demum

428 1453 535 1512 est,
581 1446 834 1501 nimirum
883 1444 1223 1515 periculum,
1272 1442 1514 1508 insidize,
1565 1441 1714 1497 furor
1753 1441 2013 1510 mulieris,

424 1553 586 1608 quam
619 1536 782 1593 libido
807 1536 1072 1606 captivam
1101 1534 1338 1601 tenebat,
1367 1534 1523 1588 allata
1551 1533 1632 1589 vis
1650 1575 1666 1601 ,
1696 1531 2015 1588 inevitabilis

428 1628 648 1683 thalami
692 1641 910 1692 Carcer,
955 1640 1115 1697 quem
1154 1624 1394 1680 adultera
1442 1625 1541 1695 ipsi
1585 1631 2011 1695 comparaverat,

427 1719 589 1781 retia,
637 1733 755 1787 qua:
798 1716 946 1771 omni
992 1732 1063 1771 ex
1110 1725 1263 1785 parte
1305 1714 1672 1784 expandcrat,
1720 1715 2010 1782 accusatio,

423 1809 736 1875 calumnia,
784 1822 1009 1875 career,
1058 1815 1267 1873 catena,
1315 1806 1442 1861 illud
1484 1806 1647 1863 etiam
1694 1807 1837 1878 quod
1881 1805 2012 1862 nihil

421 1902 557 1971 ωψιί
589 1901 903 1970 impetrans,
929 1910 1048 1968 post
1075 1906 1280 1953 tantum
1307 1907 1602 1967 certamen,
1633 1898 1703 1953 ob
1723 1898 1865 1969 quod
1887 1915 2009 1955 eum

413 2008 615 2049 corona
657 1992 845 2047 donari
892 2006 988 2061 par
1033 1999 1183 2059 erat,
1231 2000 1503 2062 tamquam
1549 2007 1674 2046 reus
1715 2006 1915 2047 noeens
1955 1993 2008 2047 in

420 2085 628 2137 vincula
655 2082 971 2149 ducebatur,
999 2097 1061 2137 ac
1100 2097 1221 2136 cum
1265 2082 1330 2137 iis
1357 2083 1447 2153 qui
1472 2084 1784 2153 gravissima
1813 2083 2008 2156 ﬂagitia

418 2189 880 2248 perpetraverant,
906 2177 1298 2245 includebatur,
1324 2178 1540 2249 squalor
1559 2179 1685 2234 item
1708 2188 1762 2234 et
1784 2179 2004 2246 ferrum,

411 2271 649 2325 carceris
693 2270 928 2324 afﬂictio.
978 2268 1114 2324 Tum
1167 2269 1373 2324 scilicet
1417 2285 1539 2325 eum
1591 2269 2005 2341 splendidiorem

411 2376 601 2425 cerno,
634 2376 794 2432 quam
819 2376 940 2415 cum
970 2361 1021 2414 in
1043 2358 1261 2432 Egypti
1287 2360 1423 2416 solio
1447 2360 1641 2417 sedens
1683 2361 2003 2418 frumentum

415 2451 698 2522 egentibus
746 2449 1041 2517 tribuebat,
1082 2452 1278 2507 famem
1322 2451 1568 2521 pellebat,
1613 2460 1667 2508 et
1706 2454 2004 2509 communis

410 2544 662 2600 omnibus
687 2555 875 2614 portus
915 2551 1054 2598 erat.
1098 2542 1260 2608 Tum,
1303 2544 1539 2615 inquam,
1572 2560 1694 2601 eum
1722 2546 2001 2602 clariorem

413 2652 613 2701 cerno,
656 2652 776 2691 cum
819 2652 941 2691 eum
982 2636 1268 2706 compedes
1313 2646 1366 2690 et
1413 2636 1637 2691 manicae
1681 2637 1998 2705 vinciebant,

406 2746 571 2799 quam
617 2745 737 2784 cum
780 2731 830 2784 iu
876 2729 1157 2785 luculentis
1182 2732 1420 2787 vestibus
1461 2740 1660 2787 lautam
1705 2734 1998 2803 potentiam

410 2822 705 2878 obtinebat.
763 2822 972 2878 Etenim
1009 2822 1140 2878 illud
1185 2824 1417 2878 carceris
1461 2832 1710 2894 tempus,
1757 2826 1997 2894 negotia-

411 2912 570 2967 tionis
596 2924 755 2984 atque
782 2916 1010 2983 ingentis
1030 2924 1265 2986 quaestus
1288 2926 1403 2971 erat
1427 2932 1440 2969 :
1468 2915 1571 2971 hoc
1594 2926 1794 2981 autem,
1819 2918 1996 2983 luxus,

408 3005 846 3077 retnisslnnisque
873 3008 1068 3072 animi,
1095 3017 1256 3079 atque
1286 3008 1526 3074 honoris,
1560 3011 1753 3064 multas
1783 3012 1996 3082 quidem

407 3096 711 3166 voluptates
742 3098 972 3165 habens,
1016 3107 1073 3152 at
1116 3114 1221 3152 non
1267 3100 1494 3153 multum
1523 3101 1679 3156 lucri.
1729 3101 1850 3157 Ideo
1893 3118 1997 3158 non

406 3201 514 3246 tam
543 3209 664 3247 eum
692 3194 933 3263 ειιειιίρὶο
960 3235 972 3256 ,
1018 3209 1142 3247 cum
1189 3193 1360 3248 honor
1404 3194 1452 3248 ei
1488 3208 1516 3247 a
1556 3204 1707 3263 patre
1750 3195 1994 3263 habetur,

404 3296 570 3352 quam
609 3296 733 3337 cum
766 3282 995 3336 fraterna
1034 3282 1227 3337 invidia
1260 3284 1557 3353 exagitatur
1579 3326 1594 3351 ,
1622 3295 1782 3353 atque
1811 3296 1999 3340 contu-

408 3372 657 3427 bernales
703 3371 886 3428 hostes
929 3372 1108 3428 habet.
1152 3373 1285 3428 Nam
1324 3374 1469 3429 domi
1516 3374 1618 3446 ipsi
1656 3375 1770 3445 jam
1815 3377 1937 3432 inde
1964 3392 1995 3431 a

407 3464 593 3534 primis
640 3464 796 3519 annis
839 3480 998 3535 grave
1037 3464 1238 3521 bellum
1287 3466 1663 3522 excitabatur:
1699 3478 1752 3523 et
1780 3470 1993 3540 quidem

404 3556 473 3610 ab
518 3556 583 3610 iis
627 3554 872 3610 hostibus
915 3557 1004 3627 qui
1031 3597 1045 3621 ,
1089 3557 1230 3629 quod
1273 3559 1372 3629 ipsi
1417 3571 1815 3629 succenserent,
1864 3562 1994 3618 nihil

406 3646 715 3713 habebant;
760 3663 944 3702 verum
987 3664 1104 3703 eam
1144 3647 1214 3704 ob
1258 3665 1474 3705 causam
1522 3652 1894 3732 tabescebant,
1931 3670 1995 3710 ac

401 3740 589 3794 dolore
631 3740 1132 3811 disrumpebantur,
1179 3738 1321 3811 quod
1367 3741 1622 3812 majorem
1671 3744 1785 3813 ipse
1831 3747 1993 3814 patris

405 3832 834 3888 benevolentiam
861 3831 1148 3888 obtineret.
1178 3831 1345 3889 Porro
1366 3832 1641 3906 legislator
1661 3836 1832 3892 Moses
1857 3838 1994 3893 hanc

400 3922 510 3977 vim
543 3923 762 3986 amoris.
796 3939 900 3977 non
931 3939 958 3976 a
992 3923 1147 3993 pueri
1175 3925 1392 3992 virtute,
1424 3922 1519 3980 sed
1544 3925 1609 3981 ab
1635 3942 1700 3981 eo
1728 3936 1988 3997 tempore,

400 4026 506 4083 quo
534 4024 844 4082 procreatus
870 4022 971 4080 est,
1003 4023 1176 4069 ortum
1208 4015 1424 4071 (luxisse
1453 4018 1663 4072 asserit.
1697 4017 1828 4073 Nam
1857 4035 1991 4091 quo-

404 4104 544 4157 niam
572 4104 744 4159 serius
772 4121 927 4173 quam
955 4106 1041 4159 alii
1074 4107 1126 4159 in
1155 4106 1325 4161 lucem
1357 4106 1531 4162 editus
1558 4107 1764 4177 fuerat,
1800 4111 1985 4181 inquit,

398 4206 562 4266 atque
603 4195 656 4249 in
708 4206 945 4250 extrema
993 4207 1266 4253 senectute
1307 4197 1492 4273 (cordi
1536 4210 1713 4257 autem
1760 4207 1991 4261 maxime

400 4294 530 4340 Sunt.
571 4286 870 4355 ltnjusmodi
918 4286 1032 4352 filii,
1079 4286 1221 4357 quod
1267 4298 1463 4357 prasler
1502 4305 1653 4359 spem
1683 4293 1784 4347 orti
1828 4295 1986 4365 sint),

403 4377 603 4432 ideirco
651 4377 787 4447 patri
829 4392 986 4431 carus
1030 4385 1164 4432 erat.
1211 4376 1464 4449 Diligebat
1494 4382 1634 4435 enim
1680 4398 1791 4435 eum
1822 4395 1985 4455 pater,

400 4468 590 4540 inquit.
620 4468 757 4538 quod
781 4485 893 4522 eum
922 4485 1074 4523 senex
1101 4470 1352 4541 genuisset
1376 4467 1525 4543 (Cen.
1556 4473 1644 4528 57.
1668 4474 1744 4545 5).

471 4562 556 4618 tl.
605 4560 729 4616 llaec
772 4570 972 4623 autem,
1018 4577 1136 4617 mea
1168 4559 1380 4632 quidem
1430 4565 1690 4619 sententia
1716 4608 1729 4631 ,
1774 4568 1989 4638 scripsit

397 4655 669 4724 legislator
691 4697 704 4720 ,
736 4668 842 4708 non
871 4652 921 4707 id
964 4653 1105 4723 quod
1134 4668 1222 4708 res
1250 4662 1366 4708 erat
1396 4670 1647 4721 narrans,
1677 4672 1861 4711 verum
1891 4675 1985 4728 pa-

400 4748 496 4801 tris
524 4755 835 4814 pr:rtcxtum
883 4755 936 4799 et
977 4743 1277 4800 obtentum.
1329 4744 1588 4813 Quoniam
1633 4749 1776 4804 enim
1806 4750 1988 4806 adole-

398 4846 635 4892 scentem
666 4837 803 4907 apud
831 4837 1021 4892 fratres
1050 4836 1243 4892 invidia
1276 4836 1498 4909 ﬂagrare
1528 4841 1897 4910 perSpiciebat,
1928 4853 1987 4897 ut

401 4930 526 4984 huic
570 4946 753 4984 cormn
785 4929 970 4983 morbo
1010 4930 1333 4998 mederetur,
1378 4947 1495 4986 eam
1542 4934 1739 4987 amoris
1768 4950 1981 4989 causam

396 5021 646 5085 efﬂuxit,
678 5037 795 5088 qua:
826 5036 929 5075 non
975 5037 1223 5092 magnum
1266 5022 1363 5094 ipsi
1404 5024 1622 5080 livorem
1658 5036 1980 5094 procrearet.

394 5111 528 5169 Nam
561 5111 697 5180 quod
725 5111 917 5182 alioqui
951 5128 1054 5166 non
1085 5128 1147 5168 ea
1177 5114 1375 5169 amoris
1403 5130 1561 5169 causa
1592 5126 1764 5183 esset,
1797 5132 1979 5171 verum

394 5205 745 5259 eftlorescens
786 5203 946 5257 animi
992 5204 1159 5259 virtus
1199 5216 1359 5276 atque
1404 5216 1561 5261 aetate
1606 5209 1883 5274 maturior,
1916 5224 1984 5263 ex

397 5296 674 5368 Benjamin
723 5294 921 5367 liquido
968 5297 1192 5367 perSpici
1239 5306 1434 5368 potest.
1482 5298 1615 5353 Nam
1663 5299 1705 5354 si
1753 5315 1869 5354 eam
1914 5301 1983 5357 ob

390 5404 421 5444 c
440 5405 608 5443 ins-am
633 5388 719 5443 ille
740 5387 1038 5451 atnahatur,
1062 5389 1229 5442 multo
1249 5389 1432 5459 utique
1457 5390 1622 5458 magis
1646 5389 1788 5443 hunc
1813 5389 1982 5445 amari

390 5492 440 5544 o,
462 5480 704 5544 ortcbat,
735 5479 823 5547 qui
855 5490 978 5532 natu
1019 5479 1194 5532 minor
1222 5487 1357 5534 erat.
1395 5480 1668 5550 Siquidem
1705 5478 1977 5551 Benjatnin

394 5578 513 5635 post
539 5567 826 5637 losephum
858 5579 1005 5622 satus
1030 5576 1147 5636 est,
1176 5579 1334 5639 atque
1361 5586 1389 5622 a
1418 5572 1629 5626 seniore
1668 5582 1819 5642 patre
1858 5587 1983 5641 p'o-

389 5671 623 5715 ornatus.
659 5659 890 5725 Verum,
921 5670 979 5713 ut
997 5659 1108 5729 jam
1137 5675 1166 5713 a
1194 5674 1280 5715 me
1306 5659 1504 5715 dictum
1534 5672 1649 5727 est,
1683 5663 1847 5731 patris
1876 5661 1980 5719 hoc

393 5757 703 5820 ﬁgmentum
735 5760 869 5814 erat,
901 5750 1196 5807 fraternum
1226 5752 1422 5809 bellum
1448 5755 1741 5824 reprimere
1769 5754 1978 5822 studen-

388 5854 458 5901 tis
482 5863 496 5897 :
526 5856 589 5897 ac
615 5857 682 5896 ne
703 5841 780 5895 sic
804 5842 1018 5912 quidem
1045 5845 1096 5899 id
1124 5846 1332 5915 assequi
1352 5848 1523 5916 potuit
1548 5865 1560 5903 :
1589 5863 1774 5903 verum
1802 5851 1978 5905 acrius

1073 410 1130 467 S.
1172 411 1450 469 JO.\NNIS
1474 412 1946 468 CHRYSOSTOMI
1988 411 2305 468 ABCIHEP.
2347 414 2875 474 CONSTANTINOP.

3607 423 3714 480 588

2137 523 2347 580 ﬂamma
2373 526 2769 583 exardescebat.
2804 530 2872 585 Et
2892 532 3012 602 quia
3046 533 3177 588 nihil
3207 535 3348 591 aliud
3379 548 3484 593 tum
3506 541 3716 598 eflieere

2134 625 2416 686 poterant,
2461 617 2655 674 fwdatn
2688 621 2861 677 labem
2908 624 3006 693 ipsi
3035 638 3381 696 asperscrunt
3405 670 3420 695 ,
3464 646 3525 685 ac
3562 644 3718 703 turpe

2130 707 2336 762 crimen
2369 708 2421 762 in
2445 724 2565 763 eum
2607 712 2987 782 conjecerunl,
3024 717 3302 772 barbaram
3331 720 3576 778 videlicet
3599 742 3720 780 mu—

2132 798 2319 855 lierem
2347 798 2540 856 fratres
2577 812 3006 872 antevertentes,
3046 823 3111 863 ac
3151 811 3319 865 multo
3347 814 3720 873 sceleratiores

2131 904 2194 945 ea
2224 905 2283 947 se
2311 892 2630 961 praebentes.
2668 894 2763 950 llla
2788 897 2930 952 enim
2958 898 3010 952 in
3040 898 3272 955 alienum
3292 944 3307 968 ,
3341 901 3393 957 hi
3425 905 3476 958 in
3505 904 3717 962 fratrem

2131 981 2360 1051 improbi
2395 992 2452 1039 et
2479 983 2728 1041 scelerati
2767 997 2939 1050 erant,
2972 987 3050 1045 Ac
3080 1006 3148 1045 ne
3178 991 3259 1044 his
3285 993 3498 1063 quidem
3526 994 3720 1052 finibus

2131 1073 2526 1144 improbitatem
2551 1091 2700 1130 suam
2729 1077 3261 1149 circumscripserant
3288 1100 3303 1137 :
3335 1099 3541 1151 verum,
3569 1096 3623 1141 ut
3643 1089 3720 1143 ad

2129 1165 2309 1235 priora
2335 1180 2551 1238 semper
2578 1169 2779 1240 aliquid
2804 1170 3084 1240 adderent,
3128 1174 3273 1229 omni
3303 1176 3482 1232 studio
3508 1178 3719 1235 labora-

2127 1258 2256 1314 bant
2280 1277 2293 1313 :
2319 1276 2550 1332 eumque
2572 1261 2623 1317 in
2647 1262 2864 1320 deserto
2890 1265 3006 1321 loco
3026 1267 3197 1322 solum
3220 1270 3362 1323 nacti
3383 1271 3715 1341 jugularunt.

2126 1359 2181 1407 et
2207 1351 2566 1409 vendiderunt
2591 1364 2753 1426 atque
2783 1370 2852 1410 ex
2884 1356 3054 1413 libero
3081 1375 3295 1415 servum
3321 1361 3627 1431 effecerunt,
3657 1376 3716 1421 et

2124 1442 2337 1515 quidem
2387 1446 2736 1502 acerbissimo
2779 1451 3048 1504 servitutis
3094 1467 3312 1522 genere.
3357 1454 3541 1526 Neque
3567 1458 3713 1512 enim

2123 1536 2363 1608 ejusdem
2396 1540 2627 1596 nationis
2658 1540 2987 1612 hominibus,
3020 1560 3203 1600 verum
3234 1545 3499 1616 barbaris,
3539 1550 3712 1606 aliena

2121 1627 2299 1698 lingua
2327 1630 2618 1695 utentibus,
2650 1631 2887 1704 ipsisque
2916 1635 3076 1689 etiam
3109 1636 3159 1690 in
3205 1636 3486 1693 barbaram
3532 1641 3713 1710 regio-

2122 1735 2243 1776 nem
2270 1722 2588 1779 abeuntibus
2616 1723 2835 1781 fratrem
2876 1726 3195 1783 dediderunt
3226 1748 3239 1783 :
3272 1731 3411 1787 Deus
3437 1749 3565 1788 vero
3592 1735 3709 1791 cla-

2120 1812 2317 1868 riorem
2345 1828 2466 1868 eum
2512 1824 2572 1870 ut
2600 1815 2887 1884 redderet,
2922 1819 3219 1888 patiebatur
3248 1838 3311 1877 ea
3340 1840 3461 1894 qua:
3490 1825 3702 1891 ﬂebant,

2118 1912 2173 1958 ct
2197 1920 2319 1961 cum
2352 1906 2606 1975 periculis
2649 1908 3002 1966 succederent
3041 1914 3299 1984 pericula,
3332 1915 3708 1987 longanimiter

2090 2044 2097 2049 .
2120 1996 2404 2055 tolerabat.
2434 1998 2686 2055 Invidiam
2709 2003 2850 2056 enim
2876 2018 2942 2061 ac
2967 2003 3162 2061 foedam
3185 2008 3505 2066 calumniam
3530 2012 3705 2069 ca'des

2116 2088 2345 2156 excepit,
2370 2098 2424 2144 et
2445 2090 2594 2145 caede
2621 2092 2851 2148 atrocior
2870 2096 3114 2151 servitus.
3139 2096 3324 2169 Neque
3348 2102 3492 2156 cnim
3518 2103 3704 2159 leviter

2113 2195 2144 2235 a
2178 2190 2227 2236 te
2257 2181 2308 2236 id
2334 2183 2474 2251 quod
2504 2183 2618 2239 dixi
2649 2186 3075 2256 praetereundum
3110 2207 3124 2243 :
3154 2206 3337 2246 verum
3372 2193 3424 2247 in
3467 2205 3701 2250 mentem

2115 2271 2206 2326 tibi
2232 2273 2425 2339 veniat,
2461 2285 2717 2344 quantum
2743 2287 2892 2345 erat,
2926 2277 3157 2335 nobilem
3197 2281 3617 2351 adolescentem,
3647 2286 3701 2340 iu

2113 2373 2335 2434 paterna
2380 2364 2544 2422 domo
2590 2384 2710 2423 eum
2741 2370 2887 2425 omni
2935 2371 3183 2429 libertate
3225 2389 3289 2429 ac
3335 2385 3484 2431 tanto
3533 2379 3702 2447 patris

2110 2470 2293 2512 amore
2337 2457 2640 2525 educatum,
2686 2460 2864 2515 subito
2904 2478 2933 2516 a
2975 2462 3249 2532 fratribus,
3281 2468 3369 2538 qui
3398 2467 3530 2523 nihil
3558 2471 3700 2541 quod

2113 2548 2213 2618 ipsi
2262 2548 2557 2620 objicerent
2599 2550 2888 2619 habebant,
2918 2556 3094 2620 vendi,
3144 2566 3304 2629 atque
3348 2559 3588 2616 barbaris
3615 2562 3700 2617 di-

2110 2656 2263 2695 versa
2297 2641 2475 2712 lingua
2503 2645 2795 2710 utentibus,
2825 2646 3166 2714 immanibus,
3196 2648 3498 2721 belluisque
3522 2654 3701 2724 potius

2109 2749 2268 2802 quant
2302 2734 2604 2790 hominibus
2650 2737 2806 2805 dedi,
2856 2747 2909 2793 et
2938 2749 3206 2795 extorrem
3244 2752 3404 2813 atque
3432 2746 3697 2810 exsulem,

2107 2839 2172 2880 ac
2201 2841 2414 2881 servum
2459 2836 2512 2883 et
2559 2830 2903 2899 peregrinum
2951 2830 3226 2887 liberalem
3251 2833 3504 2902 juvenem
3530 2836 3696 2904 efﬁci,

2105 2930 2170 2970 ac
2211 2925 2328 2985 post
2373 2925 2574 2973 tantam
2606 2918 2938 2989 felicitatem,
2980 2921 3047 2977 ad
3085 2930 3382 2979 extremam
3425 2927 3700 2984 servitutis

2105 3004 2463 3062 ealatnitatem
2487 3050 2501 3077 ,
2543 3011 2696 3076 cujus
2740 3026 2958 3081 prorsus
2989 3013 3227 3069 insolens
3265 3024 3419 3083 erat,
3460 3017 3697 3086 devolvi,

2104 3097 2611 3170 crudelissimosque
2637 3100 2881 3157 dominos
2910 3105 3175 3173 accipere,
3200 3114 3360 3176 atque
3387 3108 3441 3164 in
3464 3109 3698 3166 alienam

2104 3199 2158 3243 et
2187 3188 2466 3245 barbaram
2500 3201 2697 3247 terram
2725 3193 2939 3249 abduci.
2967 3194 3106 3262 Quin
3134 3206 3201 3252 ne
3229 3198 3313 3254 hic
3341 3198 3556 3268 quidem
3588 3217 3700 3258 ma.

2106 3280 2275 3334 lorum
2303 3279 2426 3336 finis
2449 3292 2584 3350 erat,
2610 3299 2793 3339 verum
2819 3293 2939 3355 post
2957 3286 3268 3342 admiranda
3291 3289 3378 3343 illa
3407 3291 3696 3362 insomnia,

2103 3386 2221 3440 quae
2247 3374 2678 3441 praenuntiabant
2720 3374 2836 3431 fore
2863 3387 2919 3432 ut
2957 3379 3069 3447 ipse
3094 3393 3124 3432 a
3152 3377 3409 3437 fratribus
3435 3382 3697 3441 adorare-

2104 3473 2219 3530 tur,
2268 3465 2476 3523 insidiis
2520 3484 2733 3523 rursum
2779 3470 2987 3525 insidia:
3036 3471 3414 3530 succedebant.
3462 3473 3605 3531 Nam
3633 3491 3698 3532 ne

2102 3558 2202 3628 ipsi
2226 3559 2441 3630 quidem
2469 3558 2798 3618 mercatores
2825 3563 2912 3634 qui
2939 3574 3276 3634 acceperant,
3308 3581 3430 3622 eum
3459 3569 3696 3626 retinue-

2100 3660 2247 3719 runt,
2284 3667 2469 3707 verum
2497 3653 2911 3723 improbioribus
2932 3671 3144 3711 rursum
3172 3656 3415 3715 barbaris
3441 3661 3694 3717 vendide-

2099 3752 2242 3797 runt.
2288 3743 2407 3798 Non
2449 3753 2499 3798 te
2527 3742 2681 3816 fugit,
2726 3747 2910 3816 quanti
2941 3746 3007 3801 ad
3034 3748 3395 3806 calamitatem
3435 3753 3693 3807 momenti

2099 3834 2188 3902 sit,
2234 3836 2369 3890 tales
2407 3836 2656 3892 dominos
2689 3838 2883 3894 talibus
2926 3839 3157 3894 dominis
3185 3852 3544 3899 commutare.
3587 3845 3692 3899 lloe

2097 3925 2239 3978 enim
2286 3926 2648 3982 molestiorem
2692 3929 3004 3985 servitutem
3058 3931 3270 3997 reddit,
3318 3948 3439 3988 cum
3483 3937 3692 3992 externi

2097 4030 2311 4070 rursum
2333 4025 2459 4071 sunt
2486 4018 2574 4088 qui
2603 4029 2809 4084 emunt,
2842 4036 2904 4075 ac
2929 4022 3195 4091 prioribus
3222 4024 3539 4079 atrociores.
3571 4027 3691 4081 Post

2098 4107 2148 4161 in
2175 4106 2465 4181 Egyptum
2499 4111 2813 4181 ingreditur,
2850 4123 2958 4167 tum
2990 4130 3111 4169 cum
3140 4115 3250 4171 Deo
3274 4116 3471 4171 bellum
3498 4133 3690 4189 geren-

2098 4207 2228 4263 tem,
2273 4208 2328 4255 et
2371 4199 2553 4256 furore
2601 4202 2967 4271 laborantem,
3015 4207 3154 4261 unde
3198 4207 3529 4277 impudentia
3575 4225 3686 4278 ora,

2098 4289 2237 4345 unde
2272 4291 2449 4361 impiae
2473 4292 2663 4363 linguae
2696 4296 3081 4365 promanabant
3103 4296 3178 4373 (a)
3204 4316 3217 4351 :
3246 4303 3385 4369 apud
3409 4300 3688 4373 Egyptian

2096 4376 2228 4447 fuit,
2257 4398 2484 4452 quorum
2512 4385 2596 4438 vel
2626 4400 2763 4439 unus
2794 4388 2964 4457 potuit
2990 4404 3238 4459 magnum
3264 4390 3467 4447 Mosem
3508 4392 3685 4463 fugiti-

2094 4485 2218 4524 vum
2257 4481 2309 4525 et
2336 4473 2573 4529 exsulem
2604 4475 2853 4531 reddere.
2880 4477 2959 4533 Ac
2984 4488 3329 4550 posteaquam
3356 4480 3683 4552 aliquantum

2095 4562 2208 4618 illic
2236 4565 2551 4636 respiravit;
2594 4569 2736 4639 quod
2769 4569 3017 4626 videlicet
3046 4572 3305 4643 benignus
3334 4574 3479 4629 Deus
3507 4590 3596 4630 res
3620 4574 3685 4629 ab

2095 4654 2374 4711 hominum
2404 4659 2657 4727 opinione
2687 4671 2922 4717 remotas
2949 4662 3326 4719 administrans
3348 4706 3363 4731 ,
3395 4664 3682 4720 immanem

2096 4743 2240 4799 illam
2288 4746 2477 4816 feram,
2519 4766 2640 4819 qua:
2680 4751 2853 4822 ipsum
2894 4762 3118 4819 emerat,
3158 4755 3213 4809 in
3256 4771 3408 4810 ovem
3454 4770 3685 4811 converu

2095 4838 2249 4894 tisset
2282 4857 2296 4893 :
2336 4841 2614 4896 confestim
2657 4842 2756 4913 ipsi
2802 4861 3012 4900 rursum
3052 4861 3212 4901 arena
3252 4848 3682 4917 comparabatur,

2091 4947 2304 4987 rursum
2348 4935 2617 5001 stadium,
2663 4950 2874 4991 rursum
2914 4953 3107 5008 pugna:
3148 4953 3213 4993 ac
3256 4939 3552 4993 certamina
3576 4979 3595 5005 ,
3631 4945 3679 4992 et

2092 5022 2318 5079 sudores
2372 5025 2640 5095 prioribus
2685 5028 2943 5083 acriores.
2988 5027 3274 5084 Sceleraus
3317 5029 3462 5083 enim
3515 5029 3679 5085 oculis

2091 5130 2214 5170 eum
2247 5116 2372 5171 hera
2416 5118 2746 5187 conspicnta,
2790 5119 3063 5188 ipsiusque
3108 5118 3501 5189 pulchritudine
3527 5130 3679 5189 atque

2091 5206 2357 5277 elegantia
2405 5218 2674 5278 superata,
2722 5225 3051 5279 prorsusque
3096 5211 3296 5263 amoris
3323 5209 3517 5264 aﬂ‘eetu
3559 5224 3674 5263 eor-

2090 5307 2261 5366 repta,
2302 5315 2413 5368 pra:
2456 5299 2721 5369 impudica
2750 5301 2847 5355 hac
2876 5300 3166 5370 cupiditate
3196 5303 3413 5356 leaenam
3442 5315 3565 5356 sese
3587 5312 3673 5369 pro

2091 5388 2287 5444 femina
2317 5391 2611 5458 prtrbebat.
2640 5391 2714 5444 Ita
2747 5406 2957 5445 rursum
2996 5391 3319 5446 domesticus
3345 5391 3515 5446 hostis
3544 5396 3672 5449 erat,

2090 5480 2362 5535 contrario
2392 5488 2567 5534 tamen
2594 5489 2648 5535 et
2670 5480 2807 5548 alio,
2837 5496 2992 5550 quam
3021 5482 3249 5550 priores,
3278 5482 3456 5535 animo
3486 5478 3673 5549 praedi-

2091 5580 2176 5625 tus
2201 5588 2215 5624 :
2242 5571 2318 5625 illi
2346 5571 2490 5627 enim
2516 5571 2642 5626 odio
2672 5571 2887 5626 adducti
2919 5581 3064 5638 sunt,
3097 5581 3150 5625 ut
3178 5586 3301 5627 eum
3330 5572 3490 5625 domo
3519 5570 3673 5637 ejice-

2089 5671 2245 5728 rcnt;
2292 5660 2411 5716 haec
2444 5671 2629 5716 contra
2659 5677 2867 5729 amans,
2909 5676 2972 5716 ac
3011 5665 3222 5731 juvenis
3267 5662 3553 5731 cupiditate
3593 5658 3669 5710 in-

2151 5795 2222 5860 (a_)
2255 5795 2431 5844 Eadem
2449 5794 2732 5860 fere_verba
2755 5802 2956 5858 usurpat
2976 5796 3336 5860 Chrysostomus
3366 5794 3498 5845 initio
3516 5790 3662 5842 nouli-

2093 5856 2170 5905 ιιω
2196 5858 2242 5905 in
2268 5865 2504 5921 martyres
2518 5856 2783 5923 Aigyptios,
2810 5856 2943 5909 Tom.
2970 5863 3022 5905 tt.
