3906 6370
160 348 248 404 585

165 473 260 548 μίαν
293 469 443 537 Μέγα
493 467 592 538 μὲν
621 464 728 540 γὰρ
777 468 940 521 αὑτοῦ
995 469 1087 522 καὶ
1124 468 1184 522 τὸ
1233 469 1329 538 τῆς
1364 469 1717 540 σωφροσύνης

162 558 483 629 κατόρθωμα,
509 556 598 608 ὅτε
617 556 719 625 τῆς
743 554 1124 626 Αἰγυπτιακῆς
1147 556 1441 618 ἀκολασίας
1474 557 1719 629 περιεγέ-

160 663 279 711 νετο,
306 644 393 697 καὶ¹
421 642 520 714 τὴν
548 642 742 696 ἀθλίαν
769 646 1002 710 γυναῖκα
1039 644 1257 714 ἐκείνην
1295 643 1389 695 ἐπὶ
1416 644 1513 714 τὴν
1536 642 1719 696 ἀδικον

158 733 299 789 αὐτὸν
319 729 583 784 καλοῦσαν
609 730 827 799 ὁμιλίαν
864 730 1237 803 διεκρούσατο·
1279 730 1394 783 ἀλλ’
1436 732 1534 801 οὐχ
1577 730 1721 783 οὕτω

161 823 286 893 μέγα
306 818 479 884 τοῦτο,
512 820 591 884 ώς
620 818 689 873 τά
715 819 1037 890 παθήματα.
1091 821 1251 877 Ποῖον
1273 820 1382 890 γὰρ
1420 818 1717 889 ἐγκώμιον,

157 909 259 963 είπέ
281 925 384 979 μοι,
412 907 475 960 τὸ
506 906 582 977 μὴ
636 905 942 977 μοιχεῦσαι,
996 906 1133 976 μηδὲ
1161 906 1443 978 ἀλλότριον
1476 904 1720 977 διορύξαι

156 995 331 1065 γάμον,
372 994 506 1064 μηδέ
548 994 740 1064 μιᾶναι
790 991 951 1063 εὐνὴν
1003 992 1303 1064 οὐδαμόθεν
1351 992 1500 1064 αὐτῷ
1546 1010 1718 1065 προσ-

156 1085 390 1152 ήκουσαν,
446 1080 583 1151 μηδὲ
614 1080 869 1151 ἀδικῆσαι
923 1080 1016 1133 τὸν
1071 1082 1532 1152 εὐεργετήσαντα,
1582 1081 1719 1152 μηδὲ

155 1171 360 1243 αίσχύνη
387 1170 700 1241 περιϐαλεῖν
723 1168 817 1223 τοῦ
854 1170 1159 1238 προστάτου
1186 1168 1283 1241 τὴν
1312 1169 1522 1235 οίκίαν;
1559 1169 1720 1223 Ἀλλά

153 1259 205 1311 τὸ
236 1258 456 1328 ποιῆσαν
479 1257 645 1311 αὑτὸν
680 1257 855 1328 μέγαν
881 1257 1056 1311 ἐκεῖνο
1081 1257 1318 1327 μάλιστά
1351 1258 1520 1325 ἐστιν,
1550 1257 1578 1310 6
1606 1257 1718 1312 κίνο

154 1345 303 1408 δυνος,
341 1348 373 1418 ἡ
408 1345 690 1416 ἐπιϐουλὴ,
721 1347 754 1417 ἡ
794 1345 960 1416 μανία
1002 1346 1104 1416 τῆς
1150 1346 1524 1417 αἰχμαλώτου,
1562 1346 1718 1417 ἡέπ-

155 1432 412 1503 ενεχθεῖσα
439 1433 552 1503 βία,
578 1433 639 1486 τὸ
664 1434 903 1503 ἄφυκτον
929 1432 1299 1505 δεσμωτήριον
1320 1432 1414 1487 106
1453 1432 1715 1504 θαλάμου,

156 1526 271 1595 ὅπερ
300 1522 447 1593 αύτῷ
500 1521 970 1592 κατεσκεύασεν-ἡ
1007 1522 1278 1593 μοιχαλὶς,
1326 1522 1393 1576 τὰ
1437 1522 1648 1586 δίκτυα,
1682 1522 1718 1576 ἃ

158 1611 461 1681 πανταχόθεν
490 1611 845 1673 ἀνεπέτασεν,
869 1612 901 1680 ή
926 1611 1253 1681 κατηγορία,
1294 1611 1327 1680 ή
1365 1610 1717 1680 συκοφαντία,

157 1700 207 1752 τὸ
246 1699 632 1769 δεσμωτήριον,
677 1699 711 1769 ἡ
742 1697 950 1760 ἀλυσις,
988 1697 1048 1750 τὸ
1093 1698 1319 1768 μηδενὸς
1359 1699 1587 1768 τυχόντα
1609 1699 1717 1753 τῶν

156 1787 349 1840 δικαίων
378 1786 515 1856 μετά
539 1786 631 1838 τὸν
666 1785 919 1839 τοσοῦτον
953 1780 1136 1849 ἆθλον,
1176 1785 1314 1856 ὑπὲρ
1341 1777 1400 1837 06
1426 1786 1720 1855 στεφανοῦ-

159 1873 259 1926 σθαι
294 1874 475 1943 ἐχρῆν,
514 1872 589 1935 ώς
624 1872 916 1925 κατάδικον
948 1872 1043 1924 καὶ
1075 1871 1372 1926 ὑπεύθυνον
1393 1874 1484 1926 ἐπὶ
1504 1874 1564 1927 τὸ
1590 1873 1719 1944 όχύ-

162 1979 295 2031 ρωμα
334 1961 584 2030 ἄγεσθαι,
615 1962 710 2015 καὶ
746 1961 882 2032 μετά
921 1961 1028 2014 τῶν
1063 1961 1133 2014 τά
1168 1961 1372 2032 ἔσχατα
1403 1963 1719 2034 ἡμαρτηκό-

157 2065 245 2100 των
272 2048 703 2113 κατακλείεσθαι,
742 2050 770 2102 6
797 2049 1025 2120 αὐχμὸς,
1067 2048 1128 2102 τὸ
1158 2049 1418 2123 σιδήριον,
1445 2051 1477 2121 ἡ
1512 2049 1604 2103 106
1634 2050 1719 2103 δε-

161 2136 442 2208 σμωτηρίου
483 2137 848 2208 ταλαιπωρία.
892 2138 1024 2191 Τότε
1068 2137 1231 2193 αὐτὸν
1279 2137 1389 2209 ὁρῶ
1434 2138 1721 2209 λάμποντα

161 2224 411 2291 μειζόνως,
443 2225 476 2295 ἢ
512 2225 601 2277 ὅτε
639 2224 735 2277 ἐπὶ
760 2224 854 2277 106
885 2224 1076 2296 θρόνου
1106 2225 1205 2296 τῆς
1242 2224 1519 2294 Αἰγύπτου
1583 2225 1718 2279 καθ-

161 2315 327 2381 ήμενος
346 2314 437 2367 τὸν
457 2316 601 2367 σῖτον
635 2313 848 2384 διένεμε
877 2315 989 2377 τοῖς
1018 2313 1312 2384 δεομένοις,
1328 2314 1423 2367 καὶ
1449 2314 1541 2367 τὸν
1561 2314 1717 2385 λιμὸν

159 2400 276 2461 ἔλυε,
294 2402 380 2453 καὶ
421 2401 603 2465 κοινὸς
630 2400 795 2472 λιμὴν
825 2400 1029 2455 ἅπασιν
1053 2402 1281 2469 ἐγίνετο.
1317 2401 1451 2454 Τότε
1477 2402 1589 2471 ὁρῶ
1618 2402 1716 2455 αύ-

158 2491 232 2541 τὺν
256 2492 489 2559 φαιδρὸν,
513 2491 601 2544 ὅτε
629 2490 779 2561 αὐτῷ
808 2491 865 2544 αί
890 2491 1048 2544 πέδαι
1081 2490 1175 2543 καὶ
1198 2489 1510 2562 χειροπέδαι
1565 2508 1719 2565 περι-

159 2578 398 2649 έκειντοή
438 2581 528 2633 ὅτε
551 2581 608 2633 ἐν
641 2579 877 2650 ίματίοις
915 2580 1186 2650 λαμπροῖς
1203 2579 1300 2650 τὴν
1330 2578 1600 2648 τοσαύτην
1627 2580 1716 2632 δυ-

158 2666 380 2719 ναστείαν
410 2665 830 2739 περιεϐέϐλητο.
872 2668 932 2717 ’0
963 2667 1061 2737 μὲν
1089 2666 1198 2736 γὰρ
1235 2666 1624 2735 πραγματείας
1649 2661 1717 2737 ἦν

162 2752 317 2823 καιρὸς
338 2766 430 2807 και
461 2754 728 2825 ἐμπορίας
755 2753 975 2824 πολλῆς,
1028 2755 1057 2806 ὁ
1087 2752 1182 2805 τοῦ
1222 2752 1596 2824 δεσμωτηρίου
1632 2752 1719 2806 λέ-

162 2856 245 2905 γωο
268 2843 292 2893 ὀ
318 2840 368 2893 δὲ
395 2844 614 2912 τρυφῆς
642 2841 735 2895 καὶ
765 2841 1004 2903 ἀνέσεως
1037 2840 1131 2893 καὶ
1164 2839 1348 2909 τιμῆς,
1376 2839 1575 2911 πολλὴν
1620 2840 1719 2910 μὲν

160 2926 275 2995 ἔχων
301 2927 390 2998 τὴν
406 2927 628 3000 ἡδονὴν,
662 2927 722 2980 ού
753 2927 886 2981 πολὺ
927 2926 981 2979 δὲ
1002 2928 1060 2979 τὸ
1092 2926 1301 2998 κέρδος.
1326 2926 1425 2979 Διά
1452 2925 1609 2981 τοῦτο
1629 2927 1715 2979 ού-

158 3011 204 3065 6E
230 3013 381 3079 οὕτως
402 3014 574 3070 αὐτὸν
591 3014 879 3087 μακαρίζω
901 3013 1208 3085 τιμώμενον
1233 3014 1338 3067 ὑπὸ
1370 3013 1461 3067 τοῦ
1495 3014 1717 3086 πατρὸς,

162 3100 222 3165 ὡς
255 3102 608 3175 φθονούμενον
640 3103 746 3156 ὑπὸ
775 3103 883 3157 τῶν
917 3102 1183 3172 ἀδελφῶν,
1222 3102 1315 3157 καὶ
1351 3101 1503 3175 [564]
1544 3104 1721 3157 συνοί-

164 3206 267 3255 κους
289 3192 467 3263 ἔχοντα
501 3194 629 3256 τοὺς
650 3192 961 3262 πολεμίους.
995 3192 1105 3246 Kal
1140 3192 1248 3264 γὰρ
1278 3194 1342 3246 ἐκ
1373 3192 1598 3264 πρώτης
1616 3194 1724 3265 ἠλι-

166 3280 266 3342 κίας
280 3280 478 3335 οἴκοθεν
496 3282 736 3353 χαλεπὸς
763 3281 911 3351 αὐτῷ
935 3281 1310 3353 ἀνερριπίζετο
1344 3281 1471 3334 πόλε
1481 3300 1598 3352 μος,
1617 3282 1723 3337 τῶν

166 3367 514 3437 πολεμούντων
545 3370 797 3439 ἐγκαλεῖν
827 3369 926 3439 μὲν
954 3368 1184 3439 ἐχόντων
1211 3368 1383 3436 οὐδὲν,
1406 3368 1724 3440 τηκομένων

164 3448 210 3502 δέ
254 3456 337 3508 καὶ
367 3455 857 3529 διαρρηγνυμένων
892 3453 983 3508 διὰ
1030 3455 1091 3507 16
1136 3454 1380 3518 πλείονος
1430 3455 1725 3509 ἀπολαύειν

164 3538 300 3593 αὑτὸν
326 3544 472 3614 παρά
500 3542 596 3596 106
627 3542 831 3613 πατρὸς
852 3541 1164 3605 διαθέσεως.
1194 3542 1387 3595 Καίτοι
1425 3559 1488 3609 γε
1516 3546 1576 3595 τὸ
1604 3542 1725 3613 φίλ-

163 3632 634 3701 τρονόνομοθέτης
676 3631 880 3701 Μωσῆς
917 3631 1015 3683 οὐκ
1053 3630 1253 3701 ἔφησεν
1286 3630 1344 3695 ἐξ
1382 3632 1582 3702 ἀρετῆς
1631 3632 1725 3685 106

164 3717 327 3780 παιδὸς
368 3718 514 3789 ἔχειν
568 3719 667 3789 τὴν
719 3720 910 3789 ἀρχὴν,
951 3717 1064 3771 ἀλλ’
1100 3717 1208 3770 ἀπὸ
1247 3717 1341 3770 τού
1389 3717 1578 3787 καιροῦ
1618 3718 1727 3771 τῶν

164 3801 358 3857 ὠδίνων.
408 3807 632 3876 Ἐπειδὴ
675 3805 782 3877 γὰρ
827 3805 1052 3875 ὕστερον
1093 3803 1200 3857 τῶν
1247 3805 1420 3859 ἄλλων
1455 3818 1479 3845 α
1508 3806 1726 3877 ἐτέχθη,

167 3889 246 3941 καὶ
269 3891 322 3943 ἐν
370 3893 590 3964 ἐσχάτῳ
635 3894 782 3965 γήρᾳ
814 3891 1060 3959 (ποθεινὰ
1090 3891 1145 3944 δὲ
1175 3892 1244 3944 τὰ
1270 3891 1491 3945 τοιαῦτα
1521 3893 1727 3954 παιδία,

166 3975 244 4029 ἅτε
291 3981 410 4050 παρ’
461 3980 659 4033 ἐλπίδα
708 3979 1078 4051 γεννώμενα),
1135 3978 1224 4032 διὰ
1267 3980 1425 4032 106:0
1474 3980 1724 4049 ἐφιλεῖτο.

176 4062 371 4132 Ἠγάπα
399 4068 509 4136 γὰρ
534 4066 721 4120 αὐτὸν
741 4070 773 4120 ὁ
804 4066 1021 4135 πατὴρ,
1043 4067 1228 4136 φησὶν,
1264 4066 1353 4121 ὅτι
1380 4066 1510 4134 υίὸς
1538 4067 1730 4138 γήρως

167 4143 232 4217 ἦν
245 4153 410 4218 αὐτῷ.

225 4239 305 4293 ια’.
328 4242 367 4294 Τ
370 4242 508 4296 αὕτα
532 4241 590 4294 δὲ
613 4242 641 4294 ό
665 4241 960 4314 νομοθέτης
976 4241 1233 4313 ἔγραψεν,
1259 4242 1334 4307 ὡς
1353 4242 1526 4311 ἔγωγε
1552 4235 1730 4313 οἶμαι,

169 4325 220 4377 οὔ
240 4326 295 4378 τὸ
305 4326 361 4381 δν
382 4328 759 4399 διηγούμενος,
785 4327 919 4381 ἀλλά
939 4329 1031 4381 106
1068 4330 1269 4400 πατρὸς
1286 4330 1384 4401 τὴν
1417 4330 1613 4400 σκῆψιν
1637 4332 1733 4384 καὶ

169 4412 252 4480 τὴν
304 4416 600 4486 πρόφασιν.
654 4417 874 4489 Ἐπειδὴ
926 4416 1035 4488 γὰρ
1085 4417 1232 4487 ἐώρα
1269 4416 1630 4487 φθονούμενον
1674 4418 1734 4469 τὸ

175 4502 454 4571 μειράκιον,
500 4495 1003 4575 παραμυθήσασθαι
1042 4504 1103 4555 τὸ
1144 4502 1314 4565 πάθος
1354 4502 1461 4557 τῶν
1492 4504 1735 4573 ἀδελφῶν

174 4585 492 4660 βουλόμενος,
512 4591 748 4644 ἔπλασεν
778 4590 997 4661 ἀγάπης
1019 4591 1198 4643 αἰτίαν
1226 4589 1286 4642 ού
1322 4590 1487 4643 πολὺν
1517 4592 1736 4645 τίκτου-

174 4689 259 4731 σαν
293 4680 439 4751 αὐτῷ
492 4681 583 4734 τὸν
611 4681 825 4751 φθόνον.
880 4681 1003 4733 ’Ὁτι
1031 4681 1139 4751 γὰρ
1186 4680 1241 4732 ού
1277 4679 1433 4734 10610
1464 4681 1637 4735 αἴτιον
1668 4677 1737 4753 ἦν

172 4762 253 4817 106
294 4766 539 4840 φίλτρου,
585 4768 718 4822 ἀλλὰ
753 4769 787 4837 ή
834 4767 1156 4839 ἀκμάζουσα
1204 4768 1301 4839 τῆς
1332 4768 1509 4839 ψυχῆς
1542 4770 1735 4839 ἀρετὴ.

173 4852 256 4904 καὶ
297 4854 390 4924 τῆς
446 4856 665 4927 ἡλικίας
712 4855 1052 4927 ἀκμαιοτέρα
1099 4850 1266 4920 οὖσα,
1326 4856 1480 4927 δῆλον
1531 4858 1594 4909 ἐκ
1645 4857 1739 4910 106

174 4933 438 5010 Βενιαμίν.
494 4942 560 4994 Ei
586 4941 693 5014 γὰρ
727 4942 816 4995 διὰ
848 4941 1008 4995 τοῦτο
1040 4944 1245 5007 ἐκεῖνος
1275 4944 1527 5014 ἐφιλεῖτο,
1559 4942 1739 5015 πολλῷ

177 5025 357 5092 μᾶλλον
396 5029 489 5083 τὸν
533 5030 795 5103 νεώτερον
829 5028 991 5083 αὐτοῦ
1048 5030 1318 5099 φιλεῖσθαι
1357 5032 1544 5104 ἐχρῆν.
1585 5030 1742 5085 Μετά

176 5115 269 5187 γὰρ
290 5118 377 5173 τὸν
401 5120 601 5191 Ἰωσὴφ
631 5123 836 5185 ἐκεῖνος
859 5110 1079 5192 ἐτέχθη,
1110 5122 1204 5175 καὶ
1227 5113 1382 5185 οὗτος
1413 5121 1612 5193 μᾶλλον
1629 5120 1742 5186 υίὸς

175 5203 347 5272 γήρως
374 5203 443 5279 ἦν
474 5208 644 5280 αὐτῷ.
692 5209 854 5275 Ἀλλ’,
889 5210 1028 5280 ὅπερ
1046 5207 1202 5280 ἔφην,
1232 5206 1326 5261 106
1362 5209 1565 5279 πατρὶς
1587 5203 1655 5278 ἦν
1682 5208 1744 5261 τὸ

176 5289 404 5363 πλάσμα,
437 5294 767 5368 βουλομένου
812 5296 1115 5352 καταλῦσαι
1151 5297 1240 5348 τὸν
1273 5296 1558 5365 ἀδελφικὸν
1586 5295 1745 5349 πόλε-

180 5395 287 5447 μον·
314 5382 426 5436 ἀλλ’
456 5382 583 5436 οὐδὲ
610 5385 780 5449 οὕτως
807 5387 1045 5456 ἴσχυσεν,
1084 5383 1195 5437 ἀλλ’
1224 5383 1500 5449 ἐξεκαίετο
1524 5384 1747 5455 σφοδρο-

179 5469 300 5536 τέρα
328 5471 361 5539 ή
404 5470 560 5540 φλόξ.
588 5473 694 5525 Καὶ
720 5473 906 5544 ἐπειδὴ
940 5472 1089 5527 οὐδὲν
1123 5473 1304 5541 ἴσχυον
1336 5471 1558 5542 ποιῆσαι
1587 5471 1744 5535 τέως,

184 5559 519 5626 κατήνεγκαν
544 5559 689 5629 αὐτῷ
720 5559 886 5629 ψόγον
916 5561 1168 5631 πονηρὸν,
1200 5561 1401 5630 αἰσχρᾷ
1429 5559 1748 5628 περιέϐαλον

185 5644 342 5717 αἰτίᾳ,
371 5648 469 5718 τὴν
502 5648 773 5721 βάρϐαρον
800 5653 1032 5711 γυναῖκα
1069 5650 1482 5721 προφθάσαντες
1521 5650 1567 5702 οἱ
1594 5648 1739 5702 ἁδελ-

250 5814 277 5846 .
292 5812 441 5866 [idem
454 5831 572 5868 mss.
596 5819 788 5883 ὕστερος
805 5821 897 5868 τῶν
939 5821 1109 5868 ἄλλων.

1564 349 1935 407 ‘ICI‘ISTOLIE
1947 391 1959 405 .

3305 347 3414 407 585

1823 469 1933 538 φοὶ,
1967 468 2061 521 καὶ
2090 466 2268 538 πολλῷ
2300 465 2514 539 χείρους
2555 465 2812 536 φανέντες
2836 463 3031 535 αὐτῆς.
3071 463 3137 518 Ἦ
3172 465 3274 536 μὲν
3306 466 3413 537 γὰρ

1822 565 1904 629 εἰς
1934 563 2236 635 ἀλλότριον,
2254 566 2302 617 οἱ
2332 564 2387 617 δὲ
2415 566 2493 629 εἰς
2516 562 2745 633 ἀδελφὸν
2769 562 3012 631 ἐγίνοντο
3045 562 3287 633 πονηροί.
3305 560 3417 616 Καὶ

1819 661 1939 714 οὐδὲ
1965 661 2199 714 ἐνταῦθα
2231 659 2465 731 ἔστησαν
2498 661 2596 730 τῆς
2622 659 2837 723 κακίας
2876 658 2992 711 ἀλλ’
3014 659 3418 727 ἐπηγωνίξοντο

1818 758 1931 819 τοῖς
1957 756 2247 827 προτέροις
2272 756 2380 821 ἀεὶ,
2409 757 2504 811 καὶ
2536 756 2792 820 λαϐόντες
2820 758 2981 825 μόνον
3000 755 3058 809 ἐν
3085 754 3297 826 ἐρημία
3322 754 3417 807 καὶ

1819 851 2080 921 ἔσφαξαν,
2098 852 2194 905 καὶ
2206 851 2485 916 ἀπέδοντο,
2506 852 2601 905 καὶ
2613 851 2797 905 δοῦλον
2810 851 2925 905 ἀντ’
2941 850 3123 903 ἐλευθέ
3132 850 3416 920 ρουέποίη-

1821 963 1944 1013 σαν,
1981 947 2076 1000 καὶ
2109 947 2354 1001 δουλείαν
2383 947 2483 1019 τὴν
2516 947 2753 1018 ἐσχάτην
2802 947 2853 1001 ι).
2904 945 3043 999 Οὔτε
3081 945 3190 1017 γὰρ
3216 946 3417 1015 όμοφύ’

1820 1042 1934 1106 λοις
1973 1044 2137 1109 τισὶν,
2178 1042 2318 1097 ἀλλά
2358 1042 2659 1114 βαρϐάροις
2709 1040 3149 1114 ἑτερογλώσσοις,
3180 1039 3414 1104 καὶτοῖς

1824 1141 1903 1203 είς
1925 1137 2202 1211 βάρϐαρον
2224 1139 2448 1194 ἀπιοῦσι
2477 1138 2660 1211 χώραν
2682 1137 2952 1206 ἐξέδωκαν
2989 1136 3079 1190 τὸν
3108 1135 3356 1206 ἀδελφόν·
3385 1136 3415 1188 ό

1817 1232 1874 1289 δὲ
1923 1234 2056 1299 Θεὸς
2101 1233 2483 1307 λαμπρότερον
2540 1233 2703 1288 αὐτὸν
2764 1230 2958 1295 ποιῶν,
3007 1230 3255 1301 ἠνείχετο
3304 1228 3414 1282 τῶν

1816 1330 2138 1402 γινομένων,
2167 1331 2264 1385 καὶ
2295 1328 2697 1403 ἐμακροθύμει,
2724 1327 2989 1383 κινδύνων
3011 1325 3288 1389 κινδύνους
3309 1324 3415 1378 δια-

1815 1426 2140 1498 δεχομένων.
2174 1426 2338 1482 Μετὰ
2388 1426 2500 1498 γάρ
2554 1426 2646 1480 τὸν
2678 1424 2877 1496 φθόνον
2924 1424 3020 1478 καὶ
3054 1422 3151 1496 τὴν
3180 1422 3414 1495 αἰσχρὰν

1814 1522 2067 1593 διαϐολὴν
2091 1527 2276 1596 σφαγῇ
2311 1523 2660 1595 παρέδωκαν,
2686 1522 2781 1576 καὶ
2825 1520 3043 1592 δουλείᾳ
3077 1519 3291 1589 σφαγῆς
3314 1534 3415 1589 χα-

1817 1618 2120 1689 λεπωτέρᾳ.
2155 1619 2248 1690 Μὴ
2292 1619 2402 1687 γάρ
2435 1636 2526 1690 μοι
2567 1618 2939 1689 παραδράμῃς
2974 1615 3415 1686 ἀπλῶςτὸείρη-

1820 1714 1998 1784 μένον·
2024 1714 2138 1767 ἁλλ’
2168 1714 2423 1785 ἐννόησον
2456 1714 2643 1786 ἡλίκον
2661 1709 2730 1784 ἦν
2760 1712 3044 1785 μειράκιον
3072 1710 3312 1779 εὐγενὲς,
3357 1711 3418 1763 ἐν

1817 1812 1963 1883 οίκίξι
1993 1816 2231 1885 πατρικῇ
2255 1812 2464 1884 τραφὲν
2492 1812 2632 1884 μετά
2661 1812 2976 1884 ἐλευθερίας
3003 1810 3244 1879 ἀπάσης,
3278 1806 3418 1879 μετά

1816 1909 2039 1978 ἀγάπης
2064 1909 2273 1980 πατρὸς
2306 1908 2598 1980 τοσαύτης,
2619 1907 2817 1979 ἀθρόον
2834 1906 2940 1960 ὑπὸ
2960 1905 3205 1974 ἀδελφῶν
3234 1904 3416 1973 ἀπεμ-

1817 2005 2139 2076 ποληθῆναι,
2176 2005 2332 2059 οὐδὲν
2380 2006 2614 2076 ἐχόντων
2642 2003 2919 2074 ἐγκαλεῖν,
2971 2001 3067 2055 καὶ
3116 1999 3417 2071 βαρϐάροις

1816 2106 2102 2177 ἐκδοθῆναι
2125 2104 2570 2177 ἑτερογλώσσοις,
2607 2105 2705 2159 καὶ
2734 2105 2923 2175 ῆθεσιν
2954 2100 3287 2167 ἀλλοκότοις,
3322 2096 3417 2152 καὶ

1817 2206 2162 2278 αὐτοθηρίοις
2218 2206 2506 2277 μᾶλλον,ἢ
2549 2204 2878 2277 ἀνθρώποις·
2941 2202 3037 2257 καὶ
3085 2196 3418 2265 ἀπολιν,καὶ

1819 2307 2182 2379 μετανάστην,
2238 2308 2332 2360 καὶ
2363 2306 2604 2377 οἰκέτην,
2664 2305 2759 2359 καὶ
2796 2304 2944 2368 ξένον
2988 2302 3099 2357 ἀντ’
3131 2297 3416 2369 ἐλευθέρου

1818 2408 1914 2462 καὶ
1943 2407 2159 2461 πολίτου
2196 2407 2473 2477 γενέσθαι,
2495 2407 2592 2461 καὶ
2622 2405 2891 2476 τοσαύτης
2917 2402 3300 2457 ἀπολαύσαντα
3320 2398 3419 2468 τῆς

1818 2511 2141 2583 εὐημερίας,
2182 2510 2320 2581 πρὸς
2364 2509 2463 2581 τὴν
2519 2509 2757 2579 ἐσχάτην
2799 2505 3197 2578 κατενεχθῆναι
3233 2501 3420 2557 ταλαισι

1819 2612 2034 2682 πωρίαν
2066 2610 2312 2674 δουλείας
2343 2610 2487 2681 ἀήθη
2524 2609 2654 2663 ὄντα
2684 2608 2802 2680 μεθ’
2844 2605 3151 2678 ὑπερϐολῆς
3175 2602 3420 2672 ἀπάσης,

1823 2711 1974 2783 [565]
2010 2712 2101 2765 καὶ
2158 2710 2525 2781 πικροτάτους
2583 2709 2771 2762 λαϐεῖν
2817 2706 3108 2768 δεσπότας,
3156 2702 3253 2756 καὶ
3285 2700 3422 2772 πρὸς

1819 2815 2106 2885 ἀλλοτρίαν
2136 2813 2230 2866 καὶ
2269 2813 2544 2884 βάρϐαρον
2609 2808 3001 2881 μετενεχθῆναι
3034 2818 3056 2846 ο
3112 2806 3234 2876 γῆν.
3280 2800 3421 2856 Ἀλλ’

1825 2918 1947 2971 οὐδὲ
1972 2916 2208 2970 ἐνταῦθα
2242 2916 2429 2969 ἵστατο
2474 2914 2543 2967 τὰ
2571 2913 2739 2973 δεινὰ,
2787 2911 2900 2964 ἀλλ’
2937 2907 3224 2963 ἐπιϐουλαὶ
3254 2905 3420 2971 πάλιν

1820 3018 2112 3081 ἐπιϐουλὰς
2149 3017 2444 3087 διεδέχοντο
2470 3014 2607 3083 μετά
2636 3014 2708 3067 τὰ
2731 3012 2985 3082 ὀνείρατα
3015 3007 3281 3062 ἐκεῖνατά
3298 3006 3422 3060 θαυο

1829 3119 2010 3190 μαστά
2060 3120 2155 3171 καὶ
2197 3117 2296 3189 τὴν
2353 3115 2462 3169 τῶν
2515 3113 2763 3183 ἀδελφῶν
2818 3109 2988 3166 αὐτοῦ
3046 3107 3424 3181 προσκύνησιν

1826 3218 2341 3291 προαναφωνοῖωτα.
2370 3216 2643 3280 Λαϐόντες
2677 3214 2786 3286 γὰρ
2811 3212 2974 3268 αὐτὸν
3000 3206 3146 3266 οὗτοι
3171 3210 3220 3263 οἱ
3260 3208 3427 3281 ἐμποο

1828 3338 1911 3391 ροι
1958 3320 2018 3373 ού
2058 3320 2346 3389 κατέσχον,
2401 3315 2516 3370 ἀλλ’
2555 3316 2763 3386 ἑτέροις
2799 3313 2962 3367 αὐτὸν
2991 3312 3155 3365 πάλιν
3184 3310 3425 3382 χείροσιν

1826 3420 2086 3474 ἀπέδοντο
2113 3418 2431 3489 βαρϐάροις.
2469 3412 2641 3469 Οἶσθα
2684 3413 2741 3467 δὲ
2773 3412 2963 3483 ἡλίκον
2993 3408 3154 3463 τοῦτο
3178 3410 3256 3471 είς
3283 3424 3425 3477 συμ-

1827 3520 2000 3589 φορᾶς
2017 3519 2196 3587 λόγον,
2218 3518 2279 3569 τὸ
2302 3516 2568 3577 δεσπότας
2596 3512 2871 3574 τοιούτους
2901 3512 2965 3563 ἐκ
2994 3508 3249 3562 τοιούτων
3266 3504 3426 3576 ἀμεί-

1828 3622 1963 3673 ϐειν.
2020 3619 2190 3671 Τοῦτο
2230 3618 2339 3690 γὰρ
2384 3616 2795 3686 δυσκολωτέραν
2848 3616 2990 3665 ποιεῖ
3030 3612 3129 3681 τὴν
3162 3608 3423 3673 δουλείαν,

1826 3722 1954 3773 ὅταν
1983 3720 2077 3773 καὶ
2099 3720 2242 3784 ξένοι
2280 3717 2441 3771 πάλιν
2474 3718 2525 3770 οί
2559 3716 2850 3786 κτώμενοι,
2886 3712 2980 3766 καὶ
3005 3711 3112 3764 τῶν
3143 3709 3427 3781 προτέρων

1826 3821 1925 3877 ὦσι
1948 3820 2339 3893 χαλεπώτεροι.
2372 3819 2480 3871 Kal
2520 3819 2732 3887 γίνεται
2783 3817 2842 3868 ἐν
2884 3812 3146 3882 Αἰγύπτῳ
3196 3813 3263 3881 τῇ
3305 3809 3428 3862 θεο-

1835 3923 1991 3993 μάχῳ
2025 3920 2149 3973 τότε
2178 3918 2365 3990 ἐκείνῃ
2395 3919 2489 3971 καὶ
2518 3914 2839 3989 μαινομένῃ,
2862 3913 2984 3967 ὅθεν
3015 3912 3083 3965 τά
3097 3910 3427 3979 ἀναίσχυντα

1828 4019 2093 4088 στόματα,
2125 4017 2249 4070 ὅθεν
2278 4019 2333 4070 αί
2372 4016 2682 4087 βλάσφημοι
2698 4014 2943 4083 γλῶσσαι
2974 4013 3025 4066 ἀ.
3060 4012 3171 4065 Kal
3200 4011 3412 4079 γίνεται

1834 4121 1963 4190 παρ’
1996 4118 2338 4187 Αἰγυπτίοις,
2369 4112 2444 4171 ὧν
2470 4117 2565 4171 καὶ
2598 4112 2677 4180 εἷς
2706 4117 2909 4187 ῆρκεσε
2948 4111 3109 4181 μόνος
3134 4110 3225 4162 τὸν
3256 4108 3430 4180 μέγαν

1835 4221 2075 4278 Μωῦσέα
2097 4220 2378 4292 δραπέτην
2414 4219 2509 4273 καὶ
2537 4217 2753 4288 φυγάδα
2786 4216 3030 4286 ποιῆσαι.
3072 4210 3184 4265 Καὶ
3239 4209 3430 4280 ἐπειδὴ

1838 4321 2035 4392 μικρὸν
2069 4321 2398 4374 ἀνέπνευσεν
2439 4320 2573 4383 ἐκεῖ,
2604 4317 2698 4371 τοῦ
2735 4314 3117 4387 φιλανθρώπου
3153 4311 3310 4377 Θεοῦ,
3334 4310 3429 4365 106

1833 4425 1903 4479 τά
1956 4423 2234 4492 παράδοξα
2284 4421 2718 4492 οἰκονομούντος,
2776 4418 2868 4470 τὸν
2908 4417 3100 4487 ἄγριον
3148 4415 3291 4484 θῆρα
3338 4413 3430 4466 τὸν

1836 4525 2187 4594 ὠνησάμενον
2226 4522 2389 4576 αὑτὸν
2416 4522 2743 4591 ποιήσαντος
2771 4516 3066 4589 πρόϐατον,
3094 4515 3296 4575 εὐθέως
3327 4512 3430 4565 αύ-

1836 4625 1917 4696 τῷ
1948 4625 2248 4694 σκάμματα
2278 4619 2719 4692 παρεσκευάζετο
2749 4618 2932 4681 πάλιν,
2964 4616 3058 4670 καὶ
3090 4611 3433 4674 στάδιον,καὶ

1840 4724 2215 4794 παλαίσματα,
2267 4721 2361 4775 καὶ
2406 4721 2638 4788 ἀγῶνες,
2692 4718 2788 4771 καὶ
2818 4716 3039 4788 ἱδρῶτες
3083 4712 3432 4783 σφοδρότεροι

1840 4827 1949 4880 τῶν
1975 4823 2277 4896 προτέρων.
2325 4820 2529 4875 Ἰδοῦσα
2562 4819 2671 4890 γὰρ
2703 4818 2866 4873 αὐτὸν
2908 4816 3113 4878 ἀδίκοις
3132 4813 3431 4884 ὀφθαλμοῖς

1844 4927 1877 4996 ή
1900 4924 2235 4995 κεκτημένη,
2266 4923 2360 4977 καὶ
2388 4920 2466 4993 τῷ
2496 4919 2683 4974 κάλλει
2715 4919 2817 4988 τῆς
2838 4917 3015 4988 ὅψεως
3040 4915 3203 4970 αὐτοῦ
3237 4931 3434 4986 χειρω-

1842 5024 2016 5091 θεῖσα,
2039 5025 2135 5079 καὶ
2168 5023 2309 5078 κατά
2333 5021 2533 5094 κράτος
2561 5020 2765 5074 ἀλοῦσα
2798 5019 2877 5089 τῷ
2899 5018 3082 5078 πάθει,
3105 5015 3290 5070 λέαινα
3314 5015 3435 5069 ἀντὶ

1843 5125 2104 5197 γυναικὸς
2140 5123 2246 5178 ὑπὸ
2287 5124 2388 5194 τῆς
2427 5121 2725 5176 ἀκολάστου
2761 5118 2963 5188 ταύτης
2991 5116 3288 5187 ἐπιθυμίας
3313 5113 3435 5183 ἐγέ-

1845 5243 1986 5281 νετο.
2023 5225 2135 5279 Kal
2180 5222 2345 5277 πάλιν
2396 5221 2644 5284 σύνοικος
2696 5222 2726 5274 6
2773 5219 3039 5290 πολέμιος
3086 5212 3155 5289 ἦν
3187 5213 3437 5269 ἐναντίαν

1844 5327 1959 5389 τοῖς
1990 5324 2277 5396 προτέροις
2330 5322 2429 5393 τὴν
2476 5320 2730 5375 ὑπόθεσιν
2770 5319 2926 5389 ἔχων·
2964 5318 3160 5371 ἐκεῖνοι
3207 5314 3313 5382 γὰρ
3347 5329 3436 5383 μι-

1847 5425 2066 5488 σοῦντες
2102 5423 2264 5477 αὑτὸν
2315 5422 2411 5493 τῆς
2439 5422 2618 5484 οἰκίας
2679 5418 2953 5484 ἐξέϐαλον⁸
2989 5415 3126 5487 αὕτη
3169 5414 3226 5467 δὲ
3255 5412 3437 5483 ἐρῶσα

1909 5567 1937 5607 ι)
1969 5566 2119 5617 [idem
2141 5567 2222 5614 καὶ
2244 5566 2424 5614 δούλων
2445 5563 2658 5611 δουλείαν
2680 5564 2765 5619 τήν
2785 5558 3072 5624 πικροτάτην
3094 5555 3338 5611 ἐποίησαν.

1915 5633 1937 5659 c
1964 5630 2113 5659 [Lion]
2138 5630 2440 5659 ,τηνενοδυ-,ν

1915 5633 1937 5659 θ
1964 5630 2114 5677 Iidem
2138 5630 2463 5689 ἀπενεχθῆναι.
3065 5678 3074 5687 Ι

1913 5688 2035 5738 δαΐ.
2080 5690 2259 5738 Homil.
2308 5701 2356 5735 ιιι
2403 5692 2643 5749 martyres
2679 5683 2936 5749 (Egyplios
2988 5677 3140 5749 (im't.)
3189 5670 3435 5749 Τοῐιξ.ηίί,

1848 5766 1898 5813 p.
1926 5735 2055 5799 699':
2082 5735 2320 5811 λίγύπτου
2340 5754 2425 5813 τῆς
2464 5735 2703 5813 θεομάχου
2725 5735 2819 5792 ἷάῖ
2848 5735 3193 5813 μανικογτάτής,
3230 5736 3311 5785 καὶ
3332 5735 3441 5787 ὅθεν

1851 5805 1913 5861 τὰ
1936 5815 2051 5861 ἄθεα
2073 5805 2307 5875 στόματα,
2334 5812 2437 5858 ὅθεν
2460 5812 2505 5857 αἱ
2531 5805 2802 5873 βλάσφημοι
2819 5805 3052 5866 γλῶσσαι.
