3906 6424
215 366 326 424 535

211 495 427 545 censa;
479 487 542 534 et
572 477 786 549 quidem
822 478 1040 548 duplex,
1073 477 1181 533 imo
1210 477 1420 548 triplex,
1464 492 1528 531 ac
1567 476 1844 546 multiplex

216 573 322 626 hoc
363 571 595 626 beltum
636 579 770 624 erat.
801 569 1156 639 Neque-enim
1186 570 1310 640 quia
1340 569 1474 623 retia
1517 567 1655 622 saltu
1682 583 1846 636 supe-

215 667 384 732 rav’t,
439 682 514 721 ac
543 666 698 721 brevi
732 666 992 735 temporis
1037 673 1234 734 puncto
1278 665 1527 733 laqueum
1571 662 1844 726 dissecuit,

217 759 430 815 idcirco
485 773 624 814 eum
670 757 774 813 hoc
816 765 1090 812 certamen
1141 756 1260 811 sine
1321 755 1508 810 labore
1552 752 1848 809 confecisse

214 851 519 907 existimes
577 867 595 906 :
642 849 905 920 siquidem
957 849 1227 919 ingentem
1277 845 1532 902 sudorem
1580 846 1632 900 in
1677 860 1742 901 ea
1787 861 1848 900 re

218 942 413 1000 subiit.

295 1035 393 1090 i2.
440 1035 528 1090 Ac
556 1035 608 1090 si
647 1035 699 1090 id
742 1034 1023 1105 perspicue
1050 1033 1189 1088 scire
1215 1031 1309 1086 tibi
1336 1030 1485 1086 cordi
1514 1038 1617 1096 est,
1645 1031 1847 1100 cogites

217 1129 384 1185 velim
427 1127 746 1199 cujusmodi
787 1142 875 1182 res
905 1127 974 1181 sit
994 1126 1268 1196 juventus,
1296 1139 1360 1179 ac
1384 1122 1682 1194 juventutis
1723 1121 1841 1178 ﬂos.

219 1222 352 1277 Nam
398 1230 524 1275 tum
575 1220 630 1274 in
663 1221 778 1288 ipso
804 1218 1102 1288 juventutis
1125 1216 1258 1271 ﬂore
1285 1225 1436 1271 erat:
1469 1229 1576 1284 quo
1605 1223 1846 1284 tempore

221 1311 400 1368 acrior
429 1320 655 1367 naturae
683 1310 896 1364 ﬂamma
924 1310 1213 1374 excitatur,
1250 1323 1358 1377 quo
1395 1307 1581 1376 ingens
1611 1306 1843 1360 libidinis

221 1412 553 1473 tempestas,
606 1418 712 1472 quo
757 1401 987 1472 denique
1035 1409 1278 1470 tempore
1329 1397 1647 1453 imbecillior
1684 1397 1841 1452 ratio.

223 1497 495 1552 Juvenum
537 1495 686 1550 enim
719 1493 884 1548 animi
928 1507 1035 1547 non
1065 1491 1352 1546 admodum
1381 1504 1576 1559 magno
1604 1488 1841 1558 pruden-

225 1593 308 1646 tia:
353 1589 632 1661 praesidio
672 1588 1005 1654 muniuntur,
1033 1601 1134 1642 nec
1177 1601 1429 1657 magnum
1478 1585 1686 1639 virtutis
1723 1592 1840 1639 stu-

225 1682 371 1737 dium
397 1690 610 1753 gerunt
637 1699 650 1733 :
684 1696 870 1736 verum
901 1689 954 1735 et
983 1679 1265 1746 affectuum
1300 1688 1586 1748 tempeStas
1612 1678 1843 1732 atrocior

226 1783 324 1840 est,
353 1783 412 1828 et
453 1773 626 1838 ratio,
652 1787 774 1844 quae
801 1787 894 1827 eas
922 1771 1186 1841 gubernat
1227 1784 1290 1825 ac
1330 1769 1660 1836 moderatur,
1689 1769 1839 1825 infir-

229 1869 381 1922 mior.
416 1868 504 1922 Ad
537 1876 793 1921 naturam
821 1874 998 1920 autem
1038 1873 1095 1919 et
1134 1872 1345 1920 tetatem
1386 1864 1516 1919 illud
1557 1865 1716 1920 etiam
1747 1879 1838 1920 ac-

230 1961 472 2023 cedebat,
514 1960 668 2031 quod
712 1960 902 2030 ingens
939 1959 1181 2014 mulieris
1220 1958 1546 2028 impudicitia
1592 1967 1728 2014 erat.
1772 1959 1843 2014 Et

232 2053 362 2108 sicut
389 2052 640 2107 Persicze
675 2051 779 2105 illze
802 2066 990 2106 manus
1017 2049 1399 2121 Babylonicam
1427 2049 1696 2105 fornacem
1723 2065 1840 2104 ma-

233 2160 331 2215 gno
375 2144 564 2198 studio
605 2142 1004 2208 accendebant,
1048 2142 1318 2211 copiosam
1372 2140 1480 2212 igni
1530 2141 1837 2197 alimoniam

230 2237 557 2308 prmbentes,
608 2250 677 2291 ac
728 2236 904 2289 varios
943 2234 1172 2289 ﬂammae
1204 2233 1418 2290 fomites
1457 2233 1838 2291 admoventes:

236 2329 416 2383 eodem
457 2343 686 2399 quoque
716 2327 877 2383 modo
908 2336 1036 2382 tunc
1075 2326 1262 2382 infelix
1305 2327 1394 2381 illa
1439 2335 1494 2382 et
1535 2342 1838 2383 aerumnosa

233 2421 423 2475 mulier
451 2421 734 2476 flammam
765 2420 983 2475 fornace
1009 2420 1097 2474 illa
1134 2421 1437 2491 graviorem
1463 2435 1526 2474 ac
1567 2420 1836 2490 periculo-

236 2513 424 2566 siorem
466 2511 828 2573 accendebat,
862 2519 1131 2581 unguenta
1170 2511 1421 2566 nimirum
1470 2511 1642 2579 olens,
1670 2527 1837 2582 gena-

238 2621 347 2658 rum
374 2605 694 2674 pigmentis,
724 2606 999 2660 oculorum
1035 2605 1276 2674 picturis,
1308 2603 1474 2660 fracta
1501 2617 1554 2660 et
1583 2616 1837 2662 enervata

239 2710 379 2762 voce,
411 2697 678 2760 motibus,
719 2696 1046 2770 ingressibus
1093 2696 1396 2765 lasciviens,
1428 2697 1575 2752 molli
1619 2698 1834 2765 vestitu,

238 2802 341 2842 auri
367 2788 600 2856 ambitu,
633 2802 700 2843 ac
741 2789 1008 2843 sexcentis
1049 2789 1167 2843 aliis
1206 2788 1447 2858 ejusdem
1476 2791 1689 2861 generis
1716 2791 1836 2847 ille-

241 2880 404 2934 cebris
433 2889 488 2936 et
518 2880 836 2950 imposturis
865 2879 1259 2936 adolescentem
1281 2895 1312 2935 a
1338 2890 1517 2937 mente
1539 2882 1832 2939 deducens.

242 2970 302 3026 Et
324 2973 781 3042 quemadmodum
813 2973 1014 3044 peritus
1041 2973 1254 3044 quidam
1272 2985 1515 3040 venator,
1536 2975 1646 3030 fera
1677 2984 1837 3047 captu

243 3063 430 3119 dilticili
474 3065 643 3135 potiri
673 3066 914 3131 studens,
947 3066 1125 3120 omnia
1169 3066 1300 3120 artis
1343 3065 1696 3123 instrumenta
1735 3068 1836 3124 ad-

245 3166 446 3211 movet:
479 3159 561 3212 sic
589 3159 732 3227 ipsa,
758 3157 973 3227 juvenis
1016 3156 1324 3228 pudicitiam
1365 3167 1700 3229 perspectam
1740 3159 1838 3214 ha-

245 3243 365 3299 bens
389 3245 406 3316 (
428 3262 528 3302 nec
553 3247 704 3303 enim
733 3262 794 3302 ea
832 3247 931 3316 ipsi
959 3255 1107 3302 tanto
1138 3257 1379 3318 tempore
1409 3250 1678 3320 incognita
1716 3266 1836 3308 esse

246 3338 510 3410 poterat),
556 3339 764 3409 ingenti
805 3339 906 3394 sibi
957 3339 1024 3394 ad
1065 3340 1317 3410 juvenem
1368 3340 1422 3396 in
1471 3343 1832 3413 captivitatem

247 3427 576 3498 redigendum
598 3439 864 3499 apparatu
900 3445 1035 3500 Opus
1059 3445 1182 3486 esse
1209 3432 1485 3502 judicavit,
1513 3435 1582 3489 ob
1609 3449 1835 3506 eamque

244 3532 442 3574 causam
469 3522 621 3576 nulla
669 3521 903 3576 libidinis
946 3522 1193 3578 machina
1222 3533 1340 3579 erat
1375 3540 1534 3594 quam
1563 3542 1669 3582 non
1714 3543 1832 3583 mo-

246 3619 400 3664 veret.
431 3611 509 3667 Ae
550 3627 629 3668 ne
661 3612 776 3667 hmc
799 3613 1015 3682 quidem
1056 3616 1186 3669 satis
1211 3630 1332 3672 esse
1367 3616 1594 3681 ducens,
1625 3628 1834 3690 tempus

246 3699 448 3771 insuper
472 3712 527 3758 et
561 3704 745 3760 locum
774 3705 859 3768 ad
903 3705 1138 3774 prretiam
1176 3721 1477 3776 apposuum
1507 3709 1829 3778 requirebat.

247 3789 588 3858 Quamobrem
633 3796 770 3850 haud
801 3797 978 3851 statim
1023 3807 1182 3867 atque
1223 3813 1283 3853 se
1324 3799 1491 3868 ipsius
1532 3814 1718 3856 amore
1746 3816 1835 3857 ca-

252 3890 381 3949 ptam
407 3901 524 3942 esse
561 3887 762 3955 sensit,
791 3904 910 3942 eum
938 3887 1124 3942 adorta
1156 3897 1238 3943 est
1264 3906 1278 3943 :
1308 3905 1491 3944 verum
1517 3889 1608 3944 diu
1637 3906 1830 3963 exspe-

250 3975 414 4038 ctavit,
440 3977 745 4048 improbam
778 3979 918 4034 hanc
946 3980 1291 4050 cupiditatem
1331 3982 1651 4051 parturiens,
1675 3998 1738 4038 ac
1774 4000 1834 4041 se

249 4078 551 4139 comparans
581 4092 594 4128 :
637 4073 779 4142 quod
818 4082 1117 4140 vereretur,
1153 4089 1239 4138 ue,
1260 4075 1306 4128 si
1329 4074 1654 4130 celeritatem
1681 4076 1833 4132 adhi-

249 4155 404 4228 beret,
425 4177 487 4218 ac
513 4164 863 4219 tumultuarie
905 4163 1124 4219 insidias
1164 4165 1459 4236 moliretur,
1493 4167 1672 4239 praeda
1697 4168 1831 4223 eﬂ'u-

253 4261 406 4317 geret.
431 4255 564 4310 Cum
596 4264 778 4310 autem
807 4255 1092 4324 aliquando
1121 4272 1244 4312 eum
1273 4257 1417 4313 denti
1458 4261 1629 4316 solum
1681 4260 1831 4316 iuve-

256 4339 406 4396 uisset
433 4345 602 4402 solitis
646 4356 923 4402 vacantem
973 4347 1155 4414 rebus,
1185 4347 1390 4403 foveam
1431 4350 1830 4420 profundiorem

255 4428 351 4497 jam
392 4435 542 4505 fodit,
573 4453 639 4494 ac
688 4438 975 4508 voluptatis
1031 4439 1220 4508 pennis
1274 4439 1507 4510 undique
1559 4443 1829 4512 expansis,

259 4533 507 4599 tamquam
550 4535 744 4590 mediis
783 4535 987 4590 retibus
1035 4535 1390 4603 interceptum
1433 4533 1684 4602 juvenem
1735 4536 1832 4589 ha-

261 4615 399 4688 bens,
425 4626 629 4699 irrepit,
662 4645 725 4684 ac
768 4629 880 4684 sola
924 4628 1097 4684 solum
1143 4637 1332 4692 nacta;
1382 4628 1490 4683 imo
1532 4643 1639 4683 non
1679 4628 1829 4684 sola:

263 4725 370 4768 nam
395 4725 448 4770 et
473 4731 684 4777 aetatem
725 4731 780 4777 et
816 4729 1062 4776 naturam
1108 4734 1172 4774 ac
1208 4718 1438 4790 denique
1486 4735 1611 4775 suas
1664 4720 1834 4790 ipsius

264 4805 518 4866 machinas
562 4815 734 4869 socias
765 4813 1026 4879 habebat;
1078 4796 1402 4883 generosum
1446 4811 1594 4866 illum
1647 4811 1832 4866 adole-

265 4908 481 4956 scentem
503 4904 569 4960 ad
600 4905 862 4961 nefarium
893 4905 1096 4960 facinus
1119 4919 1213 4972 per
1233 4903 1339 4957 vim
1368 4902 1624 4972 deinceps
1646 4901 1830 4957 trahit.

265 4984 388 5050 Quid
426 4991 523 5049 hac
567 4998 860 5053 tentatione
901 4996 1154 5067 gravius?
1203 4995 1328 5065 quid
1365 4994 1467 5049 hac
1506 4993 1724 5050 fornace
1768 5008 1835 5049 ac

263 5074 461 5138 ﬂamma
498 5086 865 5144 vehementius
906 5095 963 5144 et
1006 5087 1200 5152 acrius,
1241 5087 1493 5155 juvenem
1540 5086 1829 5157 vigentem,

266 5178 487 5242 servum,
522 5177 852 5247 desututum,
881 5178 1012 5233 urbe
1039 5185 1336 5244 carentem,
1367 5187 1702 5244 extraneum,
1735 5193 1831 5232 ex-

268 5257 442 5328 sulem,
467 5265 533 5320 ab
561 5269 686 5324 hera
714 5285 882 5340 usque
911 5268 1046 5323 adeo
1073 5266 1354 5322 libidinosa
1376 5276 1430 5322 et
1455 5266 1686 5332 furente,
1715 5276 1834 5322 tan-

274 5345 332 5401 tis
355 5353 534 5419 opibus
573 5366 820 5430 tantaque
849 5359 1085 5430 potentia
1130 5356 1554 5425 circumﬂuente,
1587 5356 1640 5412 in
1687 5367 1832 5412 tanta

269 5441 532 5503 solitudine
578 5449 729 5522 (nam
759 5454 862 5507 hoc
890 5466 1102 5523 quoque
1135 5450 1201 5505 ad
1228 5448 1531 5520 hujusmodi
1558 5458 1832 5520 capturam

273 5534 550 5611 conducit),
581 5555 885 5614 correptum
914 5543 1086 5599 teneri
1113 5551 1273 5612 atque
1318 5540 1584 5596 illecebris
1622 5540 1829 5596 deliniri

274 5632 320 5674 et
354 5628 412 5682 ad
435 5629 648 5690 herilem
676 5638 872 5693 lectum
901 5636 1044 5700 duci,
1075 5635 1235 5705 idque
1271 5642 1390 5703 post
1417 5643 1492 5686 tot
1520 5631 1754 5702 pericula
1780 5641 1830 5688 et

279 5709 511 5775 insidias?
554 5724 666 5783 Non
707 5730 848 5784 enim
894 5737 948 5783 te
976 5727 1107 5797 fugit
1155 5727 1442 5796 plerosque
1486 5737 1832 5794 posteaquam

280 5805 634 5871 calamitatibus
665 5834 727 5873 ac
752 5833 927 5873 rerum
954 5815 1336 5872 acerbitatibus
1364 5815 1592 5871 confecti
1617 5825 1760 5885 sunt,
1784 5817 1831 5872 si

573 5915 837 5980 ΡΑΤιιοι.
885 5921 1000 5984 Gtt.
1053 5923 1180 5985 LII.

1691 390 1694 393 -
1716 361 2092 419 E-PlSTOL/E.

3452 381 3520 436 58
3530 381 3562 433 li

1962 475 2027 530 ad
2057 477 2236 532 luxum
2264 479 2531 551 animique
2572 483 2961 554 remissionem,
2992 496 3047 544 et
3087 490 3247 547 molle
3280 503 3345 546 ac
3378 493 3548 548 disso-

1958 569 2123 623 lutum
2153 571 2274 625 vita:
2297 588 2465 643 genus
2499 585 2776 643 vocentur,
2819 582 3115 651 promptius
3155 598 3439 640 accurrere
3467 602 3553 640 so-

1958 660 2091 716 lere.
2127 663 2198 716 At
2223 679 2330 718 non
2363 665 2452 720 ille
2482 682 2496 720 :
2526 681 2711 722 verum
2764 671 3096 726 tolerantiam
3145 684 3452 732 constanter
3497 678 3553 732 in

1955 753 2206 808 omnibus
2232 755 2395 811 rebus
2423 772 2531 827 prte
2556 774 2615 813 se
2641 759 2777 814 tulit.
2809 760 3071 832 Equidem
3095 764 3238 821 hunc
3256 767 3549 823 thalamum

1954 853 2008 903 et
2036 845 2417 929 Babylonicaut
2442 849 2732 916 fornacem,
2760 861 2814 907 et
2841 854 3072 911 Danielis
3097 858 3268 914 lacum
3311 859 3549 929 leonum,

1954 945 2010 991 et
2035 941 2255 994 marinte
2285 925 2479 996 bellua:
2506 955 2768 1011 ventrem,
2793 946 2847 1000 in
2870 963 3027 1018 quem
3053 952 3311 1021 prephcta
3340 925 3545 1023 incidit,

1953 1030 2222 1098 appellare
2270 1031 2411 1087 haud
2443 1033 2684 1090 dubitem
2717 1053 2732 1090 :
2779 1038 2886 1094 imo
2912 1041 3073 1095 etiam
3102 1042 3184 1098 his
3229 1044 3385 1116 longe
3427 1063 3548 1117 gra-

1953 1119 2179 1175 viorem.
2204 1121 2315 1177 lﬂic
2336 1124 2478 1178 enim
2499 1127 2742 1194 corporis
2767 1128 3014 1186 interitus
3041 1132 3351 1192 insidiarum
3380 1139 3548 1192 victm

1954 1209 2032 1263 ria
2061 1220 2175 1266 crat
2208 1230 2221 1266 :
2251 1212 2338 1268 hic
2363 1224 2540 1271 autem
2569 1219 2765 1273 animae
2794 1221 3036 1287 exitium,
3063 1235 3117 1279 et
3156 1243 3301 1282 mors
3345 1231 3547 1301 sempi-

1954 1313 2123 1366 terna,
2148 1313 2203 1358 ct
2227 1306 2504 1362 calamitas
2539 1311 2715 1364 omnis
2751 1313 3134 1370 consolationis
3189 1333 3398 1387 expers.
3443 1322 3551 1376 Nec

1949 1409 2079 1449 vero
2104 1393 2379 1453 dumtaxat
2408 1398 2512 1454 hoc
2540 1402 2756 1458 nomine
2781 1407 2958 1475 gravis
2987 1422 3052 1462 ac
3091 1411 3425 1479 periculosus
3463 1414 3549 1470 hic

1950 1484 2097 1541 lacus
2124 1495 2258 1555 erat,
2291 1489 2387 1544 sed
2415 1485 2576 1547 etiam
2607 1493 2726 1562 quia
2757 1503 2955 1564 praeter
2999 1499 3100 1552 vim
3141 1515 3206 1555 ac
3253 1502 3432 1558 (lotum
3464 1506 3546 1559 in-

1955 1576 2100 1644 genti
2127 1593 2340 1648 quoque
2368 1580 2592 1638 libidine
2621 1585 2812 1654 plenus
2848 1596 2980 1655 crat,
3015 1591 3292 1663 multoque
3321 1611 3386 1650 ac
3417 1598 3552 1651 mul-

1950 1667 2115 1736 tiplici
2138 1669 2280 1739 igne,
2314 1686 2419 1726 non
2449 1688 2646 1743 corpus
2674 1687 2885 1746 urente,
2919 1695 3101 1737 verum
3124 1686 3356 1741 animam
3380 1688 3548 1759 ipsam

1949 1761 2333 1824 inﬂammante.
2384 1765 2442 1821 ld
2486 1768 2627 1838 quod
2676 1771 2837 1826 etiam
2892 1773 3175 1842 Salomon,
3223 1781 3347 1849 qui,
3390 1799 3548 1850 quam

1949 1851 2311 1922 periculosum
2353 1859 2574 1914 sitcum
2615 1861 2841 1918 muliere
2881 1865 3222 1923 matrimonio
3265 1885 3387 1925 cum
3434 1875 3550 1928 viro

1952 1948 2198 2014 copulata
2222 1949 2499 2020 congredi,
2533 1952 2764 2008 maxime
2789 1966 3132 2027 perspectum
3179 1959 3430 2029 habebat,
3467 1964 3549 2020 his

1946 2038 2124 2093 verbis
2165 2049 2390 2098 testatur
2437 2062 2450 2097 :
2499 2043 2625 2112 Quis
2654 2046 2884 2118 alligabit
2927 2049 3095 2120 ignem
3126 2052 3177 2106 in
3218 2054 3331 2107 sinu
3361 2073 3473 2122 suo,
3501 2067 3551 2111 et

1946 2131 2240 2186 vestimenta
2283 2135 2392 2205 ejus
2435 2151 2538 2190 non
2582 2137 2874 2192 ardebant?
2918 2141 3030 2210 quis
3073 2143 3350 2198 ambulabit
3395 2164 3551 2218 super

1948 2237 2161 2290 prunas,
2191 2232 2239 2278 et
2267 2225 2416 2294 pedes
2442 2227 2552 2295 ejus
2581 2245 2683 2282 non
2708 2229 3109 2288 comburantur?
3151 2235 3239 2289 Sic
3268 2239 3432 2292 omnis
3458 2241 3547 2309 qui

1945 2311 2230 2381 ingreditur
2254 2315 2323 2367 ad
2349 2316 2613 2372 mulierem
2657 2321 2878 2388 proximi
2907 2323 3006 2390 sui,
3035 2341 3136 2378 non
3181 2328 3275 2380 erit
3306 2330 3543 2395 mundus,

1946 2417 2063 2455 cum
2093 2405 2307 2475 tetigerit
2337 2423 2446 2460 eam
2478 2408 2660 2480 (Prov.
2704 2411 2756 2466 6.
2786 2411 3002 2486 27—29).
3046 2417 3198 2483 Quod
3241 2429 3420 2476 autem
3451 2424 3544 2488 ait,

1946 2491 2083 2546 hanc
2132 2498 2453 2552 sententiam
2488 2500 2675 2556 habet:
2705 2501 3162 2574 Quemadmodum
3193 2511 3306 2565 fieri
3343 2516 3546 2583 nequit,

1946 2586 2114 2654 utqui
2147 2586 2198 2640 in
2233 2587 2356 2658 igne
2376 2599 2642 2658 versatur,
2676 2609 2783 2648 non
2812 2599 3128 2654 exardescat
3156 2618 3169 2654 :
3198 2603 3274 2657 sic
3306 2619 3402 2659 nec
3434 2606 3546 2661 fieri

1944 2685 2142 2744 petest,
2170 2686 2227 2732 ut
2267 2680 2356 2749 qui
2386 2684 2827 2741 consuetudinem
2871 2705 2992 2743 cum
3023 2689 3238 2754 feminis
3264 2694 3443 2765 habet,
3470 2700 3547 2752 in-

1942 2764 2190 2821 cendium
2221 2770 2362 2838 quod
2391 2771 2516 2827 hinc
2547 2776 2721 2830 oritur
2757 2777 2994 2848 effugiat.
3029 2781 3126 2837 Hic
3177 2795 3356 2842 autem
3403 2791 3542 2860 quod

1942 2858 2110 2912 multo
2140 2861 2354 2929 gravius
2385 2872 2503 2919 erat
2547 2868 2816 2923 sustinuit.
2846 2870 2962 2926 Non
2991 2875 3130 2929 enim
3164 2891 3283 2932 eam
3316 2858 3436 2949 ipse
3459 2893 3543 2936 at-

1943 2950 2079 3020 tigit,
2107 2968 2293 3008 verum
2339 2955 2407 3010 ab
2455 2972 2518 3012 ea
2557 2958 2919 3030 detinebatur,
2965 2965 3113 3020 solus
3158 2982 3186 3020 a
3234 2971 3347 3025 sola
3391 2988 3542 3028 com-

1943 3044 2237 3112 prehensus
2262 3065 2276 3102 :
2301 3048 2481 3120 idque,
2514 3066 2636 3106 cum
2675 3053 2784 3124 jam
2815 3065 2893 3111 tot
2931 3059 3319 3119 calamitatibus
3362 3069 3544 3123 confe-

1940 3145 2077 3203 ctus,
2104 3147 2180 3193 tot
2205 3139 2410 3198 insidiis
2439 3142 2672 3201 afﬂictus
2695 3159 2860 3215 esset,
2887 3165 2950 3205 ac
2980 3153 3237 3224 requietis
3262 3167 3314 3212 et
3341 3161 3544 3215 securi-

1943 3228 2064 3281 tatis
2089 3229 2379 3301 cupiditate
2412 3241 2710 3291 teneretur.

2014 3322 2101 3376 15.
2140 3323 2205 3377 Ει
2248 3332 2448 3392 tamen,
2491 3341 2614 3382 cum
2654 3329 2796 3384 inter
2826 3339 2903 3385 tot
2945 3334 3078 3388 retia
3125 3350 3448 3408 versaretur,
3477 3359 3541 3398 2c

1941 3416 2290 3486 multiplicem
2319 3418 2490 3475 feram
2518 3421 2780 3493 impetum
2820 3427 2872 3481 in
2902 3444 2960 3484 se
2988 3428 3189 3497 facere,
3223 3444 3278 3490 et
3301 3438 3444 3491 omni
3476 3455 3541 3495 ex

1940 3517 2091 3575 parte
2119 3521 2179 3564 se
2199 3509 2401 3566 laniare
2429 3514 2790 3584 conspiceret,
2822 3533 2917 3587 per
2947 3528 3166 3590 tactum,
3199 3541 3298 3596 per
3331 3544 3539 3598 vocem,

1939 3613 2037 3668 per
2056 3599 2263 3668 oculos,
2292 3617 2388 3671 per
2413 3601 2596 3658 fucum
2635 3613 2691 3660 et
2727 3608 3022 3677 pigmenta,
3053 3628 3149 3682 per
3175 3630 3337 3672 aurea
3379 3634 3541 3674 orna-

1941 3700 2142 3757 menta,
2171 3706 2268 3760 per
2295 3704 2588 3764 unguenta,
2616 3711 2712 3766 per
2743 3699 3073 3766 indumenta,
3100 3720 3194 3773 per
3220 3724 3418 3778 mores,
3448 3729 3538 3782 per

1943 3782 2127 3849 verba,
2167 3799 2265 3853 per
2291 3787 2548 3842 mundum
2582 3790 2896 3848 muliebrem
2939 3810 3097 3865 quem
3137 3801 3401 3869 gestabat,
3447 3822 3538 3873 per

1940 3870 2285 3930 solitudinem
2318 3891 2437 3946 quae
2467 3879 2519 3933 id
2559 3879 2818 3937 aﬂ‘erebat
2859 3895 2920 3939 ut
2968 3903 3127 3942 nemo
3158 3891 3207 3944 id
3237 3893 3378 3949 scire
3418 3870 3543 3964 pos-

1940 3974 2041 4032 set,
2069 3980 2165 4034 per
2190 3982 2340 4038 epes,
2371 3984 2468 4039 per
2492 3973 2785 4040 potentiam
2811 3991 2827 4041 ;
2856 3991 2918 4031 ac
2968 3990 3164 4048 praeter
3206 3998 3269 4038 ea
3315 3986 3448 4057 ipsa,
3483 4000 3541 4043 nt

1940 4057 2184 4125 superius
2212 4072 2243 4112 a
2277 4075 2365 4115 me
2390 4060 2591 4117 dictum
2616 4073 2716 4130 est,
2751 4074 2986 4136 aetatem,
3020 4081 3282 4140 naturam,
3306 4079 3539 4132 servitu-

1941 4157 2069 4211 tem.
2098 4159 2259 4222 atque
2280 4152 2332 4207 in
2363 4153 2536 4209 aliena
2563 4157 2781 4227 regione
2807 4165 3307 4235 commorationem,
3339 4171 3416 4224 rei
3446 4187 3539 4242 ge-

1940 4241 2120 4297 renda:
2146 4244 2322 4300 socias
2347 4244 2567 4302 haberet
2601 4266 2614 4302 :
2652 4264 2868 4306 omnem
2897 4253 3041 4309 illam
3072 4253 3339 4314 ﬂammam
3372 4241 3535 4334 supe-

1939 4332 2094 4386 ravit.
2129 4332 2242 4404 Ego
2267 4351 2396 4391 vero
2422 4335 2562 4392 hanc
2593 4340 2943 4398 tentationem
2972 4353 3025 4398 et
3055 4345 3279 4404 fratrum
3307 4332 3532 4419 invidia,

1939 4433 1993 4479 et
2022 4420 2444 4498 prepinquorum
2469 4429 2617 4497 odio,
2647 4439 2702 4487 et
2742 4433 3064 4504 venditione,
3095 4449 3150 4494 et
3185 4440 3535 4500 barbarorum
3629 4472 3632 4473 ν

1939 4516 2241 4586 dominatu,
2270 4530 2324 4575 et
2369 4522 2528 4592 longa
2559 4526 3013 4595 percgrinatione,
3046 4538 3101 4584 et
3138 4531 3191 4585 in
3235 4534 3405 4587 aliena
3453 4553 3540 4592 re-

1937 4609 2096 4680 gione
2115 4613 2558 4680 commoratione,
2579 4624 2632 4668 et
2652 4630 2890 4686 carcere,
2909 4627 2962 4673 et
2985 4628 3190 4686 catena,
3210 4633 3262 4677 et
3283 4625 3536 4683 diuturno

1939 4710 2201 4774 tempore,
2232 4713 2289 4760 et
2324 4705 2574 4761 omnibus
2603 4709 2875 4774 aerumnis,
2905 4711 3099 4780 quibus
3128 4714 3235 4771 illic
3261 4718 3538 4776 conﬂicta-

1941 4805 2024 4850 tus
2054 4803 2157 4864 est,
2181 4797 2350 4851 multo
2379 4798 2680 4868 graviorem
2712 4814 2832 4854 esse
2851 4803 3112 4859 confirmo
3136 4822 3150 4859 :
3180 4808 3442 4878 siquidem
3469 4815 3538 4870 de

1939 4890 2194 4942 extremis
2239 4889 2532 4958 periculum
2574 4891 2674 4960 ipsi
2717 4893 3019 4948 creabatur.
3054 4896 3406 4970 Posteaquam
3437 4921 3536 4960 au-

1941 4989 2048 5036 tem
2090 4981 2192 5036 hoc
2236 4997 2448 5053 quoque
2492 4983 2690 5040 bellum
2733 4985 2973 5056 eﬂ‘ugit‘,
3018 4999 3178 5062 atque
3226 4995 3312 5051 hic
3347 5000 3533 5068 etiam,

1940 5083 2051 5130 tum
2106 5075 2201 5130 Dei
2252 5077 2442 5147 gratia,
2489 5087 2599 5132 tum
2647 5078 2863 5148 juvenis
2894 5081 3108 5150 virtute,
3151 5085 3238 5144 hic
3291 5091 3536 5148 roscidus

1939 5167 2157 5236 spiritus
2183 5168 2412 5237 perﬂans
2433 5167 2570 5224 fuit:
2602 5178 2744 5225 tanta
2779 5173 2924 5227 enim
2955 5173 3007 5228 in
3035 5191 3100 5230 eo
3133 5181 3535 5250 tranquillitatis

1941 5260 2105 5314 animi
2133 5269 2186 5315 et
2209 5259 2476 5330 pudicitia:
2497 5261 2649 5330 copia
2680 5272 2816 5331 erat,
2847 5275 2904 5318 ut
2929 5265 3090 5321 etiam
3131 5269 3272 5325 illius
3295 5271 3530 5330 furorem

1941 5354 2295 5422 comprimere
2333 5360 2388 5408 et
2434 5353 2777 5425 exstinguere
2819 5357 3116 5424 studuerit;
3163 5371 3530 5434 posteaquam,

1941 5444 2180 5514 inquam,
2211 5445 2324 5514 ipse
2367 5444 2597 5501 intactus
2637 5447 2898 5517 excessit,
2929 5465 3034 5504 non
3089 5466 3244 5507 secus
3287 5455 3535 5512 videlicet

1941 5545 2100 5605 atque
2127 5535 2496 5592 adolescentes
2543 5537 2620 5592 illi
2661 5540 2752 5609 qui
2803 5540 3070 5598 Persicam
3100 5543 3366 5601 ﬂammam
3393 5550 3531 5604 cﬂ‘u-

1940 5637 2134 5697 gerunt
2163 5626 2379 5698 (Neque
2426 5630 2598 5694 enim,
2629 5631 2819 5702 inquit,
2861 5633 2992 5704 ignis
3033 5635 3161 5689 odor
3202 5638 3254 5691 in
3284 5639 3385 5694 illis
3426 5653 3533 5696 erat

1931 5770 1936 5773 ·
1979 5764 2022 5837 ,ξ
2058 5769 2193 5837 unus
2206 5769 2310 5837 alta,
2351 5768 2681 5837 posteaquam
2707 5772 2870 5837 autem
2914 5768 3001 5818 hoc
3033 5783 3220 5836 thque
3257 5773 3530 5837 periculum

1944 5823 2125 5889 cffugit,
2149 5829 2193 5874 et
2211 5824 2321 5875 huic
2347 5825 2467 5878 bello
2489 5823 2542 5877 se
2559 5826 2807 5880 subduxit.

3115 5918 3188 5977 13
