3906 6380
382 363 486 416 587

381 477 540 548 [θαη.
563 477 612 531 3.
644 473 734 530 28.
760 472 822 528 In
846 473 979 544 vulg.
1005 469 1093 544 9i]
1122 469 1163 542 ),
1189 480 1516 540 magnusque
1540 463 1801 520 castitatis
1827 459 1972 532 pugil

379 568 621 635 emicuit,
655 577 815 637 atque
844 564 1182 619 adamantem
1219 560 1458 614 imitatus
1482 566 1602 613 est:
1634 554 1763 627 quid
1793 553 1973 608 statim

379 663 452 717 sit
479 669 865 730 consequutus,
897 666 949 712 et
976 669 1222 727 quamam
1255 651 1475 724 prtemia
1516 649 1773 704 victorem
1810 659 1972 701 exce-

379 757 575 827 perint,
616 753 913 808 videamus.
960 748 1170 804 insidiae
1219 762 1456 813 rursum,
1497 752 1552 800 et
1589 741 1889 812 voragines,
1920 745 1976 793 et

379 867 543 914 mors,
577 859 631 905 et
659 849 914 919 pericula,
947 855 1002 901 et
1021 843 1325 909 calumniae,
1350 850 1401 896 et
1429 839 1613 894 odium
1641 838 1881 905 iniquum
1909 846 1974 888 ac

376 942 650 1000 stolidum.
685 941 876 996 Misera
909 939 1052 994 enim
1083 937 1175 992 illa
1214 935 1411 990 mulier
1434 931 1588 1004 gravi
1619 929 1796 985 furore
1825 938 1974 980 amo-

376 1050 489 1091 rem
519 1034 742 1098 solatur,
779 1031 1140 1099 all‘ectumque
1165 1024 1374 1082 al'l'cctui
1405 1021 1642 1094 copulat,
1675 1027 1836 1089 atque
1875 1017 1975 1070 im-

377 1126 583 1197 pudicae
613 1121 892 1194 cupiditati
931 1120 1249 1174 sceleratam
1282 1117 1415 1170 iram
1461 1111 1720 1182 adjungit,
1755 1119 1809 1163 et
1852 1112 1975 1177 post

372 1216 697 1272 adulterium
730 1212 973 1270 carnifex
1003 1209 1253 1265 eflicitur.
1287 1208 1460 1276 Atque
1489 1205 1758 1274 ingentem
1786 1198 1972 1254 ferita-

378 1319 487 1364 tem
534 1308 768 1378 spirans,
801 1301 1160 1375 sanguiuariis
1185 1297 1357 1354 oculis
1385 1294 1701 1365 respiciens,
1743 1286 1972 1346 tribunal

373 1399 675 1464 constituit,
718 1403 1141 1466 corruptumque
1183 1389 1417 1462 judicem
1457 1387 1702 1449 collocat,
1750 1381 1853 1436 hoc
1890 1385 1974 1435 est

376 1491 522 1546 illius
570 1490 781 1555 herum,
830 1487 1005 1541 virum
1045 1500 1225 1550 suum,
1267 1481 1576 1545 barbarum,
1621 1475 1969 1546 Egyptium;

373 1582 686 1650 crimenque
712 1578 828 1634 sine
871 1586 1008 1632 teste
1038 1574 1258 1630 inducit.
1289 1574 1365 1626 Ac
1401 1585 1468 1625 ne
1498 1566 1732 1624 tribunal
1756 1562 1970 1635 quidem

374 1671 705 1742 ingrediendi
738 1675 1056 1740 potestatem
1081 1681 1174 1721 reo
1212 1663 1357 1729 facit,
1381 1675 1565 1716 verum
1593 1672 1787 1715 secure
1813 1670 1974 1711 accu-

373 1763 512 1828 sat‘,
545 1761 740 1832 judicis
768 1760 1018 1814 nimirum
1063 1755 1288 1812 stultitia
1333 1762 1388 1809 et
1428 1750 1826 1816 benevolentia,
1873 1760 1974 1802 suo

372 1856 521 1925 quasi
555 1853 658 1909 lidc
686 1853 848 1924 digno
888 1850 1214 1915 testimonio,
1243 1863 1306 1903 ac
1349 1846 1582 1917 denique
1621 1845 1738 1915 ejus
1767 1841 1856 1912 qui
1885 1854 1970 1896 ac-

373 1947 658 2001 cusabatur
686 1945 944 2016 servitute
973 1943 1107 1998 freta
1138 1960 1152 1998 :
1181 1956 1243 1997 ac
1269 1956 1382 1996 rem
1412 1947 1597 1995 contra
1627 1953 1785 2008 quam
1821 1945 1969 2005 gesta

373 2037 548 2093 fuerat
587 2053 812 2093 narrans
836 2036 1070 2107 judicem
1116 2034 1411 2105 superavit,
1454 2045 1686 2101 eumque
1727 2027 1968 2092 adduxit,

373 2137 431 2184 ut
477 2129 770 2185 secundum
813 2143 872 2183 se
915 2126 1200 2200 judicaret,
1247 2125 1621 2193 insontemque
1667 2119 1967 2183 damnaret,

376 2224 531 2294 eique
558 2222 930 2294 gravissimam
964 2234 1179 2290 poenam
1211 2219 1526 2288 imponeret,
1554 2229 1618 2269 ac
1645 2213 1824 2268 statim
1853 2225 1974 2265 caro

372 2332 484 2381 cer,
535 2325 591 2370 et
636 2313 910 2380 abductio,
953 2321 1009 2367 ct
1037 2311 1270 2365 vincula.
1315 2311 1392 2364 Ac
1433 2322 1503 2363 ne
1546 2305 1727 2376 judice
1755 2303 1968 2374 quidem

370 2408 488 2462 viso
534 2405 993 2461 coudemnabatur
1019 2401 1250 2458 eximius
1279 2399 1368 2456 ille
1411 2399 1514 2454 vir.
1555 2397 1642 2464 Et,
1674 2393 1816 2466 quod
1846 2408 1969 2465 gra-

370 2501 487 2555 vius
514 2509 616 2566 est,
652 2507 712 2553 ut
753 2497 965 2552 adulter
1003 2492 1481 2561 cundemnabatur,
1523 2499 1582 2547 ut
1618 2489 1806 2546 herilis
1848 2485 1970 2542 lecti

371 2592 662 2663 appetitor,
716 2598 774 2644 ut
793 2590 952 2646 alieni
982 2587 1308 2644 matrimonii
1335 2585 1584 2651 violator,
1612 2591 1671 2638 ut
1693 2582 1970 2638 convictus

371 2693 426 2738 et
455 2682 849 2753 deprehensus.
875 2680 1008 2736 Nam
1047 2687 1102 2735 et
1125 2677 1310 2749 judex,
1344 2685 1398 2733 et
1436 2674 1758 2742 accusatrix,
1784 2688 1848 2728 ac
1871 2671 1970 2728 de-

370 2774 532 2845 nique
562 2788 720 2844 paena
748 2788 868 2844 quae
897 2771 1346 2841 subsequebatur,
1377 2766 1519 2839 apud
1559 2767 1756 2823 multos
1791 2780 1854 2820 ac
1876 2779 1968 2820 ve-

369 2866 543 2920 ritatis
585 2866 797 2936 ignaros
824 2865 926 2918 hoc
953 2863 1276 2926 efﬁciebant,
1309 2869 1368 2916 ut
1396 2859 1572 2916 fabula
1614 2858 1774 2914 ﬁdem
1821 2858 1971 2913 inve-

367 2959 528 3014 niret.
558 2959 625 3011 At
651 2957 782 3011 nihil
815 2956 1006 3010 horum
1037 2954 1275 3009 animum
1302 2951 1445 3006 illius
1479 2948 1842 3015 conturbavit,
1866 2962 1968 3004 nec

368 3047 502 3103 dixit
536 3066 548 3102 :
585 3046 832 3102 Haeccine
858 3045 1189 3101 somniorum
1222 3040 1591 3098 remuneratio
1617 3039 1735 3094 est?
1760 3037 1970 3094 hiccine

369 3140 602 3195 visorum
629 3139 843 3193 illorum
864 3137 1122 3193 eventus?
1149 3135 1387 3190 haeccine
1412 3131 1684 3203 pudicitiae
1707 3129 1968 3200 praamia‘l

368 3231 618 3300 Praeceps
642 3244 705 3283 ac
745 3227 995 3283 stolidum
1034 3226 1320 3297 judicium,
1353 3225 1533 3294 iniqua
1574 3222 1860 3287 sententia,
1888 3231 1970 3275 at-

370 3337 476 3392 que
507 3321 750 3391 improba
787 3333 1000 3374 rursum
1030 3316 1373 3373 existimatio.
1403 3313 1696 3385 Tamquam
1735 3313 1968 3368 amasius

367 3415 530 3469 domo
571 3412 742 3483 patria
783 3426 954 3482 nuper
995 3410 1199 3481 ejectus
1241 3423 1396 3463 sum:
1435 3415 1708 3476 tamquam
1755 3404 1969 3460 adulter

364 3514 422 3561 et
481 3503 757 3559 muliebris
805 3502 1074 3573 pudicitiae
1116 3500 1348 3556 violator
1393 3499 1445 3554 in
1489 3511 1764 3553 carcerem
1824 3509 1968 3551 nunc

363 3599 558 3664 ducor,
590 3606 749 3666 atque
793 3610 983 3651 omnes
1027 3593 1095 3649 de
1139 3609 1224 3648 me
1267 3592 1588 3647 sententiam
1637 3589 1840 3646 ferunt.
1888 3590 1966 3644 Ac

363 3688 560 3744 fratres
587 3688 826 3758 quidem,
850 3701 879 3740 a
903 3686 1095 3756 quibus
1125 3683 1431 3739 adorandus
1457 3697 1604 3738 eram
1651 3681 1793 3752 (hoc
1819 3679 1963 3736 enim

362 3780 571 3835 somnia
607 3777 1020 3847 ostendebant),
1063 3777 1116 3832 in
1166 3775 1412 3831 libertate
1452 3783 1506 3830 et
1549 3772 1860 3839 securitate,
1901 3787 1966 3828 ac

362 3871 595 3938 deliciis,
620 3883 781 3942 atque
819 3870 875 3924 in
904 3869 1072 3940 patria
1105 3877 1157 3924 et
1187 3876 1410 3938 paterna
1440 3866 1603 3921 domo
1641 3873 1768 3920 sunt
1799 3883 1814 3918 :
1864 3879 1966 3936 ego

362 3974 564 4031 autem,
589 3963 642 4017 in
673 3965 828 4034 cujus
856 3962 1087 4032 imperio
1105 3975 1168 4016 ac
1191 3969 1455 4030 potestate
1484 3958 1562 4013 illi
1592 3957 1756 4013 futuri
1784 3965 1960 4024 erant,

362 4071 482 4111 cum
529 4055 897 4125 sepulcrorum
960 4052 1353 4120 ell'ossoribus,
1407 4067 1529 4108 cum
1595 4050 1963 4122 praedonibus,

361 4164 484 4203 cum
514 4146 722 4203 furibus
752 4147 840 4202 hic
863 4147 1074 4201 vinetus
1097 4155 1317 4211 teneor;
1343 4159 1406 4199 ac
1433 4158 1500 4199 ne
1531 4144 1720 4215 patriis
1744 4143 1962 4212 quidem

364 4239 586 4295 sedibus
622 4240 955 4303 exturbatus,
986 4236 1304 4291 tumultibus
1347 4235 1685 4306 negotiisque
1725 4234 1958 4289 liberer:

362 4346 550 4387 verum
580 4329 743 4386 etiam
773 4330 829 4385 in
853 4338 1044 4384 extera
1066 4328 1287 4400 regione
1310 4327 1562 4383 barathra
1607 4341 1707 4383 nos
1745 4343 1961 4383 rursum

361 4440 425 4482 ac
474 4425 728 4496 prmacuti
777 4437 1062 4479 mucrones
1103 4422 1397 4492 excipiunt.
1442 4421 1686 4493 Cumque
1729 4436 1790 4477 ea
1840 4436 1960 4492 qua:

361 4517 488 4572 talia
515 4515 838 4587 designavit,
861 4513 1295 4583 calumniamque
1325 4513 1540 4580 struxit,
1571 4521 1734 4584 atque
1763 4513 1962 4568 utrius-

363 4626 468 4682 que
497 4609 716 4666 sceleris
765 4607 984 4664 nomine
1009 4606 1328 4678 supplicium
1353 4614 1652 4662 extremum
1700 4616 1962 4672 meretur,

362 4701 560 4756 choros
580 4716 722 4757 nunc
752 4709 874 4772 agat
899 4708 954 4756 et
980 4700 1236 4767 exsultet,
1258 4713 1321 4754 ac
1350 4699 1497 4754 velut
1524 4699 1740 4768 tropaeis
1769 4707 1958 4755 ornata

361 4795 710 4863 victoriaeque
738 4794 904 4864 signis
930 4812 944 4849 :
971 4808 1071 4865 ego
1099 4801 1311 4858 contra,
1337 4794 1427 4863 qui
1457 4793 1589 4847 nihil
1616 4794 1836 4849 sceleris
1865 4792 1960 4848 ad-

360 4885 506 4952 misi,
536 4884 905 4954 gravissimam
946 4900 1157 4955 pmnam
1200 4883 1400 4955 pendo.
1447 4882 1591 4938 Nihil
1641 4883 1831 4938 horum
1870 4883 1959 4938 ille

360 4983 453 5030 aut
487 4975 737 5044 loquutus
769 4982 872 5042 est,
901 4984 990 5028 aut
1015 4985 1195 5030 mente
1221 4974 1473 5044 agitavit:
1498 4982 1786 5041 verum,ut
1813 4973 1959 5045 pugil

362 5081 458 5136 per
478 5079 706 5121 coronas
730 5066 999 5134 gradiens,
1019 5066 1096 5121 sic
1125 5067 1239 5138 ipse
1263 5067 1388 5122 lazto
1415 5077 1575 5138 atque
1601 5065 1756 5122 hilari
1777 5068 1957 5121 animo

360 5167 497 5225 erat,
529 5165 692 5227 atque
717 5157 789 5211 ita
816 5167 1146 5228 comparato,
1177 5166 1234 5213 ut
1263 5158 1605 5229 iniuriarum,
1627 5173 1760 5228 quas
1790 5174 1820 5213 a
1850 5157 1958 5212 fra-

359 5251 530 5307 tribus
576 5258 626 5304 et
656 5247 724 5304 ab
749 5247 990 5304 adultera
1037 5260 1339 5321 acceperat,
1386 5251 1701 5306 memoriam
1754 5251 1960 5305 nullam

359 5345 637 5399 retineret.
669 5339 818 5398 Unde
845 5351 1022 5397 autem
1044 5341 1096 5397 id
1124 5343 1379 5398 constat?
1419 5342 1498 5398 Ex
1529 5343 1594 5397 iis
1621 5357 1815 5413 nempe
1836 5357 1958 5397 ver-

361 5437 443 5492 bis
467 5451 587 5508 quae
619 5436 734 5507 ipse
756 5434 824 5490 ad
865 5435 1095 5508 aliquem
1127 5450 1339 5504 eorum,
1369 5437 1458 5507 qui
1492 5436 1603 5492 illic
1631 5437 1686 5490 in
1729 5437 1956 5492 vinculis

375 5538 554 5594 erant,
578 5529 790 5583 habuit.
818 5526 1056 5582 Tantum
1077 5529 1220 5585 enim
1242 5529 1310 5580 ab
1333 5542 1398 5582 eo
1414 5528 1625 5592 aberat,
1647 5533 1705 5579 ut
1724 5537 1958 5579 «maerore

374 5630 688 5690 caperetur,
721 5631 781 5675 ut
805 5621 929 5675 aliis
954 5623 1120 5676 etiam
1148 5621 1442 5676 moestitias
1467 5621 1794 5675 discuteret.
1822 5616 1956 5672 Nam

376 5723 502 5764 cum
543 5711 656 5766 illic
687 5711 958 5781 quosdam
988 5712 1346 5782 perturbatos
1367 5727 1433 5768 ac
1465 5725 1704 5770 mturare
1731 5709 1965 5767 allectos

438 5821 459 5840 ’⁵
480 5821 595 5872 Duo
625 5821 759 5884 Mss,
779 5821 1019 5878 absentem
1041 5831 1248 5876 accusat.

1099 355 1154 414 S.
1195 351 1475 413 JOANNIS
1512 343 1989 410 CllRYSOSTOill
2029 343 2344 402 ARClllEP.
2373 346 2914 408 CONSTANTINOP.

3579 345 3684 398 588

2083 459 2320 527 vidisset,
2353 463 2419 517 ad
2450 478 2544 519 eos
2569 465 2770 524 statim.
2795 473 2850 519 ut
2879 453 3097 521 causam
3129 467 3468 542 intelligeret,
3494 487 3678 530 acces-

2078 555 2166 611 sit.
2197 555 2437 627 Cumque
2464 557 2768 628 hujusmodi
2811 560 3269 629 perturbationem
3297 580 3327 618 a
3357 565 3680 635 quibusdam

2077 649 2301 704 somniis
2333 649 2623 720 profectam
2655 665 2776 707 esse
2804 655 3162 724 cognovisset,
3193 660 3400 714 somnia
3448 661 3537 716 illa
3568 666 3680 718 sol-

2077 740 2170 793 vit.
2217 740 2294 794 Ac
2333 748 2518 809 postea
2567 756 2686 796 cum
2738 758 2846 798 uno
2889 759 3080 800 eorum
3124 762 3310 818 agens,
3341 761 3399 805 ut
3439 768 3540 822 pro
3581 771 3682 811 sua

2079 830 2392 887 liberatione
2419 832 2581 888 verba
2623 833 2690 888 ad
2718 849 2899 905 regem
2930 835 3131 893 faceret
3163 856 3178 894 :
3219 856 3342 896 nam
3379 845 3480 898 etsi
3524 844 3679 902 fortis

2077 932 2236 995 atque
2266 924 2612 982 admirandus
2635 927 2717 982 vir
2740 937 2873 994 erat,
2905 940 2960 985 at
2987 931 3148 988 homo
3191 941 3370 990 tamen
3413 949 3553 1005 erat,
3578 955 3679 996 nec

2079 1017 2132 1072 in
2171 1021 2374 1077 catenis
2404 1021 2509 1076 illis
2547 1023 2930 1081 contabesccre
2973 1028 3255 1098 cupiebat;
3304 1045 3427 1086 cum
3477 1047 3566 1099 eo,
3597 1034 3680 1088 in.

2077 1124 2261 1180 quam,
2286 1125 2471 1181 agens,
2497 1121 2554 1166 ut
2577 1115 2657 1168 sui
2685 1113 2826 1184 apud
2855 1131 3035 1187 regem
3067 1132 3274 1173 memor
3299 1129 3461 1186 esset,
3494 1123 3674 1192 eique,

2077 1209 2135 1254 ut
2159 1215 2218 1255 se
2265 1217 2296 1257 e
2340 1203 2567 1258 vinculis
2611 1206 2902 1274 emitteret,
2955 1209 3323 1281 persuaderet,
3352 1224 3678 1286 conctusque

2076 1303 2294 1347 causam
2326 1309 2648 1362 memorare,
2676 1297 2747 1353 ob
2785 1314 2944 1370 quam
2988 1301 3041 1357 in
3085 1318 3356 1360 carcerem
3387 1309 3669 1379 conjectus

2077 1385 2287 1453 fuerat;
2329 1405 2437 1460 quo
2489 1390 2737 1448 videlicet
2787 1395 2832 1448 is
2875 1395 2965 1466 qui
3018 1412 3116 1468 pro
3169 1414 3228 1454 se
3271 1399 3673 1470 deprecaretur,

2075 1480 2373 1551 speciosam
2420 1484 2654 1554 suscepti
2701 1485 2783 1539 sui
2833 1489 3113 1556 patrocinii
3155 1505 3370 1546 causam
3417 1493 3674 1551 haberet:

2077 1573 2274 1629 nullius
2300 1589 2507 1637 eorum,
2536 1590 2565 1630 a
2589 1578 2780 1648 quibus
2808 1579 2967 1636 lzesus
3007 1580 3200 1650 fuerat,
3233 1587 3565 1643 mentionem
3595 1588 3674 1644 fe-

2075 1665 2151 1720 cit
2178 1683 2191 1720 :
2225 1680 2411 1720 verum
2437 1683 2558 1722 cum
2597 1684 2656 1724 se
2695 1670 3009 1728 criminibus
3037 1673 3338 1740 liberasset,
3365 1676 3449 1732 his
3478 1679 3676 1735 ﬁnibus

2075 1771 2136 1812 se
2179 1759 2368 1824 tenuit,
2405 1774 2504 1814 nec
2530 1775 2644 1822 eos.
2668 1776 2698 1814 a
2740 1761 2934 1833 quibus
2960 1764 3206 1835 injuriam
3237 1780 3543 1840 acceperat,
3576 1771 3674 1825 ad-

2071 1851 2267 1921 junxit.
2297 1850 2410 1922 Ego
2437 1854 2602 1920 enim,
2635 1855 2821 1926 inquit,
2855 1858 3031 1928 furtim
3059 1860 3286 1915 sublatus
3315 1878 3428 1916 sum
3457 1864 3519 1916 de
3542 1874 3677 1917 terra

2078 1941 2434 2011 Hebrworum,
2467 1955 2513 2000 et
2544 1947 2625 2000 hic
2665 1948 2806 2002 nullo
2854 1949 3041 2004 scelere
3086 1963 3372 2024 perpetrato
3409 1959 3465 2009 in
3508 1958 3675 2010 lacum

2075 2037 2292 2109 injectus
2337 2055 2448 2092 sum
2479 2039 2632 2111 (Gen.
2662 2039 2751 2096 40.
2787 2042 2899 2112 15).
2949 2043 3152 2114 Ecquid
3196 2056 3373 2102 autem
3423 2057 3568 2104 taces
3609 2051 3677 2107 de

2076 2127 2381 2194 meretrice,
2413 2128 2481 2184 de
2510 2129 2778 2198 adultera,
2809 2131 2877 2187 de
2905 2131 3214 2201 fratricidio,
3247 2137 3316 2193 de
3351 2139 3578 2207 invidia,
3607 2141 3677 2198 de

2076 2221 2404 2289 venditione,
2435 2222 2504 2279 de
2533 2223 2677 2279 herae
2723 2226 2926 2295 furore,
2960 2227 3028 2283 de
3079 2230 3302 2300 impetu,
3334 2233 3402 2288 de
3433 2234 3675 2303 libidine,

2073 2319 2141 2376 de
2166 2319 2394 2390 laqueis,
2416 2318 2484 2374 de
2528 2319 2812 2385 machinis,
2837 2319 2905 2375 de
2948 2323 3233 2388 calumnia,
3264 2325 3335 2380 de
3377 2326 3564 2398 iniquo
3589 2331 3678 2398 ju-

2075 2411 2238 2479 dicio,
2267 2410 2338 2466 de
2375 2421 2630 2482 corrupto
2664 2411 2868 2482 judice,
2905 2412 2974 2469 de
3019 2413 3219 2470 nefaria
3275 2420 3561 2485 sententia,
3607 2420 3674 2476 de

2074 2503 2524 2560 condemnatione
2569 2504 2639 2559 ab
2662 2505 2813 2560 omni
2840 2505 3046 2562 ratione
3073 2507 3288 2563 aliena?
3329 2511 3520 2580 ecquid
3561 2511 3674 2567 haec

2073 2598 2199 2655 siles
2228 2607 2283 2654 et
2307 2598 2588 2654 occultas?
2629 2599 2912 2667 Quoniam,
2959 2598 3151 2671 inquit,
3197 2602 3513 2670 iniuriarum
3557 2619 3672 2658 me-

2074 2691 2299 2746 moriam
2327 2690 2566 2746 retinere
2590 2689 2807 2751 nescio;
2839 2691 2964 2761 quia
2995 2692 3112 2747 haec
3142 2691 3274 2747 mihi
3303 2707 3521 2749 corona:
3549 2704 3673 2750 sunt

2072 2794 2127 2840 et
2151 2786 2392 2855 praemia,
2423 2783 2748 2855 maiorisque
2774 2784 2904 2840 lucri
2936 2785 3167 2842 occasio.

2147 2879 2235 2935 M.
2269 2876 2430 2933 Vides
2456 2877 2692 2932 animum
2719 2877 3188 2949 philosophicum?
3216 2879 3363 2936 vides
3390 2896 3581 2950 purum
3608 2882 3672 2938 ab

2074 2971 2179 3038 ira,
2233 2985 2296 3026 ac
2319 2969 2478 3025 rebus
2526 2969 2766 3025 adversis
2809 2979 2971 3041 atque
3013 2971 3218 3027 retibus
3259 2972 3671 3028 sublimiorem?

2071 3063 2222 3120 vides
2261 3077 2448 3118 eorum
2493 3065 2698 3133 potius,
2747 3080 2776 3118 a
2823 3063 3014 3134 quibus
3063 3064 3225 3120 laesus
3263 3064 3470 3133 fuerat,
3502 3067 3672 3122 vicem

2071 3154 2344 3211 dolentem
2367 3197 2380 3222 ,
2404 3169 2563 3225 quam
2591 3154 2903 3225 injuriarum
2934 3157 3275 3211 memorem?
3301 3155 3434 3212 Nam
3467 3174 3538 3214 ne
3562 3157 3670 3213 fra-

2073 3257 2210 3318 tres,
2241 3257 2332 3305 aut
2359 3249 2665 3304 carniﬁcem
2693 3249 2837 3303 illam
2869 3249 2923 3304 in
2950 3249 3183 3305 medium
3206 3251 3502 3321 proferret,
3530 3251 3666 3306 Fur-

2073 3342 2162 3396 tim
2189 3383 2206 3409 ,
2249 3341 2451 3412 inquit,
2481 3340 2709 3396 sublatus
2731 3358 2845 3396 sum
2874 3341 2940 3395 de
2963 3352 3096 3395 terra
3120 3341 3453 3397 Hebraeorum
3470 3385 3487 3409 ,
3513 3354 3564 3398 et
3590 3345 3668 3398 hic

2071 3435 2200 3488 nihil
2235 3434 2439 3489 sceleris
2474 3433 2776 3504 perpetravi.
2804 3432 2915 3488 Nec
2946 3449 3172 3505 usquam
3203 3449 3444 3505 persona:
3476 3437 3668 3491 memi—

2070 3525 2185 3592 nit,
2232 3539 2331 3580 nee
2379 3525 2558 3590 lacus,
2605 3539 2706 3580 nec
2747 3522 3172 3594 lsmaelitarum,
3216 3541 3316 3581 nec
3353 3527 3670 3598 cujusquam

2069 3616 2288 3672 alterius
2314 3617 2410 3671 rei.
2439 3615 2510 3670 Et
2536 3626 2712 3670 tamen
2741 3625 2926 3686 postea
2953 3632 3060 3672 non
3089 3617 3322 3688 vulgaris
3346 3634 3469 3673 eum
3500 3629 3666 3675 tenta-

2072 3710 2148 3765 tio
2192 3709 2421 3779 excepit.
2468 3708 2516 3763 ls
2543 3709 2685 3764 enim
2711 3709 2800 3780 qui
2829 3717 3027 3763 tantam
3057 3708 3125 3764 ab
3155 3725 3219 3765 eo
3245 3710 3670 3767 consolationem

2069 3810 2368 3872 acceperat,
2399 3808 2558 3872 atque
2581 3801 2732 3871 juxta
2763 3802 2928 3873 ipsius
2954 3803 3263 3858 vaticinium
3287 3805 3514 3859 vinculis
3537 3805 3665 3860 libe-

2068 3902 2244 3961 ratus,
2277 3904 2331 3950 et
2361 3895 2411 3948 in
2439 3894 2722 3964 pristinum
2753 3894 2975 3950 honoris
2999 3896 3220 3966 gradum
3254 3897 3534 3954 restitutus
3556 3897 3668 3954 fue-

2068 3996 2184 4052 rat,
2213 3996 2268 4042 et
2288 3986 2536 4042 beneﬁcii
2558 3997 2609 4042 et
2631 3986 2952 4057 precationis
2972 3988 3213 4057 virijusti
3237 3991 3551 4044 memoriam
3573 3990 3666 4044 ab—

2062 4079 2213 4150 jecit.
2259 4079 2337 4132 Ac
2380 4077 2610 4133 famulus
2646 4078 2861 4148 quidem
2906 4080 2958 4134 in
3001 4083 3144 4149 regia
3175 4081 3296 4135 aula
3327 4080 3669 4152 eratingenti

2066 4169 2325 4225 felicitate
2348 4168 2530 4225 fruens
2563 4187 2575 4223 :
2606 4168 2652 4225 is
2678 4179 2855 4225 autem
2877 4171 2968 4241 qui
2992 4171 3160 4226 solem
3188 4172 3475 4242 splendore
3504 4187 3662 4242 supe-

2067 4262 2251 4328 rabat,
2297 4270 2456 4330 atque
2494 4259 2628 4315 adeo
2668 4261 2844 4316 claros
2883 4277 2946 4316 ac
2984 4262 3216 4318 nitentes
3240 4263 3456 4319 virtutis
3489 4265 3666 4319 radius

2065 4353 2382 4420 emittebat,
2416 4369 2695 4409 carcerem
2717 4353 2892 4410 adhuc
2917 4352 3221 4420 habitabat,
3252 4371 3354 4410 nec
3379 4357 3666 4426 quisquam

2065 4454 2182 4502 erat
2207 4445 2296 4517 qui
2317 4446 2384 4501 de
2413 4459 2481 4502 eo
2503 4460 2684 4516 regem
2711 4446 3220 4502 commonefaceret.
3246 4448 3519 4518 Siquidem
3545 4450 3662 4519 plu-

2065 4554 2154 4595 res
2178 4538 2351 4595 adhuc
2379 4539 2479 4610 ipsi
2501 4553 2734 4594 coronas
2757 4539 2862 4594 texi
2885 4580 2898 4603 ,
2924 4539 3264 4609 majoresque
3291 4541 3497 4609 palmas
3514 4555 3665 4594 com-

2064 4633 2244 4705 parari
2296 4631 2599 4703 oportebat.
2653 4633 2732 4688 Ac
2781 4639 3066 4702 propterea
3116 4633 3356 4703 longiora
3407 4647 3662 4687 cut-suum

2064 4726 2237 4798 spatia
2279 4733 2388 4780 lum
2435 4725 2732 4796 ﬁgebantur
2759 4743 2774 4780 :
2803 4725 2913 4780 Deo
2947 4725 3204 4780 nimirum
3223 4735 3516 4780 scammata
3546 4725 3661 4796 qui-

2062 4819 2185 4874 dem
2232 4834 2451 4874 manere
2499 4819 2709 4874 sinente
2731 4861 2746 4885 ,
2789 4833 2854 4874 ac
2890 4834 3012 4874 eum
3046 4829 3222 4874 tamen
3254 4819 3661 4890 haudquaquam

2063 4911 2284 4967 omnino
2329 4910 2649 4978 deserente,
2697 4927 2879 4966 verum
2927 4911 3363 4978 insidiatoribus,
3399 4927 3520 4982 qum
3570 4925 3658 4966 sua

2063 5014 2245 5073 erant,
2273 5020 2338 5060 eo
2369 5019 2536 5077 usque
2564 5005 2848 5061 ostendere
2869 5013 3028 5078 atque
3048 5007 3269 5077 exsequi
3296 5006 3658 5076 permittente,

2063 5105 2122 5152 ut
2151 5106 2327 5154 tamen
2366 5099 2527 5169 pugili
2556 5098 2775 5153 exitium
2805 5097 3026 5153 minime
3060 5098 3300 5164 all‘erret,
3326 5113 3425 5154 nec
3451 5098 3661 5151 virtutis

2062 5200 2485 5262 oppugnatorem
2514 5191 2602 5262 (a)
2616 5190 2682 5246 de
2709 5191 2886 5246 medio
2915 5191 3144 5247 tolleret.
3170 5191 3381 5246 Etenim
3410 5191 3461 5246 in
3485 5190 3658 5246 lacum

2062 5282 2279 5354 quidem
2325 5299 2447 5337 eum
2487 5283 2719 5354 conjici,
2748 5299 2812 5340 ac
2837 5293 3041 5340 vestem
3072 5285 3341 5340 cruentari
3373 5285 3617 5354 permisit
3643 5300 3656 5336 :

2061 5386 2116 5432 at
2157 5392 2263 5432 non
2315 5377 2437 5434 item
2477 5377 2576 5449 ipsi
2606 5377 2806 5433 cuidem
2837 5377 3021 5434 inferri
3052 5378 3178 5434 sivit
3208 5397 3223 5426 .-
3252 5394 3434 5433 verurn
3463 5377 3521 5432 id
3546 5376 3660 5448 qui-

2061 5471 2184 5526 dem
2210 5487 2344 5527 unus
2373 5486 2403 5526 e
2430 5471 2680 5526 fratribus
2703 5472 2900 5537 suasit,
2928 5471 3022 5527 sed
3055 5471 3105 5526 id
3130 5479 3297 5526 totum
3316 5471 3500 5527 divino
3524 5485 3654 5524 con-

2061 5566 2184 5622 silio
2221 5581 2284 5621 ac
2310 5565 2642 5639 providentia
2675 5565 2852 5622 ﬁebat.
2881 5564 3034 5633 Quod
3066 5566 3225 5621 etiam
3259 5564 3311 5618 in
3341 5561 3654 5634 .Egyptiaea

2124 5704 2198 5768 (a)
2231 5669 2415 5763 Graece,
2435 5715 2718 5764 mm.
2743 5702 2864 5752 Male
2887 5709 3110 5752 verterat
3132 5700 3312 5768 Billius,
3339 5705 3652 5765 proqu

2059 5766 2182 5825 rem,
2203 5779 2314 5816 cum
2332 5778 2362 5814 e
2376 5778 2613 5829 converso
2633 5773 3008 5829 oppugnatorem
3028 5766 3316 5816 vertendum
3335 5771 3487 5827 esset,
3507 5771 3651 5827 atque

2060 5832 2126 5882 ita
2141 5829 2310 5880 series
2324 5827 2557 5891 postulat,
2575 5835 2629 5880 ut
2645 5827 2783 5880 recte
2808 5829 2996 5880 monuit
3025 5834 3198 5878 Fronto
3221 5834 3442 5879 Ductus.
