3906 6370
270 392 369 448 537

266 510 345 578 ἦν
375 505 451 561 ἐν
467 502 694 571 αὐτοῖς,
718 498 1008 574 φησὶ),καὶ
1037 498 1390 572 σωφροσύνης
1411 497 1586 570 μέγας
1610 498 1850 573 ἀθλητὴς

265 601 576 674 ἀνεδείχθη,
627 600 723 654 καὶ
766 598 1051 670 ἀδάμαντα
1098 597 1435 669 ἐμιμήσατο,
1474 597 1673 668 ῐδωμεν
1726 596 1856 651 οἵων

264 702 472 764 εὐθέως
502 697 807 768 ἀπήλαυσε,
846 693 942 748 καὶ
974 693 1095 747 τίνα
1126 693 1333 747 ἔπαθλα
1358 692 1662 764 διαδέχεται
1707 692 1798 747 τὸν
1827 705 1854 733 ει

265 795 620 868 στεφανίτην.
660 791 974 846 Ἐπιϐουλαὶ
997 789 1181 855 πάλιν,
1203 789 1298 843 καλ⁹
1330 789 1599 861 βάραθρα,
1629 791 1723 844 καὶ
1754 790 1849 844 θά-

263 912 448 959 νατος,
485 892 580 946 καὶ
605 889 862 953 κίνδυνοι,
893 887 987 941 καὶ
1016 887 1392 957 συκοφαντίαι,
1424 888 1518 940 καὶ
1548 889 1703 958 μῖσος
1734 886 1857 940 ἄλο-

261 1009 383 1064 γον.
429 991 497 1044 Ἦ
520 980 631 1059 γὰρ
655 985 818 1040 ἀθλία
848 984 970 1039 τότε
1017 983 1202 1056 ἐκείνη
1248 982 1408 1055 θυμῷ
1452 985 1858 1055 παραμυθεῖται

264 1090 355 1145 τὸν
389 1088 592 1161 ἔρωτα,
622 1084 717 1140 καὶ
751 1082 924 1147 πάθος
958 1083 1221 1137 συνάπτει
1253 1083 1438 1148 πάθει,
1470 1085 1565 1138 καὶ
1593 1082 1859 1156 ἐπιθυμίᾳ

263 1186 555 1256 ἀκολάστῳ
604 1182 962 1255 προστίθησιν
994 1178 1164 1252 ὀργὴν
1194 1179 1398 1245 ἄδικον,
1434 1180 1530 1234 καὶ
1580 1180 1718 1252 μετά
1760 1180 1856 1251 τὴν

268 1284 519 1356 μοιχείαν
533 1280 742 1352 γίνεται
767 1278 861 1333 καὶ
885 1275 1227 1349 ἀνδροφόνος.
1252 1277 1366 1331 Kal
1392 1276 1626 1332 πνέουσα
1655 1277 1857 1349 θηριω-

261 1384 386 1448 δίας
420 1379 623 1451 πολλῆς
671 1379 765 1433 καὶ
793 1376 977 1449 φόνιον
1013 1374 1310 1447 βλέπουσα,
1361 1374 1575 1442 καθίζει
1599 1376 1860 1448 δικαστή-

266 1497 387 1554 ριον
409 1476 832 1549 διεφθαρμένον,
863 1472 959 1528 τὸν
974 1473 1243 1546 δεσπότην
1266 1472 1359 1528 τὸν
1383 1473 1616 1540 ἐκείνου,
1637 1471 1729 1528 τὸν
1764 1474 1859 1529 ἀν-

260 1577 367 1649 δρα
399 1575 496 1630 τὸν
546 1573 769 1643 ἐαυτῆς,
808 1571 907 1625 τὸν
934 1566 1233 1644 βάρϐαρον,
1263 1571 1359 1626 τὸν
1376 1570 1708 1640 Αίγύπτιον,
1762 1573 1858 1627 καὶ

262 1672 483 1742 εἰσάγει
529 1668 865 1740 κατηγορίαν
907 1667 1248 1739 ἀμάρτυρον.
1299 1667 1409 1720 Kal
1462 1667 1585 1722 οὐδὲ
1633 1668 1860 1740 ἀφίησιν

264 1767 535 1822 εἰσελθεῖν
582 1767 665 1829 εἰς
713 1764 1065 1835 δικαστήριον
1112 1763 1204 1816 τὸν
1259 1762 1693 1835 ἐγκαλούμενον,
1740 1763 1856 1819 ἀλλ’

265 1867 458 1937 ἡρέμα
493 1863 822 1934 κατηγορεῖ,
849 1862 914 1932 τῇ
942 1860 968 1901 δ
995 1876 1055 1913 τε
1090 1858 1249 1930 ἀνοία
1294 1858 1391 1913 καὶ
1431 1860 1497 1929 τῇ
1544 1857 1728 1929 εὐνοίᾳ
1763 1856 1857 1911 τοῦ

265 1954 590 2020 δικάζοντος
607 1996 622 2021 ,
653 1956 720 2025 τῇ
747 1969 807 2005 τε
839 1950 1154 2020 ἀξιοπιστίᾳ
1183 1948 1279 2004 τοῦ
1305 1948 1511 2003 οἰκείου
1538 1947 1857 2020 προσώπου,

270 2049 370 2103 καὶ
390 2047 472 2119 τῷ
498 2046 687 2100 δοῦλον
720 2041 860 2098 εἶναι
889 2042 982 2097 τὸν
1011 2041 1417 2113 ἐγκαλούμενον
1441 2039 1742 2113 θαρροῦσα,
1765 2039 1860 2093 καὶ

265 2146 336 2197 τά
378 2139 601 2195 ἐναντία
620 2137 852 2192 εἰποῦσα
884 2135 995 2190 τῶν
1025 2133 1335 2207 γενομένων
1364 2133 1637 2205 ἐκράτησε
1662 2131 1756 2187 τοῦ
1778 2131 1860 2187 δι-

268 2230 500 2294 καστοῦ,
536 2230 632 2285 καὶ
657 2229 758 2301 τὴν
789 2226 1030 2282 νικῶσαν
1050 2224 1235 2279 ἔπεισε
1258 2224 1437 2296 ψῆφον
1466 2222 1619 2296 [568]
1649 2223 1859 2292 ἐξενεγ.

269 2327 414 2386 κεῖν,
446 2322 543 2378 καὶ
576 2320 939 2375 καταδικάσαι
985 2318 1081 2373 τὸν
1103 2316 1418 2382 ἀνεύθυνον,
1453 2318 1551 2370 καὶ
1587 2316 1860 2388 τιμωρίαν

274 2417 551 2471 ἐπιθεῖναι
594 2412 1024 2487 χαλεπωτάτην,
1070 2412 1169 2467 καὶ
1208 2410 1584 2481 δεσμωτήριον
1617 2410 1858 2474 εὐθέως,

270 2509 366 2563 καὶ
394 2505 669 2577 ἀπαγωγὴ
688 2547 704 2570 ,
735 2505 831 2559 καὶ
859 2504 1072 2568 ἅλυσις.
1122 2502 1235 2556 Kal
1275 2501 1411 2574 μηδὲ
1445 2501 1570 2556 ἰδὼν
1598 2501 1861 2572 δικαστὴν

272 2599 581 2673 κατεκρίθη
622 2601 650 2653 6
680 2597 998 2670 θαυμαστὸς
1026 2598 1234 2658 ἐκεῖνος
1266 2594 1427 2668 ἀνήρ.
1456 2595 1567 2647 Kal
1589 2594 1650 2647 τὺ
1673 2594 1739 2667 δὴ
1770 2612 1864 2665 χα-

270 2692 619 2763 λεπώτερον,
661 2688 1011 2762 κατεκρίνετο
1051 2688 1127 2752 ὡς
1164 2687 1387 2759 μοιχὸς,
1430 2685 1508 2751 ὡς
1531 2687 1863 2755 δεσποτικῆς

272 2784 628 2856 ἐπιθυμήσας
654 2782 835 2853 εὐνῆς,
866 2781 945 2845 ὡς
966 2780 1249 2851 ἀλλότριον
1280 2778 1532 2850 διορύξας
1561 2780 1762 2849 γάμον,
1785 2778 1863 2842 ὼς

273 2871 440 2935 ἀλούς
464 2914 481 2939 ,
522 2870 599 2936 ὡς
643 2868 1022 2941 ἐληλεγμένος.
1057 2867 1129 2924 "0
1169 2885 1228 2922 τε
1258 2867 1367 2941 γάρ
1393 2868 1655 2940 δικαστὴς
1680 2908 1695 2934 ,
1733 2868 1769 2940 δή
1803 2886 1863 2921 τε

274 2964 584 3035 κατήγορος
615 2962 765 3034 παρά
804 2963 916 3027 τοῖς
946 2961 1161 3026 πολλοῖς
1212 2963 1307 3015 καὶ
1334 2960 1433 3034 τὴν
1464 2960 1725 3034 ἀλήθειαν
1763 2961 1864 3016 οὐκ

276 3056 496 3121 εἰδόσιν,
534 3055 569 3126 ἦ
603 3071 664 3108 τε
700 3054 940 3127 τιμωρία
971 3053 1214 3126 ἑπομένη
1248 3052 1564 3120 ἀξιόπιστον
1598 3053 1773 3107 ἐποίει
1803 3054 1865 3107 τὸ

273 3147 463 3219 δρᾶμα
517 3147 826 3217 φαίνεσθαι.
882 3147 1021 3201 Ἀλλ’
1076 3146 1229 3203 οὐδὲν
1277 3145 1484 3203 τούτων
1531 3146 1865 3220 ἐθορύϐησεν

276 3242 509 3305 ἐκεῖνον,
540 3238 668 3293 οὐτε
699 3237 853 3294 εἶπεν
878 3256 890 3269 ·
919 3234 1092 3294 Αῦται
1125 3239 1234 3293 τῶν
1259 3238 1484 3313 ὀνείρων
1514 3240 1570 3293 at
1604 3238 1863 3308 ἀμοιϐαί;

276 3332 438 3385 τοῦτο
484 3332 593 3386 τῶν
619 3331 795 3402 ὅψεων
840 3330 1066 3386 ἐκείνων
1106 3330 1169 3385 τὸ
1198 3331 1380 3398 τέλος;
1420 3332 1594 3386 ταῦτα
1625 3335 1727 3405 τῆς
1761 3350 1868 3386 σω-

277 3421 558 3494 φροσύνης
586 3422 655 3475 τά
678 3420 922 3487 έπαθλας
957 3419 1154 3492 Κρίσις
1178 3419 1399 3490 ἄλογος,
1422 3422 1519 3477 καὶ
1544 3421 1726 3494 ψῆφος
1749 3421 1868 3477 ἄδι-

276 3530 413 3577 πως,
444 3512 543 3567 καὶ
575 3511 791 3584 πονηρὰ
816 3511 985 3567 πάλιν
1008 3510 1299 3580 ὑπόληψις.
1330 3512 1548 3581 Ὠσπερ
1573 3512 1684 3584 γάρ
1711 3513 1868 3584 ήται-

278 3604 470 3680 ρηκὼς
514 3604 811 3676 ἐξεϐλήθην
845 3604 1073 3675 ἔναγχος
1114 3605 1213 3673 τῆς
1240 3604 1501 3677 πατρῴας
1537 3604 1748 3668 οἰκίας,
1791 3603 1869 3667 ὡς

280 3698 475 3772 μοιχὸς
524 3697 620 3752 καὶ
654 3695 1010 3767 σωφροσύνην
1055 3695 1307 3769 διορύξας
1355 3696 1612 3765 γυναικὸς
1659 3698 1741 3760 είς
1780 3695 1867 3750 δε-

280 3790 599 3863 σμωτήριον
626 3786 1046 3860 εἰσάγομαινῦν,
1065 3787 1349 3843 καὶταῦτα
1369 3788 1499 3860 περὶ
1515 3787 1649 3859 ἐμοῦ
1671 3787 1869 3851 πάντες

278 3880 635 3953 ψηφίζονται.
681 3882 795 3936 Kal
836 3882 889 3935 οἱ
925 3881 1022 3952 μὲν
1066 3881 1317 3951 ἀδελφοὶ,
1364 3882 1415 3934 οἱ
1467 3880 1752 3966 μέλλοντες
1799 3898 1868 3953 με

279 3975 613 4045 προσκυνεῖν
641 3972 819 4040 (τοῦτο
843 3973 959 4045 γὰρ
980 3973 1047 4028 τά
1076 3973 1331 4045 ὀνείρατα
1359 3972 1595 4045 ἐδήλου),
1627 3974 1685 4025 ἐν
1718 3971 1871 4026 ἐλευ⁹

276 4064 446 4137 θερίᾳ
492 4065 587 4119 καὶ
622 4064 777 4137 ἀδείᾳ
807 4065 904 4118 καὶ
929 4068 1108 4139 τρυφῇ
1134 4104 1148 4130 ,
1196 4065 1290 4119 καὶ
1324 4065 1545 4138 πατρίδι
1584 4066 1680 4119 καὶ
1723 4064 1871 4137 οἰκία

282 4155 547 4229 πατρῷαι
592 4156 713 4226 ἐγὼ
750 4156 808 4210 δὲ
854 4158 883 4210 6
933 4157 1143 4229 μέλλων
1201 4156 1383 4212 αὐτῶν
1428 4159 1673 4230 κρατεῖν,
1731 4156 1871 4228 μετά

278 4248 682 4321 τυμϐωρύχων,
720 4251 858 4320 μετά
886 4249 1120 4323 λῃστῶν,
1153 4251 1296 4323 μετά
1316 4250 1753 4324 βαλαντιοτόμων
1781 4254 1864 4307 ἐν-

280 4341 461 4396 ταῦθα
487 4344 709 4413 δέδεμαι
733 4360 745 4372 ·
784 4343 908 4398 οὐτε
947 4345 1087 4414 μετὰ
1111 4345 1173 4399 τὸ
1199 4345 1301 4416 τῆς
1327 4347 1585 4420 πατρίδος
1615 4350 1871 4402 ἐκπεσεῖν

284 4433 534 4505 θορύϐων
556 4434 979 4508 ἀπηλλαγμένος
1011 4436 1108 4491 καὶ
1133 4437 1498 4509 πραγμάτων,
1530 4438 1667 4493 ἀλλά
1695 4439 1789 4493 καὶ
1814 4439 1872 4492 ἐν

278 4526 545 4598 ἀλλοτρίᾳ
575 4527 735 4581 πάλιν
773 4528 1021 4601 βάραθρα
1060 4530 1208 4601 ἡμᾶς
1248 4531 1344 4585 καί
1390 4529 1519 4603 ξίφη
1557 4531 1872 4603 ἠκονημένα

281 4620 615 4691 διαδέχεται.
662 4622 836 4694 Καλή
880 4622 979 4694 μέν
1007 4625 1235 4678 τοιαῦτα
1288 4623 1541 4696 δράσασα
1576 4626 1668 4681 καὶ
1709 4643 1871 4679 συκο-

283 4714 630 4785 φαντήσασα,
661 4712 729 4766 δι’
770 4714 1048 4786 ἑκατέρων
1076 4715 1189 4769 τῶν
1222 4714 1588 4787 τολμημάτων
1620 4718 1873 4789 ἀποτμηη-

284 4803 451 4873 θῆναι
473 4802 675 4865 δικαία,
707 4805 924 4876 χορεύει
946 4807 1038 4861 καὶ
1068 4808 1268 4878 σκιρτᾷ
1288 4805 1384 4862 νῦν
1408 4805 1599 4881 ὥσπερ
1628 4808 1721 4863 ἐπὶ
1743 4826 1872 4882 τρο-

284 4896 473 4958 παίοις
495 4895 588 4948 καὶ
615 4894 889 4967 λαμπροῖς
916 4898 1207 4960 ἐπινικίοις
1236 4899 1658 4972 ἐστεφανωμένη
1676 4912 1700 4940 ο
1724 4918 1737 4931 ’
1761 4899 1875 4971 ἐγὼ

278 4988 344 5042 δὲ
369 4988 399 5040 6
432 4987 600 5059 μηδὲν
631 4988 909 5060 ἠδικηκὼς
934 4989 1033 5061 τὴν
1066 4991 1309 5064 ἐσχάτην
1332 4991 1465 5046 τίνω
1493 4992 1672 5064 δίκην.
1706 4994 1874 5049 θύδὲν

279 5079 495 5134 τούτων
543 5080 752 5144 ἐκεῖνος
780 5077 959 5148 εἶπεν,
1003 5081 1124 5136 οὐδὲ
1160 5083 1478 5156 ἐνενόησεν
1525 5084 1640 5139 ἀλλ’
1684 5084 1874 5155 ὥσπερ

278 5172 531 5242 ἀθλητὴς
577 5171 667 5229 διὰ
712 5174 992 5243 στεφάνων
1044 5173 1267 5242 ὁδεύων,
1311 5174 1488 5240 οὕτως
1531 5175 1738 5248 ἔχαιρε,
1781 5178 1876 5231 καὶ

276 5265 619 5337 ηὐφραίνετο
641 5305 657 5329 ,
696 5265 819 5320 οὐτε
846 5268 961 5331 τοῖς
998 5266 1249 5337 ἀδελφοῖς
1274 5308 1290 5334 ,
1320 5267 1445 5321 οὐτε
1487 5271 1554 5340 τῇ
1605 5270 1874 5341 μοιχαλίδι

283 5358 672 5430 μνησικακῶν.
700 5358 872 5413 Πόθεν
898 5359 1058 5413 τοῦτο
1084 5360 1276 5430 δῆλον;
1320 5358 1413 5425 Ἐξ
1433 5352 1509 5415 ὧν
1542 5360 1708 5426 αὐτὸς
1737 5364 1876 5436 πρός

279 5465 412 5504 τινα
434 5449 545 5503 τῶν
565 5451 793 5507 αὐτόθεν
818 5452 1119 5523 δεδεμένων
1147 5451 1401 5526 διελέχθη
1423 5454 1577 5511 ποτέ.
1607 5454 1876 5512 Τοσοῦτον

279 5541 397 5614 γὰρ
438 5544 666 5615 ἀπεῖχεν
712 5546 819 5600 ὐπὸ
854 5546 1095 5619 ἀθυμίας
1123 5547 1332 5602 ἁλῶναι
1356 5588 1372 5614 ,
1405 5549 1486 5603 ὃτι
1531 5548 1627 5603 κα¹ι
1669 5549 1876 5622 ἑτέροις

280 5633 448 5689 ελυσε
485 5635 685 5703 λύπας.
724 5636 943 5711 Ἐπειδὴ
968 5640 1077 5713 γὰρ
1106 5635 1213 5694 εἶδέ
1236 5658 1390 5706 τινας
1418 5641 1605 5697 αὐτόθι
1639 5659 1878 5715 τεταρα-

351 5794 377 5862 ξ
401 5793 515 5862 ροο
531 5807 653 5862 mag:
670 5795 761 5862 Δκαὶ
778 5795 830 5862 ’τί
870 5797 990 5858 μετὰ
1022 5796 1107 5845 τὸν
1120 5796 1269 5862 Δἆθλον
1288 5795 1459 5847 τοῦτον
1484 5797 1752 5862 διαδέχεται
1774 5797 1874 5849 τόν.

350 5853 553 5923 HW?!"
581 5857 686 5906 ἀλλ’
710 5853 887 5923 ἐρήμηύ
905 5858 1188 5923 κατηγορίαν
1218 5864 1296 5922 τῇ·

353 5920 375 5949 °
404 5917 558 5970 ιωεω
582 5917 950 5982 στεφανουμένη.

1696 380 2083 441 ενιδτοιιε.

3438 373 3552 435 588‘

1959 498 2198 570 γμένους
2235 499 2329 553 καὶ
2356 498 2794 573 συγκεχυμένους
2818 499 2844 541 δ
2869 499 2965 555 καὶ
2988 492 3356 569 ἀθυμοῦντας,
3375 511 3542 568 προσ-

1957 590 2123 662 ῆλθεν
2153 591 2356 658 εὐθέως
2390 595 2491 665 τὴν
2523 593 2709 648 αἰτίαν
2744 592 3048 665 εἰσόμενος.
3082 591 3194 646 Kal
3239 586 3426 661 μαθὼν
3458 589 3544 642 ὅτι

1960 681 2018 746 ἐξ
2059 681 2235 752 ὅψεως
2261 684 2555 755 ὀνειράτων
2594 687 2623 739 6
2667 683 2897 756 θόρυϐος
2919 724 2935 749 ,
2981 683 3139 738 ἔλυσε
3168 681 3237 736 τά
3262 680 3540 752 ὀνείρατα.

1960 770 2094 829 Εἶτα
2126 776 2460 849 παρακαλῶν
2492 777 2805 849 ἀναμνῆσαι
2837 777 2928 831 τδν
2956 774 3202 847 βασιλέα,
3236 772 3337 842 τῆς
3364 770 3542 826 ἀπαλ-

1959 867 2136 938 λαγῆς
2165 865 2354 922 ἕνεκεν
2397 871 2498 939 τῆς
2544 868 2745 924 αὐτοῦ⁵
2792 869 2842 922 εί
2882 867 2991 938 γάρ
3040 866 3135 922 καὶ
3173 866 3419 934 γενναῖος
3450 862 3545 916 καὶ

1961 957 2274 1030 θαυμαστὸς
2304 956 2393 1032 ἦν,
2447 960 2561 1015 ἀλλ’
2592 960 2879 1033 ἄνθρωπος
2907 952 2976 1032 ἦν
3009 959 3104 1013 καὶ
3148 957 3246 1011 οὐκ
3293 954 3544 1009 ἐϐούλετο

1959 1052 2084 1116 ταῖς
2128 1051 2383 1108 ἁλύσεσιν
2411 1051 2939 1126 ἐνταλαιπωρεῖσθαι
2983 1052 3220 1114 ἐκείναις
3241 1068 3257 1081 ο
3288 1064 3546 1120 παρακα-

1959 1142 2071 1198 λῶν
2100 1145 2282 1202 τοίνυν
2330 1147 2634 1220 μνησθῆναι
2663 1146 2831 1201 αὐτοῦ
2864 1146 2999 1217 πρὸς
3043 1145 3136 1199 τὸν
3167 1142 3416 1215 βασιλέα,
3447 1138 3545 1195 καὶ

1963 1240 2149 1294 πεῖσαι
2172 1240 2393 1311 ἀφεῖναι
2426 1240 2590 1296 αὐτὸν
2631 1241 2741 1296 τῶν
2770 1240 3006 1312 δεσμῶν,
3041 1238 3137 1294 καὶ
3164 1233 3545 1306 ἀναγκαζόμε-

1960 1348 2050 1396 νος
2095 1330 2188 1386 καὶ¹
2232 1331 2330 1405 τὴν
2375 1333 2554 1387 αἰτίαν
2590 1334 2787 1401 εἰπεῖν,
2834 1332 2902 1386 δι’
2931 1332 2998 1405 ἢν
3030 1329 3369 1398 ἐνεϐέϐλητο,
3404 1325 3545 1381 ὥστε

1960 1420 2216 1475 κάκεῖνον
2247 1422 2339 1476 τὸν
2371 1422 2515 1495 ὑπὲρ
2542 1423 2708 1477 αὐτοῦ
2734 1422 2987 1494 δεόμενον
3013 1420 3367 1492 εὐπρόσωπον
3401 1416 3545 1488 ἔχειν

1961 1513 2238 1586 πρόφασιν
2264 1514 2365 1585 τῆς
2389 1508 2537 1585 ὑπὲρ
2558 1513 2723 1568 αὐτοῦ
2751 1512 3104 1587 συνηγορίας,
3134 1511 3346 1575 οὐδενὸς
3378 1512 3545 1581 ἐμνη-
3618 1572 3629 1585 η

1963 1604 2194 1676 μόνευσε
2218 1605 2335 1663 τῶν
2348 1607 2712 1680 ἠδικηκότων,
2737 1607 2852 1662 ἀλλ’
2880 1606 3200 1671 ἀπαλλάξας
3228 1602 3418 1658 ἑαυτὸν
3436 1601 3547 1655 τῶν
3614 1586 3623 1597 ⁴

1962 1697 2331 1769 ἐγκλημάτων
2356 1698 2488 1769 ἔστη
2525 1697 2689 1771 μέχρι
2721 1698 2914 1753 τούτου
2950 1699 3131 1771 μόνον,
3160 1699 3254 1753 καὶ
3280 1697 3344 1751 οὐ
3375 1712 3546 1767 προσ-

1962 1789 2128 1862 έθηκε
2159 1789 2289 1856 τοὺς
2328 1792 2408 1855 εἰς
2448 1791 2610 1847 αὐτὸν
2652 1790 3211 1863 πεπλημμεληκότας.
3247 1788 3398 1863 [569]
3438 1787 3549 1841 Kal

1960 1880 2070 1953 γὰρ
2112 1882 2276 1952 Ἐγὼ,
2301 1884 2457 1953 φησὶ,
2483 1883 2687 1954 κλοπῇ
2704 1882 2984 1952 ἐκλάστην
3008 1883 3078 1937 ἐκ
3106 1881 3217 1954 γῆς
3246 1881 3543 1951 Ἐϐραίων.

1961 1974 2059 2028 καὶ
2091 1968 2209 2029 ὧδε
2238 1977 2353 2031 οὐκ
2376 1975 2638 2045 ἐποίησα
2675 1976 2879 2044 οὐδὲν,
2910 1975 3010 2031 καὶ
3043 1974 3336 2030 ἐνέϐαλόν
3352 1990 3431 2044 με
3460 1974 3547 2038 είς

1959 2066 2070 2121 τόν
2093 2064 2330 2123 λάκκον
2347 2067 2584 2127 τοῦτον.
2617 2067 2728 2123 Kal
2751 2068 2899 2133 τίνος
2931 2064 3118 2123 ἐνεκεν
3149 2067 3212 2121 οὐ
3240 2065 3423 2136 λέγεις
3448 2064 3548 2136 τὴν

1963 2157 2207 2232 πόρνην,
2251 2159 2351 2232 τήν
2408 2160 2729 2233 μοιχαλίδα,
2780 2160 2907 2225 τοὺς
2959 2157 3411 2230 ἀδελφοκτόνους,
3459 2158 3549 2212 τὸν

1962 2251 2179 2320 φθόνον,
2204 2251 2305 2324 τὴν
2336 2252 2576 2325 πρᾶσιν,
2606 2253 2707 2325 τὴν
2737 2252 2937 2324 μανίαν
2974 2252 3074 2324 τῆς
3105 2251 3416 2322 δεσποίνης,
3447 2249 3549 2321 τὴν

1963 2340 2175 2410 ἔφοδον,
2203 2342 2303 2417 τὴν
2335 2342 2638 2398 ἀκολασίαν
2657 2386 2670 2410 ,
2693 2341 2762 2398 τὰ
2789 2344 2985 2398 δίκτυα
3004 2384 3019 2409 ,
3049 2341 3119 2397 τά
3157 2343 3547 2414 μηχανήματα,

1960 2433 2060 2507 τὴν
2088 2433 2472 2506 συκοφαντίαν,
2504 2436 2605 2509 τὴν
2631 2436 2817 2491 ἄδικον
2854 2436 3056 2509 κρίσιν,
3095 2434 3186 2489 τὸν
3219 2434 3550 2506 διεφθαρμέ-

1961 2540 2054 2577 νον
2082 2524 2376 2597 δικαστὴν,
2423 2524 2522 2599 τὴν
2551 2528 2872 2599 παράνομον
2917 2526 3212 2597 ἀπόφασιν,
3244 2525 3342 2598 τὴν
3379 2542 3551 2579 κατα-

1961 2614 2119 2686 δίκην
2147 2614 2246 2687 τὴν
2269 2617 2373 2671 οὐκ
2400 2616 2631 2690 ἔχουσαν
2659 2617 2821 2687 λόγον
2844 2636 2858 2684 ;
2889 2618 2981 2673 διά
2998 2618 3052 2672 τί
3080 2617 3253 2673 ταῦτα
3278 2618 3436 2688 σιγᾷς
3460 2616 3554 2671 καὶ

1962 2706 2267 2779 κρύπτεις;
2313 2709 2435 2763 ’Ότι
2488 2713 2848 2781 μνησικακεῖν
2899 2710 3000 2764 οὐκ
3043 2706 3178 2771 οἴδα,
3228 2708 3418 2780 φησίν·
3471 2710 3553 2763 ὅτι

1962 2796 2089 2868 ἐμοὶ
2112 2796 2286 2851 ταῦτα
2313 2797 2568 2868 στέφανοι
2591 2801 2685 2854 καὶ
2712 2799 2963 2873 βραδεῖα,
2994 2803 3088 2856 καὶ
3117 2799 3362 2872 μείζονος
3384 2800 3555 2870 ἐμπο-

1967 2891 2089 2962 ρίας
2123 2892 2399 2957 ὑπόθεσις.

2039 2992 2120 3047 ιδ’.
2145 2989 2303 3060 Εἶδες
2316 2993 2495 3068 ψυχὴν
2512 2994 2800 3065 φιλόσοφον
2816 3013 2831 3062 ;
2846 2990 2984 3053 εἶδες
2996 2996 3095 3067 τῆς
3110 2995 3281 3068 ὀργῆς
3301 2993 3554 3065 καθαρὰν

1966 3083 2062 3137 καὶ
2091 3083 2201 3137 τῶν
2223 3083 2456 3137 δικτύων
2478 3085 2851 3158 ὑψηλοτέρανς
2884 3081 3021 3150 εἶδες
3055 3086 3423 3155 συναλγοῦντα
3442 3088 3555 3147 τοῖς

1966 3175 2249 3247 ἠδικηκόσι
2283 3175 2483 3249 μᾶλλον
2510 3176 2544 3249 ἢ
2579 3177 3055 3249 μνησικακοῦντα;
3088 3177 3253 3231 ’Ὢστε
3280 3177 3389 3250 γὰρ
3419 3178 3556 3250 μήτε

1965 3269 2093 3332 τοὺς
2126 3267 2387 3339 ἀδελφοὺς
2411 3269 2493 3333 είς
2525 3268 2689 3340 μέσον
2737 3269 3048 3338 ὲναγαγεῖν,
3087 3269 3225 3341 μήτε
3265 3269 3365 3341 τὴν
3399 3270 3558 3338 αίμο-

1967 3361 2129 3436 ϐόρον
2175 3361 2412 3435 ἐκείνην,
2470 3360 2708 3429 Κλοπῇ,
2759 3362 2947 3433 φησὶν,
3005 3361 3285 3431 ἐκλάπην
3328 3361 3399 3414 ἐκ
3445 3359 3559 3429 τῆς

1980 3459 2278 3529 Ἐϐραίων,
2321 3460 2419 3515 καί
2462 3454 2581 3515 ὧδε
2612 3463 2723 3516 οὐκ
2763 3462 3026 3532 ἐποίησα
3062 3462 3265 3518 οὐδέν.
3319 3462 3432 3518 Kal
3466 3462 3559 3516 οὐ·

1967 3548 2142 3621 δαμοῦ
2176 3548 2471 3621 προσώπου
2516 3551 2831 3623 μέμνηται,
2883 3552 3007 3605 οὐδὲ
3039 3552 3132 3606 τοῦ
3171 3551 3399 3616 λάκκου,
3438 3552 3560 3606 οὐδέ

1968 3642 2078 3694 τῶν
2118 3639 2507 3712 Ἰσμαηλιτῶν,
2541 3641 2663 3695 οὐδέ
2699 3641 2860 3696 ἄλλου
2898 3641 3062 3706 τινός.
3104 3641 3245 3695 Ἀλλ’
3284 3642 3435 3713 ὅμως
3467 3641 3561 3696 καὶ

1970 3732 2112 3787 κατά
2135 3733 2309 3786 ταῦτα
2336 3733 2497 3788 αὐτὸν
2523 3734 2622 3805 οὐχ
2651 3734 2680 3787 ό
2708 3732 2890 3805 τυχὼν
2926 3733 3200 3798 διεδέξατο
3232 3733 3557 3805 πειρασμός.

1982 3825 2042 3879 '0
2082 3827 2191 3899 γὰρ
2221 3824 2493 3896 τοσαύτης
2534 3827 2663 3897 παρ’
2706 3825 2873 3879 αὐτοῦ
2919 3825 3318 3899 παρακλήσεως
3359 3825 3559 3898 τυχὼν,

1972 3916 2067 3972 καὶ
2099 3916 2208 3970 τῶν
2243 3914 2459 3988 δεσμῶν
2504 3916 2644 3970 κατὰ
2671 3916 2771 3988 τὴν
2792 3916 2982 3971 τούτου
3013 3917 3317 3989 πρόρρησιν
3346 3916 3563 3970 ἐλευθε-

1973 4007 2186 4080 ρωθεὶς,
2217 4009 2311 4062 καὶ
2339 4009 2433 4063 ἐπὶ
2462 4008 2561 4082 τὴν
2589 4009 2863 4081 προτέραν
2895 4007 3223 4079 ἀνακληθεὶς
3246 4008 3433 4080 τιμὴν,
3462 4007 3563 4078 τῆς

1972 4108 2293 4181 εὐεργεσίας
2312 4107 2632 4174 ἐπελάθετο,
2652 4107 2748 4162 καὶ
2776 4109 2876 4180 τῆς
2903 4106 3000 4163 τοῦ
3020 4107 3231 4163 δικαίου
3258 4106 3560 4179 ἱκετηρίας.

1972 4202 2086 4257 Kal
2127 4204 2157 4257 6
2193 4201 2292 4274 μὲν
2333 4201 2552 4273 οἰκέτης
2592 4202 2653 4254 ἐν
2682 4199 2987 4271 βασιλικαῖς
3022 4196 3095 4273 ἦν
3128 4200 3323 4264 αὐλαῖς
3363 4198 3565 4269 πολλῆς

1973 4293 2266 4349 ἀπολαύων
2295 4293 2596 4366 εὐημερίας
2615 4311 2629 4325 ·
2670 4293 2699 4347 6
2737 4293 2794 4347 δὲ
2838 4293 2978 4366 ὑπὲρ
3008 4293 3099 4347 τὸν
3123 4291 3274 4364 ἥλιον
3307 4291 3562 4364 λάμπων,

1974 4388 2070 4440 καὶ
2098 4383 2241 4440 οὕτω
2273 4385 2509 4457 φαιδράς
2531 4385 2713 4455 ἀφιεὶς
2740 4384 2840 4456 τῆς
2865 4384 3063 4457 ἀρετῆς
3091 4383 3191 4447 τὰς
3216 4384 3462 4447 ἀκτῖνας,
3484 4382 3564 4435 ἔτι

1973 4479 2347 4551 δεσμωτήριον
2376 4475 2510 4549 ᾤκει
2534 4518 2553 4544 ,
2609 4478 2706 4532 καὶ
2736 4476 2911 4540 οὐδεὶς
2941 4469 3010 4548 ἦν
3050 4478 3080 4530 6
3128 4477 3563 4548 ἀναμιμνήσκων

1974 4572 2065 4627 τὸν
2113 4570 2364 4643 βασιλέα.
2415 4570 2614 4643 Ἐχρῆν
2660 4568 2775 4639 γὰρ
2821 4567 2972 4639 αὐτῷ
3025 4567 3243 4632 πλείους
3289 4567 3565 4639 πλακῆναι

1977 4664 2305 4733 στεφάνους,
2343 4663 2437 4717 καὶ
2486 4661 2711 4733 μείζονα
2743 4659 3261 4735 παρασκευασθῆναι
3298 4659 3561 4730 βραϐεῖα⁶

1974 4755 2054 4811 διὸ
2087 4756 2181 4810 καὶ
2212 4754 2540 4829 μακρότεροι
2566 4754 2679 4810 τῶν
2706 4754 2921 4827 δρόμων
2948 4755 2997 4808 οἱ
3024 4753 3230 4808 δίαυλοι
3260 4753 3383 4806 τότε
3423 4753 3564 4825 ἐπήο

1974 4864 2200 4920 γνυντο·
2250 4848 2448 4914 ἐῶντος
2499 4848 2595 4920 μὲν
2623 4848 2717 4902 τοῦ
2746 4845 2880 4901 Θεοῦ
2917 4845 3101 4918 μένειν
3133 4844 3204 4900 τά
3240 4846 3563 4918 σκάμματα,

1975 4942 2037 4996 οὐ
2069 4941 2174 5014 μὴν
2205 4941 2385 4995 τέλεον
2419 4939 2930 5010 ἐγκαταλείποντος,
2964 4937 3102 4993 ἀλλά
3137 4937 3393 4993 τοσοῦτον
3429 4952 3564 5006 συγ-

1976 5038 2282 5108 χωροῦντος
2319 5032 2431 5098 τοῖς
2473 5031 2913 5087 ἐπιϐουλεύουσιν
2944 5033 3012 5087 τά
3044 5030 3224 5087 αὐτῶν
3257 5032 3565 5086 ἐπιδείκνυ-

1980 5127 2125 5189 σθαι,
2156 5128 2280 5180 δσον
2312 5126 2445 5197 μηδὲ
2475 5124 2736 5195 ἀφανίσαι
2755 5123 2846 5177 τὸν
2872 5122 3131 5195 ἀθλητὴν,
3159 5124 3294 5197 μηδὲ
3316 5122 3563 5179 ἐκποδὼν

1979 5220 2209 5292 ποιῆσαι
2242 5222 2342 5292 τῆς
2369 5214 2571 5290 ἀρετῆς
2614 5217 2706 5271 τὸν
2741 5218 3170 5289 ἀνταγωνιστήν.
3224 5216 3319 5282 Εἰς
3365 5218 3567 5271 λάκκον

1983 5314 2082 5385 μὲν
2113 5313 2223 5386 γάρ
2247 5312 2411 5366 αὐτὸν
2437 5310 2779 5384 ἐμϐληθῆναι
2813 5308 3183 5382 συνεχώρησε,
3218 5311 3313 5364 καὶ
3348 5309 3410 5363 τδ
3439 5310 3567 5381 ίμά-

1978 5424 2091 5460 τιον
2133 5405 2503 5476 αἱμαχθῆναι,
2552 5405 2632 5468 είς
2663 5404 2720 5457 δέ
2756 5403 2971 5474 σφαγὴν
3012 5404 3209 5467 αὐτοὺς
3251 5401 3427 5456 ἐλθεῖν
3465 5403 3566 5456 οὐκ

1979 5498 2190 5568 ἀφῆκεν
2212 5516 2225 5529 ο
2262 5497 2398 5552 ἀλλὰ
2430 5494 2818 5550 συνεϐούλευσε
2852 5496 2951 5568 μὲν
2980 5494 3140 5549 τοῦτο
3169 5496 3197 5549 ὁ
3228 5494 3474 5563 ἀδελφὸς,
3504 5494 3566 5548 τὸ

1980 5590 2043 5643 δὲ
2070 5592 2178 5642 πᾶν
2200 5589 2302 5660 τῆς
2328 5588 2421 5642 τοῦ
2452 5588 2595 5642 Θεοῦ-
2619 5588 2875 5661 προνοίας
2907 5587 3141 5657 ἐγένετο.
3159 5586 3330 5641 Τοῦτο
3356 5588 3451 5641 καὶ
3472 5587 3567 5642 ἐπὶ

1981 5683 2081 5753 τῆς
2114 5682 2495 5752 Αἰγυπτιακῆς
2525 5680 2723 5751 συνέϐη
2747 5681 3023 5751 γυναικός.
3047 5680 3205 5743 Τίνος
3229 5679 3338 5751 γάρ
3358 5679 3568 5745 ἕνεκεν,

1982 5775 2104 5829 εἰπέ
2140 5792 2264 5846 μοι,
2312 5776 2341 5828 6
2372 5774 2575 5846 θερμὸς
2603 5774 2746 5828 οὕτω
2771 5814 2785 5840 ,
2832 5774 2925 5827 καὶ
2957 5771 3253 5837 ἀκόλαστος
3284 5773 3423 5841 (ἴστε
3460 5774 3565 5843 γὰρ

2050 5931 2077 5971 d
2104 5932 2184 5982 Sic
2204 5946 2316 5983 mss.
2343 5943 2531 5983 omnes.
2556 5932 2608 5983 In
2634 5930 2768 5980 edito
2784 5929 2864 5977 καὶ
2885 5930 3262 5994 συγκεχυμένους
3279 5929 3443 5980 deest.
