3906 6382
367 386 472 444 3389

364 499 474 553 τῶν
495 498 808 570 Αἰγυπτίων
827 501 889 554 τὸ
917 501 1113 571 γένος),
1141 505 1170 555 ὁ
1203 503 1457 576 θυμώδης
1479 504 1571 558 καὶ
1597 503 1813 576 ὀργίλος
1835 502 1950 574 (καὶ

365 610 477 681 γὰρ
496 611 658 666 τοῦτο
687 613 806 684 μεθ’
827 614 1128 685 ὑπερϐολῆς
1149 615 1330 679 αὐτοῖς
1353 615 1614 686 πρόσεστι
1642 614 1704 668 τὸ
1734 614 1949 682 πάθος),

365 725 426 778 ὃν
459 725 773 782 ἐπίστευσεν
821 721 959 782 εἶναι
1010 729 1196 800 μοιχὸν
1226 729 1320 784 καὶ
1347 733 1584 799 γυναῖκα
1627 731 1951 802 ἠδικηκέναι

337 903 340 908 .
366 838 469 911 τὴν
498 839 685 904 αὐτοῦ,
709 839 808 893 οὐκ
837 841 1113 912 ἀπέτεμεν
1138 843 1362 908 εὐθέως,
1397 843 1518 898 οὐδέ
1549 845 1684 918 πυρὶ
1709 846 1953 918 παρέδω-

366 967 484 1016 κεν,
531 951 645 1004 ἀλλ’
684 950 857 1016 οὕτως
897 953 1182 1023 ἀλόγιστος
1225 954 1332 1023 ῶν,
1367 957 1445 1022 ῶς
1483 959 1549 1012 ἐκ
1594 961 1726 1030 μιᾶς
1761 958 1961 1030 μοίρας,

367 1042 772 1112 ἀποφήνασθαι,
807 1046 902 1099 καλ⁸
934 1047 1069 1117 μηδὲ
1122 1047 1284 1117 λόγου
1327 1050 1650 1120 μεταδοῦναι
1678 1052 1756 1124 τῷ
1784 1055 1955 1121 ἐγκα-

367 1153 636 1228 λουμένῳ,
681 1160 740 1212 ὲν
770 1160 847 1230 τῷ
878 1161 1054 1233 καιρῷ
1087 1164 1184 1234 τῆς
1229 1166 1498 1236 τιμωρίας
1537 1167 1737 1239 πολλὴν
1783 1168 1956 1220 ἐπιεί-

369 1285 524 1326 κειαν
553 1273 883 1341 ἐπεδείξατο,
913 1276 1007 1329 καὶ
1037 1276 1232 1345 ταῦτα,
1261 1278 1404 1351 ὀρῶν
1434 1279 1532 1352 τὴν
1559 1284 1792 1350 γυναῖκα
1829 1301 1958 1354 μαι-

367 1383 602 1456 νομένην
630 1426 644 1452 ,
691 1385 844 1461 [570]
891 1388 1190 1458 λυττῶσαν,
1248 1393 1369 1464 βίαν
1412 1395 1844 1468 ἀποδυρομένην,
1888 1399 1957 1452 τά

374 1495 564 1567 ἱμάτια
589 1499 919 1573 διερρωγότα
952 1506 1353 1576 περιφέρουσαν
1374 1547 1389 1572 ,
1425 1509 1520 1562 καὶ
1565 1511 1830 1580 μειζόνως
1863 1512 1958 1565 καὶ

374 1608 625 1664 ἐντεῦθεν
671 1612 1052 1686 ἐκκαιομένην,
1087 1616 1183 1669 καὶ
1225 1617 1528 1689 θρηνοῦσαν
1571 1623 1665 1676 καὶ
1698 1622 1958 1694 ὀλοφυρο-

380 1722 585 1795 μένην;
638 1725 776 1778 Ἀλλ’
821 1727 972 1798 ὅμως
999 1729 1203 1784 τούτων
1235 1731 1388 1786 οὐδὲν
1431 1734 1593 1788 αὐτὸν
1623 1737 1705 1801 είς
1742 1739 1958 1810 σφαγὴν

375 1837 560 1908 ἐξῆψε.
589 1839 779 1908 Πόθεν,
799 1842 918 1894 εἰπέ
954 1859 1078 1913 μοι;
1107 1845 1221 1900 Οὐκ
1249 1845 1468 1918 εὔδηλον
1493 1849 1574 1903 ὅτι
1600 1851 1629 1904 ὀ
1659 1851 1786 1916 τοὺς
1805 1851 1958 1905 λέον-

373 1964 473 2012 τας
503 1949 801 2020 χαλινώσας
823 1992 839 2016 ,
873 1954 969 2008 καὶ
1013 1955 1112 2028 τὴν
1143 1959 1373 2030 κάμινον
1415 1964 1766 2034 καταψύξας,
1805 1961 1959 2031 οὗτος

373 2064 470 2118 καὶ
497 2063 687 2136 θηρίου
713 2066 903 2122 τούτου
929 2070 1020 2124 τὸν
1047 2071 1284 2145 ἄμετρον
1302 2075 1502 2149 ἐπέσχε
1524 2077 1718 2150 θυμὸν,
1745 2083 1838 2135 καὶ
1859 2082 1959 2154 τὴν

375 2176 581 2246 ἄφατον
624 2181 792 2254 ὀργὴν
837 2182 1080 2251 ἔσϐεσεν,
1128 2187 1204 2252 ὡς
1247 2191 1580 2264 κερασθῆναι
1631 2196 1961 2268 συμμέτρως

374 2289 476 2362 τὴν
503 2293 810 2364 τιμωρίαν;
842 2296 1013 2350 Τοῦτο
1040 2298 1135 2352 καὶ
1165 2301 1222 2354 ἐν
1245 2300 1323 2372 τῷ
1343 2302 1701 2377 δεσμωτηρίῳ
1733 2307 1948 2378 συμϐὰν

379 2400 478 2454 ίδοι
504 2419 587 2466 τις
618 2404 702 2459 ἀν.
736 2406 965 2478 Δεθῆναι
1001 2410 1099 2480 μὲν
1126 2411 1235 2483 γάρ
1271 2414 1435 2469 αὐτὸν
1461 2417 1826 2490 συνεχώρησε,
1865 2421 1959 2474 καὶ

379 2514 518 2584 μετά
546 2515 656 2570 τῶν
683 2518 989 2574 καταδίκων
1015 2516 1178 2590 εἶναι,
1206 2524 1308 2595 τῆς
1336 2527 1392 2579 δὲ
1427 2527 1520 2580 τοῦ
1553 2528 1962 2599 δεσμοφύλακος

373 2635 645 2707 ἀπηνείας
684 2637 1008 2712 ἐξήρπασεν.
1045 2626 1214 2700 Οἶσθα
1254 2648 1362 2720 γὰρ
1396 2646 1506 2705 οἶόν
1540 2653 1656 2706 ἐστι
1693 2653 1962 2726 δεσμοφύ-

373 2754 506 2822 λαξ·
557 2758 672 2811 ἀλλ’
703 2760 898 2833 ἐκείνῳ
928 2765 1049 2818 τότε
1083 2769 1259 2839 πρᾶος
1291 2772 1384 2824 καὶ
1411 2773 1618 2845 ἥμερος
1650 2769 1738 2846 ἦν,
1769 2777 1864 2831 καὶ
1895 2779 1958 2832 οὐ

378 2874 538 2945 μόνον
576 2877 677 2931 οὐκ
710 2879 994 2938 ἀπέτεινεν
1039 2886 1203 2943 αὐτὸν
1243 2890 1426 2955 πόνοις
1469 2891 1633 2959 τισὶν,
1684 2895 1822 2949 ἀλλά
1866 2899 1962 2953 καὶ

373 2997 611 3071 ἄρχοντα
640 3005 854 3060 πάντων
890 3007 1113 3078 ἐποίησε
1156 3009 1264 3064 τῶν
1290 3011 1512 3078 αὐτόθι,
1543 3015 1639 3068 καὶ
1674 3017 1849 3072 ταῦτα
1885 3020 1963 3084 ὡς

372 3122 567 3192 μοιχὸν
599 3124 926 3196 δεξάμενος,
960 3130 1271 3198 κατάδικον,
1311 3133 1404 3186 καὶ
1441 3134 1628 3205 μοιχὸν
1668 3138 1958 3210 ἐπίσημον.

372 3242 454 3295 οὐ
500 3245 609 3316 γάρ
656 3249 736 3310 εἰς
781 3250 958 3302 οἰκίαν
1007 3253 1230 3325 εὐτελῆ,
1275 3256 1390 3309 ἀλλ’
1441 3259 1522 3320 είς
1575 3262 1818 3335 μεγάλην
1869 3267 1965 3321 καὶ

377 3362 641 3438 λαμπρὰν
659 3369 718 3422 τὸ
739 3369 924 3442 δρᾶμα
940 3373 1097 3428 τοῦτο
1115 3376 1483 3449 τετολμῆσθαι
1504 3382 1804 3455 ἐνομίζετο.
1824 3388 1963 3444 Ἀλλ’

375 3487 531 3560 ὅμως
571 3491 721 3547 οὐδὲν
753 3493 955 3549 τούτων
1001 3497 1205 3554 ἐκεῖνον
1255 3503 1522 3575 ἐφόϐησεν
1545 3545 1561 3570 ,
1591 3506 1713 3561 οὐδὲ
1748 3507 1965 3567 ἔπεισεν

381 3608 577 3682 ἐκείνῳ
608 3612 850 3681 γίνεσθαι
882 3617 1135 3688 χαλεπόν.
1167 3622 1331 3678 Ἀλλά
1361 3625 1454 3678 καὶ
1481 3627 1532 3679 οἱ
1568 3627 1822 3698 στέφανοι
1854 3633 1967 3688 ἀπὸ

383 3734 494 3790 τῶν
522 3737 865 3810 παθημάτων
898 3744 1191 3801 ἐπλέκοντο
1211 3765 1225 3778 ³
1265 3750 1360 3804 καὶ
1385 3754 1416 3823 ἡ
1444 3753 1541 3806 τοῦ
1567 3755 1705 3809 Θεοῦ
1746 3775 1808 3811 συ
1817 3776 1967 3830 μμα-

377 3858 472 3928 χία
509 3861 648 3930 μετά
685 3865 889 3937 πολλῆς
913 3869 1139 3941 ἐπέρρει
1175 3872 1274 3944 τῆς
1296 3874 1594 3946 δαψιλείας,
1634 3879 1967 3954 Ἐϐουλόμην

379 3983 475 4034 καὶ
493 3981 680 4054 ἕτερον
707 3987 1022 4057 προσθεῖναι
1052 3993 1116 4062 τῇ
1147 3993 1404 4067 ἐπιστολῇ
1438 3995 1613 4068 μῆκος
1634 4015 1647 4028 ·
1675 3998 1789 4052 ἀλλ’
1811 3999 1964 4054 ἐπει-

379 4101 444 4173 δὴ
489 4105 583 4158 καὶ
617 4106 776 4160 τοῦτο
813 4109 952 4179 μετά
992 4111 1196 4182 πολλῆς
1224 4114 1321 4185 τῆς
1366 4117 1684 4187 περιουσίας
1715 4113 1867 4190 οἶμαι
1906 4121 1968 4174 τδ

385 4224 584 4296 μέτρον
621 4227 1096 4300 ὑπερϐεϐηκέναι,
1138 4233 1372 4288 ἐνταῦθα
1405 4237 1718 4302 καταλύσας
1752 4240 1844 4294 τὸν
1886 4241 1968 4294 λό-

381 4360 500 4414 γον,
541 4347 715 4400 ἐκεῖνο
760 4350 1065 4420 παρακαλῶ
1099 4369 1192 4406 σου
1225 4353 1324 4422 τὴν
1363 4354 1668 4424 εὐλάϐειαν,
1711 4359 1848 4432 ὅπερ
1880 4361 1967 4415 ἀεὶ

381 4466 660 4522 διετέλεσα
694 4471 1051 4542 παρακαλῶν,
1099 4473 1336 4545 ἀθυμίας
1366 4476 1466 4547 μὲν
1505 4478 1965 4552 ἀπαλλάττεσθαι,

381 4587 627 4654 δοξάζειν
676 4590 735 4644 δὲ
780 4592 874 4645 τὸν
925 4593 1088 4660 Θεὸν,
1139 4596 1276 4669 ὅπερ
1335 4600 1423 4653 ἀεὶ
1477 4603 1820 4675 πεποίηκας,
1873 4609 1968 4661 καὶ

385 4711 613 4768 ποιοῦσα
646 4715 928 4782 διατελεῖς,
962 4719 1193 4790 χάριτας
1216 4720 1552 4792 ὁμολογοῦσα
1582 4726 1722 4799 ὑπὲρ
1746 4727 1968 4785 πάντων

384 4830 535 4903 αὐτῷ
572 4833 681 4888 τῶν
710 4837 962 4906 χαλεπῶν
987 4841 1190 4896 τούτων
1216 4843 1311 4898 καὶ
1341 4845 1639 4918 ὀδυνηρῶν.
1673 4808 1831 4906 Οὕτω
1861 4854 1970 4925 γὰρ

386 4955 482 5010 καὶ
509 4955 651 5027 αὐτὴ
679 4957 746 5012 τά
793 4959 1025 5030 μέγιστα
1057 4964 1240 5034 ἀγαθά
1279 4967 1548 5042 καρπώσῃ
1574 5011 1589 5036 ,
1621 4973 1715 5026 καὶ
1743 4973 1822 5046 τῷ
1847 4975 1967 5028 δια-

387 5077 528 5148 ϐόλῳ
561 5079 781 5149 καιρίαν
807 5081 996 5148 δώσεις
1025 5085 1261 5160 πληγὴν,
1302 5092 1396 5146 καὶ
1425 5093 1626 5166 πολλὴν
1652 5097 1784 5168 ἡμῖν
1816 5117 1962 5172 παρ-

385 5201 528 5269 έξεις
571 5203 940 5277 παράκλησιν,
991 5209 1085 5263 καὶ
1118 5212 1217 5283 τῆς
1249 5213 1487 5287 ἀθυμίας
1527 5217 1591 5273 τὸ
1636 5219 1798 5292 νέφος
1831 5223 1971 5294 μετά

389 5321 591 5393 πολλῆς
625 5322 886 5394 ἀφανίσαι
922 5327 1122 5402 δυνήσῃ
1153 5334 1250 5405 τῆς
1283 5336 1568 5406 εὐκολίας,
1605 5341 1697 5396 καὶ
1725 5341 1972 5416 καθαρᾶς

391 5440 696 5499 ἀπολαῦσαι
725 5447 985 5520 γαλήνης.
1018 5452 1111 5524 Μὴ
1141 5452 1205 5524 δὴ
1233 5459 1703 5529 καταμαλακίζου,
1727 5463 1844 5518 ἀλλ’
1872 5465 1970 5522 ἀν-

391 5563 689 5630 ενεγκοῦσα
714 5565 821 5619 ἀπὸ
846 5567 941 5622 τοῦ
981 5569 1192 5624 καπνοῦ
1228 5573 1419 5629 τούτου
1462 5578 1692 5649 (καπνοῦ
1717 5583 1849 5656 γὰρ,
1876 5586 1973 5640 ἐὰν

393 5684 584 5756 θέλῃς,
623 5689 804 5760 ῥᾴδιον
833 5691 1207 5760 διασκεδάσεις
1233 5699 1412 5753 πᾶσαν
1439 5702 1538 5772 τὴν
1569 5704 1806 5777 ἀθυμίαν
1838 5709 1972 5763 ταύ-

393 5806 540 5878 την),
574 5809 734 5880 δῆλον
777 5814 936 5869 τοῦτο
961 5818 1123 5874 πάλιν
1152 5820 1378 5892 ποίησον
1409 5824 1563 5894 ἡμῖν,
1607 5826 1691 5880 ἵνα
1717 5830 1810 5885 καὶ
1839 5833 1976 5904 πόρ-

1075 388 1130 444 S.
1172 386 1454 445 JOANNIS
1492 382 1973 444 CHRYSOSTOMI
2013 383 2334 445 ARCHIEP.
2374 389 2925 449 CONSTANTINOP.

3541 393 3643 449 590

2056 506 2228 578 ρωθεν
2253 508 2424 576 ὄντες,
2462 510 2664 582 πολλὴν
2698 510 2806 564 ἀπὸ
2842 509 2953 562 τῶν
3000 506 3260 561 τοιούτων
3290 505 3640 578 γραμμάτων

2059 625 2483 699 καρπωσῶμεθα
2503 627 2602 700 τὴν
2625 624 2984 698 εὐφροσύνην.

2355 838 2513 908 Πρὸς
2539 837 2655 907 τὴν
2680 835 2876 906 αὐτὴν
2901 834 3196 904 ἐπιστολὴ
3221 839 3302 892 Δ¹.

2127 1011 2197 1066 α’.
2231 1010 2344 1082 Τῆς
2374 1011 2735 1084 σφοδρότητος
2762 1009 2948 1063 ἐνεκεν
2973 1007 3067 1062 τοῦ
3091 1006 3380 1080 χειμῶνος,
3414 1007 3512 1060 καὶ
3543 1006 3640 1079 τῆς

2055 1123 2150 1176 τοῦ
2195 1124 2464 1195 στομάχου
2510 1122 2668 1195 ἡμῶν
2707 1121 3010 1186 ἀσθενείας,
3051 1120 3147 1174 καί
3181 1119 3290 1172 τῶν
3312 1117 3641 1190 Ἰσαυρικῶν

2063 1236 2440 1308 καταδρομῶν,
2499 1237 2665 1308 μηδὲν
2710 1235 2898 1289 ἕνεκεν
2941 1234 3149 1306 ἡμῶν*
3191 1232 3452 1304 μερίμνα,
3507 1232 3644 1304 μηδέ

2066 1348 2349 1404 κατάτεινε
2381 1349 2584 1421 σαυτὴν
2620 1349 2916 1422 φροντίσιν.
2953 1348 3014 1402 '0
3044 1347 3144 1419 μὲν
3168 1347 3276 1418 γὰρ
3317 1346 3525 1418 χειμὼν
3553 1346 3646 1415 γέ-

2063 1478 2219 1530 γονεν
2259 1456 2371 1515 οἷον
2410 1462 2556 1524 εἰκὸς
2607 1461 2666 1513 ἐν
2699 1459 2960 1532 Ἀρμενίᾳ
2993 1453 3169 1514 εῖναι·
3206 1461 3360 1514 οὐδὲν
3403 1460 3515 1530 γὰρ
3567 1460 3646 1514 δει

2063 1578 2226 1631 πλέον
2255 1579 2432 1631 εἰπεῖν
2451 1594 2462 1607 ’
2482 1579 2632 1648 ἡμᾶς
2645 1577 2702 1631 δέ
2717 1577 2778 1630 οὐ
2806 1576 2950 1648 μέγα
2963 1594 3016 1630 τι
3039 1575 3440 1648 παραϐλάπτει.
3461 1573 3649 1628 Ταῦτα

2061 1695 2173 1767 γὰρ
2228 1695 2595 1769 προορῶντες,
2645 1693 2818 1749 πολλὰ
2862 1693 3233 1766 μηχανώμεθα
3271 1692 3408 1765 πρός
3441 1694 3506 1746 τὺ
3548 1693 3648 1764 τὴν

2061 1818 2312 1872 ἐντεῦθεν
2345 1815 2769 1889 διακρούσασθαι
2800 1815 3038 1889 βλάϐην,
3095 1815 3191 1871 καὶ
3222 1813 3334 1887 πῦρ
3361 1814 3650 1869 ἀνακαίον-

2060 1959 2155 2007 τες
2186 1941 2426 2013 συνεχῶς
2448 1981 2463 2007 ,
2493 1942 2589 1995 καί⁸
2625 1942 2686 1995 τὸ
2731 1941 3029 2013 δωμάτιον,
3077 1938 3206 1993 ἔνθα
3243 1938 3648 2008 καταμένομεν,

2062 2061 2403 2134 πανταχόθεν
2424 2060 2577 2135 [571]
2599 2061 3080 2133 περιφράττοντες,
3096 2059 3190 2113 καὶ
3210 2058 3553 2130 ἐπιϐλήμασι
3571 2073 3654 2110 κε-

2059 2183 2326 2256 χρημένοι
2344 2183 2572 2249 πλείοσι,
2594 2183 2689 2237 καί¹
2704 2183 2791 2236 διά
2811 2181 3009 2245 παντὸς
3024 2180 3172 2235 ἔνδον
3190 2179 3652 2252 μένοντες.⁹οπερ

2061 2299 2182 2353 ἐστί
2199 2299 2298 2370 μὲν
2313 2299 2447 2370 ἡμῖν
2464 2297 2721 2368 ἐπαχθὲς,
2752 2297 2891 2367 πλὴν
2907 2295 2994 2349 διὰ
3008 2295 3068 2349 τὸ
3092 2293 3341 2348 ἐντεῦθεν
3357 2291 3550 2363 κέρδος
3568 2308 3655 2358 φο·

2066 2419 2248 2492 ρητόν.
2265 2419 2415 2483 Ἕως
2447 2419 2546 2491 μὲν
2564 2418 2674 2489 γὰρ
2701 2418 2848 2472 ἔνδον
2881 2417 3152 2488 μένωμεν,
3173 2415 3234 2469 οὐ
3261 2414 3468 2486 σφόδρα
3484 2431 3651 2466 κατα⁴

2061 2539 2352 2611 τεινόμεθα
2376 2539 2455 2610 τῷ
2485 2538 2681 2612 κρυμῷ
2701 2556 2717 2569 “
2755 2538 2850 2592 ἐὰν
2879 2538 2934 2592 δὲ
2970 2535 3404 2607 ἀναγκασθῶμεν
3457 2533 3655 2606 μικρὸν

2063 2660 2364 2731 προελθεῖν,
2383 2660 2478 2715 καὶ
2505 2659 2703 2731 τῷέξω
2716 2659 2971 2730 ὁμιλῆσαι
2995 2657 3138 2730 ἀέρι,
3155 2657 3215 2710 οὐ
3242 2655 3450 2727 μικράν
3480 2671 3652 2726 προσ·

2061 2783 2361 2856 τριϐόμεθα
2383 2783 2608 2855 βλάϐην.
2641 2783 2734 2836 Διὸ
2764 2783 2857 2836 καὶ
2878 2781 2980 2854 τὴν
3011 2780 3307 2852 τιμιότητά
3341 2797 3437 2833 σου
3472 2796 3655 2850 παρα-

2063 2904 2234 2972 καλῶ,
2277 2905 2373 2960 καὶ
2401 2906 2458 2959 ἐν
2511 2905 2774 2978 μέγιστης
2808 2903 2945 2959 αἰτῶ
2981 2902 3203 2975 χάριτος
3236 2903 3416 2974 μέρει,
3449 2901 3655 2971 πολλὴν

2065 3029 2336 3083 ποιεῖσθαι
2353 3029 2690 3100 ἐπιμέλειαν,
2707 3028 2848 3082 ὥστε
2868 3027 2966 3099 τὴν
2981 3027 3076 3081 τοῦ
3106 3025 3358 3098 σώματός
3400 3042 3496 3077 σου
3511 3025 3656 3096 διορ⁴⁵

2065 3151 2192 3207 θοῦν
2219 3152 2525 3208 ἀσθένειαν.
2546 3153 2698 3206 Ποιεί
2715 3153 2814 3224 μὲν
2832 3152 2940 3224 γὰρ
2952 3151 3110 3205 νόσον
3136 3151 3232 3205 καὶ
3257 3149 3474 3221 ἀθυμία
3490 3167 3503 3181 ·
3523 3150 3652 3203 ὅταν

2064 3275 2121 3328 δὲ
2152 3275 2247 3330 καὶ
2273 3275 2432 3347 σῶμα
2464 3270 2830 3347 πεπονηκὺςῇ
2867 3273 2961 3327 καὶ
2986 3272 3441 3344 ἐξησθενημένον,
3478 3272 3573 3324 καὶ
3599 3271 3656 3322 ἐν

2065 3396 2296 3469 ἀμελείᾳ
2317 3397 2640 3469 διακέηταιι)
2663 3396 2854 3470 πολλῇ,
2869 3397 2964 3450 καὶ
2987 3397 3123 3468 μήτε
3159 3394 3358 3466 ἰατρῶν
3380 3392 3652 3464 ἀπολαύῃ,

2070 3520 2208 3592 μήτε
2251 3519 2431 3590 ἀέρων
2471 3518 2804 3589 εὐκρασίας,
2845 3519 2981 3590 μήτε
3028 3517 3130 3589 τῆς
3170 3515 3279 3570 τῶν
3330 3514 3653 3586 ἐπιτηδείων

2067 3635 2350 3706 ἀφθονίας,
2381 3637 2655 3708 ἐννόησον,
2679 3637 2764 3690 ὅτι
2784 3637 2844 3690 οὐ
2873 3636 3046 3708 μικρά
3084 3636 3336 3690 ἐντεῦθεν
3368 3635 3652 3707 προσθήκη

2067 3765 2279 3830 γίνεται
2307 3759 2401 3814 τοῦ
2418 3759 2619 3814 δεινοῦ.
2647 3759 2738 3814 Διό
2768 3758 3074 3831 παρακαλῶ
3093 3775 3192 3812 σου
3218 3756 3316 3830 τὴν
3346 3755 3654 3828 τιμιότητα,

2068 3884 2164 3937 καὶ
2215 3887 2422 3955 ἰατροῖς
2471 3883 2751 3956 διαφόροις
2778 3883 2875 3937 καὶ
2904 3882 3191 3954 ἐμπείροις
3224 3881 3323 3936 καὶ
3343 3879 3655 3952 φαρμάκοις

2068 4004 2326 4076 χρῆσθαι,
2349 4007 2462 4070 τοῖς
2484 4003 2554 4059 τά
2579 4006 2804 4059 τοιαῦτα
2833 4004 3080 4076 διορθοῦν
3115 4003 3452 4075 δυναμένοις.
3503 4003 3653 4055 Ἐπεὶ

2068 4125 2166 4179 κςιί¹
2189 4125 2350 4196 ἡμεῖς
2378 4124 2484 4197 πρὸ
2515 4123 2719 4180 τούτων
2738 4124 2846 4179 τῶν
2871 4124 3067 4194 ὀλίγων
3095 4123 3341 4197 ἡμερῶν,
3365 4121 3652 4192 εὐεμπτῶ-

2068 4262 2178 4308 τως
2206 4247 2339 4316 ἡμῖν
2365 4243 2582 4313 ἔχοντος
2618 4242 2710 4298 τοῦ
2765 4243 3039 4314 στομάχου
3079 4241 3220 4312 πρὸς
3245 4241 3370 4304 τοὺς
3404 4239 3650 4311 ἐμέτους,

2070 4366 2134 4418 ἐκ
2161 4362 2264 4434 τῆς
2286 4361 2381 4416 τοῦ
2409 4362 2573 4434 ἀέρος
2601 4363 3011 4430 καταστάσεως,
3036 4364 3102 4434 τῇ
3123 4379 3182 4415 τε
3202 4361 3340 4432 ἀλλῃ
3366 4359 3655 4430 ἐπιμελείᾳ

2070 4488 2428 4560 χρησάμενοι,
2451 4488 2546 4542 καὶ
2571 4487 2649 4560 τῷ
2676 4487 2954 4561 φαρμάκῳ
2980 4486 3059 4559 τῷ
3085 4483 3479 4555 ἀπεσταλμένη)
3505 4479 3657 4552 παρά

2068 4612 2170 4682 τῆς
2210 4613 2404 4683 κυρίας
2440 4629 2542 4683 μου
2591 4611 2690 4682 τῆς
2727 4609 3112 4681 κοσμιωτάτης
3145 4606 3478 4677 Συγκλητίου
3506 4643 3524 4669 ,
3563 4603 3656 4656 καὶ

2069 4735 2130 4789 οὐ
2153 4735 2437 4806 δεηθέντες
2459 4733 2636 4789 επλέον
2667 4734 2700 4806 ἢ
2734 4733 2902 4805 τριῶν
2933 4731 3158 4805 ἡμερῶν
3205 4730 3336 4784 αὐτό
3360 4727 3651 4789 ἐπιθεῖναι,

2069 4855 2460 4928 διωρθώσαμεν
2491 4852 2658 4909 αὐτοῦ
2684 4854 2784 4926 τὴν
2807 4853 3114 4907 ἀσθένειαν.
3142 4849 3452 4924 Παρακαλῶ
3479 4849 3655 4902 τοίνυν

2072 4977 2167 5030 καὶ
2193 4975 2363 5046 αὐτὴν
2395 4974 2455 5027 σὲ
2486 4971 2796 5045 χρήσασθαι
2841 4971 3038 5043 τούτῳ,
3091 4971 3188 5024 καὶ
3236 4968 3653 5040 παρασκευάσαι

2073 5098 2238 5153 πάλιν
2261 5098 2392 5169 ἡμῖν
2430 5095 2492 5162 ἐξ
2518 5093 2684 5150 αὐτοῦ
2711 5094 3048 5166 πεμφθῆναι.
3077 5095 3189 5147 Καὶ
3214 5093 3330 5165 γὰρ
3367 5093 3464 5146 καὶ
3493 5093 3652 5148 πάλιν

2072 5220 2457 5293 αἰσθανόμενοι
2479 5237 2624 5283 τινος
2654 5218 2986 5290 ἀνατροπῆς,
3023 5217 3183 5272 πάλιν
3217 5215 3366 5287 αὐτῷ
3414 5217 3652 5292 ἐχρησά-

2077 5342 2238 5416 μεθα,
2271 5341 2366 5397 καὶ
2395 5340 2455 5396 τὸ
2484 5341 2592 5394 πᾶν
2621 5314 3031 5411 διωρθώσαμεν.
3073 5335 3184 5390 Καὶ
3212 5335 3325 5407 γὰρ
3343 5335 3648 5406 φλεγμονὰς

2073 5464 2426 5520 καταστέλλει
2455 5464 2556 5527 τάς
2595 5463 2654 5516 ἐν
2683 5461 2762 5534 τῷ
2812 5461 2986 5532 βάθει,
3022 5461 3202 5516 νοτίδα
3237 5463 3523 5534 ἀνιμᾶται,
3557 5461 3648 5517 καὶ

2077 5587 2408 5660 συμμέτρως
2449 5587 2568 5640 ἐστὶ
2592 5584 2816 5658 θερμὸν,
2849 5583 2944 5637 καὶ
2982 5583 3132 5637 τόνον
3167 5583 3438 5654 ἐντίθησιν
3467 5583 3526 5636 οὐ
3558 5582 3644 5638 τόν

2137 5798 2162 5826 ει
2190 5785 2270 5834 Sic
2291 5795 2462 5832 omnes
2493 5794 2607 5829 mss.
2637 5781 2688 5830 In
2716 5779 2864 5831 edilis
2882 5776 3006 5830 illud
3028 5778 3182 5828 ιντκεν
3207 5779 3346 5840 ἡμῶν
3365 5777 3522 5827 deest.

2138 5847 2167 5888 b
2192 5847 2317 5897 Tres
2336 5857 2450 5894 mss.
2476 5843 2666 5903 κέηται.
3470 5867 3472 5869 ·
