3906 6430
289 378 386 433 ii'Jl
995 381 1050 440 S.
1090 383 1370 442 JOANNIS
1405 384 1884 443 CllRYSOSTOMl
1923 385 2241 445 ARCHIEP.
2282 388 2817 449 CONSTANTINOP.

279 493 514 564 vigorem
548 493 688 552 haud
716 498 984 570 vulgarem
1014 499 1200 568 affert,
1231 509 1286 557 et
1308 501 1551 558 ciborum
1578 504 1871 573 appetitum

284 590 485 643 excitat
531 605 547 644 :
595 599 758 662 atque
799 592 988 648 harum
1029 594 1269 650 omnium
1298 611 1480 652 rerum
1513 597 1668 652 nobis
1695 598 1878 667 paucis

286 679 477 735 diebus
523 683 948 751 experimentum
989 685 1242 754 praebuit.
1285 687 1394 744 Fac
1436 689 1597 760 igitur
1631 689 1881 746 dominus

290 785 444 826 meus
466 785 587 827 cum
608 774 794 843 primis
817 777 1150 832 venerandus
1175 777 1503 850 TheOphilus
1531 781 1725 836 Comes
1752 797 1880 837 exo-

291 869 440 917 retur
454 903 470 927 ,
498 872 554 917 nt
574 863 729 919 nobis
750 881 962 922 rursum
983 867 1124 924 idem
1143 869 1594 926 medicamentum
1613 872 1878 934 conﬁciat,

291 965 450 1024 atque
474 954 539 1009 ad
575 969 675 1013 nos
705 953 901 1010 mittat.
927 957 1038 1016 Nec
1067 975 1197 1018 vero
1222 959 1325 1017 hoc
1354 961 1569 1018 nomine
1594 963 1886 1018 discrucio-

291 1047 405 1113 ris,
446 1047 588 1117 quod
633 1063 734 1105 nos
772 1048 861 1106 hic
903 1049 1203 1108 biememus
1242 1071 1258 1108 :
1298 1053 1471 1110 multo
1495 1055 1634 1111 enim
1663 1055 1886 1114 meliore

292 1155 434 1194 nunc
457 1149 619 1212 atque
653 1143 1042 1213 commodiore,
1075 1161 1234 1217 quam
1261 1149 1522 1218 superiori
1545 1163 1707 1214 anno,
1738 1149 1887 1205 vale-

293 1230 475 1287 tudine
511 1247 700 1292 sum-us
746 1251 762 1290 :
807 1250 975 1306 quare
997 1238 1041 1292 si
1083 1246 1140 1293 tu
1176 1254 1394 1310 quoque
1417 1280 1434 1308 ,
1464 1255 1623 1312 quam
1653 1255 1751 1312 par
1769 1249 1884 1309 est,

292 1338 476 1377 curam
522 1323 831 1395 adhiberes,
875 1329 1046 1384 multo
1088 1329 1286 1385 melius
1311 1331 1543 1388 valeres.
1572 1331 1726 1401 Quod
1751 1333 1796 1388 si
1821 1347 1887 1388 ex

298 1413 464 1469 animi
493 1417 749 1473 mmstitia
771 1419 992 1476 morbos
1011 1430 1132 1478 tuos
1151 1431 1327 1478 ortum
1343 1423 1559 1480 duxisse
1577 1425 1679 1491 ais,
1700 1425 1890 1496 ecquid

296 1519 483 1573 rursus
527 1521 558 1562 a
606 1508 761 1564 nobis
802 1510 1062 1580 epistolas
1091 1514 1350 1584 requiris,
1381 1529 1502 1570 cum
1535 1515 1660 1570 hinc
1686 1515 1754 1571 ad
1782 1517 1892 1571 ala—

297 1596 542 1652 critatem
571 1599 737 1655 animi
763 1601 899 1657 nihil
929 1604 1131 1660 fructus
1159 1606 1402 1676 ceperis,
1434 1622 1618 1664 verum
1645 1609 1893 1665 maeroris

301 1688 459 1744 undis
487 1689 557 1746 ita
579 1690 824 1747 demersa
853 1694 927 1749 sis
951 1735 967 1761 ,
997 1703 1056 1750 ut
1083 1711 1225 1752 nunc
1245 1698 1406 1753 etiam
1435 1714 1500 1754 ex
1531 1699 1633 1755 hac
1651 1700 1760 1755 vita
1789 1701 1892 1754 mi-

301 1795 463 1848 grare
515 1783 754 1851 cupias?
805 1786 888 1840 An
943 1787 1156 1860 ignoras
1205 1801 1400 1861 quanta
1454 1791 1647 1848 animae
1696 1793 1896 1863 gratias

301 1871 479 1940 agenti
500 1881 721 1942 propter
745 1875 991 1932 morbum
1014 1895 1230 1951 quoque
1251 1897 1463 1937 merces
1481 1884 1768 1939 constituta
1789 1885 1896 1940 sit?

301 1965 494 2019 Annon
522 1965 588 2022 de
615 1965 714 2023 hac
734 1983 795 2024 re
813 1979 868 2025 et
887 1985 1068 2029 coram
1090 2014 1108 2042 ,
1146 1984 1202 2030 et
1233 1991 1330 2046 per
1362 1976 1546 2033 literas
1570 1992 1811 2050 persmpe
1830 1978 1896 2034 ad

304 2065 357 2111 te
399 2057 674 2129 disserui?
714 2064 785 2120 At
828 2067 1082 2136 quoniam
1119 2076 1172 2124 te
1201 2068 1430 2127 fortasse
1451 2072 1538 2127 vel
1561 2073 1896 2143 negotiorum

303 2150 454 2205 turba
475 2192 492 2219 ,
521 2152 606 2208 vel
627 2152 739 2224 ipsa
769 2157 940 2214 morbi
973 2167 1192 2226 natura,
1218 2171 1274 2218 et
1298 2161 1503 2218 crebra:
1521 2163 1895 2230 adversitates,

301 2257 487 2299 eorum
527 2260 646 2317 quae
687 2263 718 2302 a
754 2249 911 2308 nobis
933 2250 1075 2308 dicta
1102 2265 1229 2310 sunt
1253 2256 1567 2311 memoriam
1595 2257 1778 2312 animo
1806 2266 1896 2312 tuo

303 2348 563 2407 perpetuo
611 2341 935 2400 insidentem
975 2345 1176 2402 habere
1219 2363 1328 2403 non
1370 2348 1588 2416 sinunt,
1636 2348 1762 2404 audi
1803 2363 1900 2403 nos

304 2445 522 2486 rursum
571 2437 823 2491 maeroris
872 2438 949 2492 tui
994 2437 1261 2496 ulceribus
1303 2440 1493 2496 eadem
1538 2440 1843 2497 accinentes
1881 2458 1896 2494 :

305 2522 506 2580 Eadem
526 2527 658 2582 enim
680 2529 914 2596 scribere,
942 2531 1070 2586 mihi
1091 2533 1294 2603 quidem
1322 2551 1425 2590 non
1447 2534 1669 2606 pigrum,
1693 2535 1898 2606 inquit,

305 2618 444 2672 vobis
471 2628 640 2674 autem
669 2631 832 2676 tutum
859 2632 932 2677 est
952 2622 1210 2696 (Philipp.
1238 2626 1291 2683 3.
1325 2627 1401 2695 l).

376 2710 432 2765 2.
491 2711 746 2767 Patientia
806 2715 936 2770 nihil
986 2715 1300 2787 gloriosius;
1341 2719 1514 2772 morbo
1571 2719 1700 2774 nihil
1759 2735 1900 2774 acer-

308 2801 436 2856 bius.
457 2833 529 2845 —-
548 2802 686 2872 Quid
731 2804 892 2876 igitur
933 2807 1050 2874 aio,
1086 2823 1150 2862 ac
1177 2807 1346 2863 literis
1373 2809 1602 2864 mando?
1630 2809 1769 2864 Nihil
1795 2819 1899 2878 est,

310 2895 614 2966 Olympias,
669 2898 811 2967 quod
855 2899 923 2954 ad
983 2900 1191 2956 laudem
1233 2911 1288 2957 et
1327 2903 1550 2972 gloriam
1599 2903 1900 2974 adipiscen-

307 2986 428 3040 dam
455 3002 576 3042 cum
601 2989 853 3058 patientia
877 2993 928 3045 in
948 2990 1223 3048 doloribus
1244 2993 1576 3062 perferendis
1599 2995 1902 3065 comparari

309 3081 494 3148 possit.
526 3081 660 3138 Nam
685 3097 750 3138 ea
772 3083 1069 3152 praesertim
1089 3084 1345 3140 virtutum
1369 3085 1576 3156 regina,
1599 3094 1653 3140 et
1676 3101 1904 3141 corona-

309 3186 426 3226 rum
468 3187 604 3242 apex
648 3182 732 3230 est
755 3190 769 3228 :
794 3183 847 3229 et
874 3174 1328 3244 quemadmodum
1367 3190 1432 3232 ea
1462 3175 1748 3233 virtutibus
1781 3177 1904 3233 aliis

312 3270 564 3330 prmstat,
609 3264 681 3318 ita
717 3265 772 3320 in
810 3280 873 3321 ea
909 3266 1010 3321 hoc
1046 3266 1380 3337 potissimum
1409 3281 1579 3337 genus
1604 3269 1725 3323 aliis
1751 3278 1902 3324 ante-

311 3352 477 3408 cellit.
521 3353 811 3410 Obscurius
855 3356 1129 3427 aliquanto
1179 3357 1407 3414 fortasse
1453 3367 1536 3414 est
1574 3359 1719 3429 quod
1758 3359 1900 3428 dico,

313 3443 512 3502 idcirco
545 3446 754 3516 planius
786 3463 850 3504 ac
887 3449 1171 3506 dilucidius
1209 3451 1350 3507 istud
1390 3451 1603 3507 faciam.
1636 3452 1902 3521 Quidnam

312 3541 471 3611 igitur
513 3549 596 3596 est
639 3541 785 3612 quod
829 3542 954 3597 aio?
992 3541 1111 3598 Non
1157 3543 1349 3615 opibus
1395 3544 1646 3614 spoliari,
1692 3544 1903 3599 etiamsi

310 3635 560 3690 omnibus
593 3649 812 3704 prorsus
839 3634 1177 3693 facultatibus
1206 3637 1466 3708 quispiam
1495 3637 1760 3705 nudetur,
1794 3653 1903 3694 non

313 3725 518 3783 honore
540 3726 718 3797 dejici,
750 3742 858 3784 non
887 3729 1071 3798 patriis
1098 3728 1315 3784 sedibus
1344 3728 1638 3796 exturbari,
1663 3739 1823 3800 atque
1847 3729 1903 3783 in

311 3818 557 3874 exsilium
586 3819 812 3887 abduci,
842 3835 946 3876 non
976 3820 1250 3877 laboribus
1294 3835 1359 3876 ac
1399 3820 1684 3877 sudoribus
1706 3821 1904 3876 distor~

313 3911 496 3978 queri,
529 3926 634 3966 non
665 3926 936 3968 carcerem
965 3912 1201 3968 incolere
1227 3927 1291 3968 ac
1319 3913 1523 3967 catenis
1545 3912 1766 3980 vinciri,
1795 3928 1902 3968 non

314 4003 529 4072 probra,
561 4014 618 4060 et
645 4007 906 4072 convicia,
939 4015 992 4061 et
1019 4015 1344 4084 scommata;
1389 4019 1564 4076 neque
1608 4006 1754 4062 enim
1783 4021 1907 4077 par-

312 4111 435 4148 vum
468 4095 764 4151 tolerantiae
811 4112 980 4167 genus
1023 4111 1144 4153 esse
1187 4097 1469 4152 existimes
1507 4112 1595 4152 res
1641 4096 1903 4168 ejusmodi

313 4197 536 4243 strenuo
570 4189 751 4244 animo
796 4188 970 4257 ferre,
1014 4191 1175 4261 idque
1215 4191 1454 4246 ostendit
1489 4190 1778 4258 Jeremias,
1824 4191 1908 4246 vir

313 4287 493 4333 tantus
523 4289 736 4350 tamque
760 4281 990 4336 eximius
1011 4281 1102 4351 qui
1127 4281 1229 4336 hac
1256 4281 1549 4336 tentatione
1573 4296 1678 4336 non
1703 4281 1908 4336 medio-

313 4370 479 4425 criter
518 4379 823 4425 commotus
860 4385 923 4426 ac
965 4371 1313 4441 perturbatus
1349 4381 1435 4426 est
1473 4368 1603 4441 (Jer.
1638 4370 1765 4442 {5);
1801 4386 1906 4425 non

313 4462 604 4518 liberorum
646 4461 864 4518 amissio
889 4503 905 4529 ,
944 4461 1156 4518 etiamsi
1200 4476 1388 4517 omnes
1425 4461 1704 4532 repentina
1733 4471 1908 4517 morte

313 4552 680 4623 abripiantur,
715 4569 821 4610 non
866 4553 1052 4610 hostes
1091 4553 1401 4624 frequenter
1431 4553 1766 4621 insultantes,
1800 4569 1906 4608 non

311 4644 456 4700 aliud
481 4647 754 4718 quidpiam
778 4645 1064 4717 ejusmodi,
1089 4661 1196 4702 non
1218 4646 1447 4716 denique
1469 4659 1616 4700 mors
1636 4647 1766 4714 ipsa,
1788 4660 1908 4716 quae

313 4753 493 4794 rerum
521 4742 760 4797 omnium
785 4783 802 4809 ,
831 4757 950 4812 quae
977 4740 1238 4797 molestiae
1262 4748 1317 4796 et
1340 4739 1646 4796 acerbitatis
1671 4739 1907 4809 speciem

315 4829 545 4898 habent,
577 4843 736 4902 caput
760 4844 864 4900 est,
894 4843 1056 4904 atque
1083 4847 1252 4904 usque
1295 4831 1433 4888 adeo
1479 4830 1828 4887 formidabilis
1855 4839 1910 4886 et

316 4919 582 4976 horrenda
609 4931 713 4988 est,
754 4939 907 4994 aeque
933 4926 1112 4995 gravis
1139 4934 1196 4982 et
1218 4925 1432 4993 acerba,
1461 4932 1520 4980 ut
1540 4924 1761 4980 adversa
1784 4939 1908 4979 cor-

315 5013 461 5082 poris
482 5013 754 5070 valetudo.
787 5015 884 5070 Cui
907 5017 984 5097 rei
1005 5017 1312 5072 testimonio
1332 5026 1416 5072 est
1434 5030 1676 5072 summus
1698 5015 1788 5070 ille
1810 5030 1905 5086 pa-

316 5103 517 5158 tientiae
544 5105 689 5174 pugil
721 5105 888 5176 (Job),
909 5106 1001 5177 qui
1023 5116 1303 5179 postquam
1325 5109 1377 5163 in
1401 5107 1642 5176 corporis
1662 5107 1908 5162 morbum

315 5193 528 5260 incidit,
571 5197 926 5264 prementium
975 5197 1238 5254 malorum
1268 5198 1640 5269 depulsionem
1681 5212 1908 5257 mortem

311 5301 433 5343 esse
452 5285 744 5357 judicavit;
773 5299 826 5344 et
855 5288 1092 5360 quidem,
1119 5306 1240 5347 eum
1267 5304 1459 5348 cuncta
1477 5292 1581 5347 alia
1599 5302 1913 5363 perpetere-

313 5386 420 5444 tur,
455 5378 677 5434 minime
701 5379 987 5448 sentiebat,
1011 5383 1253 5452 quamvis
1276 5383 1438 5439 etiam
1465 5385 1683 5441 crebras
1701 5385 1912 5456 sibique

314 5465 544 5525 invicem
572 5469 924 5528 succedentes
953 5473 1137 5544 plagas
1161 5473 1460 5543 accipiens.
1491 5489 1556 5531 ac
1582 5485 1910 5546 postremam

311 5561 712 5619 acerbissimam
736 5574 791 5618 et
813 5563 1050 5620 letalem.
1075 5562 1258 5636 Neque
1279 5566 1420 5620 enim
1451 5566 1556 5621 hoc
1579 5568 1759 5639 exigui
1788 5582 1910 5622 mo-

315 5653 482 5712 menti
519 5670 642 5713 esse
683 5656 976 5726 putandum
1015 5667 1135 5723 est,
1179 5674 1366 5714 verum
1411 5669 1665 5716 extremm
1699 5677 1912 5732 quoque

315 5751 465 5820 ejus,
511 5748 604 5820 qui
643 5749 842 5805 bellum
873 5750 973 5820 ipsi
1013 5749 1296 5815 inferebat,
1329 5750 1685 5822 improbitatis
1709 5763 1763 5808 et
1787 5768 1910 5807 vcr-

313 5841 494 5907 bllllie,
532 5839 678 5909 quod
706 5854 812 5895 non
852 5841 1056 5897 recenti
1101 5851 1155 5898 et
1199 5850 1421 5913 vegeto,
1453 5857 1516 5898 ac
1542 5853 1650 5898 tum
1678 5845 1912 5915 primum

3465 393 3575 451 599

1985 505 2039 560 in
2064 514 2338 563 certamen
2377 507 2743 575 descendenti,
2777 509 2872 565 sed
2897 509 3008 580 jam
3032 510 3413 566 continuerunt
3445 512 3577 567 telo-

1985 614 2102 654 rum
2151 600 2298 657 mole
2343 601 2608 666 confecto,
2654 614 2766 657 tum
2813 603 3045 674 denique
3089 602 3428 658 mortiferum
3482 605 3580 660 hoc

1986 690 2202 756 vulnus,
2245 691 2477 747 filiorum
2522 709 2714 763 nempe
2758 694 3066 758 interitum.
3115 694 3373 761 inferret,
3423 695 3583 766 idque

1989 790 2095 835 tam
2122 783 2356 852 graviter
2393 793 2448 838 et
2485 783 2676 840 acerbe
2698 825 2715 852 ,
2761 793 2820 840 ut
2861 801 2928 840 ex
2969 796 3196 856 utroque
3234 801 3369 842 sexu
3396 801 3585 843 omnes

1987 873 2185 942 subito,
2216 884 2273 930 et
2307 874 2589 930 immatura
2629 885 2815 945 astate,
2846 885 2901 932 et
2943 877 3171 933 violenta
3205 887 3381 933 morte
3407 879 3586 948 oppri-

1989 973 2177 1030 meret,
2201 980 2264 1020 ac
2285 967 2474 1021 mortis
2495 966 2711 1021 modum
2738 976 3214 1037 extemporaneum
3244 969 3374 1039 ipsis
3404 976 3587 1022 tumu-

1991 1057 2101 1112 lum
2143 1056 2404 1114 efliceret.
2451 1058 2636 1130 Neque
2683 1059 2827 1115 enim
2875 1071 3027 1131 pater
3064 1061 3305 1132 jacentes
3349 1063 3404 1116 in
3451 1061 3588 1116 lecto

1992 1147 2146 1214 vidit,
2177 1164 2278 1204 nec
2307 1165 2500 1206 manus
2525 1150 2867 1208 exosculatus
2892 1163 2996 1220 est,
3023 1167 3126 1208 nec
3153 1163 3397 1215 extrema
3425 1153 3587 1207 verba

1991 1241 2240 1312 excepit,
2276 1256 2376 1297 nec
2405 1241 2569 1312 pedes
2594 1253 2648 1300 et
2671 1257 2844 1315 genua
2886 1244 3080 1316 tetigit,
3105 1260 3207 1300 nec
3234 1244 3587 1300 moribundo-

1993 1347 2112 1388 rum
2151 1347 2245 1387 ora
2287 1335 2587 1400 contraxit,
2627 1335 2920 1406 oculosque
2962 1334 3180 1401 clausit;
3217 1351 3336 1406 quae
3370 1334 3589 1406 quidem

1995 1425 2324 1495 parentibus,
2348 1440 2476 1481 cum
2501 1440 2530 1479 a
2559 1424 2684 1482 ﬁliis
2707 1426 3057 1495 divelluutur,
3081 1441 3186 1482 non
3214 1440 3434 1498 parvam
3461 1440 3591 1480 con-

1995 1515 2311 1571 solationem
2358 1514 2620 1582 alterunt;
2671 1532 2771 1572 nec
2813 1517 2938 1572 aliis
2984 1517 3052 1573 ad
3103 1519 3404 1588 sepulcrum
3455 1532 3591 1587 prm-

1995 1606 2177 1662 missis
2201 1607 2337 1662 alios
2363 1606 2506 1662 domi
2539 1607 2775 1676 invenit,
2800 1624 2866 1664 ex
2891 1623 3117 1679 quorum
3143 1619 3362 1678 aspectu
3393 1622 3592 1662 maneo

1998 1714 2136 1768 rem,
2167 1715 2329 1770 quem
2356 1700 2391 1755 ii
2419 1701 2510 1771 qui
2537 1717 2568 1756 e
2592 1703 2700 1756 vita
2728 1711 3108 1768 excesserant,
3133 1703 3232 1773 ipsi
3263 1702 3589 1766 aﬂ'erebant,

1999 1791 2265 1848 minueret
2289 1810 2304 1847 :
2328 1808 2516 1846 verum
2560 1793 2794 1849 convivii
2827 1802 3089 1863 tempore,
3120 1802 3176 1848 et
3211 1794 3426 1863 quidem
3459 1809 3592 1847 con-

1999 1881 2146 1949 vivii,
2178 1897 2284 1936 non
2312 1883 2658 1951 temulentia,
2704 1884 2798 1938 sed
2835 1884 3059 1939 caritate
3083 1883 3345 1952 conferti,
3393 1883 3447 1937 in
3492 1883 3586 1935 fra-

2000 1975 2140 2029 terni
2185 1974 2387 2030 amoris
2419 1990 2641 2042 mensa,
2681 1989 2845 2045 super
2882 1985 3057 2030 torum
3097 1975 3360 2045 jacentes,
3405 1989 3594 2028 omnes

1999 2065 2243 2122 defossos
2271 2076 2434 2138 atque
2463 2067 2690 2123 obrutos
2719 2083 2840 2125 esse
2865 2068 3105 2135 audivit,
3137 2070 3426 2138 omniaque
3457 2069 3596 2122 inter

2001 2174 2061 2216 se
2086 2161 2249 2215 mixta
2275 2159 2444 2216 fuisse
2463 2203 2478 2228 ,
2505 2161 2758 2217 nimirum
2786 2176 3034 2218 cruorem
3054 2204 3068 2229 ,
3097 2161 3337 2227 domum,
3369 2160 3593 2231 pocula,

2001 2261 2201 2309 tectum
2226 2293 2242 2320 ,
2287 2268 2565 2318 mensam,
2613 2254 2925 2325 pulverem,
2967 2253 3204 2308 membra
3249 2251 3499 2306 filiorum.
3531 2253 3596 2306 Et

2004 2353 2182 2401 tamen
2207 2362 2328 2400 cum
2355 2346 2472 2401 haec
2497 2346 2788 2414 audiisset,
2815 2361 2878 2401 ac
2907 2347 3054 2417 prius
3077 2347 3236 2400 etiam
3264 2345 3367 2399 alia
3396 2359 3517 2415 quae
3546 2350 3600 2398 et

2005 2438 2118 2508 ipsa
2145 2439 2327 2509 gravia
2351 2447 2408 2495 et
2431 2438 2623 2494 acerba
2655 2447 2842 2505 erant;
2886 2454 3008 2492 nam
3048 2447 3103 2493 et
3141 2438 3215 2491 illi
3255 2437 3358 2491 alia
3403 2438 3598 2491 misere

2005 2530 2308 2600 perierant;
2357 2529 2619 2600 pecudum
2672 2544 2895 2600 greges,
2944 2538 2996 2584 et
3036 2527 3282 2582 universa
3321 2533 3596 2588 armenta,

2005 2622 2197 2692 partim
2228 2622 2351 2693 igne
2378 2621 2586 2678 caelitus
2621 2623 2770 2692 lapso
2795 2621 3073 2690 absumpta
3093 2661 3107 2686 ,
3149 2619 3343 2689 partim
3373 2633 3402 2671 a
3433 2617 3597 2671 variis

2006 2714 2249 2770 hostibus
2291 2725 2512 2785 repente
2555 2716 2813 2784 abrepta,
2855 2723 2910 2768 et
2949 2727 3070 2767 cum
3111 2711 3240 2782 ipsis
3285 2710 3589 2780 pastoribus

2004 2808 2219 2864 concisa
2242 2817 2300 2863 et
2316 2807 2632 2862 obtruncata
2659 2806 2824 2861 fuisse
2851 2805 3125 2875 improbus
3147 2801 3302 2872 hujus
3326 2800 3598 2870 tragmdize

2004 2901 2226 2956 nuntius
2272 2898 2566 2964 referebat;
2619 2912 2775 2961 eum,
2806 2897 3058 2966 inquam,
3089 2901 3290 2948 tantam
3336 2892 3387 2946 in
3427 2891 3596 2961 agris,

2004 2990 2150 3047 domi
2175 3031 2190 3057 ,
2233 2991 2286 3044 in
2331 2988 2656 3060 pecudibus,
2707 2992 2761 3042 in
2805 2986 2988 3041 liberis
3036 2992 3406 3053 tempestatem
3453 2980 3599 3034 brevi

2007 3083 2266 3154 temporis
2309 3090 2585 3139 momento
2631 3081 2953 3143 excitatam,
3007 3075 3308 3145 ﬂuctusque
3354 3073 3599 3128 fluctibus

2006 3173 2391 3238 succedentes,
2435 3180 2492 3228 et
2529 3171 2820 3226 continuos
2862 3167 3131 3238 scopulos,
3185 3176 3240 3220 et
3280 3163 3600 3235 profundam

2005 3265 2287 3335 caliginem
2309 3307 2324 3331 ,
2363 3272 2420 3320 et
2463 3260 2828 3318 intolerandos
2862 3258 3055 3312 fluctus
3100 3257 3472 3325 conspiceret:
3503 3267 3602 3306 nec

2007 3371 2241 3414 moerere
2283 3356 2655 3428 premebatur,
2707 3367 2808 3408 nec
2849 3365 2914 3406 ea
2953 3364 3074 3420 quae
3117 3345 3421 3403 acciderant
3467 3358 3602 3413 pene

2005 3448 2293 3514 sentiebat,
2309 3446 2410 3502 hoc
2425 3455 2528 3514 est,
2547 3446 2808 3500 hactenus
2824 3443 3120 3506 dumtaxat,
3135 3446 3396 3510 quatenus
3415 3435 3598 3498 homo,

2007 3551 2062 3596 et
2089 3549 2243 3613 pater
2269 3549 2405 3596 erat.
2437 3541 2509 3594 At
2552 3546 2898 3609 posteaquam
2937 3533 3124 3589 morbo
3149 3543 3308 3602 atque
3335 3528 3602 3585 ulceribus

2008 3632 2221 3689 deditus
2263 3641 2366 3698 est,
2414 3639 2525 3685 tum
2573 3643 2705 3685 vero
2741 3638 2795 3684 et
2840 3635 3068 3682 mortem
3107 3621 3420 3694 exeptabat,
3451 3629 3509 3674 et
3548 3620 3599 3672 in

2009 3725 2156 3779 luctu
2185 3739 2250 3778 ac
2280 3723 2529 3777 lamentis
2552 3721 2886 3775 versabatur.
2919 3718 2994 3772 Ex
3023 3732 3132 3788 quo
3161 3714 3426 3784 intelligas
3455 3712 3598 3780 licet,

2010 3816 2112 3872 hoc
2133 3815 2384 3871 omnibus
2412 3813 2572 3869 rebus
2597 3814 2837 3868 adversis
2857 3812 3072 3881 gravius
3089 3824 3230 3873 esse,
3251 3824 3313 3861 ac
3333 3821 3597 3861 summum

2009 3907 2280 3979 patientiae
2297 3919 2487 3976 genus.
2511 3906 2688 3974 Atque
2717 3904 2820 3958 hoc
2846 3918 2914 3957 ne
2940 3914 3227 3971 pervorsus
3253 3897 3468 3969 quidem
3493 3895 3602 3950 da:-

2010 4016 2137 4055 mon
2165 3999 2476 4071 ignorabat;
2505 4012 2566 4052 ac
2595 3996 2844 4068 proinde,
2875 4010 2998 4050 cum
3029 3993 3278 4048 omnibus
3307 3991 3413 4046 illis
3443 3990 3601 4044 rebus

2013 4093 2228 4148 tentatis
2252 4091 2484 4160 pugilem
2515 4088 2860 4158 tranquillum
2899 4096 2953 4141 et
2993 4099 3023 4138 a
3063 4082 3461 4154 perturbatione
3505 4079 3603 4133 im-

2013 4199 2233 4239 munem
2264 4195 2487 4236 manere
2509 4179 2854 4250 perspiceret,
2880 4178 2946 4233 ad
3002 4175 3102 4230 hoc
3125 4184 3429 4236 certamen,
3461 4180 3602 4224 tam-

2011 4290 2170 4345 quam
2196 4272 2435 4328 omnium
2455 4270 2768 4336 maximum,
2798 4283 2858 4324 se
2877 4265 3123 4332 contulit,
3146 4273 3336 4319 caetera
3358 4261 3606 4317 videlicet

2012 4367 2189 4422 omnia
2228 4361 2521 4420 tolerabilia
2549 4375 2671 4416 esse
2708 4359 2946 4426 ducens,
2989 4357 3199 4413 etiamsi
3227 4355 3343 4424 quis
3369 4353 3601 4416 liberos,

2012 4455 2222 4510 etiamsi
2254 4454 2515 4519 fortunas,
2547 4451 2758 4505 etiamsi
2787 4449 3078 4520 quidquam
3120 4446 3263 4500 aliud
3292 4445 3500 4498 amittat
3531 4437 3605 4512 (id

2013 4549 2158 4604 enim
2187 4548 2269 4603 his
2299 4547 2477 4602 verbis
2500 4544 2839 4616 designatur,
2871 4541 3066 4597 Pellem
3098 4556 3190 4611 pro
3217 4538 3350 4610 pelle
3375 4535 3496 4610 [Job
3548 4533 3603 4588 2.

1943 4642 1958 4654 '
2014 4639 2128 4714 4]),
2173 4649 2230 4694 at
2269 4654 2388 4695 eam
2431 4636 2648 4692 demum
2693 4633 3022 4692 mortiferam
3053 4632 3264 4702 plagam
3305 4641 3604 4690 esse,cum

2016 4734 2284 4804 quispiam
2313 4731 2366 4785 in
2395 4744 2626 4800 corpore
2653 4727 2869 4783 dolores
2910 4726 3142 4795 excepit.
3183 4723 3445 4790 Quocirca
3487 4727 3609 4788 post

2015 4826 2120 4882 hoc
2157 4833 2432 4880 certamen
2475 4831 2791 4892 superatus,
2831 4834 2903 4875 ne
2943 4819 3153 4873 hiscere
3195 4813 3404 4886 quidem
3447 4825 3609 4865 ausus

2015 4927 2099 4976 est
2130 4938 2143 4972 :
2170 4931 2294 4973 cum
2334 4916 2532 4986 alioqui
2579 4914 2726 4985 prius
2771 4910 3230 4982 impudentissime
3276 4906 3610 4962 obniteretur

2014 5028 2078 5068 ac
2103 5019 2292 5067 contra
2319 5018 2599 5081 pugnaret.
2647 5007 2745 5062 llic
2763 5049 2777 5073 ,
2811 5010 3028 5076 inquam
3049 5045 3064 5071 ,
3093 5004 3202 5073 jam
3231 5017 3299 5056 ne
3328 4997 3608 5068 impudens

2015 5105 2231 5178 quidem
2258 5103 2460 5174 aliquid
2485 5102 2724 5172 reperire
2748 5101 2938 5170 potuit,
2963 5097 3105 5170 quod
3134 5097 3359 5166 lingeret
3387 5110 3399 5146 :
3426 5104 3608 5146 verum

2018 5198 2222 5270 pudore
2248 5196 2481 5252 suffusus
2510 5194 2700 5266 pedem
2729 5192 2930 5248 retulit.

2088 5293 2144 5349 3.
2174 5291 2371 5347 Verum
2400 5305 2468 5344 ne
2495 5287 2597 5343 hoc
2626 5287 2719 5342 tibi
2761 5285 2828 5341 ad
2871 5281 3231 5341 excusandum
3259 5276 3447 5332 mortis
3470 5272 3609 5330 desi-

2021 5386 2230 5442 derium
2270 5383 2521 5438 idoneum
2559 5394 2681 5436 esse
2709 5379 2872 5434 ducas
2895 5418 2910 5444 ,
2947 5375 3091 5446 quod
3122 5373 3206 5428 ille
3226 5370 3469 5426 dolorum
3503 5366 3607 5419 vim

2017 5487 2072 5534 et
2091 5475 2437 5531 acerbitatem
2461 5487 2567 5526 non
2592 5470 2791 5535 ferens,
2812 5476 3038 5522 mortem
3061 5470 3357 5534 exoptaret.
3384 5460 3441 5514 ln
3465 5472 3610 5511 men-

2019 5578 2125 5623 tem
2155 5566 2299 5622 cnim
2332 5563 2428 5619 tibi
2457 5563 2672 5629 veniat,
2701 5573 2932 5630 quonam
2965 5556 3055 5611 ille
3085 5565 3328 5624 tempore
3351 5591 3368 5618 ,
3400 5559 3610 5618 quoque

2018 5675 2198 5715 rerum
2227 5666 2365 5712 statu
2391 5672 2508 5712 eam
2533 5653 2850 5724 expetebat:
2871 5649 2973 5704 hoc
2996 5659 3100 5712 est,
3117 5661 3238 5702 eum
3263 5658 3360 5697 nec
3382 5642 3468 5695 lex
3491 5639 3607 5694 data

2020 5761 2184 5818 esset,
2205 5766 2305 5805 nec
2329 5747 2606 5820 propheta:
2626 5744 2978 5803 exstitissent,
3007 5754 3106 5794 nec
3133 5737 3298 5808 gratia
3322 5735 3390 5788 ita
3422 5729 3610 5786 diffusa

2024 5852 2189 5912 esset,
2220 5858 2316 5899 nec
2348 5841 2461 5911 ipse
2489 5838 2591 5894 alia
2620 5836 2812 5894 divina:
2837 5829 3186 5906 philosophia:
3209 5839 3404 5900 genera
3431 5835 3610 5896 perce-
