3906 6396
337 403 425 457 591

333 517 584 587 τυχόντα,
615 519 710 571 καὶ
731 516 912 589 ὀρεξιν
934 516 1190 588 διεγείρει
1227 519 1328 588 τὴν
1361 519 1495 588 πρὸς
1527 516 1593 570 τὰ
1626 517 1786 579 σιτία,
1816 517 1911 571 καὶ

334 628 360 662 τ
393 610 540 665 ύτων
599 610 856 662 ἁπάντων
907 611 1042 679 ἡμῖν
1077 611 1134 662 ἐν
1185 609 1396 677 ὀλίγαις
1442 608 1676 680 ἡμέραις
1716 611 1914 679 πεῖραν

335 700 634 772 παρέσχεν.
671 702 903 772 Ποίησον
927 702 1105 755 τοίνυν
1143 701 1561 772 παρακληθῆναι
1605 701 1693 754 τὸν
1723 700 1916 753 δεσπό-

333 809 431 863 την
452 810 555 864 μου
577 792 667 844 τὸν
689 791 1115 863 αἱδεσιμώτατον
1133 792 1390 862 Θεόφιλον
1406 792 1496 846 τὸν
1520 792 1757 862 κόμητα,
1774 791 1916 846 ὥστε

334 882 496 936 πάλιν
530 882 589 948 ἐξ
614 883 781 937 αὐτοῦ
831 885 1242 939 κατασκευάσαι
1275 885 1406 954 ἡμῖν
1449 883 1545 937 καὶ
1575 882 1916 938 ἀποστεῖλαι.

334 972 444 1026 Καὶ
485 974 558 1044 μή
589 989 648 1025 σε
669 973 910 1028 λυπείτω
940 974 1000 1028 16
1037 974 1272 1029 ἐνταῦθα
1297 976 1445 1046 ἡμᾶς
1474 974 1784 1045 χειμάζειν·
1823 973 1918 1029 καὶ

332 1063 444 1136 γὰρ
473 1065 654 1137 πολλῷ
689 1066 819 1139 ῥᾷον
850 1066 944 1120 καὶ
989 1067 1350 1140 ὑγιεινότερον
1380 1067 1474 1123 νῦν
1508 1069 1541 1140 ἢ
1577 1068 1773 1138 πέρυσι
1806 1067 1920 1121 δια-

333 1155 602 1226 κείμεθαο
635 1157 776 1210 ὥστε
799 1159 848 1210 εί
875 1158 968 1211 καὶ
1013 1158 1156 1230 αὐτὴ
1186 1158 1287 1230 τὴν
1317 1160 1700 1230 προσήκουσαν
1725 1157 1922 1229 ἐπιμέ-

331 1248 485 1302 λειαν
511 1247 720 1314 ἐποιοῦ,
757 1247 936 1320 πολλῷ
982 1248 1048 1303 ἂν
1077 1248 1302 1320 ἄμεινον
1344 1249 1610 1322 διετέθης.
1664 1251 1730 1304 Εἰ
1775 1248 1834 1301 δέ
1863 1247 1923 1314 ἐξ

332 1340 575 1411 ἀθυμίας
622 1342 728 1410 φῂς
757 1341 1007 1411 τετέχθαι
1053 1358 1135 1395 σοι
1164 1342 1233 1395 τά
1273 1343 1575 1413 νοσήματα,
1609 1340 1727 1404 πῶς
1759 1341 1922 1394 πάλιν

332 1433 632 1496 ἐπιστολὰς
666 1431 848 1503 ζητεῖς
881 1435 1013 1503 παρ’
1047 1434 1226 1504 ἡμῶν,
1258 1434 1425 1506 μηδὲν
1449 1433 1702 1488 ἐντεῦθεν
1725 1435 1804 1498 εἰς
1831 1433 1922 1486 εύσ-

333 1524 541 1595 θυμίαν
589 1524 1023 1596 καρπωσαμένη,
1051 1524 1168 1578 ἀλλ’
1200 1524 1343 1579 οὕτω
1387 1527 1453 1596 τῇ
1513 1526 1789 1596 τυραννίδι
1820 1525 1922 1595 τῆς

332 1615 579 1685 ἀθυμίας
597 1614 977 1684 βαπτισθεῖσα,
998 1614 1074 1680 ὡς
1100 1616 1194 1670 καὶ
1225 1615 1516 1686 ἐπιθυμεῖν
1535 1616 1630 1670 νῦν
1654 1616 1755 1686 τῆς
1775 1614 1924 1688 [572]

338 1704 591 1758 ἐντεῦθεν
622 1704 960 1774 ἀποδημίας;
988 1704 1103 1758 Ούκ
1135 1699 1290 1757 οἶσθα
1331 1705 1454 1768 ὅσος
1491 1706 1586 1758 καὶ
1613 1705 1926 1777 ἀρρωστίας

337 1800 521 1852 κεῖται
555 1796 746 1868 μισθὸς
781 1799 838 1850 ἐν
872 1797 1181 1869 εὐχαρίστῳ
1226 1797 1402 1869 ψυχῇ;
1439 1799 1514 1852 O6
1551 1797 1807 1863 πολλάκις
1844 1816 1926 1852 σοι

334 1891 430 1945 καὶ
461 1888 654 1959 παρὼν
677 1891 771 1943 καὶ
797 1890 863 1942 δι’
880 1889 1182 1943 ἐπιστολῶν
1206 1889 1410 1962 ταύτης
1428 1890 1593 1946 ἓνεκα
1621 1891 1926 1962 διείλεγμαι

331 1983 434 2051 τῆς
467 1981 966 2046 ύποθέσεωςςἈλλ⁹
999 1981 1186 2053 ἐπειδὴ
1237 1980 1366 2046 ἴσως
1393 1982 1426 2054 ἢ
1458 1983 1486 2036 6
1515 1981 1624 2036 τῶν
1673 1982 1928 2054 πραγμά-

331 2090 446 2125 των
488 2071 725 2142 ὃχλος,ή
759 2072 899 2143 αύτὴ
952 2072 1050 2144 τῆς
1079 2072 1393 2144 ἀρρωστίας
1424 2075 1458 2143 ή
1502 2073 1664 2143 φύσις
1687 2116 1702 2141 ,
1740 2076 1833 2128 καὶ
1870 2076 1926 2129 αἱ

332 2163 631 2234 ἐπάλληλοι
665 2163 1016 2234 περιστάσεις
1040 2176 1065 2203 ι
1092 2165 1194 2216 οῦκ
1221 2163 1352 2216 ἐῶσί
1383 2180 1442 2216 σε
1471 2165 1740 2238 διηνεκῶς
1776 2166 1928 2219 ἐναυ-

335 2257 430 2310 λον
466 2255 609 2326 ἔχειν
639 2255 746 2308 τῶν
775 2255 1084 2328 εἰρημένων
1119 2255 1218 2326 τὴν
1253 2257 1500 2327 μνήμην,
1547 2256 1713 2311 άκουε
1765 2258 1926 2313 πάλιν

332 2349 405 2402 1‘1
439 2347 581 2401 αύτά
618 2347 926 2419 ἐπᾳδόντων
959 2347 1118 2419 ήμῶν
1156 2350 1267 2411 τοῖς
1294 2347 1477 2401 ἐλκεσί
1513 2366 1607 2402 σου
1653 2350 1753 2422 τῆς
1795 2351 1928 2405 ἀθυ-

337 2439 473 2509 μίας
494 2456 508 2470 ο
552 2437 626 2492 Τὰ
655 2437 766 2507 γὰρ
797 2438 950 2492 αὐτὰ
983 2439 1252 2508 γράφειν,
1293 2441 1478 2511 φησὶν,
1501 2441 1630 2511 ἐμοὶ
1665 2442 1782 2512 μὲν
1812 2445 1926 2498 οὐκ

333 2531 624 2598 ὀκνηρὸν,
665 2530 808 2600 ὑμῖν
836 2530 904 2583 δὲ
927 2530 1226 2600 ἀσφαλές.

411 2621 481 2690 β’.
517 2621 583 2673 Τί
607 2617 700 2675 οὖν
731 2622 827 2674 καὶ
854 2621 997 2691 λέγω
1023 2623 1114 2675 καὶ
1137 2621 1334 2693 γράφω
1355 2640 1369 2689 ;
1394 2625 1581 2690 Οὐδὲν,
1599 2626 1924 2697 Ὀλυμπιὰς,

334 2713 441 2782 τῆς
467 2714 525 2765 ἐν
557 2713 844 2784 ἀλγηδόσιν
881 2715 1158 2786 ὑπομονῆς
1207 2716 1287 2779 είς
1338 2716 1744 2788 εύδοκιμήσεως
1773 2718 1928 2788 λόγον

334 2807 479 2858 ῐσον.
521 2805 584 2858 Ἦ
613 2808 722 2876 γὰρ
751 2805 962 2876 βασιλὶς
987 2807 1095 2862 τῶν
1128 2808 1370 2878 ἀγαθῶν,
1403 2811 1498 2863 καὶ
1520 2810 1628 2863 τῶν
1650 2811 1928 2880 στεφάνων

336 2901 372 2968 ή
403 2898 638 2968 κορωνὶς
672 2897 806 2969 αῦτη
864 2900 1104 2969 μάλιστά
1156 2902 1308 2955 ἐστι·
1340 2903 1434 2956 καὶ
1488 2903 1740 2974 καθάπερ
1788 2905 1926 2978 αὕτη

334 2990 451 3042 τῶν
497 2990 671 3043 ἄλλων
704 2994 894 3060 κρατεί
927 2993 1374 3066 κατορθωμάτων
1397 3035 1412 3060 ,
1473 2995 1646 3060 οὓτως
1697 2999 1756 3050 ἐν
1789 2998 1927 3070 αὐτῇ

338 3082 504 3135 τοῦτο
524 3082 756 3152 μάλιστα
785 3083 845 3136 τὸ
876 3079 1015 3148 εἶδος
1041 3085 1148 3138 τῶν
1168 3086 1346 3140 ἄλλων
1381 3089 1500 3140 ἐστὶ
1525 3088 1926 3161 λαμπρότερον.

339 3175 500 3245 Τάχα
536 3175 741 3244 ἀσαφὲς
761 3175 824 3230 16
855 3176 1176 3247 εἰρημένον
1212 3178 1406 3232 οὐκοῦν
1431 3180 1564 3233 αὐτὸ
1593 3183 1802 3252 ποιήσω
1834 3199 1932 3236 σα-

340 3267 628 3338 φέστερον.
650 3267 713 3319 Τί
743 3263 834 3320 οὖν
869 3269 1060 3322 ἐστινὸ
1086 3285 1263 3340 φημις
1295 3271 1371 3322 O6
1399 3271 1462 3324 16
1486 3273 1745 3344 χρήματα
1769 3275 1933 3344 ἀφαι-

342 3357 593 3428 ρεθῆναι,
617 3356 717 3410 κᾶν
747 3357 965 3410 πάντων
995 3374 1078 3421 τις
1109 3360 1372 3431 γυμνωθῇ
1401 3361 1510 3415 τῶν
1543 3362 1734 3429 ὄντων,
1763 3365 1825 3418 06
1869 3366 1930 3418 16

339 3451 511 3520 τιμῆς
538 3452 809 3514 ἐκπεσεῖν,
839 3451 901 3504 06
920 3452 982 3505 τὸ
1010 3452 1266 3522 πατρίδος
1293 3454 1650 3526 ἐκϐληθῆναι,
1682 3459 1932 3529 καὶπρὸς

340 3546 446 3614 τὴν
480 3545 777 3615 ὑπερορίαν
811 3545 1207 3616 ἀπενεχθῆναι,
1251 3548 1312 3600 06
1352 3548 1413 3601 τὸ
1439 3551 1584 3620 πόνῳ
1615 3552 1707 3605 καὶ
1749 3551 1932 3624 ἱδρῶτι

344 3635 786 3702 κατατείνεσθαι,
815 3637 875 3688 06
907 3637 967 3690 16
1001 3637 1375 3708 δεσμωτήριον
1404 3641 1593 3706 οἰκεῖν,
1627 3643 1723 3696 καὶ
1743 3643 1935 3698 ἅλυσιν

344 3729 713 3798 περικεῖσθαι,
745 3729 844 3782 ούκ
877 3729 1191 3801 ὀνειδισμοὶ,
1219 3733 1314 3786 καὶ
1336 3733 1593 3804 λοιδορίαι
1618 3736 1711 3788 καὶ
1745 3736 1933 3808 σκώμ-

346 3839 500 3892 ματα
519 3837 536 3853 ο
567 3821 640 3906 μὴ
667 3823 774 3892 γὰρ
798 3823 932 3894 μηδέ
961 3822 1118 3876 τοῦτο
1148 3826 1342 3897 μικρὸν
1370 3828 1600 3900 νομίσῃς
1629 3825 1768 3883 εἶναι
1794 3847 1931 3902 καρ-

342 3913 538 3986 τερίας
590 3913 748 3979 εἶδος,
780 3915 839 3968 τὸ
870 3916 1130 3983 γενναίως
1162 3917 1228 3971 τὰ
1265 3917 1490 3974 τοιαῦτα
1544 3922 1809 3989 ἐνεγκεῖν,
1841 3923 1934 3976 καὶ

343 4007 622 4061 δείκνυσιν
674 4007 940 4078 Ἱερεμίας
969 4011 997 4062 ὀ
1025 4009 1276 4074 τοσοῦτος
1301 4012 1394 4065 καὶ
1426 4011 1743 4084 τηλικοῦτος
1773 4015 1932 4087 ἀνὴρ,
1950 4061 1962 4072 ,

345 4102 450 4170 οέχ
494 4101 568 4163 ὡς
607 4099 797 4171 ἔτυχεν
833 4102 939 4155 ὑπὸ
990 4102 1179 4156 τούτου
1221 4103 1542 4176 θορυϐηθεὶς
1600 4103 1694 4158 τοῦ
1743 4124 1935 4179 πειρα-

349 4191 526 4263 σμοῦ·
586 4193 700 4246 ἀλλ’
759 4195 880 4248 ούδέ
936 4194 1112 4261 τοῦτο,
1145 4196 1206 4249 06
1257 4197 1463 4251 παίδων
1513 4199 1773 4270 ἀποϐολὴ,
1833 4201 1934 4254 κᾶν

347 4284 547 4355 ἁθρόον
584 4286 782 4350 πάντες
833 4289 1258 4359 ἀναρπασθῶσιν
1284 4330 1298 4354 ,
1331 4290 1431 4343 οὐκ
1469 4291 1652 4363 ἐχθροὶ
1698 4295 1937 4364 συνεχῶς

347 4375 800 4446 ἐπεμϐαίνοντες,
863 4380 963 4430 οὐκ
1011 4378 1140 4432 ἄλλο
1171 4379 1281 4433 τῶν
1330 4381 1588 4435 τοιούτων
1619 4383 1790 4449 οὐδὲν,
1838 4386 1938 4438 οὐκ

347 4468 516 4531 αύτδς
547 4472 574 4522 6
608 4470 852 4539 κολοφὼν
909 4472 1018 4524 τῶν
1075 4473 1374 4528 δοκούντων
1433 4470 1572 4528 εἶναι
1607 4475 1886 4548 λυπηρῶν,
1909 4479 1938 4533 6

349 4562 605 4625 θάνατος,
640 4565 668 4616 6
719 4562 947 4632 φοϐερὸς
979 4563 1122 4616 οὕτω
1158 4566 1251 4618 καὶ
1281 4565 1580 4636 φρικώδης,
1613 4566 1786 4630 οὕτως
1813 4568 1930 4622 ἐστὶ

349 4655 548 4724 βαρὺς,
571 4655 647 4718 ώς
673 4654 921 4725 σώματος
948 4655 1250 4728 ἀρρωστία.
1280 4659 1389 4712 Καὶ
1412 4657 1585 4712 ταῦτα
1614 4660 1887 4716 δείκνυσιν
1909 4666 1941 4716 6

351 4744 615 4813 μέγιστος
635 4744 734 4814 τῆς
762 4745 1041 4816 ὑπομονῆς
1066 4747 1320 4819 ἀθλητὴς,
1347 4747 1406 4812 ὃς
1435 4749 1624 4822 ἐπειδὴ
1652 4757 1938 4825 σωματικῇ

349 4834 651 4904 περιέπεσε
681 4836 842 4907 νόσῳ,
891 4837 1214 4909 ἀπαλλαγὴν
1247 4840 1355 4895 τῶν
1386 4842 1726 4914 κατεχόντων
1752 4845 1942 4900 δεινῶν

349 4928 452 4997 τὴν
469 4927 724 5000 τελευτὴν
750 4925 890 4982 εἶναι
921 4929 1136 5000 ἐνόμιζε
1159 4949 1170 4962 ·
1198 4933 1290 4986 καὶ
1313 4933 1400 4986 ὅτε
1430 4934 1528 5005 μὲν
1553 4935 1622 4989 τὰ
1651 4935 1784 4990 ἄλλα
1808 4937 1943 4992 ἐπα-

351 5037 486 5088 σχεν
513 5019 748 5086 ἅπαντα,
803 5021 922 5074 οὐδέ
948 5022 1231 5092 ᾐσθάνετο,
1260 5025 1436 5079 καίτοι
1469 5027 1807 5098 ἐπαλλήλους
1853 5029 1942 5084 δε·

347 5109 584 5180 χόμενος
643 5111 742 5175 τὰς
781 5112 1015 5181 πληγὰς,
1071 5113 1165 5166 καὶ
1214 5114 1530 5172 τελευταίαν
1569 5117 1666 5189 τὴν
1700 5119 1940 5192 καιρίαν.

351 5201 495 5256 Οὐδὲ
521 5203 631 5274 γὰρ
657 5205 813 5257 τοῦτο
853 5207 1048 5276 μικρὸν
1070 5247 1086 5274 ,
1119 5206 1256 5260 ἀλλὰ
1290 5209 1382 5260 καὶ
1411 5208 1512 5279 τῆς
1551 5210 1945 5285 ὶίίῖίλετευντάτίης

349 5295 452 5351 τοῦ
493 5297 857 5367 πολεμοῦντος
885 5298 1034 5369 αὐτῷ
1071 5299 1426 5370 κακουργίας,
1461 5303 1522 5356 τὸ
1562 5303 1636 5376 μή
1676 5305 1941 5370 νεάζοντι,

355 5387 498 5460 μηδὲ
524 5387 619 5440 νῦν
644 5390 723 5451 είς
759 5390 883 5452 τοὺς
904 5389 1122 5458 ἀγῶνας
1155 5390 1398 5445 καθιέντι
1434 5393 1670 5465 πρῶτον,
1706 5394 1816 5448 ἀλλ’
1848 5396 1942 5468 ήδη

349 5481 424 5550 τῇ
456 5480 754 5550 πυκνότητι
788 5480 895 5533 τῶν
927 5481 1244 5553 ἐπαλλήλων
1273 5482 1442 5552 βελῶν
1468 5487 1941 5558 κατειργασμένῳ,

350 5572 478 5625 τότε
512 5571 613 5643 τὴν
642 5571 861 5644 καιρίαν
902 5571 1085 5626 δοῦναι
1110 5572 1210 5643 τὴν
1236 5574 1328 5626 ἐπὶ
1375 5577 1488 5638 τοῖς
1514 5577 1671 5630 παισὶ
1706 5573 1942 5650 πληγὴν,

352 5665 453 5718 καὶ
481 5663 686 5734 ταύτην
713 5663 856 5717 οὕτω
895 5663 1166 5734 χαλεπῶς,
1209 5666 1285 5729 ὼς
1327 5667 1421 5719 καὶ
1447 5667 1507 5732 ἐξ
1545 5669 1810 5742 ἐκατέρας
1846 5674 1945 5743 τῆς

357 5755 598 5824 φύσεως,
641 5755 733 5808 καὶ
769 5756 976 5830 πάντας
1009 5757 1224 5828 ἀθρόον,
1260 5758 1354 5810 καὶ
1409 5760 1466 5812 ἐν
1524 5759 1687 5835 ἀώρῳ
1735 5763 1941 5837 ἡλικίᾳ,

423 5867 450 5898 ⁸
485 5867 674 5920 Omnes
699 5883 813 5920 mss.
837 5871 914 5918 καὶ
935 5873 981 5920 αί
1007 5873 1175 5922 πολλαὶ
1195 5874 1507 5936 περιστάσεις.

1760 404 2126 464 Εί)15ΤΟΙ..ι·Ε
2137 447 2150 462 .

3492 404 3597 464 592

2019 519 2113 572 καὶ
2148 517 2300 591 βιαίᾳ
2347 519 2573 592 τελευτῇ
2621 520 2948 590 διαφθεῖραι,
3010 515 3099 572 καὶ
3127 515 3219 570 τοῦ
3253 517 3480 572 θανάτου
3513 520 3604 576 τὸν

2016 627 2216 698 τρόπον
2238 628 2657 700 ἐσχεδιασμένον
2686 628 2870 691 αὐτοῖς
2903 626 3243 698 ἐργάσασθαι
3265 626 3606 696 τάφον.οὑδὲ

2017 735 2127 808 γάρ
2160 732 2300 790 εἶδεν
2337 737 2396 789 ἐν
2429 736 2585 808 κλίνῃ
2622 737 2939 808 κειμένους,
2981 736 3100 789 ούδέ
3137 735 3360 806 ἐφίλησε
3392 737 3603 807 χεῖρας,

2017 845 2138 900 ούδέ
2193 847 2438 919 ἐσχάτων
2476 847 2676 918 ήκουσε
2722 847 3019 919 ῥημάτων,
3073 847 3193 900 ούδέ
3231 846 3407 901 ποδῶν
3455 845 3604 920 [573]

2019 954 2195 1024 ἥψατο
2225 955 2321 1010 καὶ
2359 955 2626 1024 γονάτων,
2655 956 2716 1008 06
2751 954 2925 1026 στόμα
2953 954 3193 1008 συνεῖλεν
3215 995 3228 1020 ,
3264 953 3326 1008 06
3357 953 3610 1008 καθεῖλεν

2020 1065 2332 1136 ὀφθαλμοὺς
2359 1065 2662 1138 μελλόντων
2700 1064 2881 1120 αὐτῶν
2909 1064 3166 1136 τελευτᾷν
3189 1104 3205 1129 ,
3245 1065 3390 1135 άπερ
3419 1064 3481 1118 06
3516 1080 3609 1133 μι›·

2024 1176 2132 1249 κρά
2160 1178 2238 1240 είς
2272 1175 2628 1247 παραμυθίαν
2655 1178 2768 1240 τοῖς
2807 1174 3014 1229 παίδων
3055 1173 3443 1246 χωριζομένοις
3499 1189 3609 1226 πα-

2024 1283 2216 1357 τράσιν
2238 1299 2254 1314 ·
2304 1282 2425 1336 οὐδὲ
2452 1283 2580 1347 τοὺς
2637 1284 2735 1355 μὲν
2764 1283 3120 1354 προέπεμψεν
3151 1284 3242 1338 ἐπὶ
3280 1283 3372 1337 τὸν
3416 1283 3609 1353 τάφον,

2025 1395 2151 1460 τοὺς
2191 1395 2249 1448 δὲ
2291 1393 2602 1448 ἐπανελθὼν
2641 1387 2768 1464 εὗρε
2815 1393 3169 1465 παραμυθίαν
3205 1393 3313 1446 τῶν
3353 1392 3607 1446 ἀπελθόν-

2027 1519 2134 1557 των
2153 1520 2167 1534 ·
2204 1502 2318 1558 ἀλλ’
2343 1505 2402 1557 ἐν
2431 1502 2608 1575 καιρῷ
2632 1505 2957 1574 συμποσίου,
2993 1502 3296 1573 συμποσίου
3330 1503 3389 1556 06
3419 1501 3613 1573 μέθην,

2027 1609 2143 1664 ἀλλ’
2163 1609 2385 1681 ἀγάπην
2414 1609 2690 1681 βρύον-τος,
2724 1611 2781 1664 ἐν
2814 1611 3063 1683 τραπέζῃ
3111 1611 3482 1680 φιλαδελφίας,
3522 1611 3618 1664 ἐπὶ

2031 1718 2278 1784 στιϐάδος
2333 1718 2619 1788 κειμένους
2659 1719 2860 1790 ἤκουσε
2913 1721 3123 1784 πάντας
3179 1719 3615 1791 κατακεχῶσθαι,

2029 1828 2124 1881 καὶ
2157 1829 2334 1882 πάντα
2361 1827 2498 1899 ὁμοῦ
2529 1829 2776 1900 μιγῆναι,
2800 1829 2863 1882 τὸ
2887 1823 3048 1900 αἷμα,
3081 1830 3172 1883 τὸν
3199 1825 3360 1896 οἶνον,
3395 1829 3496 1892 τὰς
3520 1827 3621 1881 κύ-

2029 1937 2208 2002 λικας,
2241 1937 2334 1990 τὸν
2362 1937 2585 2009 ὄροφον,
2614 1939 2715 2011 τὴν
2747 1937 3049 2009 τράπεζαν,
3071 1940 3169 2012 τὴν
3194 1940 3363 2005 κόνιν,
3381 1938 3451 1992 τὰ
3483 1938 3620 2010 μέλη

2027 2047 2138 2100 τῶν
2171 2047 2398 2102 παίδων.
2458 2047 2598 2102 Ἀλλ’
2630 2049 2780 2120 ὅμως
2815 2049 2979 2119 ήνίκα
3034 2051 3132 2121 μὲν
3185 2049 3359 2104 ταῦτα
3396 2049 3620 2122 ἤκουσε,

2030 2157 2124 2211 καὶ
2159 2156 2264 2228 πρὸ
2283 2155 2490 2210 τούτων
2521 2155 2596 2210 τά
2627 2158 2786 2221 ἄλλα,
2827 2159 2920 2212 καὶ
2953 2158 3094 2213 αύτά
3123 2158 3367 2228 χαλεπάο
3393 2157 3488 2210 καὶ
3515 2155 3623 2225 γάρ

2030 2267 2260 2320 κάκεῖνα
2289 2265 2541 2337 χαλεπῶς
2571 2267 2840 2321 ἀπολώλει
2864 2282 2877 2296 ·
2903 2268 2974 2322 τά
3007 2285 3066 2320 τε
3091 2267 3317 2337 ποίμνια
3336 2307 3350 2330 ,
3383 2265 3477 2319 καὶ
3503 2264 3622 2318 ὀλο-

2041 2373 2282 2445 κλήρους
2315 2374 2558 2444 ἀγέλας,
2603 2376 2703 2439 τάς
2745 2375 2846 2446 μὲν
2878 2375 2984 2430 ὑπὸ
3029 2375 3201 2447 πυρὸς
3245 2374 3450 2429 ἄνωθεν
3495 2387 3625 2425 κατ-

2036 2483 2347 2555 ενεχθέντος
2393 2485 2706 2556 ἀνηλῶσθαι
2756 2486 2942 2554 ἔλεγεν
2972 2487 3000 2538 6
3056 2484 3290 2556 πονηρὸς
3329 2485 3427 2554 τῆς
3456 2498 3618 2554 τραγο

2031 2592 2196 2665 ῳδίας
2229 2593 2434 2666 ταύτης
2449 2594 2696 2664 ἄγγελος,
2715 2595 2813 2659 τὰς
2835 2595 2890 2648 δὲ
2923 2594 3029 2648 6116
3052 2594 3325 2664 πολεμίων
3353 2593 3626 2665 διαφόρων

2032 2702 2226 2774 ἀθρόον
2279 2703 2458 2767 πάσας
2511 2705 2918 2776 ἀναρπαγῆναι,
2955 2704 3048 2758 καὶ
3088 2702 3468 2772 κατακοπῆναι
3530 2703 3625 2756 σὺν

2033 2810 2217 2874 αὐτοῖς
2245 2813 2358 2875 τοῖς
2405 2811 2656 2881 ποιμέσιν
2682 2829 2694 2844 ·
2726 2811 2840 2864 ἀλλ’
2873 2813 3024 2882 ὅμως
3069 2812 3340 2881 τοσαύτην
3373 2811 3542 2881 ζάλην
3571 2812 3629 2862 ἐν

2037 2922 2268 2993 βραχείᾳ
2325 2922 2519 2992 καιροῦ
2565 2925 2703 2993 ῥοπῇ
2761 2921 3138 2992 διεγερθεῖσαν
3186 2921 3330 2992 ὀρῶν
3381 2920 3473 2972 ἐπὶ
3518 2917 3628 2971 τῶν

2034 3025 2241 3096 ἀγρῶν,
2273 3025 2368 3079 ἐπὶ
2395 3026 2494 3095 τῆς
2517 3029 2720 3093 οἰκίας,
2748 3026 2840 3080 ἐπὶ
2870 3027 2977 3081 τῶν
3006 3026 3361 3098 θρεμμάτων,
3399 3026 3490 3079 ἐπὶ
3518 3025 3628 3079 τῶν

2035 3132 2261 3197 παίδων,
2324 3133 2605 3204 ἐπάλληλα
2658 3133 2723 3189 τὰ
2783 3132 3038 3202 κύματα,
3076 3133 3170 3186 καὶ
3218 3132 3318 3196 τὰς
3365 3131 3629 3194 σπιλάδας

2037 3241 2302 3309 συνεχεῖς,
2342 3239 2436 3293 καὶ
2471 3241 2561 3293 τὸν
2614 3237 2775 3308 ζόφον
2844 3239 3033 3310 βαθὺν,
3065 3239 3160 3294 καὶ
3214 3239 3276 3292 16
3335 3238 3629 3292 κλυδώνιον

2035 3345 2328 3416 ἀφόρητον,
2382 3345 2504 3400 οὔτε
2537 3345 2748 3418 ἀθυμίᾳ
2798 3346 3162 3411 κατετείνετο,
3211 3343 3336 3398 οὔτε
3369 3343 3634 3417 ᾐσθάνετο

2039 3452 2228 3523 σχεδὸν
2248 3451 2356 3505 τῶν
2385 3453 2794 3523 γεγενημένων,
2827 3452 2968 3524 πλὴν
2994 3451 3246 3506 τοσοῦτον
3275 3453 3398 3506 ὅσον
3429 3451 3635 3524 ἀνθρω-

2039 3573 2137 3619 πος
2165 3550 2234 3628 ἦν
2264 3558 2358 3610 καὶ
2397 3559 2603 3628 πατήρ.
2663 3557 2884 3628 Ἐπειδὴ
2913 3557 2971 3610 δὲ
3019 3557 3160 3628 νόσῳ
3216 3555 3486 3630 παρεδόθη
3540 3556 3633 3611 καὶ

2037 3659 2241 3725 ἕλκεσι,
2275 3661 2398 3714 τότε
2427 3662 2520 3714 καὶ
2551 3660 2780 3714 θάνατον
2812 3661 3089 3731 ἐπεζήτει,
3115 3661 3238 3714 τότε
3285 3662 3380 3714 καὶ
3411 3660 3633 3714 ἀπωδύ-

2040 3783 2186 3838 ρετο,
2221 3767 2315 3820 καὶ
2342 3766 2583 3840 ἐθρήνει,
2622 3765 2706 3818 ἴνα
2740 3767 2920 3839 μάθῃς
2951 3767 3068 3830 πῶς
3089 3766 3246 3819 τοῦτο
3271 3765 3488 3820 πάντων
3516 3765 3632 3817 ἐστὶ

2037 3872 2436 3943 χαλεπώτερον,
2474 3873 2569 3925 καὶ
2607 3873 2705 3942 τῆς
2730 3873 3007 3943 ὑπομονῆς
3041 3872 3101 3926 16
3136 3871 3304 3942 ἀκρον
3338 3867 3633 3936 εἶδος.Κα“ι

2037 3976 2196 4030 τοῦτο
2254 3975 2373 4028 οὐδὲ
2435 3975 2595 4039 αὐτὸς
2632 3976 2659 4027 ὀ
2695 3974 2928 4045 πονηρὸς
2984 3975 3168 4043 ἀγνοεῖ
3218 3975 3461 4046 δαίμων·
3518 3975 3633 4028 ἀλλ’

2039 4079 2226 4150 ἐπειδὴ
2251 4079 2427 4132 πάντα
2452 4080 2632 4132 ἐκεῖνα
2667 4080 2914 4150 κινήσας,
2940 4076 3088 4149 ἐώρα
3113 4078 3204 4131 τὸν
3234 4077 3476 4149 ἀθλητὴν
3499 4077 3632 4132 ἀτά-

2041 4201 2205 4255 ραχον
2235 4183 2466 4254 μένοντα
2498 4185 2592 4236 καὶ
2622 4183 2910 4253 ἀθόρυϐον,
2944 4183 3020 4246 ώς
3055 4184 3146 4237 ἐπὶ
3185 4184 3440 4254 μέγιστον
3469 4180 3632 4237 ἆθλον

2039 4285 2228 4340 τοῦτον
2257 4286 2506 4358 ὥρμησε,
2542 4289 2735 4358 λέγων,
2767 4290 2850 4342 ὅτι
2878 4289 2945 4343 τά
2995 4289 3097 4360 μὲν
3132 4289 3268 4343 ἄλλα
3310 4291 3486 4345 πάντα
3539 4307 3633 4357 φο-

2044 4392 2204 4464 ρητὰ,
2252 4393 2358 4446 κᾶν
2409 4394 2577 4446 παῖδά
2626 4411 2708 4458 τις
2742 4394 3015 4464 ἀποϐάλῃ,
3057 4394 3159 4447 κᾶν
3217 4395 3491 4464 κτήματα,
3531 4395 3633 4447 κᾶν

2043 4497 2324 4550 ἀλλοτιοῦν
2378 4496 2565 4566 (τοῦτο
2596 4497 2702 4568 γάρ
2734 4499 2871 4561 ἐστι,
2905 4498 3097 4567 Δέρμα
3121 4497 3274 4565 ὑπὲρ
3293 4497 3628 4567 δέρματος),

2043 4606 2077 4676 ή
2106 4605 2162 4657 δέ
2197 4605 2385 4675 καιρία
2410 4605 2616 4676 πληγή,
2645 4605 2774 4659 ὅταν
2811 4605 2866 4658 ἐν
2899 4603 3112 4674 σώματί
3161 4622 3244 4664 τις
3270 4604 3489 4673 δέξηται
3535 4604 3632 4664 τὰς

2044 4709 2255 4772 ὀδύνας.
2304 4708 2404 4763 Διά
2431 4725 2512 4761 τοι
2542 4707 2700 4761 τοῦτο
2728 4708 2865 4778 μετά
2909 4707 3000 4760 τὸν
3039 4704 3200 4760 ἆθλον
3233 4705 3422 4760 τοῦτον
3462 4709 3632 4778 ἡττη-

2047 4813 2180 4880 θεὶς,
2214 4813 2334 4866 ούδέ
2369 4812 2566 4884 γρῦξαι
2598 4813 2778 4884 ἔσχεν,
2817 4813 2866 4865 εἰ
2895 4812 2988 4865 καὶ
3037 4810 3105 4864 τὰ
3155 4809 3391 4882 μάλιστα
3438 4811 3533 4864 καὶ
3564 4809 3634 4866 τὰ

2048 4920 2288 4990 πρότερα
2329 4917 2704 4988 ἀναισχύντως
2759 4917 3066 4986 ἀντέλεγεν.
3134 4916 3399 4970 Ἐνταῦθα
3449 4916 3634 4987 μέντοι

2043 5026 2166 5079 οὐδέ
2187 5026 2545 5096 ἀναίσχυντον
2585 5023 2790 5078 πλάσαι
2821 5039 2872 5075 τι
2897 5022 3083 5077 λοιπὸν
3107 5017 3287 5096 εὗρεν,
3321 5023 3436 5078 ἀλλ’
3468 5026 3633 5093 ἐγκα-

2045 5131 2357 5202 λυψάμενος
2387 5132 2762 5201 ἀνεχώρησεν.

2115 5245 2184 5307 γ’.
2213 5237 2376 5292 Ἀλλά
2397 5238 2471 5308 μὴ
2499 5237 2687 5307 νόμιζέ
2712 5254 2794 5289 σοι
2815 5233 2974 5292 τοῦτο
3001 5235 3294 5304 ἀπολογίαν
3317 5231 3454 5288 εἶναι
3472 5235 3550 5298 είς
3571 5233 3634 5288 16

2049 5343 2144 5398 καὶ
2187 5343 2357 5414 αὐτῆς
2411 5343 2700 5412 ἐπιθυμεῖν
2727 5341 3007 5414 τελευτῆς,
3049 5343 3096 5395 εί
3127 5343 3331 5403 ἐκεῖνος
3368 5338 3632 5409 ἐπεθύμει

2048 5450 2300 5514 θανάτου,
2338 5448 2436 5508 τάς
2466 5445 2658 5510 ὀδύνας
2704 5447 2766 5501 06
2803 5447 3003 5520 φέρων.
3051 5445 3331 5515 Ἐννόησον
3366 5443 3472 5514 γὰρ
3503 5443 3633 5495 πότε

2048 5557 2254 5619 ἐκεῖνος
2286 5555 2573 5626 ἐπεθύμει,
2598 5555 2691 5609 καὶ
2717 5555 2833 5620 πῶς
2858 5555 2968 5608 τῶν
2985 5555 3326 5626 πραγμάτων
3356 5552 3634 5624 διακειμέ-

2049 5682 2174 5729 νων,
2203 5664 2263 5717 ού
2303 5664 2472 5733 νόμου
2498 5663 2745 5727 δοθέντος
2765 5703 2781 5728 ,
2818 5664 2878 5717 06
2908 5661 3204 5733 προφητῶν
3238 5659 3534 5729 φανέντων,
3572 5659 3633 5711 06

2047 5772 2145 5840 τῆς
2175 5768 2394 5840 χάριτος
2421 5766 2596 5832 οὕτως
2628 5767 2952 5838 ἐκχυθείσης
2977 5806 2990 5831 ,
3050 5764 3169 5818 ούδέ
3216 5763 3384 5834 ἄλλης
3423 5761 3634 5833 φιλοσο-

2057 5876 2179 5940 φίας
2227 5871 2528 5944 μετασχών.
2569 5873 2690 5926 ’Ότι
2734 5872 2840 5942 γὰρ
2869 5874 3028 5942 ἡμεῖς
3055 5870 3161 5925 τῶν
3195 5872 3314 5925 τότε
3360 5867 3634 5923 πολιτευο-
