3906 6402
376 392 484 448 593

381 516 558 577 μενων
588 507 805 563 πλείονα
841 508 1070 562 άπαιτού
1080 508 1237 578 μεοα,
1257 510 1352 563 καὶ
1379 510 1602 581 μείζονα
1620 512 1754 581 ἡμῖν
1777 511 1952 563 κεῖται

376 602 448 655 τά
481 602 800 672 σκάμματα,
828 602 1057 655 ἄκουσον
1087 600 1181 654 τοῦ
1216 601 1452 672 Χριστοῦ
1490 601 1767 672 λέγοντοςο
1814 600 1956 657 Ἐὰν

373 692 461 763 μὴ
508 694 877 763 περισσεύσῃ
926 694 965 761 ἡ
998 691 1349 761 δικαιοσύνη
1398 690 1566 762 ὑμῶν
1600 692 1793 747 πλέον
1821 691 1957 763 [τῶν

379 785 759 856 ’,γραμματέων
793 784 889 839 καὶ
910 784 1264 853 Φαρισαίων,
1298 786 1371 838 οὺ
1399 783 1485 853 μὴ
1514 783 1822 851 εἰσέλθητε
1866 786 1954 850 εἰς

378 878 491 948 τὴν
524 876 675 951 [574]
706 877 1037 942 βασιλείαν
1066 875 1187 931 τῶν
1240 874 1530 945 οὐρανῶν.
1564 875 1654 947 Μὴ
1682 874 1862 928 τοίνυν
1894 874 1955 927 τὸ

376 970 626 1042 εὔχεσθαι
647 969 740 1022 νῦν
754 969 851 1041 τὴν
867 968 1140 1037 τελευτὴν,
1162 968 1502 1040 ἀπηλλάχθαι
1517 969 1857 1040 ἐγκλήματος
1875 967 1957 1022 νό-

378 1064 522 1135 μιζε,
554 1062 668 1117 ἀλλ’
687 1063 848 1117 ἄκουε
873 1062 973 1133 τῆς
996 1063 1090 1116 τοῦ
1108 1061 1320 1116 Παύλου
1345 1062 1525 1133 φωνῆς
1539 1062 1638 1132 τῆς
1657 1060 1921 1131 λεγούσης
1935 1076 1950 1092 ο

381 1156 453 1210 Τὸ
476 1155 781 1210 ἀναλῦσαι
805 1155 902 1209 καὶ
922 1154 1045 1209 σὺν
1063 1152 1293 1223 Χριστῷ
1320 1150 1470 1208 εἶναι
1491 1152 1701 1220 πολλῷ
1714 1152 1955 1223 μᾶλλον

376 1249 687 1316 κρεῖσσον,
722 1248 786 1301 τὸ
821 1247 889 1300 δὲ
916 1247 1210 1316 ἐπιμεῖναι
1238 1245 1314 1315 τῇ
1351 1246 1530 1315 σαρκὶ
1568 1246 1951 1315 ἀναγκαιότε-

369 1358 483 1409 ρον
500 1340 573 1394 δι’
605 1338 779 1408 ὑμᾶς.
812 1338 965 1410 Ὄσῳ
997 1340 1104 1410 γὰρ
1139 1339 1204 1392 ἂν
1243 1338 1573 1411 ἐπιτείνηται
1619 1335 1687 1393 τά
1712 1338 1811 1408 τῆς
1843 1335 1954 1389 θλξ-

375 1430 543 1501 ψεως,
570 1430 807 1498 τοσούτῳ
835 1429 1117 1493 πλεονάζει
1146 1430 1240 1484 xal
1272 1430 1340 1483 τὰ
1367 1428 1474 1482 τῶν
1506 1429 1783 1499 στεφάνων
1807 1445 1818 1456 ·
1845 1428 1954 1497 ὅσῳ

377 1523 445 1577 ἂν
476 1542 547 1577 πυ
558 1522 703 1595 ρωθῇ
730 1522 791 1577 τὸ
816 1522 1057 1595 χρυσίον,
1079 1521 1317 1593 τοσούτῳ
1341 1521 1701 1593 καθαρότερον
1721 1519 1951 1589 γίνεταιο

378 1615 488 1685 ὅσῳ
521 1615 856 1686 μακρότερον
877 1614 942 1669 ἂν
965 1614 1169 1686 πλεύσῃ
1194 1614 1427 1682 πέλαγος
1443 1613 1702 1685 ἔμπορος,
1718 1612 1955 1683 τοσούτῳ

381 1706 599 1760 πλείονα
632 1706 852 1774 συνάγει
874 1705 940 1759 τά
961 1706 1173 1777 φορτία.
1199 1705 1284 1777 Μὴ
1303 1706 1481 1760 τοίνυν
1501 1706 1729 1778 νομίσῃς
1760 1705 1956 1776 μικρόν

382 1816 465 1851 σοι
497 1797 813 1868 προκεῖσθαι
833 1797 927 1850 νῦν
946 1794 1128 1862 ἆθλον,
1157 1798 1292 1852 άλλά
1319 1798 1536 1852 πάντων
1566 1791 1640 1852 ὧν
1670 1796 1956 1868 ύπομεμέ-

384 1907 550 1960 νηκας
586 1891 676 1943 τὸν
712 1890 1061 1963 ὑψηλότερον,
1095 1891 1185 1946 τὸν
1213 1892 1305 1945 ἐπὶ
1344 1894 1410 1962 τῇ
1445 1891 1539 1945 τοῦ
1581 1890 1831 1961 σώματος
1854 1890 1955 1960 ἀρ·

382 1980 586 2053 ρωστία
622 1980 784 2051 λέγω.
831 1984 939 2036 Καὶ
981 1981 1088 2056 γάρ
1117 1983 1210 2037 καὶ
1240 1982 1318 2054 τῷ
1354 1982 1591 2053 Λαζάρῳ
1619 1981 1701 2052 (εί
1732 1979 1840 2052 γὰρ
1861 1981 1958 2035 καὶ

380 2073 641 2137 πολλάκις
662 2073 821 2127 τοῦτο
849 2075 1045 2147 εἴρηκα
1074 2074 1209 2148 πρὸς
1236 2074 1316 2139 σὲ,
1346 2075 1498 2129 οὐδὲν
1526 2073 1722 2129 κωλύει
1752 2073 1845 2127 καὶ
1864 2072 1957 2125 νῦν

381 2166 592 2237 εἰπεῖν)
626 2167 826 2238 ἢρκεσε
879 2166 1037 2221 τοῦτο
1067 2167 1146 2230 είς
1184 2166 1454 2237 σωτηρίαν
1476 2183 1489 2196 ·
1520 2166 1615 2220 καὶ
1641 2164 1734 2218 τοῦ
1775 2163 1959 2235 κοινὴν

382 2255 480 2326 τὴν
505 2256 678 2311 οἰκίαν
706 2260 818 2322 τοῖς
846 2257 1102 2330 παριοῦσι
1129 2257 1480 2328 κεκτημένου,
1505 2258 1597 2310 καὶ
1622 2256 1958 2328 μετανάστου

387 2349 622 2419 συνεχῶς
655 2350 940 2421 γινομένου
972 2350 1060 2404 διά
1084 2349 1149 2403 τὸ
1174 2349 1267 2403 τοῦ
1297 2348 1434 2402 θεοῦ
1463 2347 1793 2420 πρόσταγμα
1815 2385 1831 2411 ,
1863 2347 1961 2402 καὶ

387 2440 475 2494 τὸν
500 2442 613 2495 υἱὸν
644 2441 1087 2512 κατασφάξαντος
1112 2442 1203 2495 τὸν
1254 2442 1495 2512 γνήσιον,
1552 2441 1642 2494 τὸν
1673 2438 1959 2511 μονογενῆ,

384 2533 476 2587 τὸν
500 2536 555 2587 ἐν
579 2535 789 2605 ἐσχάτῳ
813 2536 959 2606 γήρᾳ
972 2534 1215 2599 δοθέντα,
1248 2536 1276 2590 6
1311 2535 1475 2606 μηδὲν
1499 2533 1705 2588 τούτων
1732 2549 1961 2602 πεποιη-

387 2624 497 2689 κὼς
526 2628 605 2691 εἰς
640 2626 765 2690 τοὺς
797 2626 1029 2690 κόλπους
1058 2627 1244 2698 ἀπῄει,
1274 2625 1455 2698 ἐπειδὴ
1477 2627 1704 2698 ῆνεγκεν
1729 2623 1962 2687 εὐκόλως

386 2716 596 2782 πενίαν,
647 2718 742 2772 καὶ
783 2718 1091 2790 ἀρρωστίαν
1123 2719 1217 2772 καὶ
1243 2718 1341 2790 τὴν
1368 2718 1477 2772 τῶν
1508 2715 1962 2789 προστησομένων

386 2808 638 2879 ἐρημίαν.
671 2810 933 2864 Τοσοῦτον
962 2810 1071 2881 γάρ
1103 2811 1250 2863 ἐστιν
1288 2810 1491 2878 ἀγαθὸν
1520 2808 1678 2863 τοῦτο
1705 2810 1819 2872 τοῖς
1841 2824 1964 2876 γεν-

388 2897 551 2961 ναίως
582 2897 806 2968 φέρουσί
849 2915 921 2963 τι,
960 2900 1042 2952 ὅτι
1074 2898 1175 2953 κᾶν
1220 2897 1288 2952 τά
1327 2899 1558 2970 μέγιστα
1606 2898 1965 2970 ἡμαρτηκότα

386 2987 508 3041 τινὰ
534 2988 691 3062 εὕρῃ,
729 2989 1057 3043 ἀπαλλάττει
1086 2990 1179 3044 τοῦ
1215 2990 1514 3061 βαρυτάτου
1540 2989 1649 3044 τῶν
1676 2989 1965 3061 ἁμαρτιῶν

389 3083 609 3155 φορτίου
630 3100 644 3115 ο
682 3082 786 3137 κᾶν
814 3083 1217 3156 κατωρθωκότα
1245 3083 1339 3138 καὶ
1375 3083 1578 3138 δίκαιον
1617 3084 1765 3150 ὄντα,
1784 3084 1843 3137 ού
1873 3101 1966 3154 μι-

389 3180 547 3251 κρᾶς,
578 3177 714 3233 άλλά
746 3172 838 3231 καὶ
867 3175 1071 3249 σφόδρα
1106 3174 1366 3246 μεγίστης
1398 3175 1711 3248 παρρησίας
1755 3177 1965 3244 γίνεται

390 3269 697 3340 προσθήκη.
726 3267 836 3321 Καὶ
858 3266 966 3337 γάρ
997 3265 1093 3319 καὶ
1124 3265 1384 3334 στέφανός
1424 3266 1540 3318 ἐστι
1574 3265 1826 3337 λαμπρὸς
1873 3267 1969 3320 ἐπὶ

390 3364 499 3418 τῶν
530 3363 795 3428 δικαίων,
844 3362 940 3416 καὶ
992 3361 1134 3431 ὑπὲρ
1180 3360 1273 3415 τὸν
1301 3360 1452 3431 ἥλιον
1493 3361 1613 3431 μεθ’
1663 3361 1968 3433 ὑπερϐολῆς

390 3457 644 3527 λάμπων,
669 3454 765 3508 καὶ
793 3452 1087 3524 καθάρσιον
1108 3451 1362 3523 μέγιστον
1391 3453 1484 3505 ἐπὶ
1513 3452 1621 3506 τῶν
1648 3453 1970 3525 ἡμαρτηκόα

390 3566 520 3603 των.
560 3549 660 3603 Διά
707 3565 789 3601 τοι
830 3547 987 3601 τοῦτο
1017 3548 1106 3599 τὸν
1136 3543 1455 3617 διορύξαντα
1485 3545 1661 3616 γάμον
1691 3545 1968 3616 πατρῷον.

391 3644 485 3697 καὶ
511 3641 611 3713 τὴν
639 3640 798 3713 εὐνὴν
818 3638 1203 3710 διαφθείραντα
1234 3639 1334 3709 τὴν
1379 3638 1612 3706 ἐκείνου,
1643 3640 1724 3702 είς
1750 3637 1974 3709 ὄλεθρον

391 3734 489 3805 τῆς
520 3731 721 3804 σαρκὸς
746 3730 1109 3802 παραδίδωσιν
1144 3731 1174 3783 6
1208 3728 1439 3795 Παῦλος,
1476 3728 1650 3796 τούτῳ
1695 3728 1971 3801 καθαίρων

394 3824 554 3878 αὐτὸν
580 3822 658 3894 τῷ
679 3822 882 3895 τρόπῳ.
913 3822 1036 3876 Ὅτι
1064 3820 1172 3893 γὰρ
1197 3821 1492 3894 καθάρσιον
1518 3820 1579 3873 1:6
1601 3821 1882 3891 γινόμενον
1902 3815 1971 3891 ἦν

395 3917 492 3988 τῆς
519 3915 785 3985 τοσαύτης
812 3913 1046 3985 κηλῖδος,
1076 3913 1307 3967 ἄκουσον
1332 3912 1495 3965 αὐτοῦ
1528 3910 1798 3981 λέγοντος,
1848 3912 1975 3967 Ἵνα

394 4005 465 4061 τὸ
492 4005 728 4075 πνεῦμα
758 4001 925 4072 σωθῇ⁹
969 4004 1040 4057 ἐν
1070 4001 1143 4072 τῇ
1174 4002 1365 4072 ἡμέρᾳ
1417 4001 1523 4057 τοῦ
1549 4003 1771 4071 Κυρίου
1803 4000 1974 4071 ἡμῶν

410 4098 613 4166 Ἰησοῦ
640 4094 919 4167 Χριστοῦ.
951 4097 1062 4148 Kal
1094 4095 1301 4166 ἐτέροις
1333 4094 1389 4147 δὲ
1422 4093 1669 4163 ἐγκαλῶν
1715 4093 1977 4165 φρικωδε-

399 4190 599 4261 στάτην
646 4188 839 4258 ἑτέραν
871 4185 1168 4257 ἁμαρτίαν,
1215 4187 1329 4249 τοῖς
1356 4185 1455 4257 τῆς
1497 4185 1648 4257 ἱερᾶς
1693 4183 1976 4257 τραπέζης

396 4280 630 4345 ἀναξίως
650 4278 981 4333 ἀπολαύουσι
1016 4277 1245 4331 καὶτῶν
1280 4278 1609 4349 ἀπορρήτων
1659 4276 1975 4348 μυστηρίων

398 4371 623 4428 ἐκείνων
647 4411 663 4436 ,
717 4370 811 4424 καὶ
840 4369 1031 4432 εἰπὼν,
1058 4369 1138 4421 ὅτι
1168 4369 1196 4419 ὁ
1239 4367 1478 4431 τοιοῦτος
1506 4369 1763 4439 Ἔνοχος
1804 4371 1976 4425 ἔσται

398 4467 506 4523 τοῦ
544 4462 817 4533 σώματος
837 4460 936 4515 καὶ
983 4460 1089 4515 τοῦ
1139 4461 1389 4531 αἵματος
1432 4460 1540 4516 τοῦ
1587 4462 1841 4529 Κυρίουο
1877 4462 1978 4533 ὅρα

398 4562 518 4628 πῶς
547 4579 679 4634 φησι
712 4560 807 4614 καὶ
835 4557 1033 4621 αὐτοὺς
1071 4552 1427 4626 καθαίρεσθαι
1458 4554 1558 4625 τῆς
1579 4553 1822 4624 χαλεπῆς
1843 4552 1975 4607 ταύο

398 4676 497 4729 της
529 4657 764 4729 κηλῖδος,
805 4654 949 4709 οὓτω
980 4652 1189 4721 λέγων·
1222 4648 1326 4703 Διὰ
1347 4648 1523 4702 τοῦτο
1554 4648 1625 4702 ἐν
1660 4647 1802 4718 ὑμῖν
1831 4649 1979 4703 πολ·

401 4727 498 4805 λὸι
534 4727 812 4814 ἀσθενεῖς
848 4745 947 4801 και
1005 4744 1319 4814 ἄρρωστοι.
1358 4738 1491 4795 Εἶτα
1546 4740 1759 4804 δεικνὺς
1808 4738 1977 4793 ὅτιού

406 4842 568 4912 μέχρι
600 4824 699 4910 τῆς
743 4837 1011 4910 τιμωρίας
1065 4835 1269 4906 ταύτης
1330 4835 1587 4906 στήσεται
1618 4833 1687 4887 τά
1734 4832 1978 4895 ἐκείνων,

402 4929 520 4983 ἀλλ’
552 4927 705 4980 ἔσται
737 4942 790 4979 τι
827 4926 1016 4996 κέρδος
1038 4922 1259 4979 ἀπὸτοῦ
1293 4923 1639 4994 πράγματος,
1673 4921 1734 4975 τὸ
1757 4920 1864 4975 τῶν
1894 4921 1983 4974 εύ-

406 5019 581 5074 θυνῶν
609 5018 715 5071 τῶν
743 5017 835 5070 ἐπὶ
860 5021 928 5088 τῇ
944 5015 1200 5087 ἁμαρτίᾳ
1216 5014 1389 5086 ταύτῃ
1434 5012 1833 5083 ἀπαλλαγῆναι,
1884 5014 1983 5065 ἐπ·

405 5115 613 5187 ἡγαγεν
630 5128 643 5142 ο
677 5112 747 5164 El
775 5109 885 5179 γὰρ
913 5108 1164 5175 ἑαυτοὺς
1185 5106 1576 5178 διεκρίνομεν,
1600 5107 1714 5161 οὐκ
1730 5104 1808 5160 ἂν
1825 5105 1983 5173 ἐκρι-

405 5207 647 5275 νόμεθα.
676 5202 806 5258 Νῦν
829 5201 897 5256 δὲ
921 5201 1278 5271 κρινόμενοι,
1303 5199 1422 5256 ὑπὸ
1449 5200 1671 5269 Κυρίου
1705 5197 1985 5253 παιδευό-

400 5270 575 5369 ⁴ᾗεθα,
613 5295 715 5349 ἵνα
740 5292 827 5365 μὴ
853 5293 974 5347 σὺν
1021 5270 1102 5358 τῷ
1130 5293 1336 5362 κόσμῳ
1374 5289 1835 5360 κατακριθῶμεν.
1862 5289 1987 5344 Ὀτι

407 5390 464 5446 δὲ
488 5389 581 5445 καὶ
608 5391 657 5443 οί
712 5387 783 5441 τά
818 5384 1029 5457 μεγάλα
1066 5383 1492 5455 κατωρθωκότες
1542 5382 1789 5436 ἐντεῦθεν
1819 5381 1990 5439 πολλὰ

410 5482 801 5555 κερδαίνουσιν,
832 5479 941 5533 ἀπό
964 5495 1025 5530 τε
1058 5474 1151 5529 τοῦ
1193 5475 1313 5529 Ἰὼϐ
1346 5476 1503 5546 δῆλον
1530 5474 1790 5546 μειζόνως
1809 5474 1989 5527 ἐντεῦ-

411 5574 502 5627 θεν
539 5572 871 5643 λάμψαντος,
901 5569 1009 5623 ἀπό
1030 5586 1093 5621 τε
1122 5566 1216 5621 τοῦ
1247 5567 1511 5637 Τιμοθέου
1528 5607 1543 5631 ,
1568 5567 1629 5631 ὃς
1658 5566 1800 5620 οὓτω
1829 5565 1990 5628 καλὸς

411 5667 508 5729 ὢν,
570 5665 664 5717 καὶ
714 5660 968 5730 τοιαύτην
1019 5658 1295 5713 διακονίαν
1343 5659 1840 5730 ἐγκεχειρισμένος,
1898 5659 1993 5710 καὶ

415 5753 959 5828 συμπεριιπτάμενος
980 5750 1179 5824 Παύλῳ
1198 5749 1296 5823 τὴν
1324 5751 1675 5822 οἰκουμένην,
1691 5751 1753 5804 οὐ
1786 5749 1880 5804 δύο
1900 5750 1992 5804 καὶ

1082 393 1137 448 S.
1174 392 1459 450 JOANNIS
1488 390 1981 451 CHRYSOSTOHI
2016 393 2333 453 ARCIIIEP.
2372 397 2916 455 CONSTANTINOP.
3522 401 3647 461 5'34."

2050 510 2198 576 τρεῖς
2236 503 2474 577 ἡμέρας,
2515 505 2638 560 οὐδὲ
2674 505 2828 573 δέκα,
2872 504 2970 558 καὶ
3022 501 3217 572 εἴκοσι,
3269 502 3367 559 καὶ
3403 503 3607 558 ἑκατὸν
3632 547 3652 572 ,

2051 598 2188 651 ἀλλὰ
2239 598 2441 663 πολλάς
2501 599 2597 653 καὶ
2653 600 2901 670 συνεχεῖς
2951 598 3011 651 ἐν
3055 596 3341 670 ἀρρωστία
3376 596 3512 667 εζη,
3550 598 3655 652 τοῦ

2051 689 2209 764 [575]
2249 690 2501 762 σώματος
2554 691 2706 765 αὐτῷ
2744 691 2886 764 μετά
2911 691 3119 763 πολλῆς
3146 692 3248 762 τῆς
3278 691 3661 763 σφοδρότητος

2052 784 2514 859 ἐξησθινημένου.
2538 786 2650 840 Kal
2680 785 2841 840 τοῦτο
2870 784 3052 855 δηλῶν
3080 786 3111 838 6
3161 783 3376 848 Παῦλος
3416 784 3615 853 ἔλεγεν
3641 800 3658 815 ο

2059 879 2214 948 οἴνῳ
2244 879 2429 950 ὀλίγῳ
2468 878 2594 949 χρῶ
2641 877 2743 933 διὰ
2771 878 2881 933 τὸν
2905 878 3219 948 στόμαχόν
3241 893 3379 944 σου,
3415 878 3519 931 καὶ
3549 878 3664 943 τὰς

2055 972 2297 1038 πυκνάς
2334 988 2452 1028 σου
2502 972 2848 1038 ἀσθενείας.
2880 972 2993 1027 Kal
3020 972 3083 1025 οὺ
3121 968 3440 1043 διώρθωσεν
3484 971 3664 1024 αὑτοῦ

2052 1064 2153 1137 τὴν
2208 1064 2494 1120 ἀσθένειαν
2541 1067 2571 1119 6
2629 1065 2861 1138 νεκροὺς
2919 1065 3154 1136 ἐγείρων
3186 1104 3201 1131 ,
3264 1062 3380 1118 ἀλλ’
3436 1063 3666 1133 ἀφῆκεν

2055 1154 2198 1213 εῖναι
2250 1160 2311 1213 ἐν
2348 1162 2416 1232 τῇ
2466 1158 2686 1232 καμίνῳ
2757 1162 2858 1232 τῆς
2916 1158 3098 1226 νόσου,
3167 1155 3311 1211 ὥστε
3391 1156 3666 1229 μέγιστον

2056 1251 2205 1324 αύτῷ
2247 1252 2345 1306 καὶ
2396 1251 2648 1308 ἐντεῦθεν
2717 1251 3055 1323 συναχθῆναι
3117 1250 3436 1322 παρρησίας
3487 1250 3668 1305 πλοῦ-

2058 1362 2172 1400 τον.
2234 1340 2338 1399 Ὧν
2406 1346 2515 1420 γάρ
2570 1345 2736 1411 αὐτὸς
2790 1345 3138 1401 ἀπολέλαυκε
3209 1344 3363 1415 παρά
3410 1343 3511 1398 τοῦ
3562 1346 3664 1398 Δε-

2064 1438 2287 1505 σπότου,
2340 1439 2438 1494 καὶ
2493 1439 2641 1513 άπερ
2700 1439 3000 1511 ἐπαιδεύθη
3038 1438 3171 1512 παρ’
3201 1440 3439 1503 ἐκείνου,
3477 1437 3666 1492 ταῦτα

2062 1530 2159 1587 καὶ
2212 1532 2307 1587 τὸν
2359 1532 2613 1607 μαθητὴν
2666 1533 2971 1589 ἐδίδασκεν.
3008 1533 3072 1587 El
3122 1531 3232 1605 γάρ
3290 1532 3388 1587 καὶ
3442 1530 3524 1604 μὴ
3570 1534 3667 1605 ἀρε

2063 1625 2272 1698 ρωστίᾳ
2322 1626 2715 1699 περιέπιπτεν,
2756 1627 2872 1682 ἀλλ’
2903 1626 3219 1700 ἀρρωστίας
3271 1625 3373 1679 οὐκ
3429 1624 3665 1679 ἔλαττον

2064 1720 2364 1791 περιασμοὶ
2417 1720 2580 1775 αὐτὸν
2635 1719 3013 1791 κολαφίζουσι,
3061 1718 3157 1773 καὶ
3195 1717 3398 1790 πολλὴν
3457 1718 3666 1789 ὀδύνην

2063 1810 2389 1883 ἐπιφέρουσι
2448 1817 2515 1887 τῇ
2589 1814 2774 1887 σαρκί.
2832 1812 3047 1881 Ἐδόθη
3106 1812 3212 1883 γάρ
3266 1830 3405 1882 μοι,
3478 1813 3663 1884 φησὶ,

2065 1906 2316 1976 σκόλοψ
2365 1905 2443 1977 τῇ
2486 1908 2665 1977 σαρκί
2723 1907 2984 1978 ἄγγελος
3026 1905 3247 1972 Σατᾶν,
3298 1906 3403 1960 ἵνα
3436 1922 3517 1976 με
3557 1924 3663 1959 κο-

2064 1996 2284 2069 λαφίζῃ
2319 2015 2333 2029 ο
2359 2000 2462 2064 τάς
2505 2000 2724 2073 πληγάς
2763 2000 2961 2070 λέγων,
3014 1999 3083 2054 τά
3148 1998 3344 2071 δεσμά,
3382 1997 3487 2063 τὰς
3537 1998 3667 2053 ἀλύ-

2068 2107 2204 2157 σεις,
2262 2092 2332 2146 τά
2389 2094 2769 2167 δεσμωτήρια,
2798 2094 2860 2147 τὸ
2894 2092 3160 2163 ἄγεσθαι,
3197 2094 3293 2147 καὶ⁸
3350 2092 3667 2164 σπαράττε-

2069 2183 2195 2239 σθαι
2243 2185 2341 2240 καὶ
2387 2186 2805 2241 κατατείνεσθαι
2862 2186 3118 2258 μάστιξιν
3181 2197 3208 2226 ι
3278 2186 3384 2239 ὑπὸ
3445 2184 3667 2256 δημίων

2068 2276 2351 2344 πολλάκις.
2384 2279 2477 2333 Διὸ
2527 2282 2621 2335 καὶ
2685 2281 2761 2353 μὴ
2816 2282 2999 2353 φέρων
3049 2280 3150 2346 τάς
3187 2279 3382 2345 ὀδύνας
3431 2280 3533 2344 τάς
3574 2282 3667 2334 ἐν-

2068 2368 2261 2425 τεῦθεν
2305 2375 2373 2445 τῇ
2415 2374 2581 2447 σαρκὶ
2631 2376 3109 2447 προσγινομένας,
3168 2375 3355 2444 ἔλεγεν
3385 2391 3401 2406 ο
3478 2375 3667 2444 ’Υπὲρ

2057 2467 2289 2524 τούτου
2360 2470 2488 2539 τρὶς
2561 2471 2671 2525 τὸν
2742 2472 2966 2540 Κύριον
3035 2470 3425 2541 παρεκάλεσα
3477 2471 3668 2542 (τρὶς

2072 2560 2310 2616 ἐνταῦθα
2362 2563 2424 2617 τὸ
2479 2564 2741 2629 πολλάκις
2804 2564 3063 2638 λέγων),
3123 2563 3283 2619 ὥστε
3336 2565 3667 2634 ἐλευθερω-

2071 2652 2252 2724 θῆναι
2338 2657 2447 2713 τοῦ
2529 2660 2846 2726 σκόλοπος
2933 2659 3171 2714 τούτου.
3250 2652 3388 2712 Εἶτα
3473 2657 3666 2729 ἐπειδὴ

2071 2748 2175 2802 οὐκ
2216 2748 2473 2821 ἐπέτυχε,
2509 2750 2697 2822 μαθὼν
2736 2750 2831 2806 τοῦ
2886 2752 3214 2824 πράγματος
3242 2752 3304 2804 τὸ
3327 2750 3540 2823 κέρδος,
3572 2753 3667 2806 καὶ

2073 2838 2341 2915 ἡσύχασε,
2376 2841 2473 2896 καὶ
2510 2843 2656 2915 ῆσθη
2678 2844 2772 2899 ἐπὶ
2798 2846 2910 2909 τοῖς
2944 2845 3279 2916 γινομένοις.

2143 2970 2258 3024 Kal
2304 2972 2372 3025 σὺ
2425 2971 2608 3026 τοίνυν
2664 2971 2772 3026 κᾶν
2828 2971 2970 3025 οίκοι
3019 2971 3212 3041 μένῃς,
3243 2971 3342 3025 καὶ
3391 2972 3459 3042 τῇ
3505 2970 3662 3041 κλίνῃ

2072 3063 2471 3136 προσηλωμένη
2540 3060 2648 3139 ᾖς,
2706 3064 2782 3136 μὴ
2851 3062 3042 3133 νόμιζε
3095 3062 3267 3135 ἀργὸν
3337 3061 3454 3132 βίον
3517 3063 3662 3134 (ﬁv-

2075 3156 2187 3211 τῶν
2238 3157 2347 3230 γὰρ
2396 3158 2502 3213 ὑπὸ
2533 3158 2748 3230 δημίων
2801 3158 3114 3228 ἑλκομένων
3174 3157 3663 3229 σπαραττομένων,

2074 3250 2403 3321 τεινομένων
2431 3291 2446 3316 ,
2510 3251 2622 3305 τῶν
2695 3252 2767 3305 τά
2842 3250 3050 3322 ἔσχατα
3119 3250 3444 3323 πασχόντων
3508 3250 3666 3321 χαλε-

2080 3342 2302 3415 πώτερα
2359 3343 2673 3415 ὑπομένεις,
2730 3342 2927 3416 δήμιον
2979 3343 3201 3416 διηνεκῆ
3259 3344 3355 3398 καὶ
3417 3343 3666 3398 σύνοικον

2074 3434 2280 3507 ἔχουσα
2305 3474 2323 3503 ,

2076 3527 2260 3601 ϐολήν.

2145 3641 2227 3696 δ’.
2275 3641 2368 3710 Μὴ
2422 3640 2608 3696 τοίνυν
2672 3641 2815 3714 μήτε
2880 3640 3145 3714 τελευτῆς
3200 3640 3462 3712 ἐπιθύμει
3529 3639 3664 3709 νῦν,

2081 3734 2221 3807 μήτε
2280 3734 2474 3805 ἀμέλει
2532 3735 2873 3808 θεραπείας·
2935 3734 3061 3789 οὑδέ
3123 3734 3233 3808 γάρ
3279 3732 3438 3788 τοῦτο
3500 3734 3670 3803 ἀσφα-

2079 3827 2191 3891 λές.
2219 3828 2319 3883 Διά
2360 3845 2446 3882 τοι
2504 3828 2666 3882 τοῦτο
2719 3829 2815 3882 καὶ
2862 3827 3116 3899 Τιμοθέῳ
3169 3828 3431 3899 παραινεῖ
3462 3827 3666 3898 σφόδρα

2083 3920 2467 3991 ἐπιμελεῖσθαι
2541 3919 2734 3975 ἐαυτοῦ
2794 3921 2825 3975 6
2882 3919 3113 3985 Παῦλος.
3208 3919 3325 3992 Τῆς
3399 3919 3500 3989 μέν
3577 3916 3668 3973 οὖν

2081 4014 2399 4087 ἀρρωστίας
2456 4014 2644 4069 ἕνεκεν
2703 4014 2867 4085 ἀρκεῖ
2908 4012 3082 4068 ταῦτα
3133 4013 3333 4068 εἰπεῖν.
3384 4013 3450 4065 El
3504 4012 3561 4066 δέ
3609 4012 3670 4066 τὸ

2080 4106 2420 4179 κεχωρίσθαι
2468 4107 2627 4179 ἡμῶν
2683 4109 2829 4161 ποιεῖ
2881 4124 2963 4161 σοι
3008 4106 3108 4178 τὴν
3148 4105 3426 4177 ἀθυμίαν,
3504 4123 3670 4177 προσ-

2081 4199 2217 4253 δόκα
2296 4198 2490 4253 τούτου
2556 4200 2733 4255 λύσιν.
2800 4200 2911 4253 Kal
2961 4198 3121 4253 τοῦτο
3166 4199 3265 4269 οὐχ
3332 4199 3421 4252 ἵνα
3487 4217 3671 4269 παρα-

2083 4292 2301 4347 καλέσω
2339 4308 2399 4346 σε
2433 4287 2586 4347 εἶπον
2635 4292 2753 4358 νῦν,
2786 4291 2901 4347 ἀλλ’
2957 4289 3075 4346 οἶδα
3128 4292 3213 4345 ὅτι
3246 4292 3466 4355 πάντως
3497 4293 3670 4347 ἔσται.

2085 4388 2149 4441 El
2210 4386 2319 4459 γὰρ
2376 4386 2451 4459 μὴ
2505 4386 2730 4458 ἔμελλεν
2786 4385 3028 4450 ἔσεσθαι,
3070 4384 3241 4440 πάλαι
3302 4385 3390 4451 ἂν,
3422 4385 3498 4449 ὡς
3546 4386 3677 4455 ἐγω-

2085 4496 2151 4548 γε
2196 4476 2391 4551 οἶμαι,
2443 4478 2809 4551 ἀπεληλύθειν
2849 4477 3124 4543 ἐντεῦθεν,
3173 4477 3234 4531 τό
3288 4492 3353 4547 γε
3423 4473 3558 4549 ἧκον
3596 4478 3674 4542 εἰς

2088 4575 2218 4637 τοὺς
2286 4572 2687 4645 ἐπενεχθέντας
2773 4588 2862 4643 μοι
2940 4569 3309 4643 πειρασμούς.
3375 4569 3494 4623 Ἵνα
3568 4570 3675 4638 γάρ

2090 4661 2163 4715 τὰ
2214 4661 2274 4715 ἐν
2323 4660 2899 4715 Κωνσταντινουπόλει
2947 4659 3111 4730 παρῶ
3162 4657 3366 4726 πάντα,
3414 4657 3556 4729 μετά
3578 4658 3676 4726 τὴν

2405 3437 2508 3509 τῆς
2598 3437 2919 3509 ἀρρωστίας
3005 3435 3215 3508 ταύτης
3297 3434 3401 3508 τὴν
3496 3436 3669 3510 ὕπερ-

2088 4751 2302 4808 ἐκεῖθεν
2383 4750 2601 4819 ἔξοδον,
2652 4750 2834 4819 ἔξεστι
2901 4748 3098 4820 μαθεῖν
3171 4749 3274 4802 ὅσα
3358 4747 3501 4801 κατά
3580 4747 3675 4817 τὴν

2088 4845 2210 4900 ὁδὸν
2272 4843 2373 4915 τὴν
2444 4843 2667 4916 μακρὰν
2725 4842 2935 4914 ταύτην
2990 4842 3087 4896 καὶ
3147 4842 3429 4914 χαλεπὴν,
3489 4835 3568 4895 ὧν
3610 4842 3676 4899 τά

2091 4932 2264 4991 πλείω
2325 4935 2484 4991 ἱκανά
2538 4932 2608 5008 ἦν
2666 4936 2899 4991 θάνατον
2954 4938 3137 4989 τεκεῖν
3164 4978 3179 5002 ,
3243 4935 3672 5007 ὑπομεμένηκα,

2090 5028 2193 5082 ὅσα
2266 5027 2407 5094 μετά
2463 5028 2563 5101 τὴν
2616 5027 2856 5083 ἐνταῦθα
2921 5027 3113 5097 ἄφιξιν
3147 5068 3163 5093 ,
3221 5027 3324 5081 ὅσα
3383 5026 3524 5099 μετά
3583 5028 3675 5096 τὴν

2096 5119 2504 5189 μετανάστασιν
2546 5123 2647 5194 τὴν
2692 5121 2801 5176 ἀπὸ
2849 5121 3194 5185 Κουκουσοῦ,
3255 5122 3356 5175 ὅσα
3413 5121 3554 5191 μετά
3581 5120 3671 5189 τὴν

2093 5213 2153 5265 ἐν
2204 5212 2516 5284 ’Δραὸισσῷ
2541 5213 2849 5286 διατριϐήν.
2869 5213 3034 5266 Ἀλλά
3068 5212 3246 5268 ταῦτα
3276 5213 3457 5267 πάντα
3499 5211 3672 5282 διεφύ-

2094 5321 2288 5376 γομεν,
2334 5306 2429 5359 καὶ
2453 5305 2546 5359 νῦν
2570 5307 2739 5377 ἐσμεν
2756 5307 2814 5360 ἐν
2836 5306 3016 5378 ὑγιεία
3047 5307 3140 5360 καὶ
3169 5306 3444 5377 ἀσφαλείᾳ
3487 5305 3665 5373 πολλῇ,

2093 5395 2171 5459 ὡς
2194 5397 2625 5469 καῖ’Λρμενίους
2647 5399 2856 5463 πάντας
2878 5398 3302 5468 ἐκπλήττεσθαι,
3322 5398 3405 5451 ὅτι
3434 5398 3497 5450 ἐν
3515 5393 3673 5458 οὕτως

2158 5738 2183 5766 ⁸
2216 5736 2345 5791 Tres
2363 5751 2480 5789 mss.
2509 5740 2588 5789 καὶ
2614 5740 2989 5804 κατατείνεσθαι,
3024 5741 3353 5806 προτείνεσθαι
3378 5746 3600 5807 μάστιξιν.
