3906 6390
193 410 295 466 593

191 525 371 594 pisset.
394 523 526 579 Nam
553 525 695 596 quod
727 538 754 577 a
781 524 937 581 nobis
965 525 1134 596 plura,
1153 540 1312 595 quam
1334 525 1402 580 ab
1423 525 1524 583 illis
1547 527 1634 596 qui
1663 535 1777 583 tum

192 616 459 684 vivebant,
510 620 884 688 requirantur,
936 618 1271 689 majoresque
1315 619 1468 674 nobis
1514 621 1777 690 palaestrae

186 710 493 764 constitutae
521 709 648 775 sint,
678 710 800 764 audi
827 710 1101 764 Christum
1129 710 1396 766 dicentem
1422 728 1436 766 :
1463 711 1580 766 Nisi
1609 712 1775 766 abun-

184 799 377 852 daverit
393 801 600 868 justitiu
629 810 793 855 vestra
824 801 1090 872 plusquam
1110 802 1388 855 scribarum
1409 813 1455 856 et
1481 801 1778 858 Pharist-

185 906 318 954 rum,
353 906 455 943 non
486 891 736 946 intrabitis
761 893 812 944 in
838 909 1047 962 regnum
1074 892 1313 946 caelorum
1338 893 1548 962 (Matth.
1577 896 1631 950 5.
1659 894 1774 966 20).

186 981 549 1046 Quamobrem
573 997 642 1038 ne
666 993 892 1038 mortem
919 999 1061 1038 nunc
1089 995 1366 1056 exoptare,
1398 987 1552 1057 culpa
1592 1002 1777 1042 carere

183 1072 462 1127 existimes
481 1113 497 1138 ,
538 1090 722 1129 verum
756 1076 893 1131 hanc
919 1076 1068 1131 Pauli
1098 1093 1282 1132 vocem
1308 1078 1493 1133 audias
1517 1097 1530 1132 :
1555 1079 1778 1135 Dissolvi

182 1173 228 1216 et
257 1181 367 1217 esse
395 1181 510 1218 cum
537 1165 735 1219 Christo
767 1167 926 1220 multo
965 1167 1144 1220 melius
1167 1176 1282 1221 est:
1303 1185 1504 1224 manere
1529 1181 1697 1223 autem
1725 1171 1779 1223 in

181 1271 358 1322 carne,
397 1259 730 1312 necessarium
769 1269 973 1330 propter
1013 1275 1098 1315 vos
1140 1259 1396 1332 (Philipp.
1435 1263 1486 1316 1.
1527 1261 1616 1316 25.
1661 1262 1774 1333 24).

181 1350 398 1414 Quanto
419 1351 561 1406 enim
587 1352 755 1422 magis
776 1352 1094 1422 ingravescit
1121 1353 1416 1421 calamitas,
1445 1363 1592 1408 tanto
1616 1357 1776 1408 etiam

181 1441 354 1510 magis
401 1441 694 1496 exuberant
735 1451 1211 1513 coronmzquanto
1254 1445 1423 1514 magis
1460 1460 1647 1498 aurum
1691 1445 1776 1498 in—

183 1531 528 1596 flammatur,
556 1539 704 1587 tanto
734 1533 892 1588 etiam
921 1534 1107 1600 purius
1150 1533 1636 1604 redditurzquauto
1658 1535 1776 1589 lon—

183 1625 306 1694 gius
335 1625 552 1694 navigat
576 1635 860 1691 mercator,
891 1634 1038 1680 tanto
1068 1626 1247 1694 plures
1273 1642 1482 1682 merces
1518 1627 1775 1682 cumulat.

181 1714 450 1780 Quocirca
473 1729 542 1770 ne
564 1729 783 1784 parvum
810 1730 950 1769 nunc
977 1715 1069 1770 tibi
1097 1717 1427 1786 propositum
1458 1731 1580 1772 esse
1600 1724 1777 1770 certa-

181 1821 307 1860 men
340 1816 526 1875 putes,
580 1822 762 1860 verum
806 1807 1043 1861 omnium
1089 1823 1208 1877 qua:
1251 1808 1547 1863 sustinuisti
1577 1808 1779 1862 altissi-

182 1912 331 1950 mum
380 1898 720 1966 maximeque
769 1898 1029 1962 sublime,
1075 1898 1143 1953 de
1193 1913 1259 1954 eo
1303 1899 1494 1968 loquor
1539 1898 1681 1968 quod
1726 1899 1777 1954 in

180 1987 433 2056 corporis
456 1986 679 2041 adversa
711 1988 1014 2044 valetudine
1040 1989 1202 2044 situm
1225 2001 1327 2044 est.
1349 1989 1480 2045 Nam
1504 1999 1555 2045 et
1578 1990 1779 2044 Lazaro

183 2083 336 2152 (licet
364 2081 507 2136 enim
535 2081 637 2136 hoc
671 2083 917 2152 exemplo
959 2097 1102 2152 saepe
1139 2083 1205 2137 ad
1247 2091 1298 2138 te
1338 2098 1464 2139 usus
1505 2083 1604 2137 sim
1627 2125 1642 2149 ,
1675 2098 1780 2153 quo

181 2173 364 2226 minus
397 2181 571 2227 tamen
600 2187 743 2226 nunc
767 2173 944 2227 adhuc
979 2189 1045 2228 eo
1079 2183 1200 2229 utar
1237 2175 1368 2229 nihil
1407 2175 1671 2245 prohibet)
1711 2175 1778 2229 ad

180 2265 414 2319 salutem
447 2265 548 2319 hoc
573 2267 702 2320 satis
731 2263 994 2337 fuit(Luc.
1021 2266 1139 2336 l6);
1170 2276 1329 2337 atque
1355 2268 1407 2321 in
1435 2269 1608 2321 sinum
1639 2266 1776 2335 ejus,

180 2357 276 2425 qui
303 2373 646 2412 communem
677 2358 920 2412 omnibus
965 2360 1408 2427 prmtcreuntihus
1433 2359 1649 2414 domum
1681 2359 1778 2412 ha-

181 2449 322 2515 buit,
355 2460 409 2504 et
436 2460 650 2520 propter
673 2450 766 2505 Dei
787 2450 995 2519 jussum
1026 2461 1185 2521 atque
1213 2452 1491 2521 imperium
1522 2461 1779 2521 perpetuo

179 2543 424 2596 extorris
477 2543 609 2608 fuit,
652 2558 715 2597 ac
760 2559 1073 2614 germanum
1115 2555 1169 2600 et
1215 2545 1428 2600 unicum
1472 2545 1637 2598 tilium
1663 2587 1678 2610 ,
1727 2543 1780 2599 in

181 2646 471 2692 senectute
500 2646 772 2707 acceptum
804 2639 1140 2695 obtruncavit
1163 2680 1176 2702 ,
1227 2639 1270 2693 is
1311 2639 1401 2708 qui
1427 2638 1558 2693 nihil
1588 2638 1781 2692 horum

183 2727 416 2794 fecerat,
453 2728 652 2784 idcirco
672 2729 964 2796 abscessit,
999 2730 1122 2800 quia
1153 2736 1522 2799 paupertatem
1550 2737 1604 2783 et
1631 2744 1780 2782 mor-

186 2822 351 2887 bum,
381 2835 446 2875 ac
484 2831 827 2890 patronorum
867 2823 1101 2893 inopiam
1147 2837 1300 2891 aequo
1331 2831 1387 2876 et
1428 2821 1567 2875 facili
1603 2822 1784 2876 animo

185 2912 328 2966 tulit.
357 2911 587 2966 Tantum
629 2914 770 2967 enim
801 2912 999 2968 bonum
1030 2912 1170 2968 istud
1199 2921 1283 2968 est
1309 2913 1408 2978 iis,
1440 2912 1528 2982 qui
1572 2911 1693 2966 forti
1721 2927 1785 2967 ac

185 3013 418 3058 strenuo
443 3005 622 3058 animo
665 3004 864 3074 aliquid
908 3005 1122 3072 ferunt,
1164 3012 1223 3059 ut
1264 3005 1470 3059 etiamsi
1511 3003 1784 3059 hominem

186 3094 429 3164 aliquem
447 3135 465 3162 ,
492 3094 579 3164 qui
615 3095 860 3150 maximis
881 3096 1112 3165 peccatis
1141 3111 1262 3150 sese
1289 3096 1621 3161 devinxerit,
1655 3111 1788 3150 nan-

187 3186 449 3251 ciscatur,
478 3186 791 3256 gravissima
818 3197 1155 3257 peccatorum
1183 3187 1391 3242 sarcina
1416 3202 1537 3241 eum
1567 3186 1784 3242 liberet:

189 3279 276 3332 sin
306 3284 487 3334 autem
515 3280 740 3349 probum
783 3280 952 3334 virum
991 3295 1056 3335 ac
1102 3280 1285 3334 multis
1327 3279 1637 3334 muneribus
1664 3294 1787 3348 per-

191 3367 477 3433 functum,
522 3370 570 3423 ei
611 3385 717 3424 non
755 3371 1035 3439 exiguum,
1081 3370 1176 3424 sed
1221 3385 1476 3440 perquam
1520 3370 1789 3439 ingentem

191 3458 410 3513 fiduciae
435 3460 706 3514 cumulum
750 3460 958 3516 afferat.
1001 3459 1277 3531 Siquidem
1314 3461 1470 3530 justis
1513 3459 1788 3530 splendida

188 3565 396 3604 corona
425 3559 509 3605 est
531 3593 546 3616 ,
575 3551 811 3622 solisque
840 3552 1100 3622 fulgorem
1130 3551 1424 3606 incredibili
1451 3551 1678 3621 quodam
1709 3551 1792 3606 in-

191 3641 428 3695 tervallo
456 3656 748 3712 superans,
777 3653 831 3699 et
858 3645 922 3699 iis
961 3645 1050 3714 qui
1083 3645 1136 3699 in
1168 3654 1443 3713 peccatum
1468 3645 1598 3714 lapsi
1623 3653 1788 3712 sunt,

191 3734 437 3788 maxima
464 3736 716 3805 expiatio.
765 3737 947 3808 anue
989 3737 1056 3792 de
1103 3752 1264 3792 causa
1309 3752 1430 3792 cum
1465 3752 1676 3807 quoque
1703 3737 1792 3806 qui

192 3834 484 3895 paternum
518 3827 913 3882 matrimonium
943 3829 1255 3892 violaverat,
1287 3829 1558 3898 ipsiusque
1595 3828 1794 3882 lectum

193 3919 594 3974 contaminarat
616 3961 632 3985 ,
665 3919 859 3975 Paulus
883 3921 934 3975 in
976 3921 1247 3976 interitum
1277 3922 1454 3975 carnis
1486 3920 1797 3976 traditzhac

196 4009 456 4065 videlicet
485 4026 604 4065 eum
633 4011 840 4067 ratione
868 4027 1115 4082 purgans.
1141 4011 1274 4066 Nam
1301 4012 1442 4081 quod
1472 4027 1534 4068 ea
1566 4028 1624 4066 re
1649 4021 1796 4066 tanta

197 4101 413 4156 macula
446 4111 788 4172 purgaretur,
828 4103 950 4156 audi
991 4119 1112 4157 eum
1154 4103 1417 4158 dicentem
1447 4121 1459 4156 :
1490 4102 1555 4157 Ut
1589 4104 1798 4172 spiritus

199 4190 384 4245 salvus
413 4193 475 4245 sit
505 4193 557 4245 in
585 4193 666 4245 die
691 4191 899 4247 Domini
927 4193 1088 4246 nostri
1116 4192 1147 4246 .I
1157 4210 1241 4246 esu
1271 4191 1563 4265 Christi.(l.
1594 4192 1711 4248 Cor.
1741 4193 1794 4248 5.

200 4286 286 4352 5).
317 4286 640 4352 Quinetiam
661 4301 780 4340 cum
810 4285 929 4341 aliis
955 4287 1185 4340 maxime
1230 4285 1553 4342 horrendum
1596 4287 1798 4341 crimen

200 4375 493 4444 objiceret,
517 4377 618 4431 hoc
639 4387 720 4432 est
741 4378 805 4432 iis
827 4379 913 4448 qui
937 4386 1275 4433 sacrosancta
1299 4393 1484 4432 mensa
1511 4387 1567 4434 et
1592 4377 1800 4432 arcanis

203 4467 320 4521 illis
352 4468 620 4537 mysteriis
645 4467 858 4538 indigne
888 4467 1162 4533 fruuntur,
1199 4467 1528 4537 dixissetque
1560 4483 1680 4522 eum
1713 4467 1802 4537 qui

204 4559 263 4613 id
295 4561 512 4615 sceleris
541 4560 874 4625 admisisset,
909 4577 1058 4616 reum
1103 4561 1216 4615 fore
1246 4560 1486 4629 corporis
1509 4570 1564 4615 et
1591 4560 1806 4630 sangui-

206 4653 296 4708 nis
328 4651 534 4706 Domini
567 4651 725 4725 (Ibid.
757 4655 842 4708 11.
866 4653 958 4725 27)
979 4694 995 4720 ,
1042 4652 1166 4707 vide
1193 4667 1422 4721 quanam
1459 4651 1666 4705 ratione
1707 4649 1806 4706 hos

207 4745 374 4798 etiam
415 4743 482 4797 ab
514 4744 612 4798 hac
642 4744 781 4800 foeda
833 4755 885 4799 et
919 4743 1064 4813 gravi
1102 4743 1308 4798 macula
1345 4742 1618 4813 repurgari
1650 4750 1808 4811 atque

209 4836 446 4907 abstergi
486 4835 662 4903 dicat,
695 4836 779 4891 his
818 4838 995 4892 verbis
1025 4845 1180 4892 utens
1203 4878 1218 4908 ,
1263 4835 1543 4907 PrOpterea
1569 4837 1697 4888 inter
1724 4851 1809 4889 vos

208 4928 363 4980 multi
409 4927 602 4996 infirmi
647 4937 692 4981 et
741 4929 1010 4982 imbecilles
1055 4927 1215 4999 (Ibid.
1266 4944 1314 4982 υ.
1359 4928 1470 5000 50).
1517 4929 1595 4983 Ac
1623 4936 1809 4997 postea

211 5021 348 5077 illud
382 5021 794 5087 demonstrans,
834 5037 922 5077 res
962 5038 1146 5077 eorum
1192 5037 1302 5077 non
1330 5022 1383 5076 in
1424 5023 1526 5077 hoc
1553 5021 1812 5092 supplicio

211 5131 501 5172 mansuras
527 5133 650 5173 esse
673 5159 690 5184 ,
721 5133 908 5172 verum
939 5117 1179 5174 nonnihil
1209 5116 1343 5172 lucri
1371 5125 1530 5187 atque
1571 5115 1815 5170 utilitatis

212 5211 342 5264 hinc
370 5210 687 5278 rediturum,
716 5226 908 5280 nempe
949 5219 1010 5264 ut
1035 5209 1250 5264 sceleris
1281 5210 1453 5278 poenis
1483 5208 1582 5262 hac
1608 5207 1814 5262 ratione

211 5303 530 5371 liberemur,
582 5303 701 5358 hazc
739 5304 900 5359 verba
946 5302 1221 5372 subjungit
1251 5319 1264 5356 :
1299 5301 1361 5357 Si
1410 5302 1544 5355 enim
1586 5301 1816 5367 nosipsos

204 5396 563 5468 judicaremm
583 5436 598 5460 ,
629 5412 730 5450 non
751 5397 920 5466 utique
935 5397 1304 5468 judicaremur.
1351 5392 1488 5446 Dum
1528 5393 1818 5461 iudicamur

211 5501 422 5560 autem,
463 5508 496 5544 a
528 5491 744 5545 Domino
773 5491 1075 5562 corripimur
1098 5531 1113 5557 ,
1141 5497 1196 5542 ut
1236 5504 1336 5542 non
1367 5503 1482 5542 cum
1508 5487 1602 5540 hoc
1627 5484 1819 5539 mundo

213 5588 518 5642 damnemur
564 5585 728 5656 (Ibid.
773 5600 820 5640 υ.
862 5585 950 5640 51.
1000 5583 1116 5654 52).
1161 5583 1312 5650 Quod
1343 5589 1521 5636 autem
1550 5580 1708 5636 etiam
1741 5578 1815 5643 ii,

212 5682 308 5751 qui
337 5681 500 5735 multa
533 5689 681 5736 recte
711 5687 910 5734 etcum
936 5677 1133 5732 virtute
1167 5682 1480 5746 gesserunt,
1530 5673 1818 5743 plurimum

218 5775 346 5829 hinc
397 5773 531 5828 lucri
562 5773 795 5826 referant
816 5813 830 5838 ,
872 5779 980 5826 tum
1008 5785 1076 5826 ex
1104 5769 1204 5825 Job
1229 5766 1432 5838 liquido
1462 5765 1817 5836 perSpicitur,

219 5868 306 5935 qui
339 5867 598 5938 majorem
618 5863 740 5920 hinc
766 5861 1102 5936 splendorem
1123 5867 1480 5932 consequutus
1505 5865 1606 5929 est,
1627 5865 1735 5914 tum
1753 5871 1818 5914 ex

1672 411 2051 470 EPISTULA}.

3367 416 3475 478 εει

1886 525 2171 581 Timotheo
2191 567 2206 592 ,
2239 527 2360 597 qui,
2389 542 2510 582 cum
2547 537 2604 584 et
2627 543 2657 584 a
2685 529 2814 586 vitio
2834 529 3042 586 alienus
3067 539 3240 598 esset,
3274 541 3327 586 ct
3353 540 3472 586 tan-

1885 625 1996 672 tum
2026 633 2220 673 munus
2244 618 2676 687 administraret,
2723 629 2777 675 et
2806 637 2928 676 cum
2953 619 3119 676 Paulo
3145 623 3331 678 orbem
3367 624 3474 677 cir—

1883 711 2235 778 cumvolaret,
2267 727 2370 766 non
2409 712 2543 768 duos
2570 720 2664 768 aut
2693 723 2802 768 tres
2840 713 2973 780 dies,
3006 729 3112 769 non
3138 713 3322 770 decem
3341 757 3354 778 ,
3382 726 3473 770 aut

1882 803 2096 874 viginti,
2130 811 2222 857 aut
2246 811 2460 859 centum
2486 846 2501 871 ,
2546 805 2643 860 sed
2686 805 2856 860 multo
2878 807 3056 876 plures
3076 849 3091 873 ,
3121 807 3230 862 imo
3259 807 3474 863 assidue

1883 894 1934 949 in
1961 895 2150 950 morbo
2181 895 2509 962 versabatur,
2543 905 2704 967 atque
2729 897 2929 966 ingenti
2958 898 3200 968 corporis
3226 898 3466 953 imbecil-

1882 986 2033 1042 litate
2061 987 2355 1042 laborabat.
2379 987 2536 1054 Quod
2563 987 2777 1058 quidem
2808 991 2966 1043 etiam
2993 989 3184 1044 Paulus
3207 989 3468 1056 indicans,

1882 1077 1968 1133 his
2000 1079 2179 1134 verbis
2206 1079 2451 1134 utebatur
2477 1097 2490 1134 :
2516 1079 2722 1134 Modico
2742 1081 2858 1135 vino
2883 1089 3020 1135 utere
3056 1091 3263 1152 propter
3284 1091 3473 1136 stoma-

1882 1170 2031 1224 chum
2076 1181 2243 1236 tuum,
2281 1181 2329 1228 et
2371 1173 2650 1244 frequentes
2675 1183 2787 1228 tuas
2809 1173 3129 1242 inﬁrmitates
3145 1175 3219 1246 (1.
3247 1174 3378 1229 Tim.
3413 1175 3468 1229 5.

1879 1259 1996 1329 25).
2019 1259 2129 1316 Nec
2158 1261 2326 1331 ipsius
2353 1263 2597 1318 morbum
2631 1263 2928 1334 proﬂigavit
2949 1265 2993 1318 is
3021 1265 3108 1335 qui
3137 1275 3378 1320 mortuos
3403 1265 3469 1320 ad

1884 1353 2047 1406 vitam
2072 1353 2373 1417 revocabat,
2397 1368 2578 1408 verum
2599 1369 2719 1408 eum
2747 1355 2799 1409 in
2828 1355 2999 1410 morbi
3027 1355 3244 1411 fornace
3271 1356 3471 1410 versari

1882 1443 2160 1511 permisit,
2201 1459 2308 1514 quo
2357 1446 2695 1514 amplissima:
2729 1447 2990 1502 libertatis
3019 1461 3082 1502 ac
3111 1447 3317 1502 ﬁducim
3343 1463 3472 1517 opes

1881 1533 2007 1588 hinc
2034 1535 2133 1603 ipsi
2161 1547 2498 1606 cogerentur.
2524 1537 2656 1591 Nam
2685 1554 2805 1608 quae
2828 1553 2858 1592 a
2893 1539 3120 1593 Domino
3140 1539 3253 1608 ipse
3288 1554 3474 1608 perce-

1883 1635 2033 1695 perat
2051 1643 2274 1697 quaaque
2297 1628 2364 1682 ab
2384 1643 2449 1683 eo
2473 1629 2752 1694 didicerat,
2773 1629 2961 1685 eadem
2979 1645 3192 1700 quoque
3210 1629 3475 1699 discipulo

1883 1716 2143 1771 tradebat.
2169 1719 2420 1783 Quamvis
2459 1719 2600 1773 enim
2646 1723 2758 1788 ipse
2790 1719 2842 1772 iu
2872 1721 3119 1774 morbum
3146 1720 3364 1774 minime
3391 1719 3471 1772 la-

1882 1807 2126 1874 beretur,
2173 1817 2226 1863 et
2267 1810 2587 1864 tentationes
2617 1819 2793 1864 tamen
2823 1826 2944 1864 eum
2977 1827 3083 1866 non
3112 1811 3290 1864 minus
3312 1825 3473 1880 quam

1881 1901 2091 1967 morbi,
2139 1909 2405 1970 tamquam
2453 1903 2694 1970 impactis
2741 1903 2979 1972 colaphis
3027 1901 3378 1972 torquebant,
3419 1910 3475 1955 et

1881 1993 2108 2046 multum
2131 1993 2276 2047 carni
2297 1992 2537 2047 dolorem
2565 1993 2862 2048 inut-ebant.
2883 1993 3039 2047 Datus
3064 2001 3136 2047 est
3157 1992 3296 2047 enim
3327 1991 3471 2054 mihi,

1882 2083 2088 2154 inquit,
2131 2086 2365 2139 stimulus
2391 2087 2557 2139 carnis
2576 2126 2591 2152 ,
2625 2087 2833 2157 angelus
2864 2086 3095 2151 Satanae,
3118 2087 3204 2157 qui
3231 2101 3309 2138 me
3332 2085 3472 2138 cola-

1883 2177 2048 2246 pltizet
2072 2177 2150 2248 (2.
2175 2176 2292 2231 Cor.
2326 2177 2410 2232 12.
2441 2179 2519 2248 7),
2549 2179 2630 2231 his
2658 2180 2906 2231 nimirum
2934 2177 3112 2232 verbis
3139 2176 3347 2230 vincula
3368 2215 3384 2242 ,
3419 2185 3475 2230 et

1884 2278 2137 2335 catenas,
2185 2278 2240 2324 et
2280 2284 2549 2324 carcerem
2595 2269 2936 2338 intelligens,
2996 2269 3232 2338 illudque
3275 2268 3473 2333 etiam,

1884 2359 2028 2430 quod
2056 2369 2356 2430 raptaretur
2375 2401 2392 2425 ,
2423 2375 2485 2414 ac
2521 2360 2872 2424 laceraretur,
2907 2359 3180 2429 virgisque
3207 2373 3236 2412 a
3262 2357 3476 2412 carnifi-

1883 2452 2036 2508 cibus
2055 2453 2251 2522 smpius
2268 2451 2684 2506 excruciaretur.
2700 2450 3057 2518 Quamobrem
3080 2451 3242 2504 etiam
3262 2448 3477 2502 dolores

1885 2559 1980 2600 eos
2001 2586 2018 2611 ,
2049 2545 2140 2614 qui
2186 2543 2311 2598 hinc
2352 2544 2502 2598 carni
2534 2542 2894 2608 accedebant,
2951 2558 3057 2596 non
3089 2541 3268 2596 ferens
3291 2583 3304 2604 ,
3337 2539 3478 2594 hunc

1885 2651 2188 2691 sermonem
2222 2636 2487 2691 habebat:
2518 2635 2738 2705 Propter
2777 2635 2870 2690 hoc
2901 2644 2975 2688 ter
3004 2633 3278 2687 Dominum
3306 2634 3479 2703 rogavi

1887 2727 1995 2800 (ter
2016 2739 2193 2784 autem
2222 2728 2324 2784 hoc
2350 2729 2468 2784 loco
2494 2744 2636 2797 saepe
2662 2727 2969 2798 signiﬁcat),
2994 2735 3046 2780 ut
3067 2726 3128 2779 ab
3155 2726 3250 2780 hoc
3273 2726 3478 2780 stimqu

1887 2821 2126 2875 liberarer
2170 2819 2332 2889 (Ibid.
2371 2837 2421 2874 υ.
2481 2819 2558 2888 8).
2618 2819 2902 2888 Postquam
2951 2827 3128 2872 autem
3168 2816 3219 2870 id
3259 2815 3480 2870 minime

1888 2911 2135 2974 obtinuit,
2157 2919 2459 2981 quantaque
2485 2909 2640 2979 hujus
2668 2909 2746 2963 rei
2775 2908 2980 2962 utilitas
3003 2914 3164 2970 esset,
3192 2906 3476 2971 intellexit,

1891 3011 2000 3055 tum
2027 3016 2157 3056 vero
2183 3000 2507 3070 conquievit,
2535 3008 2696 3070 atque
2717 3014 2780 3053 ex
2805 2999 2868 3053 iis
2889 3013 3006 3068 qua:
3025 2998 3225 3053 fiebant
3240 2996 3482 3065 volupta-

1891 3099 1995 3147 tem
2027 3094 2187 3162 cepit.

1964 3185 2174 3240 Morbus
2204 3202 2304 3240 non
2331 3195 2402 3240 est
2424 3186 2604 3240 otium.
2633 3183 3020 3255 Chrysostomus
3051 3190 3190 3251 putat
3216 3181 3278 3235 ab
3307 3180 3484 3236 exsilio

1893 3297 1946 3335 se
1971 3280 2250 3334 rediturum
2279 3293 2420 3342 esse;
2456 3279 2509 3330 in
2535 3276 2772 3329 Armenia
2797 3275 2994 3328 exsulat
3043 3272 3304 3344 Chrysost.
3323 3300 3396 3312 —
3421 3271 3486 3326 Et

1894 3381 1950 3426 tu
1992 3385 2226 3441 quoque,
2257 3367 2466 3423 etiamsi
2492 3367 2635 3421 domi
2677 3379 2895 3420 maneas
2921 3365 3164 3433 lectoque
3187 3362 3343 3417 afﬁxa
3373 3362 3446 3416 sis
3464 3401 3483 3438 ρ

1893 3478 1961 3518 ne
1987 3469 2266 3532 propterea
2297 3461 2521 3514 inertem
2553 3459 2716 3512 vitam
2743 3457 2940 3512 ducere
2970 3467 3021 3511 te
3061 3454 3355 3510 existimes.
3397 3452 3485 3508 Si-

1894 3554 2110 3625 quidem
2139 3554 2202 3608 iis
2223 3592 2237 3615 ,
2280 3552 2369 3622 qui
2395 3567 2424 3605 a
2453 3550 2788 3605 carnificibus
2817 3558 3115 3620 raptantur,
3148 3548 3484 3612 lacerantur,

1896 3649 2292 3712 excruciantur,
2335 3653 2494 3714 atque
2537 3643 2790 3696 extremis
2831 3640 3108 3710 suppliciis
3159 3647 3485 3703 mactantur,

1897 3738 2141 3807 graviora
2193 3743 2249 3789 et
2293 3733 2556 3787 atrociora
2608 3731 2874 3796 sustines,
2927 3729 3174 3783 nimirum
3224 3742 3486 3783 summam

1901 3828 2058 3898 hujus
2085 3825 2257 3882 morbi
2279 3824 2621 3880 acerbitatem
2642 3821 2919 3878 domestici
2940 3829 3099 3892 atque
3120 3819 3357 3874 intestini
3381 3827 3492 3872 tor-

1903 3923 2035 3978 toris
2056 3923 2172 3976 loco
2200 3918 2420 3975 habens.

1975 4016 2027 4071 4.
2060 4014 2190 4082 Quae
2219 4026 2338 4067 cum
2366 4012 2436 4064 ita
2458 4009 2586 4076 sint,
2617 4023 2750 4063 cave
2775 4015 2867 4062 aut
2893 4013 3123 4062 mortem
3154 4019 3296 4060 nunc
3324 4017 3491 4072 expe-

1904 4114 2006 4171 tas,
2038 4113 2130 4160 aut
2153 4118 2346 4173 corpus
2372 4114 2565 4156 curare
2591 4098 2826 4168 negligas
2853 4116 2867 4154 :
2897 4111 3069 4166 neque
3104 4095 3245 4151 enim
3274 4094 3376 4147 hoc
3407 4103 3492 4146 tu—

1907 4210 2020 4255 tum
2047 4198 2222 4254 fuerit.
2247 4197 2324 4250 Ac
2351 4200 2632 4264 propterea
2662 4192 2857 4246 Paulus
2886 4203 3097 4259 quoque
3124 4185 3491 4248 Timotheum,

1907 4299 1968 4346 ut
2005 4286 2291 4344 valetudini
2319 4300 2430 4340 sua:
2457 4283 2737 4354 diligenter
2780 4281 3043 4346 consulat,
3077 4278 3349 4332 admonet.
3389 4274 3494 4330 Sed

1907 4383 1977 4438 de
2002 4381 2190 4435 morbo
2220 4379 2350 4435 satis
2381 4378 2546 4433 multa
2576 4393 2606 4431 a
2634 4377 2786 4431 nobis
2816 4375 2975 4430 verba
3004 4372 3141 4427 facta
3173 4379 3315 4426 sunt.
3344 4367 3496 4434 Quod

1907 4476 1952 4529 si
1982 4474 2077 4529 tibi
2121 4471 2370 4528 maeroris
2409 4485 2624 4525 causam
2665 4468 2717 4524 id
2758 4467 2932 4534 alTert,
2977 4464 3118 4535 quod
3163 4477 3192 4516 a
3224 4461 3380 4516 nobis
3407 4474 3494 4513 se-

1906 4566 2089 4637 juncta
2111 4565 2205 4630 sis,
2232 4562 2387 4632 hujus
2408 4561 2569 4615 etiam
2597 4560 2675 4614 rei
2703 4559 2880 4613 laetum
2915 4556 3074 4610 ﬁnem
3102 4559 3371 4621 exspecta.
3405 4552 3502 4604 At-

1910 4674 2012 4728 que
2052 4657 2155 4712 hoc
2181 4671 2286 4710 non
2314 4651 2627 4709 consolandi
2658 4651 2822 4704 animi
2853 4649 2925 4702 tui
2957 4661 3115 4701 causa
3157 4658 3300 4698 nunc
3341 4642 3461 4697 dico
3481 4682 3497 4706 ,

1912 4751 2007 4805 sed
2036 4749 2156 4819 quia
2187 4747 2524 4816 exploratum
2557 4742 2684 4796 mihi
2723 4739 2902 4795 estita
2946 4737 3078 4791 fore.
3119 4735 3250 4789 Nam
3282 4733 3385 4786 nisi
3425 4732 3496 4785 ita

1915 4843 2149 4898 futurum
2176 4847 2340 4904 esset,
2363 4835 2701 4906 jampridem,
2734 4833 2834 4887 nisi
2857 4846 2940 4885 mc
2957 4829 3136 4898 opinio
3157 4825 3310 4891 fallit,
3331 4840 3504 4895 quan-

1917 4943 2026 4990 tum
2054 4932 2269 5004 quidem
2297 4929 2362 4983 ad
2392 4928 2565 4982 illatas
2593 4923 2723 4978 mihi
2750 4921 3081 4977 calamitates
3107 4918 3316 4982 attinet,
3342 4930 3375 4970 e
3401 4915 3504 4968 vita

1917 5027 2225 5082 cessissem.
2251 5021 2322 5078 Ut
2346 5021 2487 5076 enim
2519 5019 2678 5073 etiam
2705 5015 2882 5068 omnia
2908 5027 3025 5082 quae
3046 5005 3506 5076 Constantinopoli

1919 5131 2204 5189 perpessus
2243 5129 2384 5179 sum,
2417 5120 2752 5181 prmteream,
2790 5113 3011 5175 quanta,
3055 5110 3403 5171 posteaquam
3442 5111 3507 5151 ex

1919 5212 2053 5268 urbe
2072 5208 2300 5274 excessi,
2343 5207 2396 5261 in
2430 5215 2535 5258 tam
2564 5203 2720 5270 longo
2746 5214 2809 5253 ac
2836 5196 3065 5252 molesto
3104 5194 3293 5248 itinere
3321 5198 3506 5260 pertu-

1923 5304 2109 5368 lerim;
2162 5313 2391 5370 quorum
2434 5296 2598 5350 multa
2644 5300 2798 5346 erant
2844 5285 3130 5358 ejusmodi,
3173 5291 3234 5337 ut
3282 5289 3508 5335 mortem

1922 5395 2114 5450 afferre
2142 5397 2394 5463 possent;
2439 5393 2636 5458 quanta
2665 5391 2944 5452 postquam
2993 5377 3098 5430 huc
3123 5373 3265 5437 veni,
3316 5378 3512 5440 quanta

1923 5494 2206 5558 postquam
2233 5483 2444 5537 Cucuso
2475 5475 2715 5547 migravi,
2743 5480 2942 5544 quanta
2969 5467 3199 5536 denique
3217 5472 3506 5558 postquam

1926 5554 2166 5635 inab-issi
2210 5579 2576 5630 commoratus
2616 5583 2756 5634 sum,
2805 5561 3101 5632 intelligere
3137 5556 3230 5612 tibi
3270 5555 3415 5610 licet.
3445 5554 3514 5606 At

1927 5669 2044 5724 hmo
2070 5666 2246 5722 omnia
2286 5663 2588 5732 effugimus,
2637 5674 2701 5713 ac
2747 5671 2887 5711 nunc
2919 5646 3291 5723 percommoda
3315 5646 3514 5701 valetu-

1929 5761 2054 5815 dine
2080 5759 2302 5824 utimur,
2325 5764 2487 5825 atquc
2514 5753 2564 5806 in
2601 5764 2790 5820 magna
2816 5745 3100 5803 securitate
3128 5755 3314 5796 sumus
3339 5755 3353 5793 :
3385 5737 3518 5791 adeo

1931 5862 1987 5908 ut
2013 5847 2248 5908 Armenii
2280 5847 2346 5903 ad
2384 5857 2656 5916 stuporem
2693 5855 2862 5912 usque
2907 5837 3187 5906 mirentur,
3221 5847 3308 5892 me
3331 5833 3384 5890 in
3415 5841 3520 5888 tam
