3906 6394
644 369 663 398 Ι

422 393 522 449 5,95

421 506 669 562 imbecilli
699 515 751 562 et
778 507 958 578 gracili
987 521 1212 575 corpore
1242 515 1346 560 tam
1377 507 1764 563 intolerandam
1794 507 2011 578 frigoris

422 599 528 652 vim
570 599 826 668 perferre,
854 613 914 651 ac
939 599 1182 667 spiritum
1213 598 1407 653 ducere
1435 614 1614 669 posse,
1646 615 1766 654 cum
1795 599 1830 653 ii
1851 599 2015 654 etiam

423 695 512 762 qui
541 693 701 746 hiemi
731 695 925 746 assueti
957 702 1099 758 sunt,
1133 692 1256 746 hinc
1278 706 1384 746 non
1414 693 1686 762 vulgarem
1715 693 1768 747 in
1795 691 2014 747 modum

423 783 740 838 afficiantur.
772 785 840 836 At
882 798 981 837 nos
1010 783 1076 836 ad
1122 783 1262 838 hunc
1303 800 1468 853 usque
1497 783 1638 841 diem
1667 785 1817 840 illa:si
1855 795 2017 854 atque

426 876 720 930 incolumes
769 875 1098 929 mansimus:
1145 886 1200 932 et
1239 875 1550 947 prmdouum
1599 893 1786 932 manus
1823 879 2016 948 effugi-

425 982 562 1030 mus,
592 967 678 1036 qui
709 983 851 1036 smpe
876 968 926 1020 iu
959 983 1055 1020 nos
1079 967 1333 1037 impetum
1358 968 1615 1033 fecerunt,
1643 978 1697 1024 et
1723 985 1901 1026 rerum
1926 985 2020 1024 ne-

425 1060 780 1113 cessariarum
825 1060 1000 1129 in0pia
1031 1059 1357 1129 laboramus,
1385 1076 1448 1116 ac
1472 1077 1542 1116 ne
1582 1061 1774 1116 balneo
1801 1063 2018 1133 quidem

426 1152 499 1206 uti
532 1151 686 1208 nobis
711 1153 854 1207 licet.
889 1154 1068 1222 Atqui,
1100 1167 1220 1208 cum
1252 1153 1371 1208 istic
1405 1152 1742 1224 degeremus.
1773 1169 1840 1210 eo
1865 1155 2022 1208 nobis

426 1243 640 1298 assidue
666 1259 804 1314 opus
830 1254 943 1299 erat
969 1263 981 1297 :
1014 1260 1156 1299 nunc
1179 1255 1356 1301 autem
1381 1247 1433 1302 in
1471 1262 1593 1302 eum
1620 1255 1816 1302 statum
1863 1256 2023 1317 atque

428 1333 666 1390 habitum
706 1335 996 1402 evasimus,
1047 1345 1107 1391 ut
1146 1353 1213 1392 ne
1253 1336 1554 1408 hnjnsmodi
1582 1337 1800 1408 quidem
1848 1338 2022 1393 solatii

427 1429 721 1498 cupiditate
751 1438 1052 1494 teneamur,
1083 1444 1267 1485 verum
1295 1431 1551 1497 majorem
1579 1431 1858 1485 sanitatem
1889 1445 2022 1486 con-

430 1521 640 1592 sequuti
669 1524 867 1586 simus,
893 1537 1052 1592 quam
1078 1531 1136 1576 ut
1159 1522 1284 1577 illud
1309 1522 1562 1576 adhibere
1587 1537 1809 1578 necesse
1829 1523 2026 1578 habea-

432 1627 575 1668 mus.
607 1614 680 1668 Ac
702 1627 801 1668 nec
829 1614 943 1668 cicli
977 1613 1317 1682 intemperies
1335 1655 1351 1678 ,
1379 1629 1476 1668 nee
1499 1614 1739 1670 locorum
1769 1614 2023 1682 solitudo,

433 1721 534 1760 nec
579 1721 756 1760 rerum
791 1707 1052 1760 venalium
1084 1706 1357 1775 angustia,
1393 1723 1490 1761 nec
1525 1723 1734 1771 eorum,
1774 1722 1805 1761 a
1834 1707 2027 1778 quibus

432 1813 701 1862 cnremur,
735 1798 932 1867 inopia,
959 1813 1055 1852 nec
1077 1797 1403 1852 medicorum
1429 1798 1658 1865 inscitia,
1686 1814 1784 1853 nec
1810 1797 2028 1853 balneo-

433 1907 549 1944 rum
573 1891 814 1960 pennria,
845 1905 945 1945 nec
967 1888 1110 1960 quod
1139 1900 1394 1960 perpetuo
1416 1890 1466 1944 in
1492 1890 1737 1945 cubiculo
1759 1899 2027 1960 tamquam

432 1984 699 2053 ergastulo
725 1984 891 2039 clausi
920 1995 1216 2048 teneamur,
1239 1999 1337 2038 nec
1360 1984 1500 2054 quod
1527 1983 1773 2053 progredi
1797 1999 2031 2054 nequea-

435 2091 586 2141 mus;
609 2077 750 2146 quod
779 2078 994 2148 quidem
1021 2078 1175 2132 nobis
1199 2077 1415 2133 assidue
1442 2077 1617 2132 facere
1638 2092 1859 2132 necesse
1881 2086 2028 2143 erat;

435 2183 533 2222 nec
557 2169 698 2238 quod
740 2184 954 2239 semper
999 2185 1119 2225 cum
1165 2168 1311 2224 fumo
1353 2177 1514 2238 atque
1557 2172 1678 2239 igne
1703 2169 1893 2238 simus,
1932 2184 2031 2224 nec

434 2260 746 2330 praedonum
779 2271 976 2326 metus,
1007 2276 1106 2316 nec
1129 2271 1383 2332 perpetua
1410 2260 1639 2323 obsidio,
1672 2274 1771 2314 nec
1799 2259 2032 2330 denique

434 2351 720 2422 quidquam
765 2353 905 2407 aliud
947 2352 1252 2422 ltujusmodi
1295 2368 1394 2407 nos
1426 2351 1580 2422 fregit
1617 2366 1682 2406 ac
1717 2354 2028 2420 superavit:

439 2460 626 2500 verum
668 2445 858 2500 melius
888 2445 1347 2516 commodiusque,
1381 2461 1537 2516 quam
1565 2461 1688 2500 cum
1722 2446 1839 2501 istic
1879 2461 2030 2501 esse.

439 2552 590 2603 mus,
637 2537 870 2592 adhibita
919 2547 1095 2594 tamen
1149 2539 1347 2609 ingenti
1396 2555 1558 2604 cura,
1603 2540 1864 2596 valemus.
1906 2540 2034 2595 llzec

439 2628 596 2697 igitur
633 2629 812 2683 omnia
861 2638 1035 2685 tecum
1079 2641 1350 2700 reputans,
1393 2646 1702 2694 mterorem,
1733 2631 1825 2702 qui
1853 2631 1934 2686 his
1959 2632 2033 2688 de

436 2721 612 2773 causis
638 2735 780 2775 nunc
809 2729 860 2776 te
891 2729 1068 2788 tenet,
1101 2723 1362 2792 propelle,
1394 2739 1492 2777 nec
1520 2737 1948 2793 supervacaneas
1979 2731 2034 2778 et

437 2827 626 2880 graves
673 2820 782 2867 ate
811 2812 924 2882 ipsa
969 2828 1156 2882 poenas
1197 2815 1368 2884 exige.
1414 2812 1564 2868 Mitto
1602 2813 1668 2868 ad
1711 2824 1762 2870 te
1797 2814 1847 2869 id
1889 2814 2032 2884 quod

438 2919 607 2973 nuper
649 2904 816 2959 literis
855 2905 1100 2960 mandavi
1139 2904 1234 2978 (a),
1280 2921 1473 2976 nempe
1513 2921 1637 2962 eum
1681 2905 1771 2975 qui
1798 2906 2034 2975 seipsum

439 3012 544 3050 non
594 2994 810 3058 lteserit,
861 3011 890 3050 a
919 2997 1134 3052 nemine
1163 2997 1267 3051 alio
1306 2997 1426 3053 laedi
1459 3011 1646 3067 posse:
1689 2997 1792 3052 hoc
1836 2999 2036 3068 quippe

436 3088 728 3154 contendit,
762 3097 923 3160 atque
948 3090 1002 3144 in
1028 3104 1095 3145 eo
1120 3090 1358 3146 elaborat
1387 3107 1449 3146 ea
1477 3091 1678 3158 oratio,
1711 3107 1869 3162 quam
1893 3105 2036 3147 nunc

438 3181 504 3236 ad
537 3191 588 3236 te
624 3182 796 3237 mitto.
822 3181 1002 3250 Quare
1043 3182 1125 3238 fac
1160 3197 1280 3239 eam
1325 3183 1540 3239 assidue
1583 3183 1887 3253 pervoivas,
1923 3184 2035 3240 imo

438 3274 620 3336 etiam,
675 3274 719 3328 si
776 3288 875 3344 per
925 3274 1280 3330 valetudinem
1320 3275 1465 3340 licet,
1519 3275 1736 3330 recites.
1785 3275 1840 3330 ld
1890 3276 2035 3332 enim

441 3364 805 3432 pharntacum,
833 3365 878 3420 si
904 3364 1118 3435 quidem
1147 3365 1397 3431 volueris,
1437 3365 1532 3421 tibi
1561 3365 1776 3421 sufficit.
1819 3366 1913 3422 Sin
1941 3383 2038 3422 au-

443 3467 550 3511 ιιιιιι
596 3458 748 3512 nobis
796 3459 1116 3528 pertinacius
1152 3459 1463 3525 ohlucteris,
1495 3473 1560 3514 ac
1598 3473 1772 3529 neque
1811 3459 2034 3529 teipsam

440 3564 618 3616 cures,
659 3564 778 3617 nec,
809 3551 1051 3620 quamvis
1090 3551 1398 3606 innumeras
1436 3550 1829 3606 admonitiones
1866 3559 1921 3606 et
1945 3565 2038 3605 co-

443 3641 773 3696 hortationes
817 3649 1012 3712 prtesto
1049 3641 1267 3710 habeas,
1311 3657 1343 3698 e
1383 3641 1630 3697 maeroris
1671 3649 1846 3698 tamen
1879 3656 2038 3698 emno

440 3748 718 3804 emergere
751 3734 988 3788 animum
1027 3733 1286 3790 inducas:
1332 3748 1432 3789 nos
1473 3749 1684 3804 quoque
1713 3733 1852 3789 haud
1883 3733 2038 3790 facile

442 3826 534 3880 tibi
568 3841 771 3881 morem
801 3841 1073 3898 geremus,
1103 3842 1277 3898 neque
1318 3826 1648 3881 adducentur
1674 3834 1732 3880 ut
1770 3826 1955 3896 longas
1982 3835 2036 3881 et

442 3917 658 3971 crebras
683 3917 936 3986 epistolas
967 3917 1259 3984 mittamus,
1279 3916 1324 3972 si
1351 3916 1482 3972 nihil
1504 3916 1570 3971 ad
1599 3917 1761 3971 animi
1783 3916 2036 3971 alacrita-

445 4017 550 4062 tem
581 4008 704 4062 hinc
727 4007 930 4064 fructus
957 4019 1115 4078 atque
1139 4008 1385 4063 utilitatis
1416 4017 1730 4078 perceptura
1767 4021 1847 4062 es.
1887 4007 2035 4074 Quo-

441 4115 564 4153 nam
595 4100 756 4169 igitur
775 4108 928 4170 pacto
953 4099 1004 4154 id
1031 4099 1300 4155 sciemus?
1325 4098 1441 4153 Non
1469 4099 1511 4152 si
1533 4097 1755 4163 dixeris,
1776 4097 1870 4154 sed
1894 4098 1937 4152 si
1969 4108 2038 4154 ett

443 4189 603 4244 rebus
642 4189 773 4259 ipsis
811 4190 1131 4256 declararis,
1171 4189 1603 4260 quandoquidem
1643 4204 1785 4244 nunc
1822 4202 2038 4258 quoque

445 4279 546 4334 hoc
565 4279 914 4344 confirmasti,
943 4279 1073 4333 nihil
1099 4279 1240 4334 aliud
1269 4293 1428 4349 quam
1457 4293 1742 4334 mcerorcm
1775 4278 1915 4332 hunc
1945 4278 2037 4334 tibi

439 4372 691 4427 morbum
709 4371 1042 4427 conflavisse.
1066 4371 1328 4439 Quoniam
1357 4372 1515 4442 igitur
1531 4370 1634 4425 huc
1652 4371 1762 4441 ipsa
1791 4370 2035 4426 confessa

438 4478 523 4529 es,
558 4463 660 4518 nisi
703 4463 892 4518 morbo
936 4463 1201 4531 libereris,
1247 4463 1467 4518 minime
1497 4463 1650 4516 nobis
1681 4462 1841 4517 fidem
1873 4463 2038 4517 facies

439 4567 495 4613 te
520 4557 681 4613 animi
728 4571 1014 4614 mmrorem
1056 4557 1346 4627 depulisse.
1388 4556 1522 4611 Nam
1561 4571 1681 4610 cum
1720 4556 1805 4612 hic
1842 4557 1933 4621 sit,
1983 4565 2040 4610 ut

437 4651 671 4720 ipsemet
695 4650 974 4720 scripsisti,
1006 4650 1095 4720 qui
1123 4651 1368 4704 morbum
1389 4657 1649 4714 accersat,
1679 4663 1783 4703 non
1804 4655 1888 4703 est
1917 4663 2040 4718 pro-

441 4745 584 4800 fecto
622 4744 860 4809 dubium,
908 4743 1035 4813 quin
1080 4758 1148 4798 co
1193 4743 1402 4797 sublato
1451 4740 1667 4796 morbus
1715 4755 1928 4810 quoque
1969 4738 2040 4794 de

445 4834 625 4889 medio
663 4835 900 4900 tollatur,
944 4835 1237 4903 evulsaque
1279 4832 1461 4887 radice
1510 4847 1610 4885 una
1659 4833 1822 4886 etiam
1874 4830 2042 4900 ipsius

445 4928 579 4981 rami
619 4935 854 4996 pereant.
893 4927 1026 4982 Nam
1057 4927 1307 4998 quamdiu
1340 4926 1534 4980 florere
1569 4941 1632 4980 ac
1679 4927 1892 4996 vigere,
1924 4924 2039 4980 fru-

444 5022 716 5087 ctumque;
742 5033 898 5088 quem
927 5020 1146 5073 minime
1177 5033 1271 5088 par
1300 5019 1387 5083 sit,
1405 5016 1647 5086 proferre
1679 5017 2038 5086 perstiterint,

444 5110 498 5165 id
533 5110 685 5165 nobis
731 5111 1040 5180 persuaderi
1069 5127 1176 5166 non
1208 5111 1420 5180 poterit,
1455 5118 1509 5164 te
1537 5108 1717 5162 radice
1761 5108 2038 5163 liberatam

440 5218 587 5258 esse.
621 5202 900 5271 Quocirca,
931 5219 999 5257 ne
1024 5203 1153 5258 mihi
1182 5203 1363 5269 verba,
1392 5199 1488 5256 sed
1514 5215 1600 5254 res
1626 5199 1884 5254 ostende:
1910 5215 1976 5254 ac
1996 5199 2042 5254 si

443 5295 725 5351 sanitatem
757 5294 1070 5362 obtinueris,
1116 5294 1298 5348 literas
1341 5306 1578 5360 rursum,
1620 5307 1741 5361 qua:
1784 5291 2043 5346 orationis

440 5385 664 5443 modum
686 5386 968 5452 excedant,
997 5386 1061 5440 ad
1090 5395 1140 5440 te
1167 5384 1300 5440 tnitti
1328 5384 1550 5440 videbis.
1577 5381 1688 5438 Nec
1715 5397 1844 5437 vero
1869 5382 2041 5437 levem

443 5480 582 5535 hanc
611 5480 1032 5535 consolationem
1063 5480 1366 5535 existimare
1396 5479 1581 5545 debes,
1623 5477 1763 5545 quod
1791 5479 2040 5545 vivimus,

443 5575 588 5644 quod
617 5575 878 5640 valemus,
913 5573 1080 5644 quod,
1111 5588 1230 5627 cum
1270 5573 1322 5626 in
1351 5574 1510 5628 tantis
1545 5588 1721 5627 rerum
1753 5570 2041 5626 difficulta-

445 5669 587 5722 tibus
630 5683 692 5722 ac
721 5667 980 5722 molestiis
1004 5681 1306 5731 versemur,
1351 5681 1381 5721 a
1432 5666 1620 5720 morbo
1647 5673 1822 5720 tamen
1866 5673 1922 5719 et
1941 5663 2034 5719 ads

445 5774 594 5813 versa
636 5756 937 5812 valetudine
975 5757 1129 5812 liberi
1173 5771 1391 5811 sumus:
1421 5756 1563 5826 quod
1601 5755 1814 5823 quidem
1861 5755 2043 5812 hostes

511 5871 583 5932 (ιι)
622 5871 780 5930 Liber,
806 5869 1096 5931 quod'uenw
1118 5868 1314 5921 (ceditur
1341 5865 1433 5921 nisi
1451 5883 1484 5918 (ι
1503 5865 1674 5931 seipse.

1130 394 1188 448 S.
1227 394 1506 450 JOANNIS
1542 393 2019 452 CllRYSOSTOMl
2058 393 2378 451 ARCHIEP.
2419 395 2957 453 CONSTANTl-NOP.

3615 397 3720 456 596

2121 521 2354 576 nostros,
2382 521 2442 567 ut
2479 511 2738 582 comperi,
2771 525 2877 565 non
2908 508 3164 566 mediocri
3195 509 3409 566 tristitia
3438 518 3495 566 et
3530 511 3723 570 dolore

2120 604 2305 660 allicit.
2352 605 2528 672 Quare
2564 613 2982 660 consentaneum
3021 613 3104 659 est
3132 617 3227 658 vos
3255 604 3422 659 etiam
3469 619 3722 676 magnam

2121 697 2544 753 causolationem
2575 695 2731 759 hanc,
2753 703 2914 766 atque
2934 694 3070 750 adeo
3097 693 3530 750 consolationu
3562 707 3725 766 caput

2121 791 2445 845 existimare.
2463 790 2671 845 Caetum
2695 798 2842 844 tuum
2859 830 2873 855 ,
2902 788 2992 858 qui
3017 803 3159 843 nunc
3186 803 3284 860 per
3309 804 3404 844 eas
3431 803 3569 858 quas
3599 804 3728 859 per-

2123 883 2246 949 fert,
2269 883 2598 940 calamitates
2619 882 2786 952 magis
2802 883 2854 935 in
2881 881 3024 937 czelia
3043 881 3304 952 ascriptus
3323 890 3430 951 est,
3449 881 3726 936 desertum

2123 993 2188 1032 ac
2205 978 2517 1033 destitutum
2540 991 2607 1031 ne
2632 990 2786 1030 voca.
2805 974 2880 1029 De
2901 974 3116 1045 Pelagio
3133 973 3207 1046 (α)
3238 973 3506 1029 monacho
3530 987 3727 1043 magno

2125 1069 2310 1124 dolore
2328 1067 2549 1122 affectus
2573 1081 2713 1121 sum.
2737 1064 2922 1135 Cogita
2949 1065 3106 1133 igitur
3130 1073 3262 1134 quot
3285 1064 3613 1134 quantisque
3633 1077 3728 1117 eo-

2124 1161 2272 1215 ronis
2291 1159 2435 1230 digni
2476 1158 2580 1214 sint
2597 1157 2690 1228 qui
2711 1156 2833 1212 forti
2857 1156 3036 1211 animo
3066 1155 3120 1210 in
3149 1156 3262 1210 acie
3288 1163 3578 1218 steterunt,
3601 1168 3724 1209 cum

2126 1252 2270 1307 viros
2295 1251 2386 1322 qui
2418 1261 2524 1306 tam
2553 1251 2638 1320 pie
2677 1264 2742 1305 ac
2777 1257 2981 1315 sancte,
3012 1257 3259 1319 tantaque
3281 1263 3402 1302 cum
3443 1247 3729 1302 tolerantia

2128 1341 2409 1408 vixerunt,
2439 1342 2640 1411 abripi,
2665 1351 2824 1411 atque
2853 1341 2907 1394 in
2929 1339 3168 1395 fraudem
3189 1338 3397 1412 impelli
3426 1338 3729 1392 videamus.

2273 1433 2355 1486 Ad
2377 1432 2606 1488 eamdem
2636 1433 2782 1502 epist.
2818 1429 2881 1485 V.
2909 1431 3108 1502 (Anno,
3137 1440 3194 1484 ut
3223 1440 3458 1500 putatur,
3487 1428 3647 1499 406.)

2201 1526 2254 1580 I.
2274 1523 2478 1580 Vestra.-
2503 1534 2674 1579 auctze
2697 1535 2821 1579 sunt
2835 1538 3110 1589 terttmnae,
3133 1523 3318 1576 latiora
3342 1538 3562 1577 rursum
3582 1523 3731 1577 vobis

2129 1627 2440 1682 scammata,
2457 1631 2818 1686 cursuumque
2831 1615 3070 1685 longiora
3086 1615 3254 1684 spatia
3267 1615 3561 1668 constituta
3573 1624 3699 1668 sunt
3715 1631 3728 1668 :

2131 1719 2289 1781 atque
2314 1725 2500 1764 eorum
2523 1709 2614 1780 qui
2637 1708 2789 1764 vobis
2814 1707 3035 1762 insidias
3055 1706 3348 1760 moliuntur
3373 1706 3655 1761 iracundia
3681 1707 3731 1762 in

2132 1802 2392 1872 majorem
2435 1801 2704 1857 flammam
2759 1799 3008 1870 assurgit.
3056 1799 3125 1854 At
3170 1799 3392 1852 minime
3446 1809 3731 1868 propterea

2132 1891 2460 1948 commoveri
2487 1906 2551 1948 ac
2573 1890 2868 1962 perturbari
2891 1889 3120 1954 debetis,
3145 1903 3330 1944 verum
3359 1889 3463 1944 hoc
3489 1890 3613 1958 ipso
3642 1905 3734 1959 po-

2136 1986 2397 2041 tissimum
2417 1984 2632 2040 nomine
2656 1984 2822 2038 lmtari
2847 1993 2902 2039 et
2919 1982 3210 2047 exsultare,
3231 1983 3560 2052 coronisque
3576 1992 3733 2051 caput

2135 2077 2420 2141 redimire,
2468 2090 2533 2130 ac
2571 2075 2766 2131 choros
2815 2074 3038 2144 agitare.
3091 2073 3223 2128 Nam
3277 2072 3378 2128 nisi
3425 2072 3733 2128 mortiferas

2138 2169 2284 2240 prius
2325 2168 2539 2224 diabolo
2566 2167 2750 2240 plagas
2787 2166 3120 2233 intulissetis,
3153 2180 3257 2220 non
3286 2179 3458 2235 usque
3481 2165 3626 2220 adeo
3653 2165 3732 2220 fu-

2136 2273 2279 2318 reret
2308 2261 2422 2317 hmc
2446 2261 2644 2326 bellua,
2677 2270 2736 2314 ut
2768 2260 2905 2314 ultra
2958 2257 3203 2328 progredi
3248 2258 3492 2312 auderet.
3533 2256 3736 2325 Quam-

2135 2357 2320 2410 obrem
2339 2363 2448 2408 tum
2465 2362 2657 2408 vestra;
2678 2350 3005 2406 fortitudiis
3025 2358 3080 2405 et
3099 2349 3356 2412 victorias,
3375 2358 3486 2403 tum
3506 2349 3740 2419 ingentis

2137 2447 2279 2502 illius
2322 2445 2490 2503 cladis
2534 2444 2637 2502 hoc
2683 2454 2767 2502 est
2805 2451 3196 2515 argumentum,
3246 2443 3388 2512 quod
3430 2442 3520 2498 ille
3563 2443 3740 2496 acrius

2137 2541 2352 2596 nuncin
2378 2555 2477 2596 vos
2499 2540 2756 2610 impetum
2778 2537 2938 2592 faciat
2958 2546 3117 2606 atque
3144 2536 3384 2601 insultet,
3409 2533 3738 2603 maiorisque

2138 2634 2484 2705 impudentiae
2509 2633 2890 2688 documentum
2915 2629 3059 2694 edat,
3083 2643 3146 2684 ac
3173 2626 3444 2697 profusius
3468 2640 3734 2682 venenum

2137 2726 2394 2782 ell‘undat.
2419 2723 2858 2794 Quandoquidem
2905 2721 3066 2776 etiam
3093 2720 3146 2774 in
3184 2719 3342 2774 beato
3369 2716 3494 2784 Job,
3523 2726 3736 2788 postea-

2137 2835 2297 2892 quam
2336 2820 2390 2874 in
2437 2819 2699 2874 bonorum
2742 2815 3030 2870 amissione
3070 2828 3135 2869 ac
3178 2811 3409 2867 ﬁliorum
3457 2811 3735 2880 ereptione

2138 2913 2310 2968 victus
2332 2919 2434 2976 est,
2476 2919 2588 2966 tum
2633 2921 2847 2980 quoque
2895 2921 2954 2962 se
2978 2905 3229 2977 gravibus
3255 2903 3574 2958 vulneribus
3609 2901 3735 2957 affe-

2137 3014 2282 3060 ctum
2324 3019 2448 3060 esse
2474 3003 2754 3074 perSpicue
2782 2999 3101 3064 ostendens,
3129 2998 3196 3054 ad
3224 2997 3274 3054 id
3301 2996 3444 3067 quod
3473 2997 3737 3052 malorum

2138 3104 2299 3167 caput
2315 3104 2452 3163 erat,
2484 3095 2589 3150 hoc
2615 3103 2699 3149 est
2726 3091 2793 3148 ad
2813 3095 2990 3148 carnis
3027 3089 3504 3161 oppugnationem,
3531 3097 3589 3142 et
3617 3103 3735 3142 ver-

2138 3192 2306 3246 mium
2343 3187 2742 3260 scaturiginem,
2783 3195 2838 3242 et
2866 3186 3108 3242 ulcerum
3132 3183 3359 3239 chorum
3387 3197 3449 3238 se
3473 3182 3733 3247 contulit;

2138 3283 2362 3338 chorum
2384 3282 2530 3338 enim
2550 3289 2605 3336 et
2621 3292 2900 3344 coronam,
2921 3285 2980 3333 et
2997 3283 3367 3332 sexcentarum
3391 3273 3732 3328 victoriarum

2139 3391 2365 3431 examen
2393 3371 2627 3444 appello.
2655 3373 2732 3426 Ac
2771 3384 2840 3425 ne
2869 3368 2956 3424 hic
2983 3366 3198 3438 quidem
3242 3365 3484 3420 constitit
3508 3381 3524 3419 :
3552 3377 3733 3418 verum

2139 3466 2391 3537 quoniam
2417 3464 2560 3520 nulla
2587 3463 2689 3518 alia
2717 3461 2860 3533 paris
2884 3460 3139 3515 momenti
3179 3456 3424 3512 machina
3453 3457 3505 3511 ei
3532 3455 3734 3526 reliqua

2140 3567 2257 3616 erat
2285 3558 2505 3627 (etenim
2530 3556 2674 3610 velut
2697 3562 2993 3609 extremam
3019 3550 3378 3607 calamitatum
3411 3548 3610 3602 lineam
3635 3547 3732 3616 ipsi

2141 3650 2388 3706 morbum
2420 3648 2568 3703 illum
2598 3644 2920 3715 invexerat),
2948 3642 3050 3696 alia
3079 3655 3293 3696 rursum
3325 3647 3596 3695 tormenta
3623 3638 3733 3694 hel-

2142 3743 2244 3799 lira
2275 3741 2545 3806 movebat,
2592 3752 2814 3795 uxorem
2855 3735 3103 3790 videlicet
3147 3745 3384 3797 armans,
3429 3730 3638 3785 amicos
3684 3729 3731 3783 iu

2141 3852 2264 3890 cum
2315 3833 2684 3898 exstimulans,
2739 3830 2968 3885 famulos
3013 3828 3289 3882 concitans
3336 3834 3496 3895 atque
3543 3822 3730 3879 efferus

2143 3927 2395 3993 reddens,
2437 3933 2596 3996 atque
2635 3921 2780 3977 omni
2823 3920 3029 3975 ratione
3074 3917 3241 3989 ipsius
3269 3915 3486 3970 vulnera
3515 3915 3729 3970 exulce-

2141 4037 2302 4078 rans:
2334 4020 2386 4075 id
2411 4019 2551 4090 quod
2577 4019 2738 4074 etiam
2767 4029 2908 4070 nunc
2931 4020 3135 4068 tentare
3160 4025 3266 4066 non
3295 4010 3521 4072 desinit;
3550 4023 3730 4062 verum

2142 4116 2198 4169 in
2235 4127 2389 4168 suum
2421 4111 2588 4180 ipsius
2616 4115 2803 4178 caput;
2849 4102 3278 4176 quandoquidem
3320 4100 3443 4154 hinc
3469 4100 3526 4152 fit
3567 4109 3624 4152 ut
3652 4113 3733 4153 res

2145 4214 2338 4260 vestra:
2366 4202 2537 4273 magis
2575 4197 2911 4270 splendeant,
2945 4194 3389 4262 sublimioresque
3431 4191 3482 4244 in
3529 4191 3646 4245 dies
3675 4203 3737 4244 ac

2145 4297 2522 4353 luculentiores
2553 4294 2677 4348 fiant
2701 4310 2713 4346 :
2747 4292 2977 4359 majores
2997 4289 3138 4344 enim
3163 4296 3290 4342 tunc
3310 4285 3457 4339 vobis
3487 4298 3618 4353 opes
3644 4297 3738 4337 ex-

2143 4392 2357 4454 sistunt,
2393 4385 2609 4443 uberior
2642 4383 2865 4448 fructus,
2905 4382 3108 4436 crebra:
3135 4389 3291 4450 atque
3332 4376 3602 4432 euntinuze
3644 4388 3734 4428 co—

2143 4498 2324 4550 ronre;
2374 4495 2623 4553 magnum
2661 4479 2821 4534 etiam
2854 4491 2964 4545 per
3003 4473 3146 4544 ipsas
3191 4486 3366 4526 rerum
3420 4467 3738 4522 acerbitates

2146 4576 2296 4631 vobis
2324 4563 2646 4628 fortitudinis
2675 4569 3066 4623 incrementum
3089 4562 3326 4626 affertur,
3356 4574 3421 4613 ac
3453 4573 3547 4627 per
3573 4555 3740 4610 hosti-

2147 4669 2225 4724 les
2252 4666 2474 4722 insidias
2499 4663 2707 4718 acuitur
2736 4668 2916 4715 vestra
2948 4655 3246 4711 tolerantia.
3279 4653 3352 4706 Ea
3382 4651 3525 4705 enim
3555 4658 3640 4702 est
3666 4648 3742 4703 af-

2144 4747 2395 4817 flictionis
2434 4765 2643 4820 natura,
2686 4762 2745 4807 ut
2770 4765 2864 4806 eos
2889 4748 2979 4819 qui
3005 4761 3127 4802 eam
3168 4743 3378 4814 placido
3407 4756 3469 4795 ac
3523 4749 3742 4794 strenuo

2143 4852 2325 4907 animo
2373 4848 2583 4912 ferunt,
2609 4844 2773 4900 rebus
2811 4839 3019 4896 acerbis
3056 4835 3382 4904 superiores,
3432 4846 3496 4884 ac
3543 4828 3738 4884 diaboli

2147 4944 2267 5000 telis
2313 4940 2653 4997 sublitniores
2695 4933 2902 5000 reddat,
2955 4929 3280 4996 insidiasque
3326 4922 3603 4992 aspernari
3642 4921 3734 4975 doc

2145 5046 2287 5094 ceat.
2337 5033 2612 5106 Siquidem
2653 5039 2708 5085 et
2749 5028 2970 5082 arbores
3016 5037 3134 5094 qua:
3164 5021 3218 5075 in
3264 5016 3467 5072 umbris
3504 5015 3740 5075 aluntur,

2147 5131 2406 5200 majorem
2448 5123 2723 5181 mollitiem
2767 5116 3110 5182 contrahunt,
3159 5121 3321 5180 atque
3359 5109 3425 5163 ad
3474 5107 3737 5161 fructuum

2149 5218 2571 5294 procreationem
2602 5214 2780 5270 minus
2806 5207 3103 5265 commoda:
3132 5203 3460 5259 redduntur:
3491 5213 3614 5270 qua;
3644 5213 3740 5251 au-

2149 5322 2253 5368 tem
2303 5309 2446 5365 aeris
2489 5303 2897 5361 inconstantiam
2947 5298 3316 5368 experiuntur,
3367 5307 3431 5346 ac
3461 5300 3738 5343 ventorum

2150 5406 2399 5473 impetus,
2427 5400 2784 5466 ardenteSque
2810 5393 2939 5448 solis
2974 5389 3158 5446 radios
3186 5387 3478 5456 excipiunt,
3513 5383 3632 5452 plus
3658 5397 3738 5435 ro-

2148 5497 2294 5556 boris
2323 5495 2446 5550 ltinc
2473 5490 2750 5561 colligunt,
2783 5497 2838 5542 et
2874 5485 3015 5539 foliis
3057 5480 3348 5540 abundant,
3376 5493 3441 5531 ac
3479 5477 3737 5528 fructuum

2149 5591 2300 5658 Copia
2331 5595 2638 5643 curvantur.
2691 5581 2781 5637 Sic
2821 5578 3073 5633 nimirum
3123 5575 3175 5628 in
3223 5571 3356 5625 mari
3385 5580 3601 5637 quoque
3644 5578 3736 5617 usu

2149 5684 2332 5738 venire
2369 5676 2680 5735 consuevit:
2712 5687 2834 5728 nam
2861 5671 2950 5741 qui
2990 5668 3220 5738 primum
3261 5678 3451 5720 navem
3475 5671 3734 5716 conscen~

2213 5801 2286 5863 (α)
2319 5807 2453 5851 nunc
2487 5795 2733 5861 Pelagium
2769 5789 3078 5854 suspicantur
3114 5782 3310 5848 quidam
3346 5790 3454 5830 esse
3480 5774 3728 5826 haresiar-

2151 5867 2306 5915 οιιιιηι.
