3906 6374
167 380 268 436 595

164 494 382 548 ἀσθενεῖ
411 493 625 567 σώματι
651 497 748 552 καὶ
775 498 1071 570 ἀραχνώδει
1101 501 1274 566 οὕτως
1293 502 1567 574 ἀφόρητον
1593 503 1746 576 φέρω

159 594 394 667 κρυμὸν,
410 596 496 649 ὅτι
521 597 780 652 ἀναπνεῖν
790 597 1049 671 δύναμαι,
1068 600 1177 655 τῶν
1197 601 1402 655 ἐθάδων
1427 602 1523 655 τοῦ
1539 601 1747 673 χειμῶ-

159 713 245 761 νος
275 694 436 769 [576]
469 698 532 752 οὐ
560 699 631 753 τά
655 700 887 770 τυχόντα
924 700 1173 755 ἐντεῦθεν
1216 703 1557 774 πασχόντων.
1603 702 1748 757 Ἀλλ’

159 796 322 866 ἡμεῖς
349 796 654 867 ἐμείναμεν
677 798 936 864 ἀϐλαϐεῖς
963 801 1123 872 μέχρι
1138 802 1239 871 τῆς
1265 804 1527 874 σήμερον,
1547 803 1642 857 καὶ
1662 803 1752 875 λῃ.

162 895 303 948 στῶν
338 898 535 967 χεῖρας
576 896 929 968 διαφυγόντες
981 902 1238 967 πολλάκις
1265 886 1620 971 ἐπελθόντων,
1653 906 1750 961 καὶ

159 992 367 1065 ἀπορία
388 996 705 1066 ἀναγκαίων
731 998 1020 1069 συζῶντες,
1040 1003 1134 1056 καὶ
1167 1004 1305 1075 μηδὲ
1336 1003 1602 1077 βαλανείῳ
1623 1006 1750 1077 χρῆ-

160 1095 284 1147 σθαι
300 1094 595 1166 δυνάμενοι
610 1114 623 1129 ·
644 1099 821 1154 καίτοι
844 1101 1007 1172 ἡνίκα
1027 1103 1213 1158 αὐτόθι
1237 1105 1602 1179 διετρίϐομεν,
1623 1122 1751 1160 συν·-

158 1193 300 1264 εχῶς
329 1195 528 1251 τούτου
558 1197 820 1269 δεόμενοι,
852 1201 948 1255 νῦν
977 1201 1036 1257 δὲ
1086 1204 1145 1257 ἐν
1190 1205 1417 1280 τοιαύτῃ
1472 1206 1583 1272 ἕξει
1611 1224 1747 1262 κατ-

158 1297 287 1367 έστη
297 1314 423 1367 μεν,
436 1297 513 1361 ὡς
532 1299 668 1369 μηδὲ
683 1300 970 1372 ἐπιθυμεῖν
988 1302 1089 1374 τῆς
1103 1303 1351 1361 ἐντεῦθεν
1370 1305 1747 1378 παραμυθίας,

159 1398 295 1451 ἀλλά
319 1400 417 1454 καὶ
438 1398 792 1473 ὑγιεινότεροι
817 1402 991 1476 ταύτῃ
1032 1403 1308 1473 γενέσθαι.
1352 1406 1464 1460 Καὶ
1499 1406 1626 1461 οῦτε
1659 1406 1752 1461 ἀέ-

163 1514 271 1569 ρων
294 1498 582 1568 δυσκολία,
604 1499 665 1553 οὑ
697 1501 878 1558 τόπων
910 1503 1139 1575 ἐρημία,
1163 1505 1264 1559 οὑκ
1289 1505 1467 1560 ὠνίων
1489 1524 1750 1579 στενοχω-

164 1598 275 1668 ρία,
302 1600 366 1653 οὑ
397 1599 508 1654 τῶν
537 1599 982 1671 θεραπευσόντων
1009 1604 1234 1676 ἐρημία,
1257 1607 1357 1661 οὐκ
1381 1606 1580 1678 ίατρῶν
1608 1607 1753 1678 ἀμα-

162 1699 273 1763 θία,
305 1700 368 1753 οὺ
404 1700 706 1771 βαλανείων
742 1702 967 1775 ἀπορία,
1002 1704 1064 1757 οὑ
1089 1704 1151 1758 τὸ
1179 1705 1374 1771 διόλου,
1401 1706 1657 1779 καθάπερ
1691 1707 1751 1761 ἐν

159 1800 559 1873 δεσμωτηρίῳ,
595 1802 654 1856 ἐν
689 1803 767 1855 ἐν)⁸
814 1806 1073 1876 οίκήματι
1105 1807 1447 1881 καθεῖρχθαι,
1488 1809 1549 1862 οὑ
1580 1807 1641 1862 τὸ
1675 1809 1750 1880 μὴ

160 1900 457 1967 κινεῖσθαι,
500 1896 671 1973 οὗπερ
707 1903 795 1956 ἀεὶ
822 1906 1060 1976 συνεχῶς
1098 1907 1347 1981 ἐδεόμην,
1385 1907 1444 1961 οὐ
1473 1907 1534 1962 τὸ
1559 1907 1752 1980 καπνῷ

160 2003 251 2056 καὶ
280 2005 420 2072 πυρὶ
442 2003 705 2075 διηνεκῶς
731 2005 961 2077 ὁμιλεῖν,
993 2008 1053 2061 οὐ
1083 2008 1298 2081 λῃστῶν
1336 2008 1520 2078 φόϐος,
1558 2010 1619 2064 οὑ
1652 2027 1752 2063 ποο

158 2105 376 2175 λιορκία
411 2105 686 2178 διηνεκὴς,
713 2108 814 2160 οὑκ
848 2106 974 2162 ἄλλο
995 2108 1102 2162 τῶν
1131 2109 1388 2165 τοιούτων
1418 2110 1570 2163 οὐδὲν
1593 2110 1750 2181 ἡμῶν

160 2204 543 2276 περιγέγονεν·
575 2204 689 2258 ἀλλ’
718 2204 980 2275 ὑγιεινότε
993 2219 1125 2278 ρονι
1145 2206 1467 2279 διακείμεθα
1496 2207 1528 2280 ἢ
1556 2208 1748 2262 αὐτόθι

162 2299 328 2374 ἦμεν,
364 2303 537 2375 πολλῇ
568 2303 752 2374 μέντοι
779 2306 1109 2377 κεχρημένοι
1137 2309 1203 2378 τῇ
1227 2307 1533 2380 ἐπιμελείᾳ.
1561 2307 1749 2363 Ταῦτα

158 2397 248 2454 σῦν
283 2402 470 2457 πάντα
509 2401 855 2474 λογιζομένη,
879 2403 1168 2475 διακρούου
1192 2404 1289 2477 τὴν
1319 2404 1652 2476 κατέχουσάν
1687 2421 1747 2459 σε

158 2499 251 2554 νῦν
292 2501 442 2572 ὑπὲρ
477 2501 687 2555 τούτων
740 2502 996 2572 ἀθυμίαν,
1020 2503 1114 2556 καί¹
1167 2503 1242 2574 μὴ
1282 2503 1484 2576 σαυτὴν
1527 2504 1748 2558 ἀπαίτει

157 2604 315 2667 δίκας
376 2602 642 2674 περιττάς
682 2603 777 2657 καὶ
835 2603 1097 2673 χαλεπάς.
1148 2603 1413 2674 Ἔπεμψά
1467 2621 1552 2658 σοι
1601 2604 1747 2678 άπερ

160 2705 377 2776 ἔγραψα
402 2703 617 2777 πρώην,
640 2704 721 2757 ὅτι
750 2702 841 2756 τὸν
879 2703 1071 2759 ἐαυτὸν
1102 2705 1203 2757 οὑκ
1248 2703 1536 2760 ἀδικοῦντα
1573 2705 1749 2770 οὐδεὶς

159 2801 346 2872 ἔτερος
367 2799 725 2871 παραϐλάψαι
751 2801 1038 2872 δυνήσεται
1061 2817 1076 2834 ·
1108 2802 1202 2855 καὶ
1224 2801 1413 2857 τοῦτον
1441 2804 1747 2873 ἠγωνίσατο

158 2901 249 2954 τὸν
274 2900 471 2970 ἀγῶνα
507 2901 539 2953 ὁ
562 2900 738 2969 λόγος,
778 2900 837 2953 ὃν
863 2900 1181 2955 ἀπέσταλκά
1223 2918 1317 2955 σου
1372 2904 1436 2973 τῇ
1471 2902 1747 2974 τιμιότητι

159 3001 273 3055 νῦν.
308 3000 564 3070 Συνεχῶς
589 2999 654 3071 δὴ
684 2995 777 3053 οὖν
797 2999 960 3054 αὐτὸν
984 3000 1219 3071 ἐπέρχου
1242 3018 1255 3032 ’
1287 3001 1336 3054 εἰ
1375 3000 1432 3054 δὲ
1458 3001 1742 3072 ὑγιαίνσις’

160 3103 253 3155 καὶ
285 3100 385 3155 ἐπὶ
408 3098 657 3169 γλώττης
687 3100 839 3171 φέρε.
877 3099 1082 3154 Ἱκανὸν
1107 3099 1217 3172 γὰρ
1240 3099 1395 3155 ἔσται
1418 3118 1501 3154 σοι
1526 3102 1747 3175 φάρμα-

159 3222 273 3267 κον,
300 3201 403 3256 ἐὰν
436 3199 662 3265 ἐθέλοις.
698 3200 761 3253 EE
801 3199 858 3252 δέ
893 3199 1256 3273 φιλονεικοίης
1287 3203 1436 3274 ἡμῖν,
1474 3204 1570 3257 καὶ
1605 3205 1747 3276 μήτε

160 3300 490 3374 θεραπεύοις
518 3299 743 3370 σαυτὴν,
781 3300 917 3372 μήτε
943 3300 1145 3372 μυρίας
1176 3302 1525 3359 ἀπολαύουσα
1552 3323 1754 3378 παραι-

159 3404 362 3469 νέσεώς
377 3420 439 3458 τε
456 3402 551 3457 καὶ
571 3401 986 3475 παρακλήσεως,
1007 3403 1322 3476 βουληθείης
1342 3408 1655 3476 ἀνενεγκεῖν
1682 3409 1748 3464 ἐκ

159 3505 267 3559 τῶν
298 3502 593 3574 τελμάτων
625 3501 728 3572 τῆς
777 3501 1039 3574 ἀθυμίας,
1073 3502 1135 3556 οὐ
1190 3503 1388 3575 ῥᾳδίως
1430 3504 1550 3561 οὐδὲ
1587 3508 1749 3576 ἡμεῖς

159 3601 591 3674 ὑπακουσόμεθα
625 3600 761 3673 πρὸς
785 3602 847 3654 τὸ
874 3601 1086 3665 πυκνάς
1123 3618 1207 3656 σοι
1235 3602 1330 3657 καὶ
1357 3603 1575 3676 μακράς
1605 3605 1748 3677 πέμ-

159 3721 286 3759 πειν
317 3700 633 3765 ἐπιστολὰς,
659 3701 707 3755 εί
736 3699 902 3771 μηδὲν
931 3700 1146 3771 μέλλοις
1180 3701 1426 3758 ἐντεῦθεν
1445 3704 1747 3775 κερδαίνειν

161 3808 240 3868 είς
275 3802 566 3873 εὐθυμίαν.
590 3801 717 3866 Πῶς
744 3796 838 3855 οῦν
873 3800 1033 3855 τοῦτο
1069 3800 1359 3872 εἰσόμεθα;
1395 3803 1509 3857 Οὐκ
1541 3805 1635 3858 ἐάν
1660 3805 1746 3860 λέ-

159 3924 284 3979 γῃς,
306 3905 426 3960 ἀλλ’
457 3904 552 3959 ἐὰν
582 3903 671 3958 διά
697 3902 806 3958 τῶν
833 3904 1170 3975 πραγμάτων
1201 3904 1474 3977 δεικνύῃς,
1504 3908 1627 3960 ἐπεὶ
1652 3908 1748 3962 καὶ

158 4008 253 4062 νῦν
280 4006 423 4077 ἔφης
450 4006 615 4076 μηδὲν
644 4002 752 4057 τῶν
782 4003 978 4070 ἄλλων,
1000 4002 1141 4058 ἀλλά
1160 3984 1258 4075 τὴν
1284 4005 1522 4077 ἀθυμίαν
1545 4025 1626 4061 σοι
1648 4009 1746 4081 τὴν

159 4108 315 4160 νόσον
345 4103 633 4175 εἰργάσθαι
655 4102 880 4174 ταύτην.
911 4102 1063 4155 Ἐπεὶ
1080 4098 1172 4157 οὖν
1200 4105 1337 4175 αὐτὴ
1364 4105 1521 4159 τοῦτο
1542 4107 1748 4178 ὡμολό-

158 4221 360 4273 γησας,
390 4201 456 4256 ἂν
493 4202 569 4272 μὴ
609 4199 709 4270 τῆς
749 4198 1060 4272 ἀρρωστίας
1086 4200 1427 4273 ἀπαλλαγῇς,
1462 4205 1524 4258 οὑ
1556 4208 1742 4260 πεισό-

162 4301 330 4373 μεθα,
364 4302 448 4354 ὅτι
488 4299 584 4353 καὶ
611 4299 710 4369 τῆς
734 4298 974 4369 ἀθυμίας
1017 4297 1343 4370 ἀπήλλαξαι.
1374 4300 1438 4352 Et
1466 4301 1576 4369 γὰρ
1605 4301 1746 4374 αῦτη

160 4403 311 4456 ἐστὶν
338 4402 374 4469 ἡ
399 4402 496 4472 τὴν
523 4401 677 4457 νόσον
710 4399 960 4464 ποιοῦσα,
989 4399 1168 4464 καθὼς
1200 4399 1296 4454 καὶ
1329 4401 1468 4473 αὑτὴ
1496 4402 1749 4457 ἐπέσταλ-

159 4519 288 4565 κας,
322 4498 546 4570 εὔδηλον
579 4500 658 4553 ὅτι
686 4500 942 4572 λυθείσης
964 4501 1133 4572 αὐτῆς
1169 4501 1399 4573 κάκείνη
1429 4518 1747 4576 συναναιρε-

161 4602 413 4673 θήσεται,
436 4602 530 4654 καὶ
553 4601 652 4672 τῆς
686 4600 840 4673 ῥίζης
869 4602 1332 4673 ἀνασπασθείσης,
1359 4604 1452 4657 καὶ
1478 4606 1526 4657 οί
1545 4605 1749 4676 ταύτης

161 4698 593 4753 συναπόλλυνται
613 4697 816 4751 κλάδοι.
851 4698 937 4762 Ὡς
970 4697 1065 4751 ἐὰν
1097 4698 1330 4768 μένωσιν
1350 4699 1638 4765 ἀνθοῦντες
1656 4702 1751 4755 καὶ

159 4795 529 4866 ἀκμάζοντες,
555 4795 652 4848 καὶ
690 4794 900 4866 καρπὸν
930 4794 1189 4866 φέροντες
1221 4795 1312 4848 τὸν
1350 4795 1410 4849 ού
1444 4796 1748 4868 πρέποντα,

157 4891 220 4944 οὐ
279 4888 558 4960 δυνάμεθα
586 4887 895 4957 πεισθῆναι,
926 4889 1006 4942 ὅτι
1033 4888 1135 4959 τῆς
1172 4889 1328 4961 ῥίζης
1360 4891 1746 4965 ήλευθέρωσαι.

159 4989 257 5060 Μὴ
276 4988 462 5042 τοίνυν
495 5003 585 5057 μοι
622 4986 866 5057 ῥήματα,
899 4985 1034 5040 ἀλλά
1067 4986 1368 5058 πράγματα
1412 4988 1606 5057 δεῖξον,
1642 4991 1749 5046 κᾶν

163 5086 440 5159 ὑγιαίνῃς,
471 5084 593 5154 ὄψει
626 5084 788 5138 πάλιν
823 5081 1112 5146 ἐπιστολάς
1142 5086 1501 5155 πεμπομένας
1537 5103 1621 5141 σοι
1663 5087 1753 5141 λό-

165 5199 273 5252 γων
297 5182 742 5254 ὑπερϐαινούσας
774 5181 992 5253 μέτρον.
1016 5181 1108 5252 Μὴ
1133 5181 1197 5249 δὴ
1221 5181 1426 5251 μικρὰν
1449 5182 1639 5254 νόμιζέ
1667 5201 1751 5240 σοι

160 5278 515 5351 παράκλησιν
542 5274 700 5343 εἶναι,
732 5278 817 5330 ὄτι
840 5275 1045 5347 ζῶμεν.
1075 5276 1159 5328 ὅτι
1199 5275 1534 5348 ὑγιαίνομεν,
1571 5280 1653 5334 ὄτι
1692 5282 1750 5334 ἐν

158 5374 457 5438 τοσαύταις
486 5372 828 5445 πραγμάτων
855 5372 1008 5436 ὄντες
1036 5370 1442 5443 περιστάσεσιν,
1465 5375 1624 5430 νόσου
1657 5376 1751 5431 καὶ

156 5469 479 5544 ἀρρωστίας
505 5468 919 5539 ἀπηλλάγμεθα,
950 5467 981 5521 ὃ
1008 5468 1137 5531 τοὺς
1154 5467 1387 5539 ἐχθροὺς
1412 5469 1750 5545 ἡμῶν,[ὃ77]

156 5566 233 5631 ὡς
260 5567 463 5636 ἔγνων,
496 5565 706 5635 σφόδρα
733 5563 894 5617 λυπεῖ
946 5564 1038 5618 καὶ
1066 5564 1247 5635 ὀδυνᾷ.
1307 5565 1623 5622 Ἀκόλουθον
1654 5564 1749 5622 οῦν

156 5665 253 5718 καὶ¹
279 5665 431 5735 ὑμᾶς
464 5662 732 5735 μεγίστην
758 5661 962 5732 ταύτην
988 5662 1241 5733 ἡγεῖσθαι
1264 5664 1629 5739 παράκλησιν,
1655 5668 1751 5723 καὶ

222 5814 249 5844 ⁸
272 5812 384 5864 Duo
405 5825 523 5862 mss.
543 5811 649 5860 ἀλλ’
670 5811 988 5873 ὑγιεινότεροι.

1585 381 1978 444 EPISTOLAS.

3322 382 3426 439 596

1851 504 2146 576 κεφάλαιον
2198 503 2574 579 παραμυθίας.
2624 502 2719 574 Μὴ
2748 500 2901 557 κάλει
2925 496 3030 565 τὴν
3056 495 3301 551 συνοδίαν
3331 517 3427 553 σου

1851 599 2079 672 ἔρημον,
2117 600 2216 673 τήν
2241 601 2337 657 νῦν
2366 600 2627 673 μειζόνως
2658 600 2718 654 ἐν
2762 597 3013 669 οὐρανοῖς
3041 594 3429 666 ἐγγεγραμμέ-

1850 713 1948 768 νην
1975 697 2064 752 διά
2080 698 2190 752 τῶν
2205 698 2570 771 παθημάτων,
2591 690 2664 752 ὧν
2680 695 2966 766 ὑπομένει.
2987 693 3198 764 Σφόδρα
3213 692 3430 764 ῆλγησα

1850 793 1992 866 ὑπὲρ
2011 794 2277 865 Πελαγίου
2306 794 2402 848 τοῦ
2426 794 2769 866 ημονάζοντος.
2801 792 3081 862 Ἐννόησον
3096 788 3272 843 τοίνυν
3287 787 3430 841 ὅσων

1848 889 1989 957 ἄξιοι
2017 892 2296 962 στεφάνων
2324 892 2462 946 είσὶν
2487 893 2537 946 οί
2584 891 2848 961 γενναίως
2878 889 3123 951 στάντες,
3151 887 3280 940 ὅταν
3329 883 3426 938 άν-

1849 983 1975 1056 δρες
2009 987 2069 1039 ἐν
2092 986 2330 1059 τοσαύτῃ
2360 987 2593 1058 ἀσκήσει
2618 985 2970 1055 διαγαγόντες
3013 985 3107 1037 καὶ
3137 978 3424 1052 καρτερίᾳ,

1850 1079 1994 1136 οῦτω
2026 1083 2266 1152 φανῶσιν
2298 1083 2715 1156 ὑποσυρόμενοι.

2167 1236 2325 1306 Πρὸς
2353 1236 2467 1306 τὴν
2490 1231 2691 1304 αὐτὴν
2718 1230 3013 1300 ἐπιστολὴ
3033 1236 3118 1294 E'.

1921 1370 1991 1427 α’.
2037 1371 2306 1443 Ἐπετάθη
2342 1370 2410 1425 τὰ
2438 1370 2537 1441 τῆς
2561 1367 2792 1438 θλίψεως
2814 1366 2966 1437 ὑμῖν,
2992 1362 3089 1417 καὶ
3121 1358 3428 1431 πλατύτερα

1851 1469 2012 1526 πάλιν
2029 1470 2185 1542 ἐτέθη
2201 1468 2271 1527 τὰ
2292 1468 2613 1540 σκάμματα,
2634 1466 2730 1519 καὶ
2747 1460 3194 1538 μακρότεροιθτῶν
3213 1455 3429 1527 δρόμων

1850 1569 1899 1621 οί
1927 1566 2151 1634 δίαυλοι,
2183 1567 2276 1623 καὶ⁵
2307 1566 2444 1637 πρὸς
2479 1564 2701 1635 μείζονα
2722 1563 2895 1632 φλόγα
2922 1561 3030 1614 τῶν
3051 1554 3429 1612 ἐπιϐουλευόν-

1850 1681 1959 1718 των
1993 1665 2120 1736 ὑμῖν
2153 1663 2366 1735 αἴρεται
2386 1665 2413 1716 ὁ
2438 1662 2630 1733 θυμός.
2667 1659 2807 1713 Ἀλλ’
2827 1658 2888 1711 οὐ
2916 1653 3282 1726 θορυϐεῖσθαι,
3311 1649 3433 1704 οὑδέ

1851 1759 2234 1831 ταράττεσθαι,
2264 1759 2407 1814 ἀλλά
2435 1758 2524 1811 διὰ
2550 1755 2723 1811 ταῦτα
2752 1755 2850 1826 μὲν
2883 1748 2976 1806 οὖν
3031 1750 3268 1822 μάλιστα
3309 1744 3427 1816 χαί-

1854 1872 1969 1926 ρειν
2000 1856 2101 1920 δεῖ,
2163 1855 2253 1909 καὶ
2295 1855 2546 1926 σκιρτᾷν,
2605 1853 2701 1906 καὶ
2751 1845 3168 1919 στεφανοῦσθαι,
3198 1842 3294 1896 καὶ
3342 1856 3432 1911 χο-

1853 1954 2053 2024 ρεύειν.
2090 1955 2153 2007 Ei
2178 1957 2283 2023 γάρ
2310 1951 2387 2023 μὴ
2411 1950 2632 2021 καιρίας
2652 1949 2710 2001 ἐν
2731 1949 2844 2010 τοῖς
2865 1941 3174 2016 ἔμπροσθεν
3194 1937 3429 1993 ἐδώκατε

1850 2049 1928 2120 τῷ
1958 2048 2190 2120 διαϐόλῳ
2221 2048 2319 2111 τὰς
2351 2045 2588 2117 πληγάς,
2624 2045 2725 2098 οὐκ
2752 2042 2819 2097 ἂν
2875 2040 3046 2103 οὑτως
3077 2033 3327 2108 ἠγριώθη
3371 2028 3436 2085 τὸ

1852 2145 2059 2217 θηρίον,
2090 2147 2166 2211 ὡς
2195 2147 2290 2200 καὶ
2328 2143 2645 2215 περαιτέρω
2672 2139 2979 2213 προελθεῖν.
3011 2139 3222 2204 Δεῖγμα
3249 2131 3434 2184 τοίνυν

1850 2242 1946 2296 καὶ
1973 2242 2076 2313 τῆς
2106 2241 2382 2312 ὑμετέρας
2405 2238 2659 2311 ἀνδρείας
2689 2236 2781 2290 καὶ
2811 2235 2986 2305 νίκης,
3013 2231 3107 2285 καὶ
3136 2230 3235 2299 τῆς
3260 2228 3433 2297 ἥττης

1851 2336 2059 2390 ἐκείνου
2092 2337 2191 2409 τῆς
2235 2337 2458 2408 πολλῆς,
2500 2337 2561 2389 τὸ
2620 2333 2886 2406 μειζόνως
2932 2326 3281 2400 ἐφάλλεσθαι,
3336 2320 3434 2374 καὶ

1851 2432 2143 2505 ἐπιπηδᾷν,
2173 2433 2268 2487 καὶ
2300 2433 2519 2487 πλείονα
2568 2427 2975 2485 ἐπιδείκνυσθαι
3006 2425 3106 2495 τὴν
3137 2423 3431 2487 ἀναισχυν-

1848 2529 1990 2595 τίαν,
2028 2531 2122 2584 καὶ
2153 2530 2537 2601 δαψιλέστερον
2563 2530 2746 2599 ἐκχεῖν
2768 2527 2860 2581 τὸν
2890 2524 2987 2579 ἱόν.
3039 2520 3191 2575 Ἐπεὶ
3212 2518 3307 2571 καὶ
3335 2514 3429 2567 ἐπὶ

1848 2624 1941 2680 τοῦ
1978 2627 2249 2697 μακαρίου
2304 2624 2444 2691 Ἰὼϐ,
2504 2623 2691 2695 ἐπειδὴ
2747 2624 2806 2675 ἐν
2859 2623 2927 2693 τῇ
2982 2617 3092 2672 τῶν
3136 2612 3435 2687 χρημάτων

1848 2721 2090 2794 ἀποϐολῇ
2118 2722 2347 2794 ἡττήθη,
2377 2723 2471 2776 καὶ
2493 2725 2560 2793 τῇ
2591 2720 2699 2773 τῶν
2733 2717 2939 2771 παίδων
2972 2713 3281 2783 ἀφαιρέσει,
3324 2708 3432 2761 δεῖ-

1847 2836 1964 2889 γμα
2012 2819 2105 2872 καὶ
2134 2819 2255 2871 τότε
2284 2816 2531 2887 ἐκφέρων
2563 2814 2658 2869 τοῦ
2711 2810 2926 2884 χαλεπά
2953 2811 3239 2882 τραύματα
3278 2805 3433 2870 δέξα-

1849 2915 1994 2977 σθαι,
2032 2915 2124 2968 ἐπὶ
2143 2914 2204 2967 τὸ
2233 2913 2527 2982 κεφάλαιον
2555 2910 2784 2982 ὥρμησε
2816 2908 2926 2961 τῶν
2955 2905 3161 2969 κακῶν,
3204 2903 3303 2973 τὴν
3332 2900 3432 2968 τῆς

1851 3012 2051 3083 σαρκὸς
2080 3009 2420 3081 πολιορκίαν,
2451 3008 2550 3079 τὴν
2597 3006 2705 3061 τῶν
2762 3004 3060 3075 σκωλήκων
3107 2998 3308 3069 πηγὴν,
3339 2994 3430 3047 τὸν

1847 3106 1957 3160 τῶν
1986 3106 2315 3178 τραυμάτων
2371 3104 2566 3177 χορόν·
2604 3100 2765 3174 χορὸν
2809 3098 2917 3171 γάρ
2949 3095 3109 3151 αὑτὸν
3155 3086 3288 3162 ἐγὼ,
3337 3091 3433 3145 καὶ

1851 3203 2113 3272 στέφανον
2134 3200 2305 3267 καλῶ,
2333 3200 2426 3254 καὶ
2450 3197 2660 3270 μυρίων
2687 3195 2956 3268 βραϐείων
2972 3193 3158 3265 ἐσμόν.
3182 3189 3293 3244 Καὶ
3311 3187 3431 3240 οὐδὲ

1849 3297 2083 3352 ἐνταῦθα
2116 3296 2247 3367 ἔστη
2269 3313 2283 3326 ·
2328 3295 2443 3350 ἀλλ’
2470 3293 2660 3363 ἐπειδὴ
2690 3292 2844 3346 οὐδὲν
2893 3289 3216 3344 ὑπελείπετο
3245 3283 3432 3354 ἐτερον

1849 3395 1999 3466 αὐτῷ
2033 3395 2333 3465 μηχάνημα
2364 3391 2605 3445 τοιοῦτον
2624 3390 2721 3463 (ὼς
2738 3388 2846 3459 γάρ
2874 3387 3099 3458 ἔσχατον
3129 3384 3253 3455 ὅρον
3292 3396 3432 3449 συμ-

1849 3491 2054 3564 φορῶν,
2071 3491 2242 3556 οὕτως
2261 3491 2360 3562 τὴν
2376 3489 2529 3543 νόσον
2551 3488 2834 3559 ἐπήγαγεν
2856 3482 3116 3554 ἐκείνην),
3148 3480 3243 3534 καὶ
3267 3478 3433 3547 ἕτερα

1850 3589 2013 3645 πάλιν
2071 3588 2243 3642 ἐκίνει
2285 3588 2689 3658 μηχανήματα,
2744 3583 2979 3651 γυναῖκα
3010 3577 3266 3641 ὁπλίζων,
3306 3575 3431 3636 τοὺς

1848 3687 2035 3757 φίλους
2054 3683 2390 3756 παροξύνων,
2410 3684 2536 3745 τοὺς
2560 3681 2777 3743 οἰκέτας
2799 3676 3083 3747 διεγείρων
3117 3673 3210 3727 καὶ
3232 3668 3434 3742 θηριώ-

1847 3781 1957 3844 δεις
1987 3779 2178 3846 ποιῶν,
2209 3780 2305 3834 καὶ
2334 3778 2423 3834 διά
2451 3777 2668 3832 πάντων
2689 3775 2760 3828 τά
2780 3771 3072 3846 τραύματα
3103 3766 3428 3832 ἀναξαίνων.

1854 3880 1921 3932 Ὃ
1947 3877 2011 3949 δὴ
2033 3877 2127 3929 καὶ
2158 3875 2254 3930 νῦν
2283 3873 2578 3946 ἐπιχειρῶν
2607 3872 2670 3925 ού
2709 3870 2963 3925 παύεται·
2995 3867 3131 3921 ἀλλὰ
3155 3864 3294 3919 κατά
3330 3863 3432 3933 τῆς

1848 3972 2040 4047 ἑαυτοῦ
2086 3971 2368 4041 κεφαλῆς·
2411 3971 2488 4034 ὡς
2515 3969 2586 4022 τά
2620 3985 2682 4037 γε
2732 3967 2976 4037 ὑμέτερα
3014 3961 3265 4016 ἐντεῦθεν
3294 3959 3435 4028 λαμ-

1847 4070 2088 4141 πρότερα
2113 4067 2208 4123 καὶ
2251 4065 2475 4138 μείζονα
2516 4065 2610 4120 καὶ
2654 4063 2984 4134 φαιδρότερα
3029 4058 3151 4113 καθ’
3193 4056 3433 4125 ἑκάστην

1846 4167 2057 4238 γίνεται
2105 4163 2204 4237 τὴν
2236 4163 2471 4236 ἡμέραν,
2516 4162 2719 4215 πλείων
2753 4161 2883 4231 ὑμῖν
2918 4160 2948 4211 ό
2992 4154 3242 4218 πλοῦτος,
3274 4151 3429 4220 δαψι-

1847 4261 2080 4332 λεστὲρα
2117 4262 2150 4332 ἡ
2183 4260 2443 4332 ἐμπορία,
2483 4258 2775 4331 ἐπάλληλοι
2808 4256 2904 4310 καὶ
2939 4253 3184 4323 συνεχεῖς
3218 4251 3267 4302 οἱ
3312 4248 3433 4302 στέ-

1850 4375 2030 4429 φανοι,
2059 4357 2231 4428 πολλὴ
2252 4357 2319 4409 δι’
2345 4357 2524 4411 αὐτῶν
2548 4356 2656 4409 τῶν
2685 4353 2871 4408 δεινῶν
2899 4352 2999 4421 τῆς
3026 4348 3278 4420 ἀνδρείας
3305 4347 3432 4415 ὑμῖν

1847 4458 1881 4527 ἡ
1913 4454 2219 4527 προσθήκη,
2253 4454 2349 4508 καὶ
2394 4454 2451 4508 αί
2481 4451 2767 4505 ἐπιϐουλαὶ
2794 4451 2900 4503 τῶν
2941 4445 3152 4517 ἐχθρῶν
3191 4443 3433 4512 ἄλειμμα

1849 4552 2086 4621 γίνονται
2115 4550 2215 4620 τῆς
2246 4549 2545 4621 καρτερίας
2574 4548 2674 4617 τῆς
2723 4545 3007 4615 ὑμετέρας.
3051 4538 3285 4607 Τοιαύτη
3321 4537 3432 4606 γὰρ

1848 4649 1948 4718 τῆς
1977 4646 2209 4713 θλίψεως
2236 4647 2269 4716 ἡ
2304 4644 2483 4714 φύσις·
2506 4643 2632 4706 τοὺς
2653 4643 2842 4712 πράως
2864 4638 3033 4706 αὐτὴν
3058 4637 3147 4688 καὶ
3170 4632 3441 4701 γενναίως

1851 4745 2113 4817 φέροντας
2138 4743 2440 4811 ἀνωτέρους
2468 4740 2614 4792 ποιεῖ
2642 4736 2750 4790 τῶν
2790 4732 2978 4787 δεινῶν
2999 4773 3012 4797 ,
3064 4727 3432 4801 ὑψηλοτέρους

1849 4841 1958 4895 τῶν
1992 4839 2085 4894 τοῦ
2120 4836 2363 4892 διαϐόλου
2403 4833 2608 4907 βελῶν,
2652 4832 2745 4887 καὶ
2781 4827 3025 4883 παιδεύει
3073 4826 3434 4897 καταφρονεῖν

1852 4936 1959 4990 τῶν
1987 4932 2310 4990 ἐπιϐουλῶν.
2348 4931 2502 4984 Ἐπεὶ
2523 4928 2619 4982 καὶ
2644 4926 2714 5009 τά
2733 4925 2925 4996 δένδρα
2953 4923 3022 4976 τά
3055 4923 3155 4993 μὲν
3178 4936 3435 4989 σκιατρο-

1852 5034 2117 5105 φούμενα,
2150 5027 2508 5100 μαλακώτερα
2532 5025 2763 5093 γίνεται,
2797 5021 2893 5075 καὶ
2920 5020 3055 5092 πρὸς
3083 5017 3182 5089 τὴν
3203 5015 3435 5088 καρπῶν

1852 5130 2064 5199 γένεσιν
2100 5124 2254 5200 [578]
2290 5123 2684 5196 ἀχρηστότερα·
2721 5117 2790 5172 τὰ
2833 5117 2891 5169 δὲ
2939 5115 3116 5187 ἀέρων
3147 5111 3433 5183 ἀνωμαλία

1851 5225 2180 5299 ὁμιλοῦντα,
2217 5224 2309 5277 καὶ
2339 5219 2664 5291 πνευμάτων
2711 5215 2979 5287 δεχόμενα
3033 5210 3293 5284 ἐμϐολὰς,
3337 5208 3433 5261 καὶ

1854 5323 2064 5394 θέρμην
2093 5322 2332 5384 ἀκτῖνος,
2363 5315 2502 5371 αὑτά
2524 5332 2584 5368 τε
2618 5314 2943 5386 ἰσχυρότερα
2969 5308 3312 5369 καθίσταται,
3337 5304 3434 5359 καὶ

1850 5420 1964 5481 τοῖς
1997 5416 2214 5489 φύλλοις
2247 5415 2413 5486 κομᾷ,
2459 5413 2553 5465 καὶ
2590 5407 2667 5480 τῷ
2714 5406 2912 5481 καρπῷ
2966 5405 3228 5476 βρίθεται.
3275 5397 3434 5453 υῦτω

1853 5514 1948 5568 καὶ
1976 5514 2068 5567 ἐπὶ
2095 5512 2191 5583 τῆς
2224 5509 2500 5580 θαλάσσης
2531 5507 2850 5579 συμϐαίνειν
2883 5502 3091 5557 εἴωθεν·
3119 5501 3168 5552 οἱ
3199 5497 3296 5567 μὲν
3323 5494 3434 5564 γάρ

1852 5611 2068 5686 πρῶτον
2124 5609 2413 5670 ἐπιϐάντες
2461 5606 2609 5677 νηὸς,
2639 5603 2743 5658 κᾶν
2774 5602 2981 5672 σφόδρα
3008 5595 3243 5667 γενναῖοί
3285 5609 3431 5657 τινες

1852 5707 2193 5777 τυγχάνωσιν
2239 5704 2412 5769 ὄντες,
2462 5700 2566 5755 ὑπὸ
2608 5701 2707 5770 τῆς
2750 5697 3006 5768 ἀπειρίας
3040 5691 3433 5764 ταράττονται,

1856 5802 2209 5877 θορυῡοῦνται
2235 5844 2248 5869 ,
2279 5799 2603 5864 σκοτοδίνοις
2653 5795 2880 5865 ἰλίγγοις
2930 5790 3265 5861 κατέχονται·
3295 5787 3348 5841 οἱ
3370 5785 3429 5841 δὲ
