3906 6396
464 394 564 450 597

457 507 629 562 πολλά
662 507 946 572 διαϐάντες
978 507 1209 578 πελάγη,
1252 508 1347 562 καὶ
1380 508 1607 573 πολλοὺς
1645 509 2036 580 ὑπομείναντες

456 599 755 670 χειμῶνας,
781 600 875 654 καὶ
903 599 1141 668 ὑφάλους
1169 600 1263 653 καὶ
1296 600 1616 666 σκοπέλους,
1636 601 1733 655 καὶ¹
1757 601 2040 667 σπιλάδας,

388 736 395 742 .
461 692 557 745 καί
579 691 785 762 θηρίων
824 689 1070 759 ἐφόδους,
1122 691 1217 744 καὶ
1261 690 1542 762 πειρατῶν
1589 691 1902 758 ἐπιϐουλὰς,
1950 691 2046 745 καὶ⁸

461 779 928 843 καταποντιστῶν,
953 780 1049 834 καὶ
1076 779 1318 849 συνεχῶν
1345 780 1709 853 ἀνασχόμενοι
1737 781 2044 853 χειμώνων,

460 869 568 923 τῶν
612 870 704 922 ἐπὶ
736 871 841 939 γῆς
879 870 1066 924 λοιπὸν
1114 870 1438 941 βαδιζόντων
1480 870 1926 944 θαρραλεώτερον
1954 872 2049 926 ἐπὶ

460 960 562 1029 τῆς
594 960 723 1031 νηδς
745 961 1032 1033 κάθηνται,
1069 963 1170 1017 οὐκ
1198 962 1345 1018 ἐνδον
1374 965 1527 1037 παρά
1546 966 1644 1039 τὴν
1673 966 1886 1038 τρόπιν,
1911 967 2050 1022 ἀλλά

460 1052 560 1104 καὶ
588 1053 771 1117 αὐτοῖς
802 1052 1138 1119 ἐνιζάνοντες
1179 1057 1290 1119 τοῖς
1313 1055 1516 1126 τοίχοις
1536 1056 1637 1128 τῆς
1659 1056 1807 1127 νηὸς,
1837 1057 1932 1111 καὶ
1958 1057 2051 1110 ἐπί⁵

461 1140 693 1213 πρώρας
724 1145 817 1197 καὶ
841 1145 934 1197 ἐπὶ
960 1143 1217 1215 πρύμνης
1235 1143 1408 1208 ἀδεῶς
1432 1146 1731 1217 ἱστάμενοι·
1758 1147 1852 1200 καὶ
1871 1148 1920 1200 οί
1944 1145 2052 1217 πρὸ

461 1234 652 1288 τούτου
703 1237 790 1291 ἐπ’
823 1236 946 1306 ὄψιν
993 1236 1131 1307 μετά
1177 1237 1380 1309 τρόμου
1426 1238 1522 1291 καὶ
1565 1238 1734 1308 φόϐου
1768 1238 2008 1310 κείμενοι
2033 1279 2048 1305 ,

465 1325 608 1396 μετὰ
638 1326 739 1398 τὴν
769 1327 970 1398 πολλὴν
1007 1327 1101 1382 τοῦ
1156 1327 1426 1399 χειμῶνος
1471 1330 1691 1401 πεῖραν,
1722 1328 1817 1383 καὶ
1843 1331 2053 1401 σχοῖνον

464 1418 706 1484 ἕλκουσι,
739 1420 833 1473 καὶ
868 1420 1012 1474 ἱστία
1043 1420 1326 1489 ἀνάγουσι,
1374 1421 1471 1475 καὶ
1519 1421 1723 1476 κωπῶν
1759 1421 2053 1489 ἅπτονται,

470 1510 565 1564 καὶ
595 1512 871 1583 πανταχοῦ
904 1512 1005 1583 τῆς
1036 1512 1164 1584 νηὸς
1194 1512 1332 1583 μετὰ
1359 1514 1611 1580 εὐκολίας
1646 1514 2051 1587 περιτρέχουσι.

468 1602 654 1672 Μηδὲν
701 1605 879 1659 τοίνυν
921 1607 1065 1676 ὑμᾶς
1111 1605 1408 1677 θορυϐείτω
1454 1606 1567 1661 τῶν
1611 1607 2051 1678 συμπιπτόντων.

470 1692 568 1757 Εἰς
596 1692 753 1747 τοῦτο
790 1694 897 1766 γὰρ
928 1696 1074 1765 ἡμᾶς
1116 1695 1459 1766 κατέστησαν
1486 1697 1538 1750 οί
1581 1696 1767 1768 ἐχθροὶ
1805 1697 2054 1761 ἄκοντες,

470 1786 552 1847 είς
566 1785 628 1837 τὸ
647 1784 722 1857 μή
742 1785 1006 1840 δύνασθαι
1034 1786 1219 1850 κακῶς
1239 1786 1438 1840 παθεῖν
1454 1788 1632 1842 πάντα
1657 1788 1756 1860 μὲν
1772 1789 1952 1842 αὐτῶν
1974 1770 2060 1843 κε-

470 1874 744 1937 νώσαντες
763 1874 833 1928 τὰ
850 1875 1002 1946 βέλη,
1028 1875 1182 1929 οὐδὲν
1206 1876 1262 1928 δὲ
1281 1875 1443 1930 πλέον
1465 1877 1716 1932 ἐντεῦθεν
1736 1879 2055 1942 ἀνύσαντες,

470 1964 505 2035 ἢ
526 1965 587 2019 τὸ
611 1968 1091 2037 καταισχύνεσθαι,
1110 1967 1204 2020 καὶ
1222 1967 1506 2035 γελᾶσθαι,
1531 1969 1626 2025 καὶ
1641 1968 1830 2041 ὥσπερ
1846 1970 2060 2032 κοινούς

470 2058 571 2127 τῆς
600 2060 926 2131 οἰκουμένης
953 2060 1363 2133 ἐχθροὺς,οῦτω
1389 2060 1668 2131 πανταχοῦ
1694 2061 1983 2131 φαίνεσθαι
2006 2073 2056 2114 ﬂ.

473 2149 660 2204 Ταῦτα
689 2153 798 2206 τῶν
823 2152 1281 2208 ἐπιϐουλευόντων
1330 2154 1399 2207 τά
1429 2153 1683 2224 ἐπίχειρα
1701 2193 1717 2216 ,
1759 2151 1918 2207 τοῦτο
1950 2152 2059 2206 τῶν

473 2240 727 2312 πολέμων
756 2243 819 2296 τὸ
862 2243 1038 2306 τέλος.
1074 2244 1272 2310 Βαϐαῖ,
1324 2243 1557 2314 πηλίκον
1596 2244 1749 2299 ἐστὶν
1794 2245 1828 2315 ή
1860 2244 2061 2315 ἀρετὴ,

475 2335 572 2387 καὶ
599 2334 708 2387 τῶν
742 2335 1029 2405 παρόντων
1054 2335 1325 2407 ὑπεροψία
1354 2336 1716 2407 πραγμάτων’
1740 2335 1807 2389 δι’
1838 2336 2065 2390 ἐπιϐου-

477 2423 589 2477 λῶν
611 2425 904 2494 κερδαίνει,
936 2424 1025 2480 διά
1050 2426 1161 2480 τῶν
1188 2426 1648 2480 ἐπιϐουλευόντων
1684 2424 2062 2494 στεφανοῦται,

477 2515 566 2570 διὰ
588 2516 697 2570 τῶν
744 2516 930 2581 κακῶς
958 2518 1256 2572 ποιούντων
1306 2517 1603 2589 διαλάμπει
1648 2517 1910 2589 μειζόνως
1934 2557 1950 2583 ,
1978 2517 2067 2572 διὰ

478 2605 589 2660 τῶν
618 2607 900 2679 ἐπισύρειν
917 2607 1341 2680 ἐπιχειρούντων
1364 2608 1746 2680 ίσχυροτέρους
1777 2611 1920 2661 ποιεῖ
1939 2608 2068 2673 τοὺς

483 2696 764 2764 μετιόντας
794 2697 984 2767 αὐτὴν,
1024 2696 1411 2767 ὑψηλοτέρους,
1444 2695 1803 2768 ἀχειρώτους,
1853 2696 2067 2752 ἀναλώ-

477 2804 627 2852 τους,
664 2789 762 2860 οὐχ
795 2789 996 2855 ὃπλων,
1030 2790 1091 2843 οὐ
1123 2790 1367 2862 δοράτων
1397 2790 1721 2861 δεομένους“,
1753 2791 1814 2845 οὑ
1847 2792 2067 2861 τειχῶν,

481 2881 541 2934 οὐ
571 2881 814 2953 τάφρων,
836 2883 896 2935 οὐ
930 2882 1174 2955 πύργων,
1206 2883 1268 2936 οὑ
1307 2882 1631 2955 χρημάτων,
1664 2883 1727 2937 οὐ
1763 2884 2068 2957 στρατοπέ-

479 2968 606 3033 δων,
643 2970 780 3025 άλλά
805 2971 1038 3043 γνώμης
1066 2974 1303 3045 στερρᾶς
1323 2972 1507 3043 μόνον,
1541 2974 1638 3026 καὶ
1664 2974 2069 3047 άπεριτρέπτου

479 3060 679 3133 ψυχῆς,
706 3063 799 3117 καὶ
826 3065 1008 3116 πᾶσαν
1038 3063 1388 3136 ἀνθρωπίνην
1410 3065 1703 3138 ἐπιϐουλὴν
1728 3066 1964 3137 ἐλέγχει.

550 3154 616 3223 β’.
633 3154 821 3210 Ταῦτα
834 3152 1218 3222 οῦν,δέσποινά
1239 3173 1339 3227 μου
1360 3156 1771 3230 θεοφιλεστάτη,
1789 3160 1884 3213 καὶ
1901 3161 2071 3231 σαυτῇ

486 3248 582 3301 καὶ
612 3250 735 3311 ταῖς
770 3247 909 3319 μετὰ
957 3247 1051 3301 σοῦ
1097 3247 1190 3302 τὸν
1225 3249 1387 3302 καλὸν
1418 3248 1609 3304 τοῦτον
1642 3249 1834 3319 ἀγῶνα
1872 3251 2075 3321 ἀγωνι-

486 3337 741 3409 ζομέναις
774 3341 1072 3410 ἐπᾴδουσα,
1108 3340 1301 3412 ἀνίστη
1340 3341 1368 3380 δ
1401 3340 1471 3393 τὰ
1504 3343 1832 3413 φρονήματα
1862 3343 2073 3409 πασῶν,

493 3427 871 3503 συγκροτοῦσα
917 3449 1009 3485 σου
1054 3431 1152 3505 τὴν
1200 3432 1527 3507 παράταξιν,
1562 3433 1703 3488 ὥστε
1734 3433 1955 3489 διπλοῦν
1983 3435 2078 3489 καὶ

492 3520 753 3595 τριπλοῦν
789 3521 884 3575 καὶ
915 3521 1351 3575 πολλαπλασίονα
1402 3521 1655 3591 γενέσθαι
1709 3540 1791 3577 σοι
1825 3523 1916 3579 τὸν
1949 3525 2077 3576 στέ-

490 3629 658 3685 φανον
695 3612 795 3684 τῆς
829 3611 1051 3683 ἀρετῆς,
1096 3612 1165 3665 δι’
1203 3604 1278 3666 ὧν
1318 3628 1379 3665 τε
1421 3612 1559 3685 αὑτὴ
1598 3613 1865 3684 πάσχεις,
1904 3613 1972 3667 δι’
2000 3606 2078 3669 ῶν

486 3720 549 3758 τε
588 3702 823 3775 ἐτέραςε
864 3706 944 3769 είς
983 3703 1156 3757 ταῦτα
1192 3703 1428 3770 ἐνάγειςο
1461 3706 1558 3758 καὶ
1585 3704 1849 3760 πείθουσα
1892 3705 2081 3761 πάντα

491 3795 685 3866 πράως
709 3795 918 3865 φέρειν,
951 3795 1048 3849 καὶ
1083 3795 1363 3868 ὑπερορᾷν
1393 3796 1502 3851 τῶν
1530 3797 1730 3863 σκιῶν,
1767 3797 1863 3853 καί⁵
1912 3814 2082 3851 κατα-

492 3886 710 3956 φρονεῖν
753 3885 852 3955 τῆς
877 3884 987 3939 τῶν
1010 3886 1302 3957 ὀνειράτων
1330 3885 1571 3958 ἀπάτης,
1609 3887 1705 3940 καὶ
1736 3889 2075 3942 καταπατεῖν

491 3975 583 4029 τὸν
616 3976 809 4047 πηλὸν,
842 3975 936 4030 καὶ
962 3976 1054 4029 τοῦ
1082 3976 1294 4030 καπνοῦ
1339 3976 1545 4049 μηδένα
1593 3977 1867 4030 ποιεῖσθαι
1899 3976 2083 4055 λόγον,

493 4069 589 4124 καὶ
627 4068 727 4133 τὰς
770 4069 1014 4142 ἀράχνας
1062 4069 1137 4141 μὴ
1171 4068 1416 4141 νομίζειν
1469 4070 1597 4140 ὑμῖν
1633 4068 1945 4140 διενοχλεῖν,
1990 4070 2085 4123 καὶ

494 4162 864 4233 παρατρέχειν
882 4161 972 4215 τὸν
991 4161 1295 4232 σηπόμενον
1313 4161 1526 4233 χόρτον.
1539 4159 1727 4215 Ταῦτα
1743 4161 1850 4232 γὰρ
1867 4160 2085 4214 ἅπαντα

493 4258 594 4323 τῆς
624 4253 975 4324 ἀνθρωπίνης
1011 4253 1371 4324 εὐημερίαςή
1405 4252 1726 4324 ματαιότης,
1758 4251 2086 4306 καὶτούτων

495 4347 553 4401 δὲ
587 4345 963 4415 εὐτελέστερα.
1000 4345 1112 4398 Καὶ
1153 4345 1252 4398 οὐκ
1290 4346 1356 4401 άν
1385 4362 1469 4408 τις
1500 4344 1699 4416 ῥᾳδίως
1723 4344 1906 4399 είκόνα
1933 4343 2086 4417 εὖροι

494 4437 739 4511 ἀκριϐῶς
768 4438 938 4507 αὐτῆς
978 4438 1077 4509 τὴν
1116 4439 1457 4510 ματαιότητα
1501 4436 1877 4509 παριστῶσαν.
1929 4439 2088 4493 Μετά

496 4530 608 4603 γὰρ
641 4529 739 4600 τῆς
767 4527 1041 4592 οὐδενείας
1070 4527 1276 4600 ταύτης
1304 4528 1364 4582 οὐ
1394 4527 1597 4600 μικρὰν
1623 4528 1779 4599 φέρει
1813 4527 1907 4583 καὶ
1931 4526 2083 4601 [579]

499 4622 705 4696 βλάϐην
720 4625 834 4686 τοῖς
850 4621 987 4693 πρὸς
1013 4620 1155 4675 αὑτά
1167 4618 1194 4657 ἀ
1221 4620 1530 4692 κεχηνόσιν,
1549 4619 1648 4672 οὐκ
1666 4620 1724 4673 ἐν
1739 4618 1817 4691 τῷ
1841 4618 2090 4691 μέλλοντι

500 4716 661 4785 μόνον
689 4715 868 4781 αἰῶνι,
903 4714 1040 4769 ἀλλά
1068 4713 1163 4767 καὶ
1193 4714 1252 4767 ἐν
1291 4711 1372 4783 τῷ
1400 4711 1628 4784 παρόντι
1657 4711 1781 4782 βίῳ,
1816 4712 1914 4766 καὶ
1947 4712 2091 4765 κατὰ

500 4806 702 4869 ταύτας
731 4806 828 4870 τὰς
851 4804 1089 4877 ἡμέρας,
1116 4806 1173 4859 ἐν
1202 4799 1288 4868 αἶς
1301 4802 1552 4857 δοκοῦσιν
1576 4803 1769 4866 αὑταῖς
1791 4804 2086 4875 ἐντρυφᾷν.

499 4898 771 4969 Καθάπερ
790 4898 900 4967 γὰρ
927 4899 959 4968 ή
985 4895 1178 4969 ἀρετὴ,
1201 4896 1294 4950 καὶ
1314 4896 1435 4949 κατ’
1452 4895 1616 4953 αὐτὸν
1637 4894 1727 4950 τὸν
1751 4894 1944 4967 καιρὸν
1966 4894 2091 4950 καθ’

500 4990 559 5043 ὃν
592 4989 936 5059 πολεμεῖται,
966 4991 1163 5062 σκιρτᾷ
1182 4989 1275 5044 καὶ
1302 4988 1506 5051 θάλλει,
1525 4989 1619 5042 καὶ
1636 4989 1966 5062 φαιδροτέρα
1981 4990 2093 5045 δεί-

501 5097 716 5136 κνυται·
745 5081 887 5135 οὓτω
916 5083 1057 5154 καῖή
1086 5082 1275 5147 κακία,
1310 5084 1402 5136 καὶ
1430 5083 1550 5136 κατ’
1581 5083 1746 5138 αὑτὸν
1776 5083 1868 5138 τὸν
1898 5084 2093 5155 καιρὸν

503 5176 626 5230 καθ’
658 5175 716 5229 ὃν
748 5176 1109 5247 θεραπεύεται
1138 5176 1232 5231 καὶ
1270 5175 1652 5241 κολακεύεται,
1680 5177 1954 5231 δείκνυσιν
1997 5177 2095 5230 αὑ·-

500 5274 600 5345 τῆς
631 5271 730 5343 τὴν
762 5270 1068 5334 ἀσθένειαν,
1106 5270 1202 5323 καὶ
1236 5270 1326 5323 τὸν
1369 5269 1538 5324 πολύν
1575 5260 1820 5335 γέλωτα,
1865 5269 1961 5322 καὶ
1995 5268 2095 5340 τὴν

504 5365 710 5434 ἄφατον
771 5360 1087 5431 κωμῳδίαν.
1139 5358 1205 5411 Τί
1262 5359 1410 5430 γὰρ,
1470 5357 1594 5411 εἰπέ
1643 5374 1759 5427 μοι,
1810 5355 1904 5410 τοῦ
1952 5356 2095 5409 Κάῖν

504 5456 860 5528 ἐλεεινότερον
891 5454 1106 5524 γέγονε,
1135 5451 1233 5505 καὶ
1267 5452 1387 5505 κατ’
1421 5451 1583 5506 αὐτὸν
1610 5450 1703 5505 τὸν
1731 5448 1947 5520 καιρὸν,
1974 5447 2094 5502 καθ’

566 5620 595 5649 ³
616 5620 726 5669 Duo
753 5631 868 5667 mss.
894 5610 1140 5677 πανταχοῦ
1162 5612 1451 5677 φονεύεσθαι.

570 5680 600 5722 ⁸)
627 5682 778 5731 Savil.
798 5678 1131 5739 conj.&vicna.‘

518 5756 527 5765 ‘
572 5743 774 5807 Uide"!
801 5742 1050 5807 ἑτέρους.
1124 5797 1161 5807 η
1228 5797 1243 5807 .
1395 5804 1403 5807 ,
1448 5798 1461 5807 .
1703 5796 1725 5807 -
1816 5793 1838 5805 -
1988 5795 2000 5807 .

574 5801 603 5841 δ
629 5804 777 5852 [idem
796 5796 913 5864 πρδς
936 5800 1099 5864 αῧτῆὶθο
1124 5797 1278 5864 ῙῘΞΨῘΟ
1299 5798 1529 5864 Ὠρείῌόιιο
1551 5810 1666 5847 mss.
1700 5796 1922 5846 δοκοῦσιν
1949 5796 2033 5844 αὐτ
2044 5800 2101 5853 ἦς

518 5866 759 5928 ἑντρυφᾷν,
783 5858 910 5911 ulius
935 5861 1109 5916 αὐτοῖς.
1139 5858 1266 5909 Edit.
1290 5858 1466 5914 αὐταῖς.
2084 5888 2089 5892 ι

1134 393 1193 448 S.
1231 391 1513 449 JOANNIS
1549 391 2042 450 CHRYSOSTOMI
2076 394 2396 454 ARCHIEP.
2431 394 2977 452 CONSTANTINOP.

3623 401 3724 458 £98

2149 513 2208 567 δν
2241 512 2417 566 ἐδόκει
2442 513 2665 583 κρατεῖν
2691 510 2787 565 τοῦ
2813 510 3070 579 ἀδελφοῦ,
3103 509 3199 564 καὶ
3229 509 3692 583 περιγεγενῆσθαι
3710 553 3727 576 ,

2148 608 2244 661 καὶ⁹
2268 607 2365 661 τοῦ
2398 607 2572 677 θυμοῦ
2600 608 2698 662 κα)⁵
2725 611 2825 679 τῆς
2848 607 3020 679 ὀργῆς
3040 604 3483 677 ἐμπεφορῆσθαι,
3516 606 3734 672 ἐκείνης

2148 704 2253 775 τῆς
2287 703 2477 758 ἀδίκου
2511 704 2606 758 καὶ
2638 704 2919 774 μυωρᾶςς
2972 702 3027 756 τί
3072 702 3130 755 δέ
3168 702 3268 773 τῆς
3299 700 3482 767 δεξιᾶς
3521 702 3738 773 ἐκείνης

2151 800 2611 873 ἀκαθαρτότερον,
2632 805 2732 872 τῆς
2746 799 3013 871 δοκούσης
3030 799 3394 871 νενικηκέναι,
3416 799 3519 870 τῆς
3532 796 3736 863 δεξιᾶς,

2151 897 2186 969 ή
2214 897 2312 970 τὴν
2346 898 2558 969 πληγὴν
2584 898 2886 969 ἐπήγαγεν,
2937 895 3033 949 καὶ
3069 894 3163 949 τὸν
3195 896 3354 965 φόνον
3398 893 3739 964 είργάσατο,

2152 996 2245 1049 κο.)⁸
2275 996 2377 1067 τῆς
2400 996 2685 1068 αίσχίστης
2708 993 2979 1066 γλώττης,
3013 992 3048 1065 ἢ
3075 992 3166 1047 τδν
3186 992 3338 1047 δόλον
3377 990 3616 1064 ἐῤῥαψε,
3646 991 3743 1044 καὶ

2151 1092 2220 1146 τὰ
2247 1092 2438 1147 δίκτυα
2451 1092 2704 1164 ἥπλωσεν
2723 1108 2739 1158 ;
2767 1092 2879 1146 Καὶ
2894 1090 2947 1146 τί
2968 1090 3114 1159 λέγω
3130 1087 3200 1142 τά
3219 1088 3353 1160 μέλη
3368 1088 3440 1143 τά
3461 1087 3561 1141 τὸν
3580 1088 3744 1157 φόνον

2156 1188 2539 1260 ἐργασάμενα;
2583 1188 2694 1243 Καὶ
2731 1188 2840 1258 γὰρ
2867 1187 2988 1241 ὅλον
3017 1187 3077 1241 τὸ
3112 1187 3272 1258 σῶμα
3311 1184 3631 1248 ἐκολάζετο,
3666 1182 3744 1255 τῷ

2158 1283 2468 1355 στεναγμῷ,
2485 1283 2563 1354 τῷ
2595 1283 2787 1355 τρόμῳ
2813 1283 3079 1355 διηνεκῶς
3099 1281 3424 1353 παραδοθέν.
3445 1282 3518 1333 Ὢ
3540 1278 3744 1335 καινῶν

2155 1379 2532 1451 πραγμάτωνί
2565 1379 2610 1434 ὣ
2635 1379 2940 1453 παραδόξου
2982 1379 3169 1451 νίκηςί
3191 1377 3237 1432 ὢ
3258 1377 3411 1445 ξένου
3450 1376 3746 1447 τροπαίουί

2169 1476 2228 1531 '0
2261 1477 2359 1549 μὲν
2382 1478 2612 1547 σφαγεὶς
2643 1477 2739 1530 καὶ
2764 1476 2957 1550 νεκρὸς
2979 1476 3231 1549 κείμενος
3262 1473 3635 1545 ἐστεφανοῦτο
3655 1473 3750 1528 καὶ

2158 1574 2576 1646 ἀνεκηρύττετο·
2599 1577 2628 1630 ό
2647 1574 2704 1628 δέ
2733 1575 2962 1647 νικήσας
2986 1575 3082 1628 καὶ
3114 1572 3510 1645 πέριγεγονὼς,
3546 1572 3611 1624 οὐ
3657 1570 3748 1641 μό-

2156 1688 2248 1725 νον
2289 1671 2668 1741 ἀστεφάνωτος
2713 1670 2906 1741 ἐμενεν
2946 1681 2995 1737 ο,
3043 1670 3181 1724 ἀλλά
3232 1669 3299 1723 δι⁹
3334 1668 3469 1722 αὑτὸ
3513 1666 3617 1739 μὲν
3658 1660 3747 1719 οὖν

2158 1767 2317 1823 τοῦτο
2333 1768 2646 1834 ἐκολάζετο,
2669 1767 2765 1822 καὶ
2780 1768 3083 1840 ἀφορήτοις
3096 1766 3414 1839 παρεδίδοτο
3424 1764 3746 1837 τιμωρίαις,

2160 1867 2254 1921 καὶ
2274 1865 2514 1938 διηνεκεῖ
2541 1864 2778 1936 βασάνῳ⁸
2810 1866 2904 1919 καὶ¹
2931 1863 3027 1917 τοῦ
3062 1863 3382 1934 κινουμένου
3414 1861 3514 1915 καὶ
3548 1860 3751 1926 ζῶντος

2160 1964 2256 2017 καὶ
2281 1963 2654 2035 φθεγγομένου
2689 1964 2719 2016 ό
2746 1960 3046 2033 πεπληγὼς
3079 1961 3174 2015 καὶ
3217 1959 3476 2026 τεθνεὼς,
3529 1960 3627 2013 καὶ
3659 1955 3748 2012 τοῦ

2164 2062 2539 2143 φθεγγομένου
2575 2065 2604 2117 ό
2645 2061 2859 2141 ἄφωνος
2892 2061 3212 2132 κατηγόρει·
3250 2057 3456 2129 μᾶλλον
3482 2057 3545 2111 δὲ
3576 2055 3701 2109 οὐδέ
3725 2057 3753 2108 ό

2161 2158 2425 2227 τεθνεὼς,
2456 2159 2594 2213 άλλά
2618 2158 2682 2213 τὺ
2714 2158 2813 2231 μέν
2846 2151 2987 2228 αἷμα
3016 2156 3194 2226 ψιλὸν,
3228 2154 3323 2209 καὶ
3358 2153 3455 2207 τοῦ
3493 2152 3755 2224 σώματος

2164 2256 2453 2329 χωρισθὲν,
2473 2256 2709 2328 ἤρκεσεν
2741 2256 2822 2318 είς
2848 2253 3007 2308 τοῦτο
3026 2252 3211 2325 μόνον.
3229 2249 3484 2321 Τοσαύτη
3512 2248 3629 2303 τῶν
3675 2248 3753 2301 ἐν·

2163 2371 2198 2407 α
2206 2353 2378 2426 ρέτων
2403 2354 2438 2424 ἡ
2463 2351 2777 2423 περιουσία,
2796 2350 2892 2405 καὶ
2912 2347 3374 2419 τελευτησάντων·
3389 2343 3757 2414 τοσαύτητῶν

2165 2448 2419 2521 πονηρῶν
2456 2449 2492 2520 ή
2528 2447 2803 2519 ἀθλιότης,
2833 2447 2929 2502 καὶ
2952 2444 3189 2511 ζώντων.
3216 2444 3281 2497 El
3302 2442 3359 2496 δὲ
3378 2442 3438 2495 ἐν
3462 2440 3547 2511 τῷ
3579 2440 3757 2512 σκάμ-

2170 2563 2298 2618 ματι
2329 2544 2556 2599 τοιαῦτα
2582 2544 2653 2599 τά
2679 2543 2928 2616 βραϐεἰα,
2947 2543 3202 2612 ἐννόησον
3221 2539 3360 2610 μετά
3380 2538 3513 2602 τούς
3539 2537 3759 2607 ἀγῶνας

2167 2642 2350 2713 ήλίκαι
2383 2642 2438 2695 αί
2470 2639 2720 2713 ἀμοιϐαὶ,
2755 2642 2814 2695 ἐν
2846 2638 2926 2711 τῷ
2961 2636 3139 2709 καιρῷ
3170 2637 3272 2708 τῆς
3314 2633 3671 2697 ἀντιδόσεως,
3701 2632 3758 2686 ἐν

2166 2740 2234 2810 τῇ
2270 2736 2504 2809 χορηγίᾳ
2524 2735 2634 2790 τῶν
2657 2734 2881 2805 ἀγαθῶν
2898 2734 3143 2798 ἐκείνων,
3158 2731 3266 2787 τῶν
3285 2730 3470 2785 πάντα
3490 2727 3756 2800 ὑπερϐαι-

2168 2835 2367 2890 νόντων
2400 2832 2579 2904 λόγον.
2607 2833 2691 2888 Τὰ
2719 2832 2819 2905 μὲν
2849 2830 2958 2904 γὰρ
2993 2828 3245 2902 λυπηρά,
3278 2822 3369 2882 οἵα
3401 2827 3471 2881 ἀν
3566 2868 3583 2892 ,
3614 2823 3757 2897 παρὰ

2170 2933 2479 3007 ἀνθρώπων
2511 2931 2803 2998 ἐπάγεται,
2831 2928 2929 2983 καί⁹
2969 2928 3215 3000 μιμεῖται
3250 2925 3359 2979 τῶν
3388 2922 3760 2994 ἐπιφερόντων

2170 3029 2269 3102 τὴν
2295 3029 2594 3083 εὐτέλειανο
2634 3026 2703 3080 τά
2733 3026 2790 3080 δέ
2816 3024 2965 3097 δῶρα
2999 3022 3094 3078 καὶ
3121 3024 3177 3076 αί
3214 3019 3447 3092 ἀμοιϐαὶ
3479 3018 3638 3089 παρὰ
3669 3017 3760 3070 τοῦ

2170 3129 2308 3184 Θεοῦ
2342 3128 2600 3183 δίδονταιο
2626 3124 2706 3179 διδ
2737 3124 2834 3179 καί⁹
2861 3120 3088 3175 τοιαῦτά
3121 3120 3293 3185 ἐστιν,
3324 3112 3413 3171 οἶα
3431 3116 3586 3179 εἰκὸς
3614 3114 3763 3186 παρὰ

2173 3227 2273 3297 τῆς
2301 3224 2512 3295 ἀφάτου
2538 3222 2750 3295 δωρεᾶς
2792 3220 3006 3288 ἐκείνης
3040 3216 3316 3287 διδόμενα.
3371 3212 3550 3284 Χαῖρε
3587 3212 3763 3266 τοίνυν

2174 3324 2271 3379 καὶ
2323 3321 2618 3392 εὐφραίνου
2647 3359 2664 3385 ,
2700 3314 3207 3389 στεφανηφοροῦσα,
3244 3310 3615 3384 πομπεύουσα
3637 3349 3650 3369 ,
3699 3308 3765 3361 τά

2174 3421 2378 3493 κέντρα
2408 3420 2518 3473 τῶν
2565 3408 2777 3489 ἐχθρῶν
2807 3411 3203 3469 καταπατοῦσα
3239 3407 3463 3482 μᾶλλον,
3514 3407 3550 3478 ἢ
3603 3406 3765 3476 πηλὸν

2175 3518 2375 3589 ἐτεροι.
2399 3517 2513 3571 Καὶ
2537 3516 2699 3587 δήλου
2725 3509 2966 3583 συνεχῶς
2997 3510 3134 3581 ήμῖν
3160 3504 3234 3561 τά
3264 3505 3395 3575 περὶ
3418 3504 3521 3575 τῆς
3556 3503 3767 3572 ὑγιείας

2179 3633 2298 3681 σου,
2330 3615 2420 3668 ῖνα
2446 3613 2542 3668 καὶ
2568 3609 2821 3665 ἐντεῦθεν
2850 3603 3051 3677 πολλὴν
3080 3600 3511 3675 καρπωσώμεθα
3544 3602 3648 3671 τὴν
3682 3600 3767 3653 εὑ-

2179 3709 2479 3784 φροσὺνην.
2515 3702 2690 3761 Οἶσθα
2713 3704 2823 3776 γὰρ
2853 3701 2929 3767 ώς
2948 3700 3011 3755 οὐ
3043 3699 3214 3773 μικρὰ
3241 3700 3376 3771 ήμῖν
3404 3695 3565 3751 ἐσται
3592 3713 3767 3766 παρα-

2184 3807 2373 3879 μυθία,
2405 3804 2499 3859 καὶ
2521 3805 2580 3858 ἐν
2614 3800 2818 3872 ἐρημίᾳ
2841 3796 3198 3869 καθημένοις,
3226 3794 3356 3848 ὅταν
3379 3791 3628 3862 συνεχῶς
3649 3807 3770 3863 μαν-

2181 3903 2433 3975 θάνωμεν
2456 3899 2587 3972 περὶ
2612 3900 2713 3969 τῆς
2768 3894 2989 3967 ῥώσεως
3007 3893 3108 3964 τῆς
3139 3890 3260 3961 σῆς.
3292 3888 3571 3959 Ἔρρωσο.

2492 4029 2650 4098 Πρὸς
2676 4025 2793 4095 τὴν
2808 4022 3005 4092 αὐτὴν
3029 4017 3328 4088 ἐπιστολὴ
3361 4013 3457 4081 εἷ’.

2255 4173 2326 4221 α’.
2355 4165 2474 4219 Ἀπ’
2497 4163 2678 4219 αὐτῶν
2698 4159 2903 4225 ἀναϐὰς
2919 4158 3027 4214 τῶν
3052 4157 3147 4213 τοῦ
3169 4157 3400 4212 θανάτου
3424 4152 3637 4219 πυλῶν,
3660 4152 3778 4208 ταῦ-

2182 4287 2254 4324 τα
2269 4266 2569 4322 ἐπιστέλλω
2591 4265 2727 4338 πρὸς
2741 4263 2840 4336 τὴν
2859 4262 2959 4333 σὴν
2976 4259 3315 4332 κοσμιότητα
3328 4273 3343 4286 ⁶
3360 4256 3440 4311 διδ
3458 4256 3556 4311 καὶ
3571 4255 3778 4326 σφόδρα

2183 4370 2383 4443 ἣσθην,
2401 4369 2484 4421 ὅτι
2509 4364 2604 4420 νῦν
2630 4364 3011 4435 ἀπηντήκασιν
3030 4362 3081 4414 οί
3102 4359 3294 4423 παῖδες
3310 4359 3390 4420 είς
3408 4356 3610 4428 λιμένα
3629 4353 3777 4428 [580]

2185 4471 2378 4527 λοιπὸν
2392 4468 2711 4541 ὁρμίζουσιν
2732 4467 2887 4537 ἡμῖν.
2901 4465 2965 4517 Et
2985 4462 3097 4534 γὰρ
3117 4460 3362 4530 πελαγίῳ
3385 4476 3476 4530 μοι
3501 4457 3781 4511 σαλεύοντι

2188 4572 2291 4639 ἐτι,
2323 4572 2417 4625 καὶ¹
2448 4566 2518 4621 τὰ
2565 4564 2782 4641 χαλεπά
2817 4567 2918 4636 τῆς
2955 4561 3267 4635 ἀρρωστίας
3304 4557 3656 4629 ἐκδεχομένῳ
3688 4555 3781 4609 κύ·

2192 4691 2340 4747 ματα
2372 4671 2735 4742 συνήντησαν,
2773 4666 2894 4721 οὐδὲ
2934 4665 3216 4736 ἀπατῆσαί
3253 4680 3343 4734 μοι
3373 4660 3556 4732 ῥᾴδιον
3584 4655 3663 4730 ἦν
3690 4658 3779 4729 τὴν

2192 4775 2295 4847 σὴν
2328 4770 2636 4836 εὐλάϐειαν,
2662 4765 2877 4842 χρηστὰ
2905 4764 3029 4847 ἀντὶ
3051 4761 3331 4835 δυσχερῶν
3360 4758 3780 4830 ἀπαγγέλλοντι.

2189 4846 2308 4932 καὶ
2339 4873 2448 4946 γάρ
2482 4873 2512 4925 ὁ
2557 4869 2767 4942 χειμὼν
2806 4867 2901 4922 τοῦ
2937 4846 3201 4938 συνήθους
3226 4862 3521 4933 γενόμενος
3556 4859 3784 4932 σφοδρό-

2189 4995 2375 5050 τερος,
2408 4972 2790 5047 χαλεπώτερον
2824 4970 2956 5042 ήμῖν
2990 4967 3084 5021 καὶ
3117 4965 3207 5020 τοῦ
3247 4964 3518 5036 στομάχου
3551 4962 3648 5016 τὸν
3676 4980 3785 5034 χειο

2196 5077 2359 5151 μῶνα
2384 5076 2660 5147 ἐπήγαγε·
2689 5074 2785 5126 καὶ
2832 5068 3044 5141 νεκρῶν
3088 5066 3241 5121 οὐδὲν
3276 5066 3499 5137 ἄμεινον
3531 5064 3665 5127 τοὺς
3698 5062 3785 5117 δύο

2192 5179 2482 5235 διετέλεσα
2515 5175 2689 5246 μῆνας
2710 5171 2955 5238 τούτους,
2977 5168 3114 5224 ἀλλὰ
3136 5169 3232 5222 καὶ
3256 5164 3667 5237 χαλεπώτερον.
3691 5165 3785 5217 Το-

2192 5284 2390 5339 σοῦτον
2419 5280 2529 5351 γὰρ
2563 5276 2729 5342 ἔζων,
2766 5276 2888 5328 ὅσον
2922 5270 3348 5326 ἐπαισθάνεσθαι
3377 5268 3484 5323 τῶν
3522 5269 3784 5323 πάντοθεν

2195 5384 2546 5443 κυκλούντων
2580 5397 2649 5452 με
2686 5376 2905 5442 δεινῶν,
2936 5376 3030 5430 καὶ
3080 5374 3258 5428 πάντα
3290 5390 3381 5457 μοι
3409 5372 3507 5439 νὺξ
3551 5367 3653 5443 ἦν,
3695 5375 3784 5425 καὶ

2195 5486 2405 5559 ἡμέρα,
2427 5483 2523 5538 καὶ
2550 5480 2767 5553 δρθρος,
2792 5477 2889 5532 καὶ
2920 5474 3239 5547 μεσημϐρία
3275 5473 3438 5545 μέση,
3471 5472 3569 5525 καὶ
3592 5470 3782 5542 διημέ-

2206 5605 2361 5662 ρευον
2392 5588 2459 5657 τῇ
2504 5582 2662 5653 κλίνῃ
2703 5577 3158 5651 προσηλωμένοςο
3194 5576 3290 5630 καὶ
3326 5574 3497 5646 μυρία
3531 5568 3782 5644 μηχανώ-

2208 5687 2524 5762 μενος,ὀύκ
2555 5685 2737 5755 ίσχυον
2765 5680 2863 5752 τὴν
2894 5681 2959 5732 ἐκ
2986 5678 3082 5732 τοῦ
3113 5675 3325 5749 κρυμοῦ
3360 5672 3569 5745 βλάϐην
3598 5673 3781 5765 dum:

2273 5843 2295 5874 ε
2322 5841 2430 5893 Duo
2450 5851 2565 5889 mss.
2591 5835 2921 5899 ἀστεφάνωτος
2937 5833 3094 5898 ἀπῄει.
