3906 6374
158 389 255 449 59³1

151 510 309 573 dunt,
353 502 568 560 tametsi
610 501 898 558 admodum
939 501 1140 556 strenui
1187 501 1328 569 sint,
1359 499 1429 555 ob
1469 497 1749 568 navigandi

151 599 498 655 insolentiam
528 596 909 667 perturbantur
934 637 949 664 ,
982 596 1390 662 tumultuantur,
1419 592 1751 648 tenebricosa
1793 667 1798 670 _

151 691 419 760 vertigine
448 689 846 757 corripiuntur:
889 695 944 741 at
969 687 1058 757 qui
1087 686 1252 741 multa
1299 686 1464 739 maria
1499 698 1752 755 peragra-

152 790 297 844 runt,
323 795 390 835 ac
420 780 610 834 multas
641 787 1004 848 tempestates,
1029 786 1084 832 et
1119 791 1248 831 saxa
1275 777 1489 832 latentia
1521 776 1618 832 sub
1647 791 1751 829 un-

154 873 255 939 dis,
285 879 342 925 et
371 870 640 940 scopulos,
677 877 730 924 et
759 869 1056 925 belluarum
1085 867 1335 937 impetus,
1365 876 1418 921 et
1443 866 1752 936 praedonum

153 981 212 1018 ac
256 964 556 1032 piratarum
604 960 822 1016 insidias
849 959 1201 1030 pertulerunt,
1231 966 1286 1013 et
1317 958 1596 1013 continuas
1628 973 1753 1026 pro-

149 1057 323 1112 cellas
353 1054 743 1120 sustinuerunt,
772 1052 1050 1107 fidentiore
1075 1052 1327 1120 deinceps
1352 1051 1553 1118 animo,
1591 1065 1753 1120 quam

156 1145 242 1213 qni
269 1145 328 1198 in
351 1154 493 1198 terra
516 1136 810 1207 ambulant,
841 1143 894 1197 in
923 1143 1042 1196 navi
1067 1159 1127 1200 se
1150 1150 1272 1208 ‘ent,
1304 1156 1410 1196 non
1431 1141 1576 1196 intus
1602 1141 1756 1196 dum-

159 1246 304 1290 taxat
342 1236 411 1290 ad
440 1236 699 1300 carinam,
741 1234 834 1288 sed
861 1235 1022 1290 etiam
1053 1233 1110 1288 in
1135 1234 1263 1304 ipsis
1304 1234 1455 1289 navis
1500 1233 1755 1288 lateribus

160 1327 480 1391 insidentes,
508 1333 668 1397 atque
713 1334 823 1380 tum
865 1325 916 1378 in
962 1339 1140 1395 prora,
1195 1333 1306 1380 tum
1353 1324 1406 1378 in
1440 1324 1598 1394 puppi
1639 1325 1756 1379 sine

161 1419 274 1474 ullo
317 1427 464 1474 metu
493 1428 736 1473 stantes:
767 1425 822 1472 et
860 1418 947 1488 qui
979 1418 1127 1488 prius
1152 1427 1274 1472 ante
1297 1417 1534 1472 omnium
1573 1417 1755 1472 oculos

162 1527 285 1566 cum
316 1519 465 1566 metu
508 1525 573 1565 ac
605 1519 836 1564 tremore
859 1509 1130 1579 jacebant,
1173 1518 1518 1579 posteaquam
1549 1507 1757 1564 diutur-

165 1619 291 1658 num
333 1603 666 1672 tempestatis
707 1602 1001 1672 periculum
1043 1601 1314 1665 fecerunt,
1339 1599 1449 1670 jam
1480 1609 1536 1655 et
1576 1598 1757 1654 funem

167 1693 384 1747 trahunt
411 1701 464 1747 et
507 1692 623 1746 vela
667 1691 923 1761 pandunt,
954 1706 1132 1746 remos
1167 1699 1470 1760 capessunt,
1501 1701 1662 1760 atque
1702 1695 1758 1744 in

164 1798 355 1840 omnes
395 1783 544 1837 navis
587 1791 767 1853 partes
812 1782 966 1838 facile
1007 1789 1348 1837 concursant.
1389 1781 1645 1847 Quocirca
1689 1794 1759 1835 ne

165 1875 294 1946 quid
321 1889 510 1930 eorum
553 1889 672 1944 quae
708 1873 975 1941 accidunt,
1003 1887 1100 1926 vos
1139 1870 1434 1942 perturbet.
1466 1870 1579 1926 Huc
1615 1870 1758 1926 enim

168 1985 266 2025 nos
295 1969 480 2024 hostes
503 1968 586 2023 vel
631 1968 778 2022 inviti
823 1965 1165 2036 redegerunt,
1207 1974 1265 2020 ut
1291 1964 1435 2018 nullo
1477 1963 1585 2034 jam
1617 1962 1760 2017 malo

167 2059 308 2115 affici
339 2074 620 2130 queamus.
649 2059 846 2128 quippe
872 2058 959 2128 qui
987 2057 1170 2112 effusis
1200 2057 1448 2112 omnibus
1478 2056 1586 2110 suis
1618 2055 1757 2121 telis,

169 2155 376 2209 nullum
407 2154 532 2208 hinc
573 2151 713 2207 aliud
748 2151 1164 2206 emolumentum
1201 2148 1557 2218 perceperint,
1600 2161 1758 2216 quam

169 2255 227 2301 ut
255 2245 545 2316 ignominia
575 2243 977 2315 perfun’dantur,
1028 2249 1082 2296 et
1108 2241 1448 2304 irrideantur,
1493 2246 1655 2308 atque
1705 2244 1764 2291 ut

167 2353 488 2395 communes
503 2336 648 2392 orbis
669 2335 899 2390 universi
923 2334 1104 2389 hostes
1127 2333 1321 2402 ubique
1342 2331 1759 2402 conspiciantur.

169 2432 296 2488 llaec
342 2430 710 2486 insidiatorum
737 2428 952 2500 praemia
991 2435 1153 2481 sunt:
1199 2425 1286 2481 hic
1317 2425 1575 2480 bellorum
1619 2423 1763 2478 linis.

170 2525 353 2593 Papa),
399 2529 591 2591 quanta
635 2535 724 2576 res
771 2529 855 2576 est
899 2518 1088 2582 virtus,
1117 2525 1171 2573 et
1212 2517 1552 2588 pra‘sentium
1583 2529 1762 2570 rerum

168 2612 528 2682 conitemptio!
558 2625 650 2681 per
671 2609 892 2666 insidias
918 2609 1064 2664 lucra
1095 2616 1390 2678 comparat,
1425 2597 1518 2676 per
1539 2605 1764 2660 insidia-

170 2718 317 2764 tores
370 2721 622 2762 coronam
670 2702 1033 2774 consequitur;
1065 2717 1160 2772 per
1203 2715 1297 2756 eos
1327 2715 1356 2754 a
1389 2699 1578 2768 quibus
1626 2697 1766 2753 male

170 2800 477 2863 mulctatur,
507 2797 766 2851 illustrius
811 2793 1089 2865 Splendet;
1122 2808 1216 2862 per
1244 2806 1338 2847 eos
1362 2791 1450 2860 qui
1473 2791 1574 2844 hoc
1606 2795 1768 2859 agunt

169 2904 232 2945 ac
277 2888 590 2954 moliuntur,
635 2896 692 2941 ut
728 2885 897 2955 ipsam
927 2883 1199 2954 dejiciant,
1247 2882 1493 2937 homines
1535 2881 1616 2936 sui
1646 2889 1762 2935 stu-

170 2982 355 3036 diosus
389 2979 672 3044 ﬁrmiores,
717 2977 1075 3040 sublimiores,
1105 2975 1329 3030 invictos
1354 2983 1408 3029 et
1433 2975 1766 3044 inexpugna-

171 3076 307 3130 biles
337 3073 532 3138 reddit,
585 3087 694 3127 non
735 3071 954 3136 lanceis,
995 3085 1102 3125 non
1139 3067 1433 3136 mmnibus,
1461 3084 1567 3123 non
1607 3067 1764 3138 vallo,

170 3183 278 3223 non
335 3164 592 3232 turribus,
620 3179 726 3219 non
773 3162 1034 3233 pecuniis,
1073 3176 1179 3217 non
1210 3159 1529 3217 militaribus
1571 3160 1764 3230 copiis,

170 3259 269 3314 sed
297 3259 452 3313 firma
482 3264 684 3313 tantum
709 3255 981 3310 voluntate
1007 3255 1279 3324 animique
1303 3255 1607 3308 constantia
1633 3254 1769 3322 epus

173 3351 436 3406 habentes
458 3365 478 3405 :
506 3364 568 3403 ac
590 3347 818 3418 denique
843 3346 1102 3402 humanas
1128 3361 1314 3402 omnes
1340 3343 1562 3399 insidias
1582 3342 1762 3398 vincit.

242 3443 299 3497 2.
332 3441 492 3497 Illam
516 3442 598 3496 cui
615 3441 814 3508 scribit,
840 3449 896 3494 ut
929 3441 1050 3512 forti
1086 3439 1255 3492 animo
1282 3437 1346 3492 sit
1370 3438 1620 3491 hortatur.
1655 3433 1771 3488 Hu-

169 3552 347 3591 mana:
379 3534 635 3607 felicitatis
659 3534 873 3587 vanitas.
901 3561 975 3573 ——
1004 3531 1128 3585 Hrec
1159 3530 1336 3600 igitur,
1370 3527 1766 3598 religiosissima

170 3628 399 3684 domina
427 3640 543 3682 mea
563 3669 578 3694 ,
610 3634 721 3680 tum
752 3624 845 3680 tibi
871 3624 1001 3693 ipsi,
1029 3630 1142 3676 tum
1166 3621 1232 3676 iis
1268 3636 1388 3691 qua:
1427 3628 1600 3674 tecum
1629 3634 1770 3690 prae-

169 3722 386 3777 clarum
411 3719 513 3774 hoc
542 3728 811 3774 certamen
839 3717 1061 3784 obeunt,
1088 3715 1361 3780 accinens,
1384 3713 1451 3768 da
1475 3727 1692 3784 Operam
1712 3719 1772 3766 ut

170 3813 418 3868 omnium
447 3811 653 3866 animos
681 3811 855 3879 erigas
871 3851 886 3875 ,
911 3817 1162 3877 tuamque
1182 3807 1350 3861 aciem
1376 3806 1606 3860 instruas
1627 3845 1642 3868 ,
1663 3818 1770 3874 quo

172 3907 277 3960 tibi
320 3903 521 3974 duplex
550 3914 604 3959 et
633 3903 825 3973 triplex
845 3943 859 3967 ,
888 3917 952 3956 ac
978 3902 1147 3955 multo
1173 3900 1333 3955 etiam
1365 3897 1632 3968 copiosior
1657 3897 1768 3950 vir-

171 3998 310 4053 tutis
334 4010 531 4051 corona
557 4003 913 4063 comparetur,
946 4002 1052 4047 tam
1081 4007 1177 4062 per
1200 4006 1261 4046 ea
1287 4005 1407 4060 qua:
1436 3989 1550 4059 ipsa
1575 4003 1768 4058 perpe-

173 4089 312 4144 teris
334 4130 350 4151 ,
378 4101 536 4156 quam
559 4084 680 4156 quia
709 4085 846 4138 alios
881 4083 948 4138 ad
977 4083 1166 4138 eadem
1196 4079 1471 4136 subeunda
1500 4079 1732 4150 impellis
1751 4119 1768 4145 ,

171 4193 382 4250 eosque
406 4177 624 4233 adducis
655 4186 710 4230 ut
739 4176 928 4231 leviter
953 4190 1016 4230 ac
1041 4173 1246 4244 placide
1271 4173 1449 4228 omnia
1479 4171 1685 4236 ferant,
1717 4177 1773 4225 et

171 4275 400 4329 umbras
423 4277 800 4332 contemnant,
823 4276 982 4339 atque
1009 4266 1398 4321 insomniorum
1420 4265 1770 4334 imposturam

168 4369 554 4435 aspernentur,
601 4376 665 4417 ac
704 4363 875 4417 lutum
931 4358 1273 4430 proculcent,
1305 4357 1614 4426 nullamque
1643 4355 1772 4408 fumi

170 4457 444 4513 rationem
491 4454 753 4516 habeant,
800 4467 901 4507 nec
951 4465 1269 4505 aranearum
1319 4448 1456 4503 telas
1510 4446 1772 4501 molestia:

170 4549 471 4621 quidquam
493 4547 645 4602 vobis
663 4545 858 4601 aﬂ‘erre
877 4545 1217 4609 existiment,
1246 4541 1556 4611 fumumque
1584 4549 1772 4612 putre-

170 4641 288 4696 dini
319 4637 610 4694 obnoxium
656 4643 998 4707 prmtereant.
1045 4635 1178 4690 Nam
1219 4634 1466 4688 humanae
1507 4632 1774 4688 felicitatis

174 4732 393 4787 vanitas
420 4729 473 4785 id
499 4743 658 4784 omne
686 4737 769 4784 est
787 4771 802 4795 ,
850 4737 1011 4799 atque
1038 4727 1174 4782 adeo
1216 4726 1299 4782 bis
1323 4725 1573 4781 omnibus
1611 4725 1774 4781 rebus

169 4826 359 4880 vilior.
392 4825 500 4879 Nec
529 4823 682 4879 facile
710 4824 990 4894 quisquam
1040 4821 1383 4878 simulacrum
1415 4821 1582 4876 ullum
1614 4837 1774 4893 repe-

169 4919 286 4971 rire
307 4925 503 4986 queat,
524 4915 664 4985 quod
684 4915 849 4984 ipsius
873 4914 1160 4968 vanitatem
1189 4922 1374 4970 exacte
1401 4922 1767 4984 repraesentet.

168 5006 454 5079 Siquidem
501 5015 697 5077 praeter
725 5007 863 5062 hanc
891 5007 1182 5060 vanitatem
1211 5005 1354 5061 haud
1379 5021 1598 5076 parvum
1629 5007 1773 5061 insu-

170 5120 272 5177 per
318 5103 386 5157 iis
426 5103 520 5174 qui
560 5103 661 5174 ipsi
701 5103 908 5158 inhiant
933 5101 1312 5158 detrimentum
1341 5100 1535 5168 affert,
1585 5116 1690 5156 non
1720 5101 1773 5156 in

173 5199 363 5251 futuro
401 5195 679 5251 dumtaxat
723 5210 869 5261 arvo,
901 5195 996 5251 sed
1041 5193 1201 5251 etiam
1232 5194 1286 5248 in
1335 5194 1585 5264 prazsenti
1629 5195 1770 5262 vita,

171 5300 343 5359 atque
371 5287 615 5358 ipsismet
641 5287 802 5344 etiam
829 5288 1040 5353 diebus,
1066 5287 1259 5357 quibus
1278 5301 1470 5356 magna
1501 5285 1601 5342 sibi
1623 5301 1688 5341 ex
1711 5287 1775 5342 iis

173 5381 456 5450 voluptate
475 5379 615 5436 affici
636 5380 903 5436 videntur.
926 5379 1388 5447 Quemadmodum
1410 5379 1552 5434 enim
1581 5378 1772 5446 virtus,

173 5483 290 5527 tum
314 5472 478 5528 etiam
501 5487 622 5528 cum
650 5472 847 5528 bellum
877 5473 1134 5528 adversus
1156 5485 1274 5526 eam
1303 5470 1525 5541 geritur,
1544 5470 1777 5525 exsultat

167 5572 226 5617 et
258 5566 454 5633 floret,
481 5581 545 5622 ac
574 5565 904 5636 splendidius
929 5565 1072 5623 lucet
1104 5585 1118 5621 :
1163 5565 1352 5621 eodem
1381 5563 1543 5620 modo
1569 5566 1774 5635 impro-

167 5658 317 5717 bitas
338 5699 353 5724 ,
384 5668 496 5714 tum
517 5659 682 5714 etiam
711 5673 831 5714 cum
856 5660 1047 5715 colitur
1066 5665 1224 5729 atque
1243 5657 1579 5723 observatur,
1608 5655 1779 5712 imbe-

178 5749 461 5806 cillitatem
507 5765 661 5806 suam
695 5751 902 5820 prodit,
933 5758 1093 5821 atque
1122 5750 1390 5820 ingentem
1429 5750 1630 5815 risum,
1683 5763 1776 5804 co-

183 5847 551 5918 mmdiamque
595 5844 742 5900 omni
791 5844 1056 5901 sermonis
1121 5843 1374 5902 facultate
1434 5844 1767 5915 superiorem

1633 383 2009 442 EPISTOLzE.

3349 391 3454 448 598

1862 499 2117 554 ostendit.
2146 499 2284 567 Quid
2313 500 2456 556 enim
2476 541 2491 568 ,
2519 515 2731 571 quaeso,
2764 500 2931 558 Caino
2958 501 3312 559 miserabilius
3333 502 3453 572 fuit,

1858 606 1924 648 eo
1949 593 2109 647 etiam
2136 601 2378 663 tempore
2405 610 2510 664 quo
2554 593 2772 649 fratrem
2817 595 3012 650 vicisse
3055 611 3120 649 ac
3168 611 3455 665 superasse

1859 693 2022 755 atque
2083 685 2319 756 iniquam
2372 687 2516 741 illam
2577 695 2632 741 et
2685 687 3075 742 cxsccrandam
3127 688 3456 744 iracundiam

1859 778 2129 848 animique
2176 780 2590 835 concitationem
2635 780 2936 849 explevisse
2973 781 3298 836 videbatur?
3327 781 3454 852 quid

1861 867 2119 938 impurius
2144 870 2328 924 dextra
2353 869 2475 935 illa,
2519 886 2639 940 qum
2663 870 2856 924 vicisse
2892 870 3004 924 visa
3045 870 3193 924 fuit?
3235 871 3453 937 dextra,

1862 962 2076 1032 inquam
2103 1004 2118 1028 ,
2151 977 2272 1032 qua:
2311 963 2519 1032 plagam
2551 960 2817 1016 inflixerat
2852 969 2908 1016 et
2951 962 3151 1018 aedem
3184 973 3456 1032 perpetra-

1861 1062 1946 1107 rat
1974 1053 2142 1122 ?quid
2172 1053 2462 1109 foedissima
2496 1054 2582 1107 illa
2619 1053 2795 1123 lingua
2816 1095 2831 1119 ,
2860 1069 2977 1122 quae
3008 1053 3244 1108 fraudem
3274 1063 3459 1110 texue-

1861 1152 1976 1208 rat,
2001 1153 2055 1199 et
2088 1145 2308 1216 laqueos
2345 1145 2680 1214 expanderat
2705 1145 2728 1197 ?
2753 1143 2888 1210 Quid
2915 1154 3092 1199 autem
3121 1145 3363 1199 membra
3391 1161 3454 1199 ea

1860 1250 2258 1301 commemoro,
2289 1253 2410 1307 qua:
2438 1237 2638 1292 caedem
2667 1237 2992 1291 admiserant
3027 1237 3051 1291 τ
3087 1237 3218 1291 Nam
3259 1253 3455 1307 corpus

1861 1328 2172 1384 universum
2227 1329 2657 1396 excruciabatur,
2707 1337 2966 1400 perpetuo
3011 1329 3228 1399 gemitui
3257 1344 3319 1382 ac
3349 1338 3457 1384 trc-

1863 1420 1997 1474 mori
2029 1421 2409 1490 mancipatum.
2440 1419 2485 1475 0
2513 1420 2836 1490 singularem
2869 1435 3046 1475 rerum
3072 1419 3398 1474 novitatem!
3424 1435 3458 1473 o

1863 1512 2230 1567 admirandam
2261 1513 2541 1568 victoriam
2579 1513 2592 1566 !
2632 1528 2664 1566 ο
2703 1528 2898 1566 novum
2946 1512 3133 1581 trepmi
3173 1511 3378 1580 genus!
3410 1510 3458 1564 ls

1863 1606 1953 1675 qui
1982 1605 2329 1660 obtruncatus
2369 1605 2541 1660 fuerat
2563 1645 2577 1667 ,
2609 1613 2772 1674 atque
2807 1603 3071 1658 exanimis
3089 1602 3336 1672 jacebat,
3368 1615 3461 1655 co-

1864 1713 1994 1752 rona
2018 1697 2316 1752 donabatur
2329 1711 2393 1752 ac
2418 1695 2826 1751 celebrabatur:
2860 1696 2948 1764 qui
2976 1704 3154 1749 autem
3184 1694 3384 1748 vicerat
3406 1701 3462 1747 et

1864 1789 2109 1858 superior
2127 1787 2468 1852 discesserat,
2494 1799 2598 1839 non
2626 1785 2785 1839 modo
2812 1799 3026 1838 coronae
3056 1797 3249 1852 expers
3275 1797 3460 1836 mane-

1866 1880 1990 1944 bat,
2019 1896 2204 1935 verum
2235 1880 2339 1933 hoc
2366 1879 2525 1934 etiam
2555 1877 2774 1931 nomine
2801 1875 2852 1930 in
2885 1875 3122 1930 cruciatu
3146 1872 3460 1928 versabatur

1866 1980 1922 2028 et
1943 1969 2276 2026 intolerando
2297 1969 2557 2040 supplicio
2580 1977 2944 2038 perpetuoque
2961 1973 3226 2019 tormento
3246 1962 3460 2017 addice-

1868 2065 2056 2131 batur;
2083 2073 2242 2134 atque
2267 2079 2388 2118 eum
2429 2063 2517 2132 qui
2563 2070 2709 2115 motu
2737 2067 2791 2114 et
2816 2060 2922 2113 vita
2949 2056 3204 2128 prmditus
3232 2061 3346 2110 erat
3366 2094 3382 2119 ,
3414 2052 3460 2107 is

1868 2158 1955 2228 qui
1987 2170 2270 2226 percussus
2299 2153 2473 2210 fuerat
2498 2168 2562 2208 ac
2599 2161 2828 2206 mortem
2856 2149 3153 2219 oppetierat
3172 2188 3186 2212 ,
3217 2161 3338 2200 eum
3369 2143 3460 2214 qui

1869 2249 2207 2320 loquebatur,
2242 2247 2288 2301 is
2306 2245 2396 2316 qui
2422 2246 2568 2299 vocis
2595 2257 2787 2312 expers
2811 2248 2957 2307 erat,
2996 2237 3280 2293 accusabat
3312 2252 3324 2288 :
3351 2235 3462 2288 imo

1870 2355 2002 2395 vero
2031 2353 2100 2393 ne
2143 2347 2384 2392 tnortuus
2429 2335 2644 2406 quidem
2699 2333 2851 2403 ipse,
2881 2345 3068 2384 verum
3112 2337 3167 2384 et
3207 2325 3460 2396 sanguis,

1870 2432 2032 2486 etiam
2053 2444 2081 2482 a
2111 2442 2336 2498 corpore
2362 2427 2638 2496 sejunctus
2657 2463 2673 2489 ,
2707 2422 2770 2477 ad
2799 2438 2919 2478 eam
2949 2436 3062 2476 rem
3084 2419 3167 2474 vel
3197 2416 3345 2473 solus
3365 2415 3465 2469 suf-

1871 2523 2106 2579 ficiebat.
2139 2521 2309 2577 Tanta
2338 2519 2612 2574 hominum
2637 2518 2840 2572 virtute
2892 2514 3236 2585 prmditorum
3259 2552 3275 2578 ,
3303 2512 3465 2566 etiam

1870 2625 2241 2680 mortuorum,
2294 2615 2375 2668 vis
2425 2621 2510 2668 est
2551 2615 2564 2668 !
2599 2620 2744 2667 tanta
2789 2625 3007 2666 rursum
3061 2608 3462 2678 improborum,

1871 2708 2032 2762 etiam
2062 2707 2357 2763 viventium
2376 2747 2390 2771 ,
2420 2706 2634 2760 miseria
2664 2705 2677 2759 !
2712 2705 2880 2758 Porro
2905 2717 3027 2757 eum
3061 2702 3112 2756 in
3156 2701 3274 2770 ipso
3294 2705 3467 2754 certa-

1871 2797 2018 2854 mine
2048 2805 2193 2852 tanta
2237 2797 2454 2868 prmmia
2501 2797 2646 2862 sint,
2686 2795 2889 2864 cogites
2933 2793 3090 2847 velim
3122 2798 3316 2860 quanta
3344 2795 3468 2857 post

1872 2889 2165 2946 certamina
2212 2901 2423 2942 merces
2467 2887 2638 2940 futura
2670 2885 2773 2951 sit,
2801 2899 2923 2938 eum
2956 2883 3056 2953 piis
3086 2881 3214 2934 viris
3244 2875 3464 2949 prmmia

1872 2978 2196 3046 referentur,
2229 2993 2292 3033 ac
2317 2977 2455 3033 bona
2484 2975 2570 3030 illa
2593 2990 2712 3045 quae
2737 2988 2950 3028 omnem
2974 2985 3276 3026 sermonem
3304 2981 3463 3036 supe-

1871 3082 2028 3140 rant,
2060 3073 2190 3144 ipsis
2221 3069 2718 3142 suppeditabuntur.
2750 3066 3003 3122 Molestia:
3022 3077 3256 3130 namque
3277 3103 3290 3128 ,
3313 3073 3466 3130 qua:-

1879 3181 2109 3236 cumque
2139 3163 2352 3220 tandem
2395 3163 2501 3216 illa:
2532 3160 2758 3225 fuerint,
2788 3159 2854 3213 ab
2883 3156 3186 3212 hominibus
3233 3152 3470 3208 inferun-

1875 3269 1963 3315 tur
2000 3277 2015 3316 :
2058 3271 2122 3312 ac
2165 3254 2387 3328 proinde
2414 3253 2752 3310 inferentium
2775 3251 3032 3305 vilitatem
3077 3247 3386 3309 imitantur;
3416 3249 3470 3295 at

1875 3349 2016 3405 dona
2058 3355 2113 3404 et
2142 3345 2360 3418 praemia
2387 3360 2419 3400 a
2466 3345 2576 3399 Deo
2605 3343 2912 3398 tribuuntur
2941 3358 2954 3395 :
2985 3339 3054 3392 ob
3106 3335 3270 3406 idque
3307 3333 3469 3390 etiam

1873 3440 2138 3514 ejusmodi
2175 3447 2334 3506 sunt,
2363 3437 2541 3508 qualia
2568 3451 2630 3491 ea
2660 3450 2782 3491 esse
2829 3448 2924 3504 par
2947 3439 3062 3496 est,
3101 3445 3220 3499 quae
3263 3427 3331 3480 ab
3381 3424 3469 3478 illa

1877 3533 2130 3589 ineffabili
2179 3527 2540 3586 munificentia
2571 3526 2958 3583 conceduntur.
2989 3521 3169 3578 Gaude
3221 3519 3380 3590 igitur
3417 3523 3472 3570 et

1875 3626 2059 3681 laetare
2077 3666 2093 3690 ,
2124 3622 2344 3679 corollis
2370 3629 2529 3690 caput
2547 3619 2863 3681 redimiens,
2892 3630 2954 3669 ac
2976 3610 3344 3681 triumphans,
3365 3606 3467 3660 b0-

1875 3719 2145 3786 stiumque
2174 3713 2390 3768 aculeos
2410 3710 2578 3780 magis
2609 3708 2923 3779 proculcans
2940 3745 2959 3771 ,
2982 3718 3141 3774 quam
3169 3701 3334 3754 lutum
3354 3696 3467 3752 alii.

1877 3810 1956 3865 Ac
1975 3807 2043 3863 de
2073 3815 2162 3860 tua
2188 3802 2498 3860 valetudine
2517 3815 2676 3871 quam
2719 3796 3044 3852 creberrime
3093 3793 3175 3846 fac
3226 3803 3324 3844 nos
3360 3802 3471 3841 cer-

1878 3903 2078 3969 tiores,
2124 3908 2184 3955 ut
2230 3898 2354 3952 hinc
2402 3911 2615 3967 quoque
2667 3895 2938 3964 ingentem
2999 3888 3324 3957 voluptatem
3381 3896 3471 3936 ca-

1877 3999 2113 4069 piamus.
2153 3993 2270 4049 Non
2322 3990 2467 4046 enim
2498 3998 2549 4044 te
2576 3987 2708 4058 fugit
2736 3999 2942 4056 magnae
2974 3981 3166 4046 nobis,
3216 3978 3376 4034 etiam
3416 3975 3472 4028 in

1876 4068 2164 4144 Solitudine
2188 4125 2203 4151 ,
2243 4098 2365 4140 eam
2402 4096 2517 4138 rem
2557 4076 2909 4135 consolationi
2949 4075 3064 4128 fore
3087 4113 3105 4140 ,
3131 4086 3251 4126 cum
3279 4068 3346 4123 de
3379 4075 3473 4121 tua

1878 4182 2108 4238 sanitate
2149 4169 2312 4250 quam
2354 4173 2651 4246 saepissime
2699 4170 2769 4226 ad
2811 4184 2908 4225 nos
2943 4168 3111 4222 literae
3159 4163 3471 4218 afferentur.

1881 4274 2032 4329 Vale.

2021 4363 2104 4418 Ad
2130 4361 2357 4418 eamdem
2381 4357 2595 4431 epistola
2628 4355 2727 4410 VI.
2755 4353 2992 4427 (Cucuso
3019 4364 3161 4406 anno
3180 4345 3335 4416 405.)

1891 4523 1895 4528 ν
1954 4458 2006 4512 l.
2028 4457 2111 4512 Ab
2131 4456 2264 4526 ipsis
2280 4454 2469 4509 mortis
2483 4451 2663 4523 januis
2682 4458 2964 4505 revocatus
2976 4446 3092 4500 haec
3113 4443 3179 4497 ad
3199 4451 3248 4496 te
3265 4438 3478 4494 scribo:

1881 4565 2052 4622 eoque
2074 4550 2236 4604 etiam
2258 4547 2474 4602 nomine
2497 4557 2692 4615 pueros
2719 4551 2840 4596 tuos
2867 4553 3009 4595 nunc
3034 4537 3266 4604 denique
3290 4531 3356 4586 ad
3381 4544 3478 4583 nos

1881 4618 2209 4706 accessisse,
2239 4638 2590 4694 vehementer
2625 4633 2839 4704 gavisus
2881 4644 3034 4694 sum,
3085 4641 3208 4680 cum
3245 4623 3356 4693 jam
3409 4618 3475 4673 ad

1882 4742 2093 4804 portum
2123 4729 2536 4802 appelleremus.
2579 4724 2714 4780 Nam
2759 4723 2804 4777 si
2845 4720 3003 4785 mihi,
3038 4733 3160 4773 cum
3208 4715 3386 4770 adhuc
3424 4713 3475 4768 in

1881 4823 2018 4880 mari
2035 4822 2295 4893 jactarer,
2317 4831 2612 4891 gravesque
2637 4816 2809 4871 morbi
2837 4815 3030 4870 fluctus
3071 4818 3438 4880 exspectarem
3460 4845 3477 4872 ,

1881 4915 2264 4980 occurrissent,
2293 4913 2545 4983 pietatem
2589 4918 2734 4965 tuam
2773 4908 2956 4962 fallere
2997 4904 3130 4960 mihi
3168 4918 3275 4958 non
3323 4899 3480 4955 facile

1883 5008 2100 5076 fuisset,
2127 5006 2248 5062 laeta
2269 5019 2366 5075 pro
2391 5003 2632 5059 tristibus
2651 4999 2936 5074 nuntianti.
2969 4999 3152 5054 lliems
3179 4996 3320 5052 enim
3351 5007 3477 5064 gra-

1881 5101 1999 5156 vior
2023 5113 2184 5171 quam
2212 5097 2423 5154 solebat
2463 5104 2684 5163 exorta,
2723 5094 3022 5165 graviorem
3059 5104 3273 5162 quoque
3323 5085 3479 5142 nobis

1882 5194 2144 5251 stomachi
2176 5192 2407 5248 hiemem
2429 5190 2678 5246 invexit':
2717 5187 2989 5256 nihiloque
3017 5185 3208 5240 melius
3235 5195 3302 5235 ac
3323 5193 3475 5234 com-

1882 5285 2095 5341 modius
2113 5326 2128 5350 ,
2155 5299 2315 5354 quam
2337 5281 2428 5353 qui
2462 5289 2692 5336 mortem
2732 5277 3017 5342 obierunt,
3040 5277 3148 5330 imo
3177 5272 3336 5328 etiam
3357 5283 3480 5339 gra-

1882 5377 2032 5445 vius,
2063 5377 2162 5432 hos
2188 5375 2324 5430 duos
2361 5387 2574 5428 menses
2599 5369 2828 5427 confeci.
2858 5369 3126 5424 Hactenus
3153 5365 3296 5419 enim
3343 5363 3478 5415 lucis

1882 5468 2043 5541 hujus
2084 5482 2243 5523 usura
2291 5465 2532 5532 fruebar,
2579 5473 2638 5520 ut
2683 5464 2977 5528 malorum,
3006 5459 3197 5532 quibus
3241 5455 3479 5524 undique

1883 5561 2154 5632 cingebar,
2187 5573 2346 5614 sensu
2363 5556 2638 5625 afticcrer;
2661 5554 2947 5624 omniaque
2968 5551 3097 5606 mihi
3121 5547 3293 5603 noctis
3309 5547 3478 5599 instar

1883 5663 2037 5714 erant
2055 5696 2070 5721 ,
2093 5654 2196 5709 hoc
2221 5661 2304 5709 est
2325 5661 2430 5707 tam
2455 5651 2571 5706 dies
2590 5693 2604 5716 ,
2635 5665 2793 5721 quam
2822 5645 3145 5707 diluculum,
3172 5649 3333 5710 atque
3365 5639 3479 5708 ipsa

1882 5747 2174 5804 meridies:
2205 5753 2452 5814 totosque
2480 5743 2596 5798 dies
2615 5725 2756 5797 lecto
2772 5737 2961 5793 affixus
2987 5734 3262 5803 cxigebam
3285 5747 3300 5796 ;
3323 5744 3477 5784 cum-

1892 5855 1996 5913 que
2017 5839 2327 5896 innumeras
2369 5836 2606 5892 rationes
2649 5830 3106 5895 comminisccrcr,
3148 5828 3478 5881 contractqu
