3906 6400
459 409 563 468 ἔξω

463 537 638 581 tamen
692 540 758 582 ex
805 526 1066 581 acerrimo
1117 521 1312 593 frigore
1357 520 1734 575 detrimentum
1775 515 2049 586 haudqua-

464 633 620 688 quam
651 626 902 673 excutere
933 626 1166 685 poteram
1199 630 1214 667 :
1247 612 1490 682 quamvis
1517 610 1658 666 enim
1683 609 1856 678 ignem
1884 607 2047 662 etiam

465 710 848 775 accenderem,
878 718 932 763 et
957 707 1324 777 gravissimum
1371 703 1573 758 fumum
1617 703 1946 773 perferrem,
1993 708 2048 755 et

465 803 712 858 cubiculo
731 802 968 856 inclusus
989 809 1218 863 tenerer,
1244 797 1619 866 sexcentisquc
1643 795 1831 865 pannis
1851 800 2050 848 memet

462 897 805 950 obvolverem
827 936 842 960 ,
874 908 936 948 ac
958 909 1023 947 ne
1049 893 1210 946 limen
1232 890 1445 960 quidem
1475 888 1734 944 excedere
1763 885 2048 950 auderem,

465 990 812 1043 nihilominus
857 994 1128 1041 extremos
1180 981 1446 1036 cruciatus
1503 978 1740 1050 patiebar
1789 993 1804 1030 :
1855 975 2051 1047 quippe

465 1095 585 1133 eum
618 1079 849 1133 vomitus
884 1075 1113 1131 subinde
1138 1075 1431 1137 orirentur,
1461 1071 1652 1140 capitis
1674 1069 1885 1124 dolores
1903 1109 1918 1134 ,
1947 1066 2051 1121 cibi

467 1169 709 1230 fastidia,
759 1176 1136 1237 perpetuaeque
1189 1165 1399 1234 vigilite.
1454 1161 1636 1218 Noctis
1680 1175 1806 1230 ergo
1837 1158 2052 1228 pelagus

469 1278 641 1332 usque
689 1261 825 1317 adeo
856 1261 1066 1329 longum
1111 1259 1369 1313 insomnis
1413 1255 1707 1322 cxigebam.
1748 1252 1943 1306 Verum
1987 1265 2054 1304 ne

468 1353 955 1408 commemorandis
991 1353 1151 1407 rebus
1196 1351 1437 1405 molestis
1485 1348 1684 1402 diutius
1729 1347 2050 1409 immorans,

469 1447 705 1500 animum
734 1453 880 1499 tuum
911 1459 1094 1498 vexem
1116 1485 1131 1510 ,
1162 1443 1245 1497 his
1273 1440 1520 1496 omnibus
1559 1453 1697 1492 nunc
1721 1435 1928 1490 liberati
1957 1450 2053 1489 su-

471 1552 614 1591 mus.
644 1535 776 1590 Nam
803 1535 1122 1604 simulatque
1144 1549 1239 1588 ver
1263 1532 1460 1594 adfuit,
1492 1541 1649 1599 atque
1675 1530 1866 1597 exigua
1906 1541 2054 1596 quae-

469 1630 593 1683 dam
620 1629 760 1682 aeris
790 1627 1012 1681 mutatio
1035 1625 1283 1695 contigit,
1307 1623 1482 1678 omnia
1511 1629 1703 1692 sponte
1730 1634 1825 1674 sua
1851 1617 2053 1686 dilapsa

472 1730 618 1777 sunt.
657 1723 905 1774 Attamen
937 1734 1126 1789 magna
1168 1717 1296 1771 mihi
1342 1716 1515 1770 adhuc
1543 1715 1594 1768 in
1635 1714 1806 1767 victus
1849 1710 2056 1765 ratione

473 1829 596 1868 cura
619 1828 750 1883 Opus
777 1820 894 1877 est;
921 1827 984 1866 ac
1005 1811 1226 1882 proinde
1255 1825 1473 1881 operam
1503 1808 1573 1862 do
1602 1816 1661 1862 ut
1685 1807 1854 1861 levem
1884 1804 2055 1858 sarci-

476 1921 598 1959 nam
626 1904 904 1960 stomacho
951 1905 1249 1974 imponam,
1303 1916 1409 1972 quo
1455 1915 1572 1956 eam
1619 1899 1772 1954 facile
1813 1897 2056 1966 digerere

471 2007 648 2067 queat.
677 1995 813 2051 Illud
838 2011 967 2051 vero
985 2011 1092 2050 non
1115 1994 1314 2064 vulgari
1341 1991 1702 2047 sollicitudine
1725 2004 1823 2043 nos
1847 1987 2052 2053 affecit,

469 2089 611 2158 quod
635 2098 688 2146 te
715 2098 956 2145 extremo
980 2089 1101 2143 vita:
1129 2088 1315 2156 spiritu
1359 2085 1651 2140 conﬂictari
1681 2083 2054 2138 intelleximus.

467 2180 804 2252 Quamquam
829 2195 924 2250 pro
948 2180 1146 2250 ingenti
1176 2194 1296 2232 meo
1321 2192 1446 2247 erga
1476 2184 1527 2231 te
1555 2189 1737 2229 amore
1777 2187 1841 2228 ac
1875 2187 2056 2228 rerum

470 2281 680 2325 tuarum
703 2286 829 2327 cura
857 2280 911 2326 et
957 2270 1346 2336 sollicitudine,
1375 2275 1657 2337 antequam
1685 2266 1845 2320 etiam
1874 2264 2056 2320 literas

473 2373 594 2418 tuas
613 2364 904 2433 reciperem
925 2403 942 2430 ,
965 2362 1065 2417 hac
1079 2377 1206 2416 cura
1229 2361 1434 2416 solutus
1455 2374 1575 2414 sum
1599 2377 1612 2412 :
1636 2357 1885 2427 permulti
1911 2355 2054 2412 enim

474 2455 633 2511 istinc
660 2456 727 2511 ad
758 2470 856 2511 nos
883 2463 1174 2522 venerunt,
1223 2463 1381 2525 teque
1430 2451 1710 2508 commoda
1753 2450 2058 2506 valetudine

470 2562 592 2603 esse
615 2547 946 2602 nuntiarunt.

545 2635 820 2690 Praesentia
841 2639 954 2690 vita
981 2636 1293 2690 calamitates
1319 2651 1458 2690 mera
1487 2633 1665 2704 fabula
1701 2640 1837 2688 sunt.
1879 2661 1954 2674 —
1979 2632 2057 2687 Ac

471 2743 614 2783 nunc
641 2729 894 2797 majorem
923 2729 981 2782 in
1005 2726 1217 2782 modum
1259 2727 1414 2782 laetor
1441 2733 1495 2781 et
1521 2725 1759 2797 gaudeo,
1789 2737 1898 2778 non
1935 2732 2055 2777 tan-

470 2829 584 2874 tum
611 2821 752 2890 quod
793 2821 981 2875 morbo
1024 2821 1243 2875 liberata
1273 2820 1348 2874 sis
1367 2862 1383 2885 ,
1412 2819 1505 2875 sed
1535 2819 1872 2890 potissimum
1913 2815 2055 2886 quod

471 2926 562 2977 ea,
599 2927 720 2982 quae
762 2912 1040 2976 accidimt,
1071 2911 1206 2966 adeo
1237 2911 1446 2966 fortiter
1481 2926 1545 2966 ac
1592 2925 1851 2982 generose
1880 2909 2050 2975 feras,

472 3004 702 3059 fabulam
752 3005 1000 3059 nimirum
1047 3004 1160 3060 haec
1208 3005 1389 3060 omnia
1419 3019 1654 3070 vocans;
1706 3014 1814 3058 tum
1856 3003 2052 3067 etiam,

469 3095 610 3165 quod
631 3095 800 3165 majus
815 3097 1139 3152 censendum
1165 3106 1268 3164 est,
1286 3097 1407 3168 quia
1429 3098 1588 3152 etiam
1609 3098 1850 3167 corporis
1868 3097 2055 3152 morbo

473 3187 778 3257 hujusmodi
816 3203 1011 3243 nomen
1052 3188 1385 3258 imposuisti,
1415 3188 1555 3258 quod
1583 3187 1796 3257 quidem
1824 3197 2055 3243 strenua:

469 3279 664 3332 anima:
689 3287 772 3332 est
788 3320 803 3343 ,
826 3293 890 3333 ac
916 3277 1241 3333 fortitudinis
1267 3278 1438 3333 fructu
1453 3279 1793 3334 abundantis.
1822 3278 1953 3334 Nam
1976 3280 2057 3333 in-

471 3369 785 3424 commodas
836 3377 890 3424 et
918 3368 1170 3426 adversas
1220 3385 1308 3426 res
1345 3385 1453 3424 non
1497 3369 1658 3426 modo
1705 3369 1823 3424 forti
1875 3370 2055 3425 animo

467 3461 638 3528 ferre,
669 3461 766 3516 sed
795 3477 864 3518 ne
891 3462 1102 3534 quidem
1129 3475 1253 3518 cum
1282 3462 1476 3518 adsunt
1515 3464 1838 3534 persentire,
1867 3478 2052 3519 verum

467 3569 565 3608 eas
588 3569 685 3624 pro
704 3554 870 3610 nihilo
890 3564 1093 3626 putare,
1126 3570 1190 3611 ac
1234 3554 1473 3627 perfacili
1526 3557 1742 3626 negotio
1786 3556 2053 3627 patientia

466 3660 722 3700 coronam
768 3647 990 3717 adipisci
1011 3691 1026 3716 ,
1073 3664 1180 3704 non
1210 3648 1571 3714 laborantem,
1600 3664 1705 3704 non
1735 3649 2014 3705 sudantem
2034 3690 2050 3716 ,

467 3754 578 3794 non
610 3741 818 3812 negotia
839 3742 1123 3798 habentem
1143 3784 1158 3810 ,
1189 3758 1289 3798 nec
1313 3742 1432 3797 aliis
1453 3741 1834 3810 facesscntem,
1866 3757 2051 3798 verum

470 3842 743 3903 tamquam
788 3836 1124 3892 exsilientem
1155 3850 1218 3892 ac
1263 3835 1637 3906 tripudiantem
1659 3878 1674 3902 ,
1709 3835 1811 3891 hoc
1837 3835 2050 3892 demum

467 3925 872 3994 perfectissima:
898 3943 960 3982 ac
980 3929 1216 3983 numeris
1241 3927 1488 3983 omnibus
1527 3927 1786 3983 absolutae
1813 3926 2052 3998 philoso-

469 4017 609 4087 phiae
627 4032 998 4091 argumentum
1020 4031 1121 4076 est.
1146 4021 1270 4076 ideo
1295 4020 1502 4092 gaudeo
1522 4029 1575 4077 et
1603 4020 1833 4086 exsulto,
1859 4035 1922 4076 ac
1942 4036 2052 4091 prae

469 4109 742 4180 voluptate
765 4112 946 4176 volito,
971 4127 1069 4166 nec
1095 4112 1373 4182 praesentis
1395 4111 1695 4166 solitudinis
1711 4119 2054 4188 steterat-um-

467 4217 572 4270 que
599 4217 958 4258 mrumnarum
975 4219 1135 4260 sensu
1162 4205 1386 4269 afficior,
1403 4205 1498 4260 sed
1521 4205 1672 4260 laetor
1695 4221 1759 4261 ac
1783 4207 2053 4276 voluptate

469 4292 789 4363 perfundor,
821 4296 994 4364 deque
1037 4305 1122 4350 tua
1154 4298 1317 4351 animi
1360 4297 1720 4368 magnitudine
1747 4297 2054 4368 crebrisque

467 4383 709 4438 victoriis
731 4385 1076 4441 vehementer
1092 4387 1325 4457 glorior,
1359 4402 1465 4441 non
1507 4396 1593 4442 tua
1623 4387 1926 4455 dumtaxat,
1954 4388 2053 4445 sed

465 4474 625 4528 etiam
659 4490 865 4547 magna:
886 4477 1024 4534 illius
1044 4493 1108 4533 ac
1135 4478 1584 4534 numerosissima:
1610 4479 1838 4534 civitatis
1866 4493 2048 4546 causa,

466 4565 550 4619 cui
581 4566 740 4621 etiam
768 4567 932 4622 turris
960 4577 1013 4622 et
1039 4578 1223 4639 portus
1252 4583 1314 4625 ac
1341 4571 1477 4624 muri
1508 4570 1629 4626 loco
1655 4571 1939 4634 exstitisti,
1969 4570 2051 4624 lu-

465 4658 735 4714 culentam
767 4675 868 4730 per
892 4676 978 4715 res
999 4661 1140 4731 ipsas
1169 4677 1354 4717 vocem
1383 4663 1632 4718 emittens
1651 4705 1667 4731 ,
1686 4671 1846 4732 atque
1870 4663 1922 4717 in
1947 4663 2050 4717 tuis

466 4749 857 4807 calamitatibus
880 4763 1164 4824 utrumque
1186 4753 1460 4841 hominum
1483 4769 1652 4825 genus
1681 4755 1927 4809 erudiens
1946 4795 1962 4822 ,
1991 4761 2051 4808 ut

465 4841 534 4893 ad
564 4841 867 4910 hujusmodi
895 4849 1184 4901 certamina
1207 4855 1454 4916 prompte
1483 4856 1642 4917 atque
1679 4847 1904 4917 impigre
1932 4862 2052 4903 sese

467 4933 747 5003 accingunt
765 4978 779 5001 ,
807 4952 874 4992 ac
901 4953 1019 4994 cum
1045 4941 1189 4995 omni
1219 4941 1382 4995 animi
1414 4939 1722 4994 fortitudine
1751 4940 1802 4995 in
1832 4955 2052 4995 arenam

468 5025 830 5096 descendant,
861 5029 1223 5104 collectosque
1245 5047 1314 5088 ex
1343 5031 1644 5101 hujusmodi
1674 5032 2053 5088 certaminibus

467 5115 692 5172 sudores
734 5117 889 5176 facile
936 5122 1128 5178 ferant.
1159 5123 1417 5195 Quodque
1447 5123 1690 5178 mirabile
1717 5133 1835 5190 est,
1863 5139 1968 5178 non
1999 5124 2051 5178 in

467 5205 642 5262 forum
670 5216 721 5264 te
741 5210 1004 5281 injiciens,
1025 5230 1125 5271 nec
1145 5217 1196 5270 in
1215 5217 1441 5272 mediam
1455 5217 1723 5272 civitatem
1747 5231 2049 5288 progressa,

466 5301 562 5356 sed
589 5301 643 5356 in
673 5303 865 5375 exiguo
891 5307 1134 5362 cubiculo
1155 5323 1219 5365 ac
1245 5310 1480 5364 thalamo
1511 5311 1703 5365 sedens
1723 5353 1736 5375 ,
1765 5310 1832 5366 iis
1851 5311 1940 5382 qui
1961 5311 2055 5365 ad-

467 5402 592 5448 sunt
610 5395 855 5450 animum
887 5397 1070 5466 addis,
1094 5415 1294 5471 eosque
1319 5402 1385 5457 ad
1415 5411 1687 5458 certamen
1718 5403 1904 5468 acuis,
1935 5418 2052 5457 ma-

466 5485 617 5555 rique
649 5486 718 5540 ita
742 5487 978 5557 furente,
1009 5505 1072 5545 ac
1101 5491 1349 5548 fluctibus
1373 5495 1508 5550 adeo
1537 5495 2016 5549 intumescentibus
2034 5533 2051 5560 ,

464 5578 801 5649 scopulisque
830 5591 880 5636 et
903 5582 1192 5639 latentibus
1217 5585 1316 5640 sub
1341 5585 1480 5640 unda
1510 5586 1654 5640 saxis
1682 5595 1738 5642 et
1765 5585 1959 5656 petris,
1989 5599 2054 5640 ac

463 5669 782 5726 truculentis
814 5672 1005 5729 belluis
1033 5675 1266 5746 undique
1296 5690 1416 5731 sese
1436 5676 1864 5745 ostendentibus,
1892 5686 2055 5748 atque

461 5757 719 5815 altissima
750 5773 906 5817 nocte
943 5775 1135 5820 cuncta
1181 5775 1510 5836 occupante,
1559 5775 1648 5831 tu,
1695 5768 1842 5822 velut
1888 5768 2054 5823 meri-

466 5853 626 5908 diano
667 5865 722 5910 et
769 5858 1052 5926 tranquillo
1098 5868 1376 5926 tempore,
1426 5867 1692 5929 ventoque
1735 5861 1800 5916 ad
1833 5863 2049 5933 puppim

1206 406 1263 466 S.
1301 398 2073 464 JO.\NNlS.CllRYSOSTO.\iI
2111 397 2429 455 ARCHIEP.
2469 397 3003 454 CONS'fANTINUP.

3639 400 3756 456 660

2156 531 2359 597 ﬂante,
2415 531 2493 586 sic
2545 533 2795 602 expansis
2846 531 3114 602 patientia:
3171 533 3307 588 velis
3354 549 3567 589 summa
3627 549 3756 590 cum

2152 622 2404 679 facilitate
2443 623 2696 694 navigas,
2741 633 3054 694 tantumque
3091 623 3157 678 ab
3196 639 3262 679 eo
3311 625 3442 679 abes
3490 634 3550 680 ut
3602 631 3760 697 gravi

2155 716 2253 770 hac
2270 725 2585 785 tempestate
2604 716 2865 782 obruaris,
2893 727 2951 771 ut
2969 733 3035 771 ne
3052 717 3238 772 leviter
3259 718 3473 787 quidem
3493 733 3760 789 asperga-

2154 807 2228 862 ris
2260 825 2274 861 :
2307 807 2464 878 idque
2489 823 2618 863 sane
2640 809 2867 862 merito:
2894 808 3200 878 hujusmodi
3221 810 3362 864 enim
3386 819 3512 863 sunt
3537 808 3762 864 virtutis

2153 899 2533 972 gubernacula.
2578 899 2646 954 Et
2671 899 2883 969 quidem
2907 908 3233 955 mercatores
3253 909 3307 956 et
3328 899 3756 969 gubernatores,

2153 1007 2217 1048 ac
2243 1000 2440 1056 nautae,
2471 1003 2522 1047 et
2551 1001 2814 1058 vectores,
2847 1008 2969 1048 cum
3013 995 3233 1048 nubium
3280 1007 3638 1057 concursum,
3669 1003 3762 1046 aut

2155 1098 2416 1137 satvorum
2434 1092 2486 1138 et
2501 1082 2812 1137 immanium
2839 1094 3117 1138 ventorum
3132 1084 3410 1154 impetum,
3429 1083 3763 1154 rapidasque

2157 1175 2348 1230 fluctus
2393 1176 2652 1245 majorem
2693 1176 2746 1230 in
2775 1177 2991 1230 modum
3036 1188 3344 1246 spumantes
3387 1177 3758 1246 conspiciunt,

2156 1281 2319 1320 naves
2349 1266 2482 1320 intra
2516 1276 2724 1336 portum
2755 1268 3052 1321 continent.
3074 1267 3226 1334 Quod
3253 1267 3296 1322 si
3327 1267 3492 1322 etiam
3521 1265 3760 1322 fortasse

2158 1356 2208 1409 in
2237 1357 2368 1412 mari
2387 1357 2678 1427 jactentur,
2705 1358 2917 1428 quidvis
2937 1357 3133 1412 faciunt
3152 1373 3216 1412 ac
3244 1358 3576 1423 moliuntur,
3610 1367 3670 1411 ut
3694 1358 3760 1411 ad

2157 1448 2326 1516 littus,
2367 1457 2459 1502 aut
2487 1449 2745 1516 insulam,
2771 1449 3046 1519 autripam
3077 1449 3307 1518 aliquam
3338 1448 3524 1502 navim
3564 1449 3758 1518 appel-

2156 1539 2286 1593 lunt.
2317 1540 2478 1607 Attu,
2508 1555 2630 1594 cum
2657 1539 2894 1594 sexcenti
2926 1540 3089 1606 venti,
3113 1554 3233 1594 cum
3259 1547 3337 1593 tot
3359 1539 3630 1593 immanes
3654 1538 3756 1592 ﬂu-

2155 1643 2275 1688 ctus
2297 1633 2442 1688 omni
2468 1649 2534 1688 ex
2575 1641 2722 1703 parte
2743 1632 2884 1686 inter
2907 1646 2966 1686 se
2996 1631 3333 1696 collidantur,
3361 1646 3484 1686 cum
3509 1646 3662 1685 mare
3691 1631 3757 1685 ab

2159 1725 2278 1780 imis
2309 1740 2473 1796 usque
2493 1725 2784 1795 gurgitibus
2803 1723 2872 1778 ob
2911 1723 3239 1792 tempestatis
3258 1723 3610 1776 acerbitatem
3635 1739 3754 1777 sur-

2158 1832 2276 1873 sum
2308 1827 2570 1888 erumpat,
2605 1827 2764 1888 atque
2784 1817 2873 1871 alii
2915 1831 3124 1887 pessum
3154 1817 3340 1883 ierint,
3382 1817 3472 1870 alii
3503 1817 3753 1872 exstincti

2157 1922 2317 1980 supra
2345 1908 2513 1964 undas
2541 1910 2829 1972 emineant,
2863 1909 3043 1963 caeteri
3089 1908 3142 1962 in
3185 1907 3361 1962 tabula
3395 1907 3528 1962 nudi
3575 1909 3752 1964 feran-

2159 2009 2279 2065 tur;
2317 2000 2426 2070 ipsa
2455 2000 2508 2054 in
2541 1999 2774 2054 medium
2804 2000 3063 2053 malorum
3091 1999 3306 2068 pelagus
3334 1999 3605 2063 insiliens,
3636 2015 3753 2053 om-

2158 2094 2245 2147 nia
2275 2093 2390 2148 hzee
2424 2091 2655 2148 fabulam
2681 2092 2939 2164 appellas,
2963 2107 3220 2162 prospero
3246 2107 3406 2147 cursu
3446 2093 3501 2146 in
3548 2102 3752 2162 tempe-

2159 2194 2297 2240 state
2314 2185 2565 2256 navigans
2584 2201 2596 2238 :
2617 2199 2790 2254 neque
2806 2183 2857 2238 id
2880 2183 3094 2238 mirum.
3117 2181 3378 2237 Navarchi
3399 2183 3566 2248 enim,
3590 2199 3756 2254 quan-

2160 2276 2354 2329 tumvis
2400 2275 2676 2331 scientiam
2707 2274 2850 2328 illam
2882 2281 3118 2340 teneant,
3161 2281 3332 2328 artem
3365 2284 3550 2328 tamen
3572 2315 3588 2340 ,
3655 2287 3756 2343 qua

2158 2368 2305 2421 omni
2356 2366 2660 2437 tempestati
2719 2365 3075 2434 reluctentur,
3121 2379 3229 2420 non
3270 2364 3472 2419 habent
3517 2381 3535 2419 :
3585 2379 3757 2435 eoque

2158 2460 2318 2515 etiam
2343 2459 2420 2526 tit,
2440 2466 2499 2514 ut
2519 2468 2790 2516 certamen
2835 2473 2958 2513 cum
2978 2457 3223 2514 fluctibus
3239 2472 3383 2528 sarpe
3415 2458 3644 2528 fugiant.
3692 2462 3756 2512 At

2161 2550 2251 2604 tibi
2282 2549 2503 2604 scientia
2533 2558 2618 2605 est
2638 2549 2784 2605 omni
2813 2559 3128 2620 tempestate
3159 2549 3407 2619 superior
3426 2591 3443 2616 ,
3500 2549 3750 2604 nimirum

2158 2641 2510 2712 philosophici
2539 2642 2703 2696 animi
2723 2641 2908 2709 robur,
2957 2641 3099 2712 quod
3143 2651 3196 2697 et
3221 2640 3524 2696 innumeris
3556 2643 3752 2696 exerci-

2159 2735 2300 2788 tibus
2327 2733 2587 2789 valentius
2613 2743 2716 2798 est,
2749 2742 2805 2789 et
2853 2733 3131 2805 quibusvis
3160 2735 3324 2786 armis
3373 2733 3672 2802 potentius,
3702 2742 3750 2786 et

2158 2824 2395 2880 turribus
2435 2833 2595 2894 atque
2611 2825 2782 2879 muris
2809 2824 2990 2878 tutius.
3019 2823 3271 2878 Militibus
3296 2821 3498 2892 quippe
3526 2837 3674 2876 arma
3703 2833 3751 2877 et

2157 2917 2320 2982 muri,
2349 2927 2404 2972 et
2422 2924 2616 2981 turres,
2647 2917 2712 2970 ad
2734 2919 2976 2986 corporis
3007 2915 3283 2969 dumtaxat
3301 2914 3620 2984 praesidium
3659 2913 3749 2968 ad-

2153 3008 2398 3078 jumento
2415 3018 2559 3075 sunt,
2590 3009 2748 3080 idque
2773 3010 2931 3064 etiam
2955 3024 3060 3063 non
3087 3023 3319 3077 semper,
3344 3023 3445 3062 nec
3463 3017 3748 3078 perpetuo:

2158 3116 2560 3172 nonnumquam
2584 3102 2728 3156 enim
2763 3102 2941 3156 omnia
2969 3101 3069 3156 ista
3096 3100 3407 3164 vincuntur,
3438 3115 3646 3169 eosque
3666 3099 3749 3168 qui

2155 3194 2222 3248 ad
2250 3208 2307 3248 se
2333 3194 2662 3265 confugiunt,
2694 3194 2946 3264 praesidio
2988 3207 3086 3248 suo
3111 3191 3394 3247 destitutos
3419 3191 3744 3262 relinquunt.

2156 3279 2225 3332 At
2250 3293 2379 3333 vero
2403 3293 2551 3333 arma
2581 3288 2690 3345 tua,
2725 3294 2831 3333 non
2871 3278 3145 3332 barbarica
3174 3277 3312 3342 tela,
3361 3291 3471 3330 non
3515 3275 3745 3330 hostium

2156 3367 2452 3437 machinas,
2477 3384 2584 3424 non
2610 3369 2912 3439 hujusmodi
2938 3369 3164 3439 impetus
3191 3377 3244 3423 et
3274 3376 3421 3422 astus
3448 3365 3742 3436 fregerunt,

2154 3461 2249 3517 sed
2277 3462 2420 3533 ipsas
2448 3471 2651 3518 naturae
2682 3463 3024 3518 necessitates
3069 3461 3453 3532 protriverunt,
3481 3473 3548 3513 ae
3573 3469 3744 3530 tyran-

2156 3553 2334 3609 nidem
2357 3555 2709 3621 sustulerunt,
2741 3567 3034 3624 earumque
3061 3566 3242 3608 arcem
3264 3551 3408 3605 humi
3440 3559 3743 3620 prostrave-

2161 3653 2307 3700 runt.
2340 3647 2418 3700 Ac
2442 3660 2564 3700 cum
2592 3644 2926 3700 daemonibus
2971 3653 3232 3715 perpetuo
3256 3642 3539 3707 dimicans,
3587 3642 3741 3696 innu-

2159 3750 2339 3791 meras
2355 3736 2559 3806 palmas
2573 3735 2786 3807 adepta,
2806 3734 3002 3790 nullam
3025 3735 3232 3804 plagam
3257 3732 3508 3802 accepisti
3527 3748 3543 3795 ;
3565 3745 3737 3787 verum

2156 3828 2298 3883 inter
2318 3827 2668 3883 densissimas
2695 3826 2914 3897 sagittas
2942 3824 3224 3880 incolumis
3251 3821 3553 3895 perstitisti,
3581 3835 3645 3876 ac
3665 3829 3736 3874 te-

2156 3920 2208 3976 la
2231 3936 2294 3976 ea
2321 3937 2441 3991 quae
2467 3921 2518 3975 in
2542 3931 2594 3976 te
2613 3920 2988 3990 conjiciuntur,
3021 3918 3080 3972 in
3101 3931 3197 3973 eos
3225 3929 3458 3982 rursum,
3490 3929 3524 3969 a
3555 3915 3737 3985 quibus

2155 4012 2317 4067 missa
2342 4020 2486 4078 sunt,
2515 4011 2777 4067 resiliunt.
2798 4011 2922 4066 Haec
2951 4009 3202 4064 nimirum
3223 4007 3352 4062 artis
3368 4006 3736 4075 tuasapientia

2155 4113 2256 4171 est,
2272 4113 2329 4159 ut
2341 4119 2434 4175 per
2445 4118 2506 4158 ea
2520 4103 2655 4158 mala
2671 4118 2792 4174 qua:
2809 4103 2902 4157 tibi
2919 4099 3238 4164 inferuntur,
3254 4113 3401 4165 eos,a
3416 4096 3613 4167 quibus
3625 4096 3738 4149 inle-

2155 4207 2365 4263 runtur,
2386 4195 2679 4260 ulciscaris,
2694 4205 2748 4250 et
2762 4209 2856 4264 per
2871 4193 3089 4248 insidias
3105 4207 3221 4262 qua:
3233 4191 3324 4245 tibi
3344 4198 3735 4258 comparantur,

2155 4304 2250 4346 eos
2269 4291 2356 4360 qui
2372 4289 2567 4344 bellum
2592 4288 2684 4342 tibi
2705 4286 2963 4352 indicunt,
2987 4298 3219 4341 mcerore
3239 4282 3460 4342 afficias,
3483 4279 3734 4348 amplissi-

2155 4399 2296 4439 mam
2316 4383 2519 4438 scilicet
2548 4381 2905 4452 adipiscenda'.
2932 4379 3150 4447 majoris
3175 4375 3354 4447 gloriae
3383 4381 3620 4444 segetem
3650 4371 3740 4425 ba-

2155 4474 2287 4531 bens
2303 4475 2510 4530 illorum
2530 4471 3093 4544 improbitatem.Qu:e
3120 4485 3238 4524 cum
3267 4475 3324 4522 et
3352 4474 3625 4534 comperta
3653 4464 3738 4516 ha-

2155 4565 2303 4630 beas,
2324 4574 2376 4620 et
2391 4565 2564 4634 reipsa
2589 4565 2902 4633 persentias,
2920 4576 3024 4616 non
3041 4559 3138 4614 abs
3156 4573 3216 4614 re
3235 4555 3474 4612 fabulam
3498 4554 3613 4610 haec
3629 4568 3737 4609 om-

2157 4657 2243 4712 nia
2259 4671 2555 4726 nuncupas.
2585 4654 2778 4723 Quidni
2800 4653 2964 4720 enim,
2993 4667 3198 4724 quaeso,
3228 4649 3455 4705 fabulam
3485 4647 3733 4717 appelles,

2157 4763 2278 4804 cum
2296 4763 2489 4820 corpus
2505 4747 2728 4802 mortale
2743 4757 2893 4801 nacta
2914 4745 3010 4812 sis,
3023 4752 3264 4799 cttamen
3279 4747 3509 4796 mortem
3526 4735 3737 4808 perinde

2157 4849 2491 4907 contemnas,
2521 4846 2579 4893 ut
2604 4839 2694 4909 qui
2713 4848 2954 4894 exteram
2996 4835 3268 4897 deserere,
3297 4839 3461 4902 atque
3493 4828 3558 4883 ad
3593 4842 3738 4884 suam

2155 4933 2381 5003 patriam
2411 4931 2586 4986 redire
2613 4928 2907 4984 festinant?
2935 4941 3060 4982 cum
3090 4927 3144 4980 in
3174 4923 3526 4979 acerbissimo
3555 4919 3740 4974 morbo

2161 5023 2412 5089 ver-seris,
2441 5029 2496 5076 et
2536 5029 2711 5076 tamen
2738 5021 2953 5074 suavius
2980 5031 3138 5087 quam
3167 5015 3260 5086 qui
3291 5013 3494 5084 optima
3537 5011 3735 5065 valetu-

2157 5117 2281 5172 dine
2308 5131 2372 5170 ac
2416 5123 2609 5186 vegeto
2649 5127 2875 5183 corpore
2918 5118 3061 5174 sunt,
3111 5108 3274 5178 degas
3293 5147 3308 5174 ,
3366 5113 3428 5159 ut
3474 5118 3596 5174 quae
3645 5115 3740 5156 nec

2157 5209 2495 5266 contumeliis
2519 5208 2804 5277 dejiciaris,
2825 5219 2926 5261 nec
2947 5201 3238 5263 honoribus
3265 5207 3355 5254 aut
3377 5198 3547 5269 gloria
3578 5195 3735 5250 attol-

2157 5304 2303 5369 laris,
2356 5301 2410 5356 id
2452 5300 2594 5371 quod
2633 5299 2812 5355 multis
2849 5299 3254 5353 innumerorum
3283 5291 3548 5346 malorum
3583 5302 3736 5344 causa

2156 5394 2276 5460 fuit,
2307 5395 2418 5466 qui,
2448 5408 2568 5448 cum
2599 5393 2761 5448 etiam
2790 5392 2842 5447 in
2869 5388 3154 5445 sacerdotii
3180 5401 3404 5442 munere
3443 5381 3732 5446 fulsissent,

2156 5497 2318 5558 atque
2340 5487 2407 5542 ad
2434 5497 2730 5542 extremam
2757 5493 3089 5540 senectutem
3117 5490 3174 5538 et
3200 5479 3450 5535 canitiem
3472 5474 3737 5545 pervenis-

2157 5590 2295 5644 sent,
2329 5581 2454 5636 hinc
2502 5579 2718 5634 tandem
2768 5584 3108 5642 corruerunt,
3163 5588 3224 5628 ac
3261 5571 3431 5627 cuivis
3474 5577 3731 5638 tamquam

2156 5687 2440 5728 commune
2480 5671 2745 5741 quoddam
2773 5670 3042 5726 theatrum
3083 5662 3490 5736 proponuntur?
3517 5661 3596 5714 At,
3625 5658 3728 5724 tibi,

2157 5779 2279 5836 quae
2303 5773 2359 5819 et
2384 5765 2581 5820 femina
2611 5779 2691 5831 es,
2713 5771 2766 5819 et
2785 5762 2967 5834 gracili
2989 5758 3278 5815 admodum
3305 5767 3553 5824 corpore,
3590 5759 3640 5806 et
3666 5759 3732 5803 tot

2159 5875 2220 5915 ac
2245 5867 2419 5914 tantos
2462 5865 2693 5929 Impetus
2721 5855 3044 5924 sustinuisti,
3089 5867 3194 5909 non
3241 5849 3402 5906 modo
3431 5848 3502 5902 nil
3530 5846 3628 5902 tale
3652 5859 3729 5898 ac-
