3906 6370
175 361 282 418 599

174 477 483 546 νάξασθαι·
538 479 676 534 ἀλλά
711 481 804 534 καὶ
852 477 965 552 πῦρ
1007 481 1283 536 ἀνακαίων
1309 494 1370 549 ι,
1406 482 1503 537 καί⁵
1555 485 1766 539 καπνοῦ

172 568 566 641 χαλεπωτάτου
605 569 969 640 ἀνεχόμενος,
1019 569 1113 622 καὶ
1150 572 1206 622 ἐν
1236 569 1316 622 ἐνὶ
1359 569 1615 641 δωματίῳ
1637 571 1772 625 καθ-

170 659 490 732 ειργμένος,
553 663 644 715 καὶ
703 661 876 733 μυρία
919 661 1271 733 ἐπιϐλήματα
1301 661 1461 731 ἔχων,
1499 663 1594 716 καὶ
1636 664 1771 734 μηδέ

169 753 264 807 τὸν
314 752 473 806 οὐδὸν
523 753 830 824 ὑπερϐῆναι
869 752 1117 825 τολμῶν,
1147 751 1216 806 τά
1265 753 1466 824 ἔσχατα
1509 754 1767 825 ἔπασχον,

170 845 393 916 ἐμέτων
431 862 491 898 τε
522 845 765 915 συνεχῶς
796 845 1194 916 ἐπιγινομένων
1223 845 1617 916 κεφαλαλγίας,
1670 849 1766 902 ἀν-

175 937 422 1010 ορεξίας,
469 937 776 1007 ἀγρυπνίας
811 936 1114 1007 διηνεκοῦς.
1161 939 1242 992 Τὰ
1274 938 1405 1007 γοῦν
1431 938 1641 1009 πελάγη
1671 941 1770 1011 τῆς

171 1025 375 1089 νυκτὸς
400 1024 473 1079 τά
492 1025 637 1080 οὕτω
662 1025 851 1097 μακρὰ
875 1027 1175 1098 ἀγρυπνῶν
1199 1028 1488 1082 διετέλουν.
1521 1028 1660 1081 Ἀλλ’
1683 1029 1770 1082 ἴνα

175 1116 254 1187 μὴ
282 1116 450 1170 πλέον
479 1119 594 1180 τοῖς
621 1117 940 1188 δυσχερέσιν
963 1117 1315 1187 ἐνδιατρίϐων
1343 1121 1644 1174 κατατείνω
1676 1137 1768 1172 σου

171 1209 270 1279 τὴν
293 1209 561 1272 διάνοιαν,
583 1209 798 1262 πάντων
823 1209 1223 1280 ἀπηλλάγμεθα
1242 1211 1447 1264 τούτων
1470 1210 1586 1265 νῦν.
1603 1211 1768 1282 Ὁμοῦ

173 1317 231 1354 τε
254 1302 368 1373 γάρ
388 1301 594 1371 ἐπέστη
621 1302 681 1354 τὸ
701 1302 821 1373 ἐαρ,
842 1303 932 1356 καὶ
960 1303 1132 1373 μικρά
1160 1321 1246 1367 τις
1267 1302 1364 1357 τοῦ
1391 1303 1552 1374 ἀέρος
1579 1305 1768 1372 γέγονε

179 1391 478 1463 μεταϐολὴ,
525 1393 808 1463 αὐτόματα
842 1395 1022 1448 πάντα
1069 1393 1254 1466 ἐλύθη.
1305 1394 1444 1447 Ἀλλ’
1483 1396 1634 1465 ὅμως
1677 1396 1770 1449 καὶ

175 1483 270 1538 νῦν
295 1484 503 1554 πολλῆς
541 1484 731 1554 δέομαι
759 1484 862 1556 τῆς
899 1484 1182 1556 ἀκριϐείας
1215 1485 1357 1539 κατὰ
1395 1486 1493 1556 τὴν
1521 1486 1730 1540 δίαιταν
1749 1501 1766 1518 ·

175 1575 262 1630 διὰ
288 1575 354 1646 δὴ
394 1574 554 1628 τοῦτο
597 1574 799 1644 κοῦφον
834 1576 974 1629 ποιῶ
1008 1575 1085 1647 τῷ
1129 1577 1386 1648 στομάχῳ
1423 1577 1484 1632 τὸ
1525 1579 1764 1648 φορτίον,

177 1667 316 1722 ὥστε
350 1667 486 1721 αὐτὸ
526 1667 785 1723 δύνασθαι
827 1670 926 1723 καὶ
968 1669 1167 1742 ῥᾳδίως
1203 1670 1516 1725 διατιθέναι.
1547 1673 1660 1742 Οὐχ
1691 1672 1768 1736 ὼς

176 1760 334 1830 ἔτυχε
364 1758 422 1813 δέ
452 1759 601 1828 ἡμᾶς
631 1761 968 1830 κατέστησεν
1001 1763 1059 1813 ἐν
1091 1761 1334 1832 φροντίδι
1361 1761 1456 1815 καὶ
1485 1761 1545 1816 τὸ
1577 1762 1769 1832 μαθεῖν

178 1851 315 1922 πρὸς
359 1851 601 1922 ἐσχάτας
645 1851 924 1915 ἀναπνοὰς
955 1847 1096 1906 εἷναί
1133 1868 1228 1906 σου
1261 1851 1362 1923 τὴν
1410 1853 1766 1926 κοσμιότητα.

190 1942 330 1996 Ἀλλ’
366 1945 518 2014 ὅμως
549 1942 639 1996 διὰ
679 1941 740 1994 τὸ
775 1942 1025 2014 στέργειν
1057 1943 1263 2014 σφόδρα
1301 1944 1396 1998 καὶ
1428 1947 1698 2017 μεριμνᾷν
1716 1946 1767 2011 b,

176 2033 270 2086 καὶ
307 2032 616 2104 φροντίζειν
643 2030 710 2085 τά
737 2031 825 2097 σά,
862 2033 957 2086 καὶ
998 2033 1105 2104 πρὸ
1138 2033 1249 2086 τῶν
1290 2035 1641 2106 γραμμάτων
1669 2036 1771 2106 τῆς

177 2123 493 2196 τιμιότητός
525 2141 643 2187 σου,
669 2123 878 2194 ταύτης
910 2125 1310 2196 ἀπηλλάγημεν
1339 2127 1438 2198 τῆς
1477 2127 1767 2199 μερίμνης,

179 2216 392 2269 πολλῶν
426 2216 637 2270 ἐκεῖθεν
660 2215 926 2270 ἐλθόντων
953 2218 1048 2272 καὶ
1068 2218 1522 2288 ἀπαγγειλάντων
1546 2219 1616 2275 τά
1643 2221 1770 2294 περὶ

177 2309 275 2378 τῆς
306 2308 522 2377 ὑγιείας
551 2309 652 2380 τῆς
686 2308 807 2380 σῆς.

247 2399 363 2454 Καὶ
404 2399 502 2452 νῦν
539 2400 718 2471 χαίρω
748 2399 953 2473 σφόδρα
993 2400 1089 2454 καὶ
1135 2400 1526 2476 εὐφραίνομαι,
1552 2405 1651 2476 οὐχ
1687 2405 1768 2459 δτι

177 2493 274 2563 τῆς
303 2490 621 2563 ἀρρωστίας
644 2492 969 2564 ἀπηλλάγης
1003 2493 1185 2564 μόνον,
1216 2494 1354 2548 ἀλλά
1388 2496 1496 2568 πρὸ
1527 2497 1767 2563 πάντων,

177 2585 256 2637 ὅτι
296 2583 442 2636 οὕτω
487 2584 752 2651 γενναίως
802 2585 990 2655 φέρεις
1028 2585 1097 2639 τά
1144 2587 1526 2656 συμπίπτοντα
1550 2627 1566 2653 ,
1601 2589 1771 2660 μῦθον

178 2675 397 2731 ἅπαντα
421 2675 595 2728 ταῦτα
624 2673 864 2730 καλοῦσα
881 2692 896 2707 ο
929 2676 1026 2730 καὶ
1053 2675 1116 2730 τὸ
1144 2675 1212 2748 δὴ
1241 2677 1444 2747 μεῖζον,
1478 2679 1559 2732 δτι
1580 2680 1676 2732 καὶ
1701 2683 1769 2753 τῇ

177 2767 270 2822 τοῦ
295 2766 554 2838 σώματος
578 2767 862 2839 ἀρρωστία
890 2767 1093 2839 ταύτην
1116 2768 1451 2841 περιέθηκας
1479 2770 1580 2843 τὴν
1604 2789 1771 2844 προσ-

179 2861 432 2933 ηγορίαν,
459 2861 489 2915 ὃ
514 2860 694 2931 ψυχῆς
724 2862 841 2915 ἐστι
891 2860 1144 2932 νεανικῆς
1184 2861 1279 2914 καὶ
1328 2861 1511 2934 πολλῷ
1555 2863 1634 2935 τῷ
1671 2865 1772 2936 τῆς

175 2954 404 3026 ἀνδρίας
433 2952 710 3024 βρυούσης
749 2953 970 3025 καρπῷ.
1007 2954 1081 3007 Τὸ
1107 2952 1218 3025 γάρ
1263 2953 1339 3025 μὴ
1389 2955 1549 3026 μόνον
1584 2956 1772 3027 φέρειν

177 3045 447 3116 γενναίως
478 3046 547 3101 τά
595 3044 833 3117 δυσχερῆ
855 3087 866 3106 ,
897 3043 1038 3098 ἀλλά
1081 3045 1217 3117 μηδέ
1259 3046 1543 3118 παρόντοιν
1589 3048 1770 3102 αὐτῶν

177 3132 561 3198 αἰσθάνεσθαι,
600 3134 724 3211 ἀλλ’
759 3135 1039 3206 ὑπερορᾷν
1086 3135 1180 3188 καί¹
1229 3136 1368 3207 μετά
1418 3137 1620 3209 πολλῆς
1673 3139 1771 3212 τῆς

174 3227 618 3300 ἀπραγμοσύνης
646 3227 738 3280 τὸν
765 3230 866 3298 τῆς
909 3225 1189 3298 ὑπομονῆς
1233 3227 1606 3300 ἀναδήσασθαι
1650 3230 1772 3283 στέ-

175 3337 371 3392 φανον,
395 3319 458 3374 οὐ
497 3319 832 3390 κάμνουσαν,
864 3317 986 3372 οὐδέ
1015 3317 1287 3389 ἱδροῦσαν,
1318 3319 1438 3374 οὐδὲ
1469 3319 1772 3392 πράγματα

173 3414 426 3482 ἔχουσαν,
459 3412 578 3466 οὐδὲ
602 3411 812 3482 ἑτέροις
857 3409 1230 3483 παρέχουσαν,
1259 3411 1375 3464 ἀλλ’
1403 3411 1592 3486 ὥσπερ
1625 3431 1774 3485 σκιρ-

171 3501 366 3554 τῶσαν
424 3501 520 3555 καὶ
572 3499 906 3572 χορεύουσαν
931 3539 946 3565 ,
997 3499 1159 3554 τοῦτο
1210 3503 1312 3572 τῆς
1367 3503 1772 3576 ἀκριϐεστάτης

175 3593 503 3666 φιλοσοφίας
552 3596 700 3648 ἐστὶν
746 3591 1044 3657 ἀπόδειξις.
1091 3591 1192 3647 Διά
1237 3593 1410 3648 ταῦτα
1447 3595 1625 3666 χαίρω
1675 3597 1774 3650 καὶ

175 3685 421 3758 σκιρτῶ,
472 3684 707 3756 πέτομαι
757 3683 863 3738 ὑπὸ
891 3684 992 3755 τῆς
1033 3684 1261 3757 ἡδονῆς,
1292 3685 1396 3740 οὐκ
1441 3686 1770 3758 αἰσθάνομαι

171 3777 278 3848 τῆς
312 3775 600 3848 παρούσης
638 3775 894 3847 ἐρημίας,
938 3775 1061 3829 οὐδέ
1108 3774 1220 3828 τῶν
1266 3774 1472 3830 λοιπῶν
1506 3779 1772 3849 περιστά-

176 3886 343 3933 σεων,
401 3867 827 3940 εὐφραινόμενος
875 3869 970 3922 καί⁸
1005 3866 1378 3938 γαννύμενος,
1411 3869 1506 3923 καὶ
1565 3871 1771 3942 σφόδρα

173 3959 335 4036 [581]
370 3960 846 4031 καλλωπιζόμενος
869 3960 967 4015 ἐπ)⁸
999 3963 1064 4032 τῇ
1099 3963 1170 4032 σῇ
1201 3958 1658 4036 μεγαλοφροσύνῃ
1678 3963 1776 4016 καὶ

173 4056 300 4119 ταῖς
329 4054 656 4124 ἐπαλλήλοις
684 4053 889 4120 νίκαις,
917 4054 977 4107 οὐ
1002 4053 1090 4107 διὰ
1108 4053 1168 4106 σέ
1201 4053 1382 4124 μόνον,
1399 4053 1535 4108 ἀλλά
1560 4055 1655 4109 καὶ
1680 4055 1771 4110 διά

171 4146 273 4218 τὴν
296 4146 547 4217 μεγάλην
574 4146 668 4200 καὶ
697 4145 1122 4218 πολυάνθρωπον
1152 4145 1307 4200 πόλιν
1339 4146 1574 4218 ἐκείνην,
1675 4147 1770 4201 καὶ

172 4240 302 4294 ἀντὶ
335 4238 550 4310 πύργου
584 4239 680 4293 καὶ
711 4239 933 4311 λιμένος
961 4239 1194 4308 γέγονας
1241 4239 1336 4294 καὶ
1364 4240 1600 4312 τείχους,
1627 4240 1770 4313 λαμ-

173 4329 328 4401 πρὰν
368 4331 470 4402 τὴν
497 4331 589 4384 διὰ
616 4331 724 4385 τῶν
770 4331 1117 4403 πραγμάτων
1165 4333 1392 4402 ἀφιεῖσα
1429 4333 1635 4404 φωνὴν,
1677 4334 1772 4387 καὶ

171 4424 449 4492 ἑκάτερον
469 4426 530 4476 τὸ
558 4424 714 4492 γένος
738 4425 797 4477 ἐν
817 4427 928 4488 τοῖς
969 4422 1255 4495 παθήμασί
1289 4441 1382 4478 σου
1413 4423 1771 4491 παιδεύουσα,

172 4515 272 4570 καὶ
307 4514 640 4569 ἀποδύεσθαι
674 4516 871 4587 ῥαδίως
917 4515 1053 4588 πρὸς
1083 4515 1360 4579 τοιούτους
1399 4515 1644 4586 ἀγῶνας,
1675 4518 1772 4572 καὶ

171 4607 534 4663 καταϐαίνειν
563 4610 644 4672 εἰς
662 4609 738 4662 τά.
757 4609 1060 4680 σκάμματα
1089 4608 1226 4681 μετά
1252 4609 1504 4681 ἀνδρείας
1527 4612 1773 4683 ἀπάσης,

171 4701 273 4754 καὶ
308 4699 503 4771 φέρειν
543 4699 783 4766 εὐκόλως
807 4701 936 4764 τοὺς
973 4701 1040 4754 ἐκ
1082 4700 1196 4754 τῶν
1237 4701 1497 4756 τοιούτων
1543 4702 1770 4772 ἀγώνων

172 4792 440 4864 ἱδρῶτας.
483 4793 596 4847 Καὶ
631 4793 692 4847 τὸ
722 4793 787 4864 δὴ
829 4794 1163 4864 θαυμαστὸν,
1196 4795 1283 4848 δτι
1307 4795 1408 4849 οὐκ
1454 4797 1533 4859 εἰς
1562 4793 1770 4866 ἀγοράν

171 4881 548 4953 ἐμὸἀλλουσα,
580 4883 701 4936 οὐδὲ
741 4881 812 4936 τά
854 4882 995 4954 μέσα
1029 4882 1132 4953 τῆς
1170 4883 1378 4948 πόλεως
1412 4884 1770 4956 καταλαμϐά-

170 4993 371 5043 νουσα,
388 4977 502 5032 ἀλλ’
524 4978 584 5029 ἐν
607 4976 840 5048 οἰκίσκῳ
868 4975 1062 5048 βραχεί
1082 4976 1176 5030 καὶ
1205 4977 1434 5049 θαλάμῳ
1457 4978 1766 5050 καθημένη,

170 5071 414 5140 νευραῖς,
449 5067 693 5136 ἀλείφεις
735 5069 862 5132 τοὺς
911 5066 1178 5133 ἑστῶτας,
1207 5068 1302 5122 καὶ
1349 5069 1448 5139 τῆς
1497 5068 1769 5142 θαλάττης

172 5161 330 5217 οὕτω
363 5165 717 5233 μαινομένης,
757 5163 852 5217 καὶ
888 5160 1000 5216 τῶν
1027 5161 1290 5232 κυμάτων
1317 5162 1460 5216 οὕτω
1493 5179 1766 5235 κορυφου-

174 5254 383 5325 μένων,
415 5253 696 5307 σκοπέλων
727 5269 787 5306 τε
814 5253 908 5307 καὶ
936 5251 1177 5322 ὑφάλων,
1211 5253 1306 5305 καὶ
1345 5252 1637 5322 σπιλάδων,
1673 5253 1771 5307 καὶ

171 5345 389 5416 θηρίων
423 5343 696 5398 πάντοθεν
716 5344 925 5416 ἀγρίων
948 5343 1424 5414 ἀναφαινομένων,
1453 5343 1548 5397 καὶ
1577 5344 1768 5408 νυκτὸς

175 5436 494 5508 βαθυτάτης
517 5437 698 5491 πάντα
728 5434 1090 5508 κατεχούσης,
1125 5433 1313 5507 ῶσπερ
1349 5436 1408 5488 ἐν
1447 5435 1768 5508 μεσημϐρίᾳ

173 5531 272 5584 καὶ
295 5527 515 5601 γαλήνῃ
536 5529 629 5582 καὶ
656 5528 800 5582 κατά
834 5528 1090 5599 πρύμναν
1121 5527 1226 5600 τοῦ
1273 5525 1583 5598 πνεύματος
1611 5529 1763 5582 ίστα-

241 5710 269 5783 ξ
292 5707 406 5758 Duo
431 5721 550 5757 mss.
595 5709 677 5756 καὶ
696 5705 788 5770 πῦρ
809 5706 1044 5767 ἀνάπτων,
1072 5705 1155 5758 alii
1183 5712 1238 5759 el
1257 5705 1378 5758 editi
1417 5708 1500 5758 καὶ
1535 5706 1630 5772 πῦρ
1649 5709 1769 5758 ἀνα-

181 5787 350 5818 καιων.

242 5829 274 5868 ³
293 5829 396 5882 Alii
421 5831 502 5879 διὰ.
522 5829 582 5878 τὸ
605 5829 789 5891 σφόδρα
810 5833 1055 5896 μεριμνᾷν,
1074 5833 1173 5880 etc.

1604 367 1989 428 EPISTOL‘E.

3352 367 3454 418 609

1878 487 2062 559 μένου,
2093 487 2267 554 οῦτως
2308 489 2696 546 ἀναπετάσασα
2735 490 2834 564 τῆς
2879 492 3157 565 ὑπομονῆς
3195 497 3264 548 τά
3294 495 3463 566 ίστία,

1876 580 2014 649 μετά
2059 581 2258 651 πολλῆς
2298 579 2481 645 πλέεις
2509 584 2608 654 τῆς
2651 584 2919 649 εὐκολίας,
2952 587 3014 638 οὑ
3046 587 3205 656 μόνον
3239 587 3300 639 οὐ
3331 589 3462 642 κλυ-

1871 669 2206 741 δωνιζομένη
2241 671 2344 723 ὑπὸ
2371 669 2464 724 τοῦ
2509 671 2746 741 χαλεποῦ
2789 671 2980 724 τούτου
3007 672 3297 742 χειμῶνος,
3343 673 3461 727 ἀλλ’

1871 761 1992 814 οὐδὲ
2016 780 2080 814 πε
2092 763 2542 834 ριρῥαντιζομένη
2561 781 2574 794 ·
2597 764 2689 816 καὶ
2714 763 2856 834 μάλα
2870 781 2933 832 γε
2956 765 3182 828 εἰκότως
3202 782 3215 795 ο
3237 764 3464 818 τοιαῦτα

1871 851 1980 922 γὰρ
2005 853 2104 922 τῆς
2121 853 2321 925 ἀρετῆς
2343 853 2412 906 τά
2433 854 2687 926 πηδάλια.
2720 846 2825 906 καὶ
2841 854 3072 926 ἔμποροι
3099 855 3218 924 μὲν,
3254 856 3350 907 καὶ
3363 872 3434 906 κυ
3453 883 3464 894 -

1871 944 2152 1014 δερνῆται,
2177 945 2272 999 καὶ
2299 945 2613 1009 ναῦται,καὶ
2641 945 2945 1017 πλωτῆρες,
2964 945 3183 999 ἐπειδὰν
3209 946 3358 999 ἴδωσι
3377 965 3463 1000 νε-

1871 1035 1987 1105 φῶν
2005 1036 2365 1108 συνδρομὴν,ἢ
2386 1037 2594 1108 ἀγρίων
2617 1037 2833 1107 ἀνέμων
2853 1035 3107 1106 ἐμΰολὴν,
3128 1037 3161 1107 ἢ
3191 1036 3250 1088 τὸ
3282 1035 3464 1106 ῥόθιον

1869 1129 1963 1182 τοῦ
1982 1129 2225 1200 κύματος
2249 1131 2594 1201 σφοδροτάτῳ
2611 1129 2730 1194 ζέον
2743 1129 2901 1199 ἀφρῷ
2925 1167 2939 1189 ,
2967 1129 3097 1181 εῖσω
3130 1128 3347 1199 λιμένος
3391 1131 3461 1181 τὰ

1872 1217 2031 1272 πλοῖα
2059 1220 2381 1291 κατέχουσιν
2401 1237 2414 1251 ·
2443 1223 2491 1273 εἰ
2529 1220 2585 1272 δέ
2618 1238 2718 1273 που
2756 1223 2849 1272 καὶ
2889 1218 3102 1289 τύχοιεν
3141 1221 3197 1271 ἐν
3231 1219 3459 1287 πελάγει

1872 1310 2226 1376 σαλεύοντες,
2282 1313 2461 1366 πάντα
2505 1313 2715 1366 ποιοῦσι
2765 1314 2860 1365 καὶ
2897 1312 3273 1382 μηχανῶνται,
3316 1310 3460 1364 ὥστε

1873 1405 2006 1476 πρὸς
2022 1406 2260 1477 ὅρμον,ἣ
2288 1406 2470 1476 νῆσον,
2495 1406 2526 1477 ἢ
2553 1405 2723 1475 ἀκτὴν
2741 1406 3107 1476 προσορμίσαι
3137 1404 3197 1457 τὸ
3228 1404 3456 1473 σκάφος.

1870 1499 1942 1551 Σὺ
1967 1498 2023 1551 δέ
2054 1498 2265 1569 μυρίων
2299 1499 2646 1568 πνευμάτων,
2671 1496 2940 1550 τοσούτων
2967 1497 3173 1566 ἀγρίων
3198 1494 3460 1565 κυμάτων

1871 1590 2136 1644 πάντοθεν
2182 1589 2668 1661 συρρηγνυμένων,
2717 1589 2810 1642 τοῦ
2853 1587 3016 1659 βυθοῦ
3049 1590 3148 1659 τῆς
3190 1588 3460 1658 θαλάττης

1869 1682 2308 1753 ἀναστραφέντος
2331 1681 2420 1734 διὰ
2440 1682 2539 1753 τὴν
2565 1681 2910 1752 χαλεπότητα
2932 1681 3026 1734 τοῦ
3055 1681 3341 1751 χειμῶνος,
3365 1679 3460 1733 καὶ

1868 1774 1978 1826 τῶν
2009 1775 2107 1844 μὲν
2135 1773 2481 1845 ὑποϐρυχίων
2503 1774 2832 1844 γενομένων,
2864 1773 2971 1826 τῶν
2994 1773 3050 1826 δὲ
3091 1773 3459 1828 ἐπιπλεόντων

1870 1865 2080 1938 νεκρῶν
2100 1867 2210 1930 τοῖς
2235 1865 2442 1929 ὕδασιν,
2467 1866 2670 1936 ἐτέρων
2695 1863 2918 1936 γυμνῶν
2946 1863 3037 1917 ἐπὶ
3062 1864 3272 1926 σανίδος
3295 1880 3462 1933 φερο-

1876 1958 2074 2029 μένων,
2107 1959 2186 2022 εξς
2220 1958 2382 2030 μέσον
2425 1958 2692 2028 ἁλλομένη
2731 1956 2794 2010 τὸ
2841 1957 3078 2026 πέλαγος
3108 1956 3217 2010 τῶν
3249 1955 3455 2016 κακῶν,

1875 2047 2045 2120 μῦθον
2080 2048 2296 2104 ἅπαντα
2351 2049 2526 2103 ταῦτα
2572 2048 2792 2114 καλεῖς,
2833 2047 3086 2118 ὲξουρίας
3131 2050 3189 2101 ἐν
3227 2049 3460 2119 χειμῶνι

1871 2141 2109 2196 πλέουσα
2126 2159 2139 2172 ·
2175 2143 2270 2196 καὶ
2298 2142 2444 2212 μάλα
2471 2143 2716 2204 εἰκότως,
2743 2144 2805 2195 Οἱ
2840 2141 2938 2212 μέν
2963 2141 3073 2212 γὰρ
3101 2142 3456 2212 κυϐερνῆται,

1871 2234 1977 2287 κᾶν
1996 2233 2255 2305 μυριάκις
2277 2227 2380 2288 ὦσι
2407 2235 2560 2304 σοφοὶ⁸
2595 2233 2697 2304 τὴν
2725 2234 3042 2304 ἐπιστήμην
3066 2233 3303 2304 ἐκείνην,
3342 2232 3458 2286 ἀλλ’

1870 2325 1972 2378 οὐκ
2009 2325 2192 2396 έχουσι
2221 2326 2420 2398 τέχνην
2458 2326 2736 2398 ἀρκοῦσαν
2773 2327 3093 2396 ἀντιστῆναι
3143 2326 3305 2379 παντί
3344 2343 3460 2396 χει-

1875 2415 2013 2486 μῶνι
2031 2431 2043 2448 ⁸
2065 2417 2147 2471 διὸ
2177 2420 2274 2472 καὶ
2293 2418 2556 2488 φεύγουσι
2579 2419 2839 2482 πολλάκις
2861 2418 2960 2490 τὴν
2990 2418 3127 2490 πρὸς
3149 2418 3218 2471 τὰ
3239 2419 3461 2489 κύματα

1877 2508 2078 2580 μάχην.
2107 2509 2200 2563 Σοὶ
2243 2511 2300 2564 δέ
2333 2512 2480 2564 ἐστιν
2525 2512 2805 2582 ἐπιστήμη
2837 2511 3037 2574 παντὸς
3065 2511 3313 2582 ἀνωτέρα
3351 2529 3464 2582 χει-

1876 2600 2074 2669 μῶνος,
2109 2602 2208 2672 τῆς
2239 2601 2535 2672 φιλοσόφου
2562 2602 2743 2673 ψυχῆς
2773 2603 3078 2674 ήδύναμις,
3109 2603 3143 2674 ἢ
3178 2605 3271 2656 καὶ
3302 2620 3462 2674 στρα-

1871 2691 2118 2746 τοπέδων
2151 2694 2362 2765 μυρίων
2408 2694 2558 2748 ἐστὶν
2596 2695 2941 2766 ἰσχυροτέρα,
2971 2696 3065 2750 καὶ
3092 2695 3273 2749 ὃπλων
3305 2696 3466 2750 δυνασ

1873 2785 2106 2857 τωτέρα,
2135 2787 2231 2841 καὶ
2255 2789 2480 2856 πύργων
2509 2788 2606 2842 καὶ
2633 2789 2830 2858 τειχῶν
2855 2789 3258 2861 ἀσφαλεστέρα.
3287 2791 3463 2862 Στρα-

1871 2876 2092 2941 τιώταις
2121 2879 2218 2949 μὲν
2239 2879 2350 2951 γὰρ
2375 2880 2470 2932 καὶ
2490 2880 2649 2944 ὅπλα,
2669 2881 2764 2933 καὶ⁸
2779 2881 2955 2952 τείχη,
2977 2882 3070 2934 καὶ
3089 2881 3310 2952 πύργοι,
3325 2883 3466 2954 πρὸς

1877 2967 2129 3039 σώματος
2146 2969 2450 3038 ἀσφάλειαν
2466 2971 2712 3042 χρήσιμα
2739 2970 2917 3041 μόνον,
2935 2969 3204 3022 καὶτοῦτο
3223 2970 3322 3022 οὐκ
3351 2972 3458 3037 ἀεὶ,

1873 3061 1994 3115 οὐδὲ
2025 3061 2114 3116 διά
2143 3062 2343 3126 παντός
2363 3080 2376 3094 ·
2413 3063 2528 3115 ἀλλ’
2555 3062 2700 3116 ἐστιν
2736 3062 2825 3114 ὅτε
2858 3063 2951 3116 καὶ
2977 3063 3201 3133 ἡττᾶται
3248 3063 3461 3116 ἅπαντα

1870 3153 2067 3220 ταῦτα,
2113 3155 2208 3208 καὶ
2247 3155 2490 3226 ἐρήμους
2526 3154 2706 3209 αὐτῶν
2747 3155 3084 3226 προστασίας
3123 3155 3247 3219 τούς
3291 3172 3461 3208 κατα-

1871 3245 2174 3315 φεύγοντας
2221 3247 2471 3317 ἀφίησιν.
2510 3246 2592 3301 Τά
2625 3246 2681 3299 δὲ
2712 3245 2780 3299 σά
2828 3246 2888 3299 οὐ
2940 3245 3070 3318 βέλη
3104 3247 3417 3319 βαρϐαρικά
3442 3289 3458 3311 ,

1871 3337 1992 3391 οὐδέ
2023 3338 2395 3410 μηχανήματα
2427 3337 2702 3410 πολεμίων
2734 3337 3057 3410 ἀνθρώπιον,
3085 3339 3207 3392 οὐδὲ
3238 3340 3462 3409 ἐφόδους

1872 3431 1968 3484 καὶ
1993 3430 2202 3494 κλοπὰς
2229 3429 2488 3496 τοιαύτας
2514 3430 2798 3501 διελέγχει,
2828 3430 2966 3484 ἀλλά
2993 3430 3092 3494 τάς
3120 3435 3221 3502 τῆς
3247 3430 3463 3500 φύσεως

1873 3524 2252 3594 κατεπάτησεν
2281 3523 2548 3592 ἀνάγκας,
2582 3524 2676 3576 καὶ
2710 3523 2810 3594 τὴν
2842 3523 3134 3593 τυραννίδα
3174 3524 3461 3592 κατέλυσε,

1873 3619 1966 3671 καὶ
1995 3616 2095 3688 τὴν
2133 3615 2434 3687 ἀκρόπολιν
2463 3613 2649 3668 αὐτῶν
2683 3615 2926 3669 καθεῖλε.
2961 3616 3071 3668 Καὶ
3103 3616 3321 3687 δαίμοσι
3360 3635 3465 3670 πυ-

1871 3701 2140 3761 κτεῦουσα
2165 3705 2452 3777 διηνεκῶς,
2488 3705 2689 3777 μυρίας
2727 3705 2827 3776 μὲν
2856 3706 2974 3777 ἥρω
3005 3707 3181 3770 νίκας,
3207 3707 3473 3778 οὐδεμίαν

1871 3800 1930 3852 δὲ
1966 3797 2134 3865 ἐδέξω
2182 3799 2428 3871 πληγὴν,
2461 3798 2576 3853 ἀλλ’
2603 3798 2844 3869 ἕστηκας
2875 3799 3117 3869 ἄτρωτος
3139 3801 3196 3852 ἐν
3223 3799 3475 3873 τοσαύτῃ,

1876 3890 2047 3962 βελῶν
2094 3891 2304 3962 νιφάδι,
2345 3891 2443 3945 καὶ
2481 3891 2552 3944 τά
2590 3892 2818 3946 ἀκόντια
2861 3891 2930 3945 τά
2971 3891 3113 3945 κατὰ
3148 3890 3298 3964 [582]
3365 3894 3467 3946 σοῦ.

1876 3983 2180 4056 ῥιπτόμενα
2222 3983 2361 4056 πρὸς
2405 3984 2538 4048 τοὺς
2580 3984 2842 4054 ἀφιέντας
2898 3984 3228 4055 ὑποστρέφει
3276 3985 3457 4040 πάλιν.

1875 4075 2119 4148 Τοιαύτη¹
2159 4092 2264 4129 σου
2303 4077 2404 4148 τῆς
2449 4076 2644 4147 τέχνης
2688 4077 2723 4148 ἡ
2758 4075 2960 4144 σοφίαι
3000 4075 3067 4128 δι’
3107 4070 3187 4131 ὧν.
3229 4080 3466 4148 πάσχεις

1871 4168 2082 4233 κακῶς,
2108 4169 2236 4233 τοὺς
2286 4169 2578 4232 ποιοῦντας
2615 4169 2832 4241 ἀμύνῃο
2880 4168 2948 4222 δι’
2977 4163 3052 4222 ὧν
3100 4169 3465 4243 ἐπιϐουλεύῃι,

1871 4261 1997 4325 τοὺς
2029 4259 2404 4332 πολεμοῦντας
2432 4258 2653 4324 λυπεῖς,
2674 4259 2934 4314 ὑπόθεσιν
2973 4261 3235 4332 μεγίστην
3265 4262 3467 4333 ἔχουσα

1873 4351 2019 4424 πρὸς
2051 4351 2458 4424 εὐδοκιμήσεως
2506 4351 2760 4424 ἀφορμὴν
2804 4352 3050 4424 μείζονος
3094 4356 3194 4425 τὴν
3238 4355 3469 4410 ἐκείνων

1872 4445 2093 4500 κακίαν.
2123 4446 2310 4500 Ταῦτα
2337 4446 2432 4501 καὶ
2456 4446 2598 4518 αὐτὴ
2625 4447 2794 4502 εἰδυῖα
2832 4447 3036 4511 καλῶς,
3074 4449 3178 4500 καὶ
3200 4451 3265 4519 τῇ
3295 4449 3468 4519 πείρᾳ.

1871 4535 1973 4605 τὴν
2000 4533 2258 4606 αἴσθησιν
2286 4535 2515 4606 ἔχουσα,
2560 4537 2787 4600 εἰκότως
2833 4537 3008 4606 μῦθον
3036 4539 3252 4590 ἅπαντα
3288 4538 3466 4590 ταῦτα

1870 4626 2076 4690 καλεῖς.
2129 4627 2254 4690 Πῶς
2287 4629 2396 4698 γὰρ
2426 4627 2530 4680 οὐκ
2565 4627 2631 4681 ἂν
2670 4627 2927 4701 καλέσῃς,
2965 4627 3089 4680 εἰπέ
3122 4645 3233 4698 μοι,
3267 4628 3456 4699 μῦθον,

1871 4717 2065 4790 θνητὸν
2113 4717 2275 4788 σῶμα
2314 4717 2579 4790 λαχοῦσα,
2619 4718 2712 4772 καὶ
2753 4719 2985 4774 θανάτου
3016 4719 3158 4773 οὕτω
3188 4738 3462 4793 καταφρο-

1871 4809 2058 4874 νοῦσα,
2082 4810 2158 4875 ὡς
2182 4813 2232 4864 οἱ
2273 4811 2374 4882 τὴν
2401 4811 2690 4883 ἀλλοτρίαν
2724 4813 3075 4884 ἐπειγόμενοι
3111 4814 3465 4880 καταλιπεῖν,

1872 4906 1976 4959 καὶ
1997 4905 2134 4976 πρὸς
2161 4904 2258 4975 τὴν
2290 4903 2498 4958 οἰκείαν
2533 4903 2848 4960 ἐπανελθεῖν
2883 4905 3148 4976 πατρίδα;
3179 4907 3467 4980 ἀρρωστία

1873 4997 2093 5059 συζῶσα
2147 4996 2540 5067 χαλεπωτάτῃ,
2587 4994 2684 5049 καὶ
2735 4995 2847 5048 τῶν
2893 4996 3317 5067 εὐσαρκούντων-
3366 5000 3465 5053 καὶ

1872 5087 2230 5158 σφριγῶντων
2257 5089 2407 5159 ἥδιον
2441 5088 2786 5159 διακειμένη,-
2812 5088 2909 5158 οὑχ
2949 5087 3139 5160 ὕϐρεσι
3172 5107 3466 5143 ταπεινου-

1875 5181 2036 5251 μένη,
2063 5182 2124 5234 οὐ
2157 5183 2345 5252 τιμαῖς
2386 5181 2478 5234 καὶ
2513 5180 2694 5246 δόξαις
2728 5181 3099 5252 ὲπαιρομένη,
3119 5182 3278 5235 τοῦτο
3308 5182 3371 5253 δὴ
3399 5182 3469 5235 τὸ

1875 5273 2084 5344 μυρίων
2117 5273 2330 5336 πολλοῖς
2380 5275 2552 5327 αῖτιον
2590 5273 2886 5344 γενόμενον
2918 5274 3136 5339 κακῶν,.
3173 5275 3222 5328 οἳ
3269 5274 3364 5326 καὶ
3401 5275 3466 5327 ἐν

1875 5365 2153 5440 ἱερωσύνῃ
2187 5367 2626 5438 διαλάμψαντες,
2681 5368 2778 5421 καὶ
2829 5369 2965 5441 πρὸς
3005 5369 3230 5439 ἔσχατον
3282 5371 3468 5442 γῆρας

1872 5461 2168 5524 ἐλάσαντες
2199 5461 2298 5514 καὶ
2333 5459 2642 5531 βαθυτάτην
2667 5460 2880 5525 πολιὰν,
2917 5461 3167 5516 ἐντεῦθεν
3207 5460 3457 5525 ὤλισθον,

1871 5553 1969 5606 καὶ
2019 5553 2199 5606 κοινὸν
2250 5552 2570 5623 πρόκεινται
2615 5555 2726 5618 τοῖς
2777 5552 3123 5624 βουλομένοις
3173 5553 3469 5623 κωμῳδεῖν

1874 5645 2135 5717 θέατρον;
2181 5645 2320 5698 Ἀλλ’
2357 5649 2391 5716 ἡ
2434 5647 2602 5718 γυνὴ,
2629 5649 2725 5702 καὶ
2755 5649 3068 5719 άραχνῶδες
3094 5649 3463 5720 περικειμένη

1874 5735 2056 5807 σῶμα,
2078 5737 2174 5790 καὶ
2207 5736 2477 5804 τοσαύτας
2509 5739 2810 5807 ἐνεγκοῦσα
2840 5740 3170 5812 προσϐολάς,
3198 5741 3257 5794 οὐ
3298 5740 3459 5811 μόνον

1873 5829 2026 5884 οὐδὲν
2071 5829 2274 5895 ἔπαθες
2319 5831 2561 5888 τοιοῦτον
2583 5873 2598 5899 ,
2634 5832 2771 5888 ἀλλά
2822 5835 2918 5889 καὶ
2961 5834 3184 5906 ἐτέρους
3226 5833 3459 5899 πολλοὺς
