3906 6380
469 352 562 417 ml
1155 350 1213 407 S.
1255 345 1540 406 JO.\NN|S
1577 343 2078 403 CHRYSOSTOMI
2119 342 2441 402 ABCHIEP.
2481 342 3038 403 CONSTANTINOP.

465 467 662 522 παθεῖν
693 464 994 528 ἐκώλυσας.
1043 464 1305 518 Κάκεῖνοι
1353 461 1452 533 μὲν
1493 461 1612 515 οὺδέ
1664 460 1827 533 μέχρι
1861 458 2058 515 πολλοῦ

465 559 576 614 τῶν
603 558 832 628 ἀγώνων
850 556 1204 627 προελθόντες
1223 567 1271 620 ⁸,
1286 554 1426 609 ἀλλά
1448 553 1508 620 ἐξ
1528 552 1710 606 αὐτῶν
1736 552 1845 606 τῶν
1868 569 2057 624 προοι-

470 653 631 725 μίων,
658 649 755 704 καὶ
781 648 1027 719 βαλϐῖδος
1052 649 1244 719 αὐτῆς,
1284 648 1359 710 ὠς
1390 647 1586 709 εἰπεῖν,
1612 644 1900 715 ἁλλόμενοι
1928 660 2061 697 κατ-

467 742 773 816 ηνέχθησαν
796 758 808 771 ·
833 741 897 794 σὺ
921 741 978 794 δὲ
1010 741 1272 811 μυριάκις
1299 738 1398 810 τὴν
1422 736 1660 809 ἐσχάτην
1686 735 1891 790 νύσσαν
1913 752 2062 807 περι-

465 835 716 898 ελθοῦσα,
748 833 869 887 καθ’
902 832 1141 886 ’ἑκαστον
1162 831 1363 903 δρόμον
1400 831 1464 884 τὺ
1501 830 1754 901 βραϐεῖον
1781 831 2057 901 ἥρπασας,

465 929 684 983 ποικίλα
714 926 1111 997 παλαισμάτων
1126 923 1516 996 ἐπιδειξαμένη
1543 924 1636 977 καὶ
1660 922 1887 993 ἀγώνων
1908 923 2025 993 εῐδη
2041 937 2057 954 ⁶

465 1021 559 1074 καὶ
589 1021 735 1092 μάλα
763 1019 1011 1083 εἰκότως.
1028 1016 1163 1071 Οὐδὲ
1207 1016 1316 1087 γὰρ
1337 1019 1395 1070 ἐν
1412 1014 1740 1087 ἡλικίᾳ,ούτε
1768 1016 1826 1067 ἐν
1844 1012 2057 1085 σώματι

462 1113 533 1168 τά
563 1112 923 1183 παλαίσματα
954 1110 1057 1178 τῆς
1096 1100 1321 1181 ἀρετῆς,
1369 1107 1485 1161 ἀλλ’
1520 1111 1577 1163 ἐν
1614 1107 1759 1179 ψυχῇ
1795 1108 1931 1179 μόνη
1966 1106 2059 1160 καὶ

464 1204 684 1275 γνώμῃ.
717 1200 875 1255 Οὕτω
912 1202 1009 1255 καὶ
1041 1202 1303 1269 γυναῖκες
1333 1197 1811 1269 ἐστεφανώθησαν,
1840 1199 1934 1251 καὶ
1964 1197 2058 1251 άν-

462 1295 588 1368 δρες
622 1292 1128 1363 ὑπεσκελίσθησαν·
1164 1290 1307 1345 οὕτω
1345 1292 1440 1344 καὶ
1474 1291 1661 1355 παῖδες
1680 1290 2059 1363 ἀνεκηρύχθη-

467 1404 589 1451 σαν,
630 1387 725 1439 καὶ
754 1384 1128 1456 γεγηρακότες
1167 1383 1641 1457 κατῃσχύνθησαν.
1683 1383 1795 1435 Ἀεὶ
1830 1383 1927 1454 μὲν
1962 1380 2057 1436 οὖν

464 1478 573 1550 χρὴ
603 1474 906 1547 θαυμάζειν
943 1476 1070 1539 τοὺς
1108 1476 1391 1546 μετιόντας
1420 1476 1622 1547 ἀρετὴν
1649 1474 1697 1540 1),
1728 1476 1964 1546 μάλιστα
1998 1475 2056 1528 δὲ

463 1572 594 1623 ὅταν
624 1567 836 1622 πολλῶν
882 1566 1053 1639 αὐτὴν
1102 1567 1547 1631 ἀπολειπόντων,
1596 1567 1864 1639 εύρεθῶσί
1910 1584 2057 1630 τινες

463 1661 637 1731 αὐτῆς
668 1659 1039 1730 ἀντεχόμενοι.
1071 1659 1170 1712 Διά
1204 1658 1269 1729 δὴ
1298 1658 1458 1713 τοῦτο
1487 1660 1582 1713 καὶ
1615 1660 1714 1732 τὴν
1744 1659 1842 1731 σὴν
1881 1660 2057 1731 ἐμμέ-

463 1753 617 1807 λειαν
646 1752 950 1823 θαυμάζειν
974 1750 1125 1816 ἄξιον
1154 1750 1274 1822 μεθ’
1310 1751 1638 1824 ὑπερϐολῆς,
1672 1752 1754 1805 ὅτι
1783 1751 2057 1807 τοσούτων

462 1845 786 1917 τραπέντων
816 1842 1047 1917 ἀνδρῶν,
1071 1843 1369 1912 γυναικῶν,
1397 1844 1813 1915 γεγηρακότων,
1842 1843 1950 1897 τῶν
1979 1843 2059 1897 δο-

460 1938 705 1993 κούντων
747 1937 1013 2010 μεγίστην
1042 1937 1314 2007 ὑπόληψιν
1357 1936 1527 2009 ἔχειν,
1568 1937 1786 1992 πάντων
1818 1934 1906 1989 ἐπ’
1932 1934 2057 2006 ὄψιν

461 2032 757 2103 κειμένων,
788 2031 913 2084 οὐδὲ
947 2032 1012 2084 ἐκ
1043 2030 1244 2100 πολλῆς
1277 2029 1520 2101 πολέμου
1554 2029 1758 2102 ῥύμης,
1796 2027 1921 2082 οὐδὲ
1946 2027 2060 2082 ἀπὸ

461 2124 699 2195 σφοδρᾶς
728 2123 837 2176 τῶν
868 2121 1082 2193 ἐχθρῶν
1121 2120 1505 2193 παρατάξεως,
1536 2119 1673 2174 ἀλλά
1711 2118 1817 2192 πρὸ
1853 2118 2061 2190 ουμϐου

459 2216 561 2288 λῆς
610 2216 912 2280 πεσόντων,
965 2214 1074 2285 πρὸ
1127 2211 1452 2283 συμπλοκῆς
1497 2211 1865 2285 ἡττηθέντων,
1915 2210 2054 2283 αὑτὴ

458 2309 605 2383 μετά
636 2308 907 2372 τοσαύτας
936 2309 1117 2378 μάχας
1159 2308 1255 2362 καὶ
1304 2303 1645 2376 παρατάξεις
1679 2305 1740 2359 ού
1790 2305 1951 2376 μόνον
1990 2303 2052 2357 ού

461 2400 972 2474 κατεμαλακίσθης,
1019 2399 1143 2453 οὐδέ
1184 2397 1542 2470 ἐταριχεύθης
1572 2396 1651 2468 τῷ
1704 2397 1900 2469 πλήθει
1945 2398 2056 2451 τῶν

461 2494 672 2554 κακῶν.
695 2492 832 2547 ἀλλά
852 2492 948 2545 καὶ
970 2491 1224 2563 νεανιεύῃ
1262 2490 1548 2562 μειζόνως,
1574 2490 1669 2544 καὶ
1695 2489 1805 2544 τῶν
1830 2489 2056 2558 ἀγώνων

461 2590 496 2659 ἠ
534 2585 823 2659 προσθήκη
856 2584 1177 2656 προσθήκην
1214 2601 1296 2638 σοι
1332 2582 1550 2636 δίδωσιν
1597 2580 1802 2653 ἰσχύος.
1841 2582 1905 2637 Ἦ
1947 2582 2056 2655 γὰρ

461 2680 571 2736 τιῖιν
598 2681 702 2751 ῆδη
732 2677 1189 2749 κατορθωθέντων
1222 2677 1432 2748 μνήμη,
1453 2677 1550 2729 καὶ
1578 2675 1937 2746 εὐφροσύνης,
1962 2676 2057 2730 καὶ

462 2773 659 2843 χαρᾶς,
685 2769 782 2823 καὶ
808 2767 1059 2840 μείζονός
1091 2785 1174 2820 σοι
1192 2766 1401 2835 γίνεται
1430 2766 1742 2840 προθυμίας
1774 2767 2051 2832 ὑπόθεσις.

458 2863 560 2918 Διά
590 2862 763 2916 ταῦτα
794 2862 1094 2932 χαίρομεν,
1131 2859 1448 2931 σκιρτῶμεν
1470 2901 1485 2925 ,
1519 2859 1962 2932 εὐφραινόμεθαο
1992 2862 2053 2915 ού

457 2955 569 3025 γάρ
596 2954 878 3024 παύσομαι
910 2952 1154 3024 συνεχῶς
1177 2952 1339 3006 τοῦτο
1377 2952 1578 3021 λέγων,
1614 2954 1710 3007 καὶ
1740 2954 2055 3026 περιφέρων

458 3064 567 3118 μου
595 3045 876 3117 πανταχοῦ
903 3044 1003 3115 τῆς
1036 3046 1214 3117 χαρᾶς
1243 3046 1342 3115 τὴν
1378 3046 1658 3099 ὑπόθεσιν.
1684 3047 1848 3099 ’Ὥστε
1872 3048 1922 3100 εἰ
1959 3045 2058 3101 καὶ

455 3140 487 3189 ὁ
530 3139 798 3209 ἡμέτερός
841 3154 902 3191 σε
958 3137 1122 3190 λυπεῖ
1166 3136 1487 3208 χωρισμὸς,
1521 3137 1659 3192 ἀλλά
1699 3138 1930 3210 μεγίστη
1973 3155 2056 3193 σοι

458 3227 601 3299 α’ύτη
626 3228 738 3282 τῶν
782 3227 1230 3298 κατορθωμάτων
1260 3226 1414 3300 [585]
1438 3230 1472 3300 ἡ
1509 3228 1857 3302 παράκλησις
1882 3246 1895 3260 ο
1932 3229 2056 3282 ἐπεὶ

459 3319 559 3373 καὶ
593 3320 754 3389 ἡμεῖς
783 3318 1038 3372 τοσοῦτον
1080 3318 1460 3389 ἀπῳκισμένοι
1488 3319 1662 3391 μῆκος
1685 3319 1831 3385 όδοῦ,
1866 3320 1928 3373 οὐ
1961 3337 2054 3391 μι-

457 3411 599 3485 κράν
629 3411 901 3479 ἐντεῦθεν,
929 3411 1040 3466 ἀπὸ
1066 3412 1166 3483 τῆς
1197 3411 1299 3482 σῆς
1330 3411 1586 3486 ἀνδρείας
1610 3413 1772 3484 λέγω,
1807 3411 2055 3485 καρπού-

461 3506 606 3580 μεθα
633 3507 1001 3579 εὐφροσύνην.

780 3596 939 3666 Πρὸς
966 3595 1083 3665 τὴν
1100 3593 1297 3665 αὐτὴν
1324 3594 1621 3666 ἐπιστολὴ
1651 3597 1729 3665 Z',

531 3697 603 3746 α’.
638 3690 706 3744 Τί
738 3689 877 3761 φῄς;
902 3690 1016 3744 Οὐκ
1042 3688 1277 3761 ἐστησας
1296 3688 1578 3760 τρόπαιον,
1602 3688 1724 3742 οὐδὲ
1751 3689 1867 3761 ῆρω
1897 3687 2055 3761 νίκην

454 3782 719 3855 λαμπράν
737 3799 750 3848 ;
768 3781 891 3836 οὐδὲ
913 3780 1158 3853 ἀνεδήσω
1181 3780 1448 3850 στέφανον
1468 3778 1737 3835 ἀνθοῦντα
1756 3779 2051 3852 διηνεκῶς;

469 3875 611 3928 Ἀλλ’
629 3875 695 3928 οὐ
724 3873 899 3928 ταῦτά
922 3890 1089 3946 φησιν
1118 3873 1152 3944 ἡ
1185 3871 1482 3943 οἰκουμένη
1514 3873 1687 3938 πᾶσα,
1709 3874 1743 3943 ἡ
1774 3873 2053 3945 πανταχοῦ

457 3969 560 4040 τῆς
592 3969 696 4040 γῆς
726 3967 934 4040 ᾇδουσά
963 3984 1057 4020 σου
1080 3966 1150 4022 τὰ
1172 3964 1612 4039 κατορθώματα;
1636 3968 1698 4021 Εἰ
1724 3965 1836 4039 γὰρ
1863 3966 1958 4021 καὶ
1985 3966 2056 4021 τά

460 4062 787 4131 σκάμματα,
811 4060 908 4114 καὶ
934 4059 984 4111 οἰ
1011 4057 1223 4128 ἀγῶνες
1258 4059 1317 4111 ἐν
1348 4057 1429 4111 ἐνὶ
1453 4059 1696 4131 ἵδρυνται
1720 4060 1930 4132 χωρίῳ,
1960 4062 2055 4113 καὶ

457 4154 510 4207 οἰ
540 4151 744 4205 δίαυλοι
775 4167 871 4203 σου
903 4148 1011 4203 τῶν
1051 4147 1292 4221 δρόμων,
1319 4149 1415 4202 καὶ
1452 4149 1521 4202 τά
1558 4151 1681 4204 ἀντί
1711 4151 1934 4222 ἱδρῶτος
1969 4152 2056 4206 αῖ-

463 4261 634 4314 ματος
657 4241 1091 4313 ἐμπεπλησμένα
1113 4258 1205 4295 σου
1226 4241 1581 4314 παλαίσματα
1602 4244 1791 4298 αὐτόθι
1807 4246 2050 4316 γέγονεν,

458 4335 577 4390 ἀλλ’
614 4337 648 4407 ἡ
672 4334 799 4401 δόξα
822 4333 1027 4388 τούτων
1066 4335 1161 4387 καὶ¹
1185 4335 1220 4405 ἡ
1247 4333 1496 4406 εὐφημία
1531 4334 1603 4389 τά
1636 4336 1885 4409 τέρματα
1918 4356 2052 4393 κατ-

457 4429 650 4502 είληφε
678 4426 779 4499 τῆς
795 4437 820 4466 ο
846 4424 1190 4497 οἰκουμένης.
1210 4426 1285 4479 Σὺ
1307 4426 1364 4479 δέ
1391 4425 1531 4480 αύτά
1558 4426 1733 4499 μείζω
1753 4428 2053 4503 βουλομένη

458 4521 707 4592 ποιῆσαι,
752 4519 850 4573 καὶ
892 4517 1114 4572 πλείονα
1154 4516 1225 4572 τά
1278 4516 1507 4590 βραϐεῖα
1551 4519 1915 4592 ἐργάσασθαι,
1958 4523 2055 4576 καὶ

454 4614 582 4677 τοὺς
629 4611 737 4666 ἀπὸ
776 4610 879 4681 τῆς
922 4609 1433 4683 ταπεινοφροσύνης
1472 4611 1656 4676 αὐτοῖς
1705 4613 2054 4685 προσέθηκας

458 4704 778 4774 στεφάνους,
812 4703 1050 4772 λέγουσα
1073 4701 1329 4756 τοσοῦτον
1367 4702 1598 4775 ἀπέχειν
1635 4703 1742 4760 τῶν
1773 4706 2053 4779 τροπαίων

456 4796 686 4861 τούτων,
717 4797 842 4849 ὅσον
867 4796 916 4849 οἱ
944 4794 1132 4867 νεκροὶ
1163 4793 1272 4848 τῶν
1295 4792 1533 4857 ζώντων.
1566 4795 1690 4850 Ὅτι
1713 4796 1822 4869 γὰρ
1859 4814 2055 4853 ταπει-

459 4886 798 4958 νοφροσύνης
828 4885 897 4940 τά
925 4887 1170 4959 ῥήματα,
1205 4884 1406 4956 μᾶλλον
1434 4884 1494 4951 ἐξ
1524 4886 1706 4941 αὐτῶν
1735 4903 1795 4941 σε
1833 4888 2052 4956 ἐλέγξαι

408 4968 411 4969 ν
460 4978 797 5051 πειράσομαι
832 4978 942 5032 τῶν
982 4977 1391 5049 γεγενημένων.
1431 4976 1717 5043 Ἐξέπεσες
1759 4981 2049 5054 πατρίδος,

457 5070 658 5137 οἰκίας,
695 5070 885 5140 φίλων,
920 5069 1197 5139 συγγενῶν
1218 5084 1233 5100 ·
1263 5069 1402 5141 πρὸς
1437 5069 1537 5141 τὴν
1582 5070 1881 5144 ὑπερορίαν
1922 5091 2052 5145 μετ-

460 5162 621 5233 έστης
644 5181 659 5194 ο
694 5162 754 5216 ού
803 5162 1041 5227 διέλιπες
1067 5162 1189 5218 καθ’
1225 5162 1467 5234 ἑκάστην
1489 5164 1910 5237 ἀποθνῄσκουσα
1952 5168 2051 5240 τὴν

457 5254 695 5326 ἡμέραν,
746 5254 842 5308 καὶ
881 5254 943 5308 τὸ
972 5255 1039 5326 τῇ
1085 5253 1247 5325 φύσει
1277 5255 1466 5310 λεῖπον
1508 5258 1578 5328 τῇ
1620 5258 1911 5331 περιουσίᾳ
1951 5260 2052 5331 τῆς

458 5348 834 5420 προαιρέσεως
870 5346 1282 5418 ἀναπληροῦσα.
1316 5347 1538 5418 Ἐπειδὴ
1572 5347 1681 5420 γὰρ
1713 5349 1815 5402 οὐκ
1844 5348 1925 5402 ἔνι
1957 5351 2052 5404 ἀν-

460 5439 678 5512 θρωπον
708 5439 839 5492 ὄντα
864 5439 930 5509 τῇ
959 5437 1126 5510 πείρᾳ
1158 5437 1386 5504 πολλοὺς
1427 5438 1692 5502 θανάτους
1735 5439 2048 5507 ἀποθανεῖν,

457 5535 524 5604 τῇ
549 5529 746 5605 γνώμῃ
769 5530 929 5584 τοῦτο
954 5530 1284 5601 πεποίηκας.
1322 5531 1433 5588 Καὶ
1470 5533 1532 5585 τὸ
1564 5531 1629 5604 δὴ
1665 5531 1943 5603 μέγιστον,
1982 5535 2053 5589 τά

518 5647 544 5675 ³
570 5645 680 5694 Duo
695 5657 811 5692 mss.
834 5645 931 5691 τῶν
951 5642 1148 5704 ἀγώνων
1170 5642 1441 5701 διελθόντες.

516 5705 546 5773 13
566 5704 702 5773 lgem
725 5705 974 5773 θαυμάζειν
996 5705 1082 5761 τὴν
1101 5704 1239 5773 ἰσχυν
1258 5706 1353 5773 τῶν
1381 5704 1634 5773 μετιόγτῳν
1767 5709 1955 5773 ἀρετήν.

523 5767 549 5830 ξ
586 5766 693 5813 Duo
712 5766 827 5813 mss;
852 5767 1065 5830 τέρματα
1099 5766 1338 5826 κατέμαθε
1378 5766 1478 5824 τῆς.
1508 5767 1636 5817 Infra
1660 5766 1813 5818 iidem"
1830 5766 1911 5820 καί
1941 5772 2052 5830 τοὺς

454 5821 555 5875 ἀπὸ
587 5830 673 5881 τῆς
691 5821 1119 5887 ταπεινοφροσύνης
1143 5821 1296 5890 σαυτῇ
1324 5821 1601 5891 περιέθηκας
1621 5832 1894 5893 στεφάνους.

1467 6357 1503 6362 f
1607 6359 1866 6368 u——-——A

3653 355 3757 412 609.

2173 459 2274 531 μὲν
2308 459 2623 531 πάσχουσα,
2665 461 2735 516 τά
2778 458 2836 516 δέ
2889 461 3180 517 πείσεσθαι
3218 464 3617 535 προσδοκῶσα,
3661 454 3759 525 οὐκ

2164 551 2388 604 ἐπαύσω
2432 551 2512 622 τῷ
2562 553 2937 625 συγχωροῦντι
2985 552 3106 625 Θεῷ
3156 553 3333 611 ταῦτα
3372 557 3623 625 γίνεσθαι
3664 562 3761 635 τὴν

2164 643 2305 715 ὑπὲρ
2326 644 2510 699 αὐτῶν
2543 645 2896 719 ἀναφέρουσα
2930 646 3260 717 δοξολογίαν,
3291 651 3385 704 καὶ
3418 652 3648 724 καιρίαν
3683 655 3762 726 τῷ

2159 735 2393 807 διαϐόλῳ
2433 735 2653 793 διδοῦσα
2689 739 2927 811 πληγήν.
2955 740 3082 796 Ὅτι
3113 740 3224 814 γάρ
3252 743 3347 796 καὶ
3388 745 3618 816 καιρίαν
3648 745 3761 800 ἐδέ-

2161 827 2308 894 ξατο,
2345 828 2515 895 ἔδειξε
2548 830 2615 885 δι’
2645 823 2721 886 ὧν
2758 832 3021 903 μειζόνως
3055 833 3296 905 προσιὼν
3335 835 3646 902 ὡπλίζετο’
3684 838 3761 892 διὸ

2162 919 2258 971 καὶ
2304 917 2666 990 χαλεπώτερα
2725 920 2796 974 τά
2840 921 3042 994 ὕστερα
3088 923 3200 977 τῶν
3258 925 3495 995 πρώτων
3542 927 3759 995 γέγονε.

2160 1009 2433 1082 Καθάπερ
2459 1010 2568 1083 γὰρ
2598 1012 2860 1083 σκορπίος
2890 1013 2924 1084 ἢ
2952 1014 3097 1084 όφις,
3120 1016 3249 1070 ὅταν
3282 1017 3598 1090 βαθυτέραν
3622 1019 3762 1092 λάϐῃ

2162 1102 2399 1176 πληγὴν.
2441 1103 2704 1175 μειζόνως
2751 1105 2812 1159 τὸ
2858 1107 3086 1177 κέντρον
3122 1110 3263 1180 ἄρας
3308 1110 3454 1164 κατὰ
3483 1110 3585 1163 τοῦ
3620 1112 3761 1183 πλή-

2162 1195 2350 1260 ξαντος
2370 1196 2737 1264 ἐξανίσταται,
2773 1201 2872 1271 τῆς
2913 1201 3114 1273 πολλῆς
3152 1202 3447 1274 ἀλγηδόνος
3480 1204 3760 1270 ἀπόδειξιν

2162 1292 2423 1362 παρέχων
2476 1294 2578 1366 τὴν
2627 1294 2895 1368 ραγδαίαν
2936 1296 3077 1350 κατά
3112 1296 3206 1351 τοῦ
3244 1299 3501 1362 παίοντος
3540 1300 3756 1372 ῥύμην·

2160 1384 2304 1439 οὕτω
2350 1386 2416 1459 δὴ
2449 1389 2543 1442 καὶ
2587 1388 2650 1441 τὸ
2691 1389 3050 1461 ἀναίσχυντον
3081 1390 3269 1463 θηρίον
3321 1392 3523 1459 ἐκεῖνο,
3570 1395 3758 1468 ἐπειδὴ

2159 1476 2230 1529 τὰ
2255 1478 2549 1551 τραύματα
2576 1480 2658 1545 εἰς
2691 1480 2855 1552 βάθος
2879 1482 3099 1550 ἐδέξατο
3125 1484 3276 1556 παρά
3308 1485 3410 1555 τῆς
3440 1486 3757 1557 θαυμασίας

2161 1588 2256 1625 σου
2305 1572 2401 1625 καὶ
2450 1572 2662 1645 ὑψηλῆς
2716 1573 2931 1645 ψυχῆς,
2969 1576 3232 1646 μειζόνως
3283 1578 3629 1650 ἐπεπήδησε,
3666 1583 3757 1636 καὶ

2160 1659 2380 1724 πλείους
2427 1661 2677 1733 ἐπήγαγε
2729 1664 3094 1735 πειρασμούς.
3150 1666 3435 1737 Ἐπήγαγε
3505 1669 3615 1739 μὲν
3652 1672 3754 1743 γὰρ

2159 1753 2388 1816 ἐκεῖνος,
2420 1754 2519 1825 οὐχ
2549 1755 2578 1807 ό
2611 1753 2773 1818 Θεόςο
2819 1757 3170 1829 συνεχώρησε
3202 1759 3260 1813 δὲ
3302 1762 3331 1813 ό
3369 1759 3531 1825 Θεὸς,
3581 1763 3752 1830 αὔξων

2161 1860 2256 1898 σου
2276 1845 2367 1899 τὸν
2392 1844 2641 1909 πλοῦτον,
2667 1847 2890 1917 μείζονα
2914 1848 3082 1902 ποιῶν
3097 1851 3196 1924 τὴν
3213 1853 3507 1923 ἐμπορίαν,
3536 1854 3751 1911 πλείονα

2158 1936 2217 1991 δὲ
2240 1938 2519 2010 προξενῶν
2539 1940 2632 1993 τὸν
2660 1941 2875 2011 μισθὸν,
2903 1942 3296 2015 δαψιλεστέραν
3327 1947 3427 2017 τὴν
3456 1946 3748 2006 ἀντίδοσιν.

2157 2031 2250 2101 Μὴ
2280 2031 2464 2085 τοίνυν
2511 2033 2818 2105 ταράττου,
2856 2035 2992 2106 μηδέ
3034 2034 3288 2108 θορυϐοὗ.
3333 2040 3432 2104 Τίς
3464 2042 3580 2114 γάρ
3626 2060 3751 2097 ποτε

2158 2119 2334 2190 ἔκαμε
2364 2120 2648 2189 πλουτῶν;
2684 2123 2767 2187 τίς
2804 2124 3072 2195 συνεχύθη
3110 2128 3206 2179 ἐπὶ
3233 2127 3332 2192 τὰς
3361 2129 3749 2200 ύψηλοτάταςί

2158 2211 2458 2283 ἐρχόμενος
2491 2212 2701 2284 ἀρχάς;
2737 2215 2801 2268 Εἰ
2826 2215 2883 2268 δέ
2904 2217 2954 2268 οί
2987 2215 3055 2270 τὰ
3078 2217 3396 2291 ἀνθρώπινα
3420 2221 3603 2275 ταῦτα
3634 2240 3750 2277 συνο

2159 2302 2413 2370 άγοντες,
2453 2303 2523 2357 τά
2553 2305 2796 2378 ἐπίκηρα
2846 2307 2941 2360 καὶ
2999 2310 3159 2381 σκιᾷς
3210 2309 3622 2385 ἀδρανέστερα,
3663 2315 3752 2369 καὶ

2156 2394 2337 2449 ἀνθῶν
2362 2394 2514 2468 [584]
2548 2397 2880 2468 σηπομένων
2922 2399 3124 2470 μᾶλλον
3161 2403 3567 2474 μαραινόμενα,
3601 2423 3753 2479 σκιρ-

2156 2487 2316 2550 τῶσι,
2342 2488 2653 2559 χορεύουσι,
2688 2488 2945 2543 πέτονται
2978 2489 3083 2544 ὑπὸ
3113 2491 3213 2562 τῆς
3246 2492 3464 2564 ἡδονῆς,
3488 2496 3592 2566 τῆς
3619 2496 3749 2567 ὁμοῦ

2158 2596 2213 2633 τε
2236 2580 2573 2651 φαινομένης
2604 2581 2700 2635 καὶ
2731 2582 3138 2656 ἀφιπταμένης,
3179 2585 3276 2638 καὶ
3307 2587 3600 2657 ποταμίων
3629 2591 3750 2661 ῥευο

2161 2672 2348 2743 μάτων
2410 2673 2759 2746 μιμουμένης
2808 2673 3008 2748 δρόμον
3034 2691 3048 2707 ·
3085 2675 3265 2746 πολλῷ
3309 2677 3517 2748 μᾶλλον
3568 2680 3630 2733 σέ
3675 2680 3747 2735 δί-

2158 2782 2336 2830 καιον,
2363 2766 2458 2818 καὶ
2492 2766 2542 2818 εἰ
2570 2764 2836 2837 πρότερον
2860 2760 2928 2836 ἧς
2967 2767 3027 2821 ἐν
3060 2766 3342 2839 ἀθυμίαις,
3377 2769 3472 2823 τὸν
3511 2771 3747 2842 παρόντα

2156 2856 2349 2928 καιρὸν
2374 2854 2639 2927 εὐθυμίας
2669 2857 2935 2929 μεγίστης
2963 2859 3297 2932 ποιήσασθαι
3323 2862 3629 2933 πρόφασιν.
3647 2865 3747 2919 Καὶ

2156 2946 2267 3018 γὰρ
2310 2947 2339 2999 ό
2378 2946 2653 3019 θησαυρός
2694 2963 2789 3000 σου
2848 2946 2908 3001 δν
2938 2950 3268 3020 συνήγαγες,
3295 2951 3533 3016 ἄσυλος’
3571 2955 3668 3007 καὶ
3691 2956 3745 3008 τὸ

2155 3038 2399 3110 ἀξίωμα,
2418 3037 2482 3093 τό
2509 3038 2601 3093 διά
2632 3039 2741 3093 τῶν
2789 3040 3133 3111 παθημάτων
3165 3059 3247 3097 σοι
3279 3042 3488 3098 τούτων
3518 3063 3749 3118 συγκρο-

2155 3128 2341 3199 τηθέν,
2368 3128 2620 3201 διαδοχὴν
2653 3130 2755 3183 οὐκ
2785 3125 2947 3197 οἶδεν,
2980 3131 3104 3185 ούδέ
3140 3133 3400 3204 ἀναμένει
3428 3134 3609 3203 τέλος,
3639 3137 3748 3191 ἀλλ’

2157 3221 2307 3275 ἔστιν
2336 3221 2668 3295 ἀπέραντον,
2688 3223 2749 3275 οὐ
2778 3222 3036 3295 δυσκολίᾳ
3062 3223 3295 3295 καιρῶν,
3315 3227 3418 3279 οὐκ
3446 3227 3749 3299 ἀνθρώπων

2155 3315 2492 3383 ἐπιϐουλαῖς,
2523 3316 2586 3370 οὐ
2608 3316 2877 3389 δαιμόνων
2911 3316 3142 3387 ἐφόδοις,
3169 3320 3270 3373 ούκ
3296 3320 3434 3392 αὐτῇ
3470 3321 3750 3376 διακοπτό-

2158 3428 2317 3485 μενον
2345 3413 2413 3483 τῇ
2453 3409 2703 3481 τελευτῇ.
2732 3409 2873 3464 Εἰδέ
2906 3408 3088 3481 βούλει
3116 3411 3212 3464 καὶ
3251 3413 3493 3485 θρηνεῖν,
3518 3417 3653 3480 τοὺς
3685 3416 3746 3469 τά

2152 3504 2381 3558 τοιαῦτα
2399 3501 2804 3575 ἐργαζομένους
2826 3501 3036 3573 θρήνει,
3052 3503 3181 3567 τοὺς
3200 3504 3309 3559 τῶν
3336 3505 3525 3559 κακῶν
3548 3507 3748 3560 τούτων

2154 3598 2443 3662 αὐθέντας,
2473 3596 2601 3660 τοὺς
2634 3595 2939 3667 ὑπηρέτας,
2968 3595 3017 3650 οἳ
3065 3597 3160 3651 καὶ
3192 3599 3273 3662 είς
3313 3598 3376 3651 τὸ
3418 3598 3621 3670 μέλλον
3654 3618 3747 3672 με-

2154 3690 2349 3761 γίστην
2383 3686 2754 3760 ἐθησαύρισαν
2799 3689 3015 3753 ἑαυτοῖς
3050 3691 3341 3764 τιμωρίαν,
3380 3693 3478 3746 καὶ
3512 3694 3746 3749 ἐνταῦθα

2152 3785 2309 3855 δίκην
2337 3782 2527 3837 ἔδοσαν
2553 3782 2653 3854 ἠδη
2682 3781 2783 3854 τὴν
2813 3782 3074 3854 ἐσχάτην,
3100 3783 3371 3837 τοσούτων
3401 3787 3743 3858 ἀποστρεφο-

2156 3874 2336 3946 μένων
2357 3870 2580 3935 αὑτοὺς,
2615 3871 2712 3924 καὶ
2746 3869 3040 3942 πολεμίους
3073 3872 3413 3944 ἡγουμένων,
3448 3876 3741 3947 ἐπαρωμέ-

2153 3984 2280 4032 νων,
2307 3963 2803 4030 καταδικαζόντων.
2829 3965 2892 4020 El
2924 3965 2981 4019 δέ
3010 3965 3113 4019 οὐκ
3137 3965 3486 4021 αἰσθάνονται
3517 3969 3742 4035 τούτων,

2154 4061 2251 4114 καὶ
2272 4059 2361 4114 διά
2386 4059 2548 4114 τοῦτο
2594 4058 2833 4130 μάλιστά
2878 4061 3015 4113 εἰσιν
3054 4059 3314 4125 ἐλεεινοί,
3354 4061 3451 4114 καί⁵
3493 4060 3745 4134 δακρύων

2154 4153 2319 4218 ἄξιοι,
2348 4152 2603 4225 καθάπερ
2627 4154 2677 4206 οἰ.
2708 4151 2974 4224 φρενίτιδι
3004 4154 3360 4224 κατεχόμενοι
3377 4155 3542 4226 νόσῳ,
3564 4154 3748 4210 λακτί-

2157 4245 2342 4311 ζοντες
2374 4245 2474 4317 μὲν
2508 4244 2604 4299 καὶ
2644 4243 2901 4309 παίοντες
2934 4245 3062 4313 τοὺς
3106 4244 3467 4311 ἀπαντῶντας
3494 4248 3624 4318 εἰκῆ
3654 4248 3745 4302 καὶ

2157 4338 2358 4409 μάτην,
2390 4335 2652 4400 πολλάκις
2680 4335 2738 4390 δὲ
2780 4336 2878 4391 καὶ
2907 4337 3037 4401 τοὺς
3062 4337 3502 4409 εὐηργετηκότας
3529 4339 3632 4394 καὶ
3659 4340 3737 4409 φί-

2154 4426 2302 4492 λους,
2338 4426 2439 4480 οὐκ
2473 4424 2857 4497 αἰσθανόμενοι
2878 4425 2936 4479 δὲ
2960 4426 3063 4497 τῆς
3094 4427 3316 4499 μανίας,
3343 4422 3412 4500 ἦς
3436 4429 3742 4499 μαίνονται.

2153 4517 2245 4570 Διὸ
2266 4516 2362 4571 καὶ
2398 4515 2593 4570 ἀνίατα
2621 4513 2907 4581 νοσοῦσιν,
2939 4514 3067 4568 οὔτε
3120 4515 3338 4587 ἰατροὺς
3372 4515 3744 4588 προσιέμενοι,

2153 4605 2279 4661 οὔτε
2318 4606 2630 4678 φαρμάκων
2660 4604 3016 4676 ἀνεχόμενοι,
3066 4605 3203 4661 ἀλλά
3251 4605 3347 4660 καί⁸
3394 4606 3523 4671 τοὺς
3580 4608 3744 4681 θερα-

2154 4698 2287 4752 πεύε
2299 4717 2346 4753 ιν
2398 4698 2495 4753 καὶ
2540 4699 2854 4769 εὐεργετεῖν
2901 4697 3262 4771 βουλομένους
3311 4701 3424 4763 τοῖς
3481 4701 3746 4765 ἐναντίοις

2152 4792 2531 4864 ἀμειϐόμενοι.
2562 4792 2728 4845 Ὥστε
2770 4792 2867 4847 καὶ
2907 4792 2996 4846 διὰ
3026 4791 3186 4846 τοῦτο
3213 4791 3454 4856 ἐλεεινοὶ,
3481 4792 3537 4845 εἴ
3565 4810 3633 4862 γε
3673 4793 3747 4866 μὴ

2153 4884 2501 4939 αἰσθάνονται
2532 4884 2632 4957 τῆς
2672 4884 2938 4957 τοσαύτης
2966 4884 3248 4958 πονηρίας.
3272 4886 3335 4938 Εἰ
3379 4885 3435 4938 δὲ
3469 4886 3568 4939 καὶ
3611 4885 3749 4958 πρὸς

2151 4978 2251 5050 τὴν
2277 4979 2480 5051 ἐτέρων
2522 4978 2869 5048 κατάγνωσιν
2915 4978 3016 5031 οὐκ
3048 4977 3500 5053 ἐπιστρέφονται,
3530 4976 3632 5030 τοῦ
3671 4979 3751 5031 οἰ-

2155 5071 2304 5126 κείου
2331 5070 2635 5136 συνειδότος
2656 5070 2748 5124 τὸν
2770 5069 2992 5141 ἔλεγχον
3021 5068 3305 5141 ἀμήχανον
3328 5070 3530 5133 αὐτοὺς
3558 5068 3750 5139 διαφυ-

2153 5166 2291 5231 γεῖν,
2313 5163 2404 5218 τὸν
2429 5162 2693 5233 ἀφυκτον,
2718 5163 2810 5216 τὸν
2836 5161 3156 5228 ἀδέκαστον,
3173 5162 3264 5215 τὸν
3288 5159 3468 5215 ούδενῖ
3484 5173 3508 5201 ο
3528 5164 3750 5216 εἴκοντα

2153 5255 2325 5327 φόϐῳ,
2358 5256 2448 5310 τὸν
2490 5255 2551 5309 ού
2593 5254 2866 5327 κολακείᾳ,
2895 5254 2958 5309 οὐ
2995 5255 3290 5327 χρημάτων
3323 5254 3468 5308 δόσει
3500 5255 3749 5326 διαφθει-

2156 5346 2404 5421 ρόμενον,
2437 5348 2499 5401 οὐ
2529 5348 2708 5420 χρόνῳ
2741 5346 2938 5419 μακρῷ
2963 5347 3381 5418 μαραινόμενον.

2226 5437 2291 5508 β’.
2310 5438 2369 5491 'U
2393 5437 2465 5507 γά
2473 5454 2503 5507 ρ
2522 5435 2615 5490 τοῦ
2646 5434 2836 5491 Ἰακὼϐ
2858 5435 2993 5500 υίὸς,
3009 5438 3038 5489 ὁ
3055 5436 3188 5509 πρὸς
3204 5436 3295 5489 τὸν
3316 5434 3531 5506 πατέρα
3550 5435 3742 5502 εἰπὼν,

2152 5529 2233 5583 ὅτι
2256 5529 2444 5602 θηρίον
2471 5530 2707 5602 πονηρὸν
2734 5528 3012 5598 κατέφαγε
3042 5529 3134 5583 τὸν
3164 5529 3385 5600 Ἰωσὴφ,
3422 5531 3520 5583 καὶ
3547 5530 3612 5584 τί)
3647 5549 3742 5584 πο-

2149 5621 2319 5693 νηρὸν
2360 5622 2538 5673 ἐκεῖνο
2578 5619 3017 5693 ὑποκρινάμενος
3054 5620 3268 5691 δρᾶμα,
3317 5621 3412 5675 καὶ
3455 5619 3533 5691 τῷ
3572 5638 3741 5693 προσ-

2215 5712 2241 5752 ἀ
2268 5712 2421 5777 ljdem
2440 5713 2749 5777 ὑψηλοτέρας.

2219 5787 2244 5839 9
2267 5774 2393 5839 ‘I‘r_es
2576 5770 2663 5822 τὸν
2700 5776 2927 5839 άφυκτον,
2947 5775 3030 5825 τὸν
3064 5774 3350 5837 ἀδέκαστον,
3370 5774 3453 5824 τὸν
3481 5772 3651 5824 οὐθενί.
3682 5770 3735 5823 Ιει

2160 5835 2282 5887 edit.
2302 5837 2384 5885 τὸν
2406 5837 2671 5887 ἀδέκαστον
2692 5835 2854 5888 déest.
