3906 6376
161 359 249 418 601

157 488 322 552 cidit,
369 487 467 543 sed
492 488 654 545 etiam
701 489 837 562 ipsa,
870 505 939 546 ne
984 490 1039 546 id
1084 491 1202 547 aliis
1244 493 1425 548 multis
1463 492 1748 559 accideret,

161 577 508 648 prohibuisti.
571 581 747 652 Atque
795 581 873 636 illi
915 595 1022 637 non
1066 582 1226 652 longe
1279 583 1332 637 in
1375 583 1756 639 certaminibus

157 670 454 740 progressi,
488 685 672 725 verum
701 671 754 726 in
795 672 925 742 ipsis
952 674 1244 744 prmludiis,
1271 674 1528 745 ipsisque,
1578 685 1637 730 ut
1680 675 1754 730 ita

156 763 356 827 dicam,
390 764 699 820 carceribus
725 766 1066 835 prosilientes
1086 766 1280 837 dejecti
1307 775 1432 822 sunt
1457 784 1471 821 :
1500 776 1556 822 tu
1581 777 1758 822 autem

157 865 459 911 extremam
505 868 705 913 metam
732 860 1030 916 sexcenties
1072 860 1414 927 circumiens,
1455 861 1508 916 in
1535 861 1760 931 singulis

157 945 410 1002 cursibus
437 947 665 1016 palmam
693 949 985 1021 arripuisti,
1017 951 1199 1007 multis
1222 953 1490 1024 variisque
1505 953 1758 1008 certami-

155 1054 284 1092 num
317 1040 610 1110 generibus
637 1041 824 1110 editis;
853 1050 909 1098 et
934 1045 1128 1100 merito
1143 1044 1381 1116 quidem.
1407 1044 1592 1116 Neque
1614 1048 1759 1101 enim

157 1129 209 1182 in
238 1139 427 1194 :ctate,
459 1147 561 1187 nec
579 1133 634 1187 in
663 1148 911 1205 corpore,
947 1135 1042 1191 sed
1069 1136 1124 1190 in
1148 1138 1329 1194 animo
1351 1137 1467 1193 solo
1493 1144 1550 1193 et
1570 1137 1761 1193 volun-

158 1231 266 1277 tate
295 1222 511 1277 virtutis
525 1225 816 1281 certamina
861 1227 1152 1283 constituta
1192 1236 1335 1285 sunt.
1369 1228 1458 1285 Sic
1495 1236 1551 1284 et
1601 1228 1758 1284 femi-

159 1327 242 1369 nze
262 1329 526 1371 coronam
556 1318 935 1387 obtinuerunt,
969 1328 1023 1375 et
1054 1321 1154 1376 viri
1194 1322 1446 1391 prostrati
1473 1329 1601 1378 sunt
1642 1339 1656 1377 :
1683 1322 1761 1376 sic

160 1414 215 1461 et
266 1408 425 1476 pueri
471 1408 724 1465 celebrati
775 1421 922 1478 sunt,
977 1420 1034 1466 ct
1057 1426 1217 1468 senes
1244 1412 1449 1483 pudore
1491 1421 1650 1482 atque
1684 1412 1762 1483 ig-

164 1498 402 1552 nominia
444 1499 652 1556 suffusi.
701 1500 925 1572 Semper
953 1502 1168 1573 quidem
1220 1502 1474 1558 admirari
1524 1518 1620 1574 par
1677 1511 1763 1558 est

163 1603 254 1644 eos
307 1591 403 1660 qui
450 1592 660 1647 virtutis
713 1593 952 1648 studium
1002 1602 1414 1662 consectantur,
1467 1603 1580 1650 tum
1633 1609 1762 1651 vero

165 1683 436 1754 prmcipue
457 1725 474 1749 ,
502 1700 624 1740 cum
668 1686 848 1742 multis
872 1701 991 1742 eam
1017 1685 1391 1744 deserentibus
1444 1687 1658 1758 quidam
1682 1703 1769 1746 re-

167 1774 448 1842 periuntur
497 1777 588 1846 qui
635 1791 754 1832 eam
798 1778 1242 1848 complectantur.
1295 1779 1408 1834 Hoc
1451 1780 1612 1849 igitur
1656 1794 1763 1836 no-

164 1865 306 1920 mine
359 1877 413 1921 te
442 1882 654 1938 quoque
683 1883 1024 1940 summopere
1063 1870 1319 1925 admirari
1370 1885 1434 1925 ac
1491 1871 1758 1941 suspicere

163 1959 441 2025 convenit,
471 1959 613 2029 quod
641 1975 763 2015 cum
786 1969 864 2016 tot
901 1961 1021 2029 viri,
1074 1970 1152 2018 tot
1179 1962 1409 2027 feminae,
1466 1971 1545 2018 tot
1580 1977 1758 2029 senes,

165 2049 251 2119 qui
301 2050 538 2105 maxima
581 2051 791 2108 virtutis
845 2053 1239 2110 existimatione
1282 2053 1586 2121 ﬂorebant,
1653 2063 1760 2110 ter-

164 2154 227 2208 ga
266 2142 568 2208 verterint,
615 2152 774 2214 atque
826 2154 953 2202 ante
993 2147 1236 2202 omnium
1273 2146 1458 2202 oculos
1508 2146 1760 2218 prostrati

160 2230 398 2299 iaceant,
424 2248 530 2288 non
561 2249 625 2290 ex
654 2235 853 2308 ingenti
884 2235 1008 2292 belli
1033 2238 1252 2309 impetu,
1283 2245 1378 2292 aut
1395 2239 1504 2294 acri
1526 2238 1760 2294 hostium

167 2327 421 2382 conﬂictu
439 2369 454 2392 ,
484 2328 578 2384 sed
621 2337 745 2385 ante
769 2345 996 2402 pugnam
1023 2331 1292 2402 prolapsi,
1318 2339 1443 2386 ante
1462 2331 1763 2386 dimicatio-

173 2436 291 2475 nem
321 2422 452 2476 victi
483 2437 546 2476 ac
576 2423 868 2494 proﬂigati;
898 2434 952 2479 tu
985 2434 1172 2480 contra
1197 2433 1318 2495 post
1357 2434 1434 2482 tot
1462 2439 1665 2496 pugnas
1708 2432 1764 2480 et

168 2512 453 2568 conﬂictus
486 2529 591 2569 non
639 2515 800 2570 modo
849 2516 1111 2570 malorum
1163 2516 1376 2586 agmine
1426 2515 1592 2571 fracta
1641 2529 1764 2570 con-

168 2605 414 2675 rectaque
454 2622 560 2660 non
611 2621 706 2675 es,
759 2607 853 2663 sed
907 2608 1070 2664 etiam
1124 2608 1381 2679 majorem
1427 2608 1554 2664 inde
1597 2607 1762 2663 animi

169 2699 406 2768 vigorem
427 2700 711 2771 collegisti,
732 2715 794 2755 ac
818 2702 1171 2756 certaminum
1193 2703 1581 2758 incrementum
1604 2701 1763 2757 robo-

171 2789 240 2844 ris
286 2792 659 2846 accessioncm
711 2791 803 2846 tibi
845 2791 1022 2846 aﬂ'ert.
1063 2792 1274 2847 Etenim
1327 2807 1505 2848 rerum
1553 2807 1759 2856 earum,

169 2899 299 2955 quas
323 2883 438 2954 jam
469 2900 590 2940 cum
619 2885 776 2942 laude
798 2886 1038 2955 gessisti,
1072 2886 1387 2941 memoriam
1429 2895 1540 2940 tum
1562 2885 1763 2941 lzetitia:

169 2993 229 3032 ac
258 2978 574 3048 voluptatis,
603 2987 713 3034 tum
740 2979 960 3048 majoris
983 2979 1275 3034 alacritatis
1297 2993 1480 3034 ansam
1507 2979 1601 3034 tibi
1632 2993 1763 3051 sup-

170 3069 390 3138 peditat.
434 3069 513 3125 Ac
555 3071 780 3140 proinde
815 3071 1135 3142 gaudemus,
1178 3073 1484 3138 exsilimus,
1511 3081 1566 3128 et
1610 3073 1762 3128 laeta-

167 3179 289 3218 mur
322 3181 335 3216 :
370 3179 544 3234 neque
569 3165 712 3221 enim
743 3166 846 3224 hoc
866 3165 1096 3222 subinde
1121 3175 1385 3237 repetere,
1433 3176 1594 3238 atque
1639 3165 1763 3221 ubi-

166 3271 270 3327 que
295 3257 478 3328 gaudii
501 3259 606 3316 mei
646 3260 924 3315 materiam
951 3258 1297 3315 circumferre
1322 3258 1586 3315 desinam.
1619 3257 1764 3326 Quo-

164 3349 308 3404 circa
334 3349 381 3404 si
423 3349 664 3406 absentia
703 3358 886 3406 nostra
919 3359 971 3407 te
1007 3351 1172 3422 angit,
1217 3361 1272 3407 at
1297 3352 1524 3406 maxima
1557 3350 1650 3406 tibi
1696 3366 1763 3407 ex

165 3442 266 3507 iis,
297 3457 421 3513 quae
448 3457 571 3499 cum
611 3442 806 3500 virtute
839 3445 1089 3515 gessisti,
1149 3444 1445 3500 consolatio
1486 3442 1759 3514 suppetit:

162 3536 599 3607 quandoquidem
626 3550 724 3593 nos
751 3552 986 3608 quoque,
1043 3544 1190 3592 tanto
1221 3536 1430 3592 itineris
1474 3533 1760 3590 intervallo

161 3638 269 3683 ate
296 3627 575 3698 disjuncti,
604 3644 709 3684 non
738 3643 954 3700 parvam
983 3629 1127 3694 hinc,
1155 3628 1256 3684 hoc
1281 3636 1365 3684 est
1389 3643 1458 3684 ex
1483 3636 1569 3682 tua
1597 3626 1761 3680 animi

161 3718 551 3789 magnitudine,
580 3719 990 3775 delectationem
1018 3719 1279 3790 capimus.

272 3813 357 3867 Ad
399 3813 625 3866 eamdem
653 3813 868 3884 epistola
903 3811 1034 3867 VII.
1060 3812 1303 3885 (Cucuso
1329 3827 1470 3867 anno
1490 3811 1650 3882 405.)

235 3903 262 3958 Ι
277 3942 290 3958 .
333 3902 469 3970 Quid
493 3903 606 3958 ais?
629 3903 909 3974 Tropaeum
932 3919 1041 3959 non
1063 3903 1298 3967 erexisti,
1326 3917 1423 3958 nec
1447 3902 1758 3972 praclaram

164 3994 442 4048 victoriam
472 3993 770 4062 obtinuisti,
799 4011 901 4052 nec
925 4004 1181 4066 perpetuo
1209 3995 1469 4052 virentem
1503 4010 1756 4050 coronam

159 4087 356 4157 adepta
385 4087 484 4142 es?
509 4089 703 4144 Annon
731 4089 847 4144 hac
872 4089 1016 4146 orbis
1062 4090 1346 4146 universus
1371 4089 1624 4160 afﬁrmat,
1667 4092 1757 4162 qui

160 4177 362 4247 ubique
389 4187 649 4234 terrarum
677 4190 763 4235 tua
793 4187 938 4236 recte
975 4180 1111 4236 facta
1127 4181 1408 4236 decantat?
1427 4182 1756 4253 Quamquam

156 4269 305 4323 enim
333 4281 390 4324 et
415 4270 696 4339 palaestrae,
726 4279 781 4325 et
805 4271 1098 4326 certamina
1124 4271 1178 4326 in
1209 4287 1317 4327 uno
1346 4273 1466 4328 loco
1483 4274 1582 4328 sita
1607 4281 1752 4341 sunt,

155 4370 212 4415 et
231 4375 484 4416 cursuum
509 4372 718 4419 tuorum
735 4365 925 4433 spatia,
953 4371 1008 4420 et
1025 4365 1451 4422 concertationes
1473 4374 1597 4434 tute,
1627 4381 1722 4421 san
1741 4400 1756 4410 ο

155 4453 343 4523 guine,
377 4469 482 4508 non
505 4455 703 4511 sudore
724 4455 955 4524 refertae,
983 4456 1094 4512 illic
1121 4457 1472 4512 exstiterunt:
1501 4468 1753 4513 atearum

156 4554 340 4600 tamen
367 4561 545 4600 rerum
585 4547 754 4617 gloria
779 4557 833 4603 et
857 4546 1250 4603 commendatio
1279 4556 1549 4604 extremos
1595 4556 1754 4602 terra:

154 4635 294 4691 ﬁnes
322 4638 626 4706 occupavit.
656 4638 734 4693 Tu
774 4653 901 4694 vero
916 4653 979 4695 ea
1001 4639 1236 4694 auctiora
1268 4638 1516 4706 reddere,
1543 4653 1605 4694 ac
1635 4640 1753 4710 pal-

150 4742 274 4782 mas
299 4729 628 4798 ampliﬁcare
645 4730 885 4796 studens,
905 4745 1244 4802 easquoque,
1271 4745 1404 4802 quas
1428 4732 1591 4786 animi
1620 4733 1751 4788 sub-

148 4819 345 4874 missio
367 4821 522 4889 parit,
551 4835 777 4876 coronas
806 4822 935 4892 ipsis
964 4821 1274 4892 adjunxisti,
1305 4822 1432 4878 dum
1462 4831 1516 4880 te
1546 4833 1750 4880 tantum

147 4911 220 4966 ab
267 4911 419 4967 hisce
463 4915 678 4985 tropaeis
720 4913 912 4970 abesse
937 4915 1164 4982 asseris,
1194 4925 1450 4986 quantum
1494 4918 1688 4973 mortui
1719 4932 1748 4971 a

148 5004 292 5060 vivis
321 5006 510 5060 remoti
531 5015 675 5062 sunt.
699 5006 834 5063 Nam
858 5007 1002 5079 quod
1024 5007 1140 5064 haec
1159 5008 1320 5064 verba
1337 5009 1404 5064 ab
1423 5011 1586 5065 animi
1611 5010 1738 5065 sub-

147 5097 411 5152 missione
438 5096 675 5166 profecta
704 5099 832 5165 sint,
863 5113 932 5154 ex
956 5098 1021 5154 iis
1046 5100 1176 5170 ipsis
1199 5101 1374 5169 potius
1405 5116 1524 5171 qua:
1567 5101 1740 5156 conti-

147 5197 370 5257 gerunt,
403 5189 620 5258 planum
666 5188 846 5247 facere
873 5189 1130 5246 conabor.
1157 5190 1332 5246 Patria
1361 5191 1514 5260 pulsa
1545 5206 1624 5257 es,
1650 5191 1747 5246 do-

142 5295 255 5343 mo,
287 5281 496 5349 amicis,
539 5281 814 5352 cognatis;
847 5283 901 5336 in
942 5280 1186 5337 exsilium
1229 5282 1392 5338 missa
1414 5297 1511 5349 es;
1558 5284 1748 5352 quovis

138 5374 230 5429 die
251 5375 393 5430 mori
419 5391 525 5430 non
547 5375 771 5442 desiisti,
799 5384 957 5446 atque
971 5376 1110 5445 quod
1133 5385 1335 5430 naturae
1355 5375 1539 5432 deerat
1558 5377 1745 5431 volun-

144 5468 270 5522 tatis
299 5477 357 5523 et
390 5467 557 5521 animi
605 5467 954 5536 amplitudine
982 5467 1312 5538 supplevisti.
1342 5467 1475 5522 Nam
1503 5471 1622 5538 quia
1649 5467 1742 5524 ﬁe-

140 5561 186 5613 ri
217 5559 428 5629 nequit,
460 5568 519 5612 ut
541 5557 705 5614 homo
728 5559 904 5629 reipsa
935 5559 1128 5614 multas
1149 5567 1348 5614 mortes
1363 5568 1600 5629 oppetat,
1627 5561 1746 5615 ani-

141 5666 232 5707 mo
259 5665 325 5706 ac
360 5649 638 5704 voluntate
683 5649 784 5704 hoc
804 5647 996 5705 fecisti.
1027 5649 1095 5706 Et
1118 5651 1258 5721 quod
1298 5651 1587 5708 maximum
1616 5661 1700 5709 est
1721 5694 1737 5720 ,

139 5761 259 5798 cum
289 5744 396 5801 alia
431 5741 717 5812 perferres,
749 5741 848 5795 alia
873 5741 984 5812 jam
1012 5742 1226 5814 iamque
1246 5751 1618 5814 exspectares,
1646 5744 1742 5802 Dei

135 5843 310 5894 latum
372 5837 533 5902 cujus
567 5834 829 5908 permissu
874 5837 988 5892 hmc
1017 5835 1236 5906 ﬁebant,
1284 5837 1510 5907 gloriam
1555 5839 1626 5897 ob
1674 5854 1738 5896 ea

480 5948 754 6008 Parnm"
801 5948 919 6012 Gn.
964 5948 1098 6012 ιιι.

1680 377 2050 437 EPISTOLE.

3351 387 3459 443 6M.

1869 494 2180 564 praedicare,
2203 494 2522 567 letalemque
2538 495 2750 552 diabolo
2777 494 2982 566 plagam
3010 496 3208 554 inferre
3235 513 3344 554 non
3367 499 3461 556 de-

1868 585 2072 640 stitisti.
2101 585 2233 641 Nam
2252 587 2392 658 quod
2415 587 2572 643 letale
2593 586 2787 642 vulnus
2816 588 3100 657 acceperit,
3132 589 3254 644 hinc
3275 588 3460 646 deela—

1867 678 2025 744 ravit,
2055 677 2197 748 quod
2225 678 2516 749 majoribus
2543 687 2730 751 postea
2781 679 2946 734 armis
2997 693 3117 736 sese
3163 681 3458 737 instruxit:

1867 768 2008 824 unde
2028 769 2188 825 etiam
2215 771 2478 825 atrociora
2505 771 2770 840 prioribus
2815 772 3110 840 posteriora
3138 771 3277 827 facta
3305 782 3455 828 sunt.

1866 860 2325 928 Quemadmodum
2353 862 2496 917 enim
2526 861 2769 932 scorpius
2817 870 2872 917 et
2892 877 3113 932 serpens
3132 901 3151 930 ,
3201 878 3325 919 cum
3354 865 3460 920 alte

1867 951 2097 1008 deﬁxum
2130 953 2323 1009 vulnus
2347 964 2689 1024 acceperunt,
2743 953 2952 1009 sublato
2972 955 3130 1010 altius
3147 955 3338 1011 aculeo
3361 954 3465 1010 ad-

1869 1059 2060 1100 versus
2080 1060 2224 1112 eum,
2242 1061 2274 1100 a
2293 1061 2400 1116 quo
2420 1046 2657 1117 percussi
2678 1054 2822 1113 sunt,
2845 1045 3144 1116 insurgunt,
3171 1058 3265 1116 per
3283 1060 3462 1103 acrem

1868 1134 2072 1191 scilicet
2095 1136 2150 1191 in
2182 1151 2562 1208 percussorem
2593 1137 2847 1207 impetum
2872 1138 3119 1193 acerrimi
3143 1138 3344 1193 doloris
3371 1153 3465 1194 ar-

1866 1236 2173 1297 gumentum
2191 1227 2506 1284 exhibentes
2534 1244 2548 1281 :
2581 1228 2772 1284 eodem
2797 1229 2957 1284 etiam
2987 1227 3152 1284 modo
3181 1228 3465 1300 impudens

1866 1317 1983 1372 bare
2007 1317 2204 1386 bellua,
2233 1319 2484 1390 quoniam
2510 1319 2578 1374 ab
2602 1317 2904 1374 admirabili
2932 1326 2987 1374 et
3014 1319 3234 1375 sublimi
3278 1320 3461 1375 anima

1869 1418 1956 1464 tua
1985 1408 2246 1480 profunda
2270 1411 2490 1466 vulnera
2521 1411 2710 1466 intimo
2748 1419 2964 1482 pectore
3005 1411 3241 1482 accepit,
3295 1411 3466 1468 vebe-

1870 1501 2189 1557 mentiorem
2219 1502 2272 1557 in
2303 1511 2354 1558 te
2379 1502 2636 1574 impetum
2665 1501 2808 1570 fecit,
2836 1517 2900 1557 ac
2929 1501 3110 1573 plures
3144 1502 3466 1558 tentationes

1869 1593 2124 1648 admovit.
2157 1594 2370 1650 Etenim
2399 1609 2492 1650 eas
2521 1595 2608 1651 ille
2629 1595 2845 1666 quidem
2867 1595 3124 1663 admovit,
3150 1611 3260 1651 non
3287 1597 3462 1652 Deus:

1869 1684 2112 1753 permisit
2155 1696 2332 1740 autem
2391 1687 2556 1754 Deus,
2610 1696 2668 1741 ut
2696 1701 2828 1756 epes
2868 1695 2985 1742 tuas
3037 1697 3285 1758 augeret,
3320 1703 3468 1760 qure-

1868 1786 2114 1847 stumque
2143 1778 2440 1833 uberiorem
2467 1777 2725 1845 efﬁceret,
2772 1787 2932 1849 atque
2971 1779 3285 1849 ampliorem
3321 1794 3468 1835 mer-

1867 1867 2052 1923 cedem
2079 1877 2134 1924 et
2159 1869 2354 1940 largius
2392 1869 2672 1940 prtemium
2703 1869 2796 1924 tibi
2826 1869 3155 1924 conciliaret.
3184 1868 3461 1936 Quamob-

1868 1974 1980 2014 rem
2004 1959 2138 2015 nihil
2165 1969 2245 2015 est
2275 1960 2416 2031 quod
2452 1959 2777 2031 perturberis
2797 1975 2860 2016 ac
2885 1960 3241 2016 tumultueris.
3268 1961 3466 2032 Ecquis

1869 2051 2013 2105 enim
2063 2066 2296 2121 unquam
2327 2052 2507 2106 animo
2555 2051 2808 2121 elanguit,
2835 2050 3025 2120 opibus
3051 2051 3464 2108 circumﬂuens?

1867 2142 2052 2214 ecquis
2089 2143 2426 2212 perturbatus
2455 2153 2560 2211 est,
2600 2143 2668 2197 ad
2692 2157 2928 2197 summas
2953 2142 3238 2212 dignitates
3266 2159 3462 2201 ascen-

1867 2233 2037 2289 dens?
2067 2233 2220 2301 Quod
2262 2235 2306 2288 si
2356 2234 2393 2288 ii
2423 2235 2512 2304 qui
2543 2234 2776 2290 humana
2826 2235 2925 2290 ista
2954 2245 3270 2306 congerunt,
3314 2237 3415 2292 ista
3438 2279 3455 2305 ,

1867 2329 2104 2400 inquam,
2124 2329 2324 2386 caduca
2344 2338 2400 2386 et
2426 2330 2610 2386 umbra
2631 2331 3000 2398 imbecilliora,
3022 2333 3283 2401 citiusque
3305 2345 3464 2400 quam

1867 2420 2065 2491 putridi
2093 2421 2252 2477 ﬂores
2283 2423 2690 2488 marcescentia,
2723 2423 2952 2490 saltant,
2995 2422 3316 2492 tripudiant,
3348 2435 3462 2491 pra:

1866 2513 2141 2585 voluptate
2167 2515 2411 2584 volitant,
2431 2531 2540 2585 prae
2563 2530 2650 2581 ea,
2680 2516 2920 2587 inquam,
2950 2515 3227 2587 voluptate
3249 2529 3370 2585 qua:
3390 2512 3466 2568 si-

1867 2608 1978 2662 mul
1998 2615 2052 2662 et
2076 2617 2296 2679 apparet
2325 2617 2380 2664 et
2399 2609 2596 2673 avolat,
2626 2607 3014 2679 ﬂuminumque
3042 2622 3255 2663 cursum
3287 2605 3465 2660 imita-

1869 2709 1956 2756 tur
1988 2717 2002 2754 :
2032 2709 2234 2769 quanto
2281 2699 2495 2756 tandem
2546 2701 2752 2771 aequius
2805 2708 2887 2755 est
2933 2708 3008 2767 te,
3060 2697 3271 2755 etiamsi
3316 2697 3464 2769 prius

1868 2793 1922 2847 in
1971 2790 2293 2847 maeroribus
2338 2790 2536 2858 fueris,
2576 2806 2643 2846 ex
2697 2791 2948 2861 praesenti
2992 2798 3171 2846 tamen
3217 2799 3460 2858 tempore

1867 2883 2115 2938 maximae
2140 2883 2340 2938 laetitiae
2361 2891 2520 2952 atque
2547 2882 2836 2937 alacritatis
2858 2882 3197 2938 occasionem
3226 2881 3463 2936 haurire?

1868 2972 2176 3029 Thesaurus
2223 2973 2365 3029 enim
2417 2972 2508 3028 ille
2547 2987 2706 3043 quem
2733 2972 3024 3044 collegisti,
3066 2971 3208 3027 furto
3235 2971 3463 3028 subduci

1872 3081 1980 3120 non
2002 3075 2178 3136 potest
2209 3081 2222 3117 :
2261 3080 2360 3121 nec
2384 3065 2550 3121 decus
2575 3063 2727 3132 illud,
2757 3063 2900 3135 quod
2948 3079 3044 3134 per
3065 3063 3162 3120 has
3190 3063 3462 3118 calamita-

1871 3165 1951 3213 tes
1997 3157 2088 3213 tibi
2128 3165 2494 3227 comparatum
2537 3166 2642 3225 est,
2691 3156 3086 3212 successionem
3126 3156 3274 3211 novit
3300 3197 3316 3222 ,
3370 3165 3466 3210 aut

1869 3247 2028 3304 ﬁnem
2057 3257 2351 3319 exspectat,
2383 3248 2479 3304 sed
2522 3249 2589 3304 ab
2618 3249 2765 3305 omni
2801 3248 3028 3304 termino
3071 3248 3304 3304 alienum
3355 3257 3460 3314 est,

1870 3350 1927 3395 ut
1952 3340 2092 3411 quod
2123 3356 2221 3398 nec
2248 3349 2548 3412 temporum
2569 3340 2911 3406 difﬁcultate,
2945 3356 3046 3397 nec
3075 3340 3352 3396 hominum
3382 3339 3467 3396 in-

1868 3433 2040 3498 sidiis,
2093 3449 2192 3490 nec
2216 3433 2520 3490 daemonum
2551 3435 2856 3502 insultibus,
2895 3449 2998 3490 nec
3022 3433 3250 3504 denique
3292 3445 3467 3490 morte

1869 3527 1981 3596 ipsa
2011 3525 2448 3595 interrumpatur.
2473 3525 2625 3594 Quod
2651 3526 2698 3581 si
2727 3526 2886 3581 etiam
2911 3525 3096 3596 lugere
3121 3525 3330 3580 animus
3357 3534 3464 3592 est,

1868 3631 1960 3672 eos
1990 3617 2079 3687 qui
2107 3616 2220 3671 haec
2253 3624 2562 3687 perpetrant
2597 3617 2740 3688 lnge,
2768 3615 2980 3681 borum,
3013 3616 3250 3687 inquam,
3288 3615 3466 3671 ntale-

1867 3725 1984 3764 rum
2016 3718 2283 3776 auctores,
2317 3709 2506 3763 borum
2550 3708 2915 3775 administros,
2948 3708 3038 3778 qui
3094 3716 3148 3764 et
3195 3707 3461 3762 maximos

1867 3801 2098 3872 sibiipsis
2115 3802 2165 3856 in
2189 3801 2424 3856 futurum
2449 3803 2715 3856 cruciatus
2735 3799 3110 3867 condiderunt,
3123 3807 3178 3854 et
3193 3798 3278 3853 hic
3296 3799 3462 3854 etiam

1864 3895 2237 3952 acerbissimas
2256 3910 2441 3966 poenas
2463 3895 2693 3961 luerunt,
2715 3904 2874 3966 upole
2899 3908 3035 3964 quos
3049 3893 3293 3948 homines
3308 3906 3462 3946 aver-

1869 3997 2076 4056 sentur,
2106 3987 2448 4058 hostiumque
2474 3987 2524 4040 in
2547 4001 2771 4042 numero
2788 3985 3041 4053 habeant,
3067 3994 3118 4040 et
3141 3983 3271 4039 diris
3290 3982 3459 4038 devo-

1864 4090 2025 4136 veant
2049 4094 2212 4152 atque
2241 4082 2621 4136 condemnent.
2650 4079 2752 4148 Qui
2791 4081 2835 4134 si
2882 4079 3000 4133 lucc
3050 4094 3155 4133 non
3199 4077 3456 4144 sentiunt,

1865 4174 1966 4229 hoc
1994 4189 2208 4245 quoque
2249 4173 2466 4228 nomine
2518 4172 2857 4243 potissimum
2887 4170 3069 4226 miseri
3114 4178 3238 4225 sunt
3285 4169 3460 4238 lacry-

1863 4267 2070 4339 misque
2095 4267 2268 4339 digni;
2320 4281 2428 4322 non
2459 4281 2615 4322 secus
2662 4265 2909 4320 videlicet
2935 4278 2998 4318 ac
3044 4261 3292 4335 phrenesi
3317 4261 3458 4317 labo-

1861 4371 2065 4429 rantes,
2099 4363 2188 4433 qui
2218 4361 2414 4416 frustra
2456 4359 2669 4430 quidem
2698 4375 2762 4415 ac
2790 4368 2990 4414 temere
3015 4356 3249 4412 calcibus
3269 4354 3458 4411 obvios

1861 4469 2104 4524 quosque
2133 4453 2406 4508 incessunt
2430 4467 2492 4506 ac
2520 4450 2735 4518 feriunt,
2792 4464 2937 4520 saepe
2972 4447 3134 4503 etiam
3161 4446 3363 4501 amicos
3391 4459 3456 4501 ac

1860 4545 1928 4602 de
1969 4561 2027 4600 se
2054 4546 2191 4601 bene
2219 4545 2438 4600 meritos
2459 4561 2472 4596 :
2492 4559 2613 4598 eum
2643 4552 2821 4597 tamen
2849 4541 3102 4609 furorem,
3131 4553 3239 4610 quo
3264 4537 3456 4608 perciti

1859 4648 2002 4704 sunt,
2032 4638 2252 4694 minime
2297 4637 2551 4694 sentiunt.
2577 4635 2658 4692 Ob
2680 4636 2838 4704 idque
2865 4632 3138 4689 incurabili
3164 4631 3352 4687 morbo
3375 4638 3456 4684 tc-

1859 4735 2073 4789 nentur,
2128 4739 2226 4778 nec
2251 4722 2487 4778 medicos
2516 4721 2828 4785 admittunt,
2881 4733 2981 4772 nec
3019 4717 3450 4772 medicamenta:

1856 4818 1983 4887 quin
2029 4816 2204 4887 potius
2234 4830 2328 4871 eos
2372 4829 2584 4886 quoque
2604 4812 2692 4883 qui
2721 4812 2850 4882 ipsis
2878 4809 3079 4864 mederi
3108 4817 3267 4880 atque
3293 4821 3452 4877 opem

1857 4909 1999 4964 ferre
2042 4908 2278 4974 student,
2306 4908 2467 4962 rebus
2499 4903 2780 4962 contrariis
2803 4910 3234 4958 remunerantur.
3269 4899 3452 4970 Itaque

1857 5004 1926 5057 ob
1959 5002 2060 5057 hoc
2088 5017 2298 5072 quoque
2345 5002 2513 5071 ipsum
2559 4997 2739 5054 miseri
2771 4996 2858 5051 isti
2888 5004 3040 5064 sunt,
3075 4995 3120 5050 si
3155 5003 3316 5049 tantae
3346 4993 3451 5048 im-

1857 5095 2135 5164 probitatis
2161 5109 2321 5148 sensu
2351 5100 2557 5149 carent.
2599 5090 2749 5160 Quod
2772 5089 2816 5144 si
2846 5089 3072 5143 aliorum
3119 5087 3452 5144 condemna-

1857 5189 2055 5241 tionem
2103 5185 2234 5240 nihil
2279 5193 2575 5250 morantur,
2617 5194 2674 5236 at
2711 5189 2859 5238 certe
2904 5181 3017 5236 ﬁeri
3051 5197 3156 5236 non
3187 5190 3364 5251 potest
3393 5188 3452 5238 ut

1853 5300 1965 5338 suae
2003 5284 2347 5338 conscientiae
2389 5281 2644 5352 judicium
2671 5277 2946 5350 eﬂ‘ugiant,
2979 5278 3121 5350 quod
3152 5293 3250 5333 nec
3269 5278 3447 5344 vitari,

1855 5392 1951 5431 nec
1978 5376 2246 5445 corrumpi
2275 5381 2470 5445 potest,
2497 5388 2597 5429 nec
2629 5373 2722 5428 ulli
2749 5372 2940 5428 terrori
2969 5372 3129 5438 cedit,
3162 5385 3261 5425 nec
3299 5369 3453 5424 blan-

1851 5470 1997 5525 ditiis
2021 5477 2113 5524 aut
2139 5469 2482 5538 pecuniarum
2502 5467 2780 5538 largitione
2798 5465 3166 5531 labefactatur,
3192 5477 3292 5519 nec
3313 5471 3451 5517 tem-

1851 5560 1998 5632 poris
2027 5561 2374 5616 diuturnitate
2399 5560 2703 5614 marcescit.

1924 5652 1980 5706 2.
2023 5653 2231 5707 Etenim
2282 5651 2370 5706 ille
2412 5651 2596 5707 Jacobi
2638 5649 2800 5716 ﬁlius,
2824 5649 2914 5719 qui
2940 5645 3232 5717 Josephum
3261 5658 3294 5700 a
3335 5658 3450 5699 ma.-

1851 5727 1898 5800 la
1928 5744 2097 5801 bestia
2124 5742 2444 5801 devoratum
2481 5757 2602 5799 esse
2629 5741 2765 5813 patri
2792 5740 3004 5796 dicebat
3046 5735 3196 5811 (Gen.
3219 5737 3332 5808 37),
3387 5749 3449 5789 ac

1851 5838 2166 5896 sceleratam
2197 5835 2427 5894 fabulam
2449 5835 2662 5909 agebat.
2700 5843 2860 5907 atque
2891 5831 2990 5888 hac
3015 5833 3162 5888 larva
3204 5830 3450 5887 fraterna:

3036 5934 3110 5998 11s
