3906 6386
438 383 541 440 605

1182 391 1241 446 S.
1280 391 1556 453 JOANNIS
1595 398 2066 459 CHRYSOSTOMI
2108 403 2431 461 ARCIIIEP.
2473 405 3022 464 CONSTANTINOP.

3603 405 3708 461 60$

437 519 602 577 caedis
655 520 858 577 crimen
909 522 1155 581 obvelare
1209 537 1431 583 conatus
1480 538 1596 596 cs‘t,
1629 533 1766 601 patri
1815 535 2028 602 quidem
2123 519 2538 580 οοηεοίοηιίειητν
2565 535 2685 582 (tum
2718 519 2892 585 ipsum
2924 516 3289 586 οοτιτὲιιθωῑι
3325 517 3467 572 (δι’νο
3502 520 3708 587 Dom"-

444 610 624 667 fucum
674 622 799 667 tunc
850 611 1013 682 fecit,
1059 617 1444 674 conscientiam
1488 632 1665 675 autem
1727 637 1877 677 suam
1933 625 2032 678 mi-

450 705 595 760 nime
627 705 829 771 fefellit,
871 721 970 762 nec
1004 707 1071 763 ab
1111 723 1174 764 ca
1201 718 1261 764 ut
1289 713 1696 782 conquiesceret
1743 717 2031 784 impetrare

431 795 611 864 'potuit
641 812 653 849 :
685 812 870 852 verum
900 813 962 852 ea
993 810 1304 857 constanter
1339 803 1594 860 adversus
1633 806 1805 876 ipsum
1851 807 2030 863 insur-

442 886 631 953 gebat,
666 887 904 942 clamans
946 901 1202 960 perpetuo
1225 933 1242 960 ,
1287 909 1459 965 neque
1485 910 1734 967 umquam
1762 901 2030 968 compesci

442 984 670 1044 poterat.
699 976 830 1032 Nam
863 995 985 1034 cum
1027 981 1338 1039 diuturnum
1371 986 1480 1056 jam
1520 989 1774 1058 temporis
1801 992 2028 1060 spatium

439 1065 853 1136 intercessisset,
886 1069 931 1124 is
959 1072 1048 1141 qui
1076 1073 1369 1130 admissum
1400 1077 1576 1133 scelus
1608 1081 1742 1150 patri
1771 1081 2032 1135 iuliciatus

440 1157 635 1225 fuerat,
667 1176 843 1231 neque
865 1164 1109 1233 cuiquam
1136 1167 1225 1221 alii
1259 1169 1601 1238 prodiderat,
1634 1173 1848 1229 nemine
1876 1189 2032 1229 accu-

439 1259 614 1316 sante,
646 1253 858 1308 nemine
881 1257 1259 1326 convincente,
1284 1262 1496 1318 nemine
1517 1265 1768 1333 instante,
1797 1281 1859 1322 ac
1884 1267 2034 1322 fabu-

442 1338 550 1393 lam
579 1340 718 1396 illam
751 1343 802 1397 in
834 1348 1147 1402 memoriam
1176 1350 1275 1420 ipsi
1303 1351 1598 1422 redigente,
1633 1371 1754 1411 cum
1777 1357 1844 1413 de
1871 1358 2036 1414 liber-

443 1442 553 1489 tate
579 1449 643 1488 ac
670 1435 739 1491 de
778 1437 891 1507 ipsa
923 1440 1028 1494 vita
1058 1441 1479 1512 periclitaretur,
1511 1448 1852 1505 conscientia:
1877 1465 2034 1505 accu-

442 1534 678 1580 satorem
706 1528 757 1580 in
787 1536 892 1582 tam
915 1529 1077 1602 longo
1101 1541 1342 1604 tempore
1367 1551 1473 1591 non
1499 1538 1731 1603 siluisse,
1760 1555 1865 1594 non
1888 1555 2035 1595 com-

446 1627 692 1684 pressura
725 1616 891 1675 fuisse
918 1622 1191 1689 ostendit,
1237 1641 1360 1680 cum
1405 1627 1486 1682 his
1529 1629 1705 1684 verbis
1747 1639 2032 1690 uteretur:

446 1704 594 1759 Certe
620 1723 640 1762 :
669 1709 720 1762 in
743 1713 962 1779 peccatis
987 1715 1120 1768 enim
1143 1732 1318 1772 sumus
1345 1735 1438 1787 pro
1473 1719 1636 1788 fratre
1668 1732 1840 1778 nostra
1869 1739 1887 1778 :
1915 1725 2036 1796 quia

447 1800 763 1868 despeximus
785 1804 1155 1862 tribulationem
1180 1811 1309 1882 ejus,
1342 1820 1388 1866 et
1408 1813 1634 1869 dolorem
1662 1817 1846 1872 animle
1872 1819 2030 1886 illius,

443 1889 563 1941 dum
591 1891 946 1962 deprecaretur
969 1914 1092 1962 nos;
1121 1916 1182 1954 en
1211 1904 1419 1972 sanguis
1447 1905 1554 1975 ejus
1579 1923 1611 1960 a
1638 1907 1779 1962 nobis
1809 1910 2036 1979 exquiri-

439 1988 527 2032 tur
549 1980 708 2052 (Gen.
737 1985 828 2039 42.
861 1986 977 2058 2i).
1005 1991 1164 2060 Atqui
1201 1991 1344 2046 aliud
1383 2006 1499 2050 erat
1529 1997 1730 2052 crimen
1761 1999 1902 2069 quod
1935 2000 2036 2071 ipsi

447 2071 820 2131 intendebatur
848 2096 862 2133 :
891 2093 1011 2133 nam
1036 2080 1162 2136 furti
1194 2081 1618 2155 insimulabatur,
1647 2097 1826 2160 atque,
1861 2100 1916 2145 ut
1941 2107 2037 2146 au-

443 2177 597 2218 reum
638 2167 884 2235 poculum
927 2171 1259 2244 suffuratus,
1303 2176 1355 2230 in
1391 2177 1648 2246 judicium
1690 2181 2035 2250 trahebatur;

444 2269 630 2311 verum
678 2261 929 2329 quoniam
959 2263 1160 2321 nullius
1197 2267 1458 2336 ejusmodi
1485 2270 1726 2326 criminis
1761 2272 1861 2328 sibi
1905 2289 2038 2330 con-

447 2348 590 2402 scius
616 2360 749 2418 erat,
782 2367 887 2408 non
911 2354 1012 2411 hoc
1039 2358 1255 2414 nomine
1281 2359 1723 2432 discruciabatur,
1756 2381 1854 2420 nec
1883 2380 1942 2422 se
1970 2367 2040 2423 ob

450 2454 513 2494 ea
536 2483 550 2507 ,
580 2441 647 2497 de
684 2444 876 2514 quibus
897 2446 1156 2515 judicium
1191 2451 1402 2507 subibat
1431 2462 1590 2524 atque
1624 2455 1677 2509 in
1705 2456 1913 2512 vincula
1941 2457 2041 2513 du-

450 2532 674 2589 cebatur
697 2578 711 2602 ,
746 2536 859 2593 haec
885 2541 1089 2611 perpeti
1112 2541 1324 2598 dicebat
1356 2545 1493 2606 :sed
1519 2545 1588 2600 ob
1631 2561 1694 2602 ea
1723 2562 1843 2619 qute
1882 2565 2041 2606 nemo

451 2625 553 2694 ipsi
579 2627 885 2698 ohjiciebat,
915 2647 1014 2687 nec
1040 2633 1108 2689 de
1136 2635 1198 2690 iis
1231 2650 1416 2705 poenas
1441 2639 1760 2707 expetebat,
1791 2656 1889 2696 nec
1917 2657 2040 2697 eum

447 2718 502 2772 in
537 2719 795 2789 judicium
823 2724 1100 2793 trahebat,
1138 2727 1246 2782 imo
1275 2743 1392 2799 qua:
1434 2729 1672 2786 nondum
1705 2742 2044 2804 perpetrave-

453 2823 573 2877 rat,
603 2815 674 2871 ob
703 2831 764 2871 ea
793 2861 808 2884 ,
849 2819 1065 2892 inquam
1092 2858 1106 2887 ,
1151 2821 1267 2891 ipse
1291 2838 1350 2878 se
1375 2823 1633 2894 prodebat
1659 2834 1712 2881 et
1734 2827 2038 2882 accusabat.

451 2904 790 2963 Conscientia
831 2912 974 2966 enim
1006 2911 1180 2982 ipsum
1210 2915 1598 2986 perstringebat
1624 2934 1638 2970 :
1669 2926 1723 2972 et
1748 2918 1838 2989 qui
1863 2920 2044 2976 animo

449 3012 619 3070 usque
641 3000 777 3056 adeo
807 3001 961 3058 ﬁrmo
991 3013 1044 3059 et
1071 3005 1336 3078 intrepido
1362 3006 1542 3062 fratris
1567 3023 1812 3064 cruorem
1843 3009 2044 3065 effude-

449 3098 557 3158 rat,
590 3095 737 3149 nullo
767 3097 1016 3151 maeroris
1045 3112 1208 3154 sensu
1237 3099 1480 3166 affectus,
1513 3115 1656 3156 nunc
1683 3112 1872 3157 contra
1900 3103 2044 3158 illius

448 3181 621 3236 vicem
652 3182 904 3252 dolebat;
936 3195 990 3242 et
1024 3203 1159 3258 quos
1201 3189 1423 3244 sceleris
1463 3192 1638 3246 socios
1667 3207 1730 3248 ac
1759 3195 2044 3264 participes

452 3269 731 3342 habuerat,
755 3277 1060 3343 accusabat,
1087 3279 1563 3352 crudelitatemque
1584 3297 1798 3338 omnem
1829 3285 2044 3356 tragicis

454 3363 634 3420 verbis
662 3368 1035 3438 exaggerabat,
1061 3370 1267 3438 dicens,
1295 3373 1430 3428 Dum
1456 3375 1814 3445 deprecaretur
1843 3395 1936 3433 nos
1954 3421 1970 3441 ,
1999 3389 2044 3434 et

454 3456 775 3528 despeximus
799 3462 1174 3520 tribulationem
1199 3469 1347 3539 ejus,
1391 3478 1438 3523 et
1481 3471 1706 3526 dolorem
1752 3474 1939 3529 anima:
1979 3475 2046 3529 il-

454 3545 576 3602 lius.
605 3549 755 3616 Quod
783 3553 1004 3624 perinde
1031 3565 1114 3612 est
1139 3573 1202 3613 ac
1231 3559 1276 3614 si
1305 3560 1509 3617 diceret
1537 3580 1549 3617 :
1584 3563 1666 3620 Ad
1691 3565 2045 3624 emolliendos

454 3641 923 3714 animos-nostros,
948 3657 1110 3721 atque
1130 3652 1196 3708 ad
1223 3654 1644 3713 misericordiam
1669 3659 2042 3731 inflectendos,

454 3741 646 3788 natura
679 3734 801 3805 ipsa
841 3739 952 3793 sola
981 3741 1280 3800 sufﬁciebat
1311 3763 1324 3801 :
1351 3755 1408 3801 at
1449 3747 1542 3804 ille
1579 3749 1844 3823 lacrymas
1882 3753 2045 3808 etiam

454 3826 818 3899 adjungebat,
859 3838 1190 3907 supplexque
1219 3853 1317 3894 nos
1363 3839 1713 3909 obsecrabat;
1750 3859 1814 3899 ac
1855 3861 1923 3900 ne
1967 3845 2046 3902 sic

453 3919 670 3986 quidem
702 3936 801 3978 nos
833 3924 1058 3995 inflexit,
1085 3943 1271 3985 verum
1305 3929 1642 4002 Despeximus
1671 3935 2046 3992 tribulationem

452 4014 582 4082 ejus,
616 4025 664 4070 et
688 4017 914 4074 dolorem
943 4026 1128 4079 anima:
1155 4025 1312 4081 illius.
1345 4026 1504 4096 ideo,
1541 4028 1743 4100 inquit,
1783 4031 2044 4101 judicium

453 4103 557 4162 hoc
592 4109 750 4165 nobis
777 4121 1020 4182 paratum
1063 4126 1145 4174 est
1169 4159 1185 4185 ,
1231 4118 1355 4175 ideo
1393 4121 1446 4176 in
1493 4123 1767 4194 sanguinis
1806 4123 2047 4196 periculo

451 4214 769 4268 versamur,
807 4209 1059 4277 quoniam
1099 4211 1153 4266 in
1200 4214 1513 4284 sanguinem
1558 4218 1923 4286 peccavimus.
1962 4219 2045 4276 Ad

452 4289 598 4348 hunc
626 4295 844 4352 modum
872 4300 1034 4356 etiam
1065 4301 1230 4360 Judas
1257 4315 1637 4376 coarguentem
1661 4309 2046 4366 conscientiam

452 4384 676 4443 minime
702 4387 898 4461 ferens,
929 4394 997 4450 ad
1038 4395 1285 4468 laqueum
1317 4414 1375 4454 se
1401 4402 1657 4470 contulit,
1689 4418 1861 4475 eoque
1882 4405 2046 4461 vitam

451 4478 550 4534 sibi
578 4479 794 4537 ademit.
835 4484 901 4540 Et
926 4487 1141 4558 quidem
1169 4531 1184 4556 ,
1213 4505 1334 4546 cum
1365 4491 1646 4561 impudens
1677 4495 1804 4550 illud
1834 4505 2044 4566 pactum

451 4569 588 4628 inire
619 4588 728 4629 non
753 4575 1053 4649 dubitabat,
1083 4580 1266 4638 dicens
1299 4601 1312 4638 :
1349 4583 1486 4650 Quid
1507 4586 1656 4640 vultis
1682 4587 1807 4641 mihi
1835 4588 1976 4656 dare,
1999 4577 2061 4643 et.

449 4677 542 4733 ego
570 4667 708 4722 vobis
728 4683 843 4722 eum
865 4671 1068 4726 tradam
1088 4671 1303 4744 (Matth.
1331 4674 1422 4732 26.
1448 4676 1576 4748 15)?
1603 4692 1710 4733 non
1736 4693 1851 4746 eos,
1876 4679 1966 4750 qui
1994 4679 2048 4734 id

450 4754 757 4826 audiebant,
785 4763 1092 4830 verebatur,
1131 4781 1326 4838 nempe
1351 4768 1494 4840 quod
1517 4769 1811 4842 discipulus
1840 4773 1893 4827 in
1933 4787 2048 4828 ma-

450 4845 674 4912 gistrum
714 4850 976 4919 ejusmodi
999 4857 1202 4912 scelera
1231 4860 1528 4926 moliretur,
1552 4876 1651 4917 nec
1677 4877 1775 4933 per
1795 4878 1888 4919 eos
1907 4863 2044 4930 dies,

453 4939 545 5006 qui
579 4939 781 4995 interea
813 4943 1106 5015 ﬂuxerunt,
1133 4949 1243 5005 ullo
1263 4951 1449 5007 dolore
1471 4955 1826 5024 pangebatur,
1857 4971 2044 5011 verum

451 5042 516 5083 ea
541 5030 816 5100 voluptate
838 5075 854 5100 ,
885 5050 1044 5106 quam
1076 5039 1125 5094 ei
1164 5042 1407 5110 pecuniae
1451 5043 1713 5114 cupiditas
1742 5045 1998 5103 afferebat
2025 5087 2046 5118 ,

455 5120 799 5189 temulentus,
832 5131 1176 5187 conscientiae
1202 5135 1597 5190 accusationem
1627 5153 1732 5192 non
1756 5137 2044 5193 admodum

452 5211 738 5269 sentiebat.
772 5216 842 5272 At
878 5229 1162 5292 postquam
1193 5226 1369 5282 scelus
1400 5227 1626 5298 peregit,
1659 5229 2048 5301 pecuniamque

450 5308 700 5378 sumpsit,
725 5324 788 5366 ac
809 5311 944 5368 lucri
969 5315 1184 5385 quidem
1213 5319 1459 5390 voluptas
1488 5316 1913 5392 ﬁnem'accepit,
1943 5324 2047 5378 cri-

448 5401 608 5457 minis
638 5411 818 5460 autem
846 5408 1117 5464 accusatio
1141 5410 1320 5482 vigere
1352 5413 1514 5482 cepit,
1551 5422 1662 5468 tum
1689 5413 1922 5486 denique
1947 5430 2045 5470 ue-

449 5493 594 5550 mine
614 5505 921 5566 accusante,
947 5499 1164 5556 nemine
1184 5501 1290 5555 vim
1316 5501 1592 5572 afferente,
1616 5505 1828 5560 nemine
1849 5503 2047 5560 cohor-

451 5592 620 5657 tante,
649 5599 841 5659 sponte
866 5605 960 5646 sua
987 5591 1196 5659 abiens,
1225 5600 1341 5647 tum
1371 5594 1654 5664 pecuniam
1694 5596 1758 5650 iis
1787 5610 1816 5649 a
1847 5595 2042 5656 quibus

457 5686 776 5747 acceperat,
809 5678 1076 5748 projccit,
1118 5690 1229 5734 tum
1275 5685 1455 5738 scelus
1504 5700 1661 5738 suum
1695 5685 2042 5742 audientibus

448 5764 564 5821 illis
617 5768 905 5824 confessus
956 5778 1062 5836 est,
1107 5771 1194 5827 his
1245 5774 1424 5829 verbis
1475 5791 1487 5826 :
1540 5775 1776 5840 Pascat-2,
1832 5780 2041 5833 tradens

457 5861 764 5928 sanguinem
819 5863 1025 5931 justum
1078 5863 1302 5936 (Matth.
1357 5867 1447 5921 27.
1503 5869 1586 5938 4).
1649 5868 1833 5942 Neque
1891 5873 2037 5928 enim

2207 606 2414 661 Peccati
2442 609 2748 663 conscientia
2776 611 3042 680 carnifex;
3068 609 3276 680 lugendi
3303 619 3596 680 peccatores
3614 627 3638 676 ;
3656 613 3738 665 vi-

2139 699 2262 752 tium
2289 709 2362 752 est
2396 700 2580 753 animm
2605 717 2760 754 mors.
2797 729 2870 741 -—
2899 700 2976 755 Ea
3020 715 3254 771 namque
3291 701 3498 771 peccati
3543 710 3739 756 natura

2137 798 2219 844 est
2240 832 2254 852 ,
2285 798 2345 844 ut
2368 791 2675 861 priusquam
2721 801 3086 862 perpetratum
3111 793 3220 859 sit,
3261 791 3542 850 hominem
3567 802 3742 849 temu-

2138 881 2296 936 lentia
2327 883 2555 948 alliciat;
2587 892 2932 954 posteaquam
2955 895 3135 940 autem
3165 884 3438 956 expletum
3469 901 3536 941 ac
3566 887 3743 956 perfe-

2137 985 2280 1027 ctum
2298 984 2398 1036 est,
2424 981 2548 1029 tunc
2569 990 2632 1030 ea
2656 975 2897 1046 voluptas
2924 990 3044 1032 sese
3069 977 3400 1047 proripiet-et
3425 979 3743 1048 exstingua-

2141 1074 2247 1131 tur,
2275 1082 2338 1122 ac
2364 1069 2509 1123 solus
2528 1069 2635 1138 jam
2661 1068 2920 1138 deinceps
2946 1077 3052 1125 stet
3075 1079 3376 1137 accusator,
3400 1071 3742 1126 conscientia

2138 1158 2391 1213 nimirum
2427 1161 2694 1215 carnificis
2737 1161 2913 1216 locum
2939 1159 3216 1217 obtinente
3239 1203 3254 1228 ,
3296 1177 3360 1217 ac
3389 1172 3742 1232 peccatorem

2138 1247 2464 1312 lancinante,
2508 1249 2578 1304 ab
2607 1265 2778 1321 eoque
2807 1259 3076 1308 extremas
3120 1267 3306 1322 poenas
3348 1253 3628 1324 exigente,
3682 1267 3745 1308 ac

2140 1339 2360 1410 plumbo
2387 1341 2578 1411 quovis
2607 1341 2820 1411 gravius
2843 1342 2946 1412 ipsi
2975 1343 3334 1399 incumbente.

2211 1432 2264 1487 5.
2298 1433 2474 1502 Atque
2516 1431 2823 1503 hujusmodi
2861 1433 3076 1504 quidem
3106 1435 3158 1489 in
3195 1434 3294 1490 hac
3322 1435 3431 1490 vita
3474 1435 3743 1506 supplicia

2141 1533 2266 1578 sunt
2297 1541 2308 1578 :
2341 1522 2398 1579 iu
2426 1525 2603 1579 futura
2642 1535 2843 1590 autem,
2872 1534 3070 1596 quanta
3096 1527 3161 1581 iis
3185 1527 3362 1598 quise
3393 1527 3478 1584 bis
3519 1529 3742 1584 sceleri-

2140 1615 2242 1670 bus
2286 1616 2645 1686 devinxerint,
2699 1627 3100 1689 proponentur,
3149 1620 3487 1690 exploratum
3549 1621 3738 1678 habes.

2139 1710 2482 1781 Quapropter
2521 1710 2621 1766 hos
2662 1711 2915 1783 lacrymis
2944 1712 3194 1783 prosequi
3229 1727 3292 1768 ac
3333 1713 3541 1770 deflere
3582 1729 3740 1784 opor-

2142 1809 2218 1855 tet
2251 1819 2263 1854 :
2294 1816 2416 1856 nam
2443 1811 2498 1857 et
2537 1802 2732 1857 Paulus
2758 1803 2837 1858 sic
2867 1802 3024 1869 facit,
3053 1803 3181 1858 dum
3213 1804 3278 1858 iis
3303 1805 3395 1874 qui
3427 1813 3648 1861 certant
3679 1820 3739 1861 ac

2141 1891 2418 1962 dimicant,
2443 1894 2703 1965 malisque
2723 1894 3046 1962 afﬁciuntur,
3076 1896 3406 1965 gratulatur;
3435 1912 3535 1953 eos
3561 1907 3737 1954 autem

2141 1984 2232 2053 qui
2263 1996 2520 2055 peccant,
2552 1986 2699 2057 luget
2729 2004 2742 2040 :
2774 1986 2845 2043 ob
2873 1985 3032 2057 idque
3059 1987 3220 2042 etiam
3249 1987 3427 2044 aiebat
3459 2007 3473 2043 :
3499 1987 3590 2043 Ne
3612 1989 3742 2058 forte

2143 2093 2260 2131 cum
2289 2095 2489 2146 venero,
2515 2081 2747 2134 humiliet
2775 2095 2856 2134 me
2883 2079 3024 2135 Deus
3049 2096 3189 2135 meus
3213 2080 3282 2134 ad
3310 2097 3418 2148 vos,
3452 2094 3499 2136 et
3538 2083 3742 2153 lugeam

2142 2170 2329 2223 multos
2349 2185 2521 2224 eorum
2549 2171 2637 2241 qui
2661 2179 2780 2226 ante
2808 2179 3157 2240 peccaverunt,
3183 2181 3230 2225 et
3259 2187 3361 2226 non
3389 2183 3606 2242 egerunt
3631 2190 3740 2242 pae-

2144 2260 2410 2316 nitentiam
2429 2277 2584 2331 super
2603 2261 2926 2315 immunditia
2950 2271 2997 2316 et
3022 2263 3356 2333 fornicatione
3390 2271 3434 2317 et
3460 2262 3744 2333 impudici-

2144 2356 2216 2408 tia
2241 2371 2392 2424 quam
2418 2363 2624 2425 egerunt
2649 2353 2728 2425 (2.
2767 2352 2887 2410 Cor.
2921 2353 3007 2408 l2.
3054 2351 3180 2424 2i);
3227 2369 3291 2408 ac
3320 2370 3508 2408 rursus
3535 2355 3607 2408 ad
3648 2369 3745 2410 eos

2144 2447 2234 2517 qui
2262 2450 2315 2502 in
2335 2448 2631 2503 certamine
2657 2446 3009 2503 versabantur
3031 2463 3046 2501 :
3067 2445 3298 2514 Gaudeo,
3325 2457 3374 2502 et
3396 2448 3630 2519 gratulor
3656 2464 3746 2502 ea-

2146 2541 2221 2594 bis
2241 2542 2471 2595 omnibus
2493 2539 2749 2611 (Philipp.
2772 2540 2824 2596 2.
2858 2537 2966 2610 l7).
2994 2539 3258 2607 Quocirca
3286 2553 3386 2595 nec
3405 2554 3597 2594 eorum
3622 2555 3743 2609 qua:

2145 2636 2508 2702 contigerunt,
2541 2646 2641 2687 nec
2667 2646 2852 2686 eorum
2878 2646 2997 2702 qua:
3021 2629 3115 2685 tibi
3139 2628 3522 2684 denuntiantur
3547 2671 3562 2695 ,
3590 2629 3742 2700 quid—

2146 2743 2305 2799 quam
2329 2736 2380 2782 te
2393 2727 2688 2798 perturbet.
2709 2725 2892 2795 Neque
2913 2724 3058 2780 enim
3089 2723 3282 2778 fluctus
3310 2737 3498 2794 rupem
3531 2722 3740 2792 percel-

2148 2820 2284 2886 lunt,
2308 2834 2493 2875 verum
2517 2833 2622 2890 quo
2641 2816 3044 2872 vehementiore
3063 2816 3264 2886 impetu
3290 2815 3343 2869 in
3367 2830 3487 2870 eam
3508 2815 3736 2879 irruunt,

2151 2926 2228 2978 eo,
2249 2911 2416 2981 magis
2441 2910 2509 2965 ab
2549 2923 2612 2965 ea
2640 2907 3002 2978 infringuntur
3030 2921 3094 2962 ac
3119 2906 3187 2963 de
3217 2907 3393 2962 medio
3435 2907 3696 2961 tolluntur
3723 2923 3736 2958 :

2147 3002 2292 3074 quod
2317 3002 2477 3057 etiam
2509 3002 2561 3056 in
2592 3000 2710 3056 istis
2733 3014 2944 3072 quoque
2963 2999 3205 3069 contigit,
3231 3006 3287 3054 et
3311 2999 3612 3069 continget,
3637 2999 3739 3052 imo

2148 3097 2320 3152 multo
2344 3095 2533 3166 magis.
2557 3093 2770 3151 Etenim
2796 3108 2985 3164 rupem
3006 3090 3220 3163 quidem
3247 3091 3440 3146 ﬂuctus
3462 3105 3570 3144 non
3600 3091 3738 3145 Iabe-

2149 3189 2349 3243 factant
2399 3205 2412 3241 :
2463 3193 2519 3242 at
2563 3195 2614 3242 te
2650 3200 2756 3240 non
2803 3183 2966 3239 modo
3013 3198 3122 3238 non
3162 3181 3600 3247 labefactarunt,
3649 3180 3740 3237 sed

2148 3280 2308 3336 etiam
2337 3279 2628 3334 ﬁrmiorem
2656 3275 3029 3334 reddiderunt.
3062 3275 3136 3329 Ea
3162 3273 3307 3329 enim
3340 3272 3739 3344 improbitatis,

2148 3388 2212 3428 ea
2238 3371 2448 3428 virtutis
2479 3379 2668 3426 natura
2697 3379 2801 3426 est.
2830 3367 2924 3424 Illa
2950 3367 3076 3424 dum
3106 3367 3306 3423 bellum
3337 3365 3526 3432 infert,
3559 3366 3742 3437 Oppri-

2149 3466 2312 3521 mitur
2340 3482 2352 3519 :
2377 3463 2492 3519 haec
2516 3462 2642 3518 dum
2664 3460 2804 3517 bello
2827 3469 3067 3526 vexatur,
3093 3459 3288 3514 clarius
3307 3457 3544 3528 effulget.
3575 3459 3746 3528 Atque

2151 3557 2266 3613 hcce
2310 3573 2417 3612 non
2459 3555 2621 3611 modo
2655 3564 2776 3626 post
2801 3552 3135 3618 certamina,
3181 3551 3276 3608 sed
3305 3551 3467 3607 etiam
3511 3551 3567 3605 in
3620 3551 3746 3621 ipsis

2148 3649 2531 3708 certaminibus
2559 3649 2792 3720 palmam
2813 3645 3040 3713 obtinet,
3065 3659 3128 3700 ac
3151 3653 3421 3700 certamen
3448 3642 3550 3712 ipsi
3575 3651 3748 3697 certa-

2149 3745 2309 3800 minis
2330 3743 2610 3815 prtemium
2631 3739 2860 3796 efﬁcitur
2884 3757 2896 3792 :
2921 3737 3010 3792 illa
3037 3746 3214 3792 autem
3247 3750 3367 3791 cum
3395 3734 3565 3789 vincit
3585 3773 3604 3800 ,
3637 3743 3743 3789 tum

2150 3836 2355 3907 majore
2381 3833 2585 3906 pudore
2611 3830 2952 3896 suffunditur,
2987 3837 3097 3884 tum
3125 3826 3485 3891 excruciatur,
3519 3835 3636 3880 tum
3667 3825 3743 3880 in-

2150 3931 2293 4003 genti
2325 3925 2617 4000 ignominia
2649 3921 2985 3996 perfunditur
3008 3963 3024 3987 ,
3054 3928 3216 3990 atque
3255 3926 3382 3973 ante
3407 3916 3742 3972 reconditum

2151 4023 2252 4093 ipsi
2283 4018 2627 4091 supplicium,
2660 4030 2767 4070 non
2795 4013 2956 4069 modo
2983 4021 3103 4083 post
3132 4018 3498 4082 perpetratum
3529 4008 3707 4063 scelus
3725 4048 3741 4072 ,

2150 4113 2245 4170 sed
2284 4113 2336 4168 in
2365 4111 2482 4182 ipso
2508 4109 2672 4163 etiam
2700 4118 2864 4178 opere
2888 4106 3181 4161 cruciatur.
3217 4101 3370 4170 Quod
3397 4102 3440 4156 si
3474 4100 3526 4154 id
3551 4101 3746 4155 obscu-

2150 4206 2266 4262 rius
2301 4204 2400 4259 tibi
2423 4201 2638 4257 videtur
2657 4241 2673 4266 ,
2703 4200 2919 4254 beatum
2950 4197 3175 4253 Paulum
3204 4193 3358 4259 audi,
3390 4203 3624 4263 utraque
3650 4194 3743 4247 ista

2150 4297 2590 4367 distinguentem.
2620 4293 2701 4348 Ad
2728 4292 2997 4346 Romanos
3018 4289 3164 4344 enim
3187 4285 3455 4358 quondam
3480 4285 3741 4350 scribens,

2150 4397 2310 4460 atque
2334 4389 2597 4458 impuram
2627 4382 3001 4439 nonnullorum
3039 4380 3203 4434 vitam
3228 4376 3539 4440 traducens,
3565 4385 3745 4430 osten-

2149 4482 2390 4553 densque
2420 4486 2719 4550 peccatum,
2744 4474 2902 4531 etiam
2924 4481 3048 4528 ante
3070 4472 3268 4526 illatam
3301 4483 3539 4540 ptenam,
3561 4468 3617 4524 in
3636 4468 3743 4536 ipsa

2150 4574 2361 4629 actione
2377 4569 2689 4638 adjunctum
2715 4564 3034 4635 supplicium
3063 4561 3285 4624 habere,
3307 4574 3430 4614 cum
3454 4559 3743 4613 sceleratos

2152 4674 2264 4720 tum
2292 4663 2610 4719 feminarum
2641 4667 2755 4713 tum
2778 4657 3015 4711 virorum
3041 4695 3058 4722 ,
3098 4653 3190 4723 qui
3220 4649 3562 4722 praescriptas
3596 4663 3628 4703 a
3658 4663 3745 4705 na-

2152 4766 2270 4813 tura
2296 4757 2443 4827 leges
2467 4752 2838 4815 violaverant,
2867 4761 2932 4802 ac
2960 4745 3320 4817 prodigiosam
3353 4740 3645 4812 quamdam
3682 4740 3744 4794 li-

2151 4848 2388 4904 bidinem
2415 4843 2850 4913 excogitaverunt
2872 4879 2888 4906 ,
2931 4829 3105 4891 coitus
3131 4839 3657 4896 commemorasset,
3682 4828 3744 4883 ad

2152 4939 2296 4994 hunc
2325 4935 2540 4992 modum
2583 4933 2821 5004 loquitur
2850 4947 2866 4987 :
2899 4928 3039 4984 Nam
3073 4927 3278 4998 {emitur
3300 4940 3479 4981 eorum
3506 4923 3746 4976 immuta-

2150 5041 2326 5090 verunt
2354 5026 2641 5084 naturalem
2666 5041 2816 5082 usum
2843 5025 2898 5078 in
2927 5039 3043 5076 eum
3071 5021 3158 5090 qui
3181 5029 3255 5074 est
3282 5027 3459 5072 contra
3487 5027 3743 5070 naturam.

2155 5125 2404 5182 Similiter
2427 5130 2595 5176 autem
2615 5128 2664 5174 et
2689 5115 2925 5182 masculi,
2948 5114 3124 5168 relicto
3151 5111 3378 5166 naturali
3405 5125 3501 5164 usu
3523 5109 3742 5179 femina;

2153 5222 2446 5273 exarserunt
2465 5212 2519 5267 in
2543 5209 2807 5266 desideriis
2827 5206 2932 5262 suis
2960 5205 3195 5269 invicem,
3216 5201 3430 5256 masculi
3456 5201 3510 5254 in
3541 5215 3744 5252 mascu-

2153 5311 2229 5366 los
2267 5304 2628 5379 turpiludinem
2655 5308 2922 5372 operantes
2942 5339 2957 5366 ,
2985 5307 3032 5352 et
3061 5295 3368 5361 mercedem,
3415 5309 3570 5364 quam
3597 5308 3747 5360 opor-

2156 5403 2251 5456 tuit
2271 5442 2286 5468 ,
2318 5398 2502 5455 erroris
2527 5395 2606 5450 sui
2631 5395 2686 5448 in
2709 5389 2995 5460 semetipsis
3024 5387 3322 5458 recipientes
3361 5383 3540 5455 (Rom.
3572 5384 3624 5437 l.
3654 5381 3743 5436 26.

2150 5495 2266 5565 27).
2315 5488 2454 5558 Quid
2492 5488 2570 5544 ais
2595 5529 2610 5554 ,
2651 5482 2856 5542 Paule?
2894 5482 3086 5537 Annon
3123 5477 3396 5546 voluptate
3437 5473 3744 5528 afficiuntur

2151 5588 2241 5659 qui
2269 5586 2385 5640 haec
2431 5580 2668 5644 audent,
2704 5586 2866 5646 atque
2909 5587 3032 5628 cum
3077 5568 3370 5641 cupiditate
3419 5566 3738 5635 flagitiosum

2153 5682 2294 5736 hunc
2324 5677 2620 5744 divinisque
2641 5669 2852 5741 legibus
2873 5663 3217 5722 interdictum
3246 5659 3591 5716 concubitum
3625 5673 3744 5727 per-

2152 5769 2400 5843 petrant?
2430 5768 2672 5833 Quonam
2700 5761 2859 5832 igitur
2884 5767 3041 5829 pacto
3069 5770 3164 5811 eos
3196 5754 3248 5807 in
3277 5752 3378 5806 hoc
3407 5751 3526 5820 ipso
3558 5764 3737 5818 pmnas

2155 5867 2284 5922 dare
2314 5862 2429 5918 ais?
2459 5859 2610 5926 Quod
2639 5854 2987 5918 sententiam,
3022 5848 3224 5924 inquit,
3249 5862 3353 5903 non
3383 5844 3450 5899 ab
3483 5852 3739 5911 aegrotan-
