3906 6380
190 392 298 447 603

188 504 386 577 ωπίῳ
408 505 588 579 τούτῳ
610 506 710 579 τὴν
738 504 1152 578 ἀδελφοκτονίαν
1180 507 1470 563 συσκιάσαι
1498 507 1780 578 ἐπιχειρή-

192 619 317 669 σας,
355 602 449 656 τὸν
499 601 600 673 μὲν
648 602 865 674 πατέρα
908 602 1158 675 ήπάτησε
1202 602 1344 668 τότε,
1373 601 1435 656 τὸ
1463 601 1521 655 δέ
1547 600 1786 664 συνειδὸς

187 695 292 749 οὐκ
332 694 645 767 ἠπάτησεν,
681 695 804 749 ούδέ
834 693 1051 750 ἔπεισεν
1075 695 1406 767 ἡσυχάζεινο
1441 693 1557 748 ἀλλ’
1592 693 1785 765 ἔμενεν

188 785 362 840 αὐτοῦ
418 786 972 857 κατεξανιστάμενον,
1029 785 1316 840 καταϐοῶν
1356 784 1645 859 διηνεκῶς,
1692 785 1787 838 καὶ

189 876 456 932 οὐδέποτε
502 878 1014 949 ἐπιστομιζόμενον.
1048 875 1258 948 Χρόνου
1281 877 1391 949 γὰρ
1420 874 1786 947 παρελθόντος

190 969 437 1041 μακροῦ,
460 970 490 1023 0
512 969 606 1023 τὸν
632 968 1003 1040 γεγεννηκότα
1027 967 1406 1041 ἀρνησάμενος
1425 968 1487 1021 τὸ
1505 968 1784 1038 τόλμημα,

186 1062 331 1133 ὅπερ
396 1060 721 1133 ἐτόλμησεν,
772 1062 802 1114 0
861 1061 1051 1133 μηδενὶ
1100 1060 1209 1115 τῶν
1248 1059 1425 1115 ἀλλων
1480 1058 1786 1131 ἀνθρώπων

188 1152 451 1221 ἐξειπὼν,
487 1150 699 1219 οὐδενὸς
718 1152 1175 1226 κατηγοροῦντος,
1212 1152 1428 1216 οὐδενὸς
1452 1152 1786 1223 ἐλέγχοντος,

188 1246 410 1310 οὐδενὸς
467 1245 794 1316 ἐφεστῶτος,
831 1246 956 1300 οὐδὲ
990 1245 1498 1318 ἀναμιμνήσκοντος
1528 1248 1630 1318 τῆς
1656 1247 1789 1318 δρα-

192 1337 538 1410 ματουργίας
564 1336 801 1406 ἐκείνης,
834 1336 1160 1391 κινδυνεύων
1192 1337 1320 1408 περὶ
1347 1337 1659 1408 ἐλευθερίας
1691 1339 1786 1392 καὶ

194 1426 366 1481 αὑτοῦ
402 1426 499 1481 τοῦ
549 1427 669 1500 ζῇν,
718 1427 936 1491 δεικνὺς
992 1427 1076 1481 ὅτι
1133 1427 1236 1481 οὐκ
1287 1428 1658 1500 ἐπεστομίσθη
1691 1429 1785 1482 τοῦ

197 1519 503 1584 συνειδότος
531 1521 561 1574 0
600 1519 907 1590 κατήγορος
956 1520 1014 1573 ἐν
1036 1519 1181 1574 οὕτω
1215 1520 1413 1593 μακρῷ
1442 1521 1638 1592 χρόνῳ,
1666 1522 1788 1574 οὐδὲ

190 1612 547 1686 κατεχώσθη,
578 1611 753 1668 ταῦτά
791 1629 926 1683 φησι
946 1613 1016 1666 τά
1042 1614 1262 1684 ῥήματα
1284 1630 1297 1644 ·
1334 1615 1478 1668 Ναί·
1505 1616 1577 1669 ἐν
1599 1616 1785 1686 ἀμαρ-

189 1705 350 1771 τίαις
371 1703 487 1774 γάρ
505 1705 695 1774 ἐσμεν
726 1703 861 1772 περὶ
888 1702 992 1758 τοῦ
1010 1703 1278 1775 ἀδελφοῦ
1300 1703 1489 1773 ἡμῶν·
1513 1705 1613 1759 ὅτε
1642 1722 1787 1760 κατ-

189 1797 394 1852 εδέετο
449 1795 640 1867 ἡμῶν,
662 1796 763 1851 καὶ
788 1795 1178 1866 ὑπερείδομεν
1200 1795 1316 1865 τὴν
1335 1798 1549 1867 θλίψιν
1577 1797 1785 1862 αὐτοῦ,

190 1889 293 1945 καὶ
320 1887 445 1959 τὴν
477 1887 709 1956 ὀδύνην
732 1885 847 1957 τῆς
867 1885 1079 1957 ψυχῆς
1107 1888 1298 1942 αὐτοῦ
1318 1904 1331 1917 ο
1354 1889 1452 1943 καὶ
1480 1888 1600 1943 νῦν
1620 1886 1788 1958 ἐκζη-

191 1981 379 2037 τεῖται
406 1980 475 2035 τὸ
506 1976 653 2051 αζαα
677 1979 865 2035 αὑτοῦ
894 1979 965 2045 ἐξ
994 1979 1183 2050 ήμῶν.
1219 1978 1373 2054 [585]
1395 1980 1585 2035 Καίτοι
1601 1980 1789 2053 ἕτερον

190 2069 281 2146 ἦν,
334 2075 476 2145 ὅπερ
533 2074 772 2144 ἐπήγετο
827 2072 978 2145 αὐτῷ
1011 2073 1287 2145 ἔγκλημα,
1315 2073 1410 2128 καὶ⁹
1462 2073 1550 2127 διὰ
1581 2072 1789 2143 κλοπὴν

190 2165 464 2238 ἐκρίνετο,
496 2165 593 2220 καὶ
623 2165 699 2228 ὡς
733 2164 1065 2236 ὑφελόμενος
1121 2166 1320 2222 κύλικα
1375 2168 1582 2239 χρυσῆν
1615 2165 1788 2230 οὓτως

190 2258 271 2319 εἰς
311 2255 666 2327 δικαστήριον
717 2256 915 2327 ἤγετο·
962 2256 1079 2310 ἀλλ’
1106 2256 1292 2326 ἐπειδὴ
1342 2256 1550 2310 τούτων
1607 2254 1788 2326 ἐαυτῷ

190 2346 349 2402 οὐδὲν
394 2344 630 2417 συνῄδει,
668 2345 811 2417 ὑπὲρ
838 2345 938 2416 μὲν
970 2345 1175 2399 τούτων
1203 2345 1305 2399 οὐκ
1329 2345 1503 2416 ἡλγει,
1531 2343 1653 2397 οὐδὲ
1681 2341 1788 2413 ἐφη

191 2436 373 2492 ταῦτα
412 2436 644 2508 πάσχειν
676 2435 817 2508 ὑπὲρ
841 2428 917 2490 ὧν
951 2435 1197 2508 ἐκρίνετο
1226 2435 1321 2489 καὶ
1344 2433 1564 2504 δέσμιος
1588 2433 1783 2505 ἡγετοο

191 2529 339 2600 ὑπὲρ
369 2529 426 2583 δέ
461 2521 537 2582 ὧν
581 2527 759 2592 οὐδεὶς
803 2526 1071 2596 ἐνεκάλει,
1101 2526 1223 2581 οὐδέ
1279 2525 1511 2589 εὐθύνας
1564 2524 1787 2597 ἀπῄτει,

189 2621 317 2675 οὐδὲ
363 2621 444 2684 είς
493 2618 844 2690 δικαστήριον
896 2612 1071 2685 εἷλκε,
1108 2616 1309 2688 μᾶλλον
1329 2617 1386 2670 δὲ
1419 2614 1539 2670 οὐδὲ
1568 2615 1670 2687 ήδη
1694 2630 1797 2668 τε-·

189 2711 555 2783 τολμημένων
589 2708 759 2781 αὐτῷ,
785 2710 925 2781 ὑπὲρ
949 2709 1013 2781 δὴ
1044 2708 1247 2762 τούτων
1276 2708 1439 2771 αὐτὸς
1468 2706 1664 2761 ἑαυτοῦ
1694 2707 1788 2761 καὶ

190 2803 420 2874 ἐλεγχος
453 2802 548 2857 καὶ
575 2802 883 2875 κατήγορος
920 2801 1154 2871 γίνεται.
1209 2800 1649 2871 Ἐπελαμϐάνετο
1676 2799 1787 2871 γὰρ

191 2892 365 2948 αὑτοῦ
412 2892 476 2947 τὸ
529 2892 792 2957 συνειδὸς,
845 2892 941 2947 καὶ
982 2895 1012 2946 0
1041 2893 1180 2964 μετὰ
1214 2892 1400 2957 ἀδείας
1426 2892 1697 2964 τοσαύτης
1727 2893 1788 2946 τὸ

192 2983 338 3056 αἷμα
365 2985 563 3056 ἐκχέας
592 2983 688 3038 τοῦ
717 2983 968 3054 ἀδελφοῦ,
994 2986 1089 3038 καὶ
1124 2984 1291 3056 μηδὲν
1324 2984 1533 3051 παθὼν,
1571 2984 1666 3039 νῦν
1695 2986 1788 3040 καὶ

194 3078 615 3152 συμπαθητικὸς
645 3077 875 3148 ἐγίνετο,
909 3079 1006 3133 καὶ
1033 3076 1128 3132 τοῦ
1183 3078 1341 3151 χοροῦ
1388 3078 1495 3133 τῶν
1534 3096 1790 3151 κοινωνη-

193 3174 411 3228 σάντων
446 3169 595 3241 αὑτῷ
642 3171 743 3242 τῆς
804 3170 1120 3243 μιαιφονίας
1163 3169 1482 3243 κατηγόρει,
1538 3170 1633 3225 καὶ
1688 3174 1788 3243 τὴν

192 3264 459 3336 ὠμότητα
486 3264 669 3317 πᾶσαν
718 3261 1038 3336 ἐτραγῴδει,
1070 3261 1274 3332 λέγων·
1304 3263 1435 3317 Ὅτε
1476 3262 1789 3319 κατεδέετο

190 3355 391 3429 ἡμῶν,
426 3355 526 3411 καὶ
574 3356 970 3427 ὐπερείδομεν
1019 3354 1136 3426 τὴν
1176 3356 1391 3426 θλίψιν
1421 3356 1631 3424 αὐτοῦ,
1689 3357 1790 3413 καὶ

190 3448 315 3519 τὴν
344 3447 575 3519 ὀδύνην
621 3447 735 3517 τῆς
788 3446 1001 3517 ψυχῆς
1021 3447 1232 3505 αὐτοῦ.
1263 3448 1461 3520 Ἤρκει
1494 3448 1596 3520 μὲν
1623 3448 1732 3523 γάρ
1752 3451 1787 3521 ἡ

195 3544 387 3617 φύσις,
419 3541 572 3612 φησὶ,
607 3539 846 3612 μαλάξαι
883 3539 981 3595 καὶ
1022 3539 1335 3612 ἐπικάμψαι
1370 3541 1506 3613 πρὸς
1548 3541 1731 3595 ἔλεον⁹
1760 3544 1791 3596 0

188 3638 253 3693 δέ
283 3638 381 3691 καὶ
421 3636 631 3707 δάκρυα
664 3633 993 3705 προσετίθει,
1023 3633 1119 3688 καλ⁵
1156 3634 1439 3707 ἱκετηρίαν
1475 3635 1661 3703 ἐτίθει,
1694 3636 1789 3690 καὶ

189 3729 318 3785 οὐδὲ
360 3727 534 3792 οὕτως
593 3728 745 3800 ἡμᾶς
786 3726 1110 3798 ἐπέκαμψεν
1135 3742 1149 3757 ο
1192 3725 1309 3781 ἀλλ’
1378 3726 1791 3798 Ὑπερείδομεν

195 3821 319 3890 τὴν
347 3822 573 3890 ’θλίψιν
608 3819 818 3886 αὐτοῦ,
851 3818 953 3874 καὶ
1002 3817 1121 3888 τὴν
1164 3818 1395 3889 ὀδύνην
1434 3818 1547 3889 τῆς
1577 3818 1790 3891 ψυχῆς

196 3913 413 3970 αὑτοῦ.
448 3912 550 3967 Διά
585 3912 745 3968 τοῦτο
771 3913 903 3984 ἡμῖν
928 3910 991 3965 τὸ
1017 3911 1368 3985 δικαστήριον
1396 3911 1554 3965 τοῦτο
1592 3929 1789 3981 συγκε-

195 4008 486 4079 κρότηται,
520 4005 673 4077 φησὶ,
707 4003 795 4059 διὰ
830 4002 991 4058 τοῦτο
1028 4005 1158 4075 περὶ
1203 4005 1435 4074 αἵματος
1478 4003 1786 4059 κινδυνεύο-

196 4118 322 4172 μεν,
353 4098 541 4171 ἐπειδὴ
564 4099 661 4154 καὶ
700 4099 861 4171 ἡμεῖς
898 4099 978 4163 είς
1009 4090 1150 4170 αἷμα
1177 4099 1600 4171 ἡμαρτήκαμεν.
1632 4096 1790 4153 Οὕτω

191 4196 292 4250 καὶ
328 4196 358 4248 0
405 4191 606 4257 Ἰούδας
640 4191 742 4248 οὐκ
786 4190 1027 4262 ἐνεγκὼν
1060 4190 1155 4244 τοῦ
1197 4189 1497 4255 συνειδότος
1523 4189 1615 4244 τὸν
1636 4189 1790 4260 ἔλεγ-

189 4301 311 4356 χον,
344 4282 437 4336 ἐπὶ
471 4281 664 4354 βρόχον
693 4281 944 4355 ὥρμησε,
975 4281 1071 4336 καὶ
1115 4281 1183 4336 δι’
1238 4281 1478 4354 ἀγχόνης
1528 4281 1620 4335 τὸν
1673 4280 1788 4351 βίον

189 4375 517 4429 κατέλυσεν.
557 4374 668 4428 Καὶ
699 4375 788 4429 ὅτε
836 4374 937 4446 μὲν
968 4373 1029 4427 τὸ
1059 4373 1412 4445 ἀναίσχυντον
1443 4375 1619 4428 ἐκεῖνο
1650 4391 1789 4445 συμ-

189 4466 410 4521 ϐόλαιον
435 4465 658 4537 ἐτόλμα,
687 4465 891 4535 λέγων’
922 4465 985 4521 Τί
1004 4464 1211 4520 θέλετέ
1233 4483 1338 4536 μοι
1363 4466 1596 4533 δοῦναι,
1626 4467 1789 4536 κάγὼ

187 4557 341 4627 ὑμῖν
389 4559 578 4613 αὑτὸν
622 4558 957 4629 παραδώσω
968 4576 989 4625 ;
1022 4559 1084 4613 οὐ
1127 4560 1253 4625 τοὺς
1286 4559 1586 4624 ἀκούοντας
1615 4559 1787 4632 ᾐσχύ-

187 4665 343 4717 νετο,
376 4650 459 4704 ὅτι
493 4650 740 4723 μαθητὴς
771 4650 848 4705 ῶν
872 4650 1096 4707 τοιαῦτα
1129 4652 1259 4723 περὶ
1292 4652 1617 4707 διδασκάλου
1658 4651 1785 4707 ἐτύ-

192 4758 375 4813 ρευεν,
405 4743 507 4796 οὐκ
552 4744 612 4797 ἐν
663 4745 784 4807 ταῖς
817 4743 1054 4815 ἡμέραις
1098 4745 1216 4808 ταῖς
1250 4743 1454 4814 μεταξὺ
1485 4745 1784 4815 κατενύγη,

188 4826 334 4880 ἀλλά
366 4828 587 4898 μεθύων
618 4830 700 4885 ἐτι
727 4834 794 4904 τῇ
827 4832 988 4904 ἡδονῇ
1015 4833 1116 4905 τῆς
1143 4832 1525 4906 φιλαργυρίας,
1561 4836 1623 4889 οὐ
1653 4836 1786 4904 σφό-

184 4915 296 4986 δρα
326 4916 588 4986 ᾐσθάνετο
620 4919 719 4991 τῆς
748 4920 1080 4993 κατηγορίας
1111 4919 1205 4976 τοῦ
1240 4923 1557 4988 συνειδότος.
1600 4924 1786 4979 Ἐπει-

183 5008 256 5081 δὴ
292 5008 352 5061 δέ
383 5009 588 5082 ἔπραξε
617 5012 717 5085 τὴν
750 5015 1048 5088 ἁμαρτίαν,
1084 5017 1265 5070 καὶτὸ
1291 5017 1556 5090 ἀργύριον
1601 5018 1782 5085 ἔλαϐε,

182 5101 289 5153 καὶ
327 5101 359 5171 ἡ
393 5100 553 5171 ἡδονὴ
589 5102 689 5172 μὲν
723 5102 1004 5158 ἐπαύσατο
1030 5104 1126 5158 τοῦ
1148 5103 1461 5176 λήμματος,
1491 5108 1525 5177 ἡ
1570 5105 1628 5159 δέ
1658 5124 1787 5161 κατ-

180 5193 395 5266 ηγορία
433 5193 528 5247 τοῦ
582 5193 1057 5268 πλημμελήματος
1092 5196 1244 5268 ἡνθει
1297 5197 1505 5265 λοιπὸν,
1527 5198 1651 5252 τότε
1676 5216 1786 5271 μη-

179 5286 343 5348 δενὸς
406 5284 829 5356 ἀναγκάζοντος,
890 5286 1117 5360 μηδενὸς
1167 5287 1511 5359 βιαζομένου,
1554 5290 1786 5361 μηδενὸς

181 5381 612 5453 παραινοῦντος,
666 5383 974 5455 αὐτόματος
1030 5383 1303 5451 ἀπελθὼν,
1338 5385 1399 5440 τό
1432 5403 1491 5440 τε
1521 5386 1785 5461 ἀργύριον

179 5473 533 5546 προσέρριψε
563 5476 675 5555 τοῖς
703 5474 983 5543 δεδωκόσι,
1014 5476 1110 5531 καὶ
1134 5477 1233 5548 τὴν
1268 5478 1617 5550 παρανομίαν
1645 5480 1787 5552 ὡμοο

176 5565 422 5635 λόγησεν
474 5563 662 5633 αὐτοῦ,
691 5566 999 5621 ἀκουόντων
1041 5567 1268 5621 ἐκείνων
1313 5568 1490 5638 λέγων
1510 5584 1523 5597 ·
1562 5570 1786 5642 ’Ἥμαρ-

177 5674 298 5713 τον⁹
330 5657 639 5728 παραδοὺς
664 5652 807 5730 αἷμα
836 5658 1050 5716 ἀθῶον.
1073 5661 1147 5715 Οὐ
1171 5661 1281 5733 γὰρ
1312 5663 1511 5735 ἤνεγκε
1540 5664 1632 5719 τοῦ
1656 5684 1783 5722 συν-

178 5748 389 5813 ειδότος
413 5749 506 5802 τὸν
533 5749 776 5820 ἔλεγχον.

259 5853 517 5910 Τοιοῦτον
547 5854 654 5927 γάρ
692 5857 726 5928 ἡ
761 5857 1033 5931 ἀμαρτίαο
1062 5861 1193 5932 πρὶν
1228 5863 1259 5936 ἢ
1293 5863 1394 5935 μὲν
1441 5865 1782 5939 ἀπαρτισθῆ-

1623 386 2008 445 ΕΡῙΕοΤΟιιιλΕ.

3370 396 3479 452 604

1896 522 2007 569 ναι,
2039 503 2257 576 μεθύειν
2304 508 2448 560 ποιεῖ
2492 505 2583 560 τὸν
2616 507 2847 562 ἀλὸντα’
2879 504 3096 562 ἐπειδάν
3126 507 3183 563 δέ
3217 508 3487 587 πληρωθῇ

1893 595 1988 648 καὶ
2017 595 2349 669 ἀπαρτισθῇ,
2367 595 2489 650 τότε
2526 596 2596 650 τὰ
2619 597 2718 669 μὲν
2732 596 2833 667 τῆς
2858 596 3052 667 ἡδονῆς
3071 596 3276 669 ταύτης
3313 598 3484 664 ὑπεξ-

1896 684 2109 740 ίσταται
2151 685 2248 739 καὶ
2298 685 2604 751 σϐέννυται,
2656 685 2862 758 γυμνὸς
2921 686 2978 738 δὲ
3015 686 3215 758 ἕστηκε
3243 687 3429 740 λοιπὸν
3455 690 3487 741 0

1895 776 2220 849 κατήγορος,
2267 777 2361 831 τοῦ
2420 774 2716 840 συνειδότος
2750 775 2946 847 δημίου
2972 775 3123 841 τάξιν
3171 776 3485 847 ἐπέχοντος,

1895 867 1990 921 καὶ
2005 867 2418 935 καταξαίνοντος
2438 867 2530 922 τὸν
2545 866 3067 940 πεπλημμεληκότα,
3097 868 3191 922 καὶ
3210 868 3306 941 τὴν
3323 867 3487 938 ἐσχά-

1896 975 1995 1029 την
2022 959 2380 1024 ἀπαιτοῦντος
2403 959 2579 1033 δίκην,
2618 961 2713 1015 καὶ
2758 959 3015 1032 μολίϐδου
3062 961 3266 1026 παντὸς
3316 960 3486 1032 βαρύ-

1895 1067 2051 1121 τερον
2085 1052 2453 1123 ἐπικειμένου.

1968 1141 2122 1216 [586]
2146 1144 2217 1213 γ’.
2251 1145 2363 1198 Kal
2389 1144 2459 1199 τά
2493 1145 2594 1217 μὲν
2619 1144 2856 1200 ἐνταῦθα
2880 1145 3105 1200 τοιαῦτα
3121 1162 3136 1178 ·
3174 1146 3245 1198 τά
3269 1144 3326 1198 δὲ
3345 1146 3485 1211 ἐκεῖ,

1895 1230 2053 1289 οἶσθα
2082 1235 2246 1306 ἡλίκα
2273 1238 2386 1301 τοῖς
2429 1236 2675 1291 τοσαῦτα
2710 1237 3110 1309 ἐργασαμένοις
3129 1235 3276 1291 κακά
3305 1236 3487 1290 κείσε-

1895 1343 1987 1380 ται
2032 1326 2176 1381 τότε.
2214 1326 2453 1392 Τούτους
2494 1324 2590 1383 οὖν
2638 1328 2745 1401 χρὴ
2792 1328 3071 1401 δακρύειν,
3104 1328 3324 1393 τούτους
3355 1328 3491 1401 θρηο

1895 1425 2028 1489 νεῖν,
2050 1422 2174 1476 ἐπεὶ
2203 1424 2299 1477 καὶ
2327 1423 2542 1489 Παῦλος
2573 1424 2749 1489 οῦτως
2782 1425 2979 1493 ἐποίει,
3007 1426 3123 1489 τοῖς
3158 1425 3264 1497 μὲν
3294 1425 3489 1480 ἀθλοῦ-

1898 1536 1971 1586 σι,
1998 1519 2092 1573 καὶ
2120 1519 2562 1592 ἀγωνιζομένοις,
2594 1522 2691 1576 καὶ
2722 1521 2914 1586 κακῶς
2942 1523 3215 1594 πάσχουσι
3261 1523 3487 1594 συνηδό-

1900 1633 2081 1687 μενος,
2114 1617 2241 1681 τοὺς
2266 1616 2323 1671 δὲ
2345 1618 2764 1689 ἁμαρτάνοντας
2790 1618 3004 1673 πενθῶν
3023 1633 3039 1647 °
3078 1618 3161 1672 διὸ
3192 1619 3286 1674 καὶ
3311 1619 3485 1689 ἔλεγε*

1895 1714 2122 1783 Μήπως
2170 1716 2425 1771 ἐλθόντα
2459 1734 2536 1788 με
2572 1718 2923 1788 ’ταπεινώσῃ
2955 1720 2988 1773 ὀ
3021 1719 3166 1785 Θεός
3193 1735 3315 1788 μου
3338 1720 3489 1787 πρὸς

1896 1810 2072 1881 ὑμᾶς,
2105 1811 2202 1867 καὶ
2253 1813 2537 1881 πενθήσω
2582 1814 2857 1881 πολλοὺς
2894 1815 3017 1870 τῶν
3036 1816 3491 1885 προημαρτηκό-

1896 1924 2036 1977 των,
2067 1910 2166 1963 καὶ
2188 1909 2275 1980 μὴ
2296 1909 2808 1980 μετανοησάντων
2831 1911 2931 1965 ἐπὶ
2973 1910 3048 1982 τῇ
3076 1911 3363 1983 ἀσελγείᾳ
3390 1910 3490 1965 καὶ

1896 2006 2237 2075 ἀκαθαρσίᾳ
2285 2000 2327 2078 ᾖ
2375 2006 2683 2077 ἔπραξαν·
2731 2009 2847 2072 τοῖς
2911 2006 2970 2062 δέ
3032 2008 3483 2081 ἀγωνιζομένοις

1895 2104 2092 2173 Χαίρω
2120 2102 2221 2157 καὶ
2242 2104 2554 2175 συγχαίρω
2584 2102 2776 2160 πᾶσιν
2804 2103 2967 2176 ὑμῖν.
2998 2104 3183 2177 Μηδὲν
3218 2104 3397 2159 τοίνυν
3428 2120 3490 2157 σε

1898 2199 2193 2271 θορυϐείτω
2251 2201 2390 2273 μήτε
2433 2200 2542 2255 τῶν
2570 2202 2903 2274 γενομένων,
2939 2203 3076 2275 μήτε
3100 2201 3211 2257 τῶν
3236 2200 3491 2256 ἀπειλου-

1900 2295 2096 2366 μένων.
2129 2295 2263 2350 Ούδέ
2301 2297 2410 2369 γὰρ
2444 2296 2543 2369 τὴν
2575 2295 2782 2377 πέτραν
2806 2297 3113 2353 διασαλεύει
3147 2298 3217 2354 τὰ
3243 2298 3489 2370 κύματα,

1897 2389 2013 2445 ἀλλ’
2048 2391 2158 2463 ὅσῳ
2193 2392 2332 2462 μετά
2362 2393 2608 2459 πλείονος
2640 2396 3083 2468 προσρὴγνυνται
3131 2396 3230 2468 τῆς
3288 2396 3490 2466 ῥύμης,

1895 2488 2136 2561 τοσούτῳ
2167 2490 2430 2560 μειζόνως
2458 2492 2630 2547 ἐαυτὰ
2655 2493 2910 2563 ἀφανίζει
2932 2509 2947 2524 α
2970 2492 2999 2546 0
3035 2494 3100 2566 δὴ
3129 2493 3224 2546 καὶ
3253 2493 3346 2545 ἐπὶ
3371 2493 3496 2545 τού-

1896 2603 2005 2640 των
2031 2587 2126 2641 καὶ
2155 2589 2346 2657 γέγονε
2363 2589 2460 2643 καί
2476 2588 2651 2657 ἔσται,
2686 2590 2886 2665 μᾶλλον
2916 2591 2973 2645 δὲ
2990 2592 3085 2645 καὶ
3105 2589 3285 2661 πολλῷ
3307 2589 3488 2644 πλέον.

1897 2683 2009 2753 Τὴν
2029 2683 2129 2754 μέν
2158 2683 2268 2753 γὰρ
2294 2684 2504 2756 πέτραν
2520 2686 2581 2739 οὐ
2594 2686 2903 2742 διασαλεύει
2919 2688 2988 2742 τὰ
3010 2687 3230 2760 κύματα
3244 2705 3256 2719 ι
3274 2686 3332 2740 σὲ
3348 2686 3405 2740 δὲ
3430 2686 3492 2740 οὐ

1899 2779 2060 2848 μόνον
2076 2781 2138 2833 οὐ
2152 2780 2520 2847 διεσάλευσεν,
2534 2783 2671 2838 ἀλλὰ
2682 2785 2778 2839 καὶ
2795 2785 3149 2857 ἰσχυροτέραν
3168 2786 3488 2857 πεποίηκεν.

1897 2876 2155 2932 Τοιοῦτον
2200 2879 2310 2950 γὰρ
2336 2881 2369 2950 ἡ
2400 2878 2586 2946 κακία,
2612 2880 2857 2935 τοιοῦτον
2882 2883 2916 2953 ἡ
2941 2884 3135 2954 ἀρετή.
3178 2883 3243 2937 Ἠ
3270 2883 3369 2953 μὲν
3402 2900 3495 2935 πο-

1898 2973 2163 3045 λεμοῦσα,
2191 2975 2520 3030 καταλύεται
2541 2993 2557 3009 ο
2591 2978 2626 3048 ἡ
2674 2975 2731 3030 δὲ
2750 2977 3159 3051 πολεμουμένη,
3195 2978 3493 3049 διαλάμπει

1901 3070 2184 3143 μειζόνως.
2239 3072 2351 3125 Kal
2391 3074 2425 3143 ἡ
2482 3072 2581 3144 μὲν
2613 3073 2676 3127 οὐ
2709 3074 2851 3144 μετὰ
2897 3074 3024 3139 τοὺς
3056 3075 3274 3145 ἀγῶνας
3307 3076 3491 3147 μόνον,

1898 3167 2036 3222 ἀλλά
2067 3168 2163 3222 καὶ¹
2191 3169 2248 3222 ἐν
2277 3167 2461 3232 αὐτοῖς
2489 3170 2603 3233 τοῖς
2632 3168 2840 3238 ἀγῶσιν
2873 3169 2983 3242 ἔχει
3015 3172 3085 3227 τὰ
3114 3171 3364 3244 βραϐεἴα,
3397 3173 3493 3228 καὶ

1897 3265 1927 3316 0
1949 3259 2110 3327 ἆθλος
2125 3262 2359 3319 ἔπαθλον
2384 3264 2523 3338 αὐτῇ
2550 3266 2763 3335 γίνεται
2781 3268 2849 3340 ’ἡ
2881 3268 2939 3322 δέ
2968 3268 3097 3324 ὅταν
3125 3270 3346 3345 νικήσῃ,
3370 3270 3495 3325 τότε

1902 3360 2105 3431 μᾶλλον
2156 3360 2603 3433 καταισχύνεται,
2638 3364 2762 3418 τότε
2793 3363 3109 3432 κολάζεται,
3138 3367 3261 3420 τότε
3295 3366 3491 3437 πολλῆς

1900 3455 2205 3529 πληροῦται
2233 3457 2333 3527 τῆς
2352 3458 2597 3530 ἀτιμίας,
2633 3460 2727 3517 καὶ
2750 3461 2860 3534 πρὸ
2879 3463 2977 3535 τῆς
3001 3463 3375 3535 ἀποκειμένης
3404 3466 3498 3518 αὐ·

1898 3556 1965 3625 τῇ
1992 3553 2288 3619 κολάσεως,
2315 3556 2374 3609 ἐν
2395 3556 2546 3628 αὑτῷ
2569 3557 2649 3628 τῷ
2679 3558 2943 3630 πράττειν
2961 3563 3373 3634 τιμωρουμένη,
3401 3565 3497 3619 καὶ

1897 3650 2017 3720 οὐχὶ
2053 3650 2192 3720 μετά
2224 3651 2285 3704 τὸ
2314 3651 2521 3723 πρᾶξαι
2544 3652 2725 3724 μόνον.
2762 3654 2828 3709 Εί
2858 3654 2917 3709 δὲ
2941 3657 3317 3728 ἀσαφέστερος
3346 3662 3376 3713 0
3407 3660 3496 3712 λό-

1897 3762 2016 3815 γος,
2042 3746 2278 3801 ἀκουσον
2296 3746 2391 3800 τοῦ
2424 3749 2700 3821 μακαρίου
2731 3750 2949 3805 Παύλου
2982 3752 3158 3807 ταῦτα
3205 3742 3494 3827 ἀμφότερα

1896 3842 2282 3914 διακρίνοντος.
2319 3843 2553 3915 Γράφων
2594 3844 2705 3918 γάρ
2760 3864 2892 3901 ποτε
2922 3847 3236 3919 Ῥωμαίοις,
3268 3853 3361 3904 καὶ
3402 3854 3493 3906 τὸν

1898 3940 2211 4013 ἀκάθαρτόν
2253 3957 2417 3996 τινων
2456 3944 2824 4015 ἐκπομπεύων
2872 3944 3010 4016 βίον,
3047 3947 3141 4001 καὶ
3173 3947 3387 4014 δεικνὺς
3411 3950 3493 4004 ὅτι

1897 4038 1994 4094 καὶ¹
2023 4038 2130 4112 πρὸ
2159 4038 2260 4110 τῆς
2290 4039 2587 4112 τιμωρίας,
2615 4041 2674 4095 ἐν
2693 4041 2831 4114 αὐτῇ
2862 4045 2927 4114 τῇ
2958 4043 3156 4114 πράξει
3188 4046 3288 4118 τὴν
3316 4065 3491 4119 τιμωο

1899 4136 2022 4208 ρίαν
2069 4137 2105 4209 ἡ
2149 4136 2441 4209 ἁμαρτίαιι
2500 4138 3038 4214 συγκεκληρωμένην
3091 4142 3225 4214 ἔχει,
3289 4145 3491 4215 μίξεων

1897 4233 2233 4306 παρανόμων
2262 4232 2526 4306 μνησθεὶς
2554 4235 2833 4304 γυναικῶν
2876 4254 2939 4292 τε
2992 4239 3089 4293 καὶ
3119 4240 3350 4313 ἀνδρῶν,
3380 4242 3491 4297 τῶν

1895 4333 2022 4396 τοὺς
2048 4333 2210 4405 ὄρους
2230 4333 2332 4405 τῆς
2361 4332 2580 4404 φύσεως
2633 4335 3020 4409 παραϐάντων,
3053 4340 3149 4395 καὶ
3193 4340 3491 4415 ἐπιθυμίαν

1897 4430 2019 4485 τινὰ
2060 4431 2348 4485 ἀλλόκοτον
2382 4432 2811 4503 ἐπινοησάντων,
2842 4433 2985 4488 οὕτω
3023 4436 3143 4501 πώς
3190 4455 3355 4509 φησιν
3375 4455 3389 4470 ·
3419 4441 3493 4495 At

1896 4529 2008 4601 γὰρ
2031 4527 2267 4597 θήλειαι
2282 4529 2486 4585 αὐτῶν
2501 4532 2902 4603 μετήλλαξαν
2920 4533 3038 4605 τὴν
3054 4536 3332 4605 φυσικὴν
3351 4536 3490 4607 χρῆ-

1895 4644 2001 4683 σιν
2032 4630 2119 4694 είς
2144 4628 2260 4698 τὴν
2284 4627 2445 4698 παρὰ
2464 4629 2681 4699 φύσιν.
2725 4631 2970 4702 Ὁμοίως
3002 4631 3072 4686 δὲ
3103 4633 3205 4687 καὶ
3232 4628 3490 4705 οίάρρεὲ

1896 4743 2020 4794 νες,
2070 4725 2327 4796 ἀφέντες
2364 4725 2482 4798 τὴν
2517 4729 2795 4799 φυσικὴν
2829 4729 3055 4800 χρῆσιν
3082 4730 3192 4801 τῆς
3221 4733 3489 4803 θηλείας,

1895 4824 2319 4894 ἐξεκαύθησαν
2357 4824 2479 4895 μὲν
2500 4824 2577 4895 τῇ
2600 4824 2791 4896 ὀρέξει
2810 4826 3013 4883 αὐτῶν
3036 4830 3125 4896 είς
3149 4830 3485 4902 ἀλλήλους,

1895 4920 2143 4993 ἇῤῥενες
2176 4922 2248 4977 έν
2277 4924 2491 4995 ἄρρεσι
2514 4925 2631 4996 τὴν
2660 4926 3112 4999 ἀσχημοσύνην
3144 4930 3491 5000 κατεργαζό-

1889 5038 2081 5092 μενοι,
2118 5023 2218 5078 καὶ
2248 5023 2365 5094 τὴν
2393 5024 2796 5096 ἀντιμισθίαν,
2821 5024 2903 5095 ἣν
2924 5026 3067 5097 ἔδει,
3109 5028 3222 5098 τῆς
3248 5030 3493 5099 πλάνης

1893 5118 2114 5187 αὐτῶν,
2139 5121 2211 5175 ἐν
2240 5122 2480 5188 ἑαυτοῖς
2515 5123 3068 5194 ἀπολαμϐάνοντες.
3106 5129 3172 5183 Τί
3218 5130 3415 5200 λέγεις,
3445 5128 3493 5189 ὦ

1895 5217 2112 5284 Παῦλε;
2167 5219 2278 5273 Kal
2327 5221 2436 5292 μὴν
2484 5220 2707 5291 ἥδονται
2734 5222 2786 5275 οί
2810 5221 2988 5278 ταῦτα
3030 5226 3362 5299 τολμῶντες,
3394 5234 3493 5286 καὶ

1898 5317 2016 5387 μετ’
2049 5315 2345 5388 ἐπιθυμίας
2376 5317 2476 5388 τὴν
2529 5319 2850 5391 παράνομον
2905 5322 3110 5397 ταύτην
3158 5328 3488 5398 ἐργάζονται

1897 5412 2077 5485 μίξιν;
2103 5413 2232 5478 Πῶς
2263 5409 2357 5469 οὖν
2385 5416 2587 5482 αὐτοὺς
2622 5419 2760 5491 ἔφης
2791 5421 3119 5489 κολάζεσθαι
3162 5427 3220 5479 ἐν
3250 5428 3399 5498 αὐτῷ
3421 5430 3489 5502 δὴ

1893 5511 2108 5583 τούτῳ;
2146 5513 2274 5567 Ὅτι
2317 5514 2416 5587 τὴν
2446 5515 2650 5586 ψῆφον,
2681 5519 2870 5590 φησὶν,
2892 5520 2994 5576 οὐκ
3020 5522 3130 5577 ἀπὸ
3160 5523 3259 5595 τῆς
3286 5525 3486 5598 ἡδονῆς

1892 5609 2002 5666 τῶν
2025 5611 2344 5679 νοσούντων,
2374 5613 2489 5667 ἀλλ’
2510 5615 2621 5670 ἀπὸ
2643 5616 2745 5688 τῆς
2762 5617 2870 5672 τῶν
2901 5621 3240 5693 πραγμάτων
3263 5624 3488 5697 ἐκφέρω

1958 5752 1985 5782 ⁸
2009 5752 2118 5823 D09
2141 5764 2255 5823 ωδε.
2280 5753 2367 5812 τὴν
2394 5757 2669 5823 πονηρίανῇ
2695 5760 2920 5823 ἁμαρτία.
2950 5762 3074 5812 Infra
3102 5768 3207 5814 tres
3238 5777 3352 5815 mss.
3378 5765 3491 5821 τοὺς

1893 5814 2030 5892 ξρους
2052 5814 2367 5892 τῆς-,φύσεως
2393 5814 2808 5892 ’ὑπερϐαινόντὼνί
2842 5823 2975 5874 Εᾶίιί
3002 5831 3085 5885 τῆς
3128 5827 3310 5887 φύσεως
3334 5814 3487 5892 τιάραέ

1894 5878 2095 5938 ϐάντων,
2123 5878 2284 5927 minus
2305 5885 2460 5930 recte.
