3906 6374
239 529 373 586 tium
401 526 677 596 voluptate
695 564 715 592 ,
751 519 847 578 sed
872 519 941 576 ab
968 518 1083 590 ipsa
1111 531 1290 574 rerum
1319 524 1506 572 natura
1536 514 1823 586 proferam.

232 616 680 691 Quandoquidem
708 614 869 669 etiam
891 611 1119 676 adulter,
1145 610 1295 681 prius
1312 623 1472 680 quam
1494 622 1679 678 poenas
1700 622 1833 677 pen-

233 715 350 779 dat,
380 713 435 768 in
461 712 577 782 ipso
602 708 765 764 etiam
791 704 1037 761 adulterii
1063 716 1228 773 opere
1253 702 1493 772 punitur,
1514 700 1722 754 etiamsi
1742 714 1835 754 vo-

232 809 442 878 luptate
472 802 608 859 allici
638 816 699 856 se
727 800 1014 854 arbitretur
1037 838 1053 863 ,
1084 796 1211 852 dum
1243 796 1481 866 pejorem
1507 809 1570 849 ac
1598 794 1833 849 scelera-

235 902 434 956 tiorem
479 897 715 952 animam
751 892 948 950 reddit.
988 890 1226 947 Sicarius
1274 891 1400 945 item
1424 931 1440 958 ,
1488 890 1634 958 prius
1671 888 1832 943 etiam

232 1008 399 1063 quam
431 989 665 1046 tribunal
691 1001 756 1042 ac
784 995 1081 1056 praeacutos
1105 983 1310 1054 gladios
1338 982 1646 1053 prospiciat.
1675 989 1835 1051 atque

233 1084 600 1138 admissurum
629 1078 892 1134 scelerum
924 1090 1109 1146 pmnas
1135 1075 1254 1138 det,
1284 1073 1338 1127 in
1371 1072 1485 1141 ipso
1511 1072 1675 1127 caedis
1702 1069 1834 1126 faci-

235 1188 373 1229 nore
397 1171 579 1241 periit,
606 1179 663 1223 ut
687 1168 778 1238 qui
803 1166 961 1221 etiam
990 1165 1104 1236 ipse
1123 1163 1442 1219 deteriorem
1471 1163 1571 1218 sibi
1597 1162 1697 1232 ipsi
1718 1163 1835 1216 aui-

235 1281 385 1322 mam
415 1263 675 1320 effecerit.
719 1258 981 1330 Quodque
1005 1258 1059 1312 in
1095 1271 1322 1327 corpore
1350 1255 1571 1310 morbus
1598 1263 1680 1311 est
1702 1296 1717 1322 ,
1745 1265 1836 1309 aut

239 1358 431 1424 fell-is,
450 1365 541 1410 aut
556 1351 878 1426 hydropisis,
902 1359 993 1404 aut
1013 1348 1157 1404 aliud
1179 1347 1442 1417 ejusmodi
1464 1346 1754 1416 quidpiam,
1781 1355 1836 1401 ct

237 1451 296 1505 in
325 1449 473 1504 ferro
493 1445 701 1514 rubigo,
731 1452 784 1497 et
805 1443 856 1497 in
878 1442 998 1495 lana
1028 1440 1190 1506 tinea,
1218 1447 1273 1493 et
1294 1438 1346 1492 in
1371 1438 1515 1508 ligno
1530 1437 1759 1504 .vermis,
1783 1444 1837 1491 et

238 1544 296 1597 in
330 1538 585 1595 cornibus
623 1538 770 1607 ipes,
814 1533 917 1589 hoc
940 1533 991 1586 in
1016 1531 1194 1586 anima
1230 1529 1419 1583 vitium
1443 1537 1544 1599 est.
1577 1527 1834 1583 Servilem

236 1635 386 1688 enim
425 1640 585 1700 atque
623 1628 915 1697 subjectam
944 1634 1001 1680 et
1026 1622 1296 1678 sordidam
1323 1637 1442 1677 eam
1471 1620 1677 1686 reddit;
1709 1621 1837 1690 quid

239 1734 425 1780 autem
453 1721 701 1777 servilem
723 1730 776 1774 et
790 1716 1060 1772 sordidam
1086 1714 1241 1771 dico?
1272 1715 1557 1769 Brutorum
1586 1728 1705 1768 eam
1732 1712 1850 1767 ani-

240 1834 388 1874 mam
418 1816 602 1881 efﬁcit,
628 1813 771 1867 illam
797 1825 992 1880 nempe
1011 1809 1140 1878 lupi,
1166 1808 1309 1862 illam
1337 1806 1515 1871 canis,
1546 1805 1688 1860 illam
1716 1819 1838 1860 ser-

243 1907 441 1981 pentis,
465 1906 607 1960 illam
638 1904 853 1973 viperae,
874 1901 1020 1956 illam
1046 1897 1343 1969 cujuspiam
1363 1897 1498 1952 alius
1524 1895 1729 1953 bestiae.
1755 1894 1842 1951 ld-

239 2015 350 2071 que
372 2008 429 2053 ut
448 1995 741 2051 indicarent
756 1991 1050 2064 prophetaz,
1072 1989 1529 2058 mutationemque
1549 2002 1617 2043 ex
1642 1988 1838 2056 impro-

241 2092 413 2148 bitate
428 2098 755 2144 contractam
783 2083 1031 2140 omnibus
1054 2080 1397 2151 conspicuam
1423 2080 1673 2143 facerent,
1702 2078 1840 2131 alius

240 2182 493 2239 dicebat:
523 2178 683 2234 Canes
699 2178 846 2243 muti,
863 2191 967 2229 non
990 2172 1213 2228 ualentes
1240 2171 1428 2225 latrare
1442 2169 1496 2238 (1
1501 2169 1598 2224 sai.
1615 2167 1837 2238 56.10),

241 2273 504 2333 subdolos
530 2271 755 2337 scilicet,
782 2284 848 2326 ac
867 2274 1201 2323 veteratores
1223 2263 1493 2329 homines,
1513 2262 1735 2333 aliisque
1759 2261 1842 2315 in-

240 2371 413 2429 sidias
430 2368 567 2424 clam
594 2373 863 2422 struentes
883 2360 1083 2417 rabidis
1106 2358 1329 2415 canibus
1354 2370 1693 2426 comparans.
1723 2353 1841 2409 Non

244 2465 398 2522 enim
424 2462 520 2529 illi,
547 2475 669 2516 cum
694 2457 844 2513 rabie
877 2454 1158 2520 laborant,
1189 2453 1446 2508 latrantes
1469 2450 1726 2519 impetum
1760 2446 1841 2501 fa-

243 2559 435 2625 ciunt,
463 2553 557 2610 sed
598 2564 910 2622 compresso
951 2548 1192 2604 clamore
1229 2543 1547 2600 accedentes
1569 2582 1586 2608 ,
1629 2540 1844 2612 gravius

246 2663 410 2721 quam
441 2647 478 2701 ii
517 2644 609 2717 qui
647 2644 889 2708 latrant,
929 2652 1025 2695 eos
1066 2650 1203 2709 quos
1246 2636 1494 2691 mordent
1532 2633 1839 2687 vulnerant.

242 2740 401 2797 Alius
429 2751 640 2793 rursum
677 2732 948 2790 cornicem
976 2730 1050 2803 (a)
1078 2727 1326 2784 homines
1358 2724 1617 2796 quosdam
1645 2723 1835 2793 appel-

245 2832 393 2887 labat
421 2829 554 2902 (Jer.
593 2828 648 2883 5.
691 2825 774 2897 2).
813 2823 968 2879 Alius
1000 2822 1131 2877 item
1172 2819 1389 2875 aiebat:
1422 2816 1593 2872 Homo
1631 2832 1747 2870 cum
1790 2815 1846 2869 in

245 2925 441 2978 honore
469 2928 632 2987 esset,
670 2933 775 2973 non
800 2915 1051 2971 intellexit
1081 2929 1101 2969 :
1128 2920 1456 2983 comparatus
1497 2918 1572 2964 est
1596 2907 1846 2979 jumentis

244 3016 637 3089 insipientibus,
666 3020 714 3068 et
742 3011 923 3068 similis
953 3013 1118 3082 factus
1146 3017 1220 3062 est
1244 3007 1350 3061 illis
1398 3004 1569 3079 (Psal.
1608 3005 1699 3060 48.
1730 3004 1842 3075 15).

244 3111 299 3168 ls
322 3109 556 3180 denique
575 3109 665 3180 qui
695 3105 973 3178 plusquam
1000 3102 1261 3174 propheta
1286 3110 1403 3157 erat
1424 3142 1440 3167 ,
1472 3100 1519 3156 is
1538 3143 1552 3166 ,
1581 3099 1796 3171 inquam
1824 3141 1840 3166 ,

245 3202 456 3260 sterilis
483 3201 647 3267 ﬁlius,
674 3198 741 3254 ad
768 3197 1058 3254 Iordanem
1085 3203 1266 3260 Stans,
1298 3202 1576 3262 serpentes
1598 3204 1661 3255 ac
1690 3191 1843 3261 vipe-

242 3307 429 3349 rarum
451 3290 758 3362 progeniem
779 3286 1040 3359 quosdam
1067 3283 1427 3353 nuncupabat.
1450 3280 1715 3348 Quidnam
1739 3280 1841 3351 igi-

245 3394 339 3440 tur
366 3383 491 3439 huic
518 3380 782 3453 supplicio
808 3393 904 3450 par
927 3392 1049 3433 esse
1077 3383 1270 3446 queat,
1312 3388 1433 3428 cum
1474 3374 1519 3428 is
1549 3373 1641 3443 qui
1667 3372 1734 3427 ad
1761 3373 1844 3428 di-

246 3478 433 3532 vinam
460 3473 746 3544 imaginem
788 3469 1074 3535 conditus,
1105 3474 1358 3536 tantoque
1394 3465 1599 3521 honore
1622 3474 1844 3520 ornatus

241 3578 349 3635 est,
382 3566 514 3623 illud
535 3609 552 3634 ,
582 3566 796 3636 inquam
820 3604 837 3632 ,
864 3564 1074 3617 ratione
1097 3574 1160 3615 ac
1186 3572 1393 3614 summa
1430 3556 1841 3612 mansuetudine

240 3659 531 3734 praeditum
557 3655 780 3722 animal,
813 3654 871 3709 in
903 3660 1106 3708 tantam
1137 3651 1401 3705 feritatem
1431 3646 1772 3717 prolabitur?

317 3754 377 3809 4.
410 3750 602 3806 Vidisti
627 3745 898 3818 quomodo
925 3745 1086 3800 etiam
1125 3749 1249 3796 ante
1278 3739 1595 3809 supplicium
1641 3737 1843 3807 impro-

241 3846 385 3902 bitas
408 3842 463 3898 in
482 3841 658 3911 seipsa
678 3851 893 3909 poenam
919 3832 1152 3890 habeat?
1185 3828 1425 3900 lntellige
1447 3842 1589 3883 nunc
1608 3842 1841 3897 quonam

242 3946 404 4011 pacto
431 3935 632 4000 virtus,
661 3932 825 3989 etiam
851 3938 974 3985 ante
1001 3926 1219 3999 praemia
1242 3966 1260 3993 ,
1287 3925 1400 3994 ipsa
1428 3922 1529 3978 sibi
1560 3922 1841 3992 praemium

242 4031 337 4086 sit.
366 4027 436 4084 Ut
457 4027 600 4082 enim
631 4025 682 4079 in
703 4035 964 4093 corpore;
988 4019 1063 4075 nil
1091 4017 1233 4074 enim
1258 4014 1529 4086 prohibet,
1556 4014 1841 4084 quominus

243 4120 438 4176 eodem
459 4130 649 4172 rursus
668 4112 935 4183 exemplo,
965 4107 1109 4181 quod
1133 4104 1527 4178 perspicuitatis
1553 4103 1839 4174 plurimum

244 4210 424 4277 all'ert,
453 4217 702 4273 utamur;
733 4210 813 4272 Iit,
852 4205 1089 4274 inquam,
1128 4201 1181 4255 in
1208 4212 1464 4269 corpore,
1495 4198 1540 4253 is
1565 4197 1655 4268 qui
1680 4210 1843 4251 sanus

245 4312 329 4359 est
353 4344 369 4368 ,
410 4316 475 4356 ac
517 4299 672 4354 ﬁrma
714 4294 1020 4352 valetudine
1054 4291 1344 4363 praeditus,
1386 4300 1549 4360 atque
1586 4289 1655 4344 ab
1694 4290 1841 4344 omni

244 4395 441 4452 morbo
466 4392 674 4449 alienus
698 4432 715 4457 ,
744 4388 908 4448 etiam
936 4396 1063 4442 ante
1091 4385 1316 4441 delicias
1343 4383 1448 4439 hoc
1476 4384 1595 4453 ipso
1623 4383 1842 4438 nomine

245 4490 303 4545 in
327 4486 533 4543 deliciis
558 4468 894 4552 est,’utpote
933 4479 1027 4551 qui
1064 4477 1406 4548 coniunctam
1448 4489 1571 4530 cum
1615 4475 1843 4530 sanitate

246 4579 577 4650 voluptatem
604 4575 821 4642 habeat,
853 4583 1013 4643 atque
1040 4571 1112 4626 ita
1138 4575 1481 4639 comparatus
1507 4567 1578 4622 sit
1604 4610 1618 4634 ,
1656 4575 1717 4622 ut
1743 4580 1844 4623 nec

246 4671 393 4728 aeris
419 4668 670 4735 varietas,
699 4680 801 4722 nec
824 4672 1017 4729 aestus,
1044 4676 1146 4717 nec
1171 4660 1340 4730 algor,
1374 4673 1474 4714 nec
1503 4674 1705 4715 mensa:
1733 4659 1844 4713 vili-

251 4774 333 4820 tas
354 4804 368 4829 ,
399 4776 503 4816 nec
520 4759 808 4830 quidquam
836 4754 983 4811 aliud
1010 4750 1273 4824 ejusmodi
1301 4750 1603 4805 molestiam
1636 4750 1737 4820 ipsi
1766 4750 1844 4804 af-

248 4859 397 4914 ferre
442 4853 630 4924 possit,
670 4848 818 4920 quod
860 4846 1114 4904 videlicet
1161 4843 1365 4899 sanitas
1405 4841 1506 4909 iis,
1551 4856 1672 4911 qua:
1716 4840 1842 4897 inde

244 4947 496 5003 oriuntur
519 4986 535 5010 ,
575 4939 912 4998 detrimentis
955 4935 1335 5009 propulsandis
1369 4948 1466 5004 par
1506 4932 1576 4987 sit
1607 4950 1619 4987 :
1648 4932 1840 4987 eodem

242 5036 412 5094 modo
436 5035 488 5089 in
510 5033 686 5090 anima
705 5043 918 5103 quoque
942 5042 1042 5083 usu
1070 5029 1257 5082 venire
1282 5025 1582 5081 consuevit.
1612 5024 1693 5078 Ac
1716 5037 1843 5093 pro-

239 5144 435 5202 pterea
473 5127 671 5183 Paulus
709 5127 871 5181 etiam
902 5137 1022 5178 cum
1048 5121 1229 5191 ﬂagris
1252 5119 1548 5175 crederetur
1571 5159 1585 5181 ,
1615 5131 1840 5171 vexare-

215 5284 222 5287 _
247 5234 360 5287 tur,
390 5218 688 5274 innumeris
708 5215 865 5271 malis
888 5212 1214 5277 afﬁceretur,
1242 5209 1525 5281 gaudebat,
1558 5208 1641 5262 his
1659 5207 1840 5263 verbis

249 5325 437 5379 utens,
472 5309 681 5364 Gaudeo
706 5309 762 5362 in
798 5306 1113 5378 passionibus
1156 5303 1278 5358 meis
1319 5317 1411 5371 pro
1439 5298 1576 5353 vobis
1606 5298 1740 5371 (Col.
1783 5300 1835 5353 1.

244 5407 368 5477 24).
399 5402 518 5459 Non
542 5401 725 5465 modo,
762 5400 981 5469 inquam
1004 5435 1022 5465 ,
1053 5396 1106 5450 in
1146 5394 1400 5448 caelorum
1446 5404 1612 5460 regno
1655 5388 1839 5444 virtuti

243 5497 528 5573 prtemium
553 5503 797 5567 paratum
823 5499 946 5559 est,
976 5488 1073 5546 sed
1109 5488 1272 5544 etiam
1312 5487 1365 5541 in
1404 5485 1518 5555 ipsa
1561 5482 1839 5538 calamita-

240 5605 360 5650 tum
403 5589 781 5661 pcrpessione;
825 5579 1257 5655 quandoquidem
1302 5575 1443 5632 istud
1486 5588 1698 5645 quoque
1724 5586 1841 5640 am-

306 5707 384 5770 (a)
416 5700 833 5770 verisimiliterjn
848 5703 1018 5770 mente
1038 5695 1210 5770 habuit
1237 5693 1389 5770 hunc
1411 5688 1836 5770 locumAll‘eremiaaj

237 5770 292 5824 3.
309 5749 389 5820 ‘2'7:
418 5749 770 5819 iridis—tiens
791 5761 913 5812 sicut
935 5770 1107 5824 cornix
1140 5756 1389 5824 desolata;
1422 5751 1684 5824 velicerte,
1709 5749 1838 5824 quod

243 5809 349 5885 Et.
368 5809 583 5894 in'épi'si.
601 5809 977 5894 :I'ere'mrvjbl,
992 5819 1115 5870 sicut
1149 5816 1276 5867 cnim
1315 5809 1573 5867 cortticulte
1594 5810 1645 5863 in
1679 5809 1838 5861 madio

238 5895 353 5950 creti
375 5904 420 5949 et
438 5892 610 5947 terra.
633 5896 746 5940 nec
767 5892 936 5938 Fronto
960 5892 1176 5933 manus.

1703 399 2082 458 EPISTOL/E.

3427 418 3543 477 606

1935 534 2165 605 piissimi
2193 533 2397 605 prmmii
2426 533 2595 589 instar
2619 540 2722 598 est,
2747 546 2942 605 nempe
2965 546 3066 605 pro
3083 534 3310 593 veritate
3328 534 3527 591 incom-

1939 625 2100 680 modo
2130 626 2308 694 aliquo
2350 623 2512 680 afﬁci.
2554 623 2637 680 Ob
2662 639 2891 694 eamque
2917 639 3133 682 causam
3166 627 3531 696 apostolorum

1937 717 2137 772 chorus
2165 735 2196 773 e
2220 717 2527 773 Judaeorum
2557 716 2785 772 concilio
2826 716 2982 773 lzetus
3022 715 3227 783 rediit,
3274 734 3381 775 non
3413 730 3531 775 tan-

1940 818 2050 863 tum
2081 810 2150 864 ob
2174 824 2395 880 regnum
2443 808 2698 864 ctelorum
2729 848 2746 876 ,
2777 810 2874 865 sed
2914 809 3039 880 quia
3067 807 3215 882 digni
3245 810 3411 867 habiti
3454 811 3531 866 fu-
3568 844 3571 847 -

1938 911 2094 956 erant
2139 917 2236 972 pro
2282 901 2500 957 nomine
2540 900 2667 957 Jesu
2714 902 3093 957 contumeliam
3140 903 3246 973 pati
3287 900 3428 977 (Act.
3474 903 3531 958 5.

1938 990 2052 1064 41).
2091 991 2222 1046 Nam
2252 1001 2306 1048 et
2334 991 2438 1047 hoc
2463 992 2638 1062 ipsum
2668 1006 2764 1063 per
2792 1006 2851 1047 se
2875 992 3236 1062 amplissimus
3258 994 3453 1061 honor,
3474 1002 3531 1051 et

1937 1100 2157 1153 corona,
2181 1095 2236 1141 et
2265 1086 2540 1155 praemium
2560 1092 2663 1151 est,
2687 1085 3079 1155 voluptatisque
3103 1095 3377 1157 perpetuae
3405 1101 3529 1142 ωδ-

1939 1179 2092 1233 teria.
2121 1176 2306 1233 Gaude
2331 1178 2488 1248 igitur
2512 1187 2568 1233 et
2591 1176 2821 1232 exsults.
2852 1175 2967 1232 Non
2992 1176 3136 1233 enim
3164 1192 3407 1248 parvum,
3436 1178 3561 1236 sed

1939 1282 2194 1339 perquam
2219 1268 2404 1339 ingens
2418 1268 2519 1324 hoc
2539 1275 2809 1323 certamen
2829 1276 2929 1334 est,
2950 1267 3199 1323 nimirum
3220 1268 3537 1326 calumniae:

1938 1374 2001 1413 ac
2032 1361 2329 1429 praesertim
2379 1372 2501 1414 cum
2545 1358 2617 1415 ob
2667 1368 2772 1414 tam
2805 1359 2992 1430 ingens
3036 1358 3240 1415 crimen
3289 1360 3541 1429 exsistit,

1939 1450 2239 1521 enjusmodi
2286 1465 2428 1505 nunc
2454 1449 2609 1507 nobis
2639 1451 2659 1482 ι
2686 1449 3037 1516 afﬁnxerunt,
3058 1452 3113 1507 in
3141 1451 3354 1523 publico
3381 1454 3542 1510 nimi-

1940 1555 2057 1595 rum
2102 1541 2355 1596 tribunali
2380 1542 2536 1597 nobis
2562 1541 2865 1598 incendium
2895 1543 3224 1614 objicientes.
3266 1544 3573 1613 Quamob-A

1938 1648 2053 1687 rem
2105 1633 2266 1688 etiam
2317 1633 2569 1689 Salomon
2621 1636 2932 1692 certaminis
2981 1633 3143 1708 hujus
3207 1639 3585 1695 atrocitatem:

1938 1724 2213 1780 declarare
2251 1726 2492 1795 cupiens,
2537 1724 2676 1794 Vidi,
2724 1727 2914 1797 inquit,
2945 1728 3229 1785 calumnias
3268 1746 3390 1802 quas
3410 1732 3581 1801 ﬁunt

1939 1816 2030 1869 sub
2049 1816 2176 1881 sole,
2204 1824 2253 1870 et
2282 1831 2394 1871 ecce
2419 1817 2670 1887 lacrymas
2690 1833 2864 1873 eorum
2887 1819 2974 1889 qui
3000 1820 3269 1877 calumniis
3292 1823 3552 1893 impetm

1942 1917 2044 1973 tur,
2067 1917 2114 1961 et
2143 1923 2245 1961 non
2271 1917 2380 1961 erat
2407 1909 2494 1979 qui
2514 1924 2598 1963 eos
2617 1909 2963 1964 consolaretur
2982 1908 3179 1982 (Eccle.
3201 1912 3253 1968 4.
3286 1908 3363 1984 1).
3389 1914 3545 1982 Quod

1942 1999 1988 2053 si
2017 2012 2265 2068 magnum
2296 2008 2567 2055 certamen
2595 2008 2698 2067 est,
2731 2009 2791 2055 ut
2818 2011 3004 2056 revera
3032 2010 3135 2068 est,
3176 2003 3343 2073 liquet
3368 2004 3547 2074 profe-

1942 2100 2029 2146 ctu
2061 2092 2321 2162 majorem
2351 2107 2565 2162 quoque
2605 2106 2860 2147 coronam
2902 2093 3004 2163 ipsi
3029 2096 3371 2150 constitutam
3401 2111 3555 2153 esse..

1949 2183 2028 2238 Ac
2058 2190 2339 2254 propterea
2366 2182 2613 2239 Christus
2636 2197 2731 2239 eos
2755 2183 2987 2254 gaudere
3010 2194 3065 2240 et
3083 2187 3353 2242 exsultare
3368 2187 3550 2257 jubet,

1943 2274 2034 2343 qui
2093 2288 2219 2329 eum
2274 2288 2337 2329 ea
2393 2289 2496 2345 qua
2544 2287 2641 2344 par
2694 2284 2777 2330 est
2821 2275 3074 2345 patientia
3106 2276 3208 2333 hoc
3253 2279 3547 2335 certamine

1950 2367 2262 2438 funguntur.
2295 2367 2520 2422 Gaudete
2547 2368 2713 2434 enim,
2740 2367 2930 2437 inquit,
2962 2378 3010 2423 et
3037 2369 3305 2435 multata,
3333 2386 3448 2425 cum
3468 2372 3551 2427 di-

1943 2460 2110 2513 xerint
2136 2459 2339 2513 verbum
2384 2475 2530 2514 omne
2562 2460 2752 2514 malum
2791 2458 3061 2515 adversum
3096 2476 3183 2515 vos
3218 2463 3543 2533 mentientes,

1946 2562 2151 2623 prapter
2174 2567 2272 2618 me,
2318 2552 2557 2622 quoniam
2586 2567 2771 2607 merces
2806 2560 2971 2606 vestra
2993 2553 3197 2623 copiosa
3225 2562 3299 2609 est
3334 2555 3391 2609 in
3413 2554 3565 2610 cadis

1947 2641 2163 2714 (Matth.
2219 2642 2272 2697 5.
2303 2644 2390 2696 ll.
2442 2642 2555 2711 l2).
2601 2641 2838 2698 Videsne
2878 2650 3132 2713 quantam
3178 2644 3555 2713 voluptatem,

1946 2746 2201 2806 quantam
2247 2735 2574 2800 mercedem,
2618 2743 2875 2805 quantam
2920 2735 3087 2790 animi
3135 2736 3559 2793 oblectationem

1947 2827 2132 2883 hostes
2171 2827 2327 2881 nobis
2376 2826 2694 2881 accersam?
2723 2825 2914 2881 Annon
2959 2826 3119 2897 igitur
3164 2835 3561 2896 praepostean

1946 2917 2126 2984 fuerit,
2153 2917 2346 2989 quibus
2374 2924 2425 2972 te
2452 2916 2606 2970 malis
2629 2916 2702 2971 illi
2726 2914 2944 2971 afﬁcere
2965 2931 3072 2971 non
3101 2926 3411 2986 potuerunt,
3440 2918 3573 2974 imo.

1947 3012 2140 3082 quibus
2180 3011 2447 3067 contraria
2492 3008 2804 3074 effecerunt,
2854 3009 2939 3064 his
2987 3009 3211 3080 teipsam
3256 3023 3286 3063 a
3324 3016 3376 3066 te
3405 3013 3546 3066 mul-

1946 3105 2123 3160 ctari?
2148 3104 2410 3173 Quidnam
2436 3112 2615 3159 autem
2639 3102 2724 3159 his
2745 3102 2926 3158 verbis
2954 3102 3119 3157 volo?
3152 3102 3232 3158 illi
3259 3117 3367 3161 non
3389 3104 3574 3161 modou

1945 3212 2161 3269 poenam
2189 3213 2220 3253 a
2252 3206 2302 3253 te
2331 3206 2588 3269 expetere
2617 3210 2723 3251 non
2756 3199 3063 3265 potuerunt,
3092 3195 3185 3251 sed
3210 3196 3372 3250 etiam
3399 3197 3549 3254 dele-

1950 3289 2201 3345 ctationis
2230 3303 2295 3344 ac
2327 3297 2599 3359 perpetua:
2625 3286 2915 3358 voluptatis
2936 3300 3121 3341 ansam
3172 3286 3263 3342 tibi
3290 3302 3548 3357 porrexe-

1948 3393 2075 3436 runt
2105 3399 2118 3435 :
2151 3392 2205 3436 tu
2251 3397 2381 3435 vero
2412 3381 2482 3434 ita
2514 3379 2737 3450 teipsam
2785 3393 2896 3449 prae
2925 3378 3089 3433 animi
3117 3379 3559 3436 consternatione

1946 3487 2222 3545 premens,
2249 3473 2567 3544 supplicium
2597 3473 2667 3528 de
2708 3470 2876 3541 teipsa
2902 3471 3092 3538 sumis,
3122 3470 3249 3526 dum
3292 3471 3372 3527 sic
3393 3473 3555 3529 anxia

1946 3566 2312 3639 perturbaris,
2361 3575 2520 3637 atque
2566 3564 2768 3634 ingenti
2816 3563 3071 3618 maestitia
3121 3563 3383 3633 impleris.
3424 3564 3553 3621 Bato

1945 3661 2090 3716 enim
2117 3660 2241 3715 illos
2273 3658 2450 3714 facere
2476 3655 2779 3726 oportebat,
2813 3655 2857 3710 si
2884 3654 3101 3725 quidem
3128 3653 3414 3725 aliquando
3441 3656 3552 3710 sal-

1945 3761 2052 3808 tem
2082 3753 2222 3807 mala
2248 3764 2345 3805 sua
2374 3760 2668 3822 agnoscere
2695 3747 2914 3802 vellent.
2946 3744 3089 3814 Illos,
3114 3746 3351 3817 inquam,
3380 3745 3549 3815 ﬁere,

1946 3843 2148 3913 lugere,
2181 3841 2523 3907 erubescere,
2552 3853 2662 3908 prae
2688 3837 2895 3910 pudore
2917 3850 3012 3892 ora
3038 3850 3133 3891 sua
3159 3837 3432 3908 obtegere,
3461 3847 3547 3892 at-

1943 3952 2049 4007 que
2091 3935 2145 3989 in
2175 3944 2375 3990 terram
2406 3947 2487 3988 se-
2514 3930 2716 3986 abdere
2746 3942 2958 4000 aequum
2989 3937 3126 3997 erat,
3159 3942 3224 3983 ac
3269 3943 3337 3983 ne
3377 3929 3549 3984 solem

1946 4025 2165 4098 quidem
2195 4025 2337 4080 hunc
2364 4022 2698 4095 prospicere,
2728 4021 2825 4076 sed
2865 4035 2986 4077 sese
3014 4021 3069 4076 in
3116 4019 3350 4075 tenebris
3376 4020 3551 4076 inclu-

1943 4119 2153 4186 dentes,
2187 4127 2296 4172 tum
2344 4130 2440 4171 sua
2467 4114 2605 4169 mala
2646 4112 2949 4185 deplorare,
2986 4120 3097 4168 tum
3129 4126 3194 4168 ea
3236 4112 3290 4167 in
3319 4126 3442 4183 quae
3470 4118 3553 4168 tot

1943 4213 2215 4270 Ecclesias
2253 4210 2601 4280 conjeceruut
2628 4224 2643 4262 :
2675 4216 2728 4264 te
2763 4221 2893 4261 vero
2938 4205 3210 4262 exsultare
3255 4220 3321 4261 ac
3364 4202 3551 4260 laetitia

1946 4304 2173 4361 diﬁ'undi
2198 4302 2472 4368 convenit,
2500 4299 2624 4371 quia
2652 4297 2795 4370 quod
2823 4298 3080 4353 virtutum
3124 4304 3285 4368 caput
3311 4303 3396 4352 est
3415 4309 3552 4366 prae-

1945 4398 2150 4455 stitisti.
2179 4396 2331 4452 Nosti
2379 4394 2547 4460 enim,
2592 4392 2737 4448 nosti
2783 4390 3023 4462 profecto
3069 4388 3202 4445 nihil
3245 4403 3367 4445 esse
3406 4387 3551 4458 quod

1950 4488 2259 4561 patientiam
2283 4485 2571 4554 adaequare
2589 4482 2777 4553 possit,
2808 4496 2993 4536 verum
3020 4479 3198 4550 ipsam
3213 4478 3553 4549 potissimum

1946 4581 2202 4635 virtutum
2249 4577 2489 4646 reginam
2539 4587 2693 4639 esse,
2741 4587 2921 4627 rerum
2970 4569 3228 4641 praeclare
3277 4578 3549 4640 gestarum

1944 4671 2372 4735 fundamentum,
2403 4673 2616 4737 portum
2657 4662 3021 4733 tranquillum,
3066 4660 3121 4714 in
3152 4658 3293 4715 bello
3318 4675 3503 4730 pacem
3529 4704 3549 4730 ,

1943 4766 1997 4821 in
2026 4769 2344 4834 tempestate
2366 4756 2826 4828 tranquillitatem,
2849 4742 2903 4808 in
2933 4751 3143 4809 insidiis
3164 4752 3544 4809 securitatem:

1944 4874 2069 4930 quae
2098 4863 2416 4913 sectatorem
2466 4865 2622 4907 suum
2665 4849 2949 4904 adamante
2987 4844 3281 4901 ﬁrmiorem
3330 4845 3546 4913 reddit,

1943 4950 2186 5020 hancque
2208 4953 2456 5001 naturam
2485 4941 2667 5008 habet,
2698 4948 2758 4994 ut
2784 4953 2904 4994 eam
2932 4951 3032 4993 nec
3060 4950 3209 4992 arma
3239 4944 3404 5003 mota,
3435 4952 3542 4994 nec

1944 5042 2191 5100 instructi
2221 5037 2508 5104 exercitus,
2540 5048 2641 5090 nec
2666 5030 2903 5087 adhibita
2931 5037 3218 5096 tormenta,
3245 5043 3343 5084 nec
3360 5042 3557 5093 arcus,

1944 5151 2046 5192 nec
2065 5135 2265 5190 lanceae
2294 5129 2527 5194 emissa,
2558 5140 2657 5181 nec
2679 5124 2854 5197 ipsum
2874 5120 3179 5176 daemonum
3206 5134 3423 5190 agmen,
3443 5134 3547 5175 nee

1943 5224 2194 5283 terriﬁcae
2238 5218 2665 5277 adversariarum
2712 5223 3041 5285 potestatum
3084 5211 3396 5283 phalanges,
3445 5226 3546 5266 nec

1943 5318 2175 5387 denique
2214 5312 2458 5370 diabolus
2486 5310 2601 5380 ipse
2645 5324 2766 5363 cum
2797 5305 3047 5362 omnibus
3073 5304 3189 5358 suis
3227 5301 3396 5372 copiis
3424 5317 3544 5356 ma-

1946 5411 2228 5478 chinisque
2252 5406 2305 5461 in
2335 5403 2504 5459 aciem
2536 5400 2815 5472 prodiens,
2844 5397 3168 5453 detrimento
3191 5394 3301 5448 ullo
3329 5389 3547 5447 afﬁcere

1944 5503 2132 5576 possit.
2166 5498 2304 5568 Quid
2324 5497 2484 5568 igitur
2513 5486 2863 5550 extiinescis?
2888 5488 3015 5561 quid
3044 5484 3391 5550 excruciaris,
3414 5499 3537 5539 eum

2008 5618 2025 5649 ²
2060 5622 2190 5665 Unus
2229 5619 2332 5668 Ms.,
2355 5607 2503 5666 vobis,
2530 5613 2660 5657 teste
2682 5611 2924 5668 Frontone
2939 5608 3130 5668 Dircaeo.
3153 5602 3365 5668 utraque
3388 5593 3539 5668 lectio

2207 5656 2332 5742 nam,
2352 5656 2816 5742 'Chrvsostomi
2856 5662 3143 5742 adversarii,
3164 5656 3548 5742 ipsgqs‘ageelnis

1944 5720 2373 5791 i'nucuewndii’crimeu‘
2388 5720 2641 5788 afferrent,
2667 5730 2826 5791 potuit
2864 5720 3223 5791 Chrysostomus
3243 5720 3433 5791 dicere,
3456 5729 3547 5791 no-

1949 5780 2174 5860 §£§c
2185 5780 2603 5860 inaccusatorum
2628 5780 2834 5860 numero
2857 5780 3313 5860 coui'prehettdens;
3338 5780 3438 5840 vel,
3456 5790 3546 5829 no-

1950 5845 2040 5928 bis;
2060 5845 2423 5923 dcvblympiadc
2445 5855 2651 5918 alumine
2676 5852 2752 5903 sui
2772 5845 3038 5902 fautoribus
3061 5845 3291 5909 loquens.
