3906 6374
402 417 507 473 601

406 533 575 604 ipsam
606 545 822 602 quoque
847 529 1030 593 vitam,
1058 527 1103 581 si
1151 535 1360 595 tempus
1390 523 1684 594 postularit,
1713 522 1984 594 aspernari

407 626 660 679 diuturna
699 621 1042 678 meditatione
1079 618 1372 674 didiceris?
1402 618 1471 672 At
1495 616 1794 687 urgentium
1821 615 1994 670 malo-

409 728 525 766 rum
559 712 719 768 finem
766 710 946 766 videre
973 709 1142 780 cupis.
1177 707 1291 763 Erit
1332 722 1545 778 quoque
1573 705 1740 773 istud,
1777 714 1833 760 et
1878 705 1993 774 qui-

405 804 527 858 dem
555 804 722 868 brevi,
751 804 857 858 Deo
873 801 1221 858 concedente.
1248 798 1432 855 Gaude
1453 798 1608 868 igitur
1627 807 1681 852 et
1703 798 1990 860 oblectare,

406 903 567 966 atque
593 894 886 965 cogitaudis
917 893 1020 948 tuis
1067 900 1218 948 recte
1259 889 1411 946 factis
1451 890 1684 944 animum
1709 888 1943 944 exbilara
1978 905 1991 942 :

408 1001 512 1042 nec
536 1001 784 1056 umquam
813 985 1056 1055 despera,
1084 983 1212 1054 quin
1243 991 1294 1036 te
1323 996 1533 1036 rursum
1584 979 1748 1034 visuri
1786 979 1952 1034 simus
1974 1019 1989 1044 ,

404 1084 563 1147 atque
590 1075 644 1132 in
676 1077 864 1131 horum
909 1074 1196 1130 verborum
1227 1073 1539 1128 memoriam
1568 1079 1620 1127 te
1671 1071 1991 1126 revocaturi.

472 1169 556 1222 Ad
598 1168 824 1223 eamdem
873 1167 1086 1237 epistola
1126 1163 1236 1219 VII
1247 1163 1268 1217 Ι
1280 1203 1294 1217 .
1327 1164 1482 1234 (Cum
1504 1163 1769 1218 Cucusum
1791 1171 1996 1232 peteret

1044 1270 1186 1311 anno
1222 1254 1374 1324 404.)

490 1355 607 1410 Hoc
667 1360 812 1408 certe
867 1350 1100 1405 futurum
1165 1354 1314 1412 erat,
1371 1353 1428 1400 ut
1473 1359 1541 1399 ne
1605 1343 1818 1415 quidem
1873 1356 1993 1397 cum

402 1449 473 1506 ab
532 1446 665 1502 urbe
726 1441 1103 1504 secessissem,
1170 1437 1236 1491 iis
1302 1435 1392 1506 qui
1460 1434 1696 1489 animum
1756 1423 1994 1488 nostrum

407 1546 718 1602 conterunt,
761 1533 1043 1588 liberarer.
1071 1528 1204 1584 Nam
1246 1529 1343 1598 qui
1391 1527 1521 1581 mihi
1552 1528 1604 1581 in
1656 1527 1739 1580 via
1783 1525 1994 1581 obviam

403 1632 561 1696 ﬁunt,
592 1627 788 1698 partim
817 1625 886 1681 ab
910 1624 1148 1688 Oriente,
1177 1623 1368 1692 partim
1411 1621 1479 1674 ab
1504 1619 1774 1684 Armenia,
1802 1618 1994 1688 partim

403 1737 473 1776 ex
515 1719 617 1774 alia
646 1717 830 1788 quavis
861 1714 1006 1770 orbis
1049 1721 1223 1783 parte,
1256 1712 1610 1782 lacrymarum
1656 1707 1833 1763 fontes
1869 1721 1994 1777 pro-

403 1811 632 1866 fundunt
659 1823 777 1863 cum
801 1817 900 1862 nos
929 1806 1223 1871 intuentur,
1251 1811 1304 1858 et
1331 1802 1561 1873 gemitus
1585 1801 1769 1867 edunt,
1798 1815 1860 1855 ac
1883 1808 1996 1854 toto

402 1903 595 1958 itinere
620 1899 866 1956 lamentis
891 1912 990 1954 nos
1012 1902 1422 1967 prosequuntur.
1451 1891 1577 1946 llaec
1597 1899 1774 1946 autem
1798 1889 1996 1944 idcirco

403 2012 434 2049 a
465 2009 552 2049 me
597 1998 1014 2048 commemorata
1057 1995 1204 2053 sunt,
1235 1994 1293 2041 ut
1337 1983 1638 2052 intelligatis
1677 1995 1776 2037 nos
1802 1981 1997 2035 multos

407 2084 605 2139 habere
627 2082 716 2153 qui
737 2082 792 2138 in
820 2080 1030 2144 eodem,
1062 2091 1167 2147 quo
1192 2089 1306 2140 vos,
1337 2073 1522 2130 dolore
1551 2080 1862 2136 versentur;
1895 2071 1997 2126 hoc

403 2191 565 2246 porro
601 2174 668 2230 ad
713 2171 1134 2228 consolationem
1175 2183 1282 2223 non
1323 2180 1509 2236 parum
1539 2163 1792 2219 momenti
1821 2161 1992 2217 affert.

403 2267 536 2322 Nam
567 2280 688 2320 cum
719 2264 770 2318 id
795 2263 937 2333 quod
963 2259 1288 2316 contrarium
1317 2266 1419 2324 est,
1450 2267 1716 2326 tamquam
1757 2270 1914 2326 grave
1942 2264 1994 2309 et

404 2353 799 2414 intolerandum
829 2351 1088 2423 pr0pheta
1114 2350 1377 2419 deplorat,
1406 2361 1527 2401 cum
1554 2347 1646 2411 ait,
1677 2345 1744 2399 Et
1781 2345 1994 2399 sustinui

401 2451 488 2521 qui
511 2447 662 2504 simul
685 2447 1088 2506 contristantur,
1124 2451 1168 2495 et
1196 2457 1297 2493 non
1325 2440 1438 2510 fuit,
1468 2447 1515 2491 et
1557 2438 1644 2505 qui
1669 2437 1991 2490 consolaren-

399 2553 504 2604 tur,
533 2549 581 2594 et
603 2555 701 2592 non
728 2537 894 2590 inveni
919 2534 1090 2606 (Psal.
1113 2533 1200 2588 63.
1229 2531 1321 2602 2i)
1355 2547 1369 2584 :
1401 2530 1565 2598 liquet
1591 2529 1828 2597 profecto
1853 2527 1993 2582 istud

404 2646 651 2701 magnam
683 2626 1100 2684 consolationem
1131 2621 1349 2688 afferre,
1380 2619 1628 2675 nimirum
1658 2618 1844 2673 orbem
1873 2619 1992 2672 uni-

403 2737 618 2777 versum
650 2717 900 2774 maeroris
927 2715 1130 2771 socium
1163 2714 1374 2768 habere.
1410 2710 1562 2780 Quod
1590 2711 1636 2766 si
1674 2711 1832 2766 etiam
1863 2709 1995 2765 alte-

405 2829 521 2868 ram
553 2809 974 2866 consolationem
1000 2806 1215 2876 qumris,
1257 2817 1354 2859 nos
1381 2803 1469 2872 qui
1496 2809 1573 2856 tot
1599 2815 1662 2856 ac
1688 2810 1828 2856 tanta
1855 2801 1992 2855 mala

407 2905 763 2974 pertulimus,
808 2897 1085 2955 commoda
1131 2895 1433 2950 valetudine
1480 2894 1697 2961 utimur,
1736 2901 1896 2964 atque
1937 2892 1991 2946 in

399 2997 686 3051 securitate
717 2993 957 3063 dcgimus
979 3032 995 3057 ,
1026 2989 1200 3044 varias
1241 2987 1625 3055 continuasque
1671 2992 1881 3041 nostras
1909 2983 1990 3038 af-

400 3091 667 3145 ﬂictiones
721 3097 777 3141 et
825 3083 1158 3140 calamitates
1209 3089 1367 3150 atque
1417 3078 1638 3134 insidias
1684 3078 1738 3132 in
1784 3091 1992 3132 summa

404 3182 586 3250 quiete
610 3184 975 3239 recensentes,
1006 3187 1296 3242 earumque
1323 3168 1697 3226 recordatione
1724 3183 1822 3226 nos
1846 3169 1992 3240 ipsos

401 3281 658 3342 perpetua
681 3268 862 3323 laetitia
889 3263 1289 3338 perfundentes.
1313 3263 1440 3318 Haec
1463 3263 1621 3333 igitur
1646 3263 1759 3334 ipsa
1779 3279 1992 3334 quoque

401 3373 580 3417 tecum
611 3368 864 3429 reputans
907 3355 1154 3412 maeroris
1192 3355 1386 3416 nubem
1415 3353 1642 3421 discute,
1685 3353 1860 3424 deque
1903 3364 1988 3410 tua

399 3449 706 3506 valetudine
730 3463 887 3520 quam
911 3446 1206 3516 saepissime
1225 3445 1290 3500 ad
1313 3460 1410 3499 nos
1435 3445 1627 3500 scribe.
1651 3445 1991 3516 Quandoqui-

401 3542 523 3597 dem
571 3554 732 3606 nunc,
778 3553 898 3593 cum
931 3537 1238 3592 carissimus
1282 3535 1530 3590 dominus
1575 3551 1726 3590 meus
1764 3536 1989 3591 Arabius

398 3633 465 3688 ad
495 3647 582 3687 me
624 3630 945 3700 scripsisset,
978 3627 1270 3682 admiratus
1297 3641 1415 3682 sum
1444 3634 1497 3681 te
1542 3627 1670 3683 nihil
1699 3625 1766 3682 ad
1791 3642 1878 3682 me
1921 3628 1988 3682 li-

401 3733 637 3778 terarum
692 3719 944 3774 misisse:
976 3717 1135 3788 idque
1187 3731 1308 3771 cum
1360 3715 1575 3771 domina
1630 3732 1769 3784 mea,
1820 3717 1989 3786 ipsius

399 3831 556 3883 uxor,
604 3812 759 3868 valde
802 3821 855 3867 te
898 3819 1059 3868 amet.
1109 3809 1242 3866 illud
1285 3811 1447 3865 etiam
1491 3809 1871 3876 animadverte,
1900 3824 1989 3866 res

396 3918 585 3959 omnes
633 3902 852 3974 hujusce
904 3902 1027 3956 vitae
1074 3910 1181 3957 tam
1229 3901 1379 3956 laetas
1425 3909 1479 3956 et
1503 3901 1783 3972 iucundas,
1827 3917 1986 3972 quam

393 4010 584 4068 graves
607 4010 670 4050 ac
698 3995 952 4050 molestas
975 3994 1268 4066 praeterire.
1297 3992 1432 4048 Nam
1458 3994 1557 4050 etsi
1578 4001 1726 4050 arcta
1756 4003 1908 4064 porta
1933 4002 1988 4050 et

397 4097 622 4158 angusta
651 4087 735 4142 via
763 4095 866 4155 est,
895 4095 950 4141 at
977 4087 1062 4140 via
1088 4094 1262 4140 tamen
1302 4094 1387 4142 est
1407 4082 1620 4158 (Matth.
1653 4085 1705 4140 7.
1737 4087 1823 4142 15.
1854 4087 1983 4156 14);

397 4181 620 4236 verbum
647 4179 788 4233 enim
817 4177 945 4232 illud
967 4177 1062 4233 tibi
1087 4177 1141 4231 in
1166 4175 1479 4233 memoriam
1501 4176 1754 4246 redigam,
1785 4175 1853 4232 de
1878 4191 1986 4247 quo

391 4284 537 4340 saepe
563 4279 736 4324 tecum
762 4283 880 4322 sum
910 4267 1177 4336 loquutus.
1207 4266 1322 4322 Etsi
1351 4267 1454 4321 lata
1483 4275 1634 4335 porta
1659 4275 1715 4322 et
1752 4268 1984 4337 spatiosa

394 4364 474 4417 via
504 4370 587 4417 est
619 4377 633 4416 :
668 4369 844 4415 tamen
875 4359 992 4414 haec
1017 4374 1228 4430 quoque
1258 4359 1340 4412 via
1383 4367 1486 4413 est.

465 4453 712 4509 Timenda
737 4452 981 4508 scelerum
1015 4451 1314 4522 impunitas.
1341 4481 1411 4490 -—
1439 4450 1568 4519 Quae
1604 4464 1725 4506 cum
1755 4450 1827 4506 ita
1853 4451 1980 4516 sint,

390 4546 456 4600 da
483 4560 702 4616 Operam
722 4585 740 4612 ,
768 4552 827 4598 ut
855 4559 883 4597 a
911 4551 1052 4598 terra
1071 4582 1087 4610 ,
1116 4542 1224 4598 imo
1253 4542 1321 4596 ab
1360 4541 1477 4612 ipso
1504 4557 1713 4614 quoque
1741 4543 1982 4614 corporis

391 4637 602 4692 vinculo
628 4645 681 4692 te
705 4633 1006 4700 abstrahas,
1034 4641 1258 4703 tuasque
1287 4632 1636 4703 philosophia
1663 4648 1862 4703 pennas
1888 4649 1980 4690 ex-

389 4729 543 4793 cites,
573 4742 746 4798 neque
773 4741 864 4782 eas
888 4724 1038 4782 sinas'
1060 4723 1129 4780 ab
1157 4725 1342 4780 umbra
1371 4736 1427 4780 et
1451 4725 1594 4780 fumo
1621 4725 1696 4798 (id
1723 4726 1863 4783 enim
1892 4741 1980 4782 res

389 4820 637 4874 humanae
664 4817 826 4890 sunt)
856 4817 1114 4888 demergi.
1143 4816 1281 4884 Quin
1311 4817 1486 4887 potius
1510 4819 1670 4874 etiam
1699 4819 1741 4874 si
1768 4833 1863 4874 eos
1889 4818 1980 4889 qui

390 4919 472 4965 tot
497 4909 703 4964 scelera
731 4910 784 4964 in
821 4924 920 4965 nos
947 4909 1323 4980 designarunt,
1357 4917 1413 4965 et
1449 4910 1561 4965 suis
1590 4910 1808 4966 urbibus
1839 4911 1976 4978 frui,

388 5013 444 5058 et
469 5002 760 5060 honoribus
782 5001 944 5067 affici,
967 5010 1022 5058 et
1045 5004 1359 5058 satellitibus
1386 5003 1569 5073 stipari
1594 5004 1809 5070 videris,
1835 5005 1976 5060 istud

388 5093 613 5147 verbum
638 5091 842 5160 accine,
866 5092 996 5147 Lata
1019 5103 1091 5147 est
1119 5103 1264 5162 porta
1283 5105 1330 5148 et
1357 5096 1580 5164 spatiosa
1600 5096 1680 5149 via
1703 5112 1816 5166 qua:
1838 5095 2000 5152 ducit‘

388 5185 457 5238 ad
486 5184 812 5256 perditionem
841 5184 1063 5257 (Matth.
1093 5187 1144 5240 7.
1174 5187 1276 5258 15)
1301 5228 1316 5251 ,
1342 5203 1542 5258 eosque
1570 5188 1639 5243 ob
1673 5188 1774 5243 hoc
1802 5190 1974 5260 ipsum

389 5277 559 5346 magis
598 5275 721 5346 luge
761 5289 825 5330 ac
863 5275 1102 5346 deplora.
1129 5276 1262 5332 Nam
1292 5278 1382 5349 qui
1422 5280 1510 5334 hic
1536 5280 1752 5336 sceleris
1775 5281 1974 5352 aliquid

391 5373 680 5436 perpetrat,
707 5381 772 5422 ac
798 5374 1078 5437 propterea
1103 5381 1209 5423 non
1238 5368 1399 5424 modo
1429 5369 1600 5425 nullas
1640 5385 1824 5440 poenas
1853 5372 1972 5440 luit,

387 5459 482 5514 sed
510 5459 670 5515 etiam
687 5460 948 5516 honorem
967 5460 1036 5515 ab
1056 5460 1359 5517 hominibus
1384 5464 1746 5533 consequitur,
1767 5465 1836 5518 ita
1863 5465 1975 5521 dis-

386 5549 582 5614 cedet,
609 5559 668 5604 ut
717 5549 1020 5620 huiusmodi
1057 5551 1229 5606 honor
1256 5552 1486 5608 maxima
1517 5553 1584 5609 sit
1623 5555 1696 5610 illi
1726 5555 1974 5628 supplicii

386 5640 628 5694 materia.
658 5638 740 5696 0b
767 5655 992 5710 eamque
1015 5654 1228 5696 causam
1253 5640 1401 5696 dives
1429 5643 1588 5698 etiam
1617 5644 1708 5700 ille
1735 5654 1970 5702 atrocem

386 5729 442 5782 in
485 5730 702 5785 modum
742 5731 1071 5796 torrebatur,
1101 5747 1206 5787 non
1240 5731 1569 5789 crudelitatis
1599 5733 1874 5792 dumtaxat
1907 5738 1973 5792 il-
2023 5765 2026 5768 -

388 5819 510 5884 lius,
531 5835 630 5889 qua
656 5821 710 5877 in
729 5823 984 5878 Lazarum
1011 5838 1136 5882 usus
1161 5823 1354 5894 fuerat,
1383 5839 1564 5895 poenas
1593 5827 1848 5900 pendens,
1875 5829 1969 5888 scd

1121 416 1176 471 S.
1216 413 1489 470 JOANNIS
1526 409 2001 467 CHRYSOSTOMI
2043 405 2360 462 ARCHIEP.
2399 403 2930 461 CONSTANTINOP.

3588 408 3696 464 60?.

2103 519 2264 574 etiam
2295 518 2535 574 ﬂorentis
2560 527 2729 574 status
2747 559 2761 584 ,
2788 532 2893 589 quo
2924 517 2976 574 in
3004 527 3146 574 tanta
3175 519 3566 595 inhumanitate
3603 539 3700 591 per

2101 625 2315 666 omnem
2353 609 2474 664 vitae
2513 623 2728 664 cursum
2769 607 2982 673 fruens,
3014 625 3083 666 ne
3112 609 3236 666 hinc
3259 612 3474 682 quidem
3507 617 3703 669 inenor

2100 701 2320 757 effectus
2357 708 2458 756 est.
2504 699 2630 755 Haec
2676 700 2886 770 aliaque
2928 699 2979 755 id
3021 716 3189 772 genus
3215 703 3236 774 (
3259 719 3434 774 neque
3459 705 3607 758 enim
3636 722 3702 760 ea

2101 793 2194 847 tibi
2223 807 2472 863 umquam
2514 791 2784 847 inculcare
2812 792 3146 864 destitimus)
3173 802 3348 849 tecum
3377 796 3494 866 ipsa
3522 796 3704 851 disse-

2099 899 2222 940 rens
2247 925 2261 949 ,
2296 882 2693 954 religiosissima
2723 883 2936 938 domina
2967 899 3083 939 mea
3107 925 3122 950 ,
3151 900 3365 955 gravem
3396 886 3539 942 hanc
3565 902 3706 942 mm-

2100 976 2236 1030 roris
2261 975 2525 1030 sarcinam
2553 973 2744 1043 abjice,
2775 972 2947 1042 deque
2980 989 3046 1030 eo
3085 990 3183 1031 nos
3209 975 3291 1032 fac
3319 978 3609 1045 certiores,
3646 988 3705 1034 ut

2099 1066 2544 1138 quemadmodum
2583 1067 2744 1121 etiam
2784 1065 2851 1121 ad
2887 1076 2941 1122 to
2975 1067 3197 1136 scripsi,
3240 1083 3360 1123 cum
3400 1084 3704 1125 mceror-em

2103 1167 2248 1212 tuum
2279 1156 2448 1212 literis
2488 1156 2684 1210 nostris
2721 1155 2884 1211 levari
2912 1167 3244 1227 perspectum
3285 1157 3546 1226 habuero,
3574 1175 3700 1216 cre-

2101 1248 2249 1303 brius
2275 1246 2574 1317 hujusmodi
2601 1246 2946 1318 pharmacum
2973 1247 3273 1303 adhibeam.

2101 1339 2180 1392 Ad
2220 1337 2448 1393 eamdem
2486 1338 2633 1407 epist.
2676 1335 2782 1390 ΙΧ.
2814 1335 2981 1408 (Cum
3019 1335 3282 1393 Cucusum
3316 1347 3527 1410 peteret
3553 1355 3702 1397 anno

2821 1429 2972 1498 ‘04.)

2169 1519 2302 1575 Cum
2327 1520 2471 1575 viros
2499 1533 2562 1574 ac
2592 1517 2816 1574 feminas
2843 1533 3037 1590 magno
3063 1519 3272 1590 agmine
3289 1563 3304 1588 ,
3336 1535 3433 1590 per
3457 1522 3700 1578 mansio-

2101 1626 2197 1666 nes
2223 1609 2298 1682 (a)
2322 1651 2336 1675 ,
2369 1625 2463 1680 per
2493 1609 2651 1665 urbes
2682 1623 2804 1665 sese
2841 1608 3206 1678 eﬁ‘undentes,
3235 1621 3396 1681 atque
3424 1612 3494 1666 ad
3527 1615 3697 1669 nostri

2099 1711 2373 1772 aspectum
2415 1701 2857 1772 collacrymantes
2897 1705 3142 1767 intueor,
3169 1716 3277 1772 quo
3314 1703 3369 1756 in
3408 1713 3554 1758 statu
3597 1706 3697 1775 ipsi

2099 1795 2216 1848 sitis
2242 1793 2626 1848 animadverto.
2657 1793 2790 1848 Nam
2818 1809 2938 1848 cum
2979 1794 3015 1847 ii
3051 1794 3139 1864 qui
3170 1809 3310 1849 nunc
3334 1796 3571 1866 primum
3600 1813 3698 1853 uos

2099 1887 2370 1952 viderunt,
2397 1901 2628 1942 maerore
2653 1887 2726 1941 ita
2753 1887 3080 1957 frangantur,
3104 1897 3160 1942 ut
3184 1902 3252 1942 ne
3274 1904 3556 1960 emergere
3580 1893 3697 1960 qui-

2097 1978 2220 2033 dem
2249 1978 2406 2033 facile
2435 1979 2660 2048 possint,
2686 1993 2896 2045 verum,
2923 1995 3042 2034 eum
3067 1994 3160 2035 eos
3186 1995 3435 2050 rogamus
3456 1991 3513 2037 et
3539 1984 3696 2038 obse-

2099 2083 2310 2124 cramus
2338 2079 2499 2140 atque
2532 2069 2884 2126 admonemus
2904 2111 2918 2136 ,
2953 2070 3305 2126 ferventiores
3334 2071 3694 2145 lacrymarum

2100 2161 2274 2217 fontes
2315 2162 2675 2232 profundant,
2716 2163 2937 2219 dubium
2983 2165 3220 2234 profecto
3266 2183 3371 2222 non
3414 2179 3534 2232 est,
3569 2171 3695 2239 quin

2097 2257 2311 2324 gravior
2337 2256 2476 2326 apud
2506 2272 2602 2312 vos
2629 2266 2914 2328 tempestas
2939 2259 3027 2311 sit.
3055 2257 3158 2314 Sed
3185 2274 3290 2328 quo
3319 2261 3537 2330 gravior
3564 2271 3697 2316 tem-

2099 2356 2277 2415 pestas
2303 2356 2416 2414 cst,
2446 2362 2512 2402 eo
2539 2363 2751 2419 quoque
2776 2349 3029 2419 ampliora
3073 2351 3291 2418 praemia
3321 2349 3498 2406 futura
3526 2364 3652 2408 sunt
3676 2395 3692 2420 ,

2099 2440 2143 2492 si
2186 2449 2444 2509 perpetuo
2471 2455 2534 2495 ea
2571 2455 2693 2494 cum
2721 2442 3009 2511 gratiarum
3048 2442 3259 2499 actione
3299 2443 3571 2500 suﬂ'eratis
3594 2485 3610 2511 ,
3641 2455 3695 2500 ut

2101 2532 2262 2586 etiam
2288 2531 2541 2587 suﬁ‘ertis.
2565 2531 2698 2586 Nam
2720 2542 2772 2587 et
2793 2532 3175 2602 gubernatores
3203 2533 3504 2590 vehementi
3537 2546 3695 2591 vento

2105 2623 2269 2680 ﬂante
2291 2665 2306 2690 ,
2337 2624 2382 2678 si
2420 2624 2536 2678 vela
2566 2623 2701 2678 ultra
2739 2624 2956 2679 modum
2984 2625 3319 2695 expandant,
3350 2628 3530 2682 navim
3571 2632 3694 2684 sub-

2104 2722 2320 2769 vertunt
2341 2732 2355 2769 :
2375 2715 2419 2769 si
2444 2725 2620 2770 autem
2647 2715 2876 2782 modice,
2900 2725 2954 2771 et
2976 2726 3033 2771 ut
3055 2718 3324 2782 convenit,
3348 2734 3409 2774 ea
3437 2719 3690 2792 dirigant,

2099 2806 2360 2861 tutissime
2385 2806 2651 2876 navigant.
2679 2807 2808 2873 Quae
2839 2821 2960 2862 cum
2987 2807 3262 2878 explorata
3291 2808 3494 2865 habeas
3517 2852 3534 2876 ,
3565 2813 3692 2866 reli-

2094 2896 2392 2966 giosissima
2417 2896 2632 2951 domina
2661 2911 2802 2962 mea,
2829 2911 2898 2952 ne
2923 2905 2974 2952 te
2996 2899 3244 2954 mteroris
3269 2901 3541 2972 tyrannidi
3566 2916 3692 2957 con-

2096 2988 2334 3042 strictam
2367 2986 2535 3055 trade,
2567 2986 2662 3043 sed
2691 2987 2897 3043 ratione
2925 2997 3291 3058 tempestatem
3317 3005 3513 3060 supera
3546 3009 3561 3044 :
3594 3007 3690 3062 po-

2107 3087 2189 3134 tes
2215 3079 2356 3134 enim
2386 3079 2525 3134 istud
2548 3120 2564 3146 ,
2591 3093 2692 3134 nec
2729 3088 3018 3149 tempestas
3056 3090 3224 3135 artem
3265 3091 3406 3136 tuam
3442 3084 3686 3151 excedit;

2097 3179 2260 3243 atque
2296 3170 2364 3226 ad
2402 3184 2501 3227 nos
2537 3171 2718 3226 literas
2745 3185 2865 3240 quae
2905 3172 3007 3227 hoc
3044 3172 3376 3241 signiﬁcent,
3407 3177 3564 3230 mitte
3585 3217 3602 3243 ,
3634 3185 3691 3232 ut

2095 3262 2258 3319 etiam
2285 3262 2338 3318 in
2361 3272 2544 3319 extera
2570 3263 2785 3333 regione
2808 3263 3090 3334 degentes,
3117 3264 3402 3320 maximam
3435 3265 3562 3322 hinc
3591 3284 3688 3324 vo-

2095 3351 2345 3422 luptatem
2373 3353 2743 3424 percipiamus,
2766 3367 2887 3409 cum
2911 3362 2961 3409 te
2983 3353 3122 3408 hunc
3146 3370 3432 3412 maerorem
3457 3373 3544 3426 ea,
3569 3375 3687 3429 quae

2095 3453 2148 3498 te
2171 3443 2345 3512 decet,
2375 3443 2654 3514 prudentia
2678 3453 2731 3500 et
2752 3444 3008 3514 sapientia
3034 3445 3219 3502 tulisse
3241 3447 3684 3504 intellexerimus.

2093 3536 2250 3602 Haec,
2288 3551 2409 3592 cum
2441 3537 2554 3607 jam
2596 3535 2836 3593 Caesarea
2871 3552 2978 3593 non
3021 3537 3179 3608 longe
3218 3539 3497 3610 abessem,
3526 3542 3598 3596 ad
3637 3552 3685 3598 te

2093 3628 2304 3698 scripsi.

2094 3719 2174 3772 Ad
2201 3719 2426 3774 eamdem
2456 3719 2602 3792 epist.
2629 3719 2702 3775 X.
2735 3720 2945 3794 (Nicaeae
2985 3723 3178 3794 scripta
3222 3737 3343 3779 cum
3375 3724 3478 3782 iret
3507 3725 3560 3779 in
3586 3739 3682 3782 er-

2625 3812 2802 3866 silium
2830 3827 2970 3869 anno
3000 3813 3153 3885 404.)

2163 3898 2233 3955 At
2271 3898 2410 3955 hunc
2437 3915 2662 3972 quoque.
2690 3911 2888 3958 metum
2933 3904 3173 3960 excutias
3211 3905 3394 3972 velim,
3425 3921 3589 3976 quem
3618 3923 3681 3963 ex

2090 3990 2282 4046 itinere
2307 4000 2490 4046 nostro
2513 3995 2825 4064 concepisti.
2856 3994 3087 4062 Etenim,
3125 4005 3183 4050 ut
3206 3996 3316 4067 jam
3352 4008 3480 4054 ante
3502 4015 3600 4070 per
3623 4000 3682 4054 li-

2091 4089 2234 4137 teras
2261 4083 2356 4138 tibi
2385 4084 2677 4154 significavi
2702 4127 2716 4152 ,
2743 4101 2939 4157 corpus
2967 4086 3122 4142 nobis
3151 4097 3205 4143 et
3231 4089 3473 4144 sanitatis
3511 4099 3568 4145 et
3597 4105 3680 4145 ro.

2090 4174 2236 4231 boris
2275 4176 2636 4232 accessionem
2676 4177 2878 4234 habuit.
2910 4179 3183 4249 Siquidem
3225 4190 3279 4235 et
3319 4196 3414 4236 aer
3453 4182 3680 4253 benigne

2090 4267 2368 4324 nobiscum
2395 4269 2503 4338 egit
2528 4311 2540 4332 .
2568 4279 2622 4325 et
2649 4272 2682 4325 ii
2713 4288 2742 4325 a
2769 4271 2961 4341 quibus
2998 4273 3051 4326 in
3089 4273 3337 4328 exsilium
3377 4274 3674 4342 avehimur,

2087 4373 2270 4414 curam
2299 4375 2510 4416 omnem
2552 4369 2609 4418 et
2649 4363 2881 4418 studium
2906 4404 2923 4433 ,
2951 4365 3113 4420 etiam
3147 4381 3304 4436 supra
3338 4382 3498 4437 quam
3528 4370 3676 4423 volu—

2091 4466 2228 4517 mus,
2258 4451 2535 4521 adhibent,
2566 4463 2623 4508 ut
2650 4469 2748 4510 nos
2776 4464 3020 4512 recreent
3046 4471 3110 4512 ac
3137 4458 3398 4526 reﬁciant,
3423 4473 3595 4529 eaque
3621 4460 3674 4514 in

2088 4555 2148 4596 re
2173 4555 2391 4612 operam
2417 4553 2631 4599 navant.
2663 4543 2794 4601 Cum
2823 4555 3000 4602 autem
3027 4548 3201 4603 Nicaea
3226 4548 3564 4606 discessurus
3593 4566 3674 4606 es-

2087 4647 2200 4688 sem
2221 4673 2237 4700 ,
2267 4633 2406 4689 hanc
2429 4635 2708 4704 epistolam
2734 4637 2799 4691 ad
2829 4646 2880 4692 te
2905 4637 3063 4705 dedi,
3095 4640 3249 4694 tertia
3274 4640 3363 4695 die
3388 4639 3536 4696 Julii.
3567 4641 3672 4696 Fac

2086 4725 2244 4796 igitur
2267 4725 2334 4781 ad
2366 4742 2464 4782 nos
2492 4727 2560 4782 de
2590 4737 2675 4783 tua
2702 4728 3002 4785 valetudine
3031 4745 3188 4799 quam
3216 4731 3513 4800 saepissime
3542 4733 3667 4787 scri-

2085 4818 2202 4875 bas.
2227 4819 2311 4874 Ad
2337 4836 2454 4875 eam
2479 4822 2622 4876 enim
2659 4838 2773 4877 rem
2812 4838 3030 4893 operam
3062 4824 3157 4880 tibi
3187 4825 3398 4880 navahit
3424 4826 3670 4883 dominus

2085 4927 2238 4968 meus
2267 4913 2607 4984 Pergamius,
2638 4916 2724 4971 cui
2763 4930 3086 4987 magnOpere
3122 4915 3356 4973 conﬁdo.
3395 4917 3506 4974 Nec
3545 4934 3670 4976 vero

2084 5002 2152 5058 de
2176 5012 2266 5057 tua
2290 5003 2566 5060 dumtaxat
2592 5007 2730 5062 bona
2754 5007 3055 5065 valetudine
3077 5010 3336 5066 certiores
3360 5026 3458 5066 nos
3485 5011 3666 5081 facias,

2084 5111 2267 5151 verum
2298 5095 2429 5152 illud
2453 5098 2616 5153 etiam
2643 5098 2909 5168 signiﬁces
2934 5101 3114 5165 velim,
3143 5102 3389 5157 mmroris
3417 5102 3612 5158 nubem
3640 5118 3668 5156 a

2083 5195 2138 5243 te
2161 5188 2469 5259 dissipatam
2497 5203 2637 5245 esse.
2671 5189 2805 5245 Nam
2839 5191 2884 5245 si
2913 5191 3016 5247 hoc
3041 5207 3106 5247 ex
3133 5193 3237 5247 tuis
3269 5193 3436 5248 literis
3465 5193 3670 5250 intelle-

2083 5281 2337 5348 xerimus,
2364 5282 2558 5352 saepius
2585 5298 2796 5353 quoque
2822 5282 2889 5338 ad
2917 5292 2968 5339 te
2996 5285 3177 5340 literas
3201 5285 3470 5352 dabimus,
3499 5295 3558 5341 ut
3582 5288 3666 5358 qui

2081 5375 2365 5431 scribendo
2387 5376 2583 5447 aliquid
2611 5377 2970 5446 proﬁciamus.
2997 5379 3352 5446 Quamobrem
3379 5379 3425 5434 si
3455 5380 3666 5436 crebras

2081 5480 2111 5520 a
2149 5465 2302 5522 nobis
2330 5466 2513 5522 literas
2541 5468 2785 5538 accipere
2817 5468 3000 5538 cupis,
3032 5468 3160 5525 illud
3189 5468 3345 5524 nobis
3367 5478 3554 5539 aperte
3584 5471 3665 5524 in-

2079 5557 2196 5612 dica
2215 5598 2230 5625 ,
2257 5573 2326 5612 ex
2353 5557 2718 5629 frequentibus
2746 5560 2943 5619 nostris
2975 5561 3144 5615 literis
3170 5559 3366 5630 aliquid
3402 5563 3663 5617 commodi

2079 5663 2396 5719 promanare
2418 5666 2430 5702 :
2455 5663 2518 5704 ac
2536 5649 2742 5706 videbis
2765 5665 2862 5706 nos
2881 5650 2936 5707 id
2959 5652 3193 5706 muneris
3213 5649 3512 5722 largissime
3533 5666 3662 5722 prae-

2141 5779 2214 5850 (η)
2243 5785 2387 5850 Erant
2407 5784 2678 5850 Mansiones
2712 5782 2826 5850 loca
2849 5790 2901 5850 et
2937 5781 3223 5838 diverticula
3259 5784 3310 5836 in
3332 5785 3418 5837 viis
3441 5783 3657 5850 publicis,

2079 5842 2164 5893 ubi
2191 5844 2508 5910 manebatur;
2533 5857 2628 5910 qua
2650 5846 2713 5897 de
2735 5859 2793 5898 re
2816 5847 2953 5897 intra.
