3906 6370
187 381 279 440 ϐθτ
1568 369 1951 429 ΕΡιετοιΑε.

183 511 369 584 ταχέως
394 509 564 576 ἔσται,
596 505 692 561 τοῦ
728 505 863 560 Θεοῦ
899 505 1303 576 ἐπιτρέποντος..
1346 505 1519 575 Χαῖρε
1550 504 1729 558 τοίνυν

184 604 266 658 καὶ
316 599 619 671 εὐφραίνου,
659 600 754 652 καὶ
786 597 1026 668 ἐντρύφα
1073 615 1165 650 σου
1203 601 1314 660 τοῖς
1349 596 1499 668 [589]
1533 613 1730 667 κατορ-

185 691 395 764 θώμασι,
430 691 522 744 καὶ
550 690 823 761 μηδέποτε
853 689 1127 759 ἀπογνῷς,
1157 690 1238 742 ὅτι
1265 706 1322 741 σε
1353 688 1594 758 ὀψόμεθα
1622 689 1729 743 πά-

185 787 275 849 λιν,
307 785 395 838 καὶ
430 782 537 837 τῶν
569 783 833 853 ῥημάτων
866 798 924 834 σε
953 782 1337 852 ἀναμνήσομεν
1358 780 1581 834 τούτων.

453 961 615 1034 Πρὸς
641 961 758 1032 τὴν
789 961 985 1032 αὐτὴν
1011 961 1305 1032 ἐπιστολὴ
1328 967 1398 1020 H’

241 1141 344 1194 Ούκ
385 1138 604 1210 ἔμελλον
649 1137 757 1208 ἄρα
799 1135 919 1190 οὐδὲ
972 1135 1072 1207 τῆς
1123 1135 1327 1198 πόλεως
1373 1135 1734 1208 ἀναχωρήσας

180 1230 591 1288 ἀπαλλάττεσθαι
619 1230 729 1282 τῶν
753 1229 1148 1300 συντριόόντων
1173 1228 1330 1298 ἡμῶν
1353 1229 1453 1298 τὴν
1472 1229 1728 1283 διάνοιαν.

181 1326 236 1378 θί
273 1324 372 1395 γὰρ
417 1323 559 1378 κατά
593 1322 692 1393 τήν
730 1321 849 1376 ὁδὸν
879 1323 1009 1392 ἡμῖν
1057 1319 1434 1386 ἀπαντῶντες,
1462 1321 1513 1372 οί
1544 1320 1644 1392 μὲν
1673 1321 1732 1388 ἐξ

180 1418 444 1488 ἀνατολῆς,
473 1418 520 1470 οί
544 1417 601 1468 δὲ
630 1416 692 1481 ἐξ
729 1414 1048 1487 Ἀρμενίας,
1087 1414 1136 1468 οί
1170 1413 1228 1467 δέ
1259 1414 1354 1468 καὶ⁸
1390 1413 1685 1484 ἀλλαχόθεν
1704 1428 1732 1455 ιι

181 1510 263 1579 τῆς
290 1508 604 1582 οἰκουμένης
627 1547 643 1573 ο
675 1509 860 1582 πηγὰς
894 1509 1094 1577 ἀφιᾶσι
1132 1507 1402 1580 δακρύων,
1440 1509 1586 1578 ἡμᾶς
1613 1507 1733 1577 βλέέ

183 1619 370 1664 ποντες,
412 1601 505 1654 καὶ
538 1601 821 1664 κωκυτοὺς
851 1597 1225 1670 προστιθέασι,
1261 1597 1355 1651 καὶ
1380 1597 1446 1650 δι’
1481 1596 1732 1668 ὀδυρμῶν

183 1695 339 1745 πᾶσαν
378 1691 840 1762 παραπέμπονται
887 1690 985 1762 τὴν
1016 1690 1153 1745 ὁδόν.
1185 1689 1370 1744 Ταῦτα
1412 1690 1467 1744 δὲ
1512 1691 1730 1761 εἴρηκα,

183 1783 254 1836 ἵνα
286 1783 506 1854 μάθητε,
537 1783 622 1837 ὅτι
648 1783 878 1847 πολλοὺς
912 1783 1022 1854 ἔχω
1052 1783 1452 1852 συναλγοῦντας
1479 1784 1608 1852 ὑμῖν
1627 1795 1642 1812 ⁶
1670 1784 1732 1837 οὐ

185 1876 352 1946 μικρὸν
379 1875 433 1928 δὲ
465 1875 562 1929 καὶ
586 1873 745 1928 τοῦτο
774 1876 856 1938 είς
879 1875 1232 1946 παραμυθίας
1257 1874 1431 1944 λόγον.
1457 1877 1521 1928 Εἰ
1543 1874 1652 1945 γάρ
1675 1875 1734 1928 τὸ

182 1965 394 2018 ἐναντίον
432 1965 505 2028 ὡς
540 1964 682 2036 βαρὺ
720 1964 813 2018 καὶ
851 1965 1130 2036 ἀφόρητον
1167 1969 1196 2020 6
1230 1967 1515 2039 προφήτης
1547 1965 1736 2037 θρηνεῖ

181 2055 359 2123 λέγων’
402 2056 510 2111 Kal
561 2054 856 2125 ὑπέμεινα
896 2057 1435 2127 συλλιυπούμενον,
1479 2058 1580 2112 καὶ
1620 2060 1732 2126 οὺχ

182 2145 440 2214 ὑπῆρξεν,
486 2145 590 2200 καὶ
636 2147 1171 2216 παρακαλοῦντας,
1221 2149 1320 2203 καὶ
1366 2151 1479 2219 οὐχ
1520 2143 1730 2220 εὗρον·

182 2236 374 2308 εῠδηλον
399 2238 476 2292 ὅτι
505 2237 672 2292 τοῦτο
700 2237 904 2310 πολλὴν
933 2239 1087 2310 φέρει
1132 2241 1234 2310 τὴν
1263 2241 1642 2312 παραμυθίαν,
1673 2241 1735 2294 τὸ

181 2331 438 2394 κοινωνοὺς
458 2329 548 2401 ἔχε
558 2348 608 2385 ιν
630 2330 730 2400 τῆς
762 2330 1004 2401 ἀθυμίας
1023 2330 1120 2402 τὴν
1144 2333 1468 2403 οἰκουμένην
1490 2332 1730 2389 ἃπασαν.

182 2419 234 2472 Εἰ
264 2419 314 2473 δέ
357 2422 445 2474 καὶ
485 2420 687 2492 ἑτέραν
732 2420 917 2492 ζητεῖς
963 2421 1350 2492 παραμυθίαν,
1387 2425 1549 2493 ἡμεῖς
1579 2425 1628 2476 οί
1667 2425 1734 2477 τά

180 2509 388 2563 τοσαῦτα
419 2512 510 2564 καί¹
539 2510 851 2581 τηλικαῦτα
881 2510 1146 2574 παθόντες
1176 2511 1342 2575 κακά,
1365 2513 1423 2564 ἐν
1453 2512 1652 2584 ὑγιείᾳ,
1677 2514 1734 2565 ἐν

182 2599 311 2670 ἀδείᾳ
343 2601 621 2672 διάγομεν,
655 2602 713 2654 ἐν
742 2602 943 2673 ήσυχίᾳ
970 2603 1160 2673 πολλῇ,
1196 2603 1555 2674 ἀριθμοῦντες
1576 2607 1608 2673 ἡ
1619 2604 1734 2674 μῶν

182 2690 238 2742 τὰ
274 2691 557 2762 παθήματα
589 2690 657 2744 τὰ
697 2691 917 2744 ποικίλα
965 2691 1060 2744 καὶ
1095 2691 1316 2762 συνεχῆ,
1364 2691 1460 2754 τὰς
1505 2693 1732 2762 θλίψεις,

183 2780 261 2844 τὰς
294 2783 578 2847 ἐπιϐουλάς
599 2823 614 2848 ,
662 2784 754 2836 καὶ
789 2787 854 2854 τῇ
889 2785 1078 2855 μνήμῃ
1111 2784 1317 2837 τούτων
1360 2785 1735 2855 ἐντρυφῶντες

183 2870 431 2941 διηνεκῶς.
463 2874 636 2928 Ταῦτ’
669 2871 762 2929 οὖν
792 2877 886 2928 καὶ
907 2855 1235 2946 λογιζομένη
1262 2876 1403 2947 αὐτὴ
1428 2917 1442 2940 ,
1474 2876 1736 2932 σκέδασον

182 2958 266 3027 τῆς
293 2960 512 3032 ἀθυμίας
541 2962 610 3015 τὸ
640 2963 825 3032 νέφος,
851 2963 944 3015 καὶ
971 2963 1148 3034 γράφε
1184 2961 1423 3032 συνεχῶς
1450 2963 1581 3032 ἡμῖν
1609 2963 1738 3033 περὶ

143 3055 148 3060 ’
182 3049 266 3117 τῆς
287 3050 482 3118 ὑγιείας
502 3052 612 3122 τῆς
639 3051 756 3122 σῆς.
787 3049 941 3103 Ἐπεὶ
956 3050 1051 3102 καὶ
1068 3049 1162 3102 νῦν
1177 3049 1268 3102 τοῦ
1287 3049 1475 3119 κυρίου
1511 3064 1612 3118 μου
1640 3048 1734 3100 τοῦ

186 3140 525 3197 πθεινοτάτου
571 3144 627 3195 Ἀ
637 3143 827 3214 ραϐίου
852 3141 1250 3206 ἐπεσταλκότος
1276 3143 1427 3212 ἡμῖν,
1451 3140 1738 3211 ἐθαύμασα

185 3230 282 3295 πῶς
303 3234 332 3304 ἡ
357 3235 420 3306 σή
449 3236 709 3306 τιμιότης
731 3235 833 3288 οὐκ
859 3235 1181 3297 ἐπέσταλκε,
1208 3235 1385 3288 καίτοι
1415 3234 1516 3304 τῆς
1541 3234 1738 3304 κυρίας

187 3339 290 3390 μου,
325 3327 416 3396 τῆς
448 3326 746 3398 ἐλευθέρας
791 3327 956 3381 αὑτοῦ
982 3368 999 3396 ,
1040 3326 1244 3397 σφόδρα
1279 3343 1374 3379 σου
1414 3325 1617 3395 φίληςὶ)
1651 3323 1741 3377 οὓ-

185 3431 287 3485 σης.
324 3417 516 3473 Ἑννόει
559 3419 618 3473 δὲ
647 3421 890 3485 κάκεῖνο,
927 3419 1009 3472 ὅτι
1043 3419 1136 3472 καὶ
1177 3417 1245 3471 τὰ
1289 3416 1504 3490 χρηστὰ
1541 3417 1636 3471 καὶ
1673 3416 1742 3470 τά

183 3504 376 3578 λυπηρά
411 3510 504 3563 τοῦ
561 3511 831 3580 παρόντος
865 3510 982 3580 βίου
1015 3508 1372 3580 παροδεύεται
1399 3508 1632 3561 ἅπαντα.
1676 3508 1740 3558 Et

183 3597 273 3668 γὰρ
310 3601 396 3654 καὶ
440 3602 608 3672 στενὴ
652 3602 794 3673 πύλη
818 3643 832 3666 ,
881 3603 974 3655 καὶ¹
1006 3599 1344 3671 τεθλιμμένη
1377 3601 1411 3669 ή
1446 3598 1593 3662 ὁδὸς,
1626 3599 1738 3652 ἀλλ’

182 3690 308 3760 ὅμως
337 3697 446 3760 ὁδός
465 3713 476 3725 ·
507 3696 816 3766 ἀναμνήσω
846 3695 956 3766 γάρ
986 3711 1044 3746 σε
1087 3694 1360 3764 ῥήματος.
1393 3686 1454 3745 οὗ
1482 3691 1741 3754 πολλάκις

184 3779 428 3857 διελέχθην
455 3787 600 3858 πρὸς
636 3785 694 3838 σέ
715 3802 728 3816 ο
759 3785 823 3837 Εί
861 3783 955 3837 καὶ
988 3783 1217 3836 πλατεῖα
1257 3784 1290 3852 ἡ
1323 3779 1497 3850 πύλη,
1531 3779 1623 3833 καὶ
1646 3780 1739 3832 εὑ-

187 3873 401 3948 ρύχωρος
428 3883 460 3949 ἡ
491 3879 634 3942 ὁδὸς,
664 3877 800 3931 ἀλλά
829 3877 924 3930 καὶ
955 3875 1092 3946 αὕτη
1124 3875 1262 3936 ὁδός.

253 3968 642 4040 Ἀπαλλαγεῖσα
663 3971 841 4024 τοίνυν
866 3971 963 4040 τῆς
993 3969 1118 4039 γῆς,
1147 3966 1347 4039 μᾶλλον
1368 3965 1426 4020 δὲ
1452 3963 1617 4019 αὐτοῦ
1646 3963 1739 4017 τοῦ

187 4056 450 4129 συνδέσμου
483 4061 592 4129 τῆς
630 4059 853 4131 σαρκὸς,
877 4058 1142 4127 διέγειρόν
1172 4073 1264 4109 σου
1293 4056 1392 4126 τῆς
1425 4054 1742 4124 φιλοσοφίας

184 4143 234 4197 τὸ
261 4151 442 4220 πτερὸν
466 4193 482 4218 ,
522 4150 665 4222 μηδέ
697 4151 842 4221 ἀφῇς
877 4152 982 4204 ὑπὸ
1012 4152 1110 4221 τῆς
1153 4153 1314 4214 σκιᾶς
1347 4150 1480 4203 αὐτὸ
1521 4150 1614 4202 καὶ
1646 4148 1741 4202 τοῦ

184 4241 365 4293 καπνοῦ
400 4242 605 4311 (τοῦτο
649 4241 756 4312 γάρ
798 4242 865 4295 τά
916 4241 1269 4314 ἀνθρώπινα)
1317 4241 1739 4312 βαπτίζεσθαιεο

194 4327 332 4385 Ἀλλά
373 4335 472 4387 κᾶν
523 4335 645 4405 ἴδῃς
693 4335 968 4399 ἐκείνους,
1014 4335 1140 4398 τοὺς
1182 4335 1419 4387 τοσαῦτα
1462 4337 1543 4398 είς
1595 4336 1742 4406 ἡμᾶς

184 4427 677 4495 παρανομήσαντας,
709 4427 802 4480 καὶ
832 4426 930 4489 τὰς
959 4426 1142 4488 πόλεις
1168 4425 1347 4478 αὐτῶν
1376 4425 1618 4496 ἔχοντας,
1647 4425 1743 4478 καὶ

185 4514 325 4584 τιμῆς
353 4517 725 4581 ἀπολαύοντας
749 4519 840 4572 καὶ
874 4518 1222 4588 δορυφορίαςο
1249 4518 1467 4584 ἐπέλεγε
1495 4517 1554 4570 τδ
1592 4519 1742 4588 ῥῆμα

185 4603 353 4672 τοῦτο,
374 4610 640 4664 [uatem
668 4611 706 4677 ἡ
738 4612 922 4678 πύλη,
955 4611 1052 4664 καὶ
1082 4611 1422 4679 είερύχωρος
1452 4611 1488 4677 ἡ
1518 4609 1678 4674 ὁδός,
1705 4611 1742 4678 ἡ

185 4693 478 4765 ἀπάγουσα
499 4705 588 4767 εὶς
611 4703 724 4769 τὴν
749 4702 1076 4766 ἀπώλειαν,
1103 4703 1198 4755 καὶ
1227 4702 1427 4772 δάκρυε
1458 4702 1544 4753 διὰ
1570 4700 1744 4753 ταῦτα

190 4787 362 4852 μᾶλλον
394 4793 592 4856 αὐτοὺς
614 4833 630 4858 ,
672 4795 764 4847 καὶ
799 4793 1004 4864 θρήνει.
1055 4794 1114 4846 ⁸0
1152 4794 1258 4865 γὰρ
1294 4792 1527 4847 ἐνταῦθα
1574 4793 1745 4846 κακόν

186 4891 228 4928 τι
262 4883 418 4934 ποιῶν
440 4923 454 4947 ,
498 4881 615 4937 εἶτα
658 4885 794 4957 πρὸς
822 4886 901 4956 τῷ
933 4885 1007 4957 μὴ
1049 4885 1230 4938 δοῦναι
1269 4884 1424 4956 δίκην
1455 4884 1546 4937 καὶ
1579 4884 1745 4954 τιμῆς

185 4972 316 5041 παρὰ
363 4977 666 5047 ἀνθρώπων
712 4979 1021 5043 ἀπολαύων,
1079 4979 1335 5050 μέγιστον
1383 4976 1744 5033 ἀπελεύσεται

183 5065 434 5134 τιμωρίας
469 5069 681 5138 ἐφόδιον
717 5069 855 5140 ἔχων
887 5071 987 5141 τὴν
1015 5072 1205 5141 τιμήν.
1228 5070 1329 5123 Διά
1353 5087 1433 5123 τοι
1460 5070 1616 5122 τοῦτο
1649 5066 1746 5121 καὶ

182 5153 208 5203 6
231 5155 471 5221 πλούσιος
502 5162 709 5225 ἐκεῖνος
751 5162 1003 5232 χαλεπῶς
1036 5161 1465 5233 ἀπετηγανίζετο
1485 5205 1499 5229 ,
1543 5163 1604 5214 οὑ
1649 5163 1746 5232 τῆς

185 5244 443 5321 ὠμότητος
475 5255 639 5325 μόνης
679 5255 885 5318 ἕνεκεν,
924 5256 989 5324 ἢν
1016 5254 1186 5326 περὶά
1215 5253 1308 5307 τὸν
1335 5253 1583 5326 Λάζαρον
1614 5257 1744 5306 ἐπε-

152 5335 410 5408 νδείξατο,
451 5345 604 5410 δίκας
629 5347 840 5414 διδοὺς,
887 5346 1023 5401 ἀλλά
1054 5347 1149 5399 καὶ
1190 5345 1289 5416 τῆς
1336 5345 1487 5417 [5901
1544 5347 1745 5416 εὑημε-

243 5523 266 5550 “
290 5523 434 5575 Iidem
451 5541 564 5594 mss.
587 5531 629 5576 οί
655 5531 706 5578 δὲ
721 5530 983 5594 ἀλλαχόθεν
1001 5527 1748 5594 πολλαχόθεν.-Ιηςτιιμὶἱᾶοηι,πᾷη

185 5597 266 5660 gn
281 5591 682 5660 παραπέμπονται.
699 5593 833 5660 @dig
845 5589 1282 5660 παραπεμπόμενοι.
1307 5589 1430 5640 Ibid.
1455 5591 1527 5639 ὅτι
1545 5591 1746 5647 πολλοὺς

185 5652 272 5707 ἐχω
293 5652 629 5711 συναλγοῦντας
646 5654 774 5716 ἡμῖν.
795 5652 929 5704 Εόίῐζ
958 5652 1146 5717 ἔχετε...
1169 5652 1296 5712 ὑμῖν.

240 5706 266 5746 b
288 5709 390 5758 Duo
415 5725 528 5761 mss.
561 5718 740 5765 σφόδρα
762 5733 839 5764 σοι
860 5717 1010 5765 φίλης.

240 5732 266 5746 ν
288 5732 390 5758 υυυ
415 5732 528 5761 mss.
561 5732 740 5780 σφοορα
762 5733 839 5764 σοι
860 5732 1010 5780 φίλης.

240 5771 265 5836 ξ
291 5769 393 5836 plu)
413 5787 529 5826 mss.
565 5777 864 5836 βαπτίζεσθαι
884 5780 964 5826 καὶ
987 5777 1306 5826 καθέλκεσθαι.

241 5827 267 5869 ⁸
293 5830 437 5884 [idem
459 5837 514 5896 ἧς
532 5827 653 5902 περί,
676 5827 730 5890 οἱ
751 5838 872 5890 infra
893 5839 948 5900 ἧς
974 5841 1021 5888 ἐν
1047 5840 1273 5902 ὠμότητι-

3308 371 3424 430 608

1841 492 1982 562 ρίας,
2027 487 2094 565 ἧς
2140 495 2198 547 ἐν
2234 494 2478 565 ὠμότητι
2520 495 2758 569 τοσαύτῃ
2804 494 3065 566 διηνεκῶς
3107 491 3415 567 ἀπολαύων,

1838 585 1959 638 οὐδὲ
1987 584 2169 658 ταύτῃ¹
2203 585 2442 657 βελτίων.
2475 587 2710 655 ἐγένετο.
2754 587 2940 641 Ταῦτα
2978 587 3072 641 καὶ
3111 587 3179 642 τὰ
3206 587 3420 653 τούτοις

1839 677 2000 746 ὅμοια
2035 677 2126 747 (οὐ
2166 678 2274 749 γάρ
2327 679 2638 748 διελίπομεν
2688 679 2875 733 ταῦτά.
2905 697 2986 733 σοι
3036 679 3274 750 συνεχῶς
3316 681 3418 732 ἐπ-⁵

1840 767 2096 837 ᾀδοντες)
2150 769 2510 842 διαλεγομένη
2565 770 2701 841 πρὸς
2748 771 2968 842 ἑαυτὴν,
3016 771 3272 826 δέσποινά
3316 789 3454 842 μου·-

1841 857 2231 930 θεοφιλεστάτη
2258 901 2272 924 ,
2315 861 2516 915 ἀπόθου
2553 862 2614 915 τὸ
2661 862 2798 934 βαρὺ
2839 863 3000 916 τοῦτο
3041 866 3140 933 τῆς
3182 863 3421 934 ἀθυμίας
3450 913 3464 916 ,ν

1842 950 2084 1021 φορτίον,
2117 953 2209 1006 καὶ
2229 953 2387 1025 δῆλον
2409 957 2544 1026 ἡμῖν
2571 954 2730 1009 τοῦτο
2758 957 2983 1027 ποίησον
3003 973 3016 990 ο
3047 957 3142 1011 ἵνα
3164 957 3299 1027 ὅπερ
3323 957 3420 1011 καὶ
3465 982 3467 984 ·

1840 1041 2151 1114 ἔμπροσθεν
2170 1045 2502 1110 ἐπέσταλκα,
2529 1045 2712 1117 μαθὼν
2732 1047 2813 1100 ὅτι
2841 1047 3052 1115 γίνεταί
3072 1047 3152 1100 σοί
3175 1066 3226 1100 τι
3256 1047 3422 1100 πλέον

1840 1135 1922 1197 είς
1950 1135 2304 1206 παραμυθίας
2333 1137 2491 1207 λόγον
2533 1137 2625 1191 καὶ
2654 1137 2762 1191 ἀπὸ
2792 1139 2898 1191 τῶν
2932 1138 3214 1209 ἡμετέρων
3239 1155 3418 1210 γραμέ

1845 1225 2054 1296 μάτων,
2087 1227 2476 1300 συνεχέστερον
2504 1229 2798 1300 χρήσωμαι
2830 1228 2908 1300 τῷ
2938 1229 3236 1301 φαρμάκῳ.

2148 1341 2306 1409 Πρὸς
2341 1343 2456 1411 τὴν
2479 1342 2676 1412 αὐτὴν
2707 1343 3000 1413 ἐπιστολὴ
3035 1349 3110 1400 6'.

1914 1452 2084 1506 Ὅταν
2110 1453 2204 1508 τδω
2231 1454 2437 1526 δήμους
2476 1456 2684 1530 ἀνδρῶν
2710 1458 2805 1511 καὶ
2836 1457 3112 1526 γυναικῶν
3149 1457 3291 1511 κατὰ
3321 1455 3422 1522 τὰς

1840 1545 2012 1608 ὁδοὺς,
2047 1545 2190 1599 κατὰ
2213 1549 2339 1610 τοὺς
2372 1549 2644 1619 σταθμοὺς
2665 1561 2709 1614 ο,
2737 1551 2876 1603 κατά
2903 1549 3003 1613 τὰς
3031 1550 3221 1614 πόλεις·
3238 1552 3424 1620 ἐκχεοδ-

1845 1637 2060 1706 μένους,
2092 1639 2186 1692 καὶ
2209 1639 2452 1709 ὁρῶντας
2482 1643 2631 1710 ἡμᾶς
2657 1641 2752 1695 καὶ
2787 1640 3142 1712 δακρύοντας,
3178 1642 3345 1695 ἐννοῶ
3366 1645 3424 1695 ἐν

1839 1729 1949 1782 τίσι
1976 1729 2044 1782 τά
2075 1731 2334 1802 ὑμέτερα.
2370 1730 2433 1784 Εἰ
2463 1734 2573 1802 γὰρ
2599 1727 2746 1786 οὗτοι
2779 1732 2875 1786 νῦν
2899 1733 3116 1803 πρῶτον
3149 1730 3298 1804 ἡμᾶς
3325 1737 3428 1788 ἐωα

1846 1820 2074 1892 ρακότες
2099 1861 2113 1886 ,
2145 1821 2289 1875 οὕτω
2328 1823 2711 1878 κατακλῶνται
2744 1825 2856 1878 ὑπὸ·
2889 1825 2988 1895 τῆς
3032 1825 3299 1896 ἀθυμίας,
3348 1827 3425 1890 ὡς

1846 1911 1982 1982 μηδὲ
2012 1913 2324 1983 ἀνενεγκεῖν
2353 1915 2572 1987 ῥᾳδίως,
2605 1914 2741 1970 ἀλλά
2769 1915 3118 1970 ἱκετευόντων
3147 1918 3179 1986 ἡ
3189 1915 3307 1987 μῶν
3331 1918 3425 1970 καὶ

1842 2006 2307 2077 παρακαλούντων
2357 2008 2452 2063 καὶ
2509 2007 3008 2076 συμϐουλευόντων,
3059 2007 3425 2080 θερμοτέρους

1843 2098 2061 2168 ἀφιέναι
2100 2098 2350 2170 δακρύων
2384 2101 2646 2172 κρουνοὺς
2669 2141 2685 2169 ,
2737 2100 2959 2173 εὔδηλον
3005 2103 3088 2156 ὅτι
3129 2102 3260 2173 παρ’
3295 2103 3463 2173 ὑμῖν

1844 2192 2198 2264 σφοδρότερος
2223 2194 2250 2246 6
2276 2194 2501 2263 χειμών.
2543 2193 2682 2247 Ἀλλ’
2712 2195 2824 2266 ὅσῳ
2872 2195 3226 2266 σφοδρότερος
3250 2196 3279 2248 6
3312 2211 3426 2264 χει-

1846 2285 1982 2356 μὼν,
2010 2285 2248 2356 τοσούτῳ
2296 2286 2390 2338 καὶ
2426 2286 2649 2357 μείζονα
2679 2286 2747 2342 τά
2788 2287 3048 2359 βραϐεῖα,
3081 2289 3129 2339 εἰ
3159 2285 3425 2357 διηνεκῶς

1843 2377 2004 2429 αὑτὸν
2027 2377 2364 2448 εὐχαρίστως
2383 2377 2680 2446 ἐνέγκοιτε,
2711 2378 2807 2433 καὶ
2841 2379 2979 2450 μετὰ
3010 2378 3108 2449 τῆς
3130 2377 3430 2448 προσηκού-

1846 2485 1945 2536 σης
1975 2469 2258 2539 ἀνδρείας,
2293 2469 2483 2540 ὥσπερ
2510 2465 2603 2524 οὖν
2637 2472 2730 2524 καὶ
2765 2472 2983 2544 φέρετε.
3025 2473 3179 2525 Ἐπεὶ
3205 2471 3300 2524 καὶ
3329 2488 3430 2523 κυ-

1845 2559 2110 2630 ϐερνῆται
2137 2559 2340 2630 ἀνέμου
2371 2561 2602 2632 σφοδροῦ
2637 2563 2907 2628 πνέοντος,
2942 2563 3008 2616 ἂν
3035 2563 3133 2633 μὲν
3163 2563 3304 2634 πέρα
3333 2564 3428 2618 τοῦ

1847 2650 2046 2723 μέτρου
2077 2649 2145 2702 τά
2183 2649 2326 2704 ἱστία
2349 2650 2787 2718 ἀναπετάσωσιν,
2808 2652 3197 2723 περιτρέπουσι
3221 2653 3280 2705 τὸ
3305 2655 3430 2707 σκάι-

1845 2758 1976 2810 φοςο
2023 2741 2088 2796 ἂν
2123 2742 2180 2794 δὲ
2215 2744 2550 2814 συμμέτρως
2597 2745 2691 2796 καὶ
2735 2744 2810 2807 ὡς
2852 2744 3127 2815 προσῆκεν
3179 2745 3430 2798 ίθύνωσιν

1845 2833 1997 2896 αὐτὸ,
2030 2833 2167 2904 μετὰ
2190 2835 2489 2904 ἀσφαλείας
2521 2836 2742 2888 πλέουσι
2777 2835 2998 2905 πολλῆς.
3033 2835 3196 2890 Ταῦτ’
3230 2835 3324 2890 οῦν
3355 2839 3431 2890 εί-

1845 2927 1985 2992 δυῖα,
2015 2927 2270 2980 δέσποινά
2305 2945 2406 2998 μου
2441 2927 2849 2998 θεοφιλεστάτη,
2890 2919 3166 2999 μὴίέκδῴς
3195 2929 3432 3000 σεαυτὴν

1846 3021 1911 3090 τῇ
1943 3020 2039 3090 τῆς
2067 3018 2304 3090 ἀθυμίας
2341 3019 2634 3090 τυραννίδι,
2665 3019 2802 3074 ἀλλά
2846 3020 3038 3092 κράτει
3072 3020 3151 3091 τῷ
3184 3020 3432 3092 λογισμῷ

1846 3111 1941 3165 τοῦ
1989 3112 2284 3183 χειμῶνος
2328 3111 2552 3167 δύνασαι
2587 3112 2696 3183 γὰρ
2719 3153 2734 3177 ,
2761 3113 2856 3166 καὶ
2891 3113 2950 3164 οὑ
2990 3110 3175 3182 μεῖζόν
3206 3130 3298 3166 σου
3331 3113 3432 3184 τῆς

1846 3204 2041 3275 τέχνης
2087 3203 2148 3257 τὸ
2199 3203 2524 3257 κλυδώνιον·
2573 3204 2666 3258 καὶ
2717 3205 2900 3276 πέμπε
2952 3204 3255 3276 γράμματα
3298 3206 3434 3276 ήμῖν

1848 3297 2005 3350 τοῦτο
2049 3297 2494 3366 ἀπαγγέλλοντα,
2540 3298 2627 3352 ἵνα
2675 3299 2770 3351 καὶ
2820 3300 2877 3351 ἐν
2920 3297 3178 3370 ἀλλοτρίᾳ
3222 3298 3436 3370 διατρί-

1851 3390 2070 3457 ϐοντες,
2103 3390 2304 3461 πολλὴν
2333 3389 2760 3461 καρπωσώμεθα
2793 3389 3282 3461 τὴν-εὐφροσύνην,
3329 3406 3436 3459 μα-

1851 3481 2032 3545 θόντες
2060 3483 2144 3535 ὅτι
2185 3481 2322 3552 μετὰ
2353 3483 2453 3552 τῆς
2492 3480 2878 3552 προσηκούσης
2912 3499 2994 3534 σοι
3035 3481 3304 3544 συνέσεως
3341 3482 3436 3533 καὶ

1851 3573 2166 3644 φιλοσοφίας
2195 3576 2432 3645 ἤνεγκας
2461 3576 2560 3645 τὴν
2603 3574 2838 3644 ἀθυμίαν
2864 3574 3086 3644 ταύτην.
3129 3574 3316 3627 Ταῦτα
3345 3575 3437 3637 ἐγ-

1851 3667 1949 3734 γὺς
1986 3666 2325 3738 Καισαρείας
2353 3667 2538 3720 λοιπὸν
2571 3664 2740 3720 ἐλθὼν
2771 3665 3086 3719 ἐπέσταλκά
3119 3682 3212 3718 σου
3251 3666 3315 3736 τῇ
3351 3681 3434 3717 τι-

1855 3761 2086 3832 μιότητι.

2167 3853 2323 3923 Πρὸς
2351 3853 2465 3922 τὴν
2491 3851 3019 3922 αὐτὴν-ἐπιστολὴ
3047 3853 3110 3907 Γ.

1935 3942 2094 3997 Ἀλλά
2123 3945 2215 3998 καὶ
2246 3944 2405 3997 τοῦτό
2436 3961 2517 3997 σοι
2546 3942 2787 3997 λελύσθω
2809 3943 2870 3997 τὸ
2897 3945 3015 4008 δέος
3035 3986 3049 4007 ,
3078 3944 3138 3996 τὸ
3161 3944 3259 4014 τῆς
3297 3943 3436 3997 ὁδοιι

1853 4036 2048 4107 πορίας
2071 4036 2170 4106 τῆς
2197 4036 2492 4107 ἡμετέρας.
2535 4036 2645 4089 Καὶ
2673 4037 2805 4106 γὰρ,
2835 4035 2972 4106 ὅπερ
3000 4035 3169 4106 ἔφθην
3199 4035 3438 4087 ἐπιστει-

1852 4128 1970 4191 λας,
1996 4127 2057 4181 τὸ
2084 4127 2243 4198 σῶμα
2261 4130 2390 4199 ἡμῖν
2420 4130 2498 4190 εἰς
2515 4127 2724 4196 ὑγίειαν
2750 4128 2845 4182 καὶ
2871 4128 3092 4180 πλείονα
3121 4127 3285 4197 ρὦιν
3316 4127 3438 4179 ἐπέ-

1851 4219 2013 4286 δωκε,
2044 4218 2138 4272 τοῦ
2172 4237 2231 4272 τε
2259 4219 2419 4290 ἀέρος
2451 4219 2629 4283 καλῶς
2661 4221 2793 4290 ἡμῖν
2824 4220 3197 4290 κεχρημένου,
3233 4219 3344 4271 τῶν
3376 4234 3437 4270 τε

1852 4310 2172 4380 ἀπαγόντων
2195 4313 2344 4382 ἡμᾶς
2372 4313 2550 4366 πᾶσαν
2575 4311 2916 4383 ποιουμένων
2950 4312 3206 4384 σπουδὴν,
3239 4312 3380 4382 ὑπὲρ
3407 4310 3436 4363 δ

1855 4401 2156 4474 βουλόμεθα
2187 4402 2488 4456 ἀναπαύειν
2521 4405 2703 4474 ἡμᾶς,
2735 4407 2830 4457 καὶ
2866 4403 3027 4475 ἔργον
3062 4403 3219 4456 τοῦτο
3250 4420 3436 4456 ποιου-

1857 4498 2052 4566 μένων.
2093 4496 2321 4550 Μέλλων
2347 4497 2402 4549 δὲ
2432 4495 2540 4548 ἀπὸ
2570 4495 2672 4563 τῆς
2700 4496 2933 4558 Νικαίας
2964 4495 3201 4560 ἐξιέναι,
3230 4492 3436 4562 ταύτην

1852 4587 2242 4657 διεπεμψάμην
2287 4587 2385 4657 τὴν
2420 4587 2732 4656 ἐπιστολὴν,
2777 4587 2934 4657 τρίτῃ
2973 4586 3142 4656 μηνὸς
3174 4583 3267 4654 τοῦ
3308 4583 3438 4636 Ἰου-

1853 4681 1988 4734 λίου.
2021 4680 2203 4750 Γράφε
2243 4674 2335 4731 οῦν
2369 4680 2500 4750 ἡμῖν
2539 4676 2778 4746 συνεχῶς
2804 4677 2932 4748 περὶ
2959 4677 3056 4746 τῆς
3098 4675 3309 4744 ὑγιείας
3340 4678 3438 4746 τῆς

1857 4773 1975 4844 σῆς.
2011 4771 2400 4839 Διακονήσεται
2447 4770 2556 4840 γάρ
2593 4786 2676 4822 σοι
2724 4770 2859 4838 πρὸς
2896 4767 3055 4820 τοῦτο
3101 4769 3129 4819 6
3169 4767 3441 4837 δεσπότης

1858 4881 1961 4935 μου
1996 4862 2310 4934 Περγάμιος
2332 4903 2347 4928 ,
2449 4860 2656 4930 σφόδρα
2685 4861 3022 4930 τεθάρῤηκα.
3056 4860 3148 4930 Μὴ
3176 4860 3304 4928 περὶ
3337 4859 3438 4926 τῆς

1855 4956 2065 5025 ὑγιείας
2097 4955 2256 5026 μόνον
2285 4955 2416 5025 ἡμῖν
2445 4952 2603 5024 δήλου
2647 4952 2748 5020 τῆς
2785 4951 2918 5021 σῆς,
2965 4951 3102 5005 ἀλλά
3145 4953 3238 5004 καὶ
3284 4951 3437 5022 [531]

1855 5050 1985 5119 περὶ
2020 5048 2115 5101 τοῦ
2161 5047 2485 5101 ἐσκεδάσθαι
2532 5062 2612 5098 σοι
2651 5045 2751 5114 τῆς
2787 5043 3026 5116 ἀθυμίας
3064 5043 3123 5096 τὺ
3154 5045 3335 5114 νέφος.
3374 5045 3438 5096 Εἰ

1854 5145 1961 5214 γὰρ
2005 5142 2267 5212 μάθοιμεν
2299 5139 2388 5192 διὰ
2418 5138 2528 5192 τῶν
2559 5137 2904 5208 γραμμάτων
2951 5136 3058 5190 τῶν
3105 5137 3212 5189 σῶν
3255 5135 3435 5196 τοῦτο,

1855 5231 1949 5285 καὶ
1979 5229 2364 5300 συνεχέστερον
2392 5226 2804 5296 ἐπιστελοῦμεν,
2824 5227 2900 5290 ὡς
2923 5225 3176 5290 ἀνύοντές
3202 5244 3252 5279 τι
3277 5226 3438 5279 πλέον

1853 5323 1920 5377 δι’
1967 5315 2044 5376 ὧν
2090 5321 2394 5392 γράφομεν.
2446 5319 2509 5373 Εἰ
2550 5319 2729 5372 τοίνυν
2770 5319 3058 5389 ἐπιθυμεῖς
3106 5318 3438 5386 πυκνότητος

1855 5413 2150 5468 ἀπολαύειν
2191 5409 2488 5463 ἐπιστολῶν
2508 5449 2522 5473 ,
2554 5409 2712 5480 δήλου
2750 5411 2936 5478 σαφῶς
2962 5413 3090 5481 ἡμῖν
3119 5411 3200 5462 ὅτι
3231 5409 3456 5477 γίνεταί-

1855 5523 1908 5559 τι
1951 5504 2114 5557 πλέον
2142 5501 2250 5555 ἀπὸ
2279 5501 2375 5572 τῆς
2405 5500 2760 5570 πυκνότητος,
2791 5501 2887 5553 καὶ
2930 5499 3051 5568 ὄψει
3096 5499 3234 5570 μετὰ
3278 5499 3439 5567 δαψι-

1855 5599 2005 5663 λείας
2032 5595 2191 5652 τοῦτο
2213 5595 2572 5667 παρέχοντας.
2614 5594 2766 5648 Ἐπεὶ
2790 5595 2884 5649 καὶ
2921 5594 3037 5659 νῦν,
3060 5594 3267 5647 πολλῶν
3296 5611 3438 5664 παρ-

1923 5781 1944 5808 ε
1976 5774 2178 5835 Σταθμός
2202 5774 2516 5838 hicjdipsum
2542 5777 2740 5838 pulalmﬁ‘
2765 5785 2894 5828 esse,
2919 5771 3196 5838 iqund‘infra
3223 5771 3440 5838 inuEpi-

1859 5844 1981 5892 stola
2005 5840 2211 5902 quadam
2253 5836 2314 5886 ad
2357 5837 2582 5886 Ruﬁnum
2623 5837 2760 5898 μονή,
2789 5848 2877 5886 seu
2917 5835 3101 5888 Mausio
3141 5836 3442 5897 appellatur,
