3906 6390
459 365 560 424 609

467 475 724 534 ελοόντων
767 479 1016 537 ἐντεῦθεν
1049 483 1154 537 τῶν
1189 485 1500 557 δυναμένων
1545 489 1848 560 γράμματα
1882 493 2040 564 κομί-

469 587 579 634 σαι,
611 569 685 643 μὴ
711 571 1002 644 δεξάμενος
1027 575 1178 646 παρά
1213 577 1314 649 τῆς
1351 579 1448 649 σῆς
1476 582 1790 653 τιμιότητος
1821 586 2042 639 ἐπιστο-

463 659 580 731 λὴν,
615 662 818 735 σφόδρα
850 665 1082 736 ἤλγησα.

755 801 912 869 Πρὸς
947 802 1064 872 τὴν·
1086 807 1282 872 αὐτὴν
1308 809 1602 882 ἐπιστολὴ
1629 819 1741 871 ΙΑ’.

528 910 678 983 Ὄσῳ
706 911 774 966 τά
791 914 898 968 τῶν
921 918 1246 988 πειρασμῶν
1270 923 1403 994 ἡμῖν
1431 926 1778 990 ἐπιτείνεται,
1800 928 2040 999 τοσούτῳ

457 1003 551 1059 καὶ
574 1005 644 1058 τὰ
671 1006 771 1076 τῆς
806 1009 1209 1081 παρακλήσεως
1244 1015 1376 1084 ἡμῖν
1405 1017 1648 1084 αὔξεται,
1683 1021 1778 1073 καὶ
1807 1037 2042 1090 χρηστο-

451 1095 615 1168 τέρας
644 1095 838 1166 ἔχομεν
875 1101 1005 1171 περὶ¹
1035 1102 1145 1156 τῶν
1190 1105 1495 1176 μελλόντων
1533 1111 1630 1176 τὰς
1657 1111 1910 1176 ἐλπίδας·
1943 1112 2040 1166 νῦν

453 1185 510 1240 δὲ
560 1186 704 1241 κατά
749 1188 887 1275 ροῦνΔ
915 1192 1048 1263 ήμῖν
1094 1194 1311 1250 ἅπαντα
1347 1199 1612 1270 φέρεται,
1657 1203 1750 1256 καὶ
1791 1202 2040 1275 ἐξουρίας

449 1276 708 1348 πλέομεν.
727 1279 824 1343 Τίς
847 1273 988 1335 εἶδεν
1009 1299 1022 1347 ;
1046 1283 1130 1347 τίς
1156 1285 1387 1356 ἤκουσεν
1411 1307 1425 1355 ;
1459 1289 1695 1358 ’Υφαλοι
1729 1295 1822 1346 καὶ
1845 1273 2038 1348 σπιλά-

449 1367 571 1432 δες,
602 1369 872 1440 στρόϐιλοι
913 1373 1008 1426 καὶ
1048 1379 1362 1446 καταιγίδες
1395 1383 1902 1453 καταρρήγνυνται⁹
1941 1385 2038 1450 νὺξ

449 1459 732 1529 ἀσέληνος,
783 1462 946 1532 ζόφος
991 1464 1179 1534 βαθὺς,
1223 1472 1461 1540 κρημνοὶ
1488 1472 1582 1524 καὶ
1607 1472 1894 1525 σκόπελοι·
1941 1475 2036 1528 καὶ

447 1549 536 1604 διὰ
569 1552 812 1606 τοιούτου
847 1553 1107 1620 πλέοντες
1148 1559 1417 1629 πελάγους
1439 1601 1454 1624 ,
1488 1562 1597 1616 τῶν
1632 1566 1690 1616 ἐν
1726 1563 1904 1635 λιμένι
1939 1583 2036 1619 σα·

448 1642 716 1698 λευόντων
760 1646 914 1700 οὐδὲν
957 1651 1139 1721 χεῖρον
1185 1651 1507 1724 διακείμεθα
1527 1667 1572 1706 ιι.
1619 1656 1781 1710 Ταῦτ’
1815 1653 1908 1711 οὖν
1943 1658 2034 1710 καὶ

447 1733 586 1806 αὑτὴ
615 1734 958 1808 λογιζομένη,
985 1738 1241 1795 δέσποινά
1266 1760 1368 1812 μου
1391 1743 1801 1818 θεοφιλεστάτη,
1835 1747 2032 1818 ὑψηλοο

445 1826 580 1896 τέρα
613 1827 763 1896 γίνου
796 1829 904 1884 τῶν
933 1831 1178 1900 θορύϐων
1207 1834 1434 1900 τούτων,
1460 1839 1556 1890 καὶ
1584 1839 1692 1892 τῶν
1721 1839 2028 1906 κλυδὼνων,

445 1918 541 1970 καὶ
567 1918 804 1989 δηλῶσαί
833 1937 922 1991 μοι
949 1923 1288 1988 καταξίωσον
1315 1929 1385 1980 τά
1413 1931 1542 2000 περὶ
1563 1932 1662 2000 τῆς
1686 1931 1898 1999 ὑγιείας
1929 1933 2031 2002 τῆς

446 2012 578 2083 σῆς*
610 2015 771 2084 ἡμεῖς
813 2014 924 2086 γὰρ
954 2017 1012 2069 ἐν
1045 2018 1226 2088 ὑγιείᾳ
1257 2021 1350 2074 καὶ
1379 2023 1437 2074 ἐν
1477 2022 1714 2095 εὑθυμίᾳ
1746 2024 2026 2094 διάγομεν.

443 2105 556 2160 Καὶ
585 2105 694 2178 γὰρ
725 2108 820 2160 καὶ
851 2107 913 2160 τὸ
945 2107 1106 2179 σῶμα
1134 2112 1266 2182 ἡμῖν
1291 2114 1770 2187 ἐρρωμενέστερον
1812 2117 2025 2186 γέγονε,

443 2196 538 2250 καὶ
562 2197 802 2270 καθαρὸν
823 2199 1164 2272 ἀναπνέομεν
1195 2203 1352 2274 ἀέρα,
1373 2205 1504 2257 οἵτε
1523 2207 1793 2277 συναποδη
1803 2208 2029 2277 μοῦντες

439 2289 577 2360 ἡμῖν
615 2291 902 2362 ἐπαρχικοὶ
924 2333 939 2358 ,
1003 2293 1148 2348 οὕτω
1179 2295 1594 2366 θεραπεύουσιν,
1632 2300 1712 2352 ὅτι
1739 2301 1861 2354 οὐδὲ
1887 2304 2028 2356 οίκε-

440 2380 551 2435 τῶν
578 2383 726 2452 ἡμᾶς
749 2383 939 2452 ἀφιᾶσι
965 2384 1192 2450 δεῖσθαι,
1217 2385 1288 2440 τὰ
1318 2387 1546 2440 οἰκετῶν
1573 2389 1877 2454 ποιοῦντες.
1917 2393 2026 2446 Καὶ

441 2470 552 2544 γὰρ
595 2473 852 2542 ἥρπασαν
889 2474 950 2528 τὸ
981 2475 1264 2546 ἐπίταγμα
1295 2476 1454 2530 τοῦτο
1481 2477 1570 2531 διὰ
1597 2479 1690 2532 τὸν
1723 2482 1850 2552 περὶ
1878 2485 2026 2552 ἡμᾶς

439 2559 640 2633 ερωτα.
691 2563 802 2616 Καὶ
842 2562 1164 2636 δορυφορίαι
1213 2566 1519 2636 πανταχοῦ,
1570 2568 1802 2622 ἑκάστου
1837 2571 2025 2624 ἐαυτὸν

441 2652 840 2722 μακαρίζοντπ
882 2654 972 2708 διά
1012 2655 1112 2726 τὴν
1156 2655 1430 2710 διακονίαν
1467 2659 1691 2730 ταύτην.
1734 2662 1836 2715 Ἔν
1877 2663 2024 2717 ἐστιν

435 2745 587 2816 ἡμᾶς
633 2745 695 2798 τὸ
735 2746 975 2812 λυποῦν,
1025 2749 1088 2802 τὸ
1126 2749 1200 2820 μὴ
1243 2749 1466 2821 θαρρεῖν
1506 2753 1588 2806 ὅτι
1639 2755 1735 2806 καὶ
1775 2755 1914 2825 αὑτὴ
1965 2759 2023 2811 ἐν

437 2835 619 2907 ὑγιείᾳ
649 2837 855 2906 διάγεις
877 2839 926 2893 b.
955 2839 1207 2909 Δήλωσον
1245 2841 1310 2913 δὴ
1337 2842 1527 2907 τοῦτο,
1565 2845 1653 2898 ἵνα
1683 2848 1776 2900 καὶ
1804 2848 1902 2917 τῆς
1933 2851 2019 2901 ἐν·

432 2927 624 2982 τεῦθεν
649 2930 1046 3002 ἀπολαύσωμεν
1075 2933 1435 3005 εὐφροσύνης,
1469 2938 1563 2990 καὶ
1593 2937 1672 3008 τῷ
1714 2940 1888 3011 κυρίῳ
1921 2958 2021 3011 μου

430 3017 491 3072 δὲ
535 3018 614 3090 τῷ
658 3020 1021 3093 ποθεινοτάτῳ
1053 3025 1230 3096 τέκνῳ
1280 3026 1437 3095 ἡμῶν
1480 3029 1782 3100 Περγαμίῳ
1820 3030 2020 3095 πολλὰς

431 3112 662 3184 χάριτας
701 3113 978 3185 είσώμεθα
998 3126 1046 3168 ο.
1091 3117 1212 3170 Κᾶν
1249 3117 1442 3189 ἐθέλῃς
1481 3121 1614 3190 ἡμῖν
1659 3123 2014 3189 ἐπιστέλλειν,
2042 3124 2054 3139 ’

431 3204 582 3275 αὐτῷ
607 3205 743 3277 πρὸς
769 3205 928 3260 τοῦτο
952 3207 1178 3277 χρῆσαι,
1203 3210 1410 3280 γνησίῳ
1439 3228 1499 3263 τε
1527 3211 1662 3275 όντι,
1689 3214 1782 3266 καὶ
1815 3214 2017 3285 σφόδρα

431 3296 568 3366 ἡμῖν
605 3297 950 3368 ἀνακειμένῳ
970 3337 985 3362 ,
1019 3299 1113 3351 καὶ
1153 3300 1296 3353 πάνυ
1331 3303 1636 3374 αἰδουμένῳ
1669 3304 1767 3374 τὴν
1795 3307 2018 3376 κοσμιό-

430 3386 572 3455 τητά
598 3403 714 3452 σου,
749 3388 844 3440 καὶ
870 3387 968 3457 τὴν
1001 3388 1308 3444 εὐλάϐειαν.

713 3521 871 3588 Πρός
901 3521 1016 3590 τὴν
1059 3525 1256 3592 αὐτὴν
1283 3525 1579 3596 ἐπιστολὴ
1616 3532 1725 3583 IB'.

501 3647 611 3720 Τὴν
648 3651 961 3722 ἀρρωστίαν
999 3653 1308 3724 διαφυγὼν,
1348 3657 1414 3728 ἦν
1453 3659 1594 3714 κατά
1625 3661 1724 3730 τὴν
1765 3661 1880 3715 ὁδὸν
1911 3662 2014 3715 ὑπ-

361 3789 386 3804 κ
427 3739 622 3810 έμεινα
642 3782 656 3806 ,
690 3737 759 3812 ἦς
784 3743 881 3796 καὶ
915 3743 984 3796 τά
1013 3744 1242 3815 λείψανα
1269 3749 1350 3810 είς
1383 3750 1717 3820 Καισάρειαν
1756 3753 2008 3824 ἐκόμισα,

427 3833 523 3886 καὶ
571 3832 708 3904 πρὸς
751 3833 848 3906 τὴν
884 3833 1095 3914 ὑγίειαν
1147 3837 1462 3893 ἐπανελθὼν
1506 3840 1692 3895 λοιπὸν
1737 3844 2008 3915 καθαράν,

424 3924 724 3978 ἐπιστέλλω
751 3941 845 3978 σου
886 3929 952 3997 τῇ
996 3911 1252 4002 εὐλαϐείᾳ
1288 3930 1396 3984 ἀπὸ
1445 3933 1782 4003 Καισαρείας
1813 3911 2006 4008 αὐτῆς,

424 4017 484 4069 ἐν
614 4015 818 4088 πολλῆς
865 4018 1182 4085 ἀπολαύσας
1221 4021 1533 4094 θεραπείας,
1580 4028 1710 4098 ρᾷον
1738 4027 2007 4101 διετέθην,

426 4104 625 4175 ἰατρῶν
671 4107 910 4176 ἀρίστων
932 4149 947 4175 ,
987 4111 1082 4165 καὶ
1113 4111 1317 4184 σφόδρα
1350 4114 1821 4187 εὐδοκιμωτάτων,
1857 4117 2007 4192 [592]

422 4195 517 4247 καὶ
549 4196 866 4269 συμπαθείᾳ
897 4200 992 4252 καὶ
1018 4199 1227 4272 φίλτρῳ
1263 4203 1486 4271 μᾶλλον,
1525 4205 1646 4276 οὐχὶ
1675 4207 1836 4280 τέχνῃ
1868 4210 2008 4284 μόνῃ

423 4283 836 4354 θεραπευόντων
871 4289 1018 4358 ἡμᾶς
1041 4283 1343 4361 ἐπιτυχὼν,
1385 4285 1460 4346 ὧν
1492 4293 1718 4366 θάτερος
1755 4300 1849 4352 καὶ
1882 4283 2007 4355 συν-

419 4374 679 4429 ἀπελθεῖν
722 4377 854 4447 ἡμῖν
882 4378 1149 4450 ὑπέσχετο
1173 4420 1188 4445 ,
1219 4383 1314 4435 καὶ
1342 4382 1521 4456 ἐτεροι
1549 4385 1607 4438 δὲ
1648 4387 1868 4454 πλείους
1894 4391 2004 4446 τῶν

422 4465 480 4518 ἐν
506 4464 796 4538 ἀξιώμασι.
845 4471 956 4525 Καὶ
991 4474 1153 4544 ἡμεῖς
1186 4476 1284 4544 μὲν
1313 4475 1574 4542 πολλάκις
1613 4481 2002 4553 ἐπιστέλλομεν

417 4556 489 4611 τὰ
517 4559 637 4614 καθ’
665 4563 843 4633 ἡμᾶς·
873 4564 1014 4636 αὑτὴ
1041 4565 1118 4630 δὲ,
1153 4567 1182 4620 ὃ
1215 4568 1309 4620 καὶ
1335 4569 1648 4642 ἔμπροσθεν
1679 4573 2000 4640 ἐνεκάλεσα,

420 4654 713 4721 σπανιάκις
746 4656 904 4711 τοῦτο
937 4661 1128 4724 ποιεῖς.
1158 4661 1268 4714 Kal
1292 4661 1379 4716 ἵνα
1405 4663 1584 4736 μάθῃς
1614 4665 1695 4718 ὅτι
1728 4665 2002 4737 ῥᾳθυμίας

417 4746 518 4816 σῆς
553 4747 670 4800 ἐστι
703 4747 861 4802 τοῦτο
882 4791 898 4816 ,
928 4751 1022 4805 καὶ
1068 4751 1251 4825 οὐχὶή
1285 4756 1482 4821 σπάνις
1521 4756 1630 4810 τῶν
1665 4774 2000 4830 γραμματη-

415 4834 598 4906 φόρων
626 4837 785 4891 τοῦτο
820 4844 997 4904 ποιεῖ,
1027 4845 1056 4896 ὁ
1085 4843 1274 4914 κύριός
1301 4863 1437 4917 μου,
1465 4850 1494 4900 ό
1521 4848 1750 4917 ἀδελφὸς
1776 4851 1884 4904 τοῖν
1897 4848 2000 4922 βα-

413 4929 605 5000 καρίου
630 4932 884 5004 Μαξίμου
915 4934 1010 4989 τοῦ
1041 4937 1366 5004 ἐπισκόπου,
1395 4939 1502 5010 πρὸ
1527 4939 1620 4992 δύο
1648 4941 1854 4996 τούτων
1890 4944 1999 4996 ἀπ-

415 5021 651 5090 ήντησεν
677 5024 921 5094 ἡμερῶν,
940 5027 1034 5080 καὶ
1053 5028 1297 5099 αἰτηθεὶς
1318 5031 1446 5101 παρέ
1476 5031 1636 5101 ἡμῶν
1664 5035 1994 5105 γράμματα,

409 5111 582 5182 ἔφησε
619 5113 820 5184 μηδένα
850 5114 1178 5190 βουληθῆναι
1204 5119 1386 5174 δοῦναι
1413 5121 1564 5192 αὐτῷ
1583 5138 1597 5152 ·
1629 5123 1765 5177 ἀλλά
1792 5127 1884 5179 καὶ
1906 5126 1996 5180 τὸν

407 5205 633 5278 Τίγριον
670 5208 762 5262 τὸν
805 5211 1176 5284 πρεσϐύτερον
1221 5215 1512 5286 αἰτηθέντα
1554 5218 1682 5287 παρ’
1712 5219 1878 5272 αὑτοῦ
1917 5221 1992 5290 μὴ

407 5301 737 5370 παρασχεῖν.
757 5301 1091 5372 Παρακαλῶ,
1129 5306 1387 5362 ὀνείδισον
1413 5307 1563 5378 αὑτῷ
1595 5309 1773 5376 τοῦτο,
1799 5312 1893 5365 καὶ
1915 5313 1994 5382 τῷ

406 5388 614 5459 γνησίῳ
643 5389 737 5443 καὶ
763 5389 952 5462 θερμῷ
990 5392 1148 5463 ἡμῶν
1182 5395 1407 5467 ἐραστῇ,
1464 5398 1556 5451 καὶ
1583 5401 1695 5462 τοῖς
1722 5400 1904 5466 ἄλλοις
1935 5403 1992 5456 δέ

406 5480 570 5533 πᾶσιν
595 5483 708 5545 τοῖς
748 5483 876 5554 περὶ⁵
913 5483 1194 5552 Κυριακὺν
1235 5487 1326 5540 τὸν
1365 5488 1681 5545 ἐπίσκοπον.
1728 5492 1834 5546 Τοῦ
1883 5494 1990 5566 γὰρ

464 5674 488 5744 _‘
514 5676 650 5744 linus
676 5678 811 5744 οὐδὲν
844 5681 1039 5744 ἄμεινον
1058 5681 1350 5744 διακείμεθα.

462 5732 492 5807 ι]
518 5738 655 5807 μηυε
675 5740 723 5807 ἐν
756 5732 948 5807 εὐθυμία
968 5743 1158 5806 διάγεις-

468 5799 490 5828 c
515 5798 666 5850 Savil.
689 5803 843 5864 ἷσμεν,

1159 369 1214 426 S.
1251 369 1534 425 JOANNIS
1569 371 2055 430 CHRYSOSTOMI
2096 378 2415 438 ARCHIEP.
2457 387 3010 452 CONSTANTINOP.

3628 411 3728 468 ϐἰθ

2144 499 2311 554 τόπου
2357 503 2543 562 ἕνεκεν
2590 509 2731 565 ὥστε
2761 514 3122 588 ἐναλλαγῆναι
3147 561 3162 586 ,
3200 524 3339 595 μήτε
3382 525 3554 598 αὐτῷ,
3597 533 3729 600 μηδὲ

2143 601 2289 675 ἀλλῳ
2324 608 2513 678 μηδενὶ
2543 612 2892 686 ἐνοχλήσητε.
2917 619 3228 692 Δεδέγμεθα
3251 624 3348 695 τὴν
3371 626 3726 698 χάριν.Ἶσως

2143 705 2251 773 γάρ
2274 703 2675 779 ἠϐουλήθησαν,
2706 713 2800 766 καὶ
2829 714 2929 769 οὐκ
2951 716 3314 791 ἠδυνήθησαν.
3341 722 3482 788 Δόξα
3509 725 3590 795 τῷ
3616 725 3728 796 θεῷ

2141 801 2360 857 πάντων
2396 805 2617 859 ἐνεκενθ
2665 810 2726 862 οὐ
2779 813 2888 884 γὰρ
2937 813 3218 886 παύσομαι
3258 818 3418 873 τοῦτο
3459 821 3728 890 ἐπιλέγων

2140 900 2228 953 ἀεὶ
2267 901 2359 954 ἐπὶ
2409 905 2543 957 πᾶσί
2579 923 2669 976 μοι
2715 911 2829 973 τοῖς
2870 913 3280 982 συμϐαίνουσιν.
3327 918 3512 971 Ἔστω
3548 919 3722 987 τοῦτο,

2139 997 2239 1050 οὐκ
2283 999 2650 1071 ἠδυνήθησαν.
2709 1005 2801 1076 Μή
2849 1008 2944 1062 καὶ
2989 1011 3222 1081 γράφειν
3272 1014 3374 1066 οὑκ
3423 1015 3724 1084 ἠδύναντο,

2140 1096 2317 1152 Πολλά
2353 1101 2746 1172 εὐχαρίστησον
2777 1107 2895 1170 ταῖς
2929 1108 3149 1180 κυρίαις
3179 1127 3281 1180 μου
3309 1114 3430 1176 ταῖς
3465 1113 3726 1182 ἀδελφαῖς

2136 1195 2231 1250 τοῦ
2260 1196 2451 1267 κυρίου
2490 1216 2592 1269 μου
2625 1200 2720 1254 τοῦ
2750 1205 3080 1274 τιμιωτάτου
3120 1208 3422 1263 ἐπισκόπου
3447 1208 3476 1248 ἀ
3511 1211 3726 1280 Περγα-

2139 1292 2288 1362 μίου,
2335 1293 2536 1366 πολλὴν
2570 1297 2712 1368 ὑπὲρ
2735 1299 2894 1370 ἡμῶν
2928 1302 3280 1373 ποιουμέναις
3313 1305 3578 1370 σπουδήν.
3619 1306 3723 1358 Καὶ

2135 1389 2244 1461 γὰρ
2287 1389 2376 1444 τὸν
2424 1391 2613 1463 κύριόν
2659 1411 2764 1464 μου
2815 1395 2908 1450 τὸν
2939 1396 3108 1452 δοῦκα
3138 1399 3228 1452 τὸν
3257 1399 3515 1471 γαμϐρὸν
3559 1401 3722 1454 αὑτοῦ

2137 1487 2341 1560 σφόδρα
2402 1494 2822 1562 παρεσκεύασαν
2871 1497 3000 1566 περὶ
3045 1499 3197 1568 ἡμᾶς
3241 1497 3598 1563 διακεῖσθαι,
3651 1500 3721 1562 ὡς

2136 1587 2342 1656 σφόδρα
2373 1589 2622 1644 κάκεῖνον
2657 1591 2948 1664 ἐπιθυμεῖν
2975 1594 3124 1665 ἡμᾶς
3154 1597 3334 1648 ἐκεῖσε
3371 1595 3504 1650 ἰδεῖν
3528 1605 3576 1650 θ.
3617 1597 3720 1650 Καὶ

2133 1683 2272 1754 αὐτὴ
2296 1683 2354 1738 δὲ
2394 1686 2633 1758 συνεχῶς
2661 1687 2824 1756 δήλου
2849 1691 2981 1760 ἡμῖν
3005 1691 3074 1744 τά
3106 1693 3235 1763 περὶ
3260 1692 3360 1761 τῆς
3384 1692 3602 1760 ὑγιείας
3626 1693 3717 1762 τῆς

2134 1779 2235 1850 σῆς
2257 1822 2271 1846 ,
2312 1782 2405 1836 καὶ
2450 1783 2562 1838 τῶν
2614 1784 2952 1852 ἀγαπώντων
3003 1787 3169 1857 ἡμᾶς.
3226 1788 3413 1859 Ἡμῶν
3445 1788 3506 1841 δέ
3539 1790 3716 1842 ἕνεκεν

2131 1878 2390 1951 ἄφροντις
2418 1881 2530 1935 ἔσο.
2558 1884 2669 1936 Καὶ
2696 1883 2802 1955 γάρ
2827 1886 2884 1938 ἐν
2916 1885 3099 1958 ὑγιείᾳ
3123 1887 3311 1958 ἐσμὲν,
3334 1889 3430 1941 καὶ
3459 1887 3711 1958 εὐθυμία,

2131 1977 2224 2031 καὶ
2274 1977 2475 2049 πολλῆς
2516 1980 2864 2051 ἀπολαύομεν
2906 1982 3005 2052 τῆς
3053 1983 3319 2046 ἀνέσεωςῐ
3349 2025 3363 2048 ,
3417 1985 3589 2055 μεχρι
3625 1986 3714 2055 τῆς

2132 2075 2379 2144 σήμερον
2405 2077 2642 2146 ἡμέρας.
2681 2077 3086 2150 Ἐπιθυμοῦμεν
3115 2079 3171 2132 δέ
3202 2079 3417 2151 μαθεῖν,
3449 2082 3713 2152 περὶτῶν

2129 2171 2270 2224 κατά
2297 2172 2573 2244 Κυριακὸν
2612 2173 2704 2227 τὸν
2744 2174 3041 2230 ἐπίσκοπον
3069 2177 3118 2229 εί
3145 2176 3431 2247 ἀφέθησαν
3449 2193 3463 2205 ·
3507 2179 3602 2231 καὶ
3631 2179 3713 2231 οὑ-

2126 2267 2237 2332 δεὶς
2277 2271 2406 2340 ἡμῖν
2453 2271 2621 2339 σαφὲς
2664 2272 2816 2325 οὐδὲν
2849 2274 3184 2345 ἀπήγγειλεν
3210 2289 3223 2304 ·
3255 2274 3357 2328 κᾶν
3385 2274 3553 2328 τοῦτο
3588 2277 3712 2345 ἡμῖν

2125 2365 2425 2434 δηλώσατε.
2477 2366 2612 2422 Είπέ
2652 2371 2917 2443 Κυριακῷ
2953 2370 3031 2441 τῷ
3079 2371 3359 2444 ἐπισκόπῳ
3394 2374 3480 2426 ὅτι
3514 2374 3711 2428 λυπού-

2129 2479 2289 2531 μενος
2324 2463 2474 2536 αὑτῷ
2505 2466 2605 2518 οὐκ
2635 2467 2954 2522 ἐπιστέλλω.

2419 2599 2578 2668 Πρὸς
2610 2601 2725 2670 τὴν
2750 2601 2947 2672 αὐτὴν
2972 2604 3270 2674 ἐπιστολὴ
3297 2607 3415 2661 H".

2193 2734 2362 2798 Μόλις
2385 2734 2514 2787 ποτέ
2537 2735 2948 2809 ἀνεπνεύσαμεν
2970 2738 3048 2802 είς
3063 2737 3162 2812 τὴν
3184 2740 3399 2793 Κουκου
3409 2740 3504 2795 σὺν
3520 2740 3706 2811 ἀφικό-

2125 2847 2310 2903 μενοι,
2342 2831 2464 2885 ὅθεν
2497 2833 2594 2886 καὶ
2626 2834 3015 2905 ἐπιστέλλομεν
3035 2850 3050 2866 ο
3085 2836 3237 2907 μόλις
3265 2837 3397 2890 ποτέ
3425 2837 3709 2910 διεϐλέψα-

2124 2945 2224 2999 μεν
2247 2929 2354 2982 ἀπὸ
2377 2929 2468 2983 τοῦ
2491 2931 2722 2998 καπνοῦ,
2746 2931 2843 2985 καὶ
2871 2933 2971 3004 τῆς
3001 2933 3254 3006 ποικίλης
3277 2935 3389 2989 τῶν
3419 2936 3614 2992 κακῶν
3638 2955 3709 2992 νε-

2121 3027 2422 3098 φέλης,τῶν
2440 3028 2582 3082 κατά
2598 3030 2696 3102 τὴν
2712 3030 2830 3085 ὁδὸν
2845 3032 2994 3103 ἡμᾶς
3011 3033 3450 3088 καταλαϐόντων.
3464 3035 3588 3091 Νῦν
3605 3035 3708 3108 γάρ

2119 3124 2307 3196 ἐπειδὴ
2341 3125 2584 3204 παρῆλθε
2610 3126 2680 3180 τὰ
2711 3127 2980 3200 ὀδυνηρά,
3019 3131 3358 3204 διηγούμεθά
3405 3150 3503 3187 σου
3537 3134 3704 3189 ταῦτα

2116 3223 2182 3294 τῇ
2211 3221 2467 3296 εὐλαϐείᾳ
2487 3225 2532 3276 8.
2581 3223 2711 3278 Ὅτε
2749 3226 2862 3298 γὰρ
2900 3229 2959 3280 ἐν
2995 3228 3181 3294 αὐτοῖς
3207 3230 3378 3302 ήμην,
3411 3232 3516 3285 οὐκ
3548 3233 3706 3303 ἠϐου-

2115 3322 2288 3396 λόμην
2313 3324 2472 3380 τοῦτο
2509 3328 2766 3400 ποιῆσαι,
2803 3327 2880 3399 μὴ
2911 3328 3116 3398 σφόδρα
3154 3345 3214 3382 σε
3252 3329 3504 3402 λυπήσω.
3537 3333 3702 3402 Τριά-

2115 3438 2279 3476 κοντα
2297 3423 2407 3495 γάρ
2431 3425 2664 3497 σχεδὸνῆ
2687 3427 2780 3481 καὶ
2801 3427 3020 3490 πλείους
3043 3428 3257 3499 ἡμέρας
3272 3432 3535 3500 πυρετοῖς
3549 3431 3702 3502 χαλε-

2113 3520 2388 3584 πωτάτοις
2411 3521 2686 3575 διετέλεσα
2720 3524 2964 3578 παλαίων
2982 3564 3000 3588 ,
3030 3525 3126 3579 καὶ
3149 3525 3294 3579 οὕτω
3331 3525 3430 3597 τὴν
3477 3529 3698 3600 μακρὰν

2111 3613 2319 3685 ταύτην
2359 3621 2454 3670 καὶ
2490 3619 2732 3692 χαλεπὴν
2764 3620 2964 3676 ὁδεύων
2993 3622 3132 3686 ὁδὸν,
3164 3623 3259 3676 καὶ
3301 3623 3524 3694 ἑτέραις
3548 3623 3702 3696 [593]

2111 3715 2521 3783 χαλεπωτάταις
2554 3718 2890 3789 ἀρρωστίαις
2941 3719 3396 3791 πολιορκούμενος
3424 3722 3550 3783 ταῖς
3594 3721 3700 3773 ἀπὸ

2109 3809 2203 3862 τοῦ
2225 3813 2517 3883 στομάχου.
2536 3813 2760 3882 Λόγισαι
2779 3814 2846 3867 τά
2873 3815 3144 3880 ἐντεῦθεν,
3161 3818 3262 3869 οὐκ
3286 3817 3486 3887 ίατρῶν
3503 3816 3695 3880 ὄντων,

2107 3907 2170 3960 οὐ
2188 3908 2505 3979 βαλανείων,
2529 3911 2630 3964 οὑκ
2659 3913 3000 3985 ἐπιτηδείων,
3029 3914 3090 3966 οὐ
3111 3914 3213 3986 τῆς
3238 3915 3410 3987 ἄλλης
3434 3916 3696 3983 ἀνέσεως,

2120 4005 2424 4079 Ἰσαυρικοῦ
2462 4007 2628 4076 φόϐου
2671 4010 3010 4082 πανταχόθεν
3067 4013 3214 4084 ἡμᾶς
3253 4012 3695 4085 πολιορκοῦντος,

2107 4101 2216 4156 τῶν
2239 4102 2413 4158 ἄλλων
2445 4105 2652 4170 κακῶν,
2685 4109 2828 4179 άπερ
2859 4110 2892 4180 ἡ
2917 4108 3176 4165 δυσκολία
3199 4112 3306 4166 τῶν
3323 4112 3460 4166 όδῶν
3487 4113 3698 4168 τίκτειν

2107 4199 2298 4268 εἴωθε,
2333 4203 2612 4274 φροντίδος
2631 4244 2646 4270 ,
2687 4207 2987 4280 μερίμνης,
3012 4210 3283 4284 ἀθυμίας,
3311 4213 3556 4284 ἐρημίας
3588 4217 3697 4271 τῶν

2107 4295 2570 4366 θεραπευσόντων.
2608 4302 2769 4357 Ἀλλά
2789 4304 2883 4358 νῦν
2914 4307 3130 4362 ἅπαντα
3147 4309 3318 4364 ταῦτα
3338 4311 3580 4368 λέλυται.
3603 4316 3699 4381 Είς

2103 4392 2211 4463 γὰρ
2242 4393 2340 4466 τὴν
2367 4396 2678 4452 Κουκουσὺν
2702 4399 2968 4468 ἐλθόντες,
2996 4406 3098 4476 τήν
3118 4423 3178 4460 τε
3209 4408 3521 4480 ἀρρωστίαν
3551 4411 3697 4465 ᾶπα-

2105 4508 2205 4545 σαν
2243 4491 2560 4564 ἀπεθέμεθα
2612 4498 2754 4567 μετά
2793 4500 2900 4555 τῶν
2938 4501 3227 4568 λειψάνων,
3286 4506 3380 4560 καὶ
3430 4508 3608 4578 ἐσμὲν
3637 4511 3696 4563 ἐν

2103 4588 2284 4662 ὑγιείᾳ
2306 4592 2691 4668 καθαρωτάτη,
2714 4595 2808 4649 τοῦ
2829 4615 2889 4651 τε
2912 4599 3080 4668 φόϐου
3103 4601 3210 4655 τῶν
3243 4603 3502 4676 Ἰσαύρων
3523 4606 3695 4677 ἀπηλ-

2101 4688 2378 4760 λάγημεν,
2410 4692 2621 4748 πολλῶν
2677 4695 2914 4750 ἐνταῦθα
2956 4701 3305 4770 στρατιωτῶν
3342 4701 3533 4767 όντων,
3599 4707 3692 4760 καὶ

2102 4787 2307 4857 σφόδρα
2326 4788 2462 4858 πρὸς
2492 4791 2692 4855 αὐτοὺς
2713 4797 3214 4866 παρατεταγμένων
3235 4814 3249 4829 ⁸
3279 4798 3389 4852 τῶν
3413 4816 3476 4852 τε
3499 4802 3693 4872 ἐπιτη-

2098 4885 2305 4957 δείωνή
2329 4887 2558 4956 ἀφθονία
2587 4891 2851 4948 πάντοθεν
2877 4895 3011 4964 ἡμῖν
3039 4896 3274 4966 ἐπιρρεῖ,
3299 4897 3521 4951 πάντων
3550 4900 3692 4970 μετά

2098 4982 2282 5054 πάσης
2329 4984 2542 5048 εὐνοίας
2576 4989 2728 5058 ἡμᾶς
2765 4991 3184 5064 ἀποδεχομένων
3208 5035 3224 5062 ,
3267 4995 3446 5048 καίτοι
3481 4997 3689 5069 σφόδρα

2096 5080 2437 5152 ἐρημοτάτου
2467 5085 2618 5148 ὄντος
2649 5085 2743 5139 ωῦ
2769 5088 2989 5158 χωρίου.
3027 5089 3168 5144 Ἀλλ’
3217 5091 3406 5162 ἔτυχεν
3433 5095 3465 5147 ὁ
3485 5093 3686 5150 δεσπό-

2157 5272 2289 5345 ιξείε
2311 5287 2485 5345 qmnos
2519 5289 2635 5345 gms:
2663 5283 2716 5326 et
2741 5280 2812 5327 sic
2844 5281 2970 5345 [egit
3011 5283 3281 5345 interpres.
3315 5283 3364 5332 In
3412 5287 3535 5335 edit.
3581 5289 3680 5335 ἐπι-

2097 5336 2281 5401 ςκὸπρυ
2316 5337 2475 5385 deest.
2518 5339 2673 5387 Paulo
2701 5349 2810 5401 post
2853 5336 3005 5392 δόῦκα
3027 5336 3215 5395 ducem.
3249 5348 3422 5395 Billius
3461 5355 3678 5398 verterat

2099 5396 2326 5445 Dominus
2346 5411 2480 5448 meus
2511 5396 2725 5459 Ducasf.
2740 5403 2829 5450 sed
2874 5413 3013 5453 recte
3055 5407 3332 5455 emvndavil
3365 5410 3552 5459 Fronto
3585 5396 3682 5459 ῡιιζ

2093 5471 2242 5515 canus,
2271 5459 2504 5520 Dominus
2526 5475 2660 5512 meus
2694 5461 2814 5512 dum.
2843 5465 2959 5515 Haec
3003 5481 3093 5516 vox
3123 5481 3184 5516 ex
3210 5468 3386 5519 Latino
3411 5471 3518 5520 dua;
3558 5473 3678 5519 facta

2092 5519 2579 5593 signiﬁpabal'p'rimo
2603 5525 2776 5593 duce;
2796 5530 3066 5586 exercitus,
3091 5530 3201 5593 hinc
3225 5533 3379 5580 dum-es
3407 5519 3682 5593 prdi‘incia-

2092 5593 2227 5654 rmu‘;
2254 5580 2626 5654 impgtii/ilalum
2670 5587 2992 5654 prbigmque;
3041 5580 3094 5638 (ἐι
3128 5580 3421 5654 frequentet:
3465 5580 3680 5644 όεέυήιι

2092 5643 2529 5710 apud_§_c_ri_nlgres,
2557 5647 2772 5710 maxime
2795 5643 3069 5710 Byiantios.

2157 5718 2180 5743 θ
2207 5705 2303 5752 Alii
2329 5705 2482 5754 ἐκεῖσε
2508 5709 2583 5756 vel
2609 5710 2804 5758 κάκεῖσε
2825 5705 2959 5760 εἶναι.

2158 5764 2176 5802 ί
2208 5765 2337 5827 _l)u0
2359 5780 2470 5815 mss.
2495 5775 2582 5826 τῆς
2595 5770 2925 5827 ἀναπαύσεως.

2158 5829 2182 5869 Β
2207 5825 2329 5878 Tres
2351 5841 2468 5880 mss.
2494 5825 2744 5896 διηγοῦμαι
2768 5825 2967 5900 αὐτὰ-τῇ
2990 5836 3204 5903 εὐλαϐείᾳ
3228 5855 3334 5889 σου.
