3906 6378
237 395 344 451 609

235 527 460 578 stantes.
488 515 622 571 Nam
649 526 790 569 nunc
814 523 1047 583 quoque,
1079 522 1198 563 cum
1225 505 1401 573 multi,
1428 503 1516 573 qui
1550 502 1731 557 literas
1759 499 1827 554 ad

239 627 337 668 nos
361 609 558 665 aﬁerre
583 614 851 678 poterant,
879 604 980 659 hac
1007 603 1109 657 iter
1135 599 1389 663 facerent,
1423 610 1522 653 nec
1547 593 1828 666 epistolam

237 719 265 759 a
289 714 347 759 te
374 701 722 772 accepissem,
749 712 890 768 aegre
917 694 1202 750 admodum
1235 692 1285 747 id
1313 689 1433 746 tuli.

239 794 319 851 Ad
344 792 572 848 eamdem
599 790 749 861 epist.
777 786 882 842 XI.
913 785 1146 856 (Scripta
1165 797 1286 836 cum
1313 779 1580 836 Cucusum
1607 777 1709 832 iret
1737 789 1832 832 ex-

749 878 979 933 sulatum
1006 890 1148 930 anno
1171 871 1322 944 404.)

307 975 429 1042 Quo
469 977 796 1030 tentationes
836 977 1032 1025 nostrae
1076 967 1248 1036 magis
1284 965 1696 1035 ingravescunt,
1727 958 1834 1014 hoc

235 1067 402 1123 etiam
445 1063 616 1135 magis
660 1059 1053 1117 consolationes
1090 1064 1288 1111 nostra:
1325 1061 1618 1124 augentur,
1657 1049 1832 1106 laetio-

235 1173 465 1228 remque
488 1154 556 1211 de
584 1153 775 1210 futuris
798 1167 947 1222 spem
968 1149 1298 1218 concipimus
1320 1165 1334 1200 :
1357 1159 1500 1203 nunc
1519 1153 1696 1198 autem
1717 1156 1834 1197 om-

239 1250 327 1304 nia
349 1249 506 1304 nobis
527 1261 594 1302 ex
620 1243 783 1299 animi
808 1241 1072 1298 sententia
1093 1239 1306 1303 cedunt,
1331 1253 1396 1292 ac
1417 1234 1659 1293 secundo
1671 1242 1833 1290 vento

239 1340 574 1407 navigamus.
617 1335 748 1402 Quis
784 1331 949 1388 vidit?
989 1331 1109 1401 quis
1151 1329 1385 1386 audivit?
1421 1329 1594 1384 Petrae
1634 1335 1691 1382 et
1733 1325 1834 1380 sub

236 1431 397 1501 aquis
425 1428 643 1483 latentia
669 1441 796 1481 saxa
817 1467 831 1490 ,
863 1434 918 1479 et
951 1424 1188 1478 turbines
1217 1431 1271 1476 et
1297 1419 1543 1491 procellae
1567 1433 1690 1472 cum
1721 1416 1832 1472 fra-

237 1535 374 1589 gere
412 1526 575 1573 ruunt
607 1532 621 1571 :
652 1531 756 1571 nox
786 1514 1002 1582 illunis,
1031 1513 1197 1568 densa
1225 1512 1421 1582 caligo,
1453 1509 1748 1582 praecipitia
1779 1516 1836 1563 et

238 1609 448 1679 scopuli
480 1627 492 1662 :
523 1618 576 1664 et
603 1616 778 1662 tamen
807 1621 903 1675 per
925 1603 1190 1675 ejusmodi
1218 1617 1366 1658 mare
1397 1604 1728 1673 navigantes,
1754 1599 1836 1656 ni-

243 1701 356 1755 hilo
378 1700 564 1770 pejore
587 1707 728 1754 statu
763 1711 949 1752 sumus
973 1710 1134 1766 quam
1156 1694 1247 1765 qui
1272 1693 1324 1748 in
1353 1701 1510 1765 portu
1543 1693 1831 1762 jactantur.

242 1793 373 1847 Ilaec
400 1792 558 1862 igitur
598 1790 712 1860 ipsa
742 1801 952 1859 quoque
976 1802 1098 1842 cum
1123 1788 1302 1841 animo
1336 1794 1427 1840 tuo
1463 1784 1832 1857 perpendens,

239 1885 462 1938 domina
489 1896 609 1937 mea
634 1880 1051 1950 religiosissima,
1085 1878 1183 1932 hos
1213 1877 1466 1932 tumultus
1495 1891 1559 1932 ac
1582 1877 1836 1947 strepitus

241 1991 461 2046 supera,
489 1975 663 2044 deque
697 1982 785 2028 tua
816 1971 1120 2028 valetudine
1157 1969 1241 2026 fac
1268 1985 1376 2039 me,
1406 1984 1610 2041 quaeso,
1637 1969 1836 2025 certio-

245 2086 361 2125 rem
395 2087 408 2123 :
439 2082 537 2122 nos
561 2067 702 2122 enim
731 2073 786 2121 et
809 2065 1088 2120 commoda
1113 2063 1352 2134 corporis
1377 2063 1679 2118 valetudine
1703 2071 1760 2118 et
1783 2061 1835 2116 in

243 2159 412 2213 animi
439 2158 704 2212 hilaritate
731 2155 997 2226 degimus.
1022 2154 1156 2210 Nam
1180 2164 1235 2210 et
1257 2169 1453 2224 corpus
1477 2163 1722 2209 nostrum
1748 2153 1838 2207 ﬁr-

241 2253 388 2307 mius
411 2251 678 2306 redditum
703 2257 804 2316 est,
835 2256 889 2304 et
915 2259 1108 2318 purum
1132 2261 1314 2302 aerem
1343 2245 1618 2301 haurimus
1643 2261 1658 2299 :
1679 2252 1840 2314 atque

245 2341 488 2413 praafecti
530 2341 727 2396 milites
753 2339 862 2412 (a),
895 2339 934 2394 ii
966 2339 1057 2410 qui
1095 2338 1374 2394 nobiscum
1409 2337 1836 2409 peregrinantur,

244 2433 321 2488 ita
346 2447 445 2488 nos
464 2431 653 2488 ofﬁciis
675 2439 1087 2502 prosequuntur,
1108 2438 1171 2486 ut
1191 2445 1261 2486 ne
1285 2429 1603 2484 famulorum
1624 2428 1837 2499 quidem

245 2539 469 2596 operam
507 2525 782 2596 requirere
828 2539 927 2579 nos
965 2524 1178 2588 sinant,
1209 2538 1331 2579 cum
1375 2523 1478 2594 ipsi
1519 2523 1838 2579 famulorum

246 2616 432 2670 munia
461 2624 837 2686 exsequantur.
870 2614 1086 2670 Etenim
1124 2629 1222 2686 pro
1250 2629 1349 2671 suo
1376 2630 1500 2685 erga
1531 2629 1630 2671 nos
1657 2629 1842 2671 amore

247 2706 355 2762 hoc
396 2721 590 2762 munus
638 2707 1047 2776 praeripuerunt.
1096 2707 1269 2777 Atque
1313 2705 1510 2775 ubique
1552 2705 1840 2761 satellitum

249 2813 415 2853 manu
455 2796 748 2866 cingimur,
782 2811 1106 2866 unoquoque
1138 2795 1385 2851 videlicet
1419 2795 1644 2866 hujusce
1677 2796 1840 2850 mini-

248 2888 400 2944 sterii
427 2887 642 2943 nomine
661 2887 873 2943 beatum
899 2901 958 2942 se
983 2885 1326 2957 praedicante.
1353 2885 1523 2942 Unum
1551 2885 1602 2940 id
1625 2885 1842 2942 demum

249 2981 534 3036 molestum
575 2988 686 3046 est,
719 2978 864 3050 quod
908 2987 960 3034 te
996 2992 1210 3049 quoque
1249 2977 1500 3033 incolumi
1540 2978 1844 3033 valetudine

248 3085 376 3127 esse
393 3086 500 3126 non
519 3071 850 3141 exploratum
877 3069 1187 3125 habeamus.
1213 3068 1321 3124 Fac
1343 3069 1520 3140 itaque
1544 3069 1686 3125 istud
1707 3070 1846 3125 scia-

250 3180 379 3218 mus
404 3181 416 3217 :
446 3170 504 3218 ut
531 3163 633 3219 hoc
661 3163 820 3218 etiam
848 3161 1046 3216 lzetitia:
1073 3160 1226 3218 nobis
1262 3161 1503 3227 accedat,
1534 3176 1597 3217 ac
1625 3161 1844 3216 domino

250 3269 379 3311 meo
415 3253 836 3324 suavissimoque
886 3253 994 3308 ﬁlio
1039 3253 1319 3322 Pergamio
1361 3254 1604 3324 ingentes
1648 3253 1844 3324 gratias

252 3345 566 3402 habeamus.
596 3345 654 3401 Si
679 3346 771 3400 tibi
798 3345 866 3400 ad
893 3358 994 3399 nos
1021 3344 1202 3400 literas
1221 3343 1351 3400 dare
1377 3344 1652 3414 placuerit,
1678 3346 1846 3415 ipsius

251 3451 419 3507 opera
442 3436 508 3491 ad
533 3435 672 3491 hanc
695 3451 808 3493 rem
834 3447 1004 3492 utere.
1027 3435 1160 3490 Nam
1181 3444 1237 3490 et
1255 3438 1496 3491 sincerus
1515 3438 1719 3491 amicus
1739 3446 1844 3506 est,

251 3528 517 3599 nobisque
543 3527 957 3594 addictissimus,
983 3535 1040 3585 et
1067 3536 1212 3583 tuam
1237 3527 1554 3584 modestiam
1584 3543 1648 3584 ac
1681 3529 1847 3599 pieta-

253 3628 368 3676 tem
392 3619 679 3675 admodum
705 3627 1002 3677 reveretur.

249 3715 338 3769 Ad
366 3714 592 3769 uiridem
619 3714 766 3785 epist.
794 3712 938 3768 XII.
969 3711 1214 3785 (Scripta
1256 3711 1514 3768 Caesarem
1552 3712 1607 3768 in
1633 3711 1845 3783 Cappa-

803 3804 955 3859 docia
984 3819 1127 3859 anno
1151 3802 1302 3875 404.)

328 3895 464 3952 Cum
488 3912 554 3952 ex
582 3911 649 3952 eo
677 3897 866 3951 morbo
891 3897 1181 3953 evasissem
1205 3935 1221 3960 ,
1249 3910 1356 3966 quo
1385 3894 1439 3950 in
1476 3896 1666 3951 itinere
1694 3894 1846 3951 labo-

255 3991 394 4052 ravi,
419 3991 674 4060 cujusque
696 3989 952 4060 reliquias
975 3987 1274 4044 Caesaream
1301 4003 1468 4059 usque
1492 3988 1606 4052 tuli,
1629 3988 1848 4059 jamque

255 4081 328 4136 ad
360 4082 618 4152 integram
643 4079 1000 4136 valetudinem
1034 4079 1335 4144 rediissem,
1364 4094 1432 4134 ex
1463 4079 1580 4150 ipsa
1606 4077 1848 4135 Caasarea

257 4171 380 4228 haec
403 4171 470 4226 ad
495 4180 548 4226 te
571 4171 781 4241 scripsi,
807 4171 861 4225 in
887 4185 991 4240 qua
1017 4171 1197 4224 multis
1222 4169 1353 4225 mihi
1386 4169 1637 4226 adhibitis
1673 4185 1850 4227 reme-

257 4263 368 4318 diis
391 4263 582 4317 melius
608 4261 803 4329 habui,
833 4261 1304 4332 przestantissimos
1330 4261 1584 4318 nimirum
1608 4260 1850 4317 celeber-

258 4357 536 4426 rimosque
559 4355 797 4410 medicos
819 4363 1026 4421 nactus,
1051 4369 1080 4408 a
1102 4354 1294 4424 quibus
1320 4369 1426 4409 non
1450 4363 1554 4410 tam
1582 4356 1711 4410 artis
1728 4354 1854 4411 sub-

260 4448 417 4504 sidiis
438 4489 456 4516 ,
481 4463 639 4519 quam
668 4448 1135 4503 commiseratione
1163 4456 1323 4517 atque
1348 4447 1577 4503 amicitia
1603 4449 1850 4504 curabar.

261 4542 504 4608 Quorum
542 4541 702 4595 etiam
749 4552 887 4593 unus
931 4538 1205 4592 nobiscum
1245 4553 1346 4592 una
1390 4554 1449 4594 se
1492 4538 1852 4608 profecturum

260 4632 553 4705 spopondit
584 4649 598 4686 :
629 4641 788 4703 atque
825 4631 952 4685 item
991 4629 1078 4683 alii
1115 4629 1417 4699 complures
1449 4645 1521 4684 ex
1558 4630 1624 4684 iis
1651 4631 1740 4700 qui
1768 4629 1857 4685 di-

262 4723 554 4796 gnitatibus
583 4722 789 4793 praediti
819 4731 962 4776 sunt.
996 4722 1074 4775 Ac
1100 4735 1198 4776 nos
1228 4721 1440 4790 quidem
1475 4720 1543 4776 de
1576 4721 1734 4777 rebus
1761 4735 1859 4777 no-

263 4816 394 4870 stris
433 4829 672 4884 persaepe
701 4812 765 4866 ad
805 4820 858 4868 te
898 4812 1209 4881 scripsimus
1241 4831 1252 4866 :
1288 4823 1342 4867 tu
1370 4829 1495 4868 vero
1515 4855 1530 4879 ,
1562 4829 1668 4884 quo
1697 4815 1855 4869 etiam

266 4905 489 4960 nomine
520 4913 571 4958 te
599 4904 743 4971 prius
771 4901 1046 4968 accusavi,
1074 4917 1198 4957 raro
1227 4902 1277 4957 id
1308 4902 1460 4959 facis.
1489 4907 1664 4974 Atque
1689 4913 1745 4960 ut
1775 4906 1856 4960 in-

266 4997 476 5065 telligas
502 4995 553 5050 id
581 4995 916 5064 negligentia:
941 5001 1048 5048 tute
1071 5035 1086 5060 ,
1117 5009 1180 5049 ac
1207 5009 1312 5049 non
1343 4995 1738 5051 tabellariorum
1769 5013 1860 5066 pe-

270 5087 442 5142 nuria:
464 5085 800 5142 tribuendum
823 5099 962 5152 esse,
989 5083 1236 5142 dominus
1261 5102 1433 5155 meus,
1459 5089 1596 5143 beati
1621 5089 1857 5158 episcopi

339 5205 410 5267 (α)
437 5203 663 5267 Praefecti
686 5204 892 5267 milites,
915 5201 1085 5250 Grece
1111 5200 1374 5267 inapxtxoi,
1399 5197 1702 5267 erantquasi
1725 5211 1850 5266 prte-

269 5260 493 5324 iectiani,
518 5280 606 5314 seu
635 5266 976 5324 pra-I‘ectorum
1000 5260 1323 5324 apparitores,
1346 5269 1398 5309 et
1422 5260 1686 5324 satellites,
1707 5260 1851 5324 queis

271 5321 545 5380 utebantur
578 5321 646 5374 ad'
670 5338 783 5373 reos
821 5325 1008 5373 aliosve
1031 5321 1321 5379 ducendos,
1366 5323 1496 5382 quod
1538 5334 1598 5369 ex
1645 5321 1849 5369 Palladii

270 5389 447 5441 verbis
483 5387 726 5451 arguitur,
751 5401 862 5451 quae
885 5385 963 5451 hic
981 5383 1278 5451 exscribere
1297 5385 1436 5451 juvat
1459 5397 1470 5430 :
1497 5383 1774 5451 ᾼξηγήσατᾳ
1799 5382 1852 5451 δξ

271 5456 300 5502 ὁ
337 5445 568 5506 ἀναλύσαξ
594 5445 808 5502 διάκονός
829 5449 923 5495 ἀπὸ
942 5448 1036 5493 τῶν
1061 5447 1350 5502 ἐπισκόπων,
1373 5446 1444 5492 ὅτι
1467 5447 1511 5492 ol.
1534 5445 1780 5505 ἐπαρχικοὶ
1807 5446 1849 5492 οἱ

271 5515 516 5575 διάγοντες
553 5512 723 5565 αὐτοὺς
746 5511 820 5580 ἐπὶ
846 5506 1084 5580 τιοσοῦτον.
1113 5508 1300 5580 siautem:
1323 5507 1428 5580 παιδ’
1464 5507 1656 5580 ῥητολάς
1686 5521 1850 5576 τινωξ,

272 5579 343 5632 ὡς
365 5569 582 5634 ὲῦχεσθαι
622 5572 793 5634 aurei);
830 5571 1027 5619 θάνατον
1067 5569 1289 5625 ἐπελθεῖν,
1317 5569 1396 5634 and
1427 5569 1486 5634 to
1505 5571 1585 5629 ζῇν
1607 5569 1852 5634 irrepentes?—

275 5625 510 5686 saec'Sic
534 5642 706 5697 autem
725 5631 809 5680 illa
835 5634 1188 5697 interpretatus
1221 5637 1304 5697 est
1325 5625 1582 5697 limericus
1608 5625 1853 5697 liigotustn

274 5697 453 5750 Retulit
475 5704 634 5758 autent
651 5693 886 5758 diaconus
909 5687 991 5753 qui
1010 5691 1068 5739 ab
1090 5687 1338 5758 episcopis
1360 5688 1507 5757 rediit
1524 5727 1535 5747 ,
1573 5701 1603 5736 (ι
1619 5687 1854 5758 _prw{ecti

274 5759 526 5814 militibus.
550 5755 635 5822 qui
655 5769 737 5822 eos
758 5751 1078 5822 deduxerunt,
1106 5751 1396 5819 usque'adco
1416 5751 1854 5822 jussu‘aliquorupt

275 5829 490 5880 vexatos,
511 5811 714 5872 tu'mori
747 5821 987 5880 Optarent,
1027 5823 1070 5867 et
1111 5811 1268 5865 ttinere
1303 5811 1595 5873 rcculsarcnt,
1634 5811 1685 5863 et
1710 5811 1855 5874 paulo

1766 363 2146 424 EPISTOLE.

3413 369 3522 426 610

1933 477 2148 534 Maximi
2176 475 2342 532 frater
2359 517 2373 543 ,
2401 491 2522 533 cum
2553 475 2938 533 nudiustertius
2963 478 3229 544 venisset,
3257 481 3326 534 ab
3352 497 3525 552 eoque

1936 570 2120 626 literas
2161 569 2548 641 postulassem,
2595 570 2810 640 negavit
2852 578 2904 626 te
2945 571 3044 626 sibi
3082 572 3213 628 dare
3248 575 3528 643 voluisse;

1934 668 2096 732 atque
2132 662 2292 716 etiam
2335 661 2569 732 Tigrium
2616 660 3020 733 presbyterum,
3050 678 3173 718 cum
3203 665 3332 719 item
3362 667 3430 721 ab
3464 683 3529 722 eo

1936 752 2204 822 petiisset,
2249 751 2302 806 id
2343 767 2554 822 quoque
2595 751 2770 807 facere
2806 765 3103 809 recusasse.
3135 756 3319 825 Itaque
3349 757 3449 812 hoc
3481 760 3528 813 ei

1937 843 2228 914 exprobres
2246 843 2424 907 velim,
2449 859 2510 899 ac
2534 843 2746 900 sincero
2767 853 2821 900 et
2842 845 3046 900 ardenti
3075 856 3261 902 nostro
3277 851 3526 914 amatori,

1937 934 2252 1005 caaterisque
2291 934 2538 991 onmibus
2575 934 2668 1005 qui
2703 951 2826 990 cum
2854 935 3078 1006 Cyriaco
3110 939 3362 1008 episcopo
3397 954 3526 994 con-

1937 1025 2272 1082 suetudinem
2301 1026 2516 1082 habent.
2543 1026 2674 1082 Nam
2700 1027 2768 1083 de
2796 1028 2896 1084 loci
2923 1030 3336 1085 commutatione
3362 1032 3526 1086 nolim

1937 1126 2031 1172 aut
2061 1117 2159 1188 ipsi
2189 1127 2279 1172 aut
2307 1119 2554 1190 cuiquam
2595 1120 2685 1174 alii
2723 1123 2992 1192 negotium
3024 1122 3272 1178 facessas.
3313 1125 3523 1180 Beneﬁ-

1939 1208 2080 1263 cium
2107 1210 2416 1280 accipimus.
2450 1210 2698 1268 Fortasse
2723 1213 2864 1267 enim
2892 1214 3192 1282 voluerunt,
3220 1232 3318 1271 nec
3343 1227 3529 1287 potue-

1938 1309 2083 1355 runt.
2107 1300 2288 1356 Gloria
2310 1303 2419 1357 Deo
2440 1312 2656 1373 propter
2675 1304 2851 1358 omnia
2880 1323 2893 1358 :
2920 1320 3091 1374 neque
3110 1307 3252 1361 enim
3276 1323 3526 1379 umquam

1940 1391 1994 1446 in
2032 1393 2098 1448 iis
2135 1393 2411 1460 omnibus,
2445 1409 2564 1463 qua:
2603 1394 2735 1450 mihi
2776 1397 3121 1466 contingunt,
3167 1396 3268 1452 hoc
3308 1399 3526 1453 verbum

1939 1496 2200 1551 usurpare
2229 1482 2491 1538 desinam.
2526 1485 2654 1540 Esto
2684 1495 2860 1540 autem
2892 1486 3069 1554 istud,
3103 1503 3207 1542 non
3239 1492 3524 1558 potuerint.

1939 1571 2025 1627 An
2063 1574 2224 1628 etiam
2269 1575 2504 1631 scribere
2543 1592 2649 1632 non
2696 1580 3022 1646 potuerunt?
3049 1581 3119 1633 At
3145 1596 3275 1635 vero
3300 1581 3530 1636 dominis

1940 1667 2109 1731 meis,
2145 1668 2456 1736 cumprimis
2499 1670 2787 1725 venerandi
2825 1672 3060 1742 episcopi
3098 1688 3162 1728 ac
3191 1674 3392 1729 domini
3424 1677 3528 1730 mei

1941 1756 2203 1827 Pergamii
2231 1759 2534 1826 sororibus,
2564 1776 2683 1829 qua:
2710 1763 2877 1816 nostri
2907 1777 3066 1817 causa
3098 1765 3386 1834 plurimum
3413 1776 3531 1821 stu-

1941 1847 2013 1902 dii
2035 1857 2194 1918 atque
2215 1864 2394 1919 operai
2413 1850 2729 1921 suscipiunt,
2754 1851 2996 1922 ingentes
3015 1855 3214 1923 gratias
3234 1871 3350 1924 age.
3375 1856 3529 1924 Nam,

1944 1947 2003 1993 ut
2027 1940 2274 1995 dominus
2299 1955 2452 1997 meus
2504 1939 2623 1995 Dux
2674 1941 2845 2012 ipsius
2894 1957 3060 2014 gener
3115 1938 3534 2016 propensissitno

1943 2031 1996 2085 in
2028 2046 2127 2085 nos
2155 2032 2334 2087 animo
2362 2040 2537 2099 esset,
2569 2031 2861 2088 eﬁ‘ecerunt
2883 2075 2898 2099 ,
2928 2034 3062 2089 adeo
3099 2045 3155 2088 ut
3189 2036 3536 2093 vehementer

1943 2122 2058 2191 ipse
2090 2138 2304 2193 quoque
2345 2138 2444 2178 nos
2481 2123 2589 2179 illic
2630 2123 2812 2180 videre
2849 2135 3087 2195 cuperet.
3121 2127 3256 2195 Quin
3291 2137 3342 2182 tn
3371 2132 3534 2185 etiam

1943 2213 2011 2270 de
2039 2216 2340 2270 valetudine
2370 2223 2479 2280 tua,
2511 2215 2683 2286 deque
2712 2217 2797 2284 iis,
2828 2233 2859 2272 a
2886 2218 3076 2287 quibus
3104 2235 3366 2286 amamur,
3398 2221 3533 2275 scri-

1944 2305 2074 2362 bere
2093 2347 2109 2374 ,
2137 2321 2318 2376 quzeso
2339 2346 2357 2373 ,
2387 2307 2452 2362 ad
2485 2321 2582 2362 nos
2611 2323 2678 2362 ne
2709 2307 3048 2363 intermittas.
3071 2310 3146 2365 De
3175 2311 3328 2366 nobis
3354 2320 3536 2366 autem

1945 2400 2060 2455 sine
2089 2415 2214 2454 cura
2245 2410 2383 2455 esto.
2415 2400 2545 2454 Nam
2588 2408 2644 2456 et
2680 2401 2918 2457 valemus
2938 2443 2952 2466 ,
2986 2413 3040 2457 et
3069 2405 3352 2473 tranquillo
3381 2415 3539 2474 atque

1945 2489 2100 2546 hilari
2130 2492 2310 2546 animo
2335 2506 2519 2546 sumus
2543 2531 2558 2557 ,
2591 2491 2896 2562 ingentique
2929 2491 2996 2545 ad
3037 2493 3177 2548 hunc
3203 2511 3370 2565 usque
3396 2496 3538 2550 diem

1947 2584 2134 2655 requie
2183 2583 2429 2638 fruimur.
2476 2583 2554 2639 De
2597 2585 2880 2639 comitibus
2930 2593 3107 2640 autem
3149 2585 3355 2656 Cyriaci
3399 2589 3539 2644 scire

1947 2690 2169 2730 avemus
2190 2716 2204 2740 ,
2239 2677 2458 2730 missine
2490 2675 2686 2729 fuerint
2717 2694 2730 2729 :
2763 2693 2936 2746 neque
2961 2678 3102 2731 enim
3133 2680 3411 2748 quisquam
3442 2696 3540 2734 no-

1948 2765 2031 2822 bis
2069 2767 2138 2822 de
2172 2783 2234 2822 ea
2278 2782 2338 2822 re
2377 2768 2656 2836 perspicue
2693 2767 2892 2836 aliquid
2936 2770 3115 2823 retulit
3148 2790 3160 2824 :
3191 2787 3358 2839 quare
3401 2771 3542 2826 istud

1947 2875 2159 2930 quoque
2189 2860 2343 2914 nobis
2372 2859 2684 2929 signiﬁcate.
2711 2859 2814 2928 Ipsi
2837 2869 3016 2914 autem
3044 2861 3296 2930 episcopo
3320 2862 3543 2934 Cyriaco

1948 2951 2108 3006 velim
2145 2951 2247 3006 hoc
2285 2951 2466 3016 dicas,
2502 2965 2588 3006 me
2626 2950 2790 3004 animi
2834 2951 3086 3006 nitestitia
3127 2953 3438 3022 impeditum
3473 2955 3542 3009 ad

1949 3058 2072 3098 eum
2105 3043 2244 3098 haud
2276 3043 2577 3112 scripsisse.

2092 3136 2173 3190 Ad
2197 3135 2424 3190 eamdem
2442 3135 2589 3203 epist.
2612 3130 2789 3188 XIII.
2811 3132 3118 3205 (Postquam
3135 3131 3402 3190 Cucusum

2411 3233 2728 3295 pervenerat
2765 3240 2904 3278 anno
2927 3223 3083 3296 404.)

2022 3315 2260 3373 Tandem
2284 3315 2569 3386 aliquando
2589 3315 2988 3384 respiravimus,
3019 3331 3137 3370 cum
3157 3315 3421 3372 Cucusum
3454 3335 3543 3375 ve-

1952 3410 2149 3476 nimus,
2170 3409 2312 3466 unde
2335 3409 2494 3464 etiam
2522 3407 2616 3462 has
2641 3408 2823 3463 literas
2849 3408 3168 3476 scribimus;
3202 3411 3413 3466 tandem
3443 3413 3544 3467 ali-

1951 3502 2162 3573 quando
2183 3518 2213 3555 a
2238 3502 2405 3568 fumo,
2437 3512 2491 3558 et
2517 3504 2678 3560 variis
2698 3505 2960 3560 malorum
2988 3523 3196 3572 eorum,
3226 3526 3343 3579 qua:
3371 3526 3468 3565 nos
3488 3511 3542 3567 in

1952 3592 2035 3646 via
2058 3589 2388 3659 invaserunt,
2406 3593 2614 3649 nebulis
2631 3595 2803 3650 lucem
2823 3598 3220 3666 conspeximus.
3235 3599 3541 3655 Nuncenim

1952 3692 2297 3754 posteaquam
2325 3698 2412 3750 ea,
2440 3699 2560 3752 quae
2598 3683 2840 3740 dolorem
2871 3684 3026 3740 nobis
3052 3686 3366 3754 alien-ebant,
3395 3690 3545 3744 efﬂu-

1953 3781 2165 3836 xerunt,
2187 3773 2296 3842 jam
2327 3773 2419 3828 tibi
2451 3789 2512 3827 ea
2544 3776 2877 3844 exponimus.
2910 3775 3043 3831 Nam
3070 3793 3192 3832 cum
3215 3779 3264 3832 in
3293 3779 3421 3848 ipsis
3446 3779 3543 3834 ad-

1955 3865 2059 3919 huc
2083 3880 2344 3931 versarer,
2371 3864 2472 3920 hoc
2493 3865 2668 3922 facere
2693 3867 2860 3934 nolui,
2885 3883 2953 3922 ne
2982 3878 3032 3922 te
3061 3869 3111 3923 in
3140 3885 3388 3938 magnum
3414 3886 3546 3928 mte—

1953 3969 2130 4010 rorem
2158 3955 2499 4024 conjicerem.
2529 3956 2767 4026 Triginta
2811 3959 2955 4018 enim
2997 3959 3381 4028 propemodum
3408 3961 3546 4030 dies,

1954 4055 2048 4101 aut
2089 4048 2250 4102 etiam
2279 4047 2538 4117 amplius,
2567 4062 2689 4102 cum
2721 4049 3084 4106 acerbissimis
3115 4049 3347 4105 febribus
3373 4053 3545 4108 collu-

1955 4141 2087 4196 ctari
2117 4157 2224 4196 non
2251 4141 2430 4196 destiti
2462 4159 2474 4194 :
2508 4151 2668 4212 atque
2695 4142 2766 4196 ita
2807 4142 3020 4214 longum
3053 4143 3154 4198 hoc
3182 4152 3233 4198 et
3261 4145 3546 4200 molestum

1957 4232 2060 4288 iter
2083 4233 2325 4304 agebam,
2357 4233 2581 4305 aliisque
2607 4235 2732 4290 item
2757 4235 3086 4305 gravissimis
3121 4238 3378 4292 stomachi
3408 4254 3554 4293 mer-

1958 4325 2041 4381 bis
2067 4326 2341 4380 obsessus.
2372 4325 2490 4381 Jam
2517 4342 2637 4396 quae
2678 4326 2804 4382 hinc
2821 4341 3172 4398 sequerentur
3190 4371 3205 4395 ,
3231 4330 3512 4384 considera
3537 4371 3551 4394 .

1960 4431 2152 4488 nempe
2178 4433 2298 4473 cum
2334 4432 2434 4472 nec
2472 4418 2664 4474 medici
2708 4428 2905 4490 praesto
2946 4428 3148 4485 essent,
3181 4435 3280 4476 nee
3320 4420 3509 4474 balnea
3532 4460 3554 4489 ,

1960 4524 2061 4564 nec
2089 4524 2176 4564 res
2214 4510 2532 4564 necessaria:
2553 4549 2570 4575 ,
2613 4525 2711 4564 nec
2739 4511 2840 4564 alia
2869 4511 3174 4577 commoda,
3203 4526 3267 4566 ac
3298 4521 3554 4580 prwterea

1963 4599 2264 4653 Isaurorum
2289 4608 2465 4654 metus
2485 4615 2582 4655 nos
2611 4601 2845 4670 undique
2868 4612 3157 4670 premeret,
3179 4603 3388 4671 aliaque
3411 4605 3550 4659 mala

1962 4705 2082 4759 quae
2112 4705 2176 4744 ex
2208 4691 2457 4744 itinerum
2485 4690 2796 4746 difﬁcultate
2840 4692 2983 4746 nasci
3008 4704 3420 4760 consueverunt,
3451 4695 3554 4749 hoc

1964 4789 2047 4834 est
2070 4795 2218 4847 cura,
2262 4780 2590 4850 sollicitudo,
2631 4782 2795 4836 animi
2842 4784 3227 4851 consternatio,
3255 4785 3430 4855 inopia
3460 4801 3556 4839 eo-

1964 4886 2115 4938 rum,
2152 4887 2183 4926 a
2229 4871 2423 4941 quibus
2449 4873 2622 4926 curari
2663 4887 2899 4942 possem.
2945 4875 3015 4928 At
3050 4891 3192 4929 nunc
3238 4876 3415 4930 onmia
3445 4876 3558 4931 Inec

1965 4972 2316 5018 evanuerunt.
2358 4963 2428 5019 Ut
2471 4965 2613 5019 enim
2645 4965 2910 5020 Cucusum
2941 4966 3224 5032 venimus,
3257 4978 3368 5021 tum
3417 4984 3564 5022 mor-

1967 5052 2094 5109 bum
2117 5069 2332 5109 omnem
2365 5071 2467 5109 una
2508 5069 2628 5110 cum
2674 5056 2910 5126 reliquiis
2935 5058 3256 5127 ahjecitnus,
3292 5060 3565 5130 integerri-

1967 5159 2162 5214 maque
2194 5145 2496 5200 valetudine
2527 5146 2770 5212 fruimur,
2799 5157 2914 5201 tum
2946 5147 3246 5203 Isaurorum
3277 5161 3422 5206 metu
3463 5151 3557 5204 dt—

1969 5234 2136 5292 functi
2167 5252 2352 5292 sumus
2375 5280 2390 5303 ,
2418 5239 2616 5310 quippe
2654 5255 2774 5294 cum
2808 5241 2959 5295 multi
3001 5241 3087 5296 hic
3115 5243 3309 5295 milites
3337 5244 3439 5294 sint
3464 5282 3480 5305 ,
3508 5255 3564 5299 et

1971 5328 2186 5398 quidem
2214 5331 2550 5398 paratissimo
2580 5331 2782 5398 animo,
2818 5342 2874 5385 ut
2902 5347 3024 5387 cum
3070 5334 3198 5402 ipsis
3226 5333 3512 5401 confligant
3549 5354 3560 5384 :

1971 5435 2152 5476 rerum
2175 5437 2388 5492 quoque
2415 5425 2838 5479 necessariarum
2861 5425 3014 5496 cepia
3045 5426 3198 5481 nobis
3225 5426 3457 5495 undique
3483 5429 3550 5480 al-

1974 5557 2198 5617 inferius,
2241 5558 2349 5612 τοὺς
2375 5555 2674 5617 ἐπαρχικοὺς,
2709 5559 3032 5617 pravorumcs
3070 5549 3248 5601 milites
3263 5551 3463 5617 pvertit,
3501 5557 3554 5617 et

1975 5613 2193 5680 quidem:
2218 5625 2354 5667 recte
2383 5613 2646 5680 utrobique
2679 5613 2850 5680 :ham,
2895 5622 2948 5663 ut
2991 5615 3218 5680 observat
3253 5613 3464 5680 (arigjus
3503 5614 3552 5680 i_u

1978 5673 2226 5732 Glossario
2256 5681 2444 5737 Graeco,
2475 5673 2622 5726 iidem
2650 5676 2735 5739 qui
2765 5673 2995 5724 vocantur
3019 5675 3264 5739 ἐπαρχιχοξ
3293 5674 3338 5720 in
3367 5673 3550 5739 Synod.

1977 5741 2346 5800 Constantinop.
2374 5736 2478 5788 Act.
2504 5739 2550 5798 7,
2575 5736 2696 5789 infra
2721 5739 2771 5790 iu
2805 5739 2979 5788 eodem
3012 5736 3152 5786 Cone.
3191 5736 3437 5796 ταξεωταί,
3464 5749 3552 5795 ap-

1976 5802 2238 5869 paritores,
2271 5803 2603 5864 appellantur.
