3906 6402
399 389 497 444 6H

388 511 541 581 nuit,
579 506 826 565 omnibus
855 519 1058 560 summa
1096 517 1216 557 cum
1257 500 1631 557 benevolentia
1681 515 1778 556 nos
1824 499 1971 556 exci-

388 603 676 674 pientibus,
724 597 930 656 etiamsi
975 595 1168 665 alioqui
1199 593 1599 650 desertissimus
1627 593 1847 648 omnino
1888 591 1976 650 hic

389 696 537 749 locus
565 695 654 747 sit.
695 691 766 745 At
794 703 921 743 casu
947 685 1173 757 quodam
1203 683 1454 739 dominus
1482 699 1634 739 meus
1680 682 1974 738 Dioscorus

389 784 476 840 hic
507 793 640 849 erat,
686 781 773 850 qui
801 778 960 834 etiam
997 775 1248 830 famulum
1277 774 1454 829 dedita
1484 789 1648 844 Opera
1673 772 1974 828 Caesaream

389 876 550 939 misit,
583 882 822 943 rogatum
849 882 1008 941 atque
1041 869 1409 932 obsecratum,
1437 883 1504 921 ne
1538 865 1720 920 domui
1750 880 1860 919 sua:
1891 865 1972 918 al-

391 978 558 1022 teram
583 965 943 1029 anteferrem;
971 962 1170 1032 aliique
1193 963 1316 1017 item
1341 962 1519 1032 plures
1548 961 1687 1016 idem
1710 958 1971 1015 fecerunt.

388 1059 583 1113 Verum
616 1059 752 1111 hanc
780 1054 898 1110 aliis
930 1053 1313 1124 praeferendam
1341 1052 1644 1108 necessario
1683 1050 1814 1106 mihi
1853 1050 1972 1106 exi-

386 1150 641 1207 stimavi:
684 1151 863 1219 itaque
908 1147 1050 1218 apud
1101 1162 1224 1201 eum
1267 1145 1600 1201 divertimus.
1644 1145 1819 1214 Atque
1860 1143 1976 1211 ipse

387 1243 541 1299 nobis
569 1241 778 1312 quidvis
797 1249 900 1306 est,
930 1241 1003 1294 ita
1029 1249 1086 1294 ut
1109 1239 1180 1294 ob
1204 1239 1471 1308 ingentem
1499 1236 1662 1306 ipsius
1689 1234 1977 1290 liberalita-

388 1345 495 1389 tem
521 1343 577 1389 et
615 1334 910 1403 largitatem
933 1372 948 1398 ,
981 1345 1084 1401 qua
1123 1343 1250 1399 erga
1291 1343 1388 1383 nos
1415 1328 1491 1383 uti
1519 1327 1684 1399 cupit,
1712 1333 1975 1397 perpetuo

386 1443 509 1482 cum
550 1442 614 1482 eo
640 1426 1059 1496 expostulemus.
1087 1421 1295 1492 Quippe
1321 1429 1502 1476 nostra
1532 1435 1689 1476 causa
1720 1423 1879 1474 etiam
1908 1433 1974 1475 ex

390 1520 593 1578 uadibus
632 1521 742 1576 suis
786 1520 836 1573 in
868 1519 1047 1572 villam
1086 1515 1368 1586 migravit,
1401 1523 1457 1568 ut
1497 1528 1593 1568 nos
1631 1512 1775 1566 omni
1814 1510 1976 1566 officii

389 1629 588 1684 genere
614 1612 1061 1680 complecteretur
1091 1627 1104 1662 :
1137 1617 1295 1677 atque
1322 1606 1539 1675 insuper
1574 1604 1791 1659 domum
1823 1603 1976 1658 nobis

392 1705 460 1760 ad
491 1703 820 1760 tolerandam
847 1701 1076 1756 hiemem
1115 1699 1358 1753 idoneam
1397 1697 1643 1757 exstruit.
1678 1710 1775 1766 pro
1804 1709 1977 1765 eaque

393 1813 452 1851 re
479 1797 608 1850 nihil
639 1810 744 1849 non
771 1794 877 1863 agit
900 1807 962 1846 ac
986 1790 1237 1856 molitur;
1269 1789 1501 1858 denique
1525 1787 1728 1842 nullum
1757 1786 1977 1840 omnino

390 1888 547 1942 officii
570 1902 693 1957 erga
713 1900 810 1939 nos
835 1898 1000 1954 genus
1021 1883 1087 1937 ab
1107 1897 1174 1938 eo
1195 1880 1612 1951 praetermissum
1634 1885 1734 1932 est.
1759 1876 1842 1931 Ad
1863 1875 1978 1931 hmc

393 1979 630 2048 plerique
659 1978 747 2030 alii
781 1983 1152 2046 procuratores
1187 1981 1243 2028 et
1277 1987 1456 2027 rerum
1482 1971 1974 2035 administratores,

388 2073 622 2128 dominis
653 2071 702 2125 id
750 2070 878 2140 ipsis
917 2085 1011 2139 per
1049 2069 1234 2122 literas
1283 2064 1669 2136 imperantibus
1692 2104 1706 2130 ,
1750 2060 1979 2117 subinde

391 2165 495 2220 huc
535 2163 827 2230 accedunt,
871 2161 1036 2232 parati
1069 2159 1255 2230 quavis
1284 2159 1488 2212 ratione
1527 2169 1626 2212 nos
1665 2155 1888 2211 reficere
1913 2165 1978 2207 ac

389 2271 654 2312 recreare.
692 2254 818 2309 llzec
844 2263 1021 2309 autem
1064 2251 1247 2307 omnia
1291 2249 1493 2305 idcirco
1529 2245 1974 2313 commemoravi,

389 2360 549 2419 atque
574 2349 676 2402 alia
702 2348 938 2418 quidem,
970 2346 1074 2401 hoc
1099 2353 1181 2399 est
1203 2387 1217 2411 ,
1250 2345 1450 2414 priora,
1481 2343 1706 2410 deﬂevi,
1747 2342 1851 2397 alia
1879 2355 1978 2395 au-

391 2452 520 2508 tem,
551 2441 652 2496 hoc
678 2451 778 2504 est,
806 2440 924 2494 lana
943 2447 998 2494 et
1017 2437 1269 2509 jucunda,
1296 2437 1388 2492 tibi
1413 2436 1660 2507 exposui,
1687 2442 1837 2490 utne
1860 2433 1980 2504 quis

391 2545 592 2589 temere
619 2549 717 2588 nos
747 2532 873 2587 hinc
901 2538 1165 2586 emoveat.
1192 2529 1324 2584 Nam
1351 2529 1396 2584 si
1431 2529 1465 2583 ii
1489 2570 1502 2594 ,
1538 2529 1627 2600 qui
1652 2545 1750 2584 nos
1774 2527 1976 2583 benefl-

391 2629 478 2681 cio
498 2625 710 2680 afﬁcere
756 2625 1010 2693 cupiunt,
1055 2622 1261 2677 arbitrii
1303 2622 1404 2675 hoc
1451 2620 1619 2674 nostri
1665 2619 1890 2686 faciant,
1925 2626 1982 2672 ut

392 2734 499 2788 quo
526 2717 645 2771 loco
666 2715 911 2781 velimus,
939 2713 1094 2768 nobis
1120 2727 1239 2767 esse
1268 2711 1444 2776 liceat,
1470 2726 1568 2766 nec
1593 2725 1802 2765 rursum
1827 2709 1980 2764 nobis

392 2809 620 2862 alterum
665 2807 839 2861 locum
893 2805 1150 2860 arbitratu
1203 2803 1461 2872 libituque
1511 2817 1610 2857 suo
1660 2800 1980 2871 assignaturi

391 2901 517 2964 sint,
542 2899 644 2954 hoc
667 2897 983 2953 beneficium
1006 2899 1206 2967 accipe.
1235 2896 1328 2951 Sin
1358 2903 1536 2949 autem
1558 2908 1657 2948 nos
1684 2893 1808 2947 hinc
1827 2907 1984 2946 amo-

391 3002 475 3047 tos
508 2991 562 3046 in
588 2991 812 3046 alterum
841 2989 1013 3045 locum
1039 2987 1334 3059 ablegaturi
1375 2996 1539 3052 sunt,
1570 2985 1829 3056 nobisque
1859 2999 1982 3039 rur-

393 3097 511 3136 sum
539 3082 639 3136 iter
664 3081 866 3148 subire,
898 3096 961 3135 ac
987 3065 1317 3151 peregrinari
1343 3093 1566 3134 necesse
1594 3089 1710 3144 est,
1741 3076 1871 3132 mihi
1899 3091 1985 3132 sa-

392 3191 462 3229 ne
495 3175 598 3229 hoc
646 3176 800 3244 longe
840 3172 1052 3244 gravius
1094 3172 1444 3241 acerbiusque
1489 3170 1647 3226 fuerit
1694 3187 1707 3223 :
1753 3171 1984 3238 primum

392 3267 536 3320 enim
566 3265 694 3320 illud
725 3263 1069 3320 metuendum
1110 3271 1213 3330 est,
1241 3279 1311 3317 ne
1341 3278 1438 3316 nos
1464 3261 1518 3316 in
1559 3261 1985 3332 longinquiorem

393 3368 487 3413 aut
513 3359 564 3412 in
591 3358 919 3427 aSperiorem
945 3357 1123 3411 locum
1152 3355 1386 3410 ducant:
1415 3353 1610 3410 deinde
1635 3354 1843 3409 itineris
1869 3369 1986 3409 mo-

394 3450 601 3505 lestiam
627 3449 894 3504 sexcentis
917 3447 1116 3503 exsiliis
1141 3447 1443 3519 graviorem
1473 3461 1593 3502 esse
1621 3446 1780 3501 duco.
1805 3446 1984 3517 Siqui-

395 3539 515 3594 dem
543 3539 984 3610 peregrinationis
1014 3537 1234 3608 hujusce
1264 3536 1551 3592 difficultas
1575 3537 1643 3593 ad
1666 3538 1808 3608 ipsas
1836 3552 1985 3592 mor-

396 3633 463 3685 tis
493 3639 670 3700 portas
709 3645 808 3686 nos
852 3630 1083 3686 detulit:
1127 3646 1373 3702 nuncque
1396 3671 1411 3698 ,
1457 3631 1652 3687 Cucusi
1689 3631 1978 3703 degentes,

396 3731 650 3793 perpetua
677 3723 918 3778 sessione
947 3737 1010 3777 ac
1032 3721 1210 3793 quiete
1237 3731 1448 3779 nosmet
1468 3738 1796 3790 recreamus,
1825 3732 1987 3794 atque

395 3825 501 3869 tam
527 3815 765 3870 diuturni
792 3814 1050 3884 temporis
1074 3829 1350 3883 mrumnae,
1375 3814 1767 3887 confractisque
1788 3816 1987 3872 nostris

393 3908 622 3974 ossibus,
655 3917 709 3962 et
739 3906 968 3979 fatigatae
988 3909 1157 3973 carni,
1178 3909 1375 3978 quietis
1403 3924 1504 3978 ope
1519 3923 1583 3964 ac
1608 3910 1846 3965 subsidio
1869 3925 1985 3966 me-

393 3999 603 4054 demur.
635 3999 798 4054 All‘uit
823 4000 988 4054 etiam
1015 4000 1232 4055 domina
1260 4015 1380 4056 mea
1407 4000 1693 4056 Sabiniana
1718 4001 1986 4058 diaconis-

392 4106 451 4144 sa
491 4090 565 4163 (a)
605 4089 792 4145 eodem
835 4091 953 4162 ipso
993 4090 1081 4146 die
1119 4106 1226 4161 quo
1255 4091 1536 4160 venimus,
1569 4091 1737 4148 fracta
1768 4093 1985 4164 quidem

393 4182 507 4250 ipsa
531 4189 586 4235 et
629 4181 836 4249 abjecta
856 4221 871 4245 ,
914 4182 1272 4252 mrumnisque
1298 4181 1488 4238 affecta
1509 4223 1526 4249 ,
1577 4191 1761 4253 utpote
1785 4199 1846 4240 ea
1873 4184 1984 4254 jam

393 4280 581 4338 actate,
614 4272 666 4325 in
695 4287 798 4340 qua
828 4273 1030 4326 moveri
1068 4286 1280 4343 quoque
1305 4271 1522 4327 difficile
1553 4282 1640 4328 est
1677 4291 1691 4327 :
1730 4282 1985 4330 cmterum

396 4364 614 4433 juvenili
655 4364 820 4418 animi
866 4363 1143 4420 alacritate
1172 4365 1414 4435 praedita,
1445 4366 1685 4437 nihilque
1729 4368 1987 4424 adversa-

395 4471 512 4510 rmn
540 4470 718 4511 rerum
767 4457 1123 4526 perseutiens.
1155 4456 1401 4512 Paratam
1441 4457 1586 4512 enim
1613 4473 1672 4514 se
1698 4474 1819 4515 esse
1847 4459 1988 4516 dixit

394 4549 554 4602 etiam
577 4547 628 4602 in
655 4547 928 4620 Scythiam
961 4547 1247 4617 proﬁcisci.
1274 4549 1707 4622 quandoquidem
1733 4562 1988 4609 constans

396 4639 482 4695 hic
526 4655 711 4696 rumor
740 4649 893 4707 erat,
924 4640 1039 4696 fore
1065 4650 1123 4697 ut
1151 4641 1259 4697 illic
1296 4642 1630 4712 deportarer.
1659 4644 1874 4700 Certum
1905 4653 1990 4701 est

394 4741 572 4787 autem
599 4735 675 4800 ei,
701 4743 760 4788 ut
781 4735 875 4802 ait,
905 4750 1010 4788 non
1035 4733 1147 4804 jam
1170 4734 1238 4790 ad
1264 4749 1390 4791 suos
1420 4735 1637 4803 reverti,
1665 4752 1854 4792 verum
1881 4737 1989 4792 illic

399 4824 487 4877 ubi
515 4823 770 4879 fuerimus
793 4826 1136 4880 commorari.
1170 4827 1345 4896 Atque
1373 4826 1510 4881 hanc
1537 4828 1700 4882 etiam
1731 4843 1988 4898 perquam

397 4916 628 4972 humane
655 4933 718 4972 ac
741 4919 999 4984 studiose,
1029 4934 1327 4989 magnaque
1352 4935 1472 4974 cum
1494 4920 1864 4976 benevolentia
1887 4921 1990 4978 Ec-

397 5009 575 5063 clesiae
625 5009 827 5063 alumni
880 5018 1230 5079 exceperunt.
1285 5011 1427 5078 Quin
1477 5010 1726 5066 dominus
1775 5026 1990 5082 quoque

398 5116 551 5155 nieus
573 5099 942 5168 Constantius,
967 5101 1401 5172 religiosissimus
1439 5101 1738 5172 presbyter,
1766 5101 1991 5173 jampri-

399 5194 522 5248 dem
551 5192 639 5247 hic
663 5191 872 5248 fuisset.
902 5193 1033 5248 Nam
1059 5204 1113 5249 et
1134 5210 1344 5250 mecum
1372 5211 1469 5266 per
1490 5196 1674 5251 literas
1697 5207 1903 5268 egerat,
1934 5209 1992 5252 ut

399 5287 498 5356 ipsi
536 5285 641 5340 huc
680 5284 927 5339 veniendi
965 5294 1286 5356 potestatem
1326 5287 1602 5344 facerem:
1638 5303 1812 5359 neque
1844 5290 1989 5345 enim

399 5394 458 5435 se
487 5380 618 5434 citra
647 5379 976 5434 voluntatem
1008 5395 1183 5436 meam
1211 5390 1369 5452 atque
1395 5382 1716 5438 sententiam
1739 5383 1790 5438 id
1816 5382 1994 5440 facere

463 5534 700 5600 (a)_t_lanc
729 5536 1030 5586 Sabinianam
1067 5537 1384 5588 diaconissam
1407 5547 1628 5600 opinatur
1658 5538 1996 5592 Tillemontius

404 5608 510 5660 eam
534 5597 686 5647 fuisse
724 5611 836 5660 qua:
873 5600 1124 5648 Sabiniana
1159 5597 1645 5660 diaoouissa'vocatur
1667 5615 1695 5651 a
1719 5601 1926 5653 Palladio
1944 5606 1995 5652 in

401 5657 514 5722 hist.
542 5657 763 5722 nosveid'.
790 5673 838 5720 p.
863 5660 977 5717 965.
1001 5673 1144 5722 quam
1168 5661 1284 5708 dicit
1317 5659 1471 5722 fuisse
1493 5665 1691 5712 Joannis
1709 5665 1861 5714 nostri
1878 5666 1996 5714 ami-

401 5721 517 5784 tam.
534 5719 662 5775 Quod
682 5720 730 5768 si
753 5719 849 5768 nun
872 5719 1078 5784 certum,
1097 5721 1363 5784 verisimile
1381 5724 1552 5784 utique
1578 5733 1672 5774 est.
1696 5728 1998 5776 Constantius

405 5775 529 5852 intra
553 5788 879 5852 memoratus,
900 5775 1162 5852 presbyter
1206 5782 1292 5834 ille
1316 5791 1393 5835 est
1410 5775 1643 5850 ad‘quem
1665 5788 1869 5839 mittitur
1889 5775 1995 5852 cpi-

403 5838 527 5889 stola
551 5846 648 5887 CCX
659 5847 709 5888 XI
737 5840 869 5891 infra.

1070 390 1126 448 S.
1165 390 1444 448 JOANNIS
1473 387 1946 446 CllltYSOSTOMI
1985 387 2304 446 ARCHIEP.
2344 390 2879 448 CONSTANTINOP.

3584 401 3701 458 (ili

2081 497 2285 556 audere
2305 541 2318 565 .
2352 501 2597 571 quamvis
2620 501 2820 572 alioqui
2849 516 3044 572 magna
3079 504 3236 576 hujus
3261 509 3340 564 r‘ei
3380 512 3698 581 cupiditate

2081 591 2424 663 flagrantem;
2447 591 2679 649 addebat
2707 594 2868 650 etiam
2894 610 2954 651 se
2980 610 3049 652 ne
3075 597 3182 654 illic
3203 599 3423 669 quidem
3456 617 3701 660 manere

2081 701 2240 756 posse
2270 703 2283 740 :
2315 701 2438 740 nam
2473 687 2706 743 latebras
2729 690 2945 759 quaerit,
2967 704 3032 746 ac
3059 705 3180 747 sese
3205 693 3464 750 occultat.
3495 694 3700 767 Itaque

2083 778 2331 847 precibus
2369 779 2467 833 abs
2497 788 2549 834 te
2577 780 2870 848 contendo,
2902 791 2960 837 ut
3004 783 3072 839 de
3101 783 3219 840 loco
3247 786 3472 844 minime
3521 789 3700 845 aliter

2081 866 2266 925 facias.
2293 869 2446 938 Quod
2473 871 2518 926 si
2549 886 2736 927 rursus
2758 913 2774 939 ,
2801 872 2933 942 quid
2962 874 3063 943 ipsi
3104 875 3158 930 in
3191 878 3372 934 animo
3399 879 3694 952 habeant,

2082 962 2490 1034 periclitandum
2532 963 2707 1029 ducis,
2757 975 2814 1020 tu
2841 965 3058 1036 quidem
3087 983 3118 1022 a
3144 978 3197 1025 te
3224 971 3355 1026 nihil
3382 971 3561 1038 dicas,
3594 990 3697 1030 ve-

2080 1070 2199 1110 rum
2230 1069 2327 1124 pro
2355 1063 2442 1108 tua
2475 1054 2775 1124 prudentia,
2808 1071 3041 1127 quonam
3068 1074 3154 1115 me
3180 1061 3448 1119 abducere
3474 1068 3696 1122 consti-

2083 1146 2312 1213 tuerint,
2355 1146 2647 1215 eXplores:
2681 1147 2733 1201 id
2760 1149 2902 1203 enim
2941 1159 3112 1220 potes.
3137 1153 3216 1207 Ac
3243 1155 3288 1208 si
3316 1154 3522 1212 videris
3550 1159 3692 1227 ipsis

2083 1237 2134 1291 in
2163 1236 2344 1292 animo
2369 1251 2521 1304 esse,
2559 1252 2667 1292 non
2693 1238 2850 1309 longe
2884 1239 3081 1296 isthinc
3120 1243 3172 1297 in
3212 1246 3538 1301 maritimam
3585 1250 3694 1304 ali-

2080 1343 2240 1397 quam
2263 1326 2472 1391 urbem,
2504 1337 2627 1397 puta
2654 1326 2926 1400 Cyzicum,
2950 1340 3162 1386 autnon
3188 1333 3343 1405 longe
3371 1352 3402 1390 a
3423 1337 3693 1395 Nicome-

2081 1417 2167 1472 dia
2200 1432 2286 1473 me
2309 1417 2562 1484 avehere,
2605 1419 2706 1473 hoc
2731 1420 2934 1490 accipe.
2976 1421 3070 1476 Sin
3097 1432 3275 1478 autem
3304 1426 3518 1496 longius
3555 1428 3690 1485 hinc

2084 1509 2313 1578 uspiam,
2337 1517 2428 1562 aut.
2453 1509 2524 1562 ita
2557 1509 2764 1578 procul,
2795 1519 2853 1565 ut
2879 1511 2965 1567 hic
2991 1512 3141 1568 locus
3165 1525 3270 1581 est,
3299 1533 3368 1571 ne
3397 1520 3640 1588 accipias
3666 1537 3681 1572 :

2085 1600 2188 1655 huc
2233 1600 2432 1670 quippe
2460 1599 2590 1654 mihi
2633 1615 2796 1670 grave
2831 1616 2896 1656 ac
2934 1605 3317 1672 permolestum
3365 1607 3548 1662 fuerit.
3585 1611 3684 1664 Hic

2084 1695 2228 1750 enim
2249 1695 2303 1750 in
2325 1709 2518 1765 magna
2535 1695 2714 1764 quiete
2733 1695 3005 1765 animique
3033 1699 3352 1755 remissione
3373 1717 3678 1769 versamur,

2084 1795 2158 1845 lta
2180 1799 2238 1844 ut
2266 1789 2428 1846 etiam
2458 1799 2787 1844 contractam
2816 1804 3031 1846 omnem
3059 1807 3124 1847 ex
3157 1792 3346 1849 itinere
3373 1797 3681 1852 molestiam

2083 1880 2246 1936 biduo
2274 1881 2703 1936 absterserimus.

2084 1973 2165 2028 Ad
2189 1974 2413 2029 eamdem
2437 1975 2670 2045 epistola,
2694 1975 2746 2028 in
2769 1992 2870 2047 qua
2909 1985 3283 2044 commemorat,
3312 1995 3429 2046 qua
3447 1980 3548 2049 ipsi
3573 1979 3684 2035 Cre-

2135 2082 2296 2123 careae
2313 2067 2606 2122 acciderint.
2628 2066 2678 2121 Χ
2682 2067 2708 2121 Ι
2729 2067 2789 2123 ν.
2820 2068 3054 2139 (Cucuso
3082 2071 3277 2141 scripta
3303 2087 3447 2126 anno
3473 2075 3632 2144 404.)

2159 2162 2212 2215 1.
2241 2160 2379 2228 Quid
2405 2161 2591 2230 luges?
2617 2159 2745 2230 quid
2767 2162 2988 2232 teipsam
3013 2163 3210 2228 tundis,
3238 2179 3436 2235 easque
3460 2181 3598 2234 quas
3619 2183 3684 2222 ne

2086 2253 2270 2311 hostes
2289 2253 2502 2326 quidem
2537 2254 2611 2308 tui
2638 2268 2670 2307 a
2701 2263 2751 2308 te
2777 2254 2991 2324 exigere
3019 2263 3304 2324 potuerunt
3332 2271 3525 2325 pmnas
3551 2274 3583 2311 a
3611 2270 3686 2313 te-

2086 2349 2202 2420 ipsa
2223 2347 2451 2418 expetis,
2480 2356 2538 2402 ut
2555 2362 2675 2417 qua:
2699 2346 2935 2401 animum
2966 2354 3111 2401 tuttm
3133 2348 3383 2403 mmroris
3413 2351 3685 2419 tyrannidi

2086 2457 2259 2513 usque
2289 2441 2424 2497 adeo
2455 2440 2758 2496 addixeris?
2788 2440 2998 2495 Etenim
3039 2440 3206 2494 litera:
3238 2440 3342 2495 illm
3362 2483 3377 2507 ,
3419 2458 3560 2512 quas
3593 2459 3687 2512 per

2087 2532 2377 2588 Patricium
2414 2531 2482 2586 ad
2513 2546 2611 2587 nos
2657 2531 2883 2594 misisti,
2916 2531 3028 2600 ipsa
3071 2531 3265 2586 anima:
3311 2541 3418 2587 tua:
3459 2535 3686 2589 vulnera

2088 2623 2244 2679 nobis
2267 2623 2622 2678 declararunt.
2646 2621 3006 2689 Quamobrem
3031 2620 3319 2676 admodum
3341 2623 3504 2678 doleo
3527 2635 3686 2694 atque

2086 2728 2274 2784 angor,
2306 2712 2450 2783 quod
2478 2728 2600 2768 cum
2629 2713 2758 2766 nihil
2804 2727 2909 2767 non
2948 2728 3107 2783 agere
3143 2728 3208 2768 ac
3250 2714 3428 2770 moliri
3459 2715 3682 2782 debeas,

2087 2821 2195 2876 quo
2237 2821 2526 2861 maerorem
2563 2821 2633 2860 ex
2658 2805 2838 2860 animo
2883 2814 2972 2860 tuo
3018 2806 3328 2876 propulses,
3359 2815 3543 2862 tamen
3576 2809 3683 2877 ipsa

2089 2895 2192 2951 huc
2219 2904 2378 2966 atque
2408 2895 2531 2950 illuc
2558 2904 2610 2950 te
2637 2904 2842 2961 vertas,
2871 2895 3126 2950 molestas
3153 2904 3208 2950 et
3234 2896 3460 2952 acerbas
3484 2899 3688 2968 cogita-

2090 2987 2264 3041 tiones
2293 2987 2570 3056 colligens,
2601 3001 2792 3055 eaque,
2819 3001 2939 3057 quae
2969 3001 3074 3041 non
3096 2995 3221 3042 sunt
3246 2987 3392 3058 (nam
3422 2988 3527 3044 hoc
3555 3005 3686 3061 quo-

2088 3092 2192 3145 que
2221 3077 2449 3148 dixisti),
2480 3078 2660 3132 animo
2689 3077 2982 3148 effingens,
3013 3087 3169 3148 teque
3194 3079 3362 3148 ipsam
3404 3079 3607 3137 frustra
3633 3091 3686 3138 et

2089 3170 2378 3235 incassum,
2410 3170 2518 3224 imo
2541 3184 2751 3224 summo
2770 3185 2892 3224 cum
2911 3168 3237 3225 detrimento
3259 3169 3522 3226 lancinas.
3549 3171 3684 3241 Quid

2089 3262 2232 3316 enim
2258 3261 2501 3330 angeris,
2544 3260 2686 3330 quod
2711 3275 2810 3315 nos
2848 3276 2879 3315 e
2901 3261 3112 3316 Cucuso
3135 3261 3241 3316 alio
3271 3263 3567 3319 transferre
3596 3280 3685 3320 ne-

2089 3351 2347 3423 quivisti?
2388 3351 2722 3422 Quamquam
2759 3353 2937 3422 aliquo
2983 3353 3144 3409 modo
3190 3368 3289 3410 nos
3335 3357 3682 3424 transtulisti,

2088 3443 2217 3498 dum
2247 3443 2380 3498 nihil
2408 3459 2515 3498 non
2537 3443 2657 3498 ideo
2685 3444 2781 3498 abs
2811 3453 2862 3500 te
2891 3453 3154 3500 tentatum
3181 3455 3342 3517 atque
3371 3457 3556 3503 actum
3583 3459 3682 3504 est.

2091 3534 2246 3602 Quod
2293 3536 2340 3590 si
2381 3550 2470 3590 res
2500 3535 2681 3605 perfici
2726 3551 2834 3592 non
2877 3537 3084 3607 potuit,
3115 3553 3221 3592 non
3251 3547 3430 3594 tamen
3463 3541 3686 3610 proinde

2089 3628 2213 3700 angi
2241 3637 2478 3700 oportet.
2501 3627 2635 3683 Nam
2665 3627 2892 3685 fortasse
2911 3630 3012 3684 hac
3037 3629 3105 3686 de
3132 3645 3294 3686 causa
3315 3631 3458 3687 Deus
3483 3633 3685 3703 longio-

2089 3735 2150 3777 ra
2175 3735 2429 3776 cursuum
2467 3721 2637 3790 spatia
2669 3720 2825 3776 nobis
2863 3721 3091 3792 proponi
3134 3722 3335 3788 voluit,
3363 3731 3422 3777 ut
3450 3724 3685 3793 splendi-

2089 3812 2270 3869 diores
2295 3827 2525 3868 coronas
2547 3828 2964 3884 cunsequamur.
2989 3814 3128 3882 Quid
3156 3815 3316 3886 igitur
3330 3816 3401 3870 ob
3427 3831 3492 3871 ea
3524 3819 3580 3872 in
3600 3817 3686 3873 do-

2092 3905 2208 3960 lore
2233 3905 2487 3972 versaris,
2517 3905 2588 3959 ob
2611 3920 2732 3976 quae
2761 3905 3004 3961 laudibus
3024 3906 3291 3962 afﬁcimur
3309 3909 3332 3962 ?
3353 3923 3477 3963 cum
3496 3921 3680 3965 contra

2092 4006 2146 4054 te
2173 3999 2243 4054 ob
2267 4014 2387 4054 eam
2429 4013 2644 4055 causam
2679 4001 2948 4056 exsultare
2981 4017 3046 4057 ac
3080 4003 3391 4071 tripudiare,
3418 4015 3684 4075 caputque

2090 4092 2308 4148 corollis
2361 4091 2628 4148 redimere
2685 4108 2780 4162 par
2832 4093 2941 4162 sit,
2991 4094 3136 4163 quod
3189 4095 3369 4150 divino
3424 4097 3683 4154 beneficio

2092 4198 2206 4239 rem
2236 4192 2436 4237 tantam
2479 4197 2542 4237 ac
2581 4183 2787 4239 meritis
2817 4185 3014 4240 nostris
3059 4186 3216 4257 longe
3259 4189 3682 4256 praestantiorem

2091 4276 2406 4346 consequuti
2448 4276 2635 4332 simus.
2681 4279 2750 4332 At
2788 4277 2944 4348 hujus
2972 4279 3075 4335 loci
3105 4280 3334 4335 solitudo
3365 4283 3459 4337 tibi
3491 4299 3684 4339 moero-

2091 4383 2206 4425 rem
2237 4367 2424 4423 affert?
2449 4368 2518 4422 Et
2536 4368 2662 4438 quid
2690 4369 2898 4425 tandem
2929 4369 3028 4424 hac
3047 4371 3518 4442 sedejucundius?
3547 4375 3683 4430 Soli-

2093 4461 2221 4516 tudo
2244 4501 2261 4528 ,
2311 4460 2667 4530 tranquillitas
2692 4461 2880 4531 ingens
2901 4503 2917 4529 ,
2949 4463 3102 4532 quies
3121 4503 3136 4528 ,
3168 4465 3408 4533 corporis
3438 4465 3678 4521 ﬁrmitas.

2093 4553 2427 4622 Quamquam
2463 4555 2606 4606 enim
2650 4567 2750 4608 nec
2794 4553 2988 4620 forum,
3019 4569 3118 4609 nec
3162 4556 3349 4610 venale
3397 4557 3680 4629 quidquam

2095 4644 2211 4699 htec
2240 4643 2370 4698 urbs
2397 4643 2560 4698 habet
2589 4659 2602 4698 :
2635 4644 2768 4699 nihil
2793 4654 2969 4700 tamen
3003 4645 3145 4700 istud
3171 4662 3288 4700 mea
3320 4648 3564 4703 interest.
3592 4651 3680 4704 Mi-

2095 4737 2151 4792 hi
2176 4737 2371 4809 quippe
2396 4737 2575 4791 omnia
2608 4748 2877 4810 tamquam
2911 4754 2942 4794 e
2969 4739 3115 4795 fonte
3139 4740 3379 4795 affluunt.
3413 4742 3678 4812 Siquidem

2095 4838 2152 4886 et
2169 4831 2444 4887 dominum
2472 4847 2649 4887 meum
2672 4831 2830 4902 hujus
2848 4831 2950 4886 loci
2978 4832 3310 4902 episcOpum,
3331 4842 3385 4887 et
3410 4833 3675 4890 dominum

2098 4941 2276 4981 meum
2319 4927 2633 4981 Dioscorum
2661 4925 2833 4980 habeo
2852 4966 2868 4991 ,
2900 4925 2990 4995 qui
3017 4925 3149 4979 nihil
3176 4925 3318 4979 aliud
3349 4928 3585 4982 muneris
3603 4938 3678 4982 at-

2096 5031 2202 5086 que
2239 5031 2418 5087 operae
2459 5017 2656 5072 habere
2694 5015 2963 5081 videntur,
2997 5032 3154 5086 quam
3197 5025 3253 5071 ut
3296 5034 3383 5074 me
3425 5031 3679 5076 recreent.

2097 5110 2236 5177 Quin
2271 5111 2560 5181 praeclarus
2599 5125 2813 5181 quoque
2850 5109 2933 5164 vir
2975 5109 3237 5165 Patricius
3270 5110 3364 5165 tibi
3417 5113 3678 5179 narrabit,

2097 5219 2328 5274 quonam
2369 5213 2524 5274 pacto
2553 5204 2605 5258 in
2631 5203 2793 5258 animi
2821 5203 3104 5270 hilaritate,
3137 5204 3190 5258 in
3227 5204 3601 5268 oblectatione,
3633 5207 3679 5261 in

2099 5297 2280 5351 multis
2330 5295 2599 5366 obsequiis
2625 5295 2903 5366 degamus,
2931 5304 3184 5365 quantum
3221 5295 3434 5364 quidem
3465 5295 3533 5350 ad
3560 5296 3680 5352 hanc

2099 5387 2666 5442 commemorationem
2689 5387 2896 5440 attinet.
2929 5385 3083 5451 Quod
3109 5387 3154 5440 si
3181 5401 3242 5440 ea
3272 5401 3394 5454 qua:
3420 5386 3551 5440 mihi
3579 5386 3681 5441 ϐίη-

2100 5491 2271 5532 sareze
2316 5476 2661 5543 acciderunt,
2716 5476 2771 5530 in
2819 5463 3019 5529 luctum
3053 5485 3106 5531 te
3145 5475 3473 5544 conjiciunt,
3511 5477 3562 5530 in
3593 5475 3680 5531 hoc

2100 5567 2260 5621 etiam
2291 5581 2404 5620 rem
2438 5581 2626 5636 parum
2656 5574 2710 5621 te
2757 5565 2970 5636 dignam
3000 5564 3151 5619 facis.
3187 5564 3318 5618 Nam
3350 5566 3459 5621 illic
3487 5581 3680 5636 quoque

2099 5657 2382 5713 luculentas
2417 5672 2624 5712 rursum
2653 5656 2806 5712 nobis
2831 5671 3045 5712 corona?
3071 5666 3335 5712 contexta:
3360 5667 3484 5712 sunt
3517 5673 3529 5710 :
3563 5658 3680 5711 adeo

2103 5759 2159 5804 ut
2187 5763 2376 5804 omnes
2403 5763 2503 5803 nos
2529 5748 2764 5812 laudent,
2797 5747 3109 5818 prmdiccnt,
3143 5757 3302 5817 atque
3327 5747 3394 5802 ad
3424 5758 3677 5818 stuporem

2105 5856 2272 5912 usque
2292 5839 2644 5911 admirentur,
2671 5840 2812 5913 quod
2837 5841 3086 5914 gravibus
3107 5840 3313 5912 injuriis
3342 5839 3570 5913 acceptis
3585 5839 3673 5909 eje-
