3906 6370
197 406 275 466 ωί
1571 370 1770 429 EPIST

1885 369 1956 424 Ε.
3300 349 3406 405 612

193 534 280 590 της
299 528 389 586 μου
412 507 690 576 Διόσκορος
714 501 947 556 ἐνταῦθα
973 498 1145 563 ῶν,δς
1163 496 1258 551 καὶ
1285 495 1365 557 είς
1394 488 1730 560 Καισάρειαν
1840 480 2006 535 τόπου
2061 480 2264 535 ἕνεκεν.
2305 478 2369 532 Εἰ
2405 478 2447 530 δ’
2485 470 2550 530 αὖ
2605 472 2765 530 πάλιν
2796 469 3148 539 δοκιμάσειας
3183 467 3414 520 ἀποπει-

1552 589 1556 590 ,
1707 587 1716 590 -
1962 587 2011 590 ,ν
2171 586 2196 590 _
2349 583 2361 590 .
2553 581 2566 590 .
2620 579 2646 590 ..
2773 579 2785 590 .
2838 576 2848 590 .
2932 577 2946 590 .
3048 573 3068 590 ,ρ
3113 571 3187 590 λι,
3254 570 3414 590 εφη-.

1844 587 2110 660 ρασθῆναι
2137 586 2237 657 τῆς
2261 583 2488 655 γνώμης
2509 579 2709 645 αὐτῶν,
2728 576 2866 647 αὐτὴ
2891 577 2988 646 μὲν
3015 571 3224 626 οἴκοθεν
3251 570 3415 641 μηδὲν

1843 694 2023 764 εἴπῃς,
2046 692 2339 761 δοκίμασον
2377 689 2434 742 δὲ
2463 685 2566 741 ποῦ
2594 687 2951 758 προῄρηνται,
2997 678 3137 733 κατὰ
3166 678 3265 748 τὴν
3300 676 3419 729 σύν-

1845 799 1959 851 εσίν
1991 813 2115 850 σου*
2155 795 2379 850 δύνασαι
2417 794 2549 863 γάρ.
2574 791 2694 844 Κᾶν
2720 790 2834 860 ἴδῃς
2867 788 2947 839 ὅτι
2969 784 3196 854 πλησίον
3227 779 3416 834 αὐτόθι

1846 917 1948 952 που
1982 899 2041 952 ἐν
2076 895 2500 970 παραθαλασσίῳ
2532 893 2705 959 πόλει,
2736 893 2769 963 ἢ
2798 894 2858 943 ὲν
2891 888 3115 958 Κυζίκῳ
3137 926 3152 949 ,
3189 885 3220 954 ἢ
3257 884 3423 935 Νικοο

997 1019 1138 1087 ἔται,
1178 1001 1255 1064 ὡς
1310 998 1407 1054 κα»ὶ
1463 993 1738 1065 καταδοᾷν
1851 1006 2072 1078 μηδείας
2099 1004 2346 1076 πλησίον,
2379 1000 2649 1057 καὶτοῦτο
2681 997 2985 1063 κατάδεξαι.
3012 996 3076 1048 Εἰ
3104 994 3146 1045 δ’
3177 992 3285 1062 ἄρα
3318 1004 3424 1058 μα⁸

193 1115 335 1173 αὐτοῦ
363 1110 614 1183 συνεχῶς,
645 1108 733 1164 διὰ
757 1107 855 1179 τὴν
878 1106 1080 1176 πολλὴν
1109 1100 1274 1158 αὐτοῦ
1305 1099 1607 1170 δαψίλειαν,
1645 1097 1739 1151 καὶ
1849 1108 2105 1181 κρότερόν
2143 1125 2266 1175 που,
2295 1106 2442 1179 ἢτοῦ
2470 1105 2636 1158 τόπου
2662 1102 2853 1156 τούτου
2875 1098 3226 1171 μακρότερον,
3244 1095 3278 1164 ἦ
3301 1108 3423 1146 τοσ-

193 1217 275 1289 τὴν
297 1212 564 1285 ἀφθονίανν
596 1210 665 1281 ἣν
704 1207 952 1280 βούλεται
983 1205 1266 1276 παρέχεινσ
1298 1201 1377 1254 Δι’
1422 1199 1570 1272 ἡμᾶς
1604 1195 1737 1267 γοῦν
1847 1210 2004 1266 οὖτον
2061 1213 2184 1266 ὅσον
2230 1203 2403 1274 οὗτος,
2441 1209 2516 1280 μὴ
2546 1209 2678 1281 ἐλῃο
2711 1205 2832 1259 ἐπεὶ
2881 1202 3085 1273 σφόδρα
3142 1199 3298 1253 τοῦτό
3335 1213 3424 1268 μοι

193 1319 273 1374 καὶ
300 1313 520 1387 μετέστη
551 1309 749 1382 Χωρίον
781 1309 985 1374 οίκῶν»
1027 1305 1168 1360 ὥστε
1199 1302 1364 1357 παντὶ
1405 1296 1740 1372 θεραπεῦσαι
1853 1317 1990 1388 βαρύ
2034 1315 2130 1371 καὶ
2172 1312 2574 1385 χαλεπώτερον.
2612 1312 2763 1374 Τέως
2806 1310 2914 1380 γάρ
2954 1306 3152 1375 πολλῆς
3191 1301 3425 1357 ἐνταῦθα

193 1416 376 1489 τρόπφν
422 1413 520 1485 τήν
561 1429 621 1464 τε
653 1407 832 1464 οἰκίαν
856 1409 988 1480 ἡμῖν
1025 1401 1428 1466 κατασκευάζει
1463 1400 1600 1473 πρὸς
1627 1415 1742 1469 Xa“
1850 1421 2085 1486 ἀνέσεως
2116 1419 2480 1490 ἀπολαύομεν,
2519 1418 2594 1480 ώς
2618 1417 2714 1470 καὶ
2746 1417 2803 1469 ἐν
2829 1413 2922 1466 δύο
2954 1411 3187 1483 ἡμέραις
3213 1409 3426 1462 ἃπασαν

197 1515 328 1586 μῶνα
346 1507 670 1581 ἐπιτηδείαν,
704 1507 882 1562 πάντα
909 1504 1079 1558 ποιῶν
1103 1502 1243 1574 ὑπὲρ
1276 1501 1465 1555 τούτου
1489 1499 1584 1553 καὶ
1609 1514 1745 1598 πρα-
1851 1527 1948 1598 τὴν
1973 1527 2164 1598 ἀηδίαν
2193 1524 2555 1596 ἀπονίψασθαι
2582 1523 2682 1596 τὴν
2729 1523 2792 1576 ὲκ
2822 1521 2922 1591 τῆς
2959 1517 3078 1572 ὁδοῦ
3113 1512 3427 1585 γεγενημέ-

195 1611 600 1682 γματευόμενος·
637 1607 732 1661 καὶ
750 1606 886 1668 ὅλως
900 1603 1051 1657 οὐδὲν
1079 1601 1416 1656 ἐλλέλειπται
1445 1595 1744 1670 θεραπείας
1855 1595 1953 1704 “iv
1980 1595 2128 1704 ἡμῖν.

193 1717 374 1770 ἕνεκεν.
395 1714 501 1769 Kal
519 1713 697 1784 ἕτεροι
718 1710 775 1764 δὲ
801 1709 985 1763 πολλοὶ
1015 1708 1300 1780 ἐπίτροποι
1326 1707 1421 1760 καὶ
1449 1703 1744 1773 οίκονόμοι,
1796 1749 1809 1758 .

197 1816 324 1887 παρὰ
354 1816 456 1870 τῶν
497 1812 778 1868 δεσποτῶν
825 1810 934 1865 τῶν
975 1807 1184 1862 ἑαυτῶν
1235 1804 1614 1866 κελευσθέντες
1659 1800 1749 1854 διὰ

196 1894 527 1988 γραμμάτων,
594 1912 833 1984 συνεχῶς
877 1910 1298 1983 παραγίνονται,
1337 1906 1549 1974 ἕτοιμοι
1607 1900 1750 1957 κατά

197 2017 350 2069 πάντα
393 2013 593 2086 τρόπον
625 2014 774 2084 ήμᾶς
824 2010 1156 2066 ἀναπαῦσαι.
1218 2009 1403 2062 Ταῦτα
1454 2006 1513 2060 δὲ
1573 2005 1751 2060 πάντα

197 2115 388 2186 εἴρηκα,
420 2114 513 2169 καὶ
541 2110 614 2167 τὰ
647 2115 743 2185 μὲν
772 2111 1169 2183 ἀπωδυράμην,
1198 2108 1269 2162 τὰ
1300 2107 1565 2180 πρότερα,
1599 2106 1668 2158 τὰ
1695 2105 1752 2158 δὲ

195 2208 348 2279 εἷπον,
377 2214 441 2268 τὰ
472 2213 716 2286 χρηστὰ.
749 2212 837 2266 ἵνα
861 2211 936 2283 μὴ
957 2208 1245 2282 προπετῶς
1269 2226 1354 2272 τις
1388 2208 1537 2279 ἡμᾶς
1564 2204 1752 2259 ἐντεῖΡ
1860 2229 1926 2298 τῇ
1964 2224 2239 2296 τυραννίδι
2279 2225 2378 2296 τῆς
2409 2224 2648 2294 ἀθυμίας
2695 2221 2927 2276 ὲκδοῦσά
2960 2237 3054 2272 σου
3095 2221 3191 2290 τὴν
3223 2218 3437 2288 ψυχήν;

199 2318 277 2372 θεν
302 2312 499 2390 ἐγείρῃ·
525 2318 594 2371 Et
618 2316 719 2388 μὲν
739 2315 849 2386 γὰρ
871 2319 918 2370 οἱ
946 2313 1259 2385 βουλόμενοι
1288 2312 1468 2366 δοῦναι
1498 2313 1632 2382 ἡμῖν
1655 2311 1754 2381 τὴν
1864 2330 1945 2383 Τά
1976 2329 2086 2400 γὰρ
2107 2329 2430 2400 γράμματα,
2460 2328 2496 2382 ἀ
2524 2328 2614 2381 διὰ
2645 2326 2941 2397 Πατρικίου
2976 2327 3106 2395 ἡμῖν
3133 2323 3438 2395 διεπέμψω,

199 2419 591 2494 χάριν,κυρίους
613 2419 760 2489 ἡμᾶς
778 2419 979 2471 ποιοῖεν
1005 2415 1100 2470 τοῦ
1123 2410 1260 2468 εἶναι
1277 2415 1410 2468 ὅπου
1433 2411 1753 2483 βουλόμεθα,

201 2521 282 2572 καὶ
311 2520 380 2592 μὴ
415 2519 583 2574 πάλιν
617 2518 803 2591 ἕτερον
831 2519 964 2590 ἡμῖν
1002 2517 1243 2588 μέλλοιεν
1281 2512 1629 2584 ἀποκληροῦν
1667 2513 1756 2565 τό-

202 2638 305 2687 πον,
331 2622 384 2675 ὂν
413 2621 477 2675 ἂν
505 2619 762 2681 ἐθέλωσι,
795 2616 1085 2682 κατάδεξαι
1113 2617 1213 2687 τὴν
1240 2617 1420 2686 χάριν.
1451 2616 1513 2667 Εἰ
1536 2614 1592 2666 δὲ
1609 2612 1758 2665 ἔνθεν

200 2723 328 2792 ἡμᾶς
346 2723 682 2785 ἀνιστάντες,
721 2721 801 2784 εἰς
820 2720 1007 2790 ἕτερον
1041 2715 1285 2788 μέλλοιεν
1311 2714 1551 2785 πέμπειν
1572 2713 1757 2777 τόπον,

204 2822 283 2876 καὶ
313 2821 462 2896 πάλιν
492 2822 638 2887 ὁδὸς,
690 2821 784 2875 καὶ¹
842 2820 1005 2875 πάλιν
1044 2817 1342 2889 ἀποδημία,
1381 2815 1504 2887 ἐμοὶ
1560 2813 1762 2882 σφόδρα

204 2917 340 2973 τοῦτο
361 2918 772 2990 χαλεπώτερον·
809 2918 1024 2988 πρῶτον
1057 2915 1174 2986 μὲν,
1206 2915 1416 2985 μήποτε
1446 2913 1526 2974 εἰς
1558 2908 1764 2982 μακρό-

205 3020 400 3092 τερονῆ
452 3021 531 3084 είς
599 3016 979 3090 χαλεπώτερον
1029 3016 1179 3086 ἡμᾶς
1236 3011 1492 3084 πέμψωσι
1535 3008 1761 3082 χωρίον·

194 587 478 676 ἀπέστειλεν
513 607 727 676 οίκέτην
772 607 850 664 είς
879 602 1010 656 αὐτὸ
1042 599 1219 662 τοῦτο,
1265 589 1600 666 παρακαλῶν
1637 587 1732 641 καὶ

191 718 412 787 δεόμενος
436 710 507 782 μὴ
533 707 866 780 προτιμῆσαι
894 704 994 774 τῆς
1014 700 1179 756 αὐτοῦ
1201 698 1379 762 οἰκίας
1402 696 1622 760 ἑτέραν,
1640 693 1734 744 καὶ

193 818 345 886 ἕτεροι
369 812 422 865 δέ
440 809 673 872 πλείους.
698 805 841 860 Ἀλλ’
856 805 1155 872 ἀναγκαῖον
1185 800 1412 869 ἐνόμισα
1433 795 1540 850 τῶν
1561 793 1734 848 ἄλλων

191 915 353 970 τοῦτον
383 908 731 983 προτιμῆσαι,
767 906 861 960 καὶ
888 901 1241 974 κατήχθημεν
1274 899 1332 952 ἐν
1380 898 1494 960 τοῖς
1547 890 1733 947 αὐτοῦ.

192 1018 286 1072 Καὶ
313 1016 480 1068 πάντα
510 1012 639 1082 ἡμῖν
690 1006 852 1070 αὐτὸς
907 1005 1138 1074 γίνεται,
1178 1001 1255 1064 ὡς
1310 998 1407 1054 καὶ
1463 993 1738 1065 κατασοᾷν

1882 1792 2036 1862 Πρὸς
2073 1789 2188 1874 ἰ’-ἠγ
2218 1789 2413 1874 ᾳύζῂν
2443 1785 2736 1874 ἐπιοςτολῄ
2777 1789 2885 1866 μ’,
2915 1778 3092 1874 δι’ρῆς
3116 1781 3398 1850 διηγεῖται

2103 1861 2175 1914 τὰ
2207 1861 2277 1915 ἐν
2305 1857 2630 1926 Καισαρείᾳ
2658 1857 2819 1922 αὐτῷ
2849 1857 3182 1924 συμϐάντα.

1928 2023 1996 2072 α’.
2013 2014 2324 2087 Τίθρηνεῖς;
2339 2013 2392 2068 τί
2409 2014 2627 2080 κόπτεις
2645 2011 2866 2084 σαυτὴν,
2885 2012 2980 2065 καὶ
2999 2011 3150 2073 δίκας
3164 2010 3436 2075 ἀπαιτεῖς,

1859 2121 1927 2185 ἀς
1965 2120 2089 2174 οὔτε
2117 2121 2167 2172 οἱ
2194 2119 2378 2191 ἐχθροί
2411 2135 2501 2172 σου
2537 2117 2838 2188 ἀπαιτῆσαί
2888 2133 2946 2169 σε
2985 2115 3230 2185 ἴσχυσαν,
3264 2113 3437 2175 οὕτως

1864 2433 2038 2486 ταῦτα
2087 2433 2320 2504 ἐδήλωσέ
2353 2450 2444 2486 σου
2473 2431 2542 2485 τὰ
2575 2431 2864 2503 τραύματα
2912 2430 3012 2499 τῆς
3061 2427 3318 2490 διανοίας.
3355 2425 3445 2480 Διὸ

1867 2534 1959 2586 καὶ
1997 2533 2197 2603 σφόδρα
2219 2533 2369 2601 ἀλγῶ
2393 2533 2484 2585 καὶ
2510 2531 2806 2602 ὀδυνῶμαι,
2839 2532 2920 2584 ὅτι
2960 2529 3248 2599 ὀφείλουσα
3271 2530 3447 2582 πάντα

1869 2639 2036 2690 κινεῖν
2063 2637 2156 2690 καὶ
2179 2635 2684 2706 πραγματεύεσθαι,
2709 2634 2850 2687 ὥστε
2877 2633 3205 2686 ἀπελαύνειν
3229 2649 3322 2685 σου
3349 2633 3447 2701 τῆς

1868 2741 2045 2812 ψυχῆς
2071 2742 2168 2812 τὴν
2198 2740 2466 2811 ἀθυμίαν,
2500 2741 2766 2812 περιέρχῃ
2812 2739 3122 2808 συνάγουσα
3157 2739 3450 2808 λογισμοὺς

1872 2847 2164 2918 ὀδυνηρούς
2189 2885 2204 2910 ,
2241 2847 2333 2898 καὶ
2368 2844 2436 2897 τά
2482 2844 2557 2916 μὴ
2585 2845 2712 2897 ὄντα
2743 2843 2938 2913 (τοῦτο
2973 2843 3081 2914 γὰρ
3115 2843 3281 2912 ἔφης)
3313 2843 3446 2894 ἀνα-

1874 2953 2202 3018 πλάττουσα,
2226 2949 2318 3003 καὶ
2338 2949 2738 3016 καταξαίνουσα
2764 2947 2963 3019 σαυτὴν
2985 2947 3108 3017 εἱκῆ
3126 2948 3218 3000 καὶ
3250 2947 3446 3018 μάτην,

2613 3055 2678 3107 τε
2849 3072 2907 3107 σε

451 3164 464 3188 ’
1878 3166 2072 3192 -.-.._-:-:
2108 3167 2202 3192 ην...
2238 3163 2632 3192 ιν-....--,.ι..,τρ
2671 3160 3005 3192 ..ρρηυαηη
3031 3177 3042 3188 .
3074 3159 3262 3192 ymo,“
3299 3176 3361 3192 ve
3394 3159 3452 3192 ,λ

202 3219 437 3292 πώτερον.
457 3220 578 3275 Καὶ
606 3219 716 3292 γὰρ
749 3222 828 3283 είς
854 3218 1025 3282 αὐτάς
1052 3219 1203 3288 ἡμᾶς
1233 3216 1539 3285 κατήνεγκε
1556 3211 1650 3264 τοῦ
1675 3211 1769 3264 θα-

201 3320 341 3373 νάτου
365 3322 461 3386 τὰς
487 3321 674 3384 πῦλας
706 3319 911 3391 ταύτης
943 3318 1042 3389 τῆς
1068 3316 1376 3388 ἀποδημίας
1404 3317 1438 3388 ή
1487 3313 1762 3368 δυσκολία.

201 3421 298 3476 Kal
318 3422 548 3494 διατρίόο
563 3438 664 3493 μεν
690 3419 785 3476 νῦν
813 3421 872 3475 ἐν
895 3416 1214 3488 Κουκουσῷ,
1241 3419 1306 3489 τῇ
1336 3417 1571 3488 διηνεκεῖ
1609 3413 1774 3469 καθέ-

207 3524 296 3597 δρᾳ
324 3525 412 3579 καὶ
439 3523 648 3598 ἡσυχίᾳ
670 3517 1047 3591 ἀνακτώμενοι
1076 3517 1325 3581 ἑαυτοὺς,
1349 3516 1443 3570 καὶ
1475 3516 1573 3587 τὴν
1601 3517 1658 3568 ἐν
1694 3514 1774 3585 τῷ

215 3627 390 3699 μακρῷ
438 3625 619 3699 χρόνῳ
656 3621 956 3694 γενομένην
990 3622 1125 3691 ήμῖν
1149 3616 1539 3687 ταλαιπωρίαν,
1569 3616 1663 3669 καὶ
1704 3614 1775 3669 τὰ

213 3726 632 3800 συντετριμμένα
653 3725 686 3795 ή
696 3721 811 3794 μῶν
835 3722 988 3788 ὀστᾶ,
1014 3721 1110 3774 καὶ
1137 3719 1238 3792 τὴν
1265 3715 1775 3790 ταλαιπωρηθεῖσαν

213 3833 370 3904 σάρκα
394 3833 482 3888 διὰ
512 3833 614 3904 τῆς
645 3829 877 3902 ἡσυχίας
913 3825 1336 3899 θεραπεύοντες.
1377 3823 1684 3894 Ἀπήντησε
1719 3821 1777 3874 δὲ

213 3898 295 3991 καί
315 3941 346 4010 ἡ
371 3939 531 4011 κυρία
565 3898 678 4010 ,κου’
695 3898 1042 4004 Σάέινιανὴή
1068 3929 1315 3993 διάκονος
1340 3927 1480 3981 κατὰ
1503 3926 1601 3997 τὴν
1625 3923 1776 3999 [594]
1887 3901 2006 3955 δέον
2025 3919 2099 4011 ,σε
2139 3899 2492 4011 σκιρτᾷνιδιά
2521 3899 2692 4011 ταῦτα
2741 3898 2836 3952 καὶ
2866 3898 3110 3969 χορεύειν
3137 3899 3226 3952 xal
3266 3917 3466 3968 στεφα-

211 4001 406 4113 ἡμέραν
438 4001 535 4114 τήν
565 4001 763 4112 αὐτὴν,
793 4001 1002 4109 καθ’
1032 4001 1131 4090 καὶ
1159 4034 1320 4106 ἡμεῖς
1351 4031 1768 4102 ἀπηντήσαμεν,
1889 4003 2494 4071 νοῧσθαινδτιτοσούτου
2517 4001 2934 4074 κατηξιώθημεν
2953 4002 3465 4075 πράγματος.[595]

216 4106 634 4219 συντετριμμένη
682 4106 782 4216 μὲν
831 4143 927 4198 καὶ
959 4106 1538 4209 τεταλαιπωρημένη,
1575 4136 1670 4190 ἆτε
1725 4136 1782 4189 ἐν
1893 4112 2100 4183 σφόδρα
2121 4109 2537 4182 ὑπερϐαίνοντος
2555 4107 2712 4180 ἡμῶν
2727 4107 2824 4178 τὴν
2853 4106 3194 4171 ἀξίανῖἈλλ’
3213 4109 3246 4176 ἡ
3265 4106 3469 4176 ἐρημία

1878 3166 2074 3220 κουσοῦ
2106 3167 2205 3218 οὐκ
2238 3166 2464 3235 ἴσχυσας
2485 3163 2632 3234 ἡμᾶς
2670 3160 3044 3233 μεταστῆσαι;
3074 3159 3267 3213 Καίτοι
3299 3176 3361 3227 γε
3394 3159 3454 3211 τὺ

1881 3271 1973 3324 σὺν
2006 3271 2168 3342 μέρος
2201 3269 2557 3340 μετέστησας,
2578 3268 2753 3321 πάντα
2775 3267 3044 3338 κινήσασα
3078 3267 3172 3318 καὶ
3202 3280 3458 3336 πραγμα-

1879 3377 2208 3447 τευσαμένη.
2241 3377 2303 3429 Εἰ
2331 3376 2385 3429 δὲ
2419 3377 2498 3438 είς
2521 3372 2672 3436 τέλος
2702 3372 2761 3426 τὸ
2783 3371 2942 3444 ἔργον
2987 3373 3086 3424 οὐκ
3115 3367 3299 3442 ἦλθεν,
3334 3369 3455 3422 οὐδέ

1881 3479 1970 3534 διὰ
1996 3478 2153 3532 τοῦτο
2178 3480 2362 3547 ἀλγεῖν
2387 3478 2484 3534 δεῖ.
2509 3480 2670 3541 Ἴσως
2703 3477 2811 3548 γάρ
2834 3477 2978 3540 ἔδοξε
3006 3474 3081 3545 τῷ
3111 3473 3229 3545 Θεῷ
3257 3491 3461 3544 μακρο-

1882 3584 2075 3656 τέρους
2101 3600 2190 3655 μοι
2219 3583 2442 3652 τεθῆναι
2471 3582 2577 3635 τῶν
2611 3583 2825 3654 δρόμων
2867 3584 2992 3646 τοὺς
3015 3581 3284 3646 διαύλους,
3319 3581 3460 3634 ὥστε

1884 3693 1980 3746 καὶ
2001 3689 2413 3762 λαμπροτέρους
2441 3687 2690 3758 γενέσθαι
2710 3688 2836 3751 τοὺς
2867 3687 3182 3756 στεφάνους.
3202 3688 3266 3740 Τί
3283 3688 3463 3742 τοίνυν

1888 3796 2072 3864 ἀλγεῖς
2105 3794 2244 3865 ὑπὲρ
2269 3794 2494 3861 τούτων,
2533 3794 2626 3862 ἀφ’
2653 3787 2729 3848 ὧν
2759 3795 2921 3864 ήμεῖς
2951 3793 3462 3864 ἀνακηρυττόμεθα,

213 4250 369 4322 τούτῳ
386 4251 484 4322 τῆς
509 4248 729 4322 ἡλικίας
756 4241 913 4312 οὖσα,
941 4245 1071 4300 ένθα
1097 4243 1192 4299 καὶ
1214 4242 1481 4298 κινεῖσθαι
1504 4237 1780 4294 δύσκολον·

214 4352 348 4425 ὅμως
366 4355 420 4409 δὲ
443 4357 511 4427 τῇ
542 4353 826 4426 προθυμίᾳ
841 4350 1126 4417 νεάζουσα,
1158 4349 1255 4404 xal
1275 4348 1500 4420 μηδενὸς
1533 4345 1787 4400 αἰσθανο-

219 4459 340 4530 μένη
361 4461 465 4514 τῶν
489 4458 773 4531 λυπηρῶν.
807 4456 1028 4527 Ἑτοίμη
1049 4454 1159 4526 γὰρ
1183 4454 1384 4526 ἔφησεν
1426 4449 1562 4506 εἶναι
1590 4450 1683 4504 καὶ
1706 4450 1786 4512 εἰς

217 4560 435 4616 Σκυθίαν
449 4559 880 4632 ἀπαντήσεσθαι,
902 4558 1091 4630 ἐπειδὴ
1107 4559 1347 4621 τοιοῦτος
1369 4556 1588 4628 ἐκράτει
1607 4554 1784 4622 λόγος,

223 4665 289 4730 ὼς
318 4669 426 4721 ἐκεῖ
448 4667 610 4740 ήμῶν
642 4663 1125 4737 ἀπαχθησομένων.
1149 4661 1373 4732 Ἑτοίμη
1407 4661 1465 4713 δέ
1503 4660 1680 4723 ἐστιν,
1713 4655 1789 4719 ὥς

226 4788 366 4841 φησι,
384 4771 581 4842 μηκέτι
602 4769 964 4839 ὑποστρέφειν
991 4764 1261 4838 μηδαμοῦ,
1293 4761 1406 4817 ἀλλ’
1439 4763 1556 4814 ἐκεῖ
1580 4757 1789 4829 διατρί-

221 4871 327 4927 ϐειν
352 4874 481 4928 ἔνθα
501 4875 570 4929 ἂν
604 4868 773 4945 ὦμεν.
807 4872 1019 4943 Σφόδρα
1047 4871 1104 4924 δέ
1135 4869 1229 4924 καὶ
1255 4867 1426 4937 αὐτὴν
1462 4864 1791 4928 ὑπεδέξαντο

220 4977 266 5030 οἱ
287 4979 380 5051 τῆς
422 4978 751 5049 Ἐκκλησίας
778 4975 917 5047 μετὰ
950 4974 1151 5046 πολλῆς
1180 4973 1282 5044 τῆς
1315 4971 1551 5041 σπουδῆς
1579 4967 1792 5037 καὶτῆς

220 5080 443 5146 εὐνοίας.
475 5081 589 5134 Kal
617 5063 652 5134 δ’
672 5079 860 5151 κύριος
884 5077 939 5130 δέ
975 5092 1076 5146 μου
1099 5073 1500 5134 Κωνστάντιος,
1526 5069 1555 5121 ὀ
1577 5065 1796 5120 εὐλαϐέ-

224 5203 406 5250 στατος
447 5184 840 5258 πρεσϐύτερος,
875 5181 1041 5235 πάλαι
1069 5181 1134 5233 ἂν
1163 5176 1396 5232 ἐνταῦθα
1433 5171 1520 5246 ἦν.
1556 5173 1666 5226 Kal
1685 5169 1792 5241 γὰρ

223 5289 311 5342 καὶ
333 5288 645 5344 ὲπέστειλέν
677 5305 785 5360 μοι,
821 5282 1156 5358 παρακαλῶν
1207 5283 1292 5335 ἵνα
1327 5276 1605 5348 ἐπιτρέψω
1647 5273 1796 5344 αὐτῷ

221 5395 445 5448 ἐνταῦθα
476 5394 655 5448 ἐλθεῖν
679 5410 695 5426 ο
713 5393 814 5465 τῆς
839 5393 948 5462 γὰρ
977 5393 1117 5461 ἐμῆς
1145 5387 1369 5459 γνώμης
1391 5385 1555 5456 χωρὶς
1580 5383 1704 5455 μηδ’
1730 5382 1796 5436 ἂν

223 5497 476 5568 τολμῆσαι
501 5496 930 5566 παραγενέσθαι,
959 5494 1136 5548 καίτοι
1161 5508 1226 5561 γε
1263 5491 1466 5560 σφόδρα
1495 5485 1797 5558 ἐπιθυμῶν,

222 5600 330 5665 διαὶ,
347 5599 422 5664 ῶς
443 5617 639 5672 φησιν,
656 5601 776 5655 οὐδὲ
803 5599 990 5653 αὐτόθι
1013 5599 1196 5670 μένειν
1217 5595 1536 5666 δυνάμενος’
1561 5591 1800 5666 κρύπτε·-

222 5717 309 5756 ται
332 5704 461 5775 γὰρ,
484 5702 586 5758 καὶ
615 5704 869 5758 λανθάνει
887 5721 902 5734 ο
932 5701 1170 5757 τοσαῦτα
1198 5700 1358 5755 αὐτὸν
1393 5697 1602 5767 συνέχει
1634 5693 1801 5761 κακὰ,

233 5803 405 5874 καθώς
424 5825 579 5880 φησι.
603 5807 913 5880 Παρακαλῶ
934 5807 1111 5864 τοίνυν
1144 5805 1218 5878 μὴ
1244 5803 1416 5868 ἄλλως
1456 5796 1794 5892 ποιήσῃςστοῦ

1895 4237 1955 4273 σε
1979 4219 2138 4271 λυπεῖ
2162 4217 2268 4270 τῶν
2305 4214 2536 4270 ἐνταῦθα
2561 4231 2576 4281 ;
2607 4215 2716 4266 Kal
2749 4213 2800 4266 τί
2826 4213 2925 4284 τῆς
2955 4211 3237 4283 διατριϐῆς
3263 4211 3361 4281 τῆς
3383 4212 3470 4263 ἐν-

1895 4325 2069 4380 ταῦθα
2095 4324 2275 4394 ἥδιον;
2321 4321 2573 4392 Ἡσυχία,
2602 4319 2832 4391 γαλήνη,
2855 4317 3249 4390 ἀπραγμοσύνη
3279 4316 3468 4386 πολλὴ,

1899 4429 2148 4500 σώματος
2175 4426 2465 4500 εὐρωστία.
2493 4426 2556 4478 Εἰ
2583 4425 2693 4494 γὰρ
2723 4425 2862 4496 μήτε
2890 4425 3114 4495 ἀγοράν,
3145 4424 3282 4493 μήτε
3314 4420 3470 4475 ὢνιον

1898 4534 2009 4605 ἔχει
2037 4535 2071 4604 ὴ
2099 4532 2273 4596 πόλις,
2300 4530 2450 4582 οὐδὲν
2487 4528 2644 4581 τοῦτο
2683 4528 2817 4598 πρὸς
2846 4526 2966 4596 ἐμέ.
3003 4525 3188 4578 Πάντα
3231 4525 3339 4596 γάρ
3381 4540 3469 4594 μοι

1899 4637 2149 4706 καθάπερ
2179 4636 2244 4687 ἐκ
2278 4632 2468 4703 πηγῶν
2505 4632 2740 4702 ἐπιρρεῖ.
2776 4631 2884 4682 Kal
2915 4629 3022 4699 γὰρ
3043 4627 3133 4681 καὶ
3168 4627 3258 4680 τὸν
3285 4625 3473 4697 κύριόν

1903 4760 2004 4814 μου
2042 4740 2132 4794 τὸν
2158 4739 2460 4793 ἐπίσκοπον
2485 4737 2574 4790 τὸν
2608 4735 2863 4800 ἐνταῦθα,
2901 4735 2994 4787 καὶ
3027 4733 3120 4787 τὸν
3155 4733 3343 4804 κύριόν
3372 4750 3472 4802 μου

1899 4848 2189 4917 Διόσκορον
2222 4845 2350 4916 ἔχω,
2391 4843 2550 4915 ἔργον
2570 4842 2729 4895 τοῦτο
2757 4839 3112 4911 ποιουμένους
3138 4839 3308 4892 διόλου
3327 4880 3341 4906 ,
3376 4839 3475 4907 τὴν

1901 4951 2177 5025 ἡμετέραν
2197 4949 2524 5005 ἀνάπαυσιν.
2567 4947 2713 5018 Ἐρεῖ
2747 4945 2805 4998 δέ
2851 4961 2932 4998 σοι
2971 4945 3064 4998 καὶ
3097 4946 3125 4996 ὀ
3159 4943 3320 5008 καλὸς
3363 4945 3477 4996 Πα-

1901 5060 2131 5131 τρίκιος,
2166 5058 2311 5120 ὅπως
2335 5055 2590 5126 διάγομεν
2623 5055 2679 5106 ἐν
2709 5052 2962 5124 εὐθυμία,
2995 5053 3052 5106 ἐν
3075 5051 3402 5123 εὐφροσύνῃ,
3421 5051 3478 5104 ἐν

1905 5163 2173 5237 θεραπείᾳ
2203 5161 2392 5232 πολλῇ,
2414 5160 2475 5214 τό
2500 5177 2565 5228 γε
2591 5161 2669 5222 είς
2697 5158 2796 5229 τὴν
2828 5157 3108 5228 διατριϐὴν
3130 5156 3228 5226 τὴν
3249 5154 3480 5208 ἐνταῦθα

1904 5267 2059 5343 ἧκον.
2092 5271 2156 5324 Et
2189 5268 2246 5321 δὲ
2267 5267 2334 5320 τὰ
2358 5267 2414 5319 ὲν
2445 5262 2750 5334 Καισαρείᾳ
2789 5263 3040 5334 θρηνεῖς,
3072 5260 3165 5314 καὶ
3193 5259 3350 5312 τοῦτο
3389 5258 3484 5311 ἀν-

1907 5375 2074 5442 ἀξίως
2105 5390 2198 5426 σου
2231 5374 2422 5433 ποιεῖς.
2451 5369 2561 5421 Kal
2586 5369 2693 5439 γὰρ
2721 5369 2839 5420 ἐκεῖ
2863 5364 3105 5437 λαμπροὶ
3131 5363 3292 5416 πάλιν
3321 5359 3485 5415 ἐπλάο

1908 5497 2084 5552 κησαν
2114 5479 2244 5549 ήμῖν
2266 5479 2314 5530 oi
2343 5476 2617 5546 στέφανοι,
2650 5473 2726 5538 ώς
2749 5473 2957 5534 πάντας
2997 5471 3144 5542 ἡμᾶς
3175 5466 3485 5539 ἀνακηρύτ-

1907 5604 2042 5652 τειν,
2068 5583 2440 5655 ἀναγορεύειν,
2466 5580 2788 5652 θαυμάζειν,
2819 5576 3251 5648 ἐκπλήττεσθαι,
3283 5573 3369 5642 ἐφ’
3404 5565 3485 5638 οἷς

1911 5689 2096 5754 κακῶς
2140 5689 2402 5752 παθόντες
2455 5686 2844 5758 ἐξεϐλήθημεν.
2887 5682 3046 5736 Ἀλλά
3091 5679 3264 5733 ταῦτα
3300 5675 3486 5749 μηδεὶς

1911 5795 2046 5862 τέως
2070 5795 2276 5865 εἰδέτω,
2303 5795 2352 5849 εἰ
2379 5795 2473 5850 καὶ
2506 5790 2690 5848 πολλοὶ
2711 5788 2850 5847 αὐτὰ
2876 5784 3306 5857 διαθρυλλούσιν,
3334 5781 3486 5854 Ἐδή-
