3906 6388
448 375 555 432 613

448 483 590 540 λωσε
611 487 718 557 γάρ
746 504 836 557 μοι
864 489 895 542 6
917 487 1104 560 κύριός
1130 505 1232 559 μου
1249 490 1627 555 Παιάνιος,δτι
1643 491 1693 543 οί
1726 490 2027 561 πρεσϐύτε-

452 600 536 656 ροι
562 585 727 640 αὐτοῦ
758 586 851 641 τοῦ
878 589 1177 661 Φαρετρίου
1210 591 1467 662 πάρεισιν
1490 589 1704 656 αὐτόθι,
1734 592 1787 646 ο¹ί
1817 590 2027 661 ἔφησαν

452 686 582 755 ήμῖν
632 691 931 753 κοινωνεῖν,
982 690 1076 742 καὶ
1110 690 1277 762 μηδὲν
1324 690 1505 746 κοινὸν
1555 690 1705 762 ἔχειν
1738 692 1875 764 πρὸς
1899 693 2026 757 τοὺς

446 785 744 855 ἐναντίους,
785 789 919 860 μηδὲ
957 791 1310 860 συγγίνεσθαι
1354 793 1568 857 αὐτοῖς,
1595 793 1732 866 μηδὲ
1764 795 2028 868 κοινωνῆ-

449 902 558 939 σαι.
584 886 682 940 'Iv’
702 882 795 943 οὖν
830 890 904 960 μὴ
931 890 1346 965 διαταράξωμεν
1374 895 1594 960 αὐτοὺς,
1631 894 1822 966 μηδεὶς
1853 894 2028 951 ταῦτα

376 1040 383 1065 ἱ
448 984 666 1040 είδέτω·
722 989 818 1042 καὶ
869 989 978 1062 γὰρ
1030 992 1236 1064 σφόδρα
1267 992 1482 1064 χαλεπά
1523 994 1593 1049 τά
1623 994 1911 1066 συμϐάντα
1947 997 2027 1060 είς
2088 992 2107 1009 ⁵

375 1078 379 1121 ἶ
446 1087 614 1157 ήμᾶς.
646 1088 756 1142 Καὶ
786 1092 835 1143 εί
871 1091 1036 1161 μηδὲν
1064 1091 1193 1146 ἀλλο
1217 1092 1536 1149 ἐπεπόνθειν
1559 1094 1752 1160 δεινὸν,
1776 1096 1937 1167 ήρκει
1956 1094 2029 1148 τὰ

445 1186 624 1239 ἐκεῖσε
677 1188 947 1259 γενόμενα
1002 1192 1175 1264 μυρία
1226 1209 1317 1263 μοι
1368 1193 1702 1267 προᾷνῆσαι
1749 1193 1981 1266 βραδεῖα
2005 1210 2021 1225 ⁸

443 1288 617 1352 οὕτως
635 1292 765 1362 περὶ
781 1291 891 1347 τῶν
917 1294 1160 1363 ἐσχάτων
1192 1298 1326 1367 ήμῖν
1353 1298 1383 1350 6
1405 1298 1649 1363 κίνδυνος
1672 1299 1883 1369 γέγονε.
1917 1299 2028 1353 Πα-

447 1390 670 1459 ρακαλῶ
698 1391 780 1456 δέ,
807 1392 1095 1465 ἀπόρρητα
1131 1395 1274 1452 ἔστω
1306 1400 1458 1470 παρὰ
1484 1400 1590 1468 σοὶ,
1620 1400 1715 1454 καὶ
1743 1402 1801 1454 ἐν
1830 1398 2026 1473 βραχεῖ

446 1507 531 1543 σοι
566 1491 706 1545 αὐτά
733 1492 1087 1565 διηγήσομαι,
1117 1496 1215 1568 οὐχ
1241 1498 1328 1552 ἵνα
1353 1498 1605 1571 λυπήσω,
1651 1500 1768 1554 ἀλλ’
1824 1499 1911 1554 ἴνα
1936 1500 2027 1553 εὐ-

446 1594 661 1664 φρανῶ.
699 1590 866 1650 Αὖται
895 1596 1004 1667 γάρ
1054 1615 1155 1669 μου
1187 1602 1288 1670 τῆς
1324 1601 1595 1672 ἐμπορίας
1623 1603 1680 1653 αί
1715 1602 2022 1680 ὐποθέσεις,

444 1687 601 1755 οὗτός
634 1711 734 1764 μου
764 1697 793 1748 6
826 1695 1072 1762 πλοῦτος,
1105 1697 1241 1769 αῦτη
1266 1699 1373 1753 τῶν
1402 1700 1816 1772 ἁμαρτημάτων
1857 1719 1958 1771 μου
1982 1704 2016 1774 ή

444 1794 677 1866 δαπάνη,
709 1795 769 1848 τὸ
807 1794 1045 1867 συνεχῶς
1068 1795 1154 1851 διὰ
1174 1797 1429 1853 τοιούτων
1454 1800 1658 1855 ὁδεύειν
1674 1803 2023 1875 πειρασμῶν,

445 1896 538 1949 καὶ
560 1896 859 1964 ἐπάγεσθαι
889 1915 978 1968 μοι
1006 1898 1230 1959 τούτους
1249 1937 1265 1963 ,
1299 1901 1433 1972 παρ’
1467 1895 1543 1955 ὧν
1571 1900 1822 1973 οὐδαμῶς
1850 1920 2026 1975 προσ-

442 1997 695 2065 εδόκησα.
735 1999 953 2070 Ἐπειδὴ
978 1999 1086 2071 γὰρ
1101 2001 1401 2073 ἐμέλλομεν
1421 2003 1724 2059 ἐπιϐαίνειν
1745 2005 1843 2075 τῆς
1865 2007 2023 2059 Καπ-

442 2098 693 2152 παδοκῶν
719 2098 923 2170 χώρας,
947 2100 1353 2171 ἀπαλλαγέντες
1368 2102 1461 2157 τοῦ
1480 2104 1744 2171 Γαλάτου,
1768 2106 2023 2161 κάκείνου

439 2199 496 2252 δὲ
530 2200 714 2270 σχεδὸν
745 2200 973 2255 θάνατον
998 2204 1131 2273 ἡμῖν
1168 2202 1570 2275 ἀπειλήσαντος
1592 2245 1609 2270 ,
1649 2205 1836 2259 πολλοὶ
1879 2206 2024 2260 κατά

439 2298 538 2369 τὴν
559 2298 676 2351 ὁδὸν
706 2300 834 2369 ἡμῖν
860 2300 1138 2372 ἀπήντων,
1170 2300 1445 2369 λέγοντες,
1474 2303 1557 2355 ὅτι
1598 2304 1656 2356 '0
1690 2303 1883 2377 κύριος
1909 2306 2022 2359 Φα-

444 2399 656 2469 ρέτριος
685 2400 942 2470 ἀναμένει
978 2418 1061 2464 σε,
1092 2401 1187 2455 καὶ
1220 2401 1494 2472 πανταχοῦ
1527 2403 1908 2476 περιέρχεται,
1947 2407 2022 2478 μὴ

441 2498 686 2569 ἀποτύχῃ
720 2500 820 2569 τῆς
869 2500 1158 2570 συντυχίας
1188 2517 1307 2564 σου,
1370 2502 1464 2553 καὶ
1515 2501 1695 2556 πάντα
1742 2506 1886 2556 ποιεῖ
1932 2506 2025 2559 καὶ

442 2597 911 2668 πραγματεύεται,
939 2598 1079 2653 ὥστε
1122 2617 1182 2653 σε
1233 2602 1381 2667 ἰδεῖν,
1415 2601 1511 2655 καὶ⁹
1554 2601 2019 2674 περιπτύξασθαι,

442 2699 535 2750 καὶ
568 2702 747 2752 πᾶσαν
777 2698 1147 2763 ἐπιδείξασθαι
1174 2700 1424 2771 ἀγάπηνο
1464 2703 1557 2755 καὶ
1589 2701 1658 2755 τά
1684 2705 2024 2776 μοναστήρια

439 2795 761 2866 ἀνδρῶνκαὶ
790 2798 1066 2866 γυναικῶν
1122 2800 1393 2869 ἐκίνησεν.
1459 2801 1600 2871 Ἐγὼ
1646 2801 1705 2856 δὲ
1756 2803 2024 2887 ταῦταιά-

342 2946 357 2961 δ
439 2892 636 2960 κούων,
685 2897 889 2950 τούτων
915 2899 1013 2968 μὲν
1038 2899 1188 2952 οὐδὲν
1213 2901 1575 2972 προσεδόκων,
1600 2902 1736 2958 ἀλλά
1763 2906 2025 2960 τάναντία

436 2997 735 3051 ἀνετύπουν
775 2998 905 3071 παρ’
924 2998 1144 3072 ἐμαυτῷ
1164 3018 1177 3031 ο
1199 3001 1307 3054 τῶν
1334 3003 1518 3073 μέντοι
1538 3001 1714 3059 ταῦτα
1736 3006 2021 3078 ἀπαγγελ-

441 3096 643 3152 λόντων
680 3098 856 3151 οὐδενὶ
882 3098 1089 3152 τούτων
1114 3100 1265 3154 οὐδὲν
1297 3100 1503 3171 ἔλεγον.

511 3195 579 3264 β’.
600 3194 823 3266 Ἐπειδὴ
839 3196 893 3247 δὲ
915 3196 1121 3267 ἐπέϐην
1135 3196 1233 3266 ὀψέ
1254 3215 1384 3251 ποτε
1398 3198 1498 3271 τῆς
1513 3202 1873 3273 Καισαρείας,
1891 3220 2021 3257 κατ-

438 3295 819 3366 ειργασμένος,
849 3298 1324 3368 τεταριχευμένος,
1357 3300 1415 3353 ἐν
1434 3299 1571 3371 αὐτῇ
1602 3300 1701 3372 τῆς
1728 3301 1929 3372 φλογὸς
1951 3307 2018 3377 τῇ

435 3397 588 3467 ἀκμῇ
611 3394 706 3449 τοῦ
730 3395 965 3468 πυρετοῦ
989 3396 1263 3469 κείμενος,
1295 3396 1495 3465 ἀλύων,
1533 3399 1604 3455 τὰ
1631 3400 1836 3473 ἔσχατα
1862 3401 2017 3477 [596]

436 3499 681 3569 πάσχων,
712 3498 976 3569 ἐπέτυχον
996 3500 1343 3569 καταγωγίου
1369 3502 1507 3574 πρὸς
1531 3502 1787 3577 αὐτῇζτῆς
1808 3505 2019 3571 πόλεως

432 3603 501 3670 τῇ
533 3600 761 3671 ἐσχατιᾷ
809 3601 1088 3671 κειμένου,
1123 3602 1221 3656 καὶ
1259 3602 1495 3675 σπουδὴν
1531 3605 1836 3679 ἐποιούμην
1872 3607 2017 3664 ὥστε

433 3696 529 3753 καὶ
547 3701 752 3772 ἰατροῖς
767 3704 1069 3771 συντυχεῖν,
1087 3703 1185 3756 καὶ
1201 3702 1300 3774 τὴν
1317 3704 1548 3776 κάμινον
1562 3706 1781 3779 ἐκείνην
1802 3708 2013 3765 σϐέσαι⁹

432 3794 503 3871 ἦν
529 3798 638 3870 γάρ
659 3798 852 3871 αὐτὴή
886 3799 1040 3872 ἀκμή
1085 3799 1182 3854 τοῦ
1209 3800 1477 3874 τριταίου.
1522 3805 1634 3858 Kal
1670 3805 1884 3877 προσῆν
1917 3809 2016 3863 καὶ

432 3902 467 3970 ή
491 3901 590 3971 τῆς
622 3900 742 3954 ὁδοῦ
775 3900 1122 3972 ταλαιπωρία
1145 3943 1161 3968 ,
1203 3903 1234 3955 6
1272 3904 1541 3974 κάματος,
1574 3906 1609 3975 ή
1662 3907 1946 3979 συντριϐὴ,
1978 3910 2013 3981 ή

429 3997 539 4053 τῶν
578 3998 1028 4070 θεραπευσόντων
1065 4001 1312 4073 ἐρημία,
1358 4004 1395 4074 ή
1419 4002 1532 4058 τῶν
1566 4004 1889 4077 ἐπιτηδείων
1947 4008 2014 4063 ἀ·-

431 4098 619 4171 πορία,
663 4099 723 4152 τὸ
749 4100 955 4171 μηδένα
998 4103 1255 4174 παρεῖναι
1284 4106 1416 4176 ήμῖν
1448 4104 1655 4177 ἰατρὸν,
1690 4105 1753 4161 τὸ
1779 4108 2011 4181 καμάτῳ

429 4192 526 4245 καὶ
553 4190 746 4245 θάλπει
774 4194 869 4247 καὶ
895 4195 1228 4264 ἀγρυπνίαις
1266 4200 1663 4271 καταταθῖψαι,
1699 4204 1795 4258 καὶ
1823 4205 2011 4275 σχεδὸν

428 4289 592 4354 αὐτὸς
622 4291 814 4360 νεκρὸς
843 4303 871 4333 ι
900 4291 1000 4360 ὢν,
1035 4294 1282 4366 εἰσῆλθον
1319 4298 1401 4361 είς
1428 4297 1530 4368 τὴν
1553 4299 1729 4355 πόλιν.
1777 4302 1912 4357 Τότε
1944 4304 2011 4377 δὴ

427 4391 794 4464 παρεγένοντο
811 4395 840 4447 6
866 4394 1068 4467 κλῆρος
1096 4396 1267 4463 ἆπας,
1303 4399 1333 4450 6
1355 4399 1527 4470 δῆμος
1554 4400 1584 4440 ι’
1611 4440 1629 4467 ,
1659 4402 2006 4472 μονάζοντες,

429 4496 753 4570 μονάστριαι
778 4536 795 4563 ,
849 4498 1060 4572 ἰατροὶ,
1119 4500 1322 4572 πολλῆς
1362 4502 1643 4576 ἀπήλαυον
1688 4505 2006 4579 θεραπείας,

422 4600 646 4657 πάντων
674 4601 856 4657 πάντα
877 4603 1010 4675 ήμῖν
1034 4603 1491 4677 διακονουμένων,
1523 4609 2004 4684 ὑπηρετουμένων.

437 4706 598 4759 ’Λλλά
626 4707 722 4761 καὶ
766 4706 941 4772 οὕτως
981 4708 1163 4778 πολλῷ
1202 4708 1281 4780 τῷ
1315 4711 1471 4783 κάρῳ
1508 4713 1610 4785 τῆς
1651 4714 1848 4786 φλογὸς
1882 4735 2012 4773 κατ-

424 4810 703 4881 εχόμενος,
731 4813 790 4865 ἐν
818 4812 1066 4883 ἐσχάτοις
1091 4814 1240 4886 ήμην
1260 4814 1454 4880 δεινοῖς
1477 4828 1525 4871 ο.
1554 4819 1720 4885 Τέλος
1743 4824 1886 4878 κατὰ
1914 4842 2005 4897 μι-

423 4919 556 4990 κρὸν
579 4917 739 4989 έληγε
773 4919 868 4972 καὶ
914 4918 1098 4989 ἐλώφα
1138 4920 1199 4974 τὸ
1227 4921 1461 4993 νόσημα.
1522 4922 1580 4976 Ὁ
1608 4924 1666 4978 δέ
1708 4927 2005 5001 Φαρέτριος

422 5022 662 5094 οὐδαμοῦ
678 5040 691 5054 ’
717 5024 833 5078 ἀλλ’
856 5025 1117 5096 ἀνέμενεν
1136 5028 1169 5098 ή
1178 5027 1297 5098 μῶν
1318 5028 1417 5099 τὴν
1447 5026 1645 5097 ἔξοδον,
1679 5031 1781 5086 οὐκ
1806 5029 1926 5090 οἶδα
1948 5036 2003 5091 τί

420 5127 580 5193 δόξαν
605 5127 776 5200 αὐτῷ.
821 5130 1038 5202 Ἐπειδὴ
1070 5131 1250 5187 τοίνυν
1282 5127 1423 5186 εἶδον
1444 5131 1632 5203 ήρέμα
1653 5134 1911 5206 λωφῆσαν
1941 5139 2004 5193 τὸ

422 5235 612 5299 κακὸν,
659 5233 1025 5308 ἐϐουλευόμην
1070 5236 1257 5292 λοιπὸν
1307 5240 1437 5311 περὶ
1484 5238 1816 5313 ἀποδημίας,
1853 5243 1995 5298 ὥστε

423 5338 779 5396 ἐπιλαϐέσθαι
811 5341 910 5413 τῆς
940 5341 1276 5424 Κομκουσοῦ,
1307 5344 1404 5398 καὶ
1446 5346 1642 5417 μικρὸν
1674 5348 1999 5402 ἀναπαύσα-

1143 373 1202 431 S.
1240 373 1526 431 JOANNIS
1562 370 2059 431 CIIRYSOSTOIII
2092 370 2412 434 ARCHIEP.
2449 377 3004 436 CONSTANTINOP.

3605 372 3712 431 6H

2125 488 2316 559 ὅντων,
2331 494 2767 564 ἀπαγγέλλονται
2787 494 2987 566 ἀθρόον
3000 491 3234 564 Ἰσαῦροι
3251 491 3456 563 πλῆθος
3476 492 3713 564 ἄπειρον

2126 596 2552 669 κατατρέχοντες
2578 599 2679 671 τήν
2706 598 3032 669 Καισαρέων
3053 596 3261 669 χώραν,
3289 597 3384 650 καί
3418 614 3545 652 τινα
3583 597 3700 652 κὼ-

2129 717 2237 771 μην
2256 702 2500 774 μεγάλην
2522 703 2929 775 ἐμπρήσαντες,
2952 702 3049 757 καὶ
3073 701 3145 756 τὰ
3169 701 3376 774 ἔσχατα
3401 700 3708 766 διαθέντες.

2126 809 2296 864 Τοῦτο
2325 810 2567 874 ἀκούσας
2595 810 2627 863 6
2649 808 2954 881 τριϐοῦνος,
2979 806 3160 863 λαϐὼν
3193 810 3320 872 τοὺς
3366 804 3714 879 στρατιώτας

2125 916 2219 982 οὓς
2251 909 2419 988 εἶχεν,
2480 915 2723 987 ἐξῆλθεν.
2776 916 3169 971 Ἐδεδοίκεισαν
3212 913 3323 986 γὰρ
3369 913 3448 984 μή
3498 912 3601 966 καὶ
3642 912 3714 983 τῇ

2128 1022 2281 1077 πόλει
2318 1021 2688 1094 προσϐάλωσι,
2724 1022 2821 1078 καὶ
2842 1022 3045 1087 πάντες
3064 1017 3205 1095 ἦσαν
3230 1020 3291 1075 ἐν
3312 1019 3487 1090 φόϐῳ,
3502 1018 3713 1083 πάντες

2125 1132 2185 1187 ἐν
2214 1131 2458 1205 ἀγωνίᾳ,
2521 1133 2650 1205 περὶ
2686 1131 2854 1188 αὐτοῦ
2896 1132 2993 1188 τοῦ
3019 1132 3249 1204 ἐδάφους
3289 1132 3393 1205 τῆς
3442 1134 3713 1205 πατρίδος

2128 1240 2551 1309 κινδυνεύοντες,
2592 1240 2669 1306 ὡς
2704 1241 2800 1295 καὶ
2825 1240 3026 1304 αὐτοὺς
3069 1242 3198 1306 τοὺς
3238 1238 3562 1312 πρεσϐύτας
3614 1237 3716 1310 τήν

2129 1347 2378 1421 φυλακὴν
2394 1347 2501 1402 τῶν
2522 1347 2717 1419 τειχῶν
2736 1344 3233 1421 μεταχειρίζεσθαι.
3254 1344 3347 1398 Ἐν
3363 1343 3581 1407 τούτοις
3605 1342 3717 1395 τῶν

2130 1453 2473 1526 πραγμάτων
2503 1452 2907 1525 ϐντων,άθρόον
2920 1452 3026 1505 ὐπὸ
3046 1451 3147 1523 τὴν
3194 1450 3271 1504 ἐω
3315 1446 3590 1521 δροῦγγος
3615 1464 3713 1520 μο-

2126 1557 2397 1623 ναζόντων
2445 1556 2621 1630 (οὕτω
2660 1557 2770 1630 γὰρ
2824 1556 2907 1610 δεῖ
2936 1557 3151 1620 εἰπεῖν,
3181 1554 3278 1609 xal
3312 1554 3382 1625 τῇ
3432 1551 3584 1616 λέξει
3615 1549 3714 1621 τὴν

2130 1664 2326 1736 μανίαν
2358 1662 2537 1718 αὐτῶν
2564 1661 2925 1732 ἐνδείξασθαι)
2960 1661 3269 1731 ἐπέστησαν
3296 1661 3364 1730 τῇ
3396 1659 3552 1729 οἰκίᾳ⁸
3580 1656 3712 1709 ἔνθα

2124 1762 2300 1838 ἦμεν,
2352 1765 2702 1830 ἀπειλοῦντες
2748 1764 2920 1837 αὐτὴν
2970 1764 3185 1829 καίειν,
3234 1761 3607 1832 ἐμπιμπρᾷν,
3646 1759 3710 1812 τά

2123 1870 2327 1943 ἔσχατα
2350 1874 2500 1944 ήμᾶς
2527 1871 2846 1936 διατιθέναι,
2878 1871 2928 1924 εί
2958 1868 3038 1940 μὴ
3063 1866 3393 1936 ἐξέλθοιμεν.
3442 1864 3559 1917 Kal
3585 1862 3707 1916 οὔτε

2122 1979 2152 2031 6
2180 1976 2290 2031 τῶν
2317 1978 2578 2050 Ἰσαύρων
2610 1978 2808 2041 αὐτοὺς
2832 1976 3017 2047 φόϐος,
3044 1973 3171 2029 οὔτε
3199 1975 3235 2045 ή
3259 1971 3549 2044 ἀρρωστία
3565 1970 3705 2024 οὕτω

2125 2080 2372 2152 σφοδρῶς
2396 2080 2744 2153 ἐπικειμένη,
2774 2078 2899 2134 οὔτε
2922 2078 3050 2133 ἀλλο
3075 2077 3227 2132 οὐδὲν
3252 2074 3514 2145 ἐποίησεν
3544 2074 3710 2126 ἐπιει-

2125 2185 2417 2256 κεστέρους
2470 2184 2690 2253 αὐτοὺς,
2741 2184 2858 2239 ἀλλ’
2891 2182 3174 2237 ἐπέκειντο
3224 2179 3484 2232 τοσούτου
3531 2176 3706 2248 θυμοῦ

2125 2289 2398 2358 πνέοντες,
2416 2289 2491 2355 ὡς
2508 2290 2604 2344 καὶ
2630 2291 2828 2354 αὐτοὺς
2856 2288 3161 2361 φοϐηθῆναι
3188 2286 3314 2350 τοὺς
3341 2282 3698 2356 ἐπαρχικούς.

2124 2397 2235 2452 Καὶ
2262 2396 2370 2471 γὰρ
2399 2396 2496 2451 καὶ
2522 2397 2706 2460 αὐτοῖς
2731 2394 2990 2466 ἠπείλουν
3010 2391 3245 2464 πληγὰς,
3273 2390 3367 2444 καὶ
3398 2386 3704 2442 tum.an

2123 2504 2279 2569 ζοντο
2328 2503 2405 2566 ὡς
2451 2502 2547 2557 καὶ
2596 2501 2698 2573 ήδη
2745 2500 2972 2564 πολλοὺς
3029 2497 3271 2570 αίσχρῶς
3321 2496 3704 2566 τυπτήσαντες

2122 2608 2473 2683 ἐπαρχικούς.
2512 2606 2702 2663 Ταῦτα
2744 2607 2797 2660 οί
2838 2604 3131 2677 ἐπαρχικοὶ
3170 2602 3528 2665 ἀκούσαντες,
3572 2618 3703 2654 κατ-

2123 2715 2324 2784 έφυγον
2343 2716 2424 2778 είς
2451 2714 2619 2785 ἡμᾶς,
2638 2708 2984 2782 παρεκάλουν
3006 2724 3067 2761 τε
3091 2706 3188 2761 καὶ
3211 2705 3443 2769 ἐδέοντο,
3470 2704 3557 2757 ὅτι
3578 2702 3701 2758 Κᾶν

2123 2823 2204 2886 είς
2241 2818 2516 2892 Ἱσαύρους
2548 2818 2830 2890 μέλλωμεν
2864 2815 3183 2888 ἐμπίπτειν,
3212 2810 3529 2883 ἀπάλλαξον
3561 2810 3704 2880 ἡμᾶς

2120 2925 2230 2981 τῶν
2254 2924 2461 2998 θηρίων
2481 2923 2708 2980 τούτων.
2744 2921 3009 2984 ’Δκούσας
3036 2922 3067 2974 6
3103 2916 3326 2989 ἡγεμὼν
3355 2914 3703 2986 κατέδραμεν

2120 3033 2219 3088 ἐπὶ
2244 3032 2344 3104 τὴν
2362 3029 2560 3096 οἰκίαν,
2591 3027 2909 3100 βουλόμενος
2930 3026 3063 3096 ἡμῖν
3080 3021 3364 3094 βοηθῆσαι.
3402 3017 3542 3072 Οὐδὲ
3564 3015 3702 3069 ἐκεί-

2120 3156 2213 3195 νου
2245 3134 2687 3209 παρακαλοῦντος
2733 3133 3022 3205 ἠνέσχοντο
3075 3130 3125 3183 οί
3167 3124 3495 3199 μονάζοντες
3516 3161 3533 3188 ,
3568 3118 3702 3175 ἀλλά

2120 3246 2215 3300 καὶ
2242 3243 2404 3306 αὐτὸς
2430 3239 2751 3313 ἠσθένησεν.
2786 3235 2963 3309 Ὁρῶν
2997 3234 3177 3289 τοίνυν
3211 3230 3282 3287 τὰ
3314 3230 3624 3303 πράγματα
3645 3228 3699 3279 ἐν

2120 3349 2326 3423 ἀπορίᾳ
2359 3346 2551 3419 πολλῇ,
2580 3344 2675 3400 καὶ
2705 3341 2830 3397 οὔτε
2856 3338 3073 3413 τολμῶν
3108 3339 3242 3410 ἡμῖν
3295 3331 3699 3407 συμϐουλεῦσαι

2119 3457 2200 3521 είς
2225 3456 2383 3527 φόνον
2409 3450 2643 3524 φανερὸν
2671 3447 2928 3515 ἐξελθεῖν,
2969 3443 3097 3500 οὔτε
3120 3444 3283 3499 πάλιν
3310 3440 3459 3495 ἔνδον
3493 3440 3695 3510 μένειν,

2118 3559 2208 3615 διά
2230 3560 2329 3632 τὴν
2358 3555 2626 3628 τοσαύτην
2676 3553 2902 3611 ἐκείνων
2948 3551 3170 3624 μανίαν,
3201 3549 3413 3621 έπεμψε
3443 3548 3585 3619 πρὸς
3610 3547 3697 3600 τὸν

2120 3661 2274 3737 [597]
2288 3661 2602 3735 Φαρέτριον,
2621 3655 2956 3729 παρακαλῶν
2977 3653 3173 3724 ὀλίγων
3188 3652 3431 3709 ἐνδοῦναι
3450 3653 3485 3722 ή
3492 3651 3693 3723 μερῶν,

2115 3768 2206 3824 διά
2227 3784 2288 3821 τε
2306 3767 2405 3837 τὴν
2424 3761 2755 3837 ἀρρωστίαν,
2769 3759 2858 3815 διά
2873 3776 2934 3813 τε
2950 3756 3041 3813 τὸν
3056 3756 3404 3829 ἐπικείμενον
3428 3754 3691 3809 κίνδυνον.

2117 3868 2229 3924 Καὶ
2252 3868 2373 3923 οὐδέ
2400 3862 2574 3930 οὓτως
2608 3863 2826 3935 ἐγένετό
2851 3878 2907 3915 τι
2949 3860 3116 3915 πλέον
3137 3899 3155 3926 ,
3184 3859 3319 3915 ἀλλά
3342 3859 3437 3912 καὶ
3465 3860 3536 3930 τῇ
3568 3857 3691 3929 ἑξῆς

2117 3974 2462 4047 σφοδρότεροι
2486 3968 2870 4043 παρεγένοντο,
2909 3966 3006 4022 καὶ
3024 3965 3137 4021 τῶν
3176 3962 3568 4037 πρεσϐυτέρων
3597 3963 3687 4016 οὐ-

2112 4081 2226 4147 δεὶς
2278 4077 2485 4149 ἐτόλμα
2520 4075 2867 4146 παραστῆναι
2897 4073 2991 4127 καὶ
3018 4070 3303 4143 βοηθῆσαι,
3349 4067 3466 4124 ἀλλ’
3494 4071 3688 4139 αίσχυ-

2113 4186 2330 4257 νόμενοι
2366 4183 2463 4237 καὶ⁹
2517 4177 2883 4253 ἐρυθριῶντες
2913 4175 3093 4248 (κατά
3120 4174 3230 4245 γὰρ
3255 4171 3486 4244 γνώμην
3514 4173 3689 4243 Φαρε-

2111 4290 2261 4363 τρίου
2283 4287 2469 4357 ελεγον
2490 4281 2667 4340 ταῦτα
2690 4281 2971 4354 γίνεσθαι)
2995 4278 3350 4352 ἐκρύπτοντο,
3376 4276 3688 4342 ἐλάνθανον,

2111 4393 2434 4467 καλούμενοι
2466 4389 2598 4463 παρ’
2633 4389 2794 4463 ἡμῶν
2841 4387 2943 4459 οὐχ
2973 4385 3270 4457 ὑπήκουον.
3306 4383 3375 4437 Τί
3402 4382 3486 4437 δεῖ
3517 4382 3686 4437 πολλά

2108 4499 2290 4570 λέγειν
2314 4516 2330 4565 ;
2357 4495 2468 4552 Kal
2499 4495 2679 4565 φόϐων
2693 4492 2965 4548 τοσούτων
2989 4489 3375 4562 ἐπικειμένων,
3399 4487 3495 4544 καὶ
3523 4487 3684 4542 θανά-

2109 4620 2204 4657 του
2246 4600 2433 4674 σχεδὸν
2459 4598 2655 4671 δήλου,
2712 4598 2807 4651 καὶ
2839 4594 2935 4651 τοῦ
2961 4593 3198 4669 πυρετοῦ
3238 4610 3307 4667 με
3353 4592 3686 4665 κατεργαζο-

2112 4710 2274 4784 μένου
2309 4708 2453 4772 (οὐδέ
2476 4705 2585 4778 γὰρ
2610 4705 2744 4777 ήμῖν
2777 4701 3070 4773 ἀπαλλαγὴ
3098 4700 3310 4756 οὐδέπω
3326 4697 3355 4739 ά
3370 4699 3482 4753 τῶν
3498 4698 3682 4753 κακῶν

2108 4814 2218 4868 τῶν
2234 4810 2525 4882 ἐντεῦθεν),
2558 4806 2904 4881 μεσημϐρίας
2934 4806 3106 4878 μέσης
3128 4803 3291 4879 ῥίψας
3313 4803 3505 4859 ἑαυτὸν
3528 4805 3609 4869 είς
3627 4804 3685 4858 τὸ

2107 4921 2398 4986 λεκτίκιον,
2419 4917 2696 4989 ἐξηγόμην
2718 4914 2949 4980 ἐκεῖθεν,
2978 4913 3073 4968 τοῦ
3117 4913 3293 4985 δήμου
3343 4912 3548 4977 παντὸς
3574 4931 3680 4966 κω⁴

2106 5027 2350 5090 κύοντος,
2373 5022 2733 5087 ὀλολύζοντος,
2758 5017 3116 5092 ἐπαρωμένου
3149 5016 3228 5090 τῷ
3259 5016 3433 5071 ταῦτα
3460 5035 3685 5089 πεποιη-

2106 5134 2244 5199 κότι,
2273 5127 2687 5202 ὀλοφυρομένων
2709 5125 2930 5180 πάντων
2956 5124 3054 5179 καὶ
3082 5124 3443 5196 θρηνούντων.
3464 5125 3680 5198 Ἐπειδὴ

2101 5238 2160 5293 δὲ
2186 5239 2286 5309 τῆς
2323 5235 2530 5299 πόλεως
2555 5231 2801 5303 ἐξῆλθον,
2821 5229 2915 5284 καὶ
2935 5228 3044 5282 τῶν
3065 5227 3165 5299 κλη
3175 5226 3341 5299 ρικῶν
3365 5242 3513 5292 τινες
3543 5226 3687 5292 ἐξελ-

2103 5342 2287 5404 θόντες
2334 5339 2542 5418 ἠρέμα,
2597 5337 2746 5409 ήμᾶς
2784 5333 3145 5405 προέπεμψαν
3179 5331 3515 5404 ὀδυρόμενοι.
3568 5333 3675 5387 Καί

423 5443 545 5500 σθαι
576 5444 687 5500 τῶν
716 5444 817 5517 τῆς
848 5444 971 5500 όδοῦ
1004 5444 1321 5516 συμφορῶν.
1352 5447 1464 5501 Kal
1508 5449 1567 5503 ἐν
1598 5449 1809 5515 τούτοις
1833 5450 1993 5522 ήμῶν
2098 5458 2261 5495 τινων
2286 5437 2554 5508 λεγόντων
2587 5435 2939 5501 ἀκούσαντες,
2962 5434 3075 5489 Ποῦ
3119 5433 3282 5488 αὐτὸν
3325 5435 3571 5505 ἀπάγετε
3599 5437 3675 5500 εἰς

480 5684 506 5750 ξ
532 5685 658 5750 :l‘j‘ep
678 5699 793 5735 mss.
820 5687 1117 5750 αὐτόνεκρος.

476 5738 509 5821 1:
534 5744 606 5821 :9
617 5747 766 5821 δῆμος
785 5750 928 5821 geest
954 5751 1002 5795 in
1015 5738 1219 5821 :qdohus
1243 5762 1380 5812 mss.,
1406 5762 1499 5801 nec
1523 5750 1647 5816 legit
1668 5754 1932 5821 Interpres.

483 5806 505 5833 ε
532 5805 643 5853 Duo
657 5818 769 5855 mss.
790 5809 915 5870 ἥμην
936 5807 1181 5865 κινδύνοις.
1366 5805 1378 5812 ’
1573 5805 1603 5816 ⁷
1775 5805 1815 5821 γ’
1852 5850 1857 5855 ,

2101 5544 2332 5616 φανερὸν
2355 5543 2585 5599 θάνατον
2605 5559 2621 5610 ;
2642 5542 2829 5611 ἐτερος
2842 5539 2997 5610 ἐλεγε
3020 5539 3158 5612 πρὸς
3176 5542 3324 5613 ἡμᾶς
3339 5541 3448 5596 τῶν
3474 5542 3675 5613 σφόδρα

2161 5756 2189 5796 οἱ
2214 5757 2331 5824 Mss,
2368 5771 2541 5824 omnes
2575 5759 2711 5824 οὐδέ
2722 5760 2812 5824 γὰρ
2846 5760 2969 5822 ἤμην
3007 5759 3299 5821 ἀπαλλαγεὶς
3340 5759 3547 5821 οὐδέπω,
3579 5762 3665 5809 etc.

2100 5819 2359 5871 Sententia
2376 5822 2554 5871 eodem
2580 5821 2768 5872 recidit.
