3906 6368
139 382 224 437 615
1617 364 1702 425 ΕΡ

1809 364 1996 427 OLE.
3281 372 3379 428 6η

136 493 195 548 eti
207 485 576 546 simus.\'erum
592 484 731 553 hmo,
746 496 948 555 quaeso,
963 495 1124 538 nemo
1143 480 1309 539 adhuc
1328 480 1480 543 sciat,
1496 477 1685 535 etiam-

136 585 175 641 si
197 581 335 639 multi
355 581 459 639 sint
477 581 563 650 qui
593 579 646 634 in
673 579 861 649 vulgus
888 585 1164 649 spargant.
1191 574 1518 646 Signiﬁcavit
1542 576 1687 631 enim

138 676 249 731 mihi
272 672 516 728 dominus
536 684 687 727 meus
710 668 977 736 Paaanius,
1004 667 1168 739 ipsius
1187 681 1401 738 quoque
1428 666 1689 723 Pharetrii

138 765 450 838 presbyteros
476 763 583 818 illic
608 762 798 818 adesse
814 803 832 829 ,
859 761 952 833 qui
976 758 1292 817 afﬁrmat-int
1329 774 1390 816 se
1413 758 1690 815 nobiscum

135 856 535 921 communicare,
576 868 677 910 nec
715 868 837 909 cum
870 846 1188 908 adversariis
1213 863 1497 906 commune
1537 849 1693 921 quid-

136 963 270 1018 quam
305 944 521 1013 habere,
546 959 646 1001 nec
681 958 804 1000 cum
832 943 935 1000 illis
961 942 1161 1000 versari
1189 948 1284 997 aut
1309 942 1693 998 commercium

137 1039 277 1094 ullum
322 1036 523 1092 iniisse.
564 1034 643 1093 Ne
682 1034 844 1107 igitur
875 1048 970 1091 eos
1006 1031 1421 1101 conturbemus,
1462 1046 1593 1091 cave
1622 1047 1691 1090 ne

137 1132 384 1202 quisquam
430 1129 547 1186 brec
588 1129 724 1187 sciat
767 1146 784 1185 :
827 1125 1092 1198 siquidem
1135 1140 1392 1197 perquam
1435 1125 1612 1196 gravia
1637 1133 1696 1181 et

137 1226 301 1281 acerba
326 1233 446 1281 sunt
471 1237 593 1294 qua:
621 1221 779 1278 nobis
802 1219 1133 1277 acciderunt.
1160 1220 1337 1290 Atque
1363 1218 1575 1275 etiamsi
1603 1217 1693 1273 ni-

141 1318 202 1372 hil
236 1316 368 1373 aliud
407 1315 669 1371 molestim
711 1321 872 1385 atque
893 1311 1199 1369 acerbitatis
1223 1310 1587 1393 pertulissem,
1628 1323 1693 1365 ea

140 1419 290 1464 tamen
317 1423 432 1479 qum
463 1407 575 1462 illic
596 1407 964 1478 contigerunt,
1002 1405 1070 1460 ad
1095 1404 1403 1461 innumeras
1428 1402 1558 1459 mihi
1581 1403 1695 1473 pal-

145 1518 238 1557 mas
269 1499 622 1557 conciliandas
651 1497 861 1555 abunde
887 1496 1194 1553 sufﬁcerent
1224 1514 1240 1547 :
1271 1510 1439 1567 usque
1475 1494 1612 1550 adeo
1637 1494 1692 1548 in

143 1597 241 1649 vitae
261 1609 465 1665 quoque
500 1592 788 1648 discrimen
815 1591 1080 1646 venimus.
1125 1588 1204 1645 Te
1236 1596 1415 1644 autem
1453 1601 1586 1655 oro,
1626 1602 1693 1642 ne

143 1686 243 1756 quid
265 1701 439 1741 eorum
460 1684 698 1754 evulges,
726 1697 791 1738 ac
810 1682 1045 1738 breviter
1067 1681 1163 1737 tibi
1187 1695 1253 1737 ea
1275 1694 1562 1750 exponam,
1584 1693 1693 1734 non

145 1789 189 1831 ut
214 1778 294 1832 tibi
337 1790 623 1831 umorem
666 1772 908 1840 aﬂ‘eram,
945 1772 1041 1829 sed
1086 1781 1145 1828 ut
1186 1771 1532 1842 voluptatem.
1560 1768 1694 1825 Nam

145 1869 210 1925 ba!
231 1869 346 1928 mihi
368 1877 490 1925 sunt
513 1876 754 1938 quaastus
778 1865 1107 1932 occasiones,
1137 1865 1220 1921 lia:
1250 1879 1383 1919 mea:
1401 1878 1552 1933 opes,
1580 1862 1696 1918 haec

144 1963 364 2016 scelerum
404 1974 647 2015 meorum
678 1958 1049 2029 consumptio,
1095 1955 1222 2013 dum
1254 1971 1349 2027 per
1389 1955 1697 2026 huiusmodi

147 2053 422 2107 tcutationcs
444 2050 565 2106 sine
596 2049 700 2104 ulla
732 2049 1129 2119 intermissione
1148 2047 1384 2119 gradior,
1415 2046 1470 2102 in
1498 2061 1698 2119 easque

144 2143 200 2197 ab
233 2145 287 2198 iis
327 2143 564 2209 inducor,
593 2157 622 2195 a
648 2142 843 2212 quibus
876 2140 1098 2196 minime
1126 2139 1524 2210 exspectabam.
1562 2138 1695 2194 Nam

146 2249 242 2290 cum
259 2234 431 2291 Galata
454 2234 546 2289 illo
576 2233 676 2305 (a),
698 2233 789 2304 qui
814 2234 973 2288 etiam
999 2230 1154 2287 nobis
1179 2241 1407 2287 mortem
1432 2247 1573 2301 pene
1593 2232 1692 2286 mi-
1734 2284 1741 2289 .

146 2326 311 2380 nitatus
328 2334 424 2392 est,
445 2324 705 2393 defuncti,
734 2324 843 2394 jam
871 2323 926 2378 in
950 2322 1340 2393 Cappadociam
1366 2323 1570 2394 ingredi
1600 2338 1696 2393 pa-

146 2430 367 2482 raremus,
395 2416 543 2471 multi
581 2415 735 2472 nobis
760 2415 814 2469 in
852 2416 934 2469 via
959 2422 1269 2480 occurrunt,
1298 2413 1561 2482 dicentes,
1592 2414 1700 2468 Do-

147 2507 294 2562 minus
316 2507 624 2562 Pharetrius
650 2514 703 2561 te
726 2511 1023 2576 exspectat,
1054 2518 1117 2559 ac
1143 2518 1569 2574 quaquaversum
1596 2505 1700 2561 iter

148 2597 264 2664 facit,
284 2614 344 2654 ue
369 2608 455 2653 tuo
482 2612 781 2668 congressu
806 2595 1102 2664 fraudetur,
1130 2594 1368 2665 nihilque
1391 2609 1497 2650 non
1518 2609 1698 2667 opera:

147 2706 197 2744 ac
221 2690 393 2746 laboris
413 2689 663 2758 suscipit,
688 2702 796 2760 quo
822 2695 874 2744 te
899 2687 1153 2744 videatet
1176 2687 1580 2756 complectatur,
1611 2696 1697 2743 at—

147 2796 230 2852 que
245 2797 391 2837 omne
404 2782 571 2837 earita
578 2781 646 2836 tis
665 2780 937 2851 specimen
961 2779 1053 2835 tibi
1074 2779 1324 2835 exhibeat
1342 2795 1357 2847 ;
1376 2781 1699 2837 monasteria

149 2875 278 2929 etiam
323 2883 425 2929 tum
464 2873 740 2939 virorum,
772 2881 882 2926 tum
919 2871 1200 2926 mulierum
1230 2854 1538 2926 commovit.
1585 2869 1700 2942 Ego

149 2975 292 3020 autem
315 2965 419 3022 haec
433 2964 684 3031 audiens,
701 2962 834 3017 nihil
852 2962 1065 3033 quidem
1087 2961 1278 3017 horum
1299 2961 1699 3032 exspectabam,

150 3074 300 3113 verum
342 3059 608 3115 contraria
653 3056 831 3112 omnia
859 3054 1042 3110 animo
1083 3052 1428 3110 eﬁ‘ormabam
1462 3070 1476 3108 :
1521 3061 1701 3110 tamen

148 3166 298 3206 eorum
323 3154 405 3223 qui
427 3151 555 3207 mihi
588 3149 701 3206 haec
726 3147 1047 3204 nuntiabant
1070 3148 1271 3203 nemini
1295 3147 1581 3220 quidquam
1602 3147 1704 3206 ho-

151 3258 243 3297 rum
260 3244 551 3315 eloquebar.

202 3336 247 3389 2.
283 3337 549 3407 Postquam
596 3340 777 3389 autem
812 3329 1029 3387 tandem
1068 3327 1356 3401 aliquando
1396 3328 1700 3386 Cresaream

149 3429 380 3500 ingressus
404 3446 539 3497 sum,
565 3426 756 3483 labore
780 3439 843 3480 ac
868 3423 1039 3479 macie
1073 3421 1369 3489 confectus,
1403 3422 1457 3478 in
1481 3421 1700 3492 ipso‘l‘e-

152 3520 240 3577 bris
253 3522 425 3577 ardore
441 3521 676 3592 positus,
704 3517 982 3587 languens,
1010 3523 1170 3585 atque
1187 3522 1461 3570 extremos
1483 3513 1702 3570 dolores

153 3613 442 3682 perpetiens,
487 3610 779 3682 hospitium
809 3607 868 3663 in
905 3606 1095 3662 ultimo
1118 3605 1266 3661 urbis
1296 3619 1511 3661 recessu
1538 3605 1701 3660 situm

157 3713 311 3758 nactus
335 3720 445 3759 sum
465 3745 481 3770 ,
505 3702 809 3769 dahamque
847 3711 1064 3768 cperam
1095 3702 1154 3751 ut
1189 3695 1423 3751 medicos
1449 3696 1704 3750 conveni-

156 3807 264 3859 rem,
291 3807 348 3848 ac
372 3792 641 3849 fornacem
672 3790 814 3845 illam
850 3787 1244 3857 exstinguerem
1272 3802 1284 3839 :
1313 3800 1460 3841 eram
1481 3785 1624 3839 enim
1647 3785 1703 3839 in

157 3884 249 3954 ipso
278 3886 428 3942 tebris
465 3886 706 3941 tertianas
733 3881 946 3937 ardore.
975 3879 1094 3947 Quo
1123 3878 1284 3934 etiam
1308 3876 1594 3933 accedebat
1618 3876 1706 3931 iti-

158 3977 274 4031 neris
291 3993 511 4032 aerumna
534 3987 589 4032 et
616 3973 876 4044 fatigatio,
893 3971 1135 4041 corporis
1148 3970 1419 4035 contritio,
1441 3982 1649 4035 eorum,
1671 3981 1703 4022 a

158 4070 314 4134 quibus
331 4085 560 4134 curarer,
585 4066 786 4136 inepia,
812 4080 987 4120 rerum
1011 4062 1433 4119 necessariarum
1459 4060 1703 4132 penuria,

160 4162 357 4232 illudque
372 4165 512 4227 item,
538 4161 679 4232 quod
699 4160 902 4216 nullum
920 4157 1185 4214 medicum
1207 4164 1405 4227 praesto
1426 4156 1705 4225 haberem,

158 4256 366 4325 quodque
406 4264 459 4310 et
484 4255 670 4309 labore
696 4266 763 4307 ac
791 4248 1123 4317 lassitudine,
1155 4257 1209 4304 et
1236 4248 1431 4304 caloris
1468 4256 1623 4313 aestu,
1652 4255 1709 4305 et

159 4345 317 4414 vigiliis
335 4346 630 4412 divexarer,
661 4358 723 4399 ac
746 4342 976 4412 denique
998 4356 1133 4410 pene
1155 4340 1414 4395 exanimis
1439 4340 1492 4394 in
1518 4339 1705 4394 urbem

161 4434 395 4506 ingressus
412 4453 608 4493 essem.
632 4435 768 4489 Tum
790 4450 918 4490 vero
939 4431 1068 4488 mihi
1099 4432 1280 4488 clerici
1299 4447 1509 4499 omnes,
1541 4446 1708 4502 popu-

162 4527 242 4596 lus,
268 4531 519 4596 monachi,
547 4526 825 4584 monachze
847 4567 862 4593 ,
892 4524 1081 4579 medici
1111 4523 1372 4578 alfuerunt
1408 4540 1422 4576 :
1455 4539 1486 4577 a
1514 4522 1709 4593 quibus

161 4636 379 4692 perquam
408 4623 647 4679 ofﬁciose
683 4626 935 4689 acceptus
962 4633 1103 4685 sum,
1129 4616 1376 4671 omnibus
1400 4614 1708 4672 famulanti-

162 4713 241 4767 bus
262 4725 309 4770 et
335 4717 507 4769 omnia
534 4713 661 4768 mihi
683 4707 1230 4767 subministrantibus.
1256 4706 1612 4762 Nihilominus
1632 4715 1712 4761 ta-

162 4821 265 4859 men
291 4806 479 4876 ingenti
522 4804 752 4859 ﬂamma:
790 4800 982 4855 ardore
1019 4797 1337 4869 deﬁagrans,
1370 4799 1424 4853 in
1468 4806 1712 4854 extremo

159 4896 368 4963 periculo
385 4895 657 4952 versabar.
678 4894 900 4947 Domum
917 4890 1167 4961 paulatim
1185 4891 1458 4945 remittere
1477 4904 1540 4944 ac
1558 4889 1714 4944 seda-

160 4985 192 5036 ri
210 4988 407 5042 morbus
419 4986 602 5056 coepit.
619 4985 685 5040 At
696 4984 906 5039 interim
920 4997 1177 5053 nusquam
1192 4980 1712 5037 Pharetriuszverum

161 5076 423 5134 discessum
438 5086 676 5133 nostrum
692 5062 1061 5146 exspectabat:
1076 5072 1216 5143 quod
1233 5086 1329 5127 cur
1340 5073 1409 5129 ita
1428 5073 1525 5142 ipsi
1541 5072 1716 5128 visum

163 5166 343 5237 luisset,
358 5168 492 5225 haud
503 5169 635 5225 seio.
649 5168 782 5226 Cum
799 5167 957 5239 igitur
966 5164 1210 5220 morbum
1225 5164 1420 5221 sensim
1437 5165 1718 5220 remissum

164 5262 210 5308 et
244 5261 478 5315 sedatum
506 5277 632 5320 esse
657 5262 941 5325 vidissem,
967 5259 1079 5329 jam
1111 5256 1178 5311 de
1211 5254 1462 5309 discessu
1501 5266 1717 5308 meeum

167 5343 266 5413 ipse
295 5351 587 5420 agitabam,
623 5365 683 5407 ut
716 5353 992 5409 Cucusum
1026 5345 1397 5417 pervenirem,
1451 5350 1619 5413 atque
1648 5341 1719 5396 ab

168 5435 356 5498 itineris
374 5445 786 5501 calamitatibus
812 5442 1064 5500 nonnihil
1090 5439 1562 5511 conquiescerem“
1581 5435 1719 5492 cum

170 5527 258 5586 hoc
281 5543 417 5591 statu
449 5552 537 5594 res
571 5550 773 5594 nostra}
794 5545 999 5599 essent,
1026 5533 1211 5590 subito
1241 5532 1306 5587 ad
1336 5546 1439 5586 nos
1465 5529 1718 5595 affertur,

172 5620 363 5683 Isauros
385 5644 510 5685 cum
545 5631 763 5687 inﬁnita
800 5630 1085 5686 hominum
1120 5641 1285 5681 manu
1318 5623 1719 5680 Caesariensem

227 5760 291 5815 lui
305 5760 391 5808 Hic
403 5762 569 5813 Galala
581 5770 689 5814 erat
705 5762 938 5814 vcrisimil
948 5764 1044 5821 iter
1065 5759 1309 5821 Leontius,
1321 5754 1722 5819 archiepiscopus

178 5820 361 5884 Ancyrae
383 5822 432 5875 in
454 5825 664 5889 Galatia,
692 5819 1041 5890 Chrysostdmo
1066 5819 1444 5873 inlensissimus.

1791 494 1976 551 agrum
2022 477 2301 549 populari,
2346 493 2409 536 ac
2454 480 2642 552 ingens
2686 480 2956 553 quoddam
2997 481 3253 554 oppidum
3297 486 3382 543 in-

1796 569 2063 635 cendisse,
2085 586 2207 627 cum
2236 570 2437 643 ingenti
2462 571 2636 628 clade.
2681 572 2796 643 Qua
2822 589 2883 630 re
2905 574 3085 633 audita
3114 574 3382 643 tribunus,

1797 662 2032 732 acceptis
2059 662 2142 720 his
2183 662 2466 739 militibus,
2514 679 2652 737 quos
2705 664 2960 732 habebat,
3010 682 3079 724 ex
3122 669 3255 727 urbe
3285 685 3385 726 ex-

1796 754 1977 811 cessit.
2009 754 2270 811 Timebatc
2292 756 2436 813 enim
2473 772 2543 815 nc
2568 758 2753 815 urbem
2783 774 2996 833 quoque
3021 759 3385 830 adorirentur,

1797 853 1956 915 atque
1980 859 2168 901 omnes
2196 846 2251 901 in
2268 857 2415 903 metu
2449 862 2513 903 ac
2556 848 2915 918 trepidatione
2938 859 3112 919 erant,
3157 852 3228 910 de
3267 852 3382 922 ipsc

1798 950 2010 1006 quoque
2032 936 2203 1006 patrio
2227 937 2344 993 solo
2369 937 2738 1008 periclitantes
2765 956 2779 992 :
2810 938 2948 998 adeo
2961 952 3021 997 ut
3043 956 3202 997 senes
3221 942 3381 999 etiam

1796 1025 1899 1096 ipsi
1952 1041 2230 1084 murorum
2283 1029 2583 1086 custodiam
2635 1027 2993 1100 susciperent.
3038 1031 3173 1091 Cum
3199 1049 3286 1090 res
3316 1049 3386 1091 eo

1798 1115 1918 1172 loco
1942 1124 2145 1183 essent,
2167 1127 2387 1190 repente
2410 1119 2511 1175 sub
2537 1135 2784 1179 auroram
2811 1126 3195 1181 monachorum
3216 1124 3383 1181 (ιι-ωι-

1796 1220 1895 1278 gns
1939 1206 2015 1280 (a)
2047 1207 2244 1281 (liceat
2268 1210 2414 1267 enim
2439 1210 2574 1269 mihi
2615 1211 2689 1267 ad
2711 1225 2900 1270 eorum
2926 1213 3165 1272 furorem
3203 1217 3384 1286 exprio

1797 1299 2051 1355 mendum
2079 1300 2184 1357 hoc
2203 1302 2466 1359 vocabulo
2492 1301 2613 1377 uti),
2651 1304 2720 1360 ad
2748 1304 2887 1361 hanc
2928 1306 3169 1373 domum,
3200 1308 3255 1365 in
3280 1292 3385 1380 qua

1798 1404 2012 1449 eramus
2042 1429 2060 1460 ,
2115 1403 2455 1451 accesserunt
2481 1435 2497 1460 ,
2552 1410 2670 1451 eam
2744 1396 3057 1455 incensuros
3124 1400 3386 1473 nobisque

1796 1492 2033 1540 extrema
2051 1502 2274 1557 quaeque
2302 1488 2441 1544 mala
2465 1488 2706 1549 illaturos
2734 1489 3231 1561 minitantium,nisi
3259 1494 3385 1550 abs-

1795 1574 2129 1632 cederemus.
2176 1575 2255 1633 Ac
2280 1592 2381 1635 nec
2413 1576 2716 1635 Isaurorum
2758 1590 2969 1649 metus,
3019 1597 3119 1641 nec
3166 1582 3387 1641 morbos

1802 1672 1910 1719 tam
1941 1664 2288 1722 vehementer
2334 1682 2433 1725 nos
2465 1684 2712 1738 proruens
2731 1711 2746 1734 ,
2779 1686 2879 1727 nec
2907 1672 3050 1731 aliud
3094 1673 3386 1744 quidquam

1798 1753 2139 1812 humaniores
2165 1772 2263 1814 eos
2297 1771 2362 1813 ac
2389 1758 2776 1815 moderatiores
2823 1760 3033 1828 ell‘ecit,
3062 1779 3248 1819 verum
3302 1765 3391 1823 ine

1798 1845 2009 1901 stabant
2031 1854 2189 1918 atque
2221 1848 2516 1919 urgebant,
2564 1859 2768 1909 tantum
2798 1850 3033 1919 furorem
3073 1858 3344 1924 spirantes
3371 1898 3388 1923 ,

1800 1946 1859 1990 ut
1877 1939 2037 1993 etiam
2063 1939 2162 2008 ipsi
2194 1941 2430 2011 praetorii
2461 1942 2656 1999 milites
2683 1953 2827 2003 metu
2856 1946 3221 2007 afﬁcerentur.
3248 1950 3385 2010 Nam

1799 2035 1855 2082 et
1880 2026 2009 2097 ipsis
2038 2029 2220 2101 plagas
2246 2031 2664 2101 denuntiabant,
2712 2043 2767 2093 et
2809 2036 3193 2108 gloriabantur,
3245 2043 3383 2113 quod

1800 2122 1998 2176 multos
2046 2123 2326 2191 praetorios
2377 2123 2575 2180 milites
2643 2124 2789 2183 foede
2838 2129 3232 2189 verberasscnt.
3293 2133 3391 2189 llis

1800 2212 1979 2267 verbis
2004 2213 2225 2286 auditis,
2256 2218 2488 2285 praetorii
2519 2218 2715 2276 milites
2756 2220 2822 2276 ad
2871 2236 2971 2278 nos
3010 2222 3384 2296 confugerunt,

1802 2315 1994 2372 meque
2041 2315 2299 2375 rogarunt
2346 2315 2507 2379 atque
2550 2309 2922 2379 obsecrarunt,
2975 2321 3034 2368 ut
3077 2316 3286 2372 etiamsi
3332 2317 3387 2375 in

1784 2392 2108 2451 .lsaurorum
2130 2412 2322 2454 manus
2348 2400 2502 2456 nobis
2526 2401 2843 2459 veniendum
2886 2414 3050 2472 esset,
3083 2414 3259 2461 tamen
3288 2421 3387 2463 eos

1802 2482 1886 2539 his
1913 2484 2106 2541 belluis
2131 2486 2437 2544 liberarem.
2483 2489 2634 2561 Quod
2659 2506 2780 2547 cum
2807 2492 2874 2548 ad
2904 2494 3049 2551 urbis
3079 2496 3388 2566 przefectum

1800 2576 2019 2632 allatum
2041 2585 2205 2646 esset,
2228 2578 2341 2649 ipse
2358 2595 2572 2651 quoque
2590 2583 2830 2650 domum,
2856 2586 3077 2643 utnobis
3097 2589 3390 2659 opitulare-

1802 2672 1909 2735 tur,
1941 2669 2193 2724 aecurrit.
2221 2670 2417 2726 Verum
2446 2687 2515 2726 ne
2553 2672 2721 2743 ipsius
2746 2674 2958 2745 quidem
2982 2678 3248 2747 precibus
3275 2697 3393 2739 ωοι

1802 2757 1958 2815 nachi
1989 2762 2218 2830 permoti
2247 2771 2392 2831 sunt,
2423 2763 2517 2819 sed
2545 2765 2662 2836 ipse
2702 2781 2916 2838 quoque
2956 2768 3209 2843 elanguit.
3256 2771 3393 2830 Cum

1803 2849 1964 2923 igitur
1987 2851 2191 2908 nullum
2218 2854 2295 2909 rei
2324 2854 2525 2911 exitum
2574 2858 2923 2927 perspiceret,
2973 2875 3074 2917 nec
3117 2863 3272 2921 nobis
3322 2866 3393 2921 ad

1803 2943 2139 3012 perspicuam
2166 2943 2371 3000 cmdcm
2393 2946 2623 3001 exeundi
2660 2957 2848 3004 auctor
2874 2960 3050 3018 esset,
3078 2968 3180 3009 nec
3205 2970 3390 3013 rursus

1803 3033 1873 3089 ob
1900 3042 2103 3090 tantum
2134 3035 2348 3091 illorum
2390 3039 2623 3092 l‘urorem
2646 3039 2784 3095 intra
2816 3040 3002 3096 urbem
3031 3052 3090 3098 ut
3139 3059 3393 3103 manere-

1803 3139 1945 3192 mus,
1968 3124 2195 3182 suadere
2214 3125 2456 3192 auderet,
2489 3126 2557 3184 ad
2588 3128 2923 3186 Pharctrium
2954 3133 3119 3202 misit,
3144 3137 3395 3206 precibus

1803 3216 1873 3275 ab
1900 3231 1969 3273 eo
1988 3218 2340 3282 contendens,
2366 3228 2425 3275 ut
2453 3228 2564 3275 tum
2594 3220 2667 3278 ob
2706 3224 2953 3281 morbum
2991 3242 3098 3296 quo
3122 3230 3395 3289 conﬂicta-

1804 3307 1902 3365 bar
1928 3348 1945 3375 ,
2002 3319 2114 3366 tum
2173 3311 2243 3368 ob
2294 3311 2612 3381 impendens
2651 3314 2942 3382 periculum
2972 3332 3170 3386 paucos
3194 3321 3396 3392 aliquot

1804 3398 1921 3455 dies
1962 3401 2117 3457 nobis
2166 3401 2513 3461 concederet.
2565 3402 2675 3460 Nec
2724 3413 2901 3461 tamen
2954 3406 3080 3464 hinc
3107 3411 3394 3482 quidquam

1806 3494 2098 3563 profectum
2128 3503 2246 3559 est;
2297 3495 2408 3550 imo
2454 3497 2646 3555 acriori
2685 3499 2845 3555 etiam
2897 3501 3154 3568 postridie
3191 3482 3395 3574 impetu

1805 3583 2088 3640 adfuerunt
2136 3600 2149 3637 :
2212 3600 2314 3641 nec
2367 3586 2803 3657 presbyterorum
2853 3589 2993 3645 ullus
3037 3607 3192 3660 opem
3239 3595 3395 3652 nobis

1806 3686 1966 3747 atque
1986 3676 2243 3732 auxilium
2275 3676 2416 3732 l‘erre
2438 3678 2671 3734 audebat
2702 3697 2716 3732 :
2745 3694 2931 3737 verum
2977 3683 3180 3752 pudore
3208 3686 3397 3744 suﬁ'usi

1805 3780 1870 3823 ac
1893 3765 2089 3822 rubore
2109 3765 2286 3822 aﬁ‘ecti
2316 3766 2463 3838 (nam
2503 3766 2620 3822 haec
2644 3767 2713 3823 de
2742 3769 3004 3829 Pharetrii
3046 3774 3315 3833 voluntate
3340 3787 3397 3833 et

1806 3858 2073 3913 sententia
2098 3855 2212 3913 ﬁeri
2240 3857 2511 3931 dicebant)
2536 3873 2656 3917 sese
2671 3859 2939 3931 abdebant
2956 3870 3009 3921 et
3032 3866 3394 3934 occultabant,

1807 3963 1909 4005 nec
1934 3989 1950 4015 ,
1992 3964 2115 4005 eum
2161 3964 2193 4005 a
2249 3950 2405 4005 nobis
2449 3960 2877 4021 accerserentur,
2932 3953 3392 4026 obtemperabant.

1808 4038 1945 4108 Quid
1984 4040 2139 4111 longa
2173 4040 2415 4095 oratione
2441 4055 2576 4110 opus
2601 4042 2723 4097 est?
2762 4042 3016 4110 Quamvis
3048 4052 3126 4102 tot
3165 4054 3396 4104 terrores

1812 4130 2192 4201 imminerent,
2240 4146 2493 4204 morsque
2554 4147 2692 4202 pene
2743 4142 2889 4189 certa
2938 4142 2994 4193 et
3043 4145 3170 4194 ante
3215 4140 3401 4196 oculos

1812 4230 1984 4298 posita
2016 4239 2196 4297 esset,
2229 4228 2499 4300 febrisque
2526 4243 2616 4289 me
2656 4230 2944 4289 conﬁceret
2978 4232 3229 4305 (necdum
3255 4236 3400 4291 enim

1814 4320 1901 4376 hic
1951 4322 2107 4378 malis
2152 4321 2413 4379 liberatus
2450 4322 2623 4392 eram)
2645 4362 2661 4387 ,
2694 4321 2825 4381 hora
2856 4323 2970 4393 ipsa
3001 4324 3293 4381 meridiana
3342 4329 3397 4384 in

1813 4410 2061 4467 lecticam
2123 4427 2210 4467 me
2259 4412 2552 4485 conjiciens
2580 4453 2596 4479 ,
2649 4412 2798 4471 illinc
2840 4414 3049 4473 excessi
3080 4456 3098 4483 ,
3153 4417 3403 4474 universa

1812 4503 1970 4574 plebe
1994 4504 2338 4569 lamentante,
2368 4502 2624 4574 eiulante,
2682 4504 2871 4561 harum
2922 4521 3103 4563 rerum
3128 4516 3400 4565 auctorem

1814 4602 2129 4650 exsecrante
2163 4609 2229 4649 ac
2256 4594 2389 4651 diris
2414 4594 2733 4663 devovente,
2780 4596 3137 4666 omnibusque
3183 4597 3402 4667 ploran-

1816 4689 1956 4743 tibus
2002 4702 2065 4743 ac
2125 4687 2448 4758 lugentibus.
2514 4687 2868 4758 Posteaquam
2919 4696 3099 4743 autem
3152 4705 3223 4746 ex
3267 4691 3416 4775 urbe

1817 4780 2044 4845 excessi,
2074 4779 2290 4849 quidam
2319 4779 2481 4839 etiam
2497 4778 2676 4837 clerici
2694 4778 2991 4845 venientes,
3020 4779 3167 4837 lento
3185 4797 3399 4852 gressu,

1820 4871 2063 4942 lugentes
2125 4885 2225 4926 nos
2292 4870 2777 4940 prosequebantur.
2844 4870 3089 4943 Cumque
3163 4876 3406 4933 nonnulli

1820 4962 2099 5029 dicerent,
2128 4963 2370 5030 Quonam
2398 4977 2521 5021 eum
2551 4961 2618 5019 ad
2647 4961 2983 5033 perspicuam
3029 4974 3260 5020 mortem
3306 4968 3406 5024 ab-

1822 5056 2053 5115 ducitis?
2096 5056 2233 5115 alter
2250 5071 2319 5112 ex
2346 5054 2412 5113 iis
2437 5055 2527 5125 qui
2555 5069 2654 5113 nos
2680 5054 2967 5124 plurimum
3018 5057 3289 5127 amabant,
3339 5061 3409 5118 ad

1842 5164 1860 5173 I
1884 5146 1957 5218 (a)
1989 5151 2112 5202 Vox,
2155 5153 2398 5218 Drungus,
2429 5156 2604 5207 graeca:
2636 5143 2759 5205 voci,
2792 5152 2818 5197 ε
2858 5160 2990 5209 om,
3027 5154 3281 5216 comat,
3319 5161 3411 5201 nos

1844 5213 2052 5256 nusitata
2075 5212 2167 5255 est.
2192 5213 2421 5257 vomscus
2457 5207 2506 5255 in
2531 5208 2698 5257 Probo.
2744 5219 2789 5256 c.
2818 5170 2877 5257 i°9
2902 5221 2915 5256 :
2954 5216 3179 5257 Ommum
3199 5209 3411 5257 orantium

1822 5205 2052 5273 inusitata
2075 5212 2167 5255 est.
2192 5205 2506 5273 Vopiscusjin
2531 5208 2698 5265 Probo,
2744 5219 2789 5273 ς.
2820 5205 2916 5273 1ῆέ
2954 5207 3179 5273 Omnium
3198 5205 3411 5273 gestam

1825 5269 2039 5334 drungos
2077 5279 2226 5331 usque
2247 5266 2324 5334 (id
2358 5267 2713 5331 qw'nquagenos
2747 5266 2960 5334 homines
2981 5275 3093 5320 ante
3114 5266 3412 5334 triumphum

1827 5328 1988 5395 duxit.
2006 5328 2470 5395 Putat‘Casaubo'nus
2487 5328 2658 5395 egerim;
2674 5334 2728 5379 et
2744 5330 2961 5395 drungus
2985 5343 3099 5381 esse
3116 5328 3286 5382 vocem
3310 5333 3419 5395 bats

1826 5391 2027 5451 baram;
2053 5392 2306 5441 salmasius
2340 5404 2459 5441 vero
2501 5390 2693 5454 Origine
2726 5390 2934 5456 (caecam
2970 5398 3157 5456 pugnat
3179 5406 3315 5456 esse,
3345 5394 3418 5446 Βι-

1826 5461 2141 5517 ctamqueex
2162 5466 2285 5503 voce
2323 5465 2478 5517 ριετχος,
2511 5460 2739 5517 i'osttjtmt,
2779 5454 3172 5517 εἱειιίῧαινρειιιθ,
3210 5454 3417 5509 milium!

1828 5512 2183 5579 multitudinem
2204 5512 2418 5579 cuna'tﬁft
2436 5513 2773 5576 rostratimque
2795 5512 3129 5579 pugnatum,
3152 5512 3306 5579 frame
3328 5518 3416 5568 sci-

1833 5576 1943 5626 licet
1966 5576 2017 5627 in
2038 5583 2292 5639 wtgustum
2313 5575 2574 5639 desinente.
2600 5583 2656 5639 ut
2676 5575 2733 5626 ut
2771 5575 2881 5637 est;
2892 5585 3061 5639 δροῦττος
3078 5614 3103 5639 ,ν
3125 5575 3219 5627 seu
3261 5577 3417 5629 dran—

1831 5651 1939 5709 gas,
1967 5646 2072 5688 erat
2091 5637 2259 5688 certus
2280 5651 2516 5709 numerus
2530 5637 2796 5709 hominum,
2808 5639 2887 5688 cui
3198 5645 3415 5709 agraga-

1832 5700 1967 5749 rius:
1994 5714 2106 5764 quae
2125 5713 2219 5751 vox
2242 5701 2527 5751 sexcenties
2567 5700 2776 5749 occurrit
2797 5700 2922 5764 apud
2943 5700 3213 5762 Scriptores
3244 5700 3422 5765 Byrin.

1833 5762 1945 5832 tios.
1971 5769 2179 5832 eratque
2200 5774 2405 5827 magnus
2426 5762 2665 5827 quispiam
2685 5761 3008 5825 Drungarius,
3031 5768 3085 5815 et
3105 5761 3188 5815 alii
3226 5768 3422 5832 Bunga-

1934 5798 1945 5810 .
1972 5791 2179 5825 suauun
2200 5791 2405 5825 ωαδιιυο
2426 5791 2665 5825 qusquam
2685 5791 2894 5825 νιν-μευ
2904 5791 3008 5825 Iw,
3031 5791 3085 5815 ve
3105 5791 3188 5815 ω
3226 5791 3422 5825 auulsi.

1879 5823 1890 5834 σ

1834 5824 1893 5873 rii
1918 5824 2150 5878 minores.
