3906 6396
455 406 558 462 616

458 532 547 571 me
573 514 782 569 dicebat
814 529 828 565 :
863 511 983 576 Abi,
1013 509 1276 563 obsecro:
1312 507 1364 559 in
1399 505 1606 559 Isauros
1633 501 1793 556 etiam
1837 498 2032 564 incide,

461 607 621 663 modo
644 622 675 657 e
704 604 862 658 nobis
891 601 1136 655 elabaris.
1179 597 1311 651 Nam
1356 609 1693 666 quocumque
1738 590 1991 646 incideris
2021 629 2039 656 ,

461 709 576 754 tuto
602 695 824 760 incides,
855 689 1144 747 dummodo
1173 701 1361 743 manus
1389 696 1599 741 nostras
1625 683 1866 754 ell'ugias.
1915 681 2041 735 Haec

458 789 683 844 audiens
732 800 794 838 ac
825 782 1152 853 perspiciens
1199 778 1411 848 egregia
1457 785 1699 831 matrona
1753 773 1994 830 Seleucia
2021 812 2037 838 ,

456 878 656 932 domini
703 878 806 929 mei
855 873 1034 929 Ruﬁni
1079 886 1210 925 uxor
1245 872 1388 942 (nam
1421 885 1482 924 ea
1515 882 1770 938 perquam
1801 866 2040 920 officiose

460 986 556 1022 nos
585 966 792 1035 eoluit),
825 965 1072 1034 precibus
1098 976 1305 1016 meeum
1337 960 1480 1030 egit,
1513 969 1569 1012 ut
1618 958 1668 1011 in
1699 958 1863 1026 ipsius
1908 955 2040 1010 sub-

460 1062 717 1114 urbanam
749 1056 950 1120 villam,
991 1070 1108 1124 quae
1135 1053 1368 1122 quinque
1407 1064 1658 1121 passuum
1710 1047 1945 1102 millibus
1976 1045 2042 1099 ab

460 1153 593 1207 urbe
630 1149 883 1214 distabat,
912 1147 1131 1214 hospitii
1156 1161 1314 1200 causa
1353 1159 1439 1198 me
1466 1143 1767 1198 conferrem
1791 1182 1806 1208 ,
1836 1150 2041 1195 certos-

459 1259 565 1314 que
585 1241 830 1297 homines
855 1238 1134 1294 nobiscutn
1165 1237 1328 1303 misit,
1361 1235 1676 1307 quibuscum
1707 1233 1830 1288 illuc
1863 1228 2042 1302 profc-

459 1339 533 1391 cti
570 1347 776 1388 sumus.

532 1428 586 1482 3.
629 1426 697 1479 At
726 1439 792 1478 ne
813 1423 922 1477 illic
948 1421 1163 1491 quidem
1181 1420 1265 1474 ha:
1287 1418 1572 1474 adversum
1602 1431 1700 1472 nos
1721 1421 2045 1485 comparata:

462 1517 672 1573 insidia:
719 1515 877 1569 finem
925 1513 1186 1568 habiturae
1231 1519 1402 1565 erant.
1449 1509 1518 1565 Ut
1547 1509 1688 1563 enim
1738 1505 2046 1563 Pharetrius

463 1609 568 1664 hoc
592 1609 827 1673 rescivit,
861 1606 1054 1661 multas
1076 1605 1196 1675 ipsi,
1229 1613 1284 1657 ut
1300 1602 1526 1667 dicebat,
1553 1602 1725 1656 minas
1745 1599 2043 1654 intentavit.

465 1703 596 1758 Cum
637 1709 811 1755 autem
865 1713 952 1752 me
1007 1695 1061 1750 in
1108 1695 1289 1748 villam
1337 1708 1489 1748 suam
1532 1692 1855 1762 excepisset,
1913 1687 2048 1742 nihil

464 1792 677 1862 quidem
702 1792 814 1860 ipse
832 1789 1021 1842 harum
1053 1801 1234 1841 rerum
1265 1785 1498 1840 sciebam
1532 1802 1547 1840 :
1575 1799 1696 1838 nam
1724 1785 1836 1853 ipsa
1858 1781 1924 1836 ad
1951 1795 2049 1835 nos

462 1897 699 1955 egressa,
735 1881 848 1935 lure
878 1895 975 1934 nos
999 1879 1213 1945 celavit,
1246 1876 1580 1948 procuratori
1608 1884 1784 1930 autem
1807 1889 1926 1940 suo,
1958 1872 2049 1943 qui

464 1978 572 2033 illic
608 1984 744 2039 erat,
774 1989 835 2030 ea
878 1971 1164 2042 exposuit,
1197 1970 1406 2041 ipsique
1448 1968 1740 2035 mandavit,
1791 1977 1849 2022 ut
1895 1965 2050 2020 nobis

464 2083 622 2125 omne
670 2066 830 2122 officii
867 2079 1038 2136 genus
1089 2063 1424 2134 impertiret,
1473 2076 1537 2116 ac
1581 2063 1626 2116 si
1655 2061 1746 2132 qui
1799 2057 2051 2114 monachi

469 2164 737 2227 venirent,
789 2170 847 2214 ut
887 2173 986 2214 nos
1030 2156 1370 2214 contumeliis
1418 2155 1766 2219 incesserent,
1801 2163 1891 2206 aut
1915 2149 2052 2205 male

465 2254 759 2319 afficerent,
787 2267 854 2306 ex
874 2250 993 2305 aliis
1020 2249 1164 2304 villis
1193 2249 1306 2303 suis
1331 2247 1594 2318 agricolas
1617 2253 1859 2316 cogeret,
1893 2255 2052 2312 atque

467 2347 536 2400 ita
555 2360 674 2398 cum
702 2341 978 2396 monachis
995 2356 1209 2394 manum
1230 2348 1558 2394 consereret.
1575 2337 1712 2406 Quin
1732 2351 1818 2390 me
1841 2349 2053 2405 quoque

469 2434 706 2503 rogabat,
740 2441 796 2485 ut
825 2432 875 2484 in
899 2431 1114 2484 domum
1141 2444 1290 2484 suam
1323 2443 1441 2499 qua:
1467 2442 1646 2481 arcem
1679 2426 1930 2491 habebat,
1950 2438 2051 2478 nec

471 2527 592 2580 ullis
619 2524 820 2578 viribus
856 2521 1145 2591 expugnari
1186 2529 1416 2589 poterat,
1467 2517 1834 2588 confugerem,
1883 2527 1940 2569 ut
1988 2531 2056 2568 ex

471 2615 703 2686 cpisc0pi
732 2629 795 2669 ac
824 2613 1207 2667 monachorum
1242 2609 1489 2664 manibus
1513 2609 1774 2663 elaberer.
1828 2609 1895 2660 At
1919 2616 1976 2660 ut
2003 2605 2054 2659 id

471 2707 700 2760 facerem
725 2744 740 2768 ,
794 2703 989 2757 adduci
1041 2717 1144 2756 non
1193 2700 1344 2770 potui
1389 2715 1402 2753 :
1433 2715 1618 2754 verum
1651 2699 1702 2752 in
1733 2697 1856 2752 villa
1884 2711 2052 2762 eram,

472 2797 660 2850 horum
703 2795 942 2848 omnium
968 2794 1184 2863 ignarus
1217 2808 1337 2862 qua:
1383 2801 1565 2862 postea
1594 2792 1646 2846 in
1670 2807 1754 2846 me
1780 2805 2058 2860 compara-

471 2890 683 2943 bantur.
743 2886 820 2942 Ne
864 2886 967 2941 hoc
1010 2885 1223 2956 quidem
1283 2886 1414 2956 ipsis
1471 2885 1537 2940 ad
1593 2883 2055 2954 comprimendum

468 2996 620 3035 suum
647 2979 928 3034 adversum
958 2992 1056 3032 nos
1086 2976 1318 3032 furorem
1359 2977 1489 3033 satis
1520 2976 1636 3030 fuit.
1694 2977 1884 3030 Postea
1914 2975 2056 3029 enim

469 3071 646 3126 media
677 3079 864 3135 nocte,
900 3084 987 3123 me
1028 3068 1159 3122 nihil
1207 3068 1394 3122 horum
1420 3067 1624 3122 sciente
1670 3065 1887 3139 (acriter
1913 3066 2055 3120 enim

471 3164 704 3218 instabat
752 3162 1058 3215 Pharetrius
1083 3201 1099 3226 ,
1149 3175 1336 3231 graves
1363 3161 1415 3214 in
1445 3175 1562 3215 eam
1589 3201 1603 3226 ,
1654 3169 1711 3214 ut
1743 3161 1835 3225 ait,
1885 3160 2058 3214 minas

471 3254 699 3324 jactans,
732 3266 956 3320 eamque
983 3265 1180 3319 cogens
1207 3260 1364 3318 atque
1392 3250 1689 3319 impellens,
1711 3261 1768 3304 ut
1789 3267 1873 3305 me
1897 3254 2057 3306 etiam

471 3342 782 3398 esuburbio
830 3339 1110 3410 ejiceret),
1160 3339 1392 3394 hominis
1447 3341 1902 3410 importunitatem
1951 3357 2055 3396 non

476 3436 654 3490 ferens
681 3432 891 3497 mulier,
921 3432 1184 3485 insciente
1209 3446 1316 3498 me,
1349 3431 1603 3486 barbaros
1633 3433 1821 3488 adesse
1851 3434 2057 3502 signiﬁ-

475 3525 636 3588 cavit,
669 3522 808 3593 quod
836 3523 1039 3577 scilicet
1067 3522 1172 3576 vim
1195 3537 1336 3590 eam,
1368 3537 1528 3594 quam
1552 3532 1845 3593 pateretur,
1878 3524 2059 3581 dicere

479 3633 589 3687 prae
619 3615 818 3686 pudore
848 3615 1066 3669 minime
1087 3616 1394 3670 sustineret.
1447 3617 1624 3686 Atque
1673 3618 1848 3672 media
1897 3629 2055 3673 nocte

475 3709 749 3778 ingressus
779 3704 1036 3761 Evethius
1075 3705 1374 3777 presbyter,
1398 3722 1591 3778 meque
1635 3724 1666 3764 e
1716 3724 1909 3764 somno
1956 3725 2054 3764 ex-

472 3800 644 3853 citans
673 3839 688 3863 ,
738 3811 932 3864 magno
979 3812 1098 3850 cum
1148 3797 1386 3852 clamore
1417 3797 1532 3854 haec
1560 3798 1813 3854 dicebat:
1862 3799 2056 3870 Surge,

471 3890 718 3951 obsecro,
751 3886 1040 3941 adventant
1069 3887 1316 3954 barbari,
1367 3903 1467 3942 nec
1515 3888 1671 3959 longe
1707 3890 1921 3944 absunt.
1965 3891 2076 3944 l‘lic'

475 3991 647 4035 tecum
671 3988 884 4048 reputes
915 3979 1098 4043 velim,
1125 3993 1358 4048 quonam
1387 3980 1567 4033 animo
1592 3995 1740 4035 eram
1776 3997 1896 4035 cum
1947 3981 2060 4036 haec

475 4072 737 4126 audirem.
785 4069 920 4124 Cum
947 4079 1124 4125 autem
1154 4085 1222 4125 ex
1263 4072 1380 4141 ipso
1409 4071 1535 4141 quid
1565 4071 1704 4128 facto
1733 4088 1867 4143 opus
1895 4084 2058 4141 esset,

474 4161 836 4231 quaesii-issem
863 4202 880 4228 ,
927 4175 1101 4230 neque
1153 4162 1293 4214 enim
1324 4176 1424 4216 nos
1465 4163 1519 4216 in
1564 4163 1752 4218 urbem
1773 4164 2063 4235 confugere

475 4265 632 4322 posse
660 4291 676 4316 ,
718 4265 788 4305 ne
834 4251 1078 4321 graviora
1113 4252 1219 4306 illic
1250 4260 1650 4322 perpeteremur
1673 4295 1689 4321 ,
1739 4270 1898 4326 quam
1946 4272 2064 4326 qua:

476 4341 632 4395 nobis
680 4340 846 4394 Isauri
890 4341 1090 4395 illaturi
1121 4351 1324 4410 essent,
1369 4343 1519 4399 exire
1565 4361 1663 4400 nos
1701 4347 1892 4417 coegit.
1947 4347 2062 4403 Nox

475 4432 654 4488 illunis
679 4442 818 4498 erat,
849 4446 954 4487 nox
983 4432 1182 4500 media,
1205 4433 1495 4504 caliginosa
1520 4477 1534 4498 ,
1586 4444 1764 4504 tetra;
1821 4437 1872 4491 id
1923 4439 2064 4509 quod

483 4526 642 4580 etiam
675 4539 773 4580 nos
800 4525 852 4578 in
880 4539 1144 4579 summam
1175 4526 1386 4580 consilii
1417 4527 1650 4598 inepiam
1706 4530 2061 4600 conjiciebat:

477 4633 577 4673 nec
615 4617 896 4688 quisquam
927 4616 1081 4671 nobis
1112 4628 1308 4687 prmsto
1339 4627 1476 4686 erat,
1508 4621 1599 4690 qui
1642 4635 1801 4692 opem
1851 4623 2017 4678 ferret
2047 4641 2062 4677 :

477 4722 663 4762 omnes
689 4709 832 4762 enim
855 4723 953 4764 nos
983 4708 1331 4778 reliquerant.
1359 4710 1500 4766 Metu
1527 4721 1702 4768 tamen
1731 4715 2059 4784 compulsus,

481 4811 542 4852 ac
567 4797 782 4868 jamjam
817 4809 1045 4854 mortem
1083 4810 1438 4868 exspectans,
1494 4805 1749 4859 mrumnis
1790 4807 2065 4861 confectus

477 4887 708 4952 surrexi,
755 4902 819 4942 ac
843 4887 986 4943 faces
1017 4889 1236 4944 accendi
1261 4889 1418 4960 jnssi.
1462 4891 1659 4947 Verum
1712 4895 1808 4949 has
1853 4911 2066 4966 quoque

478 4977 760 5046 presbyter
785 4979 1051 5049 exstingui
1075 4980 1275 5050 jussit,
1305 4997 1372 5036 ne
1399 4982 1612 5038 barbari
1638 5026 1653 5052 ,
1699 4985 1896 5053 aiebat,
1932 4987 2065 5042 lucis

477 5067 763 5135 splendore
779 5070 960 5138 exciti,
993 5072 1046 5127 in
1077 5087 1174 5128 nos
1205 5073 1462 5144 impetum
1492 5074 1748 5132 facerent.
1773 5079 2064 5135 Exstinctis

479 5159 656 5230 itaque
710 5161 915 5218 facibus
945 5205 960 5231 ,
1015 5166 1195 5222 mulus
1235 5167 1345 5240 (a),
1395 5169 1487 5240 qui
1531 5170 1776 5226 lecticam
1827 5183 2064 5228 nostram

474 5253 716 5324 gestabat
741 5253 953 5328 (aspera
983 5259 1125 5314 enim
1154 5262 1442 5317 admodum
1469 5271 1524 5319 et
1549 5263 1712 5320 ardua
1741 5281 1805 5322 ac
1851 5275 2063 5336 petrosa

476 5343 559 5398 via
588 5347 744 5417 erat),
778 5348 830 5401 in
865 5363 1005 5418 genu
1032 5351 1214 5421 lapsus
1239 5393 1253 5417 ,
1310 5369 1398 5409 me
1447 5355 1539 5425 qui
1592 5355 1780 5412 lectica
1829 5357 2063 5414 inclusus

473 5448 643 5502 eram,
677 5435 822 5492 humi
869 5441 1195 5509 prostravit,
1233 5457 1527 5515 parumque
1553 5445 1722 5500 abfuit
1745 5449 1870 5518 quin
1902 5449 2065 5504 inter-

475 5527 628 5581 irem.
657 5529 858 5584 Deinde
887 5546 1179 5602 exsurgens
1212 5536 1418 5589 tractim
1445 5536 1803 5605 ambulabam,
1837 5541 2063 5598 Evethio

533 5619 619 5693 (a),
645 5625 696 5693 tn
736 5635 898 5683 graeco
932 5622 1145 5693 legitur,
1187 5633 1364 5693 βάρεσιν,
1403 5627 1743 5693 cuiponsonat
1779 5646 1870 5682 vox
1897 5631 2061 5693 latina,

472 5675 666 5756 gurdo;
683 5675 765 5756 ita;
790 5697 937 5756 voces
959 5675 1082 5746 apud
1106 5675 1370 5756 seriptOres
1389 5675 1539 5756 medii
1550 5675 1654 5756 'séi-i
1663 5675 2064 5756 i‘r'égitBiitEE'SEl

472 5749 689 5814 currunt.
713 5749 779 5793 Ex
801 5747 966 5814 verbis
988 5759 1131 5814 porro
1153 5749 1472 5814 Chrysostomi
1504 5755 1725 5814 arguitur
1752 5747 1991 5814 lecticam,
2013 5757 2063 5805 in

469 5802 854 5918 letter
876 5802 1171 5858 decubuisse
1198 5802 1406 5875 videtur,
1431 5802 1588 5864 unius”
1597 5815 1715 5866 muli
1752 5802 2064 5872 damna;

1214 397 1272 452 S.
1312 393 1586 451 .IOANNIS
1621 385 2102 447 CIIRYSOSTOMI
2138 381 2456 440 ARCHIEP.
2497 378 3028 436 CONSTANTINUP.

3627 373 3728 430 6ἵῦ

2150 494 2486 565 presbytero,
2514 493 2602 561 qui
2634 491 2793 545 etiam
2821 491 2936 560 ipse
2965 507 3031 546 ex
3059 505 3196 561 equo
3225 490 3535 561 desilient,
3566 498 3732 552 mani-

2151 585 2250 640 bus
2306 599 2394 638 me
2447 591 2702 647 tenente;
2757 593 2920 650 atque
2969 582 3038 636 ita
3095 583 3496 653 manuductus,
3527 585 3650 650 vel,
3691 597 3750 642 ut

2148 676 2348 730 rectius
2375 675 2585 744 loquar,
2615 683 2938 743 pertractus,
2970 673 3244 744 reptabam
3272 693 3286 730 :
3313 690 3492 746 neque
3521 679 3669 731 enim
3695 678 3749 731 in

2149 778 2294 823 tanta
2343 767 2444 822 loci
2508 767 2866 829 difﬁcultate,
2934 766 3355 838 periculosisque
3416 767 3744 832 montibus,

2148 859 2321 914 media
2345 869 2500 913 nocte
2531 858 2778 913 incedere
2809 867 3070 927 poteram.
3115 857 3332 929 Cogita,
3365 874 3571 930 quaeso,
3611 859 3743 929 quid

2147 951 2235 1005 hic
2283 950 2412 1004 mihi
2453 949 2615 1004 animi
2658 958 2821 1013 esset,
2872 964 2994 1004 cum
3035 951 3196 1004 tantis
3227 950 3381 1004 malis
3409 951 3746 1006 constrictus

2148 1053 2383 1109 tenerer,
2416 1057 2478 1095 ac
2520 1041 2682 1096 febris
2711 1051 2964 1111 urgeret,
3003 1057 3103 1097 nec
3147 1057 3334 1097 eorum
3381 1058 3504 1112 qua:
3553 1043 3610 1097 in
3659 1057 3745 1097 me

2147 1141 2347 1188 structa
2387 1131 2618 1196 fuerant,
2647 1132 2933 1202 quidquam
2976 1147 3212 1200 nossem,
3243 1148 3429 1188 verum
3472 1133 3745 1188 barbaros

2151 1225 2396 1281 timerem
2419 1240 2482 1279 ac
2509 1224 2996 1295 perhorrescerem,
3028 1225 3264 1296 nihilque
3288 1225 3430 1280 aliud
3453 1236 3743 1296 exspecta-

2147 1333 2285 1384 rem,
2312 1332 2472 1387 quam
2503 1325 2563 1370 ut
2599 1317 2651 1371 in
2697 1333 2883 1372 eorum
2927 1332 3122 1376 manus
3170 1316 3485 1372 inciderem.
3541 1317 3743 1371 Annon

2149 1409 2423 1463 existimas
2471 1407 2552 1461 vel
2604 1406 2699 1460 has
2748 1408 2892 1462 solas
2936 1409 3288 1473 calamitates,
3337 1407 3556 1462 etiamsi
3611 1407 3742 1460 nihil

2151 1501 2295 1555 aliud
2319 1500 2622 1565 accidisset,
2643 1500 2806 1554 multa
2834 1500 2986 1554 nobis
3015 1509 3227 1569 peccata
3254 1498 3572 1563 obliterare,
3589 1509 3745 1568 atque

2151 1591 2419 1662 ingentem
2464 1589 2592 1644 mihi
2615 1589 2798 1660 gloriae.
2827 1589 3106 1644 materiam
3145 1589 3490 1658 suppeditare
3539 1589 3743 1657 posse?

2154 1682 2350 1736 llarum
2375 1689 2553 1736 autem
2580 1680 2967 1746 calamitatum,
3013 1687 3073 1734 ut
3097 1680 3365 1743 existimo,
3418 1677 3540 1733 ha:c
3584 1693 3745 1733 causa

2153 1771 2270 1825 fuit.
2313 1769 2444 1826 Cum
2473 1772 2701 1842 primum
2744 1772 3048 1826 Caesaream
3088 1771 3358 1842 ingressus
3383 1785 3529 1833 sum,
3558 1785 3745 1825 omnes

2153 1863 2242 1933 qui
2270 1863 2582 1932 magistratu
2626 1861 2999 1932 fungebantur,
3026 1877 3092 1917 ex
3136 1862 3349 1916 vicariis
3375 1861 3476 1932 (b),
3509 1876 3577 1916 ex
3613 1877 3745 1930 pra:-

2155 1952 2358 2007 sidibus
2383 1953 2656 2022 sophistae,
2690 1953 2980 2017 extribuni,
3031 1952 3202 2022 plebei
3234 1966 3424 2007 omnes
3449 1993 3465 2018 ,
3524 1952 3747 2022 singulis

2155 2044 2344 2100 diebus
2372 2061 2456 2100 me
2486 2045 2748 2110 visebant,
2771 2045 3036 2108 colebant,
3056 2045 3109 2098 in
3129 2045 3296 2099 oculis
3320 2044 3597 2109 ferebant;
3615 2043 3745 2107 haec,

2155 2138 2334 2203 credo,
2369 2138 2701 2193 Pharetrium
2731 2146 3063 2208 pupugcrunt
3099 2153 3114 2191 :
3145 2152 3247 2192 nec
3273 2136 3473 2190 invidia
3523 2151 3590 2190 ea
3635 2151 3748 2205 quat

2159 2246 2256 2285 nos
2285 2230 2744 2300 ConstantinOpoli
2774 2230 2995 2300 pepulit,
3039 2229 3126 2284 hic
3151 2244 3363 2300 quoque
3387 2244 3419 2283 a
3444 2230 3606 2283 nobis
3630 2230 3752 2284 abs-

2157 2324 2338 2389 cessit,
2392 2333 2448 2378 ut
2489 2325 2701 2393 quidem
2745 2325 2937 2394 opinor
2980 2341 2995 2377 :
3041 2337 3214 2392 neque
3257 2323 3402 2377 enim
3443 2321 3662 2376 afﬁrmo
3703 2331 3751 2376 et

2159 2430 2442 2480 assevero,
2491 2416 2584 2470 sed
2615 2415 2864 2485 conjicio.
2912 2415 2977 2470 Et
3011 2415 3130 2484 quis
3173 2414 3387 2470 tandem
3433 2414 3541 2467 alia
3569 2454 3586 2478 ,
3639 2428 3752 2482 quae

2159 2508 2315 2562 nobis
2345 2507 2395 2561 in
2419 2508 2500 2560 via
2532 2505 2849 2577 perferenda
2900 2506 3143 2572 fuerunt,
3174 2506 3420 2561 oratione
3464 2504 3753 2574 complecti

2159 2599 2356 2670 queat?
2389 2599 2623 2662 timores,
2653 2598 2930 2670 pericula?

2230 2689 2310 2744 De
2335 2691 2706 2746 calamitatibus
2729 2691 2912 2762 gaudet
2935 2688 3337 2761 Chrysostomus.
3367 2689 3542 2745 Grave
3569 2690 3753 2743 malum

2162 2785 2412 2837 maestitia.
2448 2813 2520 2823 —
2559 2783 2688 2849 Qua:
2718 2783 2933 2854 quidem
2975 2784 3089 2854 ipse
3125 2784 3363 2853 quotidie
3413 2783 3711 2838 recordans
3734 2824 3750 2848 ,

2161 2876 2445 2944 animoque
2474 2875 2878 2939 circumferens,
2915 2889 3025 2944 prce
3049 2874 3229 2928 lzetitia
3253 2875 3417 2928 volito
3438 2884 3498 2929 et
3527 2875 3752 2938 exsulto,

2163 2967 2307 3020 velut
2335 2968 2601 3036 ingentem
2635 2966 2940 3021 thesaurum
2984 2966 3314 3020 reconditum
3341 2965 3555 3021 habens
3588 2985 3601 3018 :
3638 2981 3753 3020 nam

2164 3056 2267 3112 hoc
2320 3058 2502 3111 animo
2547 3066 2708 3127 atque
2757 3057 2860 3112 hoc
2915 3056 3112 3111 affectu
3164 3055 3422 3126 praeditus
3475 3072 3626 3111 sum.
3678 3055 3754 3110 0b

2164 3150 2321 3220 idque
2353 3159 2403 3204 te
2451 3149 2698 3217 obsecro,
2731 3159 2789 3204 ut
2833 3148 2937 3204 hoc
2979 3149 3194 3203 nomine
3224 3149 3439 3215 latteris,
3500 3150 3753 3219 gaudeas,

2163 3243 2417 3306 exsultes,
2454 3243 2759 3311 Deumque,
2787 3241 2939 3310 cujus
2987 3241 3249 3297 beneficio
3285 3243 3389 3296 hoc
3431 3243 3751 3312 consequuti

2163 3349 2365 3398 sumus,
2409 3341 2470 3387 ut
2515 3342 2657 3387 tanta
2705 3345 3124 3402 perpeteremar,
3154 3334 3336 3389 laudes
3383 3349 3448 3388 ac
3493 3335 3751 3391 celebres.

2165 3425 2337 3494 Atque
2365 3423 2505 3494 apud
2555 3434 2606 3480 te
2645 3425 2805 3480 velim
2837 3425 2951 3480 lucc
2989 3427 3264 3481 contineas
3288 3468 3304 3494 ,
3361 3441 3463 3481 nec
3513 3432 3758 3497 cuiquam

2163 3516 2413 3572 enunties
2441 3533 2454 3569 :
2489 3517 2696 3572 etiamsi
2718 3517 2916 3587 alioqui
2941 3518 3173 3586 praetorii
3199 3518 3540 3587 potissimum
3573 3519 3755 3574 harum

2164 3622 2344 3662 rerum
2372 3606 2510 3662 fama
2539 3608 2841 3663 universam
2888 3608 3075 3663 urbem
3125 3608 3344 3678 implere
3390 3620 3659 3678 possunt,
3706 3619 3758 3664 ut

2165 3701 2253 3770 qui
2277 3701 2436 3754 etiam
2471 3701 2569 3770 ipsi
2611 3702 2662 3755 in
2709 3715 2976 3756 summum
3010 3702 3131 3756 vitae
3165 3701 3453 3772 perieulum
3490 3704 3754 3758 venerint.

2236 3792 2291 3846 4.
2333 3790 2598 3846 Cancrum
2651 3807 2718 3847 ex
2757 3801 2809 3848 te
2857 3807 3016 3848 nemo
3047 3793 3098 3847 id
3127 3795 3379 3848 resciscat
3408 3811 3423 3846 :
3457 3793 3576 3848 imo
3605 3796 3755 3849 etiam

2166 3897 2282 3949 eos,
2309 3884 2395 3951 qui
2427 3883 2740 3952 narrabunt,
2793 3884 3108 3954 comprime.
3166 3883 3316 3950 Quod
3354 3883 3402 3938 si
3432 3883 3504 3938 ob
3552 3885 3759 3940 calami-

2169 3974 2290 4027 tatis
2334 3973 2586 4042 reliquias
2607 3974 2777 4039 doles,
2809 3973 2862 4029 id
2892 3989 2988 4044 pro
3009 3985 3159 4029 certo
3195 3973 3365 4042 habe,
3399 3989 3486 4029 me
3514 3976 3758 4030 omnibus

2166 4063 2541 4120 afﬂictionibus
2566 4065 2721 4136 plane
2751 4066 3030 4120 liberatum
3055 4081 3204 4132 esse,
3235 4065 3585 4136 ﬁrmioreque
3621 4068 3757 4120 vale-

2169 4155 2351 4211 tudine
2382 4171 2523 4223 esse,
2551 4173 2710 4227 quam
2742 4173 2861 4213 cum
2894 4159 3012 4213 istic
3039 4159 3311 4228 degerem.
3360 4159 3558 4230 Frigus
3587 4170 3759 4214 autem

2167 4247 2294 4318 quid
2325 4247 2660 4314 extimescis,
2705 4264 2824 4304 cum
2866 4258 2922 4304 et
2957 4249 3240 4304 commoda
3289 4248 3445 4304 nobis
3492 4249 3759 4305 domicilia

2169 4348 2475 4394 constructa
2503 4341 2610 4395 sint
2631 4380 2646 4405 ,
2677 4350 2730 4396 et
2754 4341 3003 4396 dominus
3033 4357 3185 4397 meus
3229 4341 3520 4397 Dioscorus
3550 4357 3758 4397 omnem

2169 4444 2387 4500 Operam
2416 4440 2579 4486 navet
2605 4473 2620 4498 ,
2673 4448 2780 4501 quo
2803 4449 2901 4488 nos
2931 4449 2998 4488 ne
3027 4433 3270 4504 exiguam
3300 4432 3517 4502 quidem
3554 4433 3757 4504 frigoris

2171 4531 2378 4591 partem
2433 4523 2762 4578 sentiamus?
2831 4525 2984 4590 Quod
3030 4526 3074 4580 si
3117 4541 3184 4580 ex
3238 4526 3400 4580 initiis
3450 4525 3756 4595 conjectura

2170 4611 2292 4668 duci
2352 4622 2546 4681 potest,
2599 4614 2731 4668 mihi
2791 4614 2893 4670 hoc
2945 4617 3132 4670 cadum
3185 4616 3445 4672 orientale
3470 4632 3596 4672 esse
3626 4618 3759 4671 vide.

2171 4713 2259 4759 tttr
2306 4704 2420 4775 (b),
2479 4720 2649 4775 neque
2695 4705 2870 4761 minus
2927 4723 3084 4777 quam
3133 4707 3552 4762 Antiochenam.
3607 4707 3656 4762 Is
3683 4716 3758 4761 est

2171 4803 2346 4864 tepor,
2376 4810 2438 4850 ea
2468 4795 2584 4850 caeli
2617 4797 2924 4866 temperies.
2973 4795 3106 4852 Illud
3148 4807 3326 4853 autem
3373 4798 3504 4852 mihi
3555 4813 3760 4868 permo-

2173 4885 2366 4940 lestum
2425 4885 2562 4952 fuit,
2619 4887 2760 4957 quod
2815 4886 3034 4952 dixisti,
3090 4887 3339 4944 Fortasse
3392 4888 3556 4942 etiam
3615 4887 3759 4942 nobis

2171 4991 2480 5044 succenses,
2512 4988 2571 5031 ut
2598 4979 2687 5048 qui
2717 4994 2813 5048 per
2839 4979 3097 5034 incuriam
3145 4978 3325 5033 officio
3356 4990 3546 5033 nostro
3575 4977 3755 5033 defue-

2171 5068 2362 5124 rimus.
2394 5069 2552 5139 Atqui
2586 5069 2790 5139 pridem
2837 5070 2904 5124 ad
2955 5080 3006 5125 te
3038 5071 3218 5125 literas
3247 5069 3491 5126 dedimus
3514 5111 3531 5136 ,
3575 5072 3757 5142 quibus

2234 5207 2306 5270 (α)
2343 5207 2512 5270 vicarii
2533 5205 2649 5270 olim
2670 5205 3009 5268 prmfectorum
3034 5213 3190 5262 erant,
3209 5205 3274 5256 de
3291 5206 3471 5270 quibus
3492 5207 3698 5268 Cangius
3715 5207 3760 5254 in

2169 5267 2406 5318 GlOsSario
2441 5276 2605 5316 Graeco
2637 5267 2688 5318 in
2727 5281 2847 5318 voce
2875 5283 3036 5330 Buri.pr
3055 5307 3068 5325 ,
3094 5283 3204 5330 quae
3229 5267 3377 5318 etiam
3403 5267 3758 5330 nonnumquam

2171 5331 2625 5392 muaptgseribitur.
2657 5331 2947 5392 Ex-Vicariis
2972 5332 3049 5379 vel
3067 5331 3424 5380 Ex-t‘ieariusis
3448 5340 3573 5386 erat,
3593 5345 3674 5392 qui
3694 5332 3760 5377 \i-
3831 5355 3842 5368 -

2169 5390 2328 5441 carius
2351 5390 2526 5500 iterat,
2552 5399 2607 5440 ut
2633 5391 3002 5457 Eat-praefectus,
3025 5392 3108 5454 qui
3134 5394 3413 5455 prtet‘ectus,
3438 5399 3491 5440 et
3507 5392 3590 5440 abi
3605 5390 3650 5440 id
3675 5406 3760 5453 ge-

2169 5466 2262 5500 nus
2278 5467 2358 5500 mu
2420 5489 2434 5500 .

2169 5466 2262 5503 nus
2278 5455 2434 5502 multi.

2233 5515 2305 5577 (b)
2337 5516 2536 5581 Cumait
2560 5516 2922 5581 Chrysostomus
2947 5527 3008 5564 ex
3034 5515 3184 5565 initiis
3215 5515 3309 5581 sibi
3333 5513 3490 5581 videri
3511 5516 3656 5564 istum
3678 5526 3759 5562 ae-

2168 5589 2223 5627 ra
2247 5576 2363 5626 non
2404 5580 2565 5628 minus
2609 5576 2898 5629 orientalem
2933 5590 3046 5626 esse
3077 5590 3224 5639 quam
3267 5576 3644 5632 Antioeheuum,
3670 5588 3759 5622 non

2168 5640 2233 5688 de
2253 5640 2504 5702 positione,
2533 5643 2720 5697 (:ucusi,
2746 5639 2904 5702 qualis
2927 5640 2974 5686 in
2997 5639 3173 5688 tabulis
3215 5639 3558 5701 geographicis
3580 5649 3756 5702 reputo

2168 5697 2406 5765 seu'tatutj,
2432 5701 2564 5765 agit;
2591 5697 2906 5765 neque-enim
2929 5702 3154 5765 ignorare
3176 5697 3368 5765 poterat
3387 5697 3620 5749 (incusum
3640 5697 3760 5765 mul-

2170 5762 2241 5826 tis
2251 5761 2480 5826 gradibus
2497 5763 2560 5826 ad
2578 5761 2970 5826 septentrionem
2988 5764 3141 5826 magis
3157 5761 3416 5826 accedere,
3435 5774 3582 5824 quam
3603 5762 3759 5826 antio—

2167 5821 2357 5880 ehiam;
2383 5824 2470 5890 sed
2495 5821 2726 5889 loquitur,
2752 5834 2802 5877 ut
2831 5824 3002 5889 liquet,
3025 5821 3087 5875 de
3121 5825 3211 5876 loci
3234 5821 3492 5890 temperie,
3519 5821 3675 5885 qualis
3699 5833 3759 5868 ex

2165 5894 2268 5936 sun
2293 5887 2571 5953 petebatur.
