3906 6372
217 338 322 396 615

213 461 367 532 ἡμᾶς
389 462 688 532 φιλούντων
706 481 718 496 ⁸
752 469 1006 535 Ἀπελθε,
1031 472 1222 543 δέομαί
1249 491 1339 528 σου
1359 491 1373 507 ο
1391 477 1488 543 ,εἰς
1524 477 1796 548 Ἰσαύρους

213 561 486 631 ἔμπεσον,
533 564 694 634 μόνον
737 569 892 640 ἡμῶν
947 571 1315 644 ἀπαλλάγηθι.
1378 576 1548 630 Ὅπου
1583 577 1693 649 γὰρ
1731 575 1816 632 ἂν

214 657 491 732 ἐμπέσῃς,
527 663 607 726 είς
640 663 940 734 ἀσφάλειαν
960 669 1275 740 ἐμπίπτεις,
1295 671 1362 727 ἂν
1392 673 1666 746 ἡμετέρας
1683 675 1804 728 δια-¹

217 757 416 828 φύγοις
447 764 657 834 χεῖρας.
715 764 900 821 Ταῦτα
933 769 1215 826 ἀκούσασα
1263 773 1354 827 καὶ
1377 774 1560 844 ὁρῶσα
1590 776 1624 845 ἡ
1660 774 1798 846 καλὴ

211 855 502 926 Σελευκία,
531 863 564 932 ἡ
600 863 692 916 τοῦ
715 867 906 937 κυρίου
940 886 1042 938 μου
1080 859 1360 941 Ῥουφίνου
1389 872 1648 945 ἐλευθέρα
1671 875 1799 945 (καὶ

212 959 324 1030 γὰρ
387 962 592 1034 σφόδρα
651 966 801 1037 ἡμᾶς
861 968 1259 1044 ἐθεράπευσε),
1313 973 1653 1046 παρεκάλεσε
1704 975 1799 1029 καὶ

213 1057 440 1130 ἐδεήθη,
466 1061 608 1117 ὥστε
633 1067 714 1127 εἰς
733 1067 794 1120 τὸ
824 1071 1144 1139 προάστειον
1169 1074 1338 1143 αὐτῆς
1353 1075 1675 1140 καταλῦσαι,
1694 1076 1799 1148 πρὸ

225 1159 394 1214 πέντε
443 1163 635 1232 μιλίων
681 1168 780 1238 τῆς
807 1171 1012 1236 πόλεως
1045 1172 1125 1236 ὃν,
1151 1175 1246 1227 καὶ
1280 1176 1624 1248 συνέπεμψεν
1665 1180 1796 1249 ἡμῖν

211 1255 538 1331 ἀνθρώπους
560 1305 574 1330 ,
607 1267 1040 1344 καὶάπὴλθομεν
1073 1275 1273 1330 ἐκεῖσε.

285 1392 337 1458 γ’
343 1431 359 1446 .
397 1392 536 1446 Ἀλλ’
568 1396 684 1449 οὐδὲ
718 1397 836 1460 ἐκεῖ
869 1400 1090 1469 ἔμελλεν
1137 1405 1292 1475 ἡμῶν
1330 1405 1733 1479 ἀποστήσεσθαι
1762 1407 1795 1477 ἡ

214 1491 476 1565 ἐπιϐουλὴ
501 1495 658 1566 αὕτη.
702 1497 788 1562 Ὠς
823 1499 932 1571 γὰρ
965 1501 1105 1570 έγνω
1136 1504 1164 1555 6
1184 1505 1498 1574 Φαρέτριος,
1531 1505 1796 1576 ἐδήλωσεν

213 1593 386 1662 αὐτῇ,
413 1594 595 1658 καθὼς
619 1596 790 1667 ἔλεγε,
824 1601 1023 1665 πολλὰς
1044 1603 1292 1668 ἀπειλάς.
1331 1605 1483 1657 Ἑπεί
1507 1603 1562 1656 δέ
1611 1621 1678 1674 με
1712 1605 1793 1668 εἰς

214 1692 275 1744 τὸ
298 1695 623 1764 προάστειον
670 1700 839 1769 αὐτῆς
891 1702 1216 1768 ὑπεδέξατο,
1255 1703 1409 1772 κάγὼ
1437 1705 1644 1759 τούτων
1694 1706 1793 1760 οὐκ

215 1792 364 1862 ⁴Ῑξδειν
390 1794 576 1848 οὐδέν·
609 1797 720 1849 ἀλλ’
761 1799 1050 1864 ἐξελθοῦσα
1092 1803 1232 1874 πρὸς
1266 1805 1298 1873 ἡ
1311 1805 1438 1873 μᾶς,
1495 1802 1666 1857 ταῦτα
1700 1804 1797 1874 μὲν

217 1894 372 1962 ἡμᾶς
399 1895 731 1966 ἀπέκρυϐεν,
755 1899 942 1969 ἐδήλου
970 1900 1025 1952 δέ
1047 1901 1124 1972 τῷ
1152 1903 1431 1973 ἐπιτρόπῳ
1455 1905 1632 1956 ἐκεῖσε
1660 1903 1794 1969 ὄντι,

218 1993 401 2046 πᾶσάν
421 2012 480 2046 τε
508 1997 641 2066 ἡμῖν
674 1997 981 2054 ἀνάπαυσιν
1011 2005 1334 2072 παρασχεῖν,
1360 2003 1456 2056 καί
1480 2003 1534 2054 εί
1559 2019 1703 2066 τινες
1719 2003 1798 2066 εἰς

216 2097 366 2166 ἡμᾶς
390 2098 668 2152 ἐπέλθοιεν
697 2101 1041 2168 μονάζοντες,
1075 2103 1388 2174 βουλόμενοι
1412 2107 1556 2176 ἡμᾶς
1591 2105 1798 2177 ἐνυϐρί-

218 2212 309 2249 σαι
329 2196 360 2267 ἡ
388 2199 699 2270 συντρίψαι,
721 2206 1047 2272 συναγαγεῖν
1067 2207 1343 2276 γεωργοὺς
1365 2206 1471 2259 ἀπὸ
1495 2207 1600 2260 τῶν
1622 2207 1796 2260 ἄλλων

216 2298 390 2368 αὐτῆς
425 2301 661 2371 χωρίων,
697 2303 791 2356 καὶ
811 2303 952 2358 οὕτω
977 2308 1392 2377 παρατάξασθαι
1420 2311 1552 2380 πρὸς
1579 2309 1794 2374 αὐτούς.

219 2398 529 2468 Παρεκάλει
573 2403 756 2456 δὲκαὶ
807 2406 887 2469 είς
946 2406 1044 2477 τὴν
1080 2407 1255 2461 οἰκίαν
1302 2410 1471 2480 αὐτῆς
1509 2410 1798 2465 κάστελλον

215 2499 471 2569 ἔχουσαν,
519 2502 614 2556 καὶ
641 2503 938 2574 ἀχείρωτον
960 2502 1123 2560 οὖσαν
1157 2513 1515 2578 καταφυγεῖν,
1537 2510 1676 2564 ὥστε
1702 2510 1795 2564 τοῦ

214 2599 521 2653 ἐπισκόπου
541 2603 632 2654 καί¹
658 2604 1001 2676 μοναζόντων
1017 2608 1274 2676 ἐκφυγεῖν
1291 2608 1389 2672 τὰς
1409 2613 1615 2679 χεῖρας.
1636 2609 1797 2664 Ἀλλὰ

212 2699 375 2752 τοῦτο
423 2701 523 2774 μὲν
569 2705 669 2758 οὐκ
698 2706 1030 2777 ἠνεσχόμην,
1066 2707 1349 2779 ἀλλ’ῆμην
1405 2711 1464 2763 ἐν
1531 2709 1608 2780 τῷ
1667 2726 1798 2781 προ-

219 2801 446 2873 αστείῳ,
483 2803 633 2856 οὐδὲν
649 2803 805 2869 εἰδὼς
829 2805 938 2861 τῶν
964 2806 1102 2877 μετὰ
1128 2807 1299 2860 ταῦτα
1322 2808 1797 2880 κατασκευαζομέ-

224 2921 355 2960 νων.
387 2906 520 2960 Οὐδὲ
543 2908 701 2961 τοῦτο
721 2911 903 2974 αὐτοῖς
925 2911 1158 2982 ἤρκεσεν
1178 2913 1258 2977 είς
1285 2911 1346 2967 :6
1375 2914 1674 2983 ἀποστῆναι
1698 2914 1799 2985 τῆς

217 3005 348 3057 καθ’
379 3007 536 3078 ἡμῶν
562 3008 777 3079 μανίας.
804 3006 937 3064 Εἶτα
963 3011 1172 3066 νυκτῶν
1203 3012 1402 3083 μέσων,
1420 3012 1570 3067 οὐδὲν
1594 3014 1798 3067 τούτων

219 3096 378 3170 εἰδὼς
405 3107 604 3176 (πολὺς
628 3109 736 3182 γὰρ
765 3112 1016 3165 ἐπέκειτο
1046 3114 1075 3165 6
1102 3114 1398 3184 Φαρέτριος
1423 3113 1616 3185 ἀπειλῇ
1643 3116 1799 3168 ἀπει-

183 3195 330 3259 ’λῶν
355 3209 558 3281 ἐκείνῃ,
583 3210 763 3276 καθώς
788 3229 943 3284 φησι,
971 3213 1422 3283 καταναγκάζων,
1453 3215 1629 3285 ὠθῶν,
1657 3216 1799 3270 ὥστε

226 3310 377 3380 ἡμᾶς
415 3302 664 3365 ἐκϐαλεῖν
705 3315 801 3367 καὶ
841 3316 950 3369 τῶν
991 3318 1372 3389 προαστείων),
1403 3320 1461 3372 οὐ
1493 3320 1732 3391 φέρουσα
1765 3323 1798 3392 ἡ

221 3411 364 3479 γυνὴ
381 3411 478 3481 τὴν
499 3412 792 3484 ἐπάχθειαν
809 3415 1106 3483 αὐτοῦ,οὐκ
1127 3418 1326 3482 εἰδότος
1351 3419 1508 3488 ἐμοῦ,
1533 3420 1799 3490 ἐδήλωσεν

227 3511 382 3585 [598]
419 3513 638 3577 αὐτόθι,
671 3517 752 3571 ὄτι
781 3517 831 3570 οἰ
874 3517 1139 3589 βάρϐαροι
1174 3521 1500 3587 ἐπέστησαν,
1551 3524 1801 3592 αἰσχυνο-

225 3611 368 3682 μένη
391 3613 487 3683 τὴν
523 3613 766 3687 ἀνάγκην
815 3619 1012 3688 εἰπεῖν,
1034 3619 1100 3690 ἡν
1132 3618 1442 3690 ὑπέμεινεν.
1485 3623 1591 3674 Καὶ
1622 3621 1800 3692 μέσων

224 3712 436 3766 νυκτῶν
487 3715 739 3769 εἰσελθὼν
793 3717 930 3788 πρός
969 3736 1036 3789 με
1068 3719 1299 3790 Εὐὴθιος
1331 3721 1359 3772 ὀ
1409 3721 1800 3792 πρεσϐύτερος,

230 3813 562 3869 καθεύδοντά
620 3834 687 3886 με
743 3819 1036 3890 διεγείρας,
1097 3820 1234 3890 μετὰ
1283 3821 1484 3891 πολλῆς
1529 3822 1639 3891 τῆς·
1675 3821 1802 3894 βοῆς

223 3918 399 3968 ταῦτα
425 3915 642 3985 ἔλεγεν·
675 3919 985 3990 Ἀνάστηθι,
1016 3920 1341 3990 παρακαλῶ,
1376 3921 1640 3992 βάρϐαροι
1670 3921 1804 3974 ἐπέ-

225 4033 452 4088 στησαν,
487 4018 720 4073 ἐνταῦθα
748 4019 970 4091 πλησίον
1021 4021 1170 4076 εἰσίν.
1217 4023 1498 4094 Ἐννόησον
1523 4023 1606 4087 τίς
1655 4024 1802 4094 ἥμην

222 4117 402 4172 ταῦτα
425 4120 657 4174 ἀκούων.
688 4119 820 4175 Εἶτα
842 4121 917 4184 ὡς
943 4122 1080 4193 πρὸς
1105 4123 1266 4176 αὐτὸν
1295 4117 1467 4189 εἷπον,
1485 4123 1596 4177 Καὶ
1622 4123 1674 4176 τί
1695 4123 1802 4177 δέοι

223 4216 467 4292 πράξαις
499 4224 578 4286 εἰς
605 4222 702 4295 τὴν
731 4223 884 4278 πόλιν
930 4225 990 4277 οὐ
1041 4225 1314 4297 δυνάμεθα
1342 4229 1696 4297 καταφυγεῖν,
1731 4227 1804 4299 μὴ

227 4322 594 4395 χαλεπώτερα
617 4325 879 4396 πάθωμεν
919 4318 993 4379 ὧν
1023 4327 1070 4378 οἱ
1107 4326 1338 4397 Ἰσαῦροι
1372 4327 1652 4396 μέλλουσιν
1675 4328 1804 4398 ἡμῖν

221 4424 422 4485 ποιεῖν,
458 4423 765 4492 ἡνάγκαζεν
798 4424 1018 4491 ἐξιέναι.
1060 4425 1175 4492 Νὺξ
1215 4421 1283 4496 ἦν
1324 4426 1605 4496 ἁσέληνος,
1643 4428 1676 4497 ἡ
1710 4427 1805 4494 νὺξ

227 4523 395 4594 μέση,
428 4523 690 4594 ζοφώδης,
727 4528 973 4597 σκοτεινὴ
991 4543 1004 4555 ·
1037 4526 1310 4580 καὶτοῦτο
1333 4527 1463 4579 αὐτὸ
1491 4527 1652 4582 πάλιν
1674 4529 1808 4582 ἀπο-

225 4621 355 4694 ρίας
387 4622 686 4692 ἀνάμεστον
713 4620 780 4697 ἦν
807 4627 970 4696 ἡμῖν’
1009 4634 1103 4680 καὶ
1133 4626 1305 4690 οὐδεὶς
1334 4629 1362 4680 6
1389 4626 1599 4699 παρὼν,
1634 4627 1807 4693 οὐδεὶς

223 4724 254 4774 6
284 4721 517 4792 βοηθῶν,
555 4723 755 4788 πάντες
781 4726 888 4798 γὰρ
921 4727 1068 4796 ἡμᾶς
1102 4727 1676 4798 ἐγκατέλιπον.”ομως
1704 4729 1808 4782 67:6

228 4823 326 4876 τοῦ
371 4824 534 4893 φόϐου
567 4826 936 4890 συνωθισθεὶς,
973 4829 1068 4880 καὶ
1099 4828 1409 4899 προσδοκῶν
1434 4830 1634 4895 εὐθέως
1672 4832 1809 4886 ἀπο-

227 4923 532 4990 θανεῖσθαι,
585 4926 863 4998 διανέστην
915 4927 1497 5001 τεταλαιπωρημένος,
1549 4931 1811 4999 κελεύσας

223 5026 522 5097 λαμπάδας
552 5030 877 5101 ἀναφθῆναι.
896 5029 1056 5084 Ἀλλὰ
1096 5032 1190 5085 κα)⁸
1229 5032 1427 5096 ταύτας
1455 5035 1483 5086 6
1515 5034 1812 5103 πρεσϐύτε-

141 5147 146 5150 ·
229 5150 330 5205 ρος
350 5134 603 5188 ἐκέλευσε
628 5135 972 5202 σϐέννυσθαι,
1005 5139 1232 5207 μήποτε,
1259 5139 1443 5208 φησὶν,
1472 5137 1521 5190 οἱ
1547 5137 1810 5209 βάρϐαροι

227 5241 316 5312 τῷ
357 5244 495 5312 φωτί
537 5242 858 5312 καλούμενοι
899 5241 1038 5315 πρὸς
1071 5243 1236 5312 ἡμᾶς,
1273 5242 1596 5296 ἐπιτεθῶσιν
1641 5245 1806 5315 ἡμῖν·

229 5347 573 5420 ἐσϐέσθησαν
600 5349 694 5402 καί
721 5350 776 5403 αἰ
805 5348 1103 5419 λαμπάδες.
1137 5343 1269 5401 Εἶτα
1297 5349 1325 5401 ὁ
1352 5348 1554 5420 βόρδων
1577 5351 1604 5402 6
1630 5350 1813 5422 φέρων

229 5453 394 5526 ἡμῶν
440 5454 499 5506 :6
535 5453 804 5507 λεκτίκιον
837 5452 1097 5524 (τραχεῖα
1135 5448 1338 5525 γὰρῆν
1369 5453 1573 5525 σφόδρα
1610 5457 1644 5525 ἡ
1672 5454 1811 5521 ὁδὸς,

230 5559 333 5614 καὶ
358 5559 592 5630 ἀνάντης
617 5559 712 5613 καὶ
738 5557 1010 5630 λιθώδης),
1038 5557 1378 5628 κατενεχθεὶς
1407 5559 1497 5612 ἐπὶ
1520 5559 1669 5628 γόνυ,
1693 5577 1816 5613 κατ-

229 5669 437 5742 ήνεγκέ
493 5685 562 5738 με
612 5666 758 5719 ἔνδον
803 5665 962 5730 ὄντα,
1015 5665 1108 5718 καὶ
1161 5663 1357 5736 μικροῦ
1401 5666 1544 5730 δεῖν,
1594 5664 1816 5736 ἔμελλον

231 5773 592 5842 ἀπόλλυσθαι,
611 5767 732 5828 εἶτα
756 5771 1088 5842 ἐκπηδήσας,
1114 5770 1408 5842 συρόμενος
1426 5771 1810 5843 περιεπάτουν,

1611 355 1996 414 ΕΡΙΞΤΟΙΑΕ.

3378 353 3484 408 616

1911 473 2014 527 67:6
2038 472 2269 544 Εὐηθίου
2293 472 2388 526 τοῦ
2423 473 2794 545 πρεσϐυτέρου
2827 477 3187 549 κατεχόμενος
3213 477 3480 552 (κατεπή-

1904 580 2036 650 δησε
2067 579 2176 650 γὰρ
2203 580 2298 634 καὶ
2327 580 2487 643 αὐτὸς
2510 581 2604 634 τοῦ
2631 581 2973 654 ὑποζυγίου),
3005 586 3098 640 καὶ
3126 585 3300 649 οὕτως
3328 604 3484 658 χειρ-

1905 681 2289 751 αγωγούμενος
2330 682 2595 750 ἐϐάδιζον,
2643 685 2842 755 μᾶλλον
2889 686 2947 739 66
2999 687 3322 758 ἑλκόμενος·
3359 689 3483 741 οὕτε

1903 785 2014 856 γὰρ
2066 784 2300 855 βαδίζειν
2344 781 2412 857 ἦν
2461 788 2541 852 εἰς
2584 789 2852 861 τοσαύτην
2898 791 3223 863 δυσχωρίαν,
3255 793 3350 847 καὶ
3378 793 3481 865 ὅρη

1904 888 2140 960 χαλεπὰ,
2167 891 2224 942 ἐν
2246 891 2400 946 νυκτὶ
2431 893 2590 966 μέσῃ.
2609 892 2888 964 Ἐννόησον
2914 895 2968 949 τί
2995 912 3063 965 με
3087 896 3315 966 πάσχειν
3338 895 3484 959 εἰκὸς

1903 989 1972 1064 ἦν
2017 993 2290 1059 τοσούτοις
2329 996 2682 1068 συνεχόμενον
2720 1001 2929 1065 κακοῖς,
2964 1000 3057 1052 καὶ
3099 999 3194 1052 τοῦ
3247 999 3482 1071 πυρετοῦ

1906 1098 2280 1170 ἐπικειμένου,
2337 1101 2504 1172 μηδὲν
2549 1077 2728 1155 εἰδότα
2777 1102 2886 1157 τῶν
2937 1104 3480 1175 κατεσκευασμένων,

1905 1200 2041 1256 ἀλλὰ
2085 1201 2364 1256 δεδοικότα
2407 1203 2533 1267 τοὺς
2580 1204 2909 1275 βαρϐάρους,
2938 1207 3033 1259 καὶ
3064 1206 3356 1277 τρέμοντα,
3388 1205 3484 1260 καὶΙ

1904 1305 2290 1376 προσδοκῶντα
2329 1308 2409 1370 εἰς
2435 1307 2536 1371 τὰς
2566 1311 2749 1380 χεῖρας
2785 1309 2967 1362 αὐτῶν
2994 1311 3369 1382 ἐμπεσεῖσθαι.
3408 1310 3482 1362 Οὐ

1903 1409 2050 1462 δοκεῖ
2076 1426 2159 1462 σοι
2176 1409 2324 1485 ,μόνα
2342 1410 2513 1466 ταῦτα
2537 1411 2606 1464 τὰ
2632 1412 2958 1483 παθήματα,
2981 1415 3028 1466 εἰ
3052 1415 3145 1468 καὶ
3172 1414 3337 1484 μηδὲν
3358 1413 3488 1467 ἄλλο

1909 1528 1999 1582 μοι
2043 1512 2231 1584 ἕτερον
2265 1514 2623 1586 συμϐεϐἡκοι,
2657 1515 2828 1568 πολλὰ
2874 1515 3032 1586 ἡμῶν
3070 1515 3328 1569 δύνασθαι
3368 1515 3485 1568 δια-

1902 1613 2049 1669 λύειν
2083 1616 2191 1670 τῶν
2223 1618 2654 1690 ἁμαρτημάτων,
2698 1621 2794 1672 καὶ
2839 1620 3040 1691 πολλήν
3089 1638 3179 1691 μοι
3225 1620 3487 1691 παρέχειν

1904 1720 2306 1793 εὐδοκιμήσεως
2334 1723 2621 1794 ἀφορμὴν;
2662 1723 2737 1776 Τὸ
2773 1723 2830 1776 66
2874 1727 3073 1789 αῐτιον,
3105 1724 3180 1786 ὡς
3207 1722 3382 1790 ἔγωγε
3406 1718 3488 1775 οἶ-

1907 1841 2025 1894 μαι,
2055 1825 2256 1888 πάντες
2301 1824 2501 1888 εὐθέως
2540 1826 2846 1879 εἰσελθόντα
2877 1844 2944 1897 με
2988 1829 3045 1881 ἐν
3075 1825 3404 1897 Καισαρείᾳ,
3435 1827 3486 1880 οἰ

1903 1928 1961 1980 ἐν
2004 1926 2328 1998 ἀξιώμασιν,
2363 1931 2412 1982 οἰ
2469 1929 2578 1981 67:6
2633 1929 2918 2001 βικαρίων,
2962 1932 3011 1984 οἱ
3050 1930 3159 1984 ἀπὸ
3200 1930 3485 2002 ἡγεμόνων

1905 2033 2174 2101 σοφισταὶ,
2210 2033 2260 2084 οἰ
2289 2032 2398 2086 67:6
2431 2033 2747 2104 τριϐούνων,
2775 2036 2803 2088 6
2830 2034 3004 2105 δῆμος
3042 2033 3186 2098 ἅπας
3210 2034 3330 2088 καθ’
3354 2035 3486 2090 ἐκά-

1907 2151 2038 2206 στην
2065 2133 2250 2206 ἐώρων
2279 2135 2377 2207 τὴν
2403 2136 2636 2207 ἡμέραν,
2671 2137 3022 2208 ἐθεράπευον,
3059 2139 3153 2190 ἐπὶ
3181 2137 3282 2206 τῆς
3317 2138 3487 2210 κόρης

1903 2237 2011 2290 τῶν
2035 2237 2326 2308 ὀφθαλμῶν
2355 2238 2654 2304 ἐϐάσταζον
2673 2258 2687 2272 ·
2709 2240 2883 2294 ταῦτα
2911 2237 3065 2312 οἶμαι
3091 2242 3378 2297 ὑποκνίσαι
3397 2242 3488 2295 τὸν

1902 2341 2222 2413 Φαρέτριον,
2255 2344 2351 2395 καὶ
2400 2344 2492 2395 τὸν
2539 2343 2732 2413 φθόνον
2773 2345 2866 2398 τὸν
2909 2345 3176 2400 ἐλάσαντα
3202 2348 3349 2416 ἡμᾶς
3378 2345 3491 2398 ἀπὸ

1902 2447 2546 2513 Κωνσταντινουπόλεως,
2572 2449 2692 2502 0666
2716 2449 2948 2504 ἐνταῦθα
2974 2450 3131 2520 ἡμῶν
3161 2450 3488 2522 ἀποστῆναι,

1905 2549 1982 2613 ὡς
2035 2550 2211 2620 ἐγωγε
2263 2547 2444 2622 οἶμαι·
2473 2551 2596 2604 οὐδέ
2645 2553 2753 2622 γὰρ
2789 2552 3184 2624 ἀποφαίνομαι,
3219 2553 3332 2607 ἀλλ’
3360 2554 3491 2605 ὑπο-

1903 2651 2106 2706 πτεύω.
2136 2652 2200 2705 Τί
2245 2653 2310 2710 ἄν
2354 2671 2440 2718 τις
2479 2656 2620 2708 εἴποι
2668 2655 2737 2709 :6
2779 2655 2914 2710 ἄλλα
2947 2656 3016 2709 τὰ
3048 2656 3190 2712 κατά
3219 2657 3314 2729 τὴν
3347 2657 3486 2726 666v,

1901 2759 2027 2820 :06;
2055 2756 2274 2826 φόϐους,
2303 2760 2431 2822 τοὺς
2466 2760 2781 2827 κινδύνους;

1975 2872 2155 2941 Ἀπερ
2175 2869 2298 2924 καθ’
2321 2871 2557 2941 ἑκάστην
2581 2871 2796 2943 ἡμέραν
2821 2873 3372 2944 ἀναμιμνησκόμενος
3393 2876 3482 2929 αὐΓ

1901 2978 2012 3043 τὸς,
2044 2979 2139 3031 καὶ
2173 2979 2260 3031 ἀεὶ
2296 2979 2355 3031 ἐν
2385 2979 2595 3050 διανοίᾳ
2625 2979 2957 3050 περιφέρων,
2986 2979 3218 3048 πέτομαι
3257 2979 3363 3030 67:6
3390 2979 3469 3049 τῆ.

1904 3083 2116 3153 ἡδονῆς,
2157 3083 2364 3153 σκιρτῶ
2392 3083 2467 3145 ὡς
2495 3082 2768 3152 θησαυρὸν
2815 3082 2985 3152 μέγαν
3023 3082 3158 3152 ἔχων
3196 3083 3490 3152 ἀποκείμε-

1905 3201 1992 3236 νον
2008 3200 2021 3213 -
2050 3183 2272 3254 καὶγὰρ
2297 3183 2468 3246 οὕτως
2494 3182 2601 3253 ἔχω
2627 3184 2722 3235 καὶ
2741 3184 3018 3253 διάκειμαι
3037 3195 3084 3235 ει.
3115 3182 3266 3254 [599]
3284 3183 3374 3234 Διὸ
3395 3183 3490 3236 καὶ

1904 3287 2004 3359 τὴν
2057 3287 2154 3359 σὴν
2203 3287 2502 3358 παρακαλῶ
2536 3287 2822 3357 τιμιότητα
2866 3285 3078 3357 χαίρειν
3127 3287 3219 3338 ἐπὶ
3258 3285 3488 3351 τούτοις,

1905 3391 2315 3461 εὐφραίνεσθαι,
2347 3391 2599 3460 σκιρτᾷν,
2625 3390 2716 3443 τὸν
2761 3389 2892 3441 Θεὸν
2936 3389 3198 3455 δοξάζειν,
3232 3389 3322 3441 τὸν
3361 3406 3492 3442 κατ-

1906 3493 2217 3559 αξιώσαντα
2241 3497 2391 3566 ἡμᾶς
2421 3494 2645 3547 τοιαῦτα
2692 3495 2905 3549 παθεῖν.
2959 3495 3069 3546 Καὶ
3115 3493 3266 3564 παρά
3317 3496 3487 3565 σαυτῇ

1907 3599 2212 3670 παρακαλῶ
2240 3598 2414 3652 ταῦτα
2438 3598 2606 3668 ἔχειν,
2641 3599 2736 3652 καὶ
2765 3598 2903 3668 7:96;
2932 3598 3133 3668 μηδένα
3159 3598 3414 3664 ἐξειπεῖν,
3443 3599 3492 3650 εἰ

1909 3706 2002 3758 καὶ
2037 3707 2105 3760 τὰ
2166 3704 2400 3774 μάλιστα
2453 3704 2504 3755 οἰ
2550 3703 2840 3774 ἐπαρχικοὶ
2878 3705 3056 3755 πᾶσαν
3087 3702 3362 3772 ἐμπλῆσαι
3391 3703 3491 3772 τὴν

1908 3793 2062 3846 πόλιν
2099 3793 2303 3862 έχουσι,
2334 3795 2428 3846 καὶ
2457 3793 2612 3846 αὐτοὶ
2637 3793 2764 3865 περὶ
2794 3792 2901 3845 τῶν
2940 3793 3185 3862 ἐσχάτων
3216 3791 3493 3845 κινδυνεύ-

1911 3913 2120 3961 σαντες.

1977 4013 2039 4067 6'.
2063 4011 2206 4082 Πλὴν
2226 4010 2378 4082 παρὰ
2392 4010 2491 4081 τῆς
2513 4009 2613 4080 σῆς
2628 4008 2911 4072 εὐλαϐείας
2935 4009 3122 4080 μηδεὶς
3153 4008 3337 4061 εἰδέτω
3363 4006 3488 4060 τοῦ-

1911 4133 1994 4180 το,
2035 4113 2171 4167 ἀλλά
2202 4113 2296 4167 καὶ
2325 4112 2657 4168 κατάστελλε
2685 4113 2810 4176 τοὺς
2831 4111 3108 4178 λέγοντας.
3141 4113 3204 4165 Εἰ
3234 4112 3290 4165 66
3314 4111 3402 4165 διὰ
3422 4111 3492 4166 τὰ

1920 4219 2147 4290 λείψανα
2193 4219 2296 4287 τῆς
2346 4216 2644 4282 κακώσεως
2695 4218 2918 4287 ἀλγεῖς,
2967 4217 3105 4289 μάθε
3150 4217 3356 4286 σαφῶς,
3409 4218 3493 4270 ὅτι

1913 4326 2177 4398 καθαρῶς
2211 4325 2470 4380 ἁπάντων
2498 4323 2846 4395 ἀπηλλάγην,
2885 4323 2980 4376 καὶ
3021 4321 3495 4394 ἐρρωμενέστερον

1913 4432 2024 4504 ἔχω
2047 4435 2108 4488 :6
2139 4434 2320 4505 σῶμα,
2355 4433 2388 4504 ἢ
2417 4434 2606 4487 αὐτόθι
2634 4431 2950 4504 διατρίϐων.
2983 4430 3085 4484 Τὸν
3113 4432 3169 4484 66
3201 4430 3407 4501 κρυμὸν
3441 4427 3494 4480 τί

1911 4537 2154 4601 δέδοικας
2176 4554 2190 4602 ;
2217 4536 2433 4607 καὶγὰρ
2460 4537 2553 4591 καὶ
2581 4537 2859 4607 οἰκήματα
2883 4534 3166 4604 ἐπιτήδεια
3189 4534 3318 4602 ἡμῖν
3345 4547 3496 4584 κατε-

1920 4644 2213 4697 σκεύασται
2233 4658 2246 4671 ⁸
2281 4643 2375 4695 καὶ
2404 4642 2583 4695 πάντα
2602 4643 2629 4694 6
2660 4640 2848 4712 κύριός
2886 4656 2987 4710 μου
3019 4637 3306 4706 Διόσκορος
3355 4635 3498 4688 ποιεῖ

1915 4747 2010 4802 καί.
2066 4744 2562 4818 πραγματεύεται,
2617 4744 2758 4796 ὥστε
2814 4742 2947 4813 μηδέ
2997 4738 3197 4811 μικρὰν
3247 4737 3496 4808 αἴσθησιν

1920 4849 2067 4919 ἡμᾶς
2089 4847 2277 4901 λαϐεῖν
2317 4847 2426 4900 67:6
2463 4846 2558 4899 τοῦ
2595 4846 2839 4916 κρυμοῦ;
2887 4844 2950 4895 EE
2980 4843 3036 4894 66
3067 4841 3214 4894 ἐστιν
3244 4841 3352 4895 ἀπὸ
3389 4839 3498 4893 τῶν

1917 4951 2220 5023 προοιμίων
2267 4949 2652 5020 στοχάσασθαι,
2685 4947 2809 5017 ἐμοὶ
2840 4947 2868 4999 6
2899 4945 2994 4999 νῦν
3038 4945 3147 5016 ἀὴρ
3184 4945 3498 5008 ἀνατολικὸς

1917 5052 2058 5108 εἶναι
2084 5055 2248 5120 δοκεῖ,
2287 5054 2381 5107 καὶ
2416 5052 2568 5106 οὐδὲν
2597 5051 2814 5120 ἔλαττον
2855 5049 3203 5120 Ἀντιοχείας.
3232 5047 3498 5102 Τοσοῦτον

1915 5157 1977 5211 τὸ
2007 5157 2227 5223 θάλπος,
2257 5155 2494 5226 τοσαύτη
2535 5157 2569 5226 ἡ
2618 5153 2887 5226 εὐκρασία
2909 5134 3019 5205 ’τοῦ
3070 5150 3252 5222 ἀέρος.
3286 5149 3497 5221 Σφόδρα

1917 5261 1974 5314 δέ
2017 5279 2084 5332 με
2121 5261 2401 5332 ἐλύπησας
2444 5257 2695 5324 εἰποῦσα,
2721 5260 2804 5316 ὅτι
2853 5259 2982 5323 ἴσως
3032 5258 3127 5311 καὶ
3175 5256 3311 5326 πρὸς
3349 5257 3496 5326 ἡμᾶς

1921 5365 2064 5437 λυπῇ
2097 5367 2173 5429 ὡς
2199 5366 2603 5436 ἀμελήσαντας.
2641 5363 2834 5417 Καίτοι
2874 5380 2938 5432 γε
2977 5363 3084 5433 7:96
3116 5358 3324 5413 πολλῶν
3362 5359 3499 5430 ἡμε-

1922 5474 2032 5546 ρῶν
2068 5474 2356 5528 ἐπέστειλα
2385 5475 2521 5545 7:96;
2557 5473 2654 5545 τὴν
2686 5473 2782 5546 σὴν
2811 5471 3117 5544 τιμιότητα,
3160 5465 3496 5540 παρακαλῶν

1985 5727 2014 5755 ⁸
2038 5719 2144 5768 Duo
2167 5716 2388 5781 msstxq‘:
2412 5715 2500 5780 γὰρ
2527 5716 2648 5781 ἔχων
2689 5717 2816 5766 οὕτω
2848 5713 3104 5776 διάκειμαι.
3124 5707 3268 5764 Alius
3292 5709 3371 5757 καὶ
3403 5701 3489 5768 γὰρ

1924 5783 1988 5836 ὡς
2012 5784 2132 5845 ἔχων
2143 5780 2270 5828 οὕτω
2288 5778 2542 5842 διάκειμαι.
