3906 6434
402 373 505 429 6H

399 488 474 560 μὴ
503 485 673 541 κινεῖν
703 499 770 554 με
806 479 1074 536 ἐντεῦθεν.
1092 476 1236 546 Ἐγὼ
1263 476 1318 528 δέ
1344 474 1500 526 τοῦτο
1521 473 1772 542 ἐννοῆσαι
1797 463 1965 538 εἶχον,

396 577 597 650 πολλῆς
631 593 712 630 σοι
749 573 1044 638 ἀπολογίας
1075 571 1206 634 δεῖν,
1241 569 1336 622 καὶ¹
1369 566 1580 620 πολλῶν
1615 563 1853 638 ἱδρώτων
1873 563 1969 616 καὶ

398 667 664 738 καμάτου,
695 666 780 718 ἴνα
811 662 1040 733 δυνηθῇς
1070 660 1206 730 πρὸς
1236 658 1396 712 τοῦτο
1433 653 1874 726 ἀπολογήσασθαι
1909 651 1972 704 τὸ

397 765 564 834 ῥῆμα.
593 762 743 831 Τάχα
767 760 822 814 δέ
850 759 915 813 ἐκ
945 757 1142 830 μέρους
1173 755 1268 809 καὶ
1287 753 1714 822 ἀπολελόγησαι,
1740 749 1970 804 εἰποῦσα

397 862 477 914 ὅτι
505 858 690 921 ἀπλῶς
718 854 1004 924 λογίζομαι
1036 852 1195 904 τοῦτο
1223 849 1364 922 ὑπὲρ
1392 849 1485 903 τοῦ
1520 847 1702 914 αὔξειν
1731 847 1830 918 τὴν
1856 845 1972 899 θλί-

1089 365 1146 418 S.
1188 360 1476 417 JOANNIS
1504 351 1992 412 CIIRYSOSTOMI
2031 349 2352 408 ARCHIEP.
2387 353 2937 410 CONSTANTINOP.

3551 349 3650 405 6l8

2082 465 2303 538 ὄφλημα
2330 467 2507 538 λέγεις
2526 484 2538 497 ·
2567 468 2596 522 δ
2615 468 2834 532 πάντως
2861 467 3150 539 ὑπομεῖναι
3169 469 3248 523 δεῖ
3262 469 3293 510 δ
3317 468 3413 524 καὶ
3434 472 3660 542 μηδενὸς

2079 570 2404 641 ἐπάγοντος·
2434 573 2500 629 ἀν
2528 591 2585 626 τε
2614 572 2830 644 ἐξορίαν
2857 574 3040 646 είπῃς,
3078 574 3230 628 οὐδὲν
3265 575 3457 646 ἕτερον
3485 574 3656 644 λέγεις

2079 677 2112 748 ή
2145 675 2352 748 χώραν,
2382 676 2599 741 καὶτὰς
2622 677 2824 742 πολλὰς
2855 677 3040 742 πόλεις
3069 680 3232 750 δρᾷψ
3265 679 3331 734 ἀν
3362 696 3424 732 τε
3443 679 3662 750 χρημάα

2079 797 2187 833 των
2211 779 2473 850 δήμευσιν
2507 778 2691 852 εἴπῃς,
2724 780 3039 853 ἐλευθερίαν
3066 782 3264 852 λέγεις,
3295 756 3393 838 καὶ
3417 783 3482 837 10
3506 782 3661 836 εὐλυ-

2079 898 2172 936 τον
2205 876 2366 936 εῐναι.

394 955 505 1024 ψιν.
525 953 684 1006 Ἀλλά
717 952 810 1006 καὶ
841 950 1000 1006 τοῦτο
1030 947 1192 1002 πάλιν
1223 946 1506 1018 λογίζομαι
1537 944 1787 1016 ἔγκλημα
1815 942 1972 1014 μέγι-
2066 1001 2073 1015 ι

396 1068 541 1112 στον,
573 1050 633 1103 τὸ
674 1049 853 1119 λέγειν
895 1048 978 1102 ὅτι
1021 1045 1117 1100 καὶ
1149 1041 1678 1116 προσφιλοτιμοῦμαι
1732 1043 1842 1103 τοῖς
1887 1038 1972 1091 λο-

392 1147 610 1215 γισμοῖς
650 1144 750 1208 τὰς
781 1143 998 1207 ὀδύνας⁶
1030 1141 1151 1196 δέον
1195 1141 1302 1210 γὰρ
1344 1139 1524 1193 πάντα
1566 1155 1626 1190 σε
1665 1139 1836 1190 ποιεῖν
1879 1135 1973 1188 καὶ

392 1242 880 1313 πραγματεύεσθαι
907 1241 1047 1311 ὑπὲρ
1071 1237 1172 1306 ,τοῦ
1211 1237 1499 1292 καταλύειν
1533 1236 1632 1307 τὴν
1674 1234 1871 1304 θλίψιν,
1912 1232 1972 1286 τὸ

393 1341 604 1410 θέλημα
649 1339 744 1393 τοῦ
792 1340 1038 1394 διαϐόλου
1067 1339 1264 1403 ποιεῖς,
1310 1336 1552 1402 αύξουσα
1598 1333 1697 1403 τὴν
1735 1332 1972 1402 ἀθυμίαν

391 1436 487 1488 καὶ
519 1436 618 1504 τὴν
644 1435 923 1506 λύπην.Ἢ
949 1435 1051 1488 οὐκ
1078 1429 1236 1488 οῑσθα
1263 1433 1428 1487 πόσον
1456 1430 1626 1484 κακὸν
1657 1432 1690 1500 ἡ
1717 1428 1926 1498 ἀθυμία
1952 1444 1966 1492 ;

391 1529 514 1580 τῶν
555 1530 613 1582 δὲ
651 1531 910 1600 Ίσαύρων
953 1530 1140 1584 ἕνεκεν
1189 1529 1357 1600 μηδὲν
1401 1527 1570 1580 δέδιθι
1619 1524 1836 1578 λοιπόν·
1879 1523 1974 1576 καὶ

392 1625 502 1696 γὰρ
529 1626 875 1696 ὑπέστρεψαν
904 1627 981 1690 είς
1003 1626 1104 1696 τὴν
1131 1625 1313 1695 χώραν
1343 1624 1524 1677 αὐτῶν
1543 1638 1558 1652 ·
1585 1621 1679 1675 καὶ
1701 1622 1728 1674 0
1749 1617 1973 1689 ἡγεμὼν

391 1724 571 1776 πάντα
598 1723 852 1791 ἐποίησεν
885 1723 1025 1792 ὑπὲρ
1058 1720 1248 1774 τούτου
1271 1738 1284 1751 ·
1310 1721 1404 1774 καὶ
1428 1722 1485 1774 ἐν
1507 1717 1780 1788 ἀσφαλείᾳ.
1803 1714 1972 1786 ἐσμὲν

391 1820 572 1889 πολλῷ
625 1820 824 1890 μᾶλλον
869 1819 1104 1873 ἐνταῦθα
1146 1817 1316 1884 ὄντες,
1359 1818 1393 1888 ἢ
1436 1818 1524 1871 ὅτε
1561 1817 1620 1870 ἐν
1665 1813 1973 1884 Καισαρείᾳ

387 1913 424 1988 ἦ
434 1935 551 1987 μεν.
571 1917 776 1973 Οὐδένα
794 1918 902 1987 γὰρ
929 1916 1116 1970 λοιπὸν
1140 1915 1354 1971 δέδοικα
1376 1916 1452 1978 ὡς
1467 1917 1591 1977 τοὺς
1616 1913 1969 1976 ἐπισκόπους,

391 2013 530 2082 πλὴν
575 2014 790 2080 ὀλίγων.
829 2013 1006 2076 ’Ὀλως
1072 2012 1252 2066 τοίνυν
1303 2010 1412 2065 τῶν
1455 2009 1714 2079 Ἰσαύρων
1763 2007 1971 2072 ἕνεκεν,

392 2109 558 2180 μηδὲν
595 2109 789 2163 δέδιθι·
823 2110 918 2164 καὶ
945 2109 1053 2181 γὰρ
1082 2107 1456 2179 ἀνεχώρησαν,
1479 2105 1686 2159 καὶτοῦ
1707 2103 1973 2175 χειμῶνος

386 2205 782 2269 καταλαϐόντος
809 2207 948 2260 οῐκοι
979 2205 1086 2258 εἰσὶ
1115 2202 1617 2273 συγκεκλεισμένοι,
1635 2201 1699 2255 ἂν
1729 2202 1836 2270 ἀρα
1862 2199 1974 2252 λοι-

388 2298 490 2352 πὸν
521 2299 660 2368 μετά
687 2299 784 2370 τὴν
819 2300 1191 2371 Πεντεκοστὴν
1221 2299 1506 2365 ἐξέλθοιεν.
1550 2297 1675 2360 Πῶς
1707 2297 1762 2349 δέ
1791 2295 1971 2364 λέγεις

390 2396 736 2466 γραμμάτων
757 2397 856 2450 οὐκ
886 2397 1210 2463 ἀπολαύεινς
1250 2397 1392 2465 ’Ἤδη
1444 2412 1527 2448 σοι
1564 2395 1712 2464 τρεῖς
1751 2393 1972 2462 ἔπεμψα

390 2491 696 2556 ἐπιστολὰς,
727 2491 824 2562 τὴν
857 2493 957 2563 μὲν
1007 2491 1096 2545 διὰ
1154 2490 1262 2544 τῶν
1309 2490 1645 2562 ἐπαρχικῶν,
1676 2489 1774 2558 τὴν
1804 2488 1861 2541 δέ
1903 2487 1971 2540 δι’

401 2587 706 2654 Ἀντωνίου,
732 2587 830 2658 τὴν
872 2588 928 2640 δὲ
979 2588 1046 2642 δι’
1091 2586 1398 2640 Ἀνατολίου
1446 2585 1541 2638 τοῦ
1591 2584 1804 2638 οἰκέτου
1855 2602 1970 2649 σου,

388 2681 774 2755 πο>.υστίχους’
825 2685 925 2748 τὰς
971 2686 1026 2739 δὲ
1064 2685 1157 2738 δύο
1202 2685 1433 2756 μάλιστα
1467 2685 1756 2755 φάρμακον
1802 2685 1974 2755 σωτή-

389 2794 525 2848 ριον,
555 2781 727 2833 πάντα
752 2781 1083 2851 ἀθυμοῦντα,
1116 2781 1296 2834 πάντα
1326 2778 1812 2850 σκανδαλιζόμενον
1850 2779 1972 2832 ίκαι

388 2875 485 2936 νὰς
517 2876 949 2946 ἀνακτήσασθαι,
975 2877 1069 2929 καὶ
1102 2877 1238 2948 πρὸς
1274 2875 1520 2947 καθαρὰν
1549 2875 1814 2946 εὐθυμίαν
1833 2876 1972 2945 ἀγα-

386 2973 520 3036 γεῖν.
557 2971 813 3026 Λαϐοὖσα
845 2973 1024 3026 τοίνυν
1052 2973 1276 3038 ταύτας,
1323 2973 1556 3044 ἐπέρχου
1607 2974 1846 3044 συνεχῶς
1878 2975 1974 3029 καὶ

386 3065 474 3118 διὰ
503 3067 724 3130 παντὸς,
762 3069 854 3121 καὶ
901 3069 1021 3138 ὄψει
1074 3068 1254 3124 αὐτῶν
1288 3069 1386 3138 τὴν
1415 3071 1586 3138 ἰσχὺν,
1621 3069 1714 3122 καὶ
1753 3070 1854 3140 τῆς
1889 3071 1974 3123 ἱα-

383 3165 570 3233 τρείας
607 3166 800 3235 πεῖραν
825 3165 970 3236 λήψῃ
1002 3165 1223 3234 πολλὴν,
1262 3165 1357 3218 καὶ
1389 3165 1677 3232 ὠφέλειαν,
1703 3165 1796 3217 καὶ
1836 3168 1971 3235 ήμῖν

386 3261 669 3330 δηλώσεις,
696 3261 777 3313 ὅτι
806 3260 1001 3329 γέγονέ
1028 3260 1108 3312 σοί
1142 3259 1294 3331 [600]
1318 3279 1370 3314 11
1399 3261 1556 3314 πλέον
1583 3262 1971 3332 ἐκεῖθεν.Ἕχω

387 3357 480 3409 καὶ
506 3356 694 3426 τρίτην
723 3355 944 3426 ἑτοίμην
984 3358 1222 3409 ἐοικυῖαν
1256 3357 1466 3420 αὐταῖς,
1499 3358 1564 3427 ἢν
1605 3358 1706 3410 οὐκ
1738 3358 1973 3430 ήϐουλή-

388 3450 488 3519 θην
536 3451 744 3521 πέμψαι
790 3450 903 3515 νῦν,
940 3452 1144 3523 σφόδρα
1189 3452 1435 3522 ἀλγήσας
1479 3454 1564 3522 ἐφ’
1597 3447 1678 3515 οἷς
1721 3453 1900 3522 λέγεις
1919 3466 1969 3519 ει,

387 3547 470 3599 ὅτι
498 3550 591 3600 καὶ
621 3549 839 3617 συνάγω
867 3567 957 3618 μοι
983 3547 1277 3619 λογισμοὺς
1306 3548 1618 3620 όδυνηροὺς,
1646 3551 1738 3604 καὶ
1772 3551 1840 3602 τά
1871 3551 1971 3603 οὐκ

384 3639 512 3693 ὄντα
561 3643 1017 3707 ἁναπλάττουσα,
1075 3643 1292 3708 ἀνάξιον
1343 3648 1576 3716 σεαυτῆς
1622 3645 1969 3716 φθεγξαμένη

386 3738 556 3808 ῥῆμα,
591 3741 675 3807 ἐφ’
701 3733 744 3807 ᾧ
775 3740 871 3792 καὶ
899 3740 1062 3802 αὐτὸς
1119 3740 1447 3811 αἰσχύνομαι
1501 3743 1596 3794 καὶ
1635 3742 1972 3808 ἐγκαλύπτο-

299 3888 309 3892 _
386 3853 506 3906 μαι.
541 3835 685 3905 Πλὴν
712 3837 986 3905 ἀνάγνωθι
1015 3836 1252 3901 ἐκείνας,
1271 3839 1364 3890 καὶ
1385 3838 1485 3890 οὐκ
1507 3838 1585 3891 ἐτι
1609 3837 1781 3892 ταῦτα
1804 3840 1967 3907 ἐρεῖς,

385 3930 489 3984 κᾶν
541 3933 800 4000 μυριάκις
832 3931 1143 4002 φιλονεικῇς
1179 3932 1665 4004 ἀθυμεῖν.Ἐπειδὴ
1714 3936 1808 3987 καὶ
1842 3933 1972 4004 περὶ

392 4026 748 4099 Ἡρακλείδου
778 4028 872 4081 τοῦ
902 4029 1203 4082 ἐπισκόπου
1250 4033 1381 4102 ἡμῖν
1426 4030 1721 4101 ἐδήλωσας,
1763 4031 1970 4097 ἔξεστιν

383 4121 553 4192 αὐτῷ,
598 4125 646 4175 εἰ
697 4124 1002 4195 βουληθείη,
1054 4126 1236 4180 δοῦναι
1283 4127 1558 4194 ἔνστασιν,
1613 4127 1710 4181 καὶ⁸
1752 4127 1971 4181 πάντων

382 4218 800 4287 ἀπαλλαγῆναι·
829 4221 982 4274 οὐδὲν
1003 4221 1112 4294 γὰρ
1136 4221 1264 4276 ἄλλο
1283 4223 1546 4276 λείπεται.
1566 4222 1708 4290 Ἐγὼ
1729 4223 1785 4276 δὲ
1807 4225 1971 4278 εἶκαὶ

388 4313 557 4383 μηδὲν
587 4314 732 4382 μέγα
756 4317 938 4385 ήνυον,
974 4317 1089 4371 ἀλλ’
1117 4319 1267 4388 ὅμως
1299 4319 1546 4385 ἐδήλωσα
1573 4322 1639 4390 τῇ
1671 4320 1838 4391 κυρίᾳ
1867 4338 1970 4390 μου

386 4409 674 4480 Πενταδίᾳ,
702 4410 844 4464 ὥστε
887 4414 1068 4467 πᾶσαν
1097 4414 1333 4486 σπουδήν
1355 4413 1739 4480 ἐπιδείξασθαι,
1771 4415 1824 4470 εί
1849 4433 1971 4470 τινα

383 4507 688 4576 ἐπινοήσειε
719 4505 798 4576 τῷ
829 4509 986 4580 κακῷ
1025 4511 1586 4583 παραμυθίαν.Ἔφης
1617 4511 1673 4564 δὲ
1704 4511 1970 4582 τετολμη-

382 4601 532 4656 κέναι
577 4603 815 4674 δηλῶσαί
857 4623 949 4676 μοι
981 4605 1048 4662 τὰ
1085 4607 1323 4679 λυπηρὰ,
1369 4607 1458 4662 διὰ
1494 4607 1553 4661 τὸ
1598 4609 1726 4678 παρ’
1759 4608 1968 4662 ἐκείνου

391 4699 764 4772 κελευσθῆναι.
797 4703 934 4757 Ποία
962 4703 1134 4776 τόλμα
1162 4703 1322 4759 τοῦτο
1347 4722 1363 4773 ;

451 4816 588 4871 Οὔτε
625 4821 754 4887 γοῦν
791 4823 1118 4895 ἐπαυσάμην
1151 4823 1347 4894 λέγων,
1377 4823 1501 4878 οὔτε
1547 4827 1850 4897 παύσομαι,
1883 4827 1967 4880 ὅτι

383 4908 440 4963 ἓν
467 4910 708 4984 λυπηρὸν
740 4918 980 4990 ἁμαρτία
1012 4921 1206 4991 μόνον⁹
1237 4921 1306 4976 τά
1330 4920 1386 4973 δέ
1427 4920 1563 4976 ἀλλα
1607 4923 1785 4978 πάντα
1821 4924 1968 4988 κόνις

384 5004 476 5056 καὶ
506 5009 730 5073 καπνός.
760 5009 824 5064 Τί
858 5013 964 5088 γὰρ
1011 5014 1149 5086 βαρὺ
1192 5015 1564 5089 δεσμωτήριον
1602 5021 1842 5091 οἰκῆσαι,
1873 5019 1967 5072 καλ¹

383 5098 572 5154 ἅλυσιν
599 5108 944 5176 περικεῖσθαι
964 5127 977 5176 ;
1000 5112 1052 5164 τί
1082 5111 1140 5166 δέ
1175 5113 1315 5187 βαρὺ
1348 5115 1578 5186 πάσχειν
1606 5117 1809 5183 κακῶς,
1841 5117 1966 5171 ὅταν

383 5196 654 5270 τοσαύτης
685 5203 955 5278 ἐμπορίας
1003 5207 1064 5261 τὸ
1111 5209 1342 5282 πάσχειν
1374 5212 1560 5276 κακῶς
1587 5213 1844 5278 ὑπόθεσις
1875 5215 1968 5284 γέ-

382 5307 576 5365 νηται;
608 5296 742 5352 τίδὲ
777 5301 961 5371 ἐξορία
999 5304 1172 5376 βαρύς
1200 5307 1254 5360 τί
1291 5309 1347 5361 δέ
1381 5310 1682 5382 δήμευσις;
1717 5313 1966 5385 Ῥήματα

380 5391 560 5448 ταῦτά
592 5395 709 5449 ἐστι
761 5396 951 5452 δεινῶν
989 5402 1331 5470 πραγμάτων
1360 5407 1564 5479 ἔρημα,
1602 5411 1824 5481 ῥήματα
1869 5412 1965 5465 λύ-

387 5501 495 5557 πης
520 5488 783 5557 ψιλάοἊν
823 5511 882 5546 τε
920 5493 1029 5565 γὰρ
1067 5495 1295 5556 θάνατον
1323 5502 1504 5575 εἴπῃς,
1534 5505 1596 5558 10
1627 5507 1725 5577 τῆς
1751 5505 1966 5577 φύσεως

445 5643 475 5718 ἶ
498 5641 611 5718 2110
631 5658 745 5694 mss.
771 5647 980 5718 ἀλγήσας
1003 5652 1163 5718 διόπερ
1181 5653 1308 5717 ἔφης·

447 5700 476 5778 θ
498 5701 624 5778 Trois
656 5720 771 5778 ωδε.
797 5700 985 5778 πάντως
1017 5700 1362 5778 ὐτέδὰῖἤῦἆὶγμε
1385 5717 1472 5766 δεῖ.
1497 5718 1610 5771 Mox
1635 5722 1732 5772 duo
1754 5735 1868 5773 mss.
1892 5723 1966 5773 λέο

383 5772 478 5818 γεις
498 5763 530 5818 ἢ
554 5765 698 5814 τόπον
726 5769 780 5816 ἐκ
794 5771 942 5819 τόπου
964 5763 1200 5835 ἀμείϐειν,
1219 5763 1503 5836 καῖ’πολλάς.

2149 1019 2213 1076 ε’.
2246 1020 2537 1092 Μαρουθῶ
2552 1020 2643 1074 τὸν
2664 1021 2958 1077 ἐπίσκοπον
2979 1021 3054 1094 μὴ
3073 1020 3375 1096 διαλείπῃς,
3395 1022 3457 1076 τό
3483 1039 3547 1091 γε
3581 1023 3657 1084 είς

2084 1127 2142 1181 σὲ
2172 1123 2331 1200 ἧκον,
2363 1127 2760 1200 θεραπεύουσα,
2793 1127 2934 1180 ὥστε
2961 1127 3331 1198 ἀνιμήσασθαι
3363 1128 3458 1180 τοῦ
3492 1127 3657 1196 βαρά-

2081 1229 2233 1301 θρου.
2274 1229 2523 1284 Μάλιστα
2547 1230 2655 1300 γὰρ
2687 1229 2852 1282 αὐτοῦ
2884 1229 3075 1300 δέομαι
3108 1229 3194 1282 διὰ
3231 1229 3302 1282 τά
3329 1232 3385 1282 ἐν
3416 1231 3656 1302 Περσίδι.

2081 1335 2192 1386 Καὶ
2231 1334 2368 1406 μάθε
2399 1337 2528 1405 παρ’
2557 1335 2743 1400 αὐτοῦ,
2775 1337 2842 1389 ἂν
2881 1335 3102 1388 δυνατόν
3131 1352 3212 1387 σοι
3239 1335 3485 1406 γένηται,
3518 1337 3570 1388 τί
3599 1353 3656 1389 τε

2080 1437 2438 1510 κατώρθωται
2470 1441 2646 1492 ἐκεῖσε
2681 1440 2748 1492 δι’
2775 1440 2961 1506 αὐτοῦ,
2987 1441 3080 1492 καὶ
3105 1439 3249 1502 τίνος
3271 1440 3460 1492 ἕνεκεν
3483 1457 3659 1509 παρα-

2079 1542 2289 1610 γέγονε,
2320 1542 2414 1594 καὶ
2455 1542 2692 1614 δήλωσον
2724 1545 2873 1614 ἡμῖν,
2910 1545 2959 1596 εί
2999 1543 3098 1606 τὰς
3129 1542 3220 1596 δύο
3251 1543 3562 1609 ἐπιστολὰς,
3595 1543 3657 1606 ἃς

2081 1645 2302 1716 ἔπεμψα
2339 1646 2507 1718 αὐτῷ,
2546 1647 2870 1711 ἀπέδωκας·
2916 1648 3020 1702 κᾶν
3061 1648 3157 1717 μὲν
3193 1646 3480 1718 βουληθείη
3528 1651 3657 1719 ἡμῖν

2083 1752 2424 1818 ἐπιστεῖλαι,
2470 1753 2630 1807 πάλιν
2676 1753 3067 1823 ἐπιστελούμεν
3123 1753 3301 1825 αὐτῷ·
3356 1754 3422 1806 ἂν
3476 1755 3536 1807 δέ
3585 1755 3657 1827 μή

2084 1856 2394 1928 βουληθείη,
2425 1858 2527 1911 κᾶν
2564 1859 2630 1928 τῇ
2667 1856 2924 1928 εὐλαϐείᾳ
2952 1875 3044 1910 σου
3074 1857 3311 1929 δηλώσῃ,
3346 1861 3398 1912 ετ
3427 1877 3482 1912 τι
3508 1859 3659 1926 γέγο.

2082 1977 2171 2013 νεν
2201 1959 2386 2012 αὐτόθι
2415 1958 2598 2022 πλέον,
2631 1957 2728 2011 καὶ
2770 1959 2819 2011 εί
2874 1958 3056 2030 μέλλοι
3079 1977 3132 2013 τι
3170 1960 3472 2033 κατορθοῦν
3500 1964 3660 2017 πάλιν

2082 2062 2306 2118 κατιών.
2337 2061 2478 2131 Ἐγὼ
2527 2062 2636 2132 γὰρ
2677 2061 2767 2116 διὰ
2808 2061 2964 2116 τοῦτο
3004 2065 3095 2116 καὶ
3135 2065 3464 2130 ἐσπούδαζον
3516 2065 3662 2136 αὐτῷ

2083 2167 2463 2238 συγγενέσθαι.
2489 2167 2638 2239 Πλὴν
2669 2167 2847 2222 πάντα
2878 2167 2946 2220 τὰ
2973 2167 3124 2238 παρά
3152 2167 3247 2220 σοῦ
3271 2168 3538 2236 γενέσθω,
3563 2170 3661 2243 κᾶν

2084 2272 2284 2336 πάντες
2312 2271 2667 2342 κατακέφαλα
2699 2271 2992 2343 φέρωνται,
3012 2271 3091 2352 ,τά
3121 2271 3323 2341 σαυτῆς
3356 2272 3664 2342 πλήρου.⁴0

2081 2379 2190 2452 γὰρ
2224 2379 2412 2452 μισθός
2439 2397 2534 2434 σου
2569 2379 2722 2434 ἔσται
2750 2377 3170 2451 άπηρτισμένος.
3201 2378 3352 2432 Πάνυ
3376 2373 3471 2431 οὖν
3501 2379 3666 2432 αὐτὸν

2081 2487 2378 2552 οίκείωσαι,
2409 2488 2504 2541 καὶ
2528 2487 2604 2550 ὡς
2636 2487 2889 2559 ἐγχωρεῖ,
2918 2486 3250 2558 Παρακαλῶ,
3289 2486 3448 2539 τοῦτο
3481 2487 3511 2539 0
3539 2485 3664 2556 μέλ-

2081 2591 2158 2645 λω
2189 2591 2367 2660 λέγειν
2396 2591 2470 2663 μὴ
2501 2592 2886 2663 παραδράμῃς,
2919 2591 3058 2645 ἀλλά
3089 2589 3290 2661 πολλὴν
3326 2590 3459 2660 περὶ
3500 2590 3664 2644 αὐτοῦ

2085 2695 2346 2760 ἐπίδειξαι
2401 2695 2656 2765 σπουδήν.
2675 2694 2982 2765 Ἐδήλωσάν
3031 2711 3122 2764 μοι
3167 2693 3217 2746 οἱ
3254 2693 3587 2763 μονάζοντες
3618 2693 3665 2745 οἱ

2083 2797 2349 2868 Μαρσεῖς,
2380 2796 2429 2848 οί
2466 2795 2673 2862 Γότθοι,
2707 2794 2836 2850 ἔνθα
2879 2795 2967 2848 ἀεὶ
3003 2795 3284 2866 κέκρυπτο
3325 2794 3659 2865 Σεραπίων⁸

2082 2902 2111 2954 0
2139 2901 2458 2967 ἐπίσκοπος,
2495 2900 2578 2953 ὅτι
2601 2898 2934 2969 Μοδουάριος
2961 2892 3125 2970 ἦλθεν
3152 2900 3180 2952 0
3200 2897 3446 2960 διάκονος
3487 2897 3665 2966 ἀπαγ-

2081 3006 2309 3077 γέλλων,
2349 3007 2431 3060 011
2465 3004 2696 3069 Οὐνίλας
2723 3007 2752 3059 0
2782 3004 3080 3067 ἐπίσκοπος
3125 3000 3274 3075 [601]
3302 3003 3332 3055 0
3361 3001 3666 3072 θαυμάσιος

2083 3111 2312 3176 ἐκεῖνος,
2339 3111 2400 3164 0v
2429 3109 2621 3182 πρώην
2652 3108 3035 3180 ἐχειροτόνησα
3062 3107 3159 3162 καὶ
3191 3106 3413 3178 ἔπεμψα
3435 3108 3522 3171 είς
3545 3107 3666 3160 Γοτ-

2084 3216 2225 3281 θίαν,
2261 3215 2435 3270 πολλά
2481 3215 2574 3270 καὶ
2616 3213 2828 3286 μεγάλα
2857 3213 3210 3286 κατορθώσας
3235 3211 3543 3282 ἐκοιμήθη·
3579 3213 3665 3264 καὶ

2080 3317 2214 3394 ἦλθε
2283 3321 2466 3392 φέρων
2531 3320 2836 3392 γράμματα
2911 3318 3007 3372 τοῦ
3067 3317 3233 3388 ρηγδς
3286 3317 3395 3370 τῶν
3456 3315 3667 3370 Γὸτθων

2083 3429 2336 3496 ἀξιοῦντα
2361 3428 2679 3499 πεμφθῆναι
2707 3428 2892 3491 αὐτοῖς
2933 3425 3252 3480 ἐπίσκοπον.
3271 3425 3427 3477 Ἐπεὶ
3455 3419 3554 3478 οὖν
3579 3425 3667 3477 οὐ-

2080 3535 2168 3588 δὲν
2197 3534 2325 3590 ἀλλο
2357 3533 2470 3606 ὁρῶ
2507 3534 2644 3605 πρὸς
2692 3533 2791 3606 τήν
2833 3532 3235 3603 ἀπειλουμένην
3281 3529 3668 3601 καταστροφήν

2083 3637 2368 3691 συντελῶν
2425 3638 2504 3700 είς
2553 3635 2856 3707 διόρθωσιν,
2891 3635 2924 3704 ἢ
2967 3635 3222 3704 μέλλησιν
3266 3634 3360 3687 καὶ
3402 3633 3670 3702 ἀναϐολὴν

2082 3741 2224 3809 (οὐδέ
2253 3739 2364 3809 γὰρ
2401 3740 2628 3794 δυνατὸν
2670 3741 2854 3802 αὐτοῖς
2886 3737 3118 3792 πλεῦσαι
3157 3739 3237 3802 είς
3274 3737 3364 3789 τὸν
3393 3737 3669 3807 Βόσπορον

2080 3831 2193 3897 νῦν,
2222 3831 2342 3884 οὐδὲ
2376 3833 2456 3894 είς
2492 3831 2559 3884 τὰ
2596 3830 2734 3902 μέρη
2771 3830 3009 3900 ἐκεῖνα),
3043 3827 3375 3900 ὑπερθέσθαι
3402 3828 3550 3890 τέως
3576 3827 3668 3881 αὐ-

2079 3937 2206 3998 τοὺς
2234 3934 2323 3988 διὰ
2348 3935 2440 3987 τὸν
2471 3933 2716 4004 χειμῶνα
2737 3933 3158 4004 παρασκεύασον
3177 3950 3190 3964 ο
3215 3931 3351 3985 ἀλλὰ
3384 3930 3461 4002 μὴ
3486 3931 3670 3994 ἁπλῶς

2081 4039 2213 4092 αὐτὸ
2265 4039 2665 4110 παραδράμῃς’
2717 4036 3053 4108 κατόρθωμα
3098 4036 3206 4107 γάρ
3235 4037 3350 4088 ἐστι
3389 4023 3666 4106 μέγιστον.

2079 4144 2184 4196 Δύο
2212 4142 2322 4213 γάρ
2363 4144 2510 4195 ἐστιν
2543 4142 2578 4196 ἃ
2610 4143 2848 4214 μάλιστά
2891 4160 2960 4213 με
3005 4143 3168 4195 λυπεῖ
3196 4145 3244 4196 εί
3272 4142 3510 4211 γένοιτο,
3541 4142 3571 4195 ὃ
3599 4142 3669 4212 μή

2079 4247 2310 4318 γένοιτο,
2337 4248 2398 4301 τό
2445 4264 2505 4300 τε
2558 4247 2708 4319 παρά
2755 4247 2961 4304 τούτων
3011 4248 3225 4319 μέλλειν
3259 4246 3536 4315 γίνεσθαι,
3569 4246 3672 4299 τῶν

2079 4353 2315 4406 τοσαῦτα
2343 4353 2489 4407 κακὰ
2520 4353 2933 4424 ἐργασαμένων,
2975 4354 3069 4407 καὶ
3114 4352 3243 4424 παρ’
3268 4345 3342 4405 ὧν
3387 4352 3448 4404 οὐ
3489 4351 3666 4422 θέμις,

2079 4458 2140 4512 τό
2168 4475 2228 4510 τε
2258 4457 2443 4521 ἁπλῶς
2467 4475 2589 4512 τινα
2614 4458 3021 4528 γενέσθαι.”οτι
3054 4457 3163 4528 γὰρ
3209 4455 3270 4509 ού
3305 4453 3669 4520 σπουδάζουσι

2078 4580 2200 4616 τινα
2222 4566 2466 4633 γενναῖον
2498 4564 2742 4635 ποιῆσαι,
2773 4557 2928 4616 οἶσθα
2969 4563 3064 4616 καὶ
3105 4561 3264 4632 αὐτή.
3305 4561 3368 4614 Εἰ
3411 4560 3468 4612 δὲ
3514 4559 3670 4614 τοῦτο

2080 4669 2312 4740 γένοιτο,
2338 4669 2366 4722 0
2395 4668 2471 4740 μὴ
2497 4671 2730 4738 γένοιτο,
2761 4667 2828 4721 τά
2858 4667 2986 4739 ἑξῆς
3012 4664 3430 4719 ἐπίστασαι.⁸’ῐν’
3449 4659 3553 4717 οὖν
3577 4680 3669 4734 μη-

2079 4775 2168 4830 δὲν
2200 4776 2404 4829 τούτων
2447 4776 2694 4846 γένηται,
2722 4775 2904 4828 πᾶσαν
2954 4772 3189 4844 σπουδὴν
3235 4772 3499 4842 ποίησαι·
3540 4771 3670 4840 ἀψο-

2083 4880 2218 4951 φητὶ
2251 4880 2308 4934 δέ
2343 4879 2390 4933 εἰ
2417 4879 2639 4934 δυνατὸν
2678 4874 2746 4950 ἦν
2789 4879 2883 4931 καὶ
2907 4877 3276 4941 λανθανόντως
3303 4877 3395 4930 τὸν
3422 4876 3669 4932 Μοδουά·

2085 4981 2239 5054 ριονά
2275 4982 2410 5054 πρὸς
2448 4983 2597 5053 ἡμᾶς
2635 4981 2948 5052 ἐκδραμεῖν,
2993 4982 3226 5053 μέγιστα
3255 4980 3321 5034 ἂν
3359 4981 3580 5050 ἠνύετο.
3604 4979 3668 5034 ΕΞ

2076 5089 2133 5143 δέ
2184 5088 2258 5160 μὴ
2288 5087 2533 5153 δυνατὸν,
2567 5089 2632 5142 ἐκ
2679 5087 2786 5141 τῶν
2817 5087 3202 5160 ἐγχωρούντων
3234 5087 3304 5140 τὰ
3346 5087 3554 5141 δυνατὰ
3581 5105 3670 5157 γι-

2075 5193 2457 5265 νέσθω.”οπερ
2512 5193 2622 5265 γὰρ
2671 5193 2765 5246 ἐπὶ
2809 5192 2918 5246 τῶν
2960 5192 3257 5264 χρημάτων
3289 5192 3528 5260 γίνεται,
3570 5190 3666 5248 καὶ

2075 5300 2168 5353 ἐπί
2195 5299 2296 5370 τῆς
2340 5300 2514 5371 χήρας
2549 5298 2769 5371 συνέϐη,
2803 5299 2962 5354 τοῦτο
3006 5300 3099 5352 καὶ
3132 5298 3226 5351 ἐπὶ
3258 5297 3367 5352 τῶν
3401 5299 3663 5371 πραγμά-

2075 5407 2422 5476 των.”Ωσπερ
2456 5402 2564 5475 γὰρ
2610 5404 2795 5476 ἐκείνη
2845 5403 2939 5457 δύο
2983 5403 3204 5467 ὀϐολοὺς
3250 5402 3660 5467 καταϐαλοῦσα,

2075 5506 2326 5572 ἅπαντας
2370 5507 2766 5580 ύπερηκόντισε
2797 5509 2924 5573 τοὺς
2963 5507 3181 5562 πλείονα
3227 5508 3659 5574 καταϐαλόντας,

2139 5667 2161 5728 εξ
2191 5665 2296 5713 Duo
2322 5678 2436 5712 mss.
2460 5665 2565 5713 ἔνθα
2589 5665 2646 5722 δὴ
2675 5663 2930 5728 ἐκρύπτετο
2957 5663 3224 5728 Σαραπίων.

2137 5726 2164 5766 ά
2194 5728 2316 5775 Tres
2343 5742 2460 5774 mss.
2490 5729 2702 5790 σπουδήν
2722 5724 2963 5783 ἀπόδειξαι
2988 5724 3064 5778 vél
3100 5726 3325 5782 ἐπίδειξαι
3365 5724 3590 5790 ἀψοφητί·
3619 5724 3656 5772 εἲ

2077 5790 2128 5839 δέ
2149 5791 2342 5839 δυνατὸν
2352 5790 2432 5838 τὸν
2449 5789 2764 5853 Μοδουάριον.
