3906 6370
188 386 279 448 ΕΠ

194 515 349 558 tecum
388 500 691 572 agebamus,
741 509 808 549 ne
836 502 933 548 nes
966 482 1102 547 hinc.
1121 498 1421 548 emovcrcs.
1478 480 1594 558 Ego
1626 496 1756 540 vero

195 593 306 661 illud
353 604 553 647 mecum
593 587 830 657 cogitare
863 592 1134 654 poteram,
1182 581 1336 651 longa
1384 578 1476 634 tibi
1516 576 1759 633 oratione

200 684 466 753 multisque
487 680 760 736 laboribus
796 693 860 734 ac
887 675 1171 733 sudoribus
1195 688 1330 743 opus
1360 672 1507 737 fore,
1544 679 1597 727 ut
1624 668 1756 725 mihi

152 838 153 843 η
192 780 250 834 de
277 778 373 831 hoe
392 773 553 829 verbo
579 769 940 826 Salisfaceres.
971 768 1304 836 Quamquam
1332 763 1556 818 fortasse
1581 760 1759 830 aliqua

150 854 160 924 ’ζ
191 888 247 927 ex
277 877 420 941 parte
450 866 785 933 ‘satisfecisti,
830 879 952 919 cum
979 862 1065 917 bis
1091 861 1272 918 verbis
1322 875 1415 915 usa
1458 873 1519 914 es
1541 898 1558 925 ,
1612 856 1758 913 istud

191 958 667 1029 dumtaxatcogito,
692 966 757 1010 ut
781 953 1138 1011 calamitatem
1166 966 1340 1008 meam
1385 965 1633 1020 augeam.
1688 950 1759 1003 At

192 1055 281 1109 hoc
298 1064 510 1123 quoque
536 1065 749 1105 rursum
781 1049 832 1102 in
860 1059 1073 1102 summo
1120 1045 1346 1101 crimine
1384 1058 1526 1114 pono
1550 1079 1569 1112 ,
1616 1040 1757 1113 quod

192 1151 326 1204 aiste
354 1148 580 1203 libenter
598 1146 667 1201 de
706 1145 966 1201 industria
997 1144 1210 1198 dolores
1240 1142 1336 1197 tibi
1367 1156 1460 1211 per
1480 1139 1761 1211 cogitatio-

192 1244 275 1297 nc's
292 1254 561 1296 accersere
593 1256 606 1292 :
637 1253 759 1293 nam
786 1251 908 1292 cum
937 1244 987 1290 te
1015 1235 1150 1290 nihil
1176 1248 1282 1288 non
1313 1247 1473 1300 agerc
1498 1246 1561 1285 ac
1582 1229 1760 1285 moliri

191 1340 429 1402 oporteat,
444 1346 550 1400 quo
571 1330 733 1385 animi
754 1342 1040 1384 mmrorem
1069 1327 1397 1402 exstinguas,
1418 1323 1529 1394 ipsa
1558 1332 1757 1388 tamen,

191 1424 314 1493 quod
339 1421 551 1477 diabolo
579 1429 789 1491 gratum
820 1430 934 1485 est,
986 1416 1140 1484 facis,
1193 1431 1479 1471 mmrorem
1513 1414 1761 1469 videlicet

191 1513 437 1584 animique
468 1512 767 1567 molestiam
795 1526 1015 1580 augens.
1061 1510 1141 1562 An
1167 1516 1217 1563 te
1236 1505 1392 1577 fugit,
1416 1521 1574 1577 quant
1598 1520 1761 1575 grave

192 1607 365 1661 malum
402 1605 471 1660 sit
500 1604 794 1661 mmstitia?
825 1604 901 1657 De
930 1602 1123 1657 lsauris
1149 1611 1328 1656 autem
1361 1599 1493 1654 nihil
1513 1607 1596 1655 est
1617 1597 1760 1670 quod

192 1697 390 1768 posthac
416 1707 623 1751 metuas
656 1712 670 1748 :
704 1695 904 1751 etenim
937 1694 990 1748 in
1013 1694 1285 1763 regionem
1326 1706 1478 1747 suam
1526 1705 1644 1745 sese
1668 1706 1758 1745 re-

191 1798 425 1862 ceperunt
459 1806 472 1844 :
506 1789 667 1859 idque
714 1796 774 1842 ut
813 1787 1085 1850 facerent,
1131 1800 1162 1839 a
1213 1784 1462 1853 praefecto
1506 1782 1636 1837 nihil
1679 1790 1764 1837 est

193 1882 583 1955 prmtcnnissum
604 1894 629 1935 ξ
660 1880 931 1949 multoque
959 1880 1121 1934 tutior
1147 1878 1234 1933 hic
1262 1892 1402 1944 sum,
1436 1891 1599 1947 quam
1630 1891 1752 1931 cum

194 1973 431 2029 Cmsarete
456 1980 722 2028 essemus;
766 1971 1046 2028 Neminem
1071 1972 1215 2025 enim
1234 1978 1340 2025 tam
1371 1977 1573 2033 metuo,
1600 1982 1760 2037 quam

190 2066 467 2137 episcopos,
528 2065 717 2137 paucis
754 2064 1010 2135 exceptis.
1062 2063 1245 2133 Itaque
1290 2062 1358 2117 de
1404 2062 1600 2117 Isauris
1629 2059 1762 2114 nihil

191 2169 410 2215 metuas:
439 2159 646 2215 etenim
675 2166 1038 2224 recesserunt,
1069 2166 1294 2227 ortaque
1318 2154 1496 2211 hieme
1524 2154 1667 2210 domi
1700 2167 1759 2208 se

192 2250 521 2315 incluserunt,
562 2248 745 2303 nescio
790 2262 857 2301 an
900 2257 1018 2317 post
1067 2239 1424 2303 Pcntecdsten
1471 2244 1759 2315 egressuri.

189 2341 446 2409 Quomodo
482 2340 665 2396 nullas
697 2348 748 2396 te
768 2341 952 2394 literas
977 2339 1220 2409 recipere
1250 2337 1363 2392 ais?
1394 2337 1528 2393 Tres
1550 2337 1662 2407 jam
1694 2333 1763 2389 ad

191 2441 234 2487 te
255 2432 495 2503 epistolas
515 2431 666 2498 misi,
687 2445 846 2489 unam
870 2445 967 2500 per
995 2429 1276 2501 prmtorios
1299 2428 1518 2495 milites,
1539 2428 1763 2483 alteram

190 2535 273 2592 per
295 2524 607 2590 Antonium,
640 2522 801 2577 aliam
831 2537 925 2593 per
954 2522 1211 2577 famulum
1251 2528 1398 2576 tuum
1431 2521 1760 2603 Anatolium,

192 2616 354 2686 longas
375 2631 605 2672 omnes:
640 2616 944 2686 prmsertim
971 2624 1151 2670 autem
1172 2614 1307 2669 duas
1334 2614 1620 2683 ejusmodi,
1645 2628 1764 2683 qua:

192 2707 425 2763 salutiferi
481 2707 865 2762 medicamenti
933 2706 1103 2761 instar
1160 2705 1459 2776 quemlibet
1528 2719 1765 2760 mmrore

193 2796 445 2867 afﬂictum,
467 2808 639 2869 atque
663 2796 973 2853 scandalum
993 2797 1284 2867 patientem
1306 2810 1578 2863 recreare,
1606 2805 1766 2865 atque

194 2889 249 2944 ad
275 2889 523 2961 integram
562 2889 726 2944 animi
762 2888 1201 2960 tranquillitatem
1240 2902 1497 2943 revocare
1535 2887 1762 2957 possint.

191 2981 282 3037 llas
324 2981 478 3053 igitur
522 2996 654 3037 cum
711 2980 1018 3050 acceperis,
1068 2979 1297 3036 subinde
1344 2988 1505 3051 atque
1552 2978 1766 3034 assidue

190 3074 463 3142 pervolvas,
486 3085 660 3144 atque
686 3089 872 3129 earum
892 3072 998 3127 vim
1026 3082 1080 3128 et
1099 3070 1406 3128 facultatem
1431 3070 1725 3142 perspicies
1749 3087 1763 3125 ε

191 3179 243 3219 ac
262 3166 635 3222 medicamenti
661 3164 943 3220 utilitatem
972 3162 1186 3219 abunde
1223 3162 1518 3234 experieris
1537 3205 1550 3227 ,
1581 3163 1766 3219 nobis-

191 3271 278 3326 que
302 3268 353 3315 te
378 3259 621 3314 fructum
649 3257 778 3313 hinc
802 3258 1108 3327 percepisse
1132 3257 1426 3312 nuntiabis.
1462 3256 1557 3312 Est
1584 3266 1764 3311 autem

192 3364 335 3421 penes
379 3368 463 3406 me
491 3350 660 3407 tertia
690 3365 909 3422 quoque
934 3348 1179 3419 ejusdem
1230 3350 1552 3420 argumenti,
1607 3364 1767 3420 quam

190 3455 315 3494 nunc
339 3441 402 3496 ad
432 3451 482 3497 te
512 3441 738 3497 mittere
768 3440 913 3496 nolui
945 3458 959 3495 :
1002 3452 1199 3512 magno
1227 3441 1371 3497 enim
1416 3440 1602 3497 dolore
1646 3442 1771 3496 hinc

188 3544 290 3584 sum
316 3531 561 3600 affectus,
605 3532 747 3602 quod
789 3542 841 3588 te
868 3533 1091 3588 acerbas
1119 3532 1472 3604 cogitationes
1496 3533 1771 3589 cumulare

189 3623 381 3692 scribis,
407 3634 578 3697 atquc
606 3640 669 3680 ea
697 3641 818 3697 quae
856 3641 962 3681 non
990 3633 1116 3681 sunt
1139 3626 1416 3697 efﬁngere.
1448 3626 1600 3694 Quod
1647 3627 1768 3697 qui-

195 3712 300 3768 dem
327 3718 545 3773 verbum
577 3734 609 3772 a
659 3726 710 3771 te
754 3716 979 3788 proferri
1009 3718 1230 3774 minime
1261 3717 1442 3774 decuit
1487 3735 1502 3774 :
1547 3718 1772 3789 ejusque

195 3821 337 3864 causa
379 3811 494 3880 ipse
523 3825 742 3883 quoque
795 3810 1061 3867 erubesco
1104 3826 1169 3867 ac
1220 3809 1424 3881 pudore
1470 3809 1768 3866 suffundor.

193 3898 439 3956 lketcrum
465 3903 728 3973 epistolas
757 3902 877 3958 illas
904 3903 1019 3974 lege
1043 3945 1059 3969 ,
1105 3917 1169 3958 ac
1194 3903 1305 3973 jam
1332 3902 1415 3958 his
1454 3902 1636 3958 verbis
1689 3904 1767 3958 uti

191 3990 403 4063 desines,
432 3996 651 4051 etiamsi
681 3995 878 4066 alioqui
910 3996 1214 4051 sexcenties
1254 4010 1486 4051 mtercre
1527 3993 1769 4050 studeas.

195 4082 437 4149 Quoniam
469 4097 654 4143 autem
673 4087 741 4143 dc
764 4088 1042 4143 lleraclidc
1069 4102 1280 4158 quoque.
1308 4088 1561 4158 episcopo
1588 4087 1655 4142 ad
1686 4102 1775 4143 me

191 4176 455 4246 scripsisti,
485 4180 617 4233 licet
646 4178 781 4247 ipsi,
825 4180 869 4232 si
901 4180 1070 4244 velit,
1123 4179 1430 4234 instantiam
1484 4179 1615 4235 dare
1667 4179 1771 4252 (α),

191 4276 334 4336 atque
362 4271 431 4323 ita
459 4269 730 4325 molestiis
749 4269 1000 4325 mnnilms
1022 4269 1235 4341 defungi
1269 4290 1283 4325 :
1317 4270 1445 4324 nihil
1468 4270 1610 4325 enim
1632 4270 1774 4326 aliud

189 4370 435 4427 superest.
490 4362 611 4433 Ego
641 4376 770 4417 vero
798 4363 897 4417 etsi
925 4363 1057 4416 nihil
1085 4362 1371 4417 admodum
1403 4361 1771 4432 proficiebam,

195 4456 357 4506 tamen
382 4453 658 4508 dominam
685 4469 856 4508 meam
889 4453 1201 4508 Pentadiam
1228 4455 1406 4507 monui
1429 4496 1442 4518 ,
1480 4462 1536 4508 ut
1560 4469 1775 4509 omnem

193 4538 507 4610 diligentiam
531 4543 834 4609 adhiberet,
854 4559 961 4612 quo
978 4543 1269 4598 calamitati
1291 4544 1538 4598 solatium
1562 4544 1777 4615 aliquod

192 4631 464 4691 inveniret.
518 4636 617 4691 Ais
640 4646 815 4689 autem
846 4644 898 4691 te
917 4676 933 4701 ,
972 4635 1114 4705 quod
1143 4636 1213 4689 ita
1240 4635 1332 4690 tibi
1362 4634 1431 4688 ab
1455 4650 1520 4690 eo
1546 4634 1776 4705 impera-

196 4731 294 4778 tum
320 4735 486 4790 esset,
518 4727 588 4782 de
607 4727 691 4781 his
712 4728 972 4783 molestiis
991 4729 1276 4783 certiorem
1296 4743 1380 4783 me
1403 4727 1579 4784 facere
1594 4744 1776 4783 ausam

192 4830 322 4872 esse.
369 4818 504 4885 Qua:
531 4829 710 4874 autem
739 4819 854 4874 haec
880 4818 1097 4873 audacia
1124 4819 1244 4874 est?

255 4907 404 4965 Nihil
432 4911 700 4966 molestum
724 4920 907 4982 prtem
926 4923 1281 4983 peccatum.»—-
1296 4913 1593 4984 Numquam
1622 4913 1781 4983 igitur

187 4998 282 5056 hoc
327 5004 510 5059 dicere
553 5003 752 5067 destiti,
800 5019 901 5060 nec
947 5005 1221 5068 desistam,
1273 5022 1430 5060 unam
1461 5006 1633 5060 solutn
1666 5021 1779 5060 rem

187 5092 462 5150 molestam
508 5110 664 5160 esse,
729 5111 923 5164 nempe
966 5109 1242 5166 peceatum
1283 5114 1296 5149 :
1347 5097 1546 5166 reliqua
1600 5099 1779 5150 omnia

187 5185 415 5251 pulveris
456 5202 522 5241 ac
572 5187 699 5242 fumi
744 5190 915 5243 instar
943 5202 1080 5244 esse.
1110 5188 1241 5256 Quze
1263 5189 1529 5255 molestia,
1563 5203 1781 5246 carcere

184 5276 352 5332 claudi
379 5292 443 5333 ac
471 5281 676 5336 catenis
700 5280 925 5336 vinciri?
958 5296 1076 5351 qua:
1104 5280 1346 5336 molestia
1388 5279 1780 5336 calamitatibus

242 5413 320 5479 (a)_
348 5420 406 5479 ln_
421 5420 590 5479 Graeco
610 5415 837 5475 habetur,
878 5423 1003 5466 tam:
1038 5425 1224 5479 ινσταριν.
1272 5421 1321 5479 tn
1359 5414 1588 5479 Basilicis,
1622 5415 1783 5479 inquit

183 5476 442 5539 mnglusin
453 5475 690 5527 (:lessario
704 5485 882 5536 Grarco,
892 5478 995 5528 lucc
1006 5477 1279 5539 signiﬁcant
1293 5477 1504 5528 haeredis
1521 5475 1783 5526 institutio-

189 5548 299 5602 nem
324 5550 337 5586 :
359 5537 441 5602 hic
465 5551 606 5602 γεω,
626 5547 751 5590 δςῦναι
774 5552 941 5590 imam
957 5578 971 5599 ,
995 5537 1107 5602 quin
1125 5546 1202 5589 cst
1212 5540 1432 5602 juridica‘
1451 5539 1684 5601 loquendi
1706 5551 1783 5602 ra-

193 5597 272 5653 tio,
298 5596 435 5663 _nullo
478 5596 624 5663 modo
668 5606 833 5663 potest
864 5596 1128 5651 hoc'sénsu
1150 5596 1323 5663 accipi.
1347 5596 1781 5663 Tillemontius‘lc-

189 5658 815 5726 gendumppinatugeoam
836 5674 1031 5726 ῑκστασιν,
1071 5662 1200 5726 quod
1247 5658 1562 5726 signiﬁcaret,
1587 5660 1781 5726 abdica-

190 5724 370 5769 tionem
392 5722 551 5786 dare;
574 5722 656 5784 qui
679 5736 878 5786 sensus
899 5724 977 5774 hic
1007 5722 1226 5786 apprime
1257 5722 1535 5786 quadraret.
1559 5723 1650 5772 sed
1670 5735 1781 5772 cum

189 5792 356 5831 omnes
386 5783 603 5832 omnino
617 5785 747 5849 _t-‘.diti
788 5794 937 5849 atque
982 5783 1087 5835 Mss}
1114 5783 1288 5836 ινστεαέ
1305 5786 1544 5846 habeant,
1578 5796 1782 5836 sensum

192 5849 376 5893 mutare
392 5856 501 5895 non
525 5847 630 5895 ausi
652 5858 834 5899 sumus.

513 5946 781 6011 ΡΑΤιιοι..
828 5950 946 6013 Gn.
996 5950 1123 6012 LII.

1611 368 1989 426 El‘iS‘l‘OLA'I.

3357 358 3460 431 cfs

1874 485 2064 553 premi,
2091 497 2213 537 eum
2235 483 2511 540 calamitas
2544 492 2804 543 tantarum
2828 502 2993 563 cpum
3020 505 3177 549 causa
3209 493 3315 550 sit?
3342 510 3459 565 quze
3504 484 3519 515 ‘

1868 574 2136 641 molestia,
2182 572 2437 646 relegatio
2481 591 2543 633 ac
2599 577 2859 636 bonorum
2916 583 3271 655 proscriptio?
3311 585 3460 644 hlera

1867 665 2028 722 verba
2074 665 2193 721 haec
2238 676 2383 735 sunt,
2428 680 2605 723 rerum
2635 668 2925 727 acerbitate
2952 686 3116 730 vacua
3145 693 3159 730 :
3191 677 3350 732 verba
3392 691 3459 734 ex

1870 770 2104 813 mterore
2137 756 2395 828 profecta.
2442 759 2573 814 Nam
2601 759 2712 816 sive
2741 769 2967 819 mortem
3001 763 3221 833 dixeris,
3257 778 3457 838 natura:

1869 847 2107 904 debitum
2133 849 2288 916 dicis,
2317 851 2459 922 quod
2490 852 2702 922 quidem
2733 855 2952 909 omnino
2993 852 3326 914 subeundum
3355 874 3461 925 est,

1868 941 2078 998 etiamsi
2127 956 2159 997 a
2209 944 2426 998 nemine
2480 945 2783 1002 inferatur:
2813 947 2928 1003 sive
2957 950 3200 1005 exsilium
3235 951 3458 1024 dixeris,

1869 1033 2003 1087 nihil
2045 1032 2187 1088 aliud
2236 1033 2392 1102 dicis,
2421 1051 2577 1106 quam
2607 1038 2841 1109 regionis
2864 1054 2927 1095 ac
2950 1043 3236 1100 multarum
3278 1047 3461 1102 civita-

1871 1136 1980 1180 tum
2052 1136 2443 1197 prospectum:
2484 1130 2596 1185 sive
2673 1130 2937 1188 bonorum
3014 1139 3458 1210 proscriptionem

1868 1217 2090 1287 dixeris,
2137 1219 2433 1276 libertatem
2477 1221 2630 1289 dicis,
2677 1238 2741 1279 ac
2783 1225 3012 1282 solutum
3059 1238 3116 1285 et
3154 1233 3459 1302 expeditum

1868 1319 2010 1364 OSSC.

1941 1400 1995 1455 5.
2038 1401 2337 1456 Marutham
2366 1406 2674 1476 episeopum
2703 1406 2809 1480 (α),
2837 1419 3092 1480 quantum
3123 1412 3174 1469 in
3204 1423 3254 1471 te
3283 1416 3462 1488 fuerit,

1868 1491 2117 1547 omnibus
2144 1491 2334 1548 officiis
2371 1496 2655 1565 complecti
2700 1514 2769 1554 ne
2813 1500 3047 1568 desinas,
3081 1512 3139 1557 ut
3159 1520 3280 1560 eum
3308 1523 3340 1562 e
3365 1508 3455 1562 ba-

1868 1580 2051 1637 rathro
2081 1583 2357 1638 extrahas.
2402 1585 2535 1641 Nam
2554 1588 2678 1658 'ejus
2700 1604 2862 1660 opera
2886 1592 2957 1647 ob
2992 1594 3228 1651 Persidis
3254 1601 3465 1668 negotia

1869 1688 2194 1744 magnopere
2222 1691 2374 1757 egeo.
2405 1679 2602 1748 Atque,
2634 1681 2680 1735 si
2710 1681 2762 1736 id
2787 1698 2815 1735 a
2847 1693 2899 1738 te
2930 1684 3045 1740 fieri
3074 1695 3269 1757 potest,
3304 1705 3370 1745 ex
3398 1706 3465 1746 eo

1872 1762 2129 1835 intellige,
2161 1756 2413 1835 quidnam
2439 1769 2550 1825 illic
2573 1770 2739 1842 ipsius
2766 1775 2943 1829 studio
2959 1786 3121 1847 atque
3149 1795 3309 1850 opera
3344 1798 3466 1852 pere

1871 1854 2067 1912 fectum
2111 1859 2220 1914 sit:
2251 1868 2307 1915 et
2348 1876 2446 1917 cur
2482 1862 2625 1920 istuc
2663 1868 2933 1936 profectus
2965 1872 3054 1939 sit,
3084 1871 3169 1928 fac
3196 1876 3384 1944 sciam,
3409 1887 3466 1934 et

1875 1963 2001 2002 num
2032 1949 2082 2004 ei
2111 1950 2245 2005 duas
2271 1952 2548 2022 epistolas,
2575 1970 2710 2027 quas
2735 1959 2802 2014 ad
2821 1974 2942 2016 eum
2973 1962 3116 2028 misi,
3142 1966 3459 2035 reddideris;

1871 2041 1914 2094 si
1938 2041 2005 2095 ad
2036 2058 2124 2097 me
2148 2044 2387 2100 scribere
2416 2046 2565 2114 velit,
2596 2064 2812 2105 rursum
2853 2052 3121 2122 scribam;
3154 2057 3234 2112 sin
3265 2061 3464 2117 rescri-

1871 2131 1999 2189 bere
2041 2147 2311 2206 gravetur,
2338 2137 2570 2208 ,saltetn,
2611 2142 2738 2212 quid
2781 2144 2889 2199 illic
2916 2146 3211 2216 profectum
3246 2152 3336 2218 sit,
3371 2153 3464 2209 tibi

1871 2237 2123 2298 exponat,
2152 2239 2205 2283 et
2233 2232 2487 2301 numquid
2519 2248 2703 2290 rursus
2723 2237 2912 2291 eodem
2941 2226 3286 2308 proficiscens
3324 2258 3464 2313 prte-

1872 2321 2094 2376 stitnms
2137 2323 2224 2376 sit.
2274 2323 2408 2378 Nam
2439 2340 2538 2395 ego
2567 2326 2667 2406 hac
2693 2328 2761 2385 de
2790 2346 2948 2387 causa
2980 2332 3151 2404 ipsum
3179 2339 3467 2395 convenire

1872 2412 2177 2470 studebam.
2224 2415 2521 2487 Utcumque
2562 2418 2652 2485 sit,
2695 2422 2949 2493 quidquid
2998 2435 3205 2481 tuarum
3238 2430 3465 2498 partimn

1874 2515 1978 2571 cst,
2029 2516 2242 2577 praesta,
2289 2524 2591 2579 munusque
2639 2520 2784 2567 tuum
2827 2516 3004 2585 exple,
3034 2518 3242 2574 etiamsi
3282 2536 3469 2578 omnes

1874 2609 2045 2665 prono
2085 2598 2258 2669 capite
2296 2600 2348 2654 in
2396 2616 2636 2671 princeps
2667 2602 2925 2661 ferantur.
2960 2607 3162 2665 Mcrccs
3206 2613 3348 2667 enim
3379 2624 3464 2667 tua

1876 2690 2113 2742 numeris
2169 2690 2416 2747 omnibus
2472 2693 2714 2749 absoluta
2765 2697 2888 2750 erit.
2944 2698 3080 2753 Eum
3123 2700 3283 2771 igitur
3310 2719 3467 2774 quam

1877 2778 2109 2835 maxime
2147 2781 2369 2850 poteris,
2401 2782 2734 2840 demereare.
2768 2788 2881 2844 Hoc
2909 2800 3087 2846 autem
3118 2795 3257 2863 quod
3295 2796 3469 2851 dictu-

1876 2883 1967 2925 rus
1992 2884 2134 2940 sum,
2162 2887 2231 2927 ne
2260 2882 2566 2943 praetereas,
2597 2891 2782 2932 verum
2814 2879 2882 2935 de
2908 2895 2976 2935 eo
3003 2898 3256 2953 perquam
3282 2887 3470 2956 ingens

1876 2961 2107 3015 studium
2135 2963 2409 3021 exhibeas.
2442 2965 2806 3024 Narraverunt
2844 2972 2973 3026 mihi
3004 2974 3158 3029 Marsi
3195 2991 3258 3030 ac
3285 2975 3468 3033 Gntthi

1876 3053 2161 3118 monachi,
2211 3055 2351 3128 apud
2393 3073 2528 3128 quos
2573 3058 2833 3131 Serapion
2878 3064 3161 3136 cpisc0pus
3209 3077 3470 3138 perpetuo

1876 3142 2241 3212 delitescebat,
2271 3146 2601 3204 Moduarium
2624 3150 2906 3208 diaconmn
2934 3155 3163 3224 venisse,
3193 3158 3321 3213 illud
3342 3158 3472 3214 affe—

1877 3246 2109 3303 rentcm,
2140 3238 2509 3296 admirandum
2538 3241 2689 3299 illum
2717 3247 3026 3318 episcopum
3056 3248 3287 3320 Unilam,
3312 3266 3469 3323 quem

1879 3346 1986 3386 non
2039 3332 2109 3385 ita
2156 3333 2362 3403 pridem
2410 3336 2651 3392 ordinavi
2705 3349 2867 3409 atque
2921 3341 2975 3396 in
3027 3344 3298 3400 Gotthiam
3327 3347 3470 3411 misi,

1881 3423 2061 3479 multis
2086 3439 2149 3480 ac
2173 3427 2379 3496 magnis
2408 3427 2569 3485 rebus
2595 3432 2779 3500 gestis,
2816 3432 2958 3488 diem
2986 3449 3143 3491 suum
3173 3434 3472 3494 extremum

1877 3506 2136 3574 clausisse
2160 3535 2174 3573 :
2219 3534 2283 3576 ac
2329 3521 2471 3592 regis
2498 3520 2818 3579 Gotthorum
2848 3524 3031 3583 literas
3054 3529 3324 3597 attulisse,
3353 3533 3477 3601 qni-

1880 3608 2001 3674 bos,
2046 3617 2101 3662 ut
2142 3609 2208 3663 ad
2248 3626 2344 3666 eos
2383 3613 2667 3683 cpiscopus
2706 3616 2964 3683 mittatur,
3011 3621 3164 3687 petit.
3212 3621 3473 3687 Quoniam

1878 3699 2040 3768 igitur
2064 3699 2129 3753 ad
2161 3700 2561 3758 subversionem
2588 3719 2728 3771 eam,
2764 3707 2914 3775 cujus
2934 3707 3093 3764 minae
3119 3710 3271 3765 nobis
3295 3712 3472 3767 inten-

1883 3800 2082 3860 tantur,
2101 3792 2472 3864 depellend-am
2495 3797 2699 3852 nullum
2717 3797 2859 3854 aliud
2876 3800 3240 3869 adjumcntum
3269 3806 3478 3875 euttspio

1882 3887 1984 3953 cio,
2019 3905 2175 3959 quam
2215 3890 2609 3948 cunctationem
2639 3908 2703 3948 ac
2729 3893 3039 3950 dilationem
3082 3898 3101 3969 (
3132 3913 3304 3968 neque
3331 3899 3473 3954 enim

1880 3972 2025 4036 nunc
2053 3981 2151 4050 ipsi
2180 3983 2232 4036 in
2264 3983 2618 4052 Bosphorum,
2649 3994 2742 4039 ant
2764 3985 2815 4041 in
2862 3988 2980 4042 illas
3010 3999 3191 4057 partes
3226 3990 3477 4061 navigare

1886 4072 2154 4143 possunt),
2182 4072 2247 4127 da
2277 4088 2493 4144 operam
2523 4085 2580 4131 ut
2608 4077 2729 4132 illos
2757 4080 3016 4149 tantisper
3054 4081 3125 4137 ob
3151 4081 3362 4137 hiemen
3392 4099 3479 4138 re-

1886 4166 2114 4219 moreris
2154 4182 2167 4218 :
2213 4164 2349 4234 haec,
2396 4183 2611 4237 qumso,
2658 4183 2727 4225 ne
2774 4171 3104 4243 negligenter
3148 4183 3474 4243 praetereas:

1885 4257 2028 4313 istud
2072 4260 2212 4314 enim
2258 4261 2473 4316 maximi
2517 4264 2773 4319 momenti
2819 4272 2918 4319 est.
2970 4265 3085 4320 Duo
3110 4267 3305 4337 quippe
3331 4278 3474 4333 sunt,

1887 4366 2006 4421 qum
2049 4352 2095 4405 si
2136 4354 2464 4423 contingant,
2497 4354 2639 4425 quod
2687 4356 2828 4410 Deus
2857 4364 3084 4424 avertat,
3136 4360 3366 4415 maxime
3392 4376 3482 4412 me

1886 4443 2224 4512 excruciant;
2256 4460 2448 4515 nempe
2474 4455 2529 4501 et
2561 4446 2701 4517 quod
2732 4447 2799 4502 ab
2829 4448 2945 4502 istis
2973 4448 3238 4503 ercandus
3269 4449 3358 4505 ille
3388 4452 3478 4513 sit,

1887 4541 1976 4608 qui
2021 4547 2097 4592 tot
2137 4539 2276 4593 mala
2325 4548 2723 4609 perpetrarunt,
2756 4551 2807 4596 et
2856 4557 2885 4595 a
2915 4543 3107 4611 quibus
3135 4543 3307 4597 creari
3331 4545 3481 4599 nefas

1888 4638 2002 4694 eet;
2032 4637 2087 4683 ct
2115 4630 2257 4700 quod
2289 4629 2602 4701 simpliciter
2628 4633 2888 4702 quispiam
2916 4640 3148 4687 creetur.
3177 4631 3309 4687 Nam
3337 4635 3479 4704 quod

1889 4738 1995 4777 non
2040 4721 2142 4778 hoc
2183 4724 2450 4789 studeant,
2481 4733 2540 4779 ut
2582 4725 2806 4794 probum
2839 4724 3009 4779 virum
3056 4725 3355 4793 instituant,
3388 4728 3480 4781 tibi

1888 4830 2100 4885 quoque
2147 4824 2486 4887 perspectum
2529 4825 2632 4872 est.
2662 4816 2813 4884 Quod
2846 4816 2890 4871 si
2934 4816 3039 4872 hoc
3068 4816 3176 4883 fiat,
3203 4817 3345 4888 quod
3374 4822 3482 4872 uti-

1891 4922 2011 4961 nam
2058 4921 2126 4961 ne
2176 4908 2285 4970 fiat,
2316 4922 2435 4978 qua:
2477 4907 2733 4978 deinceps
2757 4917 3048 4980 sequentur
3073 4907 3216 4964 haud
3246 4916 3299 4965 te
3329 4908 3479 4979 fugit.

1894 4985 1968 5053 Ac
2009 4999 2255 5068 proinde,
2306 5015 2374 5055 ne
2412 4999 2541 5071 quid
2587 4999 2777 5054 horum
2825 5000 2936 5066 fiat,
2967 4999 3112 5055 omni
3142 5000 3319 5057 studio
3357 5017 3485 5056 con-

1893 5092 2070 5147 tende.
2095 5092 2249 5160 Quod
2275 5094 2320 5148 si
2377 5092 2681 5148 Moduarius
2706 5093 2842 5148 clam
2864 5108 2928 5149 ac
2950 5095 3067 5149 sine
3108 5093 3220 5149 ullo
3260 5095 3485 5165 strepitu

1893 5187 1957 5242 ad
1989 5201 2088 5242 nos
2112 5202 2400 5243 excurrere
2429 5194 2629 5257 posset,
2659 5186 2713 5242 id
2743 5202 2920 5256 operae
2945 5188 3173 5259 pretium
3201 5196 3360 5244 esset.
3391 5189 3484 5243 Sin

1891 5289 2069 5333 autem
2110 5278 2161 5333 id
2204 5287 2455 5350 nequeat,
2483 5277 2633 5343 fiant,
2662 5287 2722 5333 ut
2749 5279 2893 5347 licet,
2920 5295 3039 5350 quae
3069 5279 3185 5335 fieri
3214 5288 3485 5349 poterunt.

1892 5369 2024 5424 Nam
2051 5369 2192 5439 quod
2220 5371 2271 5423 in
2304 5370 2542 5439 pecuniis
2565 5383 2662 5424 usu
2686 5371 2847 5435 venit,
2876 5380 3035 5441 atque
3060 5371 3219 5427 etiam
3248 5371 3298 5425 in
3326 5371 3483 5426 vidua

1892 5461 1979 5516 illa
2020 5462 2261 5531 contigit,
2291 5460 2393 5515 hoc
2421 5475 2634 5532 quoque
2658 5462 2710 5515 in
2740 5463 2963 5532 negotiis
2994 5460 3168 5515 locum
3200 5461 3379 5518 habet.
3418 5462 3486 5519 Ut

1893 5554 2035 5611 enim
2080 5554 2168 5608 illa
2206 5553 2419 5609 duobus
2458 5554 2632 5609 obolis
2678 5555 2888 5611 collatis
2933 5569 3144 5621 crimes,
3196 5556 3286 5626 qui
3335 5555 3486 5623 plura

1892 5646 2249 5715 contulerant,
2291 5648 2580 5717 superavit,
2633 5657 2690 5702 ut
2717 5664 2838 5717 qua:
2865 5647 3144 5704 universas
3185 5661 3309 5701 suas
3356 5662 3485 5716 opus

1955 5780 2030 5845 (ll)
2063 5786 2132 5854 De
2157 5779 2369 5854 Marutlia
2387 5780 2489 5854 viro
2511 5786 2678 5854 sancto
2716 5780 2946 5854 episeopo
2984 5779 3358 5844 martyropoleos
3382 5778 3482 5849 fit»

1893 5842 2029 5896 ribus
2052 5848 2211 5894 actum
2237 5849 2315 5894 est
2336 5842 2388 5892 in
2414 5842 2509 5893 vita
2530 5842 2862 5907 chrysostomi.

3000 5943 3078 6004 15
