3906 6390
382 440 483 495 619

389 570 709 646 profudisset
753 563 904 637 (Luc.
935 556 1026 613 εει.
1054 553 1107 607 2.
1135 551 1190 623 5)
1218 567 1229 603 :
1263 548 1341 602 sic
1378 543 1539 598 etiam
1566 555 1658 610 qui
1684 539 1738 592 in
1770 534 1979 604 negotia

391 667 536 723 otnni
567 661 726 719 animi
752 653 1094 713 contentione
1120 642 1455 724 incumbunt,
1486 645 1741 709 quantum
1767 630 1980 702 quidem

394 764 447 819 in
494 759 619 831 ipsis
667 762 769 817 est,
815 747 991 804 omnia
1034 741 1399 802 confecerunt,
1447 729 1656 789 etiamsi
1700 725 1833 782 nihil
1859 723 1983 778 inde

390 815 633 908 utiliiatis
657 840 902 905 manarit,
931 831 1343 900 mercedemque
1372 841 1519 881 suam
1548 820 1785 877 numeris
1808 815 1984 871 omni-

391 946 489 1000 bus
518 939 820 996 absolutam
842 933 1059 988 habent.‘
1092 924 1292 981 llilario
1311 921 1565 992 episeopo
1586 912 1846 969 maximas
1864 923 1985 980 gra-

392 1038 491 1091 tias
519 1048 618 1105 ago
651 1042 784 1101 :per
807 1026 991 1081 literas
1017 1020 1160 1077 enim
1205 1032 1235 1072 a
1266 1029 1353 1070 me
1393 1011 1561 1082 petiit,
1592 1017 1652 1063 ut
1673 1006 1774 1061 sibi
1805 1004 1857 1058 in
1891 1018 1978 1056 ore

389 1131 510 1185 hem
529 1097 680 1182 suam
690 1097 934 1179 abeundi
970 1120 1285 1188 potestatem
1303 1109 1550 1170 facerem,
1569 1097 1985 1171 compositisque

390 1224 548 1280 rebus
573 1235 631 1277 se
657 1217 723 1275 ad
750 1228 849 1272 nos
874 1212 1173 1269 rediturum
1197 1200 1501 1276 spopondit.
1534 1195 1796 1268 Quoniam
1826 1191 1986 1264 igitur

390 1316 559 1387 ipsius
586 1307 867 1383 praesentia
898 1320 1002 1361 non
1029 1315 1217 1374 parum
1265 1295 1411 1352 utilis
1439 1301 1522 1349 est
1558 1291 1577 1361 (
1606 1304 1727 1344 nam
1757 1287 1837 1341 vir
1869 1284 1985 1354 pius

390 1418 491 1476 est,
527 1380 901 1473 constantique
946 1412 1009 1454 ac
1053 1393 1259 1451 fervido
1287 1386 1529 1459 animo),
1576 1399 1698 1441 cum
1744 1380 1987 1434 hortatus

392 1473 549 1556 sum‘
569 1507 648 1563 ut,
694 1510 815 1553 cum
859 1506 925 1548 eo
966 1486 1238 1562 profectus
1263 1482 1441 1548 fuerit,
1472 1477 1649 1533 statim
1677 1473 1877 1529 redeat.
1910 1473 1989 1525 Ac
2018 1520 2027 1525 -

395 1590 621 1664 proinde
645 1588 711 1643 da
746 1598 982 1657 operam,
1012 1589 1069 1636 ut
1097 1577 1319 1649 epistola
1365 1582 1542 1626 nostra
1573 1577 1626 1624 et
1660 1566 1909 1624 celeriter
1936 1569 1991 1617 rt

400 1657 513 1740 tuto
543 1681 643 1754 ipsi
672 1678 944 1744 reddatur,
974 1689 1037 1730 ac
1068 1686 1172 1727 non
1194 1667 1504 1740 projiciatur
1533 1680 1545 1716 :
1579 1657 1839 1731 siquidem
1871 1669 1987 1710 ma-

398 1795 502 1851 gna
526 1753 647 1832 cum
673 1772 959 1845 cupiditate
982 1783 1045 1823 ac
1067 1761 1405 1821 vehementia
1446 1765 1659 1813 nostras
1685 1753 1869 1808 literas
1891 1763 1989 1821 po-

398 1843 652 1934 stulavit,
711 1843 1087 1936 ingentemque
1139 1856 1306 1928 ipsius
1370 1850 1654 1923 przesentia
1709 1843 1990 1901 utilitatem

400 1963 575 2018 affert.
612 1959 784 2015 Velim
827 1957 986 2027 igitur
1027 1967 1120 2007 eas
1145 1949 1430 2019 diligenter
1450 1956 1626 2008 cures,
1663 1948 1722 1996 ut
1745 1937 1845 1994 nisi
1872 1952 1995 2007 pre-

400 2055 582 2127 sbyter
635 2049 904 2107 lielladius
952 2044 1071 2101 istic
1115 2042 1204 2110 sit,
1259 2054 1356 2110 per
1402 2034 1716 2107 prudentem
1759 2029 1993 2099 aliquem

403 2146 574 2201 virum
605 2157 667 2198 ac
690 2139 915 2198 cerebro
940 2134 1223 2209 praeditum
1251 2128 1440 2185 amicis
1463 2123 1777 2182 reddantur.

490 2237 574 2292 Ad
607 2234 835 2293 eamdem
867 2228 1082 2303 epistola
1105 2226 1156 2281 Χ
1175 2223 1233 2277 γ.
1268 2219 1560 2297 (Arabisso
1587 2229 1726 2271 anno
1750 2210 1904 2285 406.)

473 2331 644 2396 Tune,
666 2343 788 2385 cum
805 2326 873 2381 ab
893 2326 1111 2380 ineunte
1126 2325 1282 2374 altato
1305 2323 1510 2370 tantum
1528 2307 1876 2383 philosophia:
1885 2319 2001 2376 spc-

405 2425 579 2478 cimen
596 2418 829 2484 dederis,
853 2415 1250 2480 humanumque
1276 2406 1466 2461 fastum
1485 2399 1828 2474 proculcaris,
1847 2409 1998 2467 spem

406 2515 641 2572 habebas
658 2513 770 2567 fore
799 2518 856 2565 ut
874 2504 1211 2577 tranquillam
1228 2515 1292 2556 ac
1313 2505 1551 2570 pacatam
1571 2493 1731 2548 vitam
1749 2487 2000 2546 duceres?

406 2608 507 2676 Qui
527 2619 653 2662 vero
676 2603 729 2659 id
751 2602 864 2657 fieri
876 2597 1084 2670 posset?
1096 2594 1226 2650 Nam
1243 2606 1363 2647 cum
1383 2587 1625 2644 homines
1640 2598 1759 2639 cum
1778 2579 2002 2638 homini-

406 2703 508 2759 bus
533 2699 879 2757 colluctantes
898 2734 912 2758 ,
944 2694 1249 2747 innumeras
1277 2696 1388 2741 tum
1418 2683 1470 2738 in
1502 2677 1764 2752 palaestris
1804 2685 1916 2730 tum
1948 2675 2000 2728 in

407 2796 561 2853 bellis
586 2794 772 2865 plagas
792 2789 1056 2859 accipiant
1084 2804 1098 2841 ε
1129 2795 1205 2847 ιιι,
1232 2796 1352 2853 qum.
1380 2777 1637 2834 adversus
1673 2770 2002 2844 principatus

406 2901 460 2946 et
504 2895 816 2960 potestates,
859 2881 1118 2937 adversus
1149 2873 1333 2931 mundi
1376 2878 1617 2928 rectores
1660 2865 2000 2922 tenebrarum

408 2954 566 3052 hujus
605 2977 807 3045 smculi,
846 2973 1102 3029 adversus
1127 2965 1422 3039 spiritualia
1450 2960 1701 3032 nequitiae
1732 2968 1785 3013 te
1820 2954 2001 3011 accin-

408 3073 532 3130 xisti
573 3070 788 3145 (Epltea.
816 3066 871 3122 6.
906 3064 1016 3134 12),
1063 3070 1119 3118 et
1154 3058 1370 3131 quidem
1414 3056 1485 3111 ita
1531 3063 1773 3116 strenue,
1822 3056 2005 3117 totque

410 3138 611 3238 t?op:ea
642 3138 884 3227 erexisti,
911 3174 974 3213 ac
1000 3166 1078 3212 tot
1103 3153 1276 3210 modis
1309 3150 1543 3206 ferocem
1576 3146 1723 3200 illum
1752 3149 1807 3197 et
1841 3138 2006 3211 pesti-

410 3262 584 3318 ferum
614 3257 912 3312 dte-monent
956 3248 1201 3305 molestia
1240 3241 1485 3305 aﬁ‘ecisti,
1526 3238 1669 3295 unde
1709 3233 1923 3290 tandem
1953 3233 2004 3287 in

413 3368 531 3409 eam
560 3364 709 3421 spem
730 3358 975 3410 veneras,
1002 3340 1117 3397 fore
1146 3348 1198 3395 ut
1224 3332 1560 3405 tranquillam
1582 3346 1644 3385 ac
1672 3328 2004 3399 negotiorum

412 3443 675 3501 molestiis
701 3453 920 3494 vacuam
944 3436 1107 3491 vitam
1131 3429 1357 3503 ageres?
1385 3424 1647 3494 Quocirca
1675 3436 1780 3475 non
1817 3432 1883 3474 eo
1908 3433 2006 3471 no-

417 3539 565 3595 mine
606 3532 901 3608 pcrturbat'i
927 3528 1194 3592 convenit,
1224 3521 1366 3596 quod
1398 3519 1562 3575 multa
1586 3515 1817 3586 undique
1842 3510 2006 3577 bella,

418 3602 675 3700 multique
713 3623 969 3681 tumultus
1014 3636 1080 3676 ac
1106 3614 1535 3691 perturbationes
1575 3609 1858 3666 oriantur:
1883 3602 2009 3675 quin

418 3723 617 3794 ponus,
662 3718 710 3775 si
757 3715 890 3773 nihil
921 3714 1112 3770 horum
1142 3708 1487 3779 contigisset,
1521 3712 1629 3758 tum
1656 3700 1871 3756 demum
1896 3703 2013 3751 erat

419 3830 518 3871 cur
546 3811 840 3868 mirareris.
886 3804 1162 3878 Siquidem
1207 3799 1387 3856 virtuti
1432 3795 1584 3851 labor
1625 3808 1687 3848 ac
1722 3789 2010 3846 discrimen

419 3908 685 3962 adnexum
712 3910 812 3958 est.
837 3898 1000 3970 idque
1022 3906 1076 3952 tu
1104 3894 1249 3965 prius
1270 3891 1452 3955 etiam,
1485 3900 1642 3957 quam
1665 3891 1873 3961 nostras
1899 3879 2015 3934 lite—

421 4014 509 4054 ras
535 3998 700 4067 legas,
725 3999 1064 4063 perspectum
1095 3986 1280 4051 habes,
1313 3997 1413 4037 nec
1438 3994 1573 4049 opus
1600 3988 1685 4033 est
1711 3984 1767 4030 ut
1794 3973 1862 4028 ab
1896 3970 2016 4025 aliis

421 4093 635 4148 discas:
665 4102 784 4142 nam
815 4099 913 4140 nec
943 4083 1064 4153 ipsi,
1103 4091 1160 4133 ut
1190 4078 1520 4149 ignorantem
1559 4070 1869 4132 doceamus,
1901 4062 2016 4117 haec

423 4181 729 4237 scribimus.
779 4176 988 4233 Scimus
1027 4171 1194 4237 enim,
1244 4181 1347 4222 nec
1394 4162 1663 4226 exsilium,
1713 4172 1813 4215 nec
1854 4169 2015 4225 opmn

422 4278 705 4348 iacturam,
751 4267 893 4340 quod
936 4264 1176 4336 plerique
1228 4254 1618 4315 intolerandum
1650 4252 1878 4317 ducunt,
1912 4261 2015 4301 non

425 4363 829 4426 contumeliam,
868 4374 976 4415 non
1020 4356 1179 4411 aliam
1211 4353 1372 4408 ullum
1404 4344 1707 4418 hujnsmodi
1741 4340 2020 4398 calamita-

426 4476 535 4518 tem
587 4466 640 4513 te
678 4453 988 4528 perturbare
1018 4463 1196 4521 posse.
1225 4445 1358 4501 Nam
1387 4456 1509 4499 cum
1537 4452 1755 4503 eorum,
1787 4435 1875 4507 qui
1909 4433 2020 4487 lucc

428 4553 787 4627 pertulerunt,
813 4547 942 4603 socii
970 4543 1111 4601 beati
1136 4540 1513 4613 prmdicentur,
1542 4534 1713 4590 multo
1738 4539 1885 4587 certe
1907 4529 2024 4583 bea-

428 4653 600 4706 tiores
622 4652 751 4702 sunt
772 4641 865 4714 qui
894 4641 945 4695 in
975 4639 1038 4694 iis
1066 4643 1367 4691 versantur.
1396 4630 1579 4699 anue
1607 4626 1675 4681 de
1704 4637 1862 4680 eausa
1888 4621 2024 4675 Pau-

429 4744 513 4797 lus
547 4749 773 4810 utroque
797 4733 1012 4791 nomine
1051 4744 1148 4787 eos
1184 4727 1274 4800 qui
1300 4725 1369 4780 ab
1394 4723 1740 4778 llebrtnorum
1769 4715 2026 4786 religione

431 4832 500 4889 ad
526 4807 886 4888 Christianam
922 4825 1083 4880 ﬁdem
1111 4838 1170 4878 se
1198 4817 1557 4881 contulerant,
1588 4813 1670 4867 his
1704 4810 1882 4866 verbis
1909 4807 2026 4862 lau-

433 4926 525 4981 dat
551 4941 564 4978 :
607 4917 1034 4977 Rememommini
1058 4914 1297 4985 pristinos
1320 4911 1447 4974 dies,
1474 4909 1529 4962 in
1548 4906 1724 4976 quibus
1756 4900 2032 4957 illuminati

436 5034 679 5090 magnum
706 5025 959 5069 certamen
984 5008 1290 5066 sustinuistis
1318 5004 1625 5075 passionum,
1655 4998 1705 5051 in
1731 4995 1889 5050 altero
1918 4993 2032 5062 qui-

438 5083 554 5167 dem
584 5105 868 5177 opprobriis
893 5118 955 5156 ac
982 5096 1390 5155 tribulationibus
1422 5089 1767 5164 spectaculum
1807 5086 1950 5157 facti,
1980 5083 2032 5136 in

440 5176 814 5257 alternantem
842 5195 965 5250 socii
1011 5193 1176 5247 taliter
1219 5185 1618 5244 conversantium
1652 5180 1816 5247 e/fecti
1847 5176 2030 5249 (Hebr.

442 5298 529 5355 t0.
565 5294 653 5352 39..
684 5293 799 5364 35).
830 5289 912 5346 Ob
939 5287 1097 5358 idque
1126 5300 1194 5340 ne
1220 5298 1317 5338 nos
1343 5279 1557 5352 quidem
1598 5275 1808 5344 longam
1837 5269 2038 5340 episto-

445 5389 550 5444 lam
599 5385 905 5441 condimus.
953 5379 1123 5435 Nemo
1164 5376 1306 5430 enim
1356 5372 1424 5428 ad
1470 5386 1592 5427 eum
1639 5366 1728 5438 qui
1759 5364 2036 5420 victoriam

446 5483 670 5550 adeptus
714 5488 817 5543 εει,
843 5489 909 5529 ac
936 5471 1264 5529 luculentum
1293 5478 1549 5536 tropazum
1584 5459 1786 5521 statuit,
1812 5455 2039 5519 accedit,

449 5584 505 5629 ut
527 5546 686 5641 opem
712 5568 867 5632 ferat,
895 5563 988 5621 sed
1014 5572 1077 5618 ut
1102 5559 1311 5616 laudem
1340 5567 1394 5613 et
1420 5552 1875 5627 praedicationem.
1898 5546 2043 5615 Quo-

513 5710 531 5740 ¹
566 5709 639 5757 Sic
660 5706 993 5760 Mss.’omnes;
1016 5696 1154 5754 Editi,
1190 5690 1366 5744 hortati
1398 5695 1526 5760 sunt.
1551 5689 2047 5760 \j'eramlessettanu-
2118 5698 2122 5702 ι

450 5747 1040 5830 εαηρἶᾶςιῖξῐῖἰὲξῧῖᾖέεη
1075 5747 1212 5828 patet
1255 5767 1323 5826 ex
1366 5755 1499 5830 serie
1517 5747 1834 5830 :‘Igpistofam,
1869 5747 2045 5810 inquit,

455 5813 845 5889 amissurus
866 5813 1213 5889 mittito,'quia
1246 5816 1297 5867 in
1340 5827 1400 5865 ea
1438 5813 1653 5864 hortatus
1685 5823 1789 5861 sum
1827 5821 1958 5871 eum,
1994 5815 2047 5858 ut

455 5883 811 5953 quamprimum
832 5883 1018 5955 redeat.
1992 5892 1999 5897 -

1172 413 1228 469 S.
1270 404 1545 465 JOANNIS
1607 386 2076 455 CilliYSOSTOMI
2116 384 2435 446 ARCIHEP.
2476 376 3016 441 CONSTANTJXOP.

3579 364 3674 424 6‘20

2090 501 2233 556 niam
2280 497 2439 569 igitur
2485 511 2583 552 nos
2623 502 2833 565 quoque
2877 490 3078 546 scimus
3105 495 3359 559 quantam
3391 486 3447 540 in
3473 484 3539 539 iis
3563 499 3676 554 quae

2088 592 2183 647 tibi
2224 588 2554 656 acciderunt,
2586 583 2977 656 philosophiam
3020 579 3348 643 exhibueris,
3381 578 3596 633 beatam
3632 584 3678 653 te

2087 682 2332 739 ducimus
2375 695 2440 736 ac
2478 646 2819 749 suspicimus,
2872 685 2982 730 tum
3012 674 3084 729 ob
3113 671 3445 742 patientiam,
3475 676 3591 723 tum
3610 646 3679 721 oh

2088 774 2304 846 praemia
2332 786 2457 844 qua:
2478 772 2602 827 hinc
2624 770 2718 826 tibi
2740 769 2793 824 in
2831 776 3104 838 posterum
3134 761 3522 819 reconduntur.
3552 759 3679 828 Quia

2087 878 2266 925 autem
2314 868 2426 923 scio
2448 875 2524 921 1e
2570 864 2639 919 de
2684 876 2861 918 rerum
2891 868 3193 915 nostrarum
3229 865 3373 913 statu
3398 854 3681 911 certiorem

2090 960 2204 1017 fieri
2235 974 2469 1028 cupere;
2512 955 2775 1027 siquidem
2804 954 2898 1009 diu
2939 952 3079 1007 tacui
3107 969 3122 1006 :
3154 949 3258 1005 hoc
3282 948 3503 1014 habeto,
3530 959 3632 999 nos
3655 960 3685 998 e

2089 1051 2403 1124 gravissimo
2430 1049 2647 1121 quidem
2678 1046 2869 1102 morbo
2896 1042 3207 1108 emersisse,
3228 1049 3486 1095 ca-terum
3515 1035 3684 1091 morbi

2091 1145 2345 1216 reliquias
2385 1145 2678 1198 etiamnum
2714 1138 3080 1197 circumferre.
3111 1136 3354 1205 Optimos
3393 1140 3545 1187 certe
3570 1143 3685 1184 me-

2089 1237 2241 1295 dicos
2288 1248 2484 1308 prmsto
2528 1235 2787 1289 habemus
2827 1248 2842 1285 :
2896 1229 2991 1285 sed
3037 1226 3462 1283 necessariarum
3508 1234 3686 1277 rerum

2092 1330 2270 1399 in0pia
2296 1328 2579 1385 medicina:
2619 1325 2899 1381 utilitatem
2941 1319 3240 1376 labefactat.
3270 1317 3373 1372 Hic
3397 1314 3549 1371 enim
3585 1328 3688 1366 non

2093 1421 2256 1477 modo
2298 1418 2723 1476 necessariorum
2773 1413 3289 1470 medicamentorum
3333 1405 3562 1477 penuria
3586 1411 3691 1467 est,

2092 1523 2520 1584 ceterarumque
2564 1526 2744 1567 rerum
2792 1507 2985 1579 quibus
3018 1518 3217 1574 aegrum
3245 1515 3445 1570 corpus
3464 1496 3691 1553 reievari

2094 1615 2293 1679 potest,
2322 1619 2508 1661 verum
2534 1603 2694 1660 etiam
2723 1599 2890 1655 fames
2914 1613 2976 1652 ac
2996 1595 3161 1668 pestis
3190 1592 3496 1649 imminent.
3523 1590 3695 1657 Atque

2097 1700 2213 1755 lucc
2241 1697 2381 1753 mala
2410 1703 2704 1768 perpetuus
2732 1693 3000 1748 latronum
3030 1690 3261 1758 impetus
3299 1684 3411 1754 jam
3442 1679 3694 1753 parturit,

2096 1793 2185 1865 qui
2229 1806 2389 1862 quam
2423 1788 2732 1860 longissime
2772 1793 3099 1857 grassantes,
3127 1788 3289 1850 atque
3314 1789 3510 1833 omnes
3543 1773 3699 1829 undi-

2097 1900 2201 1957 que
2228 1885 2343 1941 vias
2366 1881 2807 1944 intercludentes,
2838 1878 2964 1933 hinc
2988 1888 3201 1947 quoque
3225 1886 3330 1929 non
3358 1883 3584 1941 parvum
3610 1867 3696 1929 iis.

2098 1977 2188 2046 qui
2212 1977 2314 2032 iter
2337 1974 2559 2041 faciunt,
2599 1970 2893 2043 periculum
2931 1976 3137 2024 creant.
3167 1963 3309 2021 Sane
3334 1959 3698 2024 Andronicus,

2101 2079 2158 2126 ut
2199 2070 2315 2140 ipse
2358 2069 2454 2135 ait,
2487 2067 2539 2122 in
2567 2080 2755 2121 eorum
2796 2076 2990 2117 manus
3035 2057 3241 2123 incidit,
3280 2064 3448 2126 atque
3476 2052 3547 2107 ab
3573 2052 3702 2122 ipsis

2100 2163 2415 2234 dispoliatus
2432 2162 2449 2193 ¹
2467 2201 2483 2227 ,
2535 2160 2606 2214 ita
2634 2157 2814 2217 salvus
2858 2153 3049 2211 evasit.
3074 2148 3436 2219 Quamobrem
3463 2156 3521 2202 te
3548 2158 3698 2215 rogo,

2104 2270 2172 2312 ne
2196 2271 2354 2326 quem
2380 2251 2602 2324 posthac
2630 2252 2736 2306 bne
2759 2249 2961 2304 mittas.
2995 2245 3088 2301 Est
3116 2243 3260 2299 enim
3285 2237 3607 2305 verendum,
3634 2252 3702 2290 ne

2103 2347 2453 2420 profectionis
2490 2344 2556 2401 ad
2608 2359 2705 2399 nos
2733 2356 2892 2397 causa
2932 2339 3003 2405 ei,
3047 2338 3137 2408 qui
3181 2337 3282 2391 iter
3323 2334 3427 2388 hoc
3454 2330 3697 2400 suscipit,

2104 2454 2293 2496 necem
2338 2446 2600 2493 accersat.
2629 2433 2786 2504 Quod
2815 2432 2861 2487 si
2891 2428 3118 2494 accidat,
3149 2442 3253 2481 non
3284 2435 3338 2481 te
3376 2423 3515 2494 fugit
3538 2436 3704 2493 quan-

2107 2539 2217 2587 tum
2244 2529 2484 2585 dolorem
2532 2527 2583 2582 id
2630 2525 2785 2581 nobis
2813 2523 3098 2577 allaturum
3121 2518 3210 2572 sit.
3245 2515 3446 2571 Verum
3474 2514 3523 2568 si
3547 2527 3703 2583 quem

2105 2630 2359 2694 spectata:
2397 2618 2520 2675 fidei
2563 2616 2836 2673 hominem
2876 2609 3221 2672 nancisearis,
3251 2606 3341 2677 qui
3382 2604 3455 2659 ob
3484 2603 3592 2657 alia
3615 2616 3698 2656 ne-

2104 2716 2249 2787 gotia
2294 2713 2400 2769 huc
2438 2726 2499 2768 se
2535 2709 2794 2772 conferat,
2837 2720 2937 2775 per
2965 2718 3111 2768 eum,
3151 2715 3260 2771 quo
3286 2707 3431 2753 statu
3452 2695 3703 2751 “totum

2107 2784 2197 2865 tua
2240 2807 2343 2876 sit,
2385 2804 2468 2861 fac
2506 2804 2692 2860 sciam.
2739 2797 2992 2855 Privatim
3038 2802 3217 2849 autem
3242 2805 3306 2845 ac
3332 2798 3540 2844 nostra:
3565 2784 3704 2840 utili-

2107 2905 2232 2961 tatis
2273 2915 2434 2959 causa
2463 2912 2625 2956 nemo
2652 2897 2758 2953 huc
2798 2895 2976 2951 veniat
2995 2933 3010 2959 ,
3042 2890 3113 2947 ob
3141 2903 3263 2946 eum
3285 2901 3446 2958 quem
3475 2884 3704 2939 diximus

2108 3005 2331 3052 metum.

2216 3088 2298 3143 Ad
2322 3086 2550 3141 eamdem
2575 3081 2790 3152 epistola
2818 3077 2870 3134 Χ
2884 3076 2980 3133 γι.
3009 3074 3246 3147 (Cucuso
3273 3085 3419 3127 anno
3447 3067 3606 3139 £05.)

2185 3180 2321 3235 Deus
2352 3195 2442 3250 per
2470 3176 2587 3232 tcta
2611 3185 2658 3229 et
2685 3174 2899 3228 aduersa
2935 3170 3133 3241 piorum
3166 3167 3322 3220 vitam
3358 3162 3707 3233 gubernat.—

2113 3274 2409 3342 Utrumque
2453 3266 2735 3324 inefi‘abilis
2795 3262 2890 3319 Dei
2945 3258 3289 3329 benignitatis
3330 3262 3705 3321 argumentum

2111 3376 2234 3435 est;
2260 3377 2454 3434 nempe
2481 3360 2623 3433 quod
2658 3369 2713 3414 et
2738 3365 2820 3413 tot
2849 3355 2940 3411 tibi
2970 3360 3248 3420 tantasque
3274 3345 3604 3403 tentationes
3630 3343 3706 3397 il-

2113 3460 2236 3516 ferri
2276 3455 2568 3529 permittit,
2603 3464 2711 3523 quo
2736 3445 3127 3520 splendidiores
3165 3451 3397 3496 coronas
3432 3435 3705 3494 obtineas.

2112 3562 2169 3610 et
2196 3525 2592 3623 quamprimum
2620 3544 2704 3599 his
2720 3551 2779 3597 te
2804 3540 3017 3601 liberat,
3049 3550 3119 3591 ne
3144 3534 3409 3588 illatarnm
3435 3525 3710 3581 calamita—

2114 3616 2231 3702 tum
2258 3616 2606 3699 diuturnitate
2648 3647 2860 3691 rursum
2884 3626 3247 3700 ηοῃρτίηιθιιίε.
3268 3622 3348 3678 Ad
3384 3620 3535 3676 hunc
3570 3616 3709 3673 enim

2112 3737 2333 3794 modum
2362 3734 2504 3790 Deus
2526 3729 2742 3786 fortium
2772 3726 2936 3782 etiam
2966 3721 3179 3776 illorum
3206 3716 3467 3777 virorum,
3504 3712 3612 3764 hoc
3637 3718 3711 3762 est

2117 3824 2481 3900 apostOlorum
2509 3831 2566 3878 et
2593 3818 2973 3891 prophetarum
3001 3810 3164 3867 vitam
3194 3802 3510 3878 gubernavit
3530 3843 3547 3866 ,
3574 3812 3712 3855 nunc

2119 3898 2316 3977 fluctus
2350 3914 2571 3974 excitari
2600 3912 2785 3969 sinetis
2805 3950 2820 3974 ,
2850 3921 2991 3962 nunc
3017 3910 3197 3959 autem
3239 3898 3594 3953 adversarum
3626 3905 3711 3945 re-

2120 4027 2239 4070 rum
2264 4025 2414 4065 mare
2436 4007 2743 4075 increpans,
2760 4015 2829 4057 'ae
2851 4014 3048 4054 savum
3068 4000 3442 4063 tempestatem
3463 3987 3523 4041 in
3545 3996 3710 4039 amsa-

2120 4119 2245 4175 nam
2295 4098 2730 4170 tranquillitatem
2773 4097 3117 4148 convertens.
3152 4084 3316 4154 Igitur
3359 4080 3486 4134 flere
3527 4091 3597 4131 ac
3642 4085 3714 4129 te-

2122 4198 2291 4267 ipsam
2314 4204 2547 4247 maerore
2565 4185 2832 4243 conficere
2853 4181 3057 4242 desine,
3080 4191 3180 4232 nec
3200 4175 3477 4230 dumtaxat
3501 4168 3714 4223 crebras

2123 4262 2234 4355 eas,
2266 4288 2377 4342 imo
2416 4291 2701 4355 perpetuas
2729 4276 3050 4354 acerbitates
3083 4314 3097 4337 ,
3124 4284 3243 4340 quae
3270 4265 3362 4322 tibi
3396 4262 3714 4323 inferuntur,

2124 4389 2251 4436 ante
2292 4377 2480 4433 oculos
2518 4373 2611 4428 tibi
2652 4382 2927 4443 propone,
2958 4348 3142 4419 verum
3182 4360 3341 4415 etiam
3382 4352 3714 4410 celem-imam

2126 4484 2312 4529 earum
2356 4466 2724 4537 depulsionem
2754 4502 2769 4527 ,
2814 4469 3041 4525 eamque
3087 4467 3206 4522 quze
3245 4449 3368 4502 hinc
3395 4445 3489 4500 tibi
3523 4443 3717 4514 paritur

2128 4562 2272 4621 omni
2312 4559 2555 4616 oratione
2582 4550 3009 4625 przestantiorem
3055 4537 3568 4599 remunerationem.
3595 4531 3715 4588 Nam

2129 4656 2271 4728 quod
2301 4668 2509 4709 araneae
2540 4622 2667 4713 teia,
2694 4657 2748 4702 et
2777 4643 2985 4705 umbra,
3017 4648 3074 4693 et
3102 4638 3275 4690 fumus
3302 4641 3405 4691 est,
3435 4640 3491 4683 et
3516 4626 3569 4683 si
3602 4622 3717 4695 quid

2132 4718 2216 4805 ius
2257 4748 2413 4802 vilius
2442 4742 2570 4813 ﬁngi
2611 4744 2829 4813 potest,
2858 4734 2961 4789 hoc
3001 4738 3128 4786 sunt
3165 4739 3353 4782 omnes
3385 4722 3476 4776 tibi
3516 4718 3719 4774 inﬂicta:

2132 4839 2450 4896 acerbitates
2471 4877 2485 4901 ,
2514 4834 2560 4887 si
2589 4809 2709 4886 eum
2738 4828 2802 4883 iis
2830 4823 3064 4896 praemiis
3092 4817 3435 4875 conferantur
3455 4826 3580 4882 qua:
3610 4809 3722 4864 hinc

2135 4932 2230 4989 tibi
2261 4926 2541 4985 tribuenda
2585 4931 2731 4978 sunt.
2769 4918 2907 4986 Quid
2952 4914 3094 4971 enim
3132 4920 3214 4967 est
3243 4909 3464 4964 civitate
3489 4903 3648 4974 pelli,
3676 4909 3722 4952 et

2136 5044 2201 5084 ex
2231 5026 2348 5080 aliis
2380 5023 2511 5077 locis
2538 5020 2591 5073 in
2621 5018 2721 5072 alia
2750 5011 2977 5070 subinde
3013 5010 3272 5077 migrare,
3300 5013 3462 5072 atque
3496 4998 3723 5067 uiridique

2138 5106 2399 5192 exagitari
2428 5125 2481 5171 et
2508 5110 2792 5185 proscribi,
2819 5116 2875 5162 et
2900 5104 2968 5160 ad
2997 5098 3279 5158 tribunalia
3306 5094 3469 5159 trahi,
3499 5101 3558 5147 et
3581 5107 3609 5143 a
3634 5088 3724 5144 mi-

2140 5177 2323 5268 litibus
2350 5177 2569 5278 raptari,
2590 5212 2646 5259 et
2670 5201 2738 5255 ab
2760 5201 2825 5254 iis
2851 5197 2941 5268 qui
2963 5190 3233 5251 sexcentis
3260 5184 3536 5243 beneficiis
3560 5177 3723 5237 affecti

2144 5305 2374 5367 fuerint,
2408 5272 2675 5357 contraria
2706 5307 2847 5349 nunc
2870 5287 3113 5361 perpeti,
3143 5291 3302 5352 atque
3329 5291 3439 5333 tum
3467 5293 3498 5330 a
3527 5272 3726 5330 famulis

2142 5409 2258 5454 tum
2285 5413 2314 5450 a
2345 5393 2530 5450 liberis
2557 5387 2735 5444 vexari
2763 5426 2777 5450 ,
2810 5399 2932 5438 cum
2978 5380 3167 5434 horum
3210 5371 3495 5454 pnemium
3548 5364 3724 5421 cadum

2349 5483 2631 5556 purissima
2654 5480 2741 5533 illa
2766 5477 2924 5539 bona,
2954 5486 3073 5541 qua:
3097 5452 3401 5523 necverbis
3428 5459 3551 5514 ullis
3573 5451 3726 5522 expli-

2147 5582 2257 5639 cari
2288 5585 2523 5651 queunt,
2556 5588 2655 5628 nec
2686 5572 2844 5625 tinem
2882 5565 3116 5629 habent,
3153 5571 3342 5615 verum
3383 5545 3727 5609 immortalem

2215 5742 2230 5772 ¹
2267 5737 2404 5787 Prius
2428 5733 2565 5787 editi.
2606 5736 2747 5790 (itque
2784 5724 3070 5790 extricatus,
3097 5717 3198 5776 vel,
3492 5704 3724 5790 Duellii:

2116 5806 2125 5820 ‘
2152 5777 2863 5865 είαυῖἀῖῖιῖδῖξθιέῆδιίωυδί
2885 5777 3232 5865 e-.'rsise29_
3252 5777 3729 5865 “Bliii‘jti'ts‘i”

2891 5833 2973 5900 est
2995 5847 3252 5904 latronum.
3276 5840 3446 5892 οδῖίοδ
3466 5833 3683 5899 “me.
