3906 6396
324 415 423 470 (321

322 532 630 608 παρέχοντα
657 533 754 607 τὴν
784 534 844 599 ἐξ
883 533 1061 588 αὐτῶν
1097 535 1433 603 ἀπόλαυσιν;
1474 537 1696 606 ’Δφεῖσα
1727 540 1904 594 τοίνυν

320 622 422 689 τὰς
469 624 778 689 ἐπιϐουλάς,
831 623 929 688 τὰς
973 625 1256 697 ἐπηρείας,
1307 625 1406 691 τάς
1454 627 1561 682 τῶν
1609 629 1907 700 χρημάτων

325 716 546 789 ζημίας.
578 716 676 778 τὰς
704 717 1127 787 μεταναστάσεις
1163 718 1261 781 τὰς
1308 722 1571 789 συνεχεῖς,
1598 718 1696 791 τὴν
1730 721 1787 773 ἐν
1812 720 1906 775 ἀλ-

322 809 509 882 λοτρία
535 809 810 880 διαγωγὴν
844 808 1171 879 λογίζεσθαι,
1204 810 1298 863 καὶ⁸
1331 808 1502 882 πηλοῦ
1537 806 1734 874 παντὸς
1757 811 1907 865 εὐτε-

322 901 573 975 λέστερον
601 902 772 957 ταῦτα
799 902 1209 964 καταπατοῦσα,
1239 902 1409 957 ἐννόει
1446 903 1570 967 τοὺς
1611 905 1676 958 ἐκ
1700 902 1906 957 τούτων

323 1011 404 1048 σοι
430 994 718 1066 τεχθέντας
762 997 819 1048 ἐν
867 997 977 1060 τοῖς
1020 997 1268 1067 οὐρανοῖς
1306 997 1629 1069 θησαυροὺς,
1677 996 1770 1050 καὶ
1806 996 1905 1067 τὴν

319 1085 589 1140 ἀνάλωτον
641 1088 1058 1159 πραγματείαν,
1113 1087 1206 1142 καὶ
1266 1087 1357 1141 τὸν
1406 1087 1602 1142 ἄσυλον
1652 1085 1899 1143 πλοῦτον.

332 1178 490 1235 Ἀλλὰ
516 1180 576 1234 τὸ
611 1180 773 1252 σῶμά
805 1198 897 1235 σου
930 1180 1117 1247 κακῶς
1142 1182 1206 1234 ἐκ
1236 1180 1344 1233 τῶν
1371 1181 1545 1235 πόνων
1570 1179 1773 1234 τούτων
1807 1179 1904 1234 καὶ

315 1269 698 1344 ταλαιπωριῶν
724 1271 957 1343 διετέθη,
993 1272 1088 1327 καὶ
1114 1272 1184 1327 τά
1218 1272 1321 1343 τῆς
1343 1272 1653 1342 ἀρρωστίας
1684 1271 1903 1342 ἐπέτρι-

314 1360 421 1429 ψαν
450 1363 504 1415 αἱ
533 1362 642 1417 τῶν
667 1362 876 1435 ἐχθρῶν
898 1362 1180 1417 ἐπιϐουλαί
1203 1382 1217 1431 ;
1263 1363 1429 1417 Πάλιν
1469 1363 1660 1434 ἐτέρας
1700 1379 1789 1432 μοι
1818 1361 1903 1414 λέ-

315 1469 433 1520 γεις
462 1454 731 1527 ἐμπορίας
758 1455 1032 1520 ὑπόθεσιν,
1072 1456 1315 1528 μεγάλης
1350 1456 1443 1509 καὶ
1471 1455 1696 1523 ἁφάτου.
1733 1449 1901 1506 υἷσθα

316 1546 445 1617 γὰρ,
479 1544 634 1601 οἶσθα
676 1549 864 1619 σαφῶς
916 1548 1099 1620 ἡλίκον
1138 1549 1255 1602 ἐστὶ
1298 1546 1545 1619 σώματος
1596 1544 1901 1618 ἀρρωστίαν

315 1638 578 1707 γενναίως
620 1640 715 1694 καὶ
755 1640 895 1710 μετά
941 1639 1289 1711 εὐχαριστίας
1338 1640 1596 1707 ἐνεγκεῖν.
1645 1637 1835 1701 Τοῦτο,
1873 1637 1902 1691 ὃ

313 1729 573 1794 πολλάκις
597 1727 770 1796 εἷπον,
808 1732 900 1786 τὸν
930 1732 1181 1805 Λάζαρον
1218 1732 1580 1802 ἐστεφάνωσε,
1618 1730 1775 1787 τοῦτο
1808 1731 1902 1784 ἐπὶ

311 1822 421 1875 τῶν
461 1823 686 1891 ἀγώνων
723 1822 832 1878 τῶν
878 1823 969 1879 τοῦ
1009 1823 1127 1879 Ἰὼὸ
1168 1825 1260 1879 τὸν
1294 1822 1536 1878 διάϐολον
1573 1821 1898 1894 κατῄσχυνε,

312 1916 407 1969 καὶ
432 1914 521 1968 τὸν
550 1915 786 1988 ἀθλητὴν
810 1916 910 1987 τῆς
944 1916 1239 1989 καρτερίας
1279 1916 1493 1987 ἐκείνης
1523 1914 1902 1986 λαμπρότερον

310 2007 579 2078 ἀπέφηνε.
612 2007 782 2062 Τοῦτο
815 2008 908 2063 καὶ
940 2008 1324 2081 φιλοπτωχίας,
1375 2009 1470 2062 καὶ
1500 2007 1599 2079 τῆς
1630 2006 1736 2060 τῶν
1769 2023 1903 2077 χρη-

315 2101 501 2168 μάτων
528 2100 848 2171 ὑπεροψίας,
882 2101 985 2156 ,καὶ
1022 2101 1123 2173 τῆς
1166 2100 1368 2172 ἀθρόας
1393 2099 1607 2171 ἐκείνης
1636 2098 1744 2152 τῶν
1778 2096 1901 2151 παίο

309 2190 415 2244 δων
463 2192 757 2265 ἀποϐολῆς,
801 2192 896 2248 καί¹
947 2192 1056 2247 τῶν
1109 2191 1318 2264 μυρίων
1353 2191 1655 2246 ἐπιϐουλῶν
1689 2189 1902 2260 ,μᾶλλον

308 2282 471 2337 αὐτόν
504 2282 823 2356 ἀνεκήρυξε,
873 2283 968 2340 καὶ
1008 2283 1069 2338 τὸ
1117 2284 1469 2355 ἀναίσχυντον
1516 2280 1614 2335 τοῦ
1664 2279 1900 2352 πονηροῦ

311 2367 466 2446 [604]
483 2376 732 2447 δαίμονος
758 2377 966 2431 ἐκείνου
994 2366 1169 2448 στόμα
1196 2376 1397 2451 ἕφραξε
1424 2375 1564 2447 μετά
1585 2374 1784 2446 πολλῆς
1804 2374 1902 2443 τῆς

308 2468 645 2538 περιουσίας.
685 2468 848 2523 Ταῦτ’
906 2464 999 2524 οὖν
1046 2468 1471 2541 ἀναλογιζομένη
1523 2467 1761 2539 συνεχῶς
1808 2466 1902 2520 καὶ

308 2560 468 2632 αὐτὴ,
502 2564 659 2634 χαῖρε
709 2563 803 2616 καὶ
851 2564 1142 2635 εὐφραίνου
1185 2562 1564 2634 τὸνμέγιστον
1601 2557 1762 2615 ἆθλον
1785 2562 1901 2615 δια-

307 2650 537 2719 νύσασα,
583 2654 677 2706 καὶ
727 2653 1020 2723 κεφάλαιον
1062 2654 1170 2709 τῶν
1214 2652 1536 2727 πειρασμῶν
1580 2652 1769 2724 πράως
1804 2651 1900 2721 φέ-

310 2761 498 2814 ρουσα,
532 2747 624 2800 καὶ
662 2746 802 2819 ὑπὲρ
834 2746 1037 2802 τούτων
1072 2748 1371 2813 δοξάζουσα
1402 2747 1491 2800 τὸν
1516 2744 1898 2817 φιλάνθρωπον

303 2834 458 2899 Θεὸν,
510 2835 600 2889 τὸν
646 2836 939 2909 δυνάμενον
989 2840 1089 2910 μὲν
1145 2838 1337 2911 ἀθρόον
1394 2838 1653 2909 ἀφανίσαι
1700 2837 1896 2908 πάντα,

303 2926 530 2994 ἀφιέντα
569 2927 625 2982 δὲ
648 2929 914 2998 γίνεσθαι,
947 2929 1089 2999 ὥστε
1135 2948 1217 2985 σοι
1250 2930 1635 3002 λαμπροτέραν
1663 2929 1763 2999 τὴν
1796 2948 1900 2985 κα‹

301 3018 400 3092 λὴν
448 3020 654 3093 ταύτην
697 3022 950 3091 γενέσθαι
995 3025 1398 3095 πραγματείαν.
1451 3024 1548 3077 Διά
1587 3022 1746 3078 τοῦτο
1802 3023 1897 3078 καὶ

301 3114 458 3183 ἡμεῖς
508 3130 569 3168 σε
623 3115 1015 3186 μακαρίζοντες
1060 3117 1121 3171 οὐ
1180 3115 1485 3187 παυόμεθα.
1516 3116 1807 3187 Ἥσθημεν
1839 3115 1897 3171 δὲ

300 3204 383 3257 ὅτι
410 3206 505 3258 καὶ
535 3205 642 3259 τῶν
679 3205 843 3260 δικῶν
875 3206 1252 3276 ἀπαλλαγεῖσα
1284 3209 1388 3262 καὶ
1429 3209 1788 3280 πραγμάτων,
1819 3207 1896 3272 ὥς

300 3311 384 3348 σοι
418 3296 627 3368 πρέπον
654 3292 744 3369 ἦν,
772 3296 916 3351 οὕτω
941 3297 1019 3369 τῷ
1046 3300 1330 3371 πράγματι
1357 3300 1511 3362 τέλος
1537 3299 1814 3371 ἐπέθηκας
1834 3300 1895 3356 τδ

301 3388 443 3442 κατά
469 3388 567 3460 τὴν
593 3389 856 3457 διάλυσιν,
874 3388 1010 3451 οὔτε
1034 3390 1312 3462 ἀνάνδρως
1341 3392 1479 3446 αύτά
1512 3391 1810 3464 προϊεμένη
1840 3404 1891 3457 ο,

298 3480 411 3534 οὐδ’
452 3476 518 3534 αὖ
576 3480 922 3553 κατασχοῦσα
968 3480 1161 3549 πάλιν,
1200 3485 1295 3537 καὶ
1332 3484 1643 3557 ἐμπείρασα
1691 3484 1892 3555 σαυτὴν

296 3571 688 3644 δικαστηρίοις,
728 3574 822 3627 καὶ
853 3576 966 3640 τοῖς
1007 3575 1073 3629 ἐκ
1115 3574 1320 3629 τούτων
1367 3578 1557 3641 κακοῖς
1577 3593 1589 3607 ·
1623 3574 1759 3629 ἀλλά
1790 3575 1889 3646 μέ-

301 3679 403 3733 σην
426 3662 693 3718 ὁδεύσασα
741 3664 881 3730 ὁδὸν,
927 3667 1024 3719 καὶ
1066 3666 1166 3736 τήν
1206 3682 1290 3719 σοι
1327 3665 1642 3736 πρέπουσαν
1684 3663 1894 3718 ἐλευθε-

302 3755 424 3823 ρίαν
444 3756 874 3829 καρπωσαμένη,
896 3757 991 3811 καὶ
1017 3757 1215 3829 πολλὴν
1235 3758 1336 3829 τὴν
1361 3756 1573 3812 σύνεσιν
1594 3759 1653 3810 ἐν
1686 3758 1890 3813 ἅπασιν

298 3847 701 3919 ἐπιδειξαμένη,
739 3850 835 3903 καὶ
872 3849 970 3921 τὴν
1010 3848 1410 3921 μακροθυμίαν,
1446 3850 1541 3904 καὶ
1568 3852 1666 3924 τὴν
1695 3867 1889 3920 καρτε-

301 3941 443 4011 ρίαν,
480 3946 571 3996 καὶ
602 3942 701 4014 τὴν
748 3943 1043 4015 ὑπομονὴν,
1080 3944 1175 3997 καὶ
1227 3942 1286 3996 τὸ
1335 3942 1736 4016 ἀνεξαπάτητον
1783 3943 1886 3996 δείο

301 4032 436 4096 ξασα
457 4033 557 4105 τῆς
578 4034 687 4104 σῆς
727 4034 1012 4099 συνέσεως.

593 4125 750 4194 Πρὸς
781 4125 897 4194 τὴν
932 4126 1129 4195 αὐτὴν
1159 4124 1454 4193 ἐπιστολὴ
1487 4127 1590 4180 IZ'.

368 4217 535 4271 Οὐδὲν
569 4215 716 4282 ξένον
734 4217 771 4256 ἰ)
801 4216 919 4270 οὐδὲ
958 4217 1183 4281 ἀπεικὸς
1215 4217 1434 4286 γέγονεν
1474 4217 1562 4269 ἐπὶ
1593 4218 1692 4288 τῆς
1730 4217 1888 4270 εύλα-

300 4310 453 4373 θείας
476 4308 576 4380 τῆς
592 4300 724 4380 ⁸σῆς,
753 4308 888 4363 ἀλλά
932 4311 1026 4363 καὶ
1061 4310 1265 4380 σφόδρα
1310 4310 1456 4374 εἰκὸς
1484 4310 1577 4362 καὶ
1598 4309 1887 4364 ἀκόλουθον

297 4401 359 4454 τὸ
388 4403 452 4473 τῇ
488 4400 739 4472 συνεχείᾳ
771 4399 881 4454 τῶν
919 4400 1234 4472 ἐπαλλήλων
1280 4400 1623 4471 πειρασμῶν,
1654 4400 1887 4454 εὐτονώο

297 4494 434 4565 τερά
460 4509 542 4547 σοι
578 4491 825 4562 γενέσθαι
865 4491 963 4563 τῆς
1002 4491 1181 4563 ψυχῆς
1207 4491 1276 4546 τά
1311 4491 1498 4566 νεῦρα,
1522 4493 1624 4547 καὶ
1664 4493 1886 4565 μείζονα

299 4585 436 4655 πρὸς
465 4585 533 4640 τὰ
581 4584 931 4655 παλαίσματα
970 4583 1068 4655 τὴν
1110 4583 1417 4656 προθυμίαν
1452 4586 1546 4639 καὶ
1577 4587 1674 4657 τὴν
1710 4587 1881 4656 ἰσχὺν,

299 4675 393 4729 καὶ
428 4676 626 4747 πολλὴν
672 4674 920 4728 ἐντεῦθεν
969 4674 1368 4746 καρπώσασθαί
1416 4692 1476 4730 σε
1525 4676 1626 4748 τὴν
1670 4677 1881 4749 ἡδονήν.

298 4769 533 4839 Τοιαύτη
569 4768 674 4839 γὰρ
701 4768 800 4838 τῆς
835 4766 1064 4836 θλίψεως
1091 4769 1124 4839 ἡ
1154 4766 1334 4837 φύσις,
1358 4769 1486 4821 ὅταν
1514 4756 1764 4837 γενναίας
1791 4771 1885 4825 καὶ

298 4861 553 4931 νεανικῆς
589 4860 913 4930 ἐπιλάὸηται
957 4859 1157 4932 ψυχῆς,
1192 4860 1366 4914 ταῦτα
1409 4861 1738 4934 ἐργάζεσθαι
1787 4863 1885 4915 πέ-

299 4970 491 5021 φυκεν.
548 4954 656 5007 Καὶ
699 4951 949 5025 καθάπερ
981 4953 1041 5008 τὸ
1082 4952 1193 5025 πῦρ
1235 4952 1599 5023 δοκιμώτερον
1645 4956 1793 5007 ποιεῖ
1824 4953 1886 5007 τὸ

297 5047 541 5118 χρυσίον,
573 5048 702 5101 ὅταν
740 5047 888 5119 αὐτῷ
918 5047 1272 5120 συγγένηται·
1304 5046 1445 5101 οὕτω
1474 5047 1564 5102 καὶ
1603 5051 1722 5112 ταῖς
1752 5066 1885 5121 χρυ-

298 5140 418 5200 σαῖς
444 5136 642 5208 ψυχαῖς
662 5137 891 5192 ἐπιοῦσα
924 5138 1122 5209 θλίψις,
1162 5137 1554 5209 καθαρωτέρας
1590 5137 1760 5202 αὐτὰς
1784 5140 1883 5211 ἐρ-

296 5230 520 5296 γάζεται
552 5230 643 5284 καὶ
687 5229 1078 5302 δοκιμωτέρας.
1126 5231 1218 5285 Διὸ
1260 5230 1354 5284 καὶ
1406 5229 1613 5309 Παῦλος
1667 5229 1879 5300 ἔλεγεν·

306 5324 370 5376 Ἡ
393 5323 602 5391 θλίψις
634 5320 952 5391 ὑπομονὴν
979 5320 1408 5392 κατεργάζεται,
1434 5321 1473 5389 ’ἡ
1504 5321 1575 5375 δὲ
1604 5322 1881 5391 ὑπομονὴ

296 5411 568 5482 δοκιμήν.
601 5413 700 5466 Διά
728 5411 903 5466 ταῦτα
931 5414 1025 5466 καὶ
1054 5415 1213 5484 ἡμεῖς
1238 5412 1549 5484 σκιρτῶμεν
1583 5415 1677 5467 καὶ
1699 5414 1884 5484 χαίρο-

298 5520 418 5573 μεν,
453 5505 541 5556 καὶ
579 5507 676 5575 τῆς
717 5504 950 5575 ἐρημίας
983 5504 1184 5575 ταύτης
1224 5504 1487 5575 μεγίστην
1524 5505 1882 5577 καρπούμεθα

297 5596 643 5670 παράκλησιν
667 5598 759 5651 ἐπὶ
781 5599 848 5669 τῇ
878 5597 1100 5668 ἀνδρείᾳ
1122 5612 1214 5650 σου
1240 5596 1429 5668 ταύτῃ.
1460 5597 1558 5650 Διά
1578 5597 1751 5650 ταῦτα
1782 5597 1882 5651 κᾶν

299 5687 483 5760 μυρίοι
508 5705 568 5741 σε
608 5686 928 5742 κυκλώσωσι
973 5686 1148 5754 λύκοι,
1193 5687 1286 5741 καὶ
1337 5687 1526 5741 πολλαὶ
1570 5690 1883 5757 συναγωγαὶ

366 5816 384 5890 _‘
411 5813 941 5890 Στεξ,ιπηερέ,προεςεένη.
964 5817 1078 5866 mm
1116 5814 1385 5879 προϊεμένη.

358 5879 386 5919 h
410 5876 560 5927 Sam.
586 5878 719 5925 οὐδὲν
733 5876 938 5934 ἀνάξιον.

1059 419 1117 473 S.
1158 417 1441 475 JOANNIS
1482 416 1971 509 CIIRYSOS‘TOMI
2009 414 2327 481 ARCHIEP.
2367 422 2913 488 CONSTANTINOP.

3485 430 3595 487 69‘).

2012 544 2481 613 πονηρευομένων,
2535 548 2687 603 οὐδὲν
2739 549 3085 620 δεδοίκαμεν⁹
3154 546 3266 602 ἀλλ’
3320 548 3592 621 εὐχόμεθα

2010 634 2110 704 μὲν
2147 638 2239 689 καὶ
2273 640 2398 703 τοὺς
2431 639 2589 705 δντας
2626 643 2913 714 σϐεσθῆναι
2950 642 3306 714 πειροσμοὺς,
3340 644 3435 695 καί
3476 640 3593 695 ἐτέ-

2012 744 2135 799 ρους
2180 728 2238 782 δέ
2281 729 2357 801 μὴ
2409 732 2835 801 προσγενέσθαι,
2891 730 3204 787 δεσποτικὸν
3259 729 3592 802 πληροῦντες

2006 819 2189 890 νόμον,
2224 821 2315 875 τὸν
2351 820 2640 878 κελεύοντα
2672 823 2924 895 εὔχεσθαι
2956 823 3031 895 μὴ
3069 822 3326 877 εἰσελθεῖν
3355 824 3434 887 εἰς
3474 838 3594 876 πει-

2010 911 2243 982 ρασμόν·
2310 914 2356 967 εί
2399 914 2444 967 δ’
2499 912 2609 986 ἄρα
2667 916 3044 987 συγχωρηθείη
3096 915 3349 985 γενέσθαι
3397 913 3589 980 πάλιν,

2006 998 2314 1075 θαρροῦμεν
2361 1005 2501 1078 ὑπὲρ
2541 1007 2640 1077 τῆς
2684 1008 2891 1078 χρυσῆς
2942 1024 3035 1060 σου
3093 1007 3303 1078 ψυχῆς,
3354 1008 3450 1078 τῆς
3497 1006 3594 1059 καὶ

2004 1096 2252 1152 ἐντεῦθεν
2293 1099 2547 1169 μέγιστον
2600 1101 2768 1171 ἐαυτῇ
2811 1099 3147 1171 συναγούσης
3186 1099 3431 1175 πλοῦτον.
3474 1099 3593 1152 Τίνι

2005 1186 2112 1260 γάρ
2160 1206 2218 1242 σε
2262 1188 2558 1255 δεδίξεσθαι
2601 1191 2938 1263 δυνήσονται,
2986 1193 3033 1245 οἰ
3078 1191 3221 1245 κατὰ
3252 1191 3351 1261 τῆς
3385 1186 3595 1244 ἑαυτῶν

2005 1278 2181 1332 πάντα
2206 1280 2509 1352 τολμῶντες
2544 1282 2820 1353 κεφαλῆς;
2859 1283 3041 1353 Ζημία
3083 1284 3412 1354 χρημάτων;
3454 1278 3594 1333 Ἀλλ’

2005 1364 2063 1423 εὖ
2094 1366 2187 1425 οἷδ’
2218 1373 2299 1425 ὅτι
2329 1372 2476 1438 κόνις
2518 1389 2600 1426 σοι
2643 1371 2837 1438 ταῦτα,
2873 1373 2969 1427 καὶ
3000 1373 3171 1444 πηλοῦ
3218 1373 3415 1436 παντὸς
3441 1371 3594 1424 εὐτε-

2004 1460 2229 1533 λέστερα
2271 1461 2728 1535 εἷναινομίζεται.
2771 1464 2932 1518 Ἄ).λά
2958 1465 3216 1537 πατρίδος
3261 1464 3456 1535 ἐκεολῇ
3497 1462 3595 1516 καὶ

2003 1554 2212 1619 οίκίας;
2263 1554 2387 1608 Al)?
2420 1551 2576 1610 οἶσθα
2607 1557 2670 1611 σὺ
2700 1555 2796 1610 καὶ
2827 1555 2925 1620 τὰς
2956 1556 3196 1627 μεγάλας
3233 1556 3328 1609 καὶ
3360 1553 3594 1607 πολυαν-

2005 1645 2256 1718 θρώπους
2289 1648 2470 1713 πόλεις
2508 1648 2759 1723 καθάπερ
2794 1648 2891 1713 τὰς
2919 1650 3158 1720 ἐρήμους
3199 1648 3369 1711 οὕτως
3400 1648 3591 1706 οἰκεῖν.

2005 1737 2203 1810 ἡσυχίᾳ
2231 1738 2325 1791 καὶ
2356 1739 2758 1812 ἀπραγμοσύνῃ
2790 1738 2883 1794 τὸν
2911 1738 3128 1793 ἅπαντα
3158 1737 3439 1808 συζήσατα
3464 1737 3595 1807 χρό-

2004 1846 2129 1892 νον,
2174 1829 2268 1883 καὶ
2319 1829 2417 1895 τὰς
2467 1830 2727 1901 βιωτικάς
2780 1830 3219 1901 καταπατήσασα
3270 1828 3589 1897 φαντασίας.

2018 1916 2176 1971 Ἀλλά
2205 1918 2432 1973 θάνατον
2458 1919 2771 1975 ἀπειλοῦσιν
2796 1937 2811 1986 ;
2859 1919 3019 1974 Ἀλλά
3045 1921 3108 1973 σὺ
3148 1918 3243 1973 καὶ
3269 1917 3425 1971 τοῦτο
3458 1934 3594 1987 προο

2003 2006 2242 2062 λαϐοῦσα
2270 2009 2358 2065 διὰ
2401 2011 2600 2074 παντὸς
2639 2010 2969 2083 ἐμελέτησας
3000 2011 3113 2077 τοῦ,
3131 2011 3343 2083 χρόνου,
3372 2009 3474 2064 κᾶν
3505 2008 3593 2063 ἐλο

2005 2100 2243 2154 κύσωσιν
2264 2100 2416 2174 [605]
2434 2102 2526 2155 ἐπὶ
2560 2089 2796 2175 σφαγῆν,
2832 2103 3024 2174 νεκρὸν
3040 2103 3133 2155 ἐπὶ
3154 2101 3357 2173 ταύτην
3379 2101 3594 2166 ἐλξουσι
3616 2108 3631 2123 ⁴

2006 2188 2165 2259 σῶμα
2190 2200 2243 2244 ο.
2272 2190 2337 2243 Τί
2369 2191 2449 2243 δεῖ
2477 2191 2544 2245 τὰ
2576 2191 2744 2245 πολλά
2771 2191 2984 2262 λέγειν;
3030 2190 3219 2255 Οὐδείς
3243 2208 3301 2244 σε
3324 2189 3475 2243 οὐδὲν
3503 2190 3595 2259 ἐρ·

2004 2282 2274 2352 γάσασθαι
2296 2283 2588 2355 δυνήσεται
2625 2283 2887 2348 τοιοῦτον,
2924 2275 2984 2337 οὗ
3017 2283 3114 2354 τὴν
3145 2281 3420 2354 ὑπομονὴν
3453 2281 3593 2353 μετά

2006 2374 2203 2445 πολλῆς
2230 2375 2328 2446 ούχ
2351 2375 2571 2447 εὑρήσει
2605 2375 2704 2446 τῆς
2734 2375 3051 2447 περιουσίας
3097 2376 3153 2428 ἐν
3183 2374 3264 2428 σοὶ
3297 2374 3464 2428 πάλαι
3492 2391 3593 2428 κα-

2002 2467 2386 2540 τορθωθεῖσαν.
2424 2468 2535 2540 Τὴν
2572 2466 2681 2540 γάρ
2737 2466 2927 2540 στενὴν
2971 2467 3059 2522 ἀεὶ
3096 2466 3188 2520 καὶ
3226 2465 3589 2537 τεθλιμμένην

2003 2557 2269 2612 όδεύσασα
2299 2558 2437 2623 ὁδὸν,
2464 2559 2522 2613 ἐν
2540 2558 2748 2613 ἅπασιν
2789 2559 3080 2630 ἐγυμνάσω
3118 2558 3346 2621 τούτοις.
3391 2556 3591 2627 Διόπερ

2001 2651 2101 2722 τὴν
2135 2649 2424 2724 καλλίστην
2457 2651 2661 2725 ταύτην
2682 2653 2994 2724 ἐπιστήμην
3033 2652 3090 2704 ἐν
3117 2653 3229 2715 τοῖς
3266 2649 3590 2721 γυμνασίοις

2002 2743 2313 2815 ἀσκήσασα,
2337 2744 2433 2798 νῦν
2465 2746 2523 2798 ἐν
2545 2747 2658 2809 τοῖς
2684 2743 2866 2815 ἀγῶσι
2894 2742 3248 2825 λαμπροτέρα
3290 2740 3587 2812 ἀνεφάνης,

1999 2838 2063 2890 οὐ
2088 2836 2246 2909 μόνον
2269 2836 2419 2891 ούὸἐν
2449 2835 2552 2890 ὑπό
2579 2835 2687 2890 τῶν
2708 2834 3006 2907 γινομένων
3031 2833 3421 2906 θορυϐουμένη,
3453 2831 3591 2887 ἀλλά

2000 2928 2096 2983 καὶ
2127 2928 2492 3001 πτερουμένη,
2529 2927 2624 2982 καὶ
2660 2926 2957 3000 σκιρτῶσα,
2990 2928 3084 2981 καὶ
3118 2925 3456 2999 χορεύουσα.
3487 2918 3590 2978 Ὧν

1999 3018 2111 3089 γὰρ
2170 3018 2501 3089 προσέλαὸες
2540 3018 2608 3072 τά
2647 3019 2944 3089 γυμνάσια,
2968 3016 3171 3071 τούτων
3212 3016 3339 3080 τοὺς
3370 3015 3588 3084 ἀγῶνας

2002 3105 2141 3179 μετά
2180 3106 2380 3176 πολλῆς
2403 3106 2499 3161 νῦν
2541 3107 2938 3179 μεταχειρίζεις
2976 3107 3075 3177 τῆς
3101 3106 3368 3170 εὐκολίας,
3399 3107 3458 3159 ἐν
3487 3123 3589 3174 γυ-

1999 3198 2222 3268 ναικείῳ
2246 3196 2479 3267 σώματι,
2507 3197 2603 3251 καὶ
2646 3198 2923 3269 ἀραχνίων
2951 3196 3344 3268 ἀσθενεστέρῳ,
3377 3194 3587 3267 ἀνδρῶν

1998 3289 2353 3364 σφριγώντων
2376 3291 2468 3344 καὶ
2491 3290 2616 3354 τοὺς
2636 3290 2854 3355 ὀδόντας
2881 3290 3188 3362 βρυχόντων
3222 3289 3361 3361 μετά
3388 3288 3585 3344 πολλοῦ

1995 3380 2089 3435 τοῦ
2122 3381 2356 3451 γέλωτος
2390 3381 2490 3453 τὴν
2525 3382 2721 3454 μανίαν
2767 3382 3177 3446 καταπατοῦσα,
3226 3384 3320 3436 καὶ
3367 3380 3587 3436 πλείονα

1996 3470 2185 3544 ἑτοίμη
2214 3467 2349 3528 οὖσα
2378 3473 2590 3540 παθεῖν,
2616 3474 2651 3547 ἦ
2682 3476 2877 3549 ἐκεῖνοι
2902 3473 3434 3546 παρασκευάζονται.
3464 3474 3587 3528 Μα-

1994 3564 2159 3636 καρία
2202 3566 2266 3620 σὺ
2303 3565 2397 3620 καὶ
2434 3566 2819 3639 τρισμακαρία
2845 3567 2953 3622 τῶν
2993 3565 3244 3621 ἐντεῦθεν
3281 3566 3583 3636 στεφάνων,

1995 3656 2196 3727 μᾶλλον
2220 3657 2279 3712 δὲ
2309 3658 2406 3714 καὶ
2435 3658 2613 3714 αὐτῶν
2643 3659 2752 3714 τῶν
2775 3658 3021 3729 ἀγώνων.
3063 3657 3297 3730 Τοιαύτη
3333 3657 3444 3730 γὰρ
3475 3658 3586 3711 τῶν

1993 3749 2439 3823 παλαισμάτωνή
2471 3750 2633 3821 φύσις
2657 3750 2882 3814 τούτων,
2914 3750 3009 3803 καὶ
3035 3749 3140 3819 πρὸ
3171 3750 3280 3802 τῶν
3316 3748 3586 3820 βραδείων

1992 3844 2085 3898 καὶ
2105 3846 2161 3898 ὲν
2182 3845 2366 3907 αὐτοῖς
2379 3846 2493 3908 τοῖς
2522 3844 2844 3915 σκάμμασιν
2863 3843 2976 3914 ἔχει
2998 3842 3089 3897 καὶ
3110 3842 3208 3906 τὰς
3234 3841 3469 3912 ἀμοιϐὰς
3489 3842 3585 3895 καὶ

1990 3935 2090 4000 τὰς
2129 3935 2444 3999 ἀντιδόσεις,
2480 3933 2580 4006 τὴν
2607 3934 2820 4006 ἡδονὴν,
2861 3935 2928 4005 ἣν
2967 3930 3273 4005 καρποῦσαι
3324 3930 3439 3997 νῦν,
3482 3932 3583 4002 τὴν

1991 4027 2351 4099 εὐφροσύνην,
2382 4027 2479 4097 τὴν
2509 4025 2783 4097 ἀνδρείαν,
2814 4025 2912 4097 τὴν
2951 4023 3268 4096 καρτερίαν,
3310 4021 3412 4093 τὴν
3450 4022 3582 4076 ύπου

1995 4119 2182 4191 μονὴν,
2207 4118 2268 4171 τὸ
2295 4117 2585 4181 ἀνάλωτον,
2609 4116 2669 4169 τὸ
2696 4116 3014 4188 ἀχείρωτον,
3040 4115 3101 4169 τὸ
3130 4113 3347 4168 πάντων
3379 4112 3578 4184 ὑψηλοι

1989 4210 2155 4281 τέραν
2184 4207 2343 4272 εἶναι,
2375 4208 2436 4262 τὺ
2460 4207 2633 4272 οῦτως
2670 4208 2869 4279 ἑαυτὴν
2895 4206 3156 4276 ἀσκῆσαι,
3178 4205 3255 4270 ὡς
3290 4204 3457 4277 μηδὲν
3484 4204 3578 4258 δύ-

1989 4299 2183 4377 νασθαι
2217 4299 2368 4372 παρά
2399 4299 2624 4371 μηδενὸς
2651 4299 2844 4353 παθεῖν
2868 4297 3057 4365 δεινὸν,
3076 4297 3136 4352 τὸ
3164 4296 3430 4351 τοσούτων
3454 4295 3579 4350 κλυ·

1988 4388 2193 4443 δωνίων
2220 4390 2524 4459 γενομένων
2573 4389 2667 4441 ἐπὶ
2722 4388 2822 4458 τῆς
2864 4388 3068 4460 πέτρας
3101 4388 3341 4453 ἐστάναι,
3387 4386 3448 4439 τὸ
3478 4385 3579 4456 τῆς

1991 4480 2262 4551 θαλάττης
2287 4481 2619 4553 μαινομένης
2646 4480 2894 4554 ἐξουρίας
2916 4479 3177 4552 φέρεσθαι
3210 4479 3347 4551 μετά
3376 4478 3578 4548 πολλῆς

1988 4573 2089 4644 τῆς
2114 4573 2374 4644 γαλήνης.
2409 4573 2594 4627 Ταῦτα
2622 4576 2721 4643 τῆς
2763 4571 2994 4643 θλίψεως
3026 4573 3118 4626 καὶ
3162 4572 3268 4642 πρὸ
3300 4572 3398 4643 τῆς
3425 4571 3578 4642 βασι-

1989 4663 2139 4729 λείας
2165 4664 2274 4717 τῶν
2306 4665 2551 4736 οὐρανῶν
2587 4664 2847 4732 ἐνταῦθα,
2899 4664 2970 4718 τὰ
3018 4663 3248 4718 ἔπαθλα.
3281 4658 3411 4718 Οἶδα
3443 4664 3573 4733 γάρ.

1990 4750 2105 4808 οῖδα
2132 4756 2215 4809 ὅτι
2246 4754 2341 4809 νῦν
2368 4755 2489 4809 οὐδὲ
2522 4755 2866 4826 περικεῖσθαι
2897 4755 2958 4809 τὸ
2991 4754 3150 4826 σῶμα
3179 4756 3309 4826 ἡγῇ,
3342 4752 3446 4807 ὑπὸ
3476 4752 3577 4821 τῆς

1989 4845 2182 4917 ἡδονῆς
2210 4848 2571 4919 πτερουμένη,
2605 4846 2718 4900 ἀλλ’
2757 4846 2824 4918 ἢν
2863 4845 3054 4919 καιρὸς
3092 4844 3252 4917 καλῇ,
3282 4842 3576 4898 εὐκολώτε-

1993 4938 2246 5011 ρονιαύτδ
2266 4938 2528 5011 ἀποδύσῃ,
2554 4940 2587 5011 ἢ
2616 4940 2792 5011 ἐτεροι
2814 4938 2884 4993 τά
2912 4939 3122 5010 ἱμάτια,
3152 4937 3189 4993 ἃ
3217 4937 3572 5009 περίκεινται.

1989 5001 2162 5101 Χαῖρε
2194 5031 2374 5084 τοίνυν
2410 5001 2832 5100 καῖ-εῦφραίνου
2881 5001 2978 5084 καὶ
3026 5029 3166 5100 ὑπὲρ
3208 5001 3429 5099 σαυτῆς,
3483 5030 3576 5081 καὶ

1991 5120 2128 5195 ὑπὲρ
2174 5121 2284 5175 τῶν
2327 5122 2425 5193 τὴν
2480 5121 2756 5194 μακαρίαν
2805 5121 3244 5193 τελευτησάντων
3296 5120 3573 5191 τελευτὴν,

1988 5218 2088 5270 οὐκ
2125 5216 2185 5268 ἐν
2233 5214 2409 5285 κλίνῃ,
2453 5214 2573 5268 ούδέ
2614 5216 2671 5267 ἐν
2708 5214 2875 5286 οἰκίᾳ,
2918 5212 3034 5267 ἀλλ’
3080 5214 3139 5265 ἐν
3178 5211 3577 5283 δεσμωτηρίοις

1988 5306 2082 5361 καὶ¹
2125 5304 2347 5361 ἀλύσεσι
2393 5307 2487 5358 καὶ
2541 5305 2812 5376 βασάνοις.
2858 5307 3057 5378 Θρήνει
3101 5304 3161 5359 δὲ
3209 5304 3403 5375 μόνους
3448 5304 3576 5368 τοὺς

1987 5396 2158 5451 ταῦτα
2197 5395 2484 5461 ποιοῦντας
2536 5397 2629 5451 καὶ
2683 5396 2903 5469 δάκρυε.
2960 5399 3072 5451 Καὶ
3119 5396 3227 5469 γὰρ
3281 5396 3377 5450 καὶ
3415 5396 3575 5452 τοῦτο

1985 5486 2134 5551 ἀξιον
2171 5485 2270 5556 τῆς
2304 5486 2403 5554 σῆς
2445 5485 2776 5555 φιλοσοφίας.
2828 5485 3042 5556 Ἐπειδὴ
3092 5486 3148 5539 δὲ
3193 5487 3289 5539 καὶ
3322 5486 3574 5557 περὶτῆς

1986 5576 2079 5630 τοῦ
2115 5575 2364 5647 σώματος
2390 5578 2546 5649 ἡμῶν
2581 5577 2789 5647 ὑγιείας
2837 5577 3016 5648 βούλει
3052 5576 3361 5648 μανθάνειν,
3394 5576 3573 5648 ἀπηλ-

1986 5667 2231 5739 λάγημεν
2284 5668 2422 5732 τέως
2467 5671 2564 5741 τῆς
2614 5667 2804 5741 πρώην
2849 5669 3166 5741 ἐνοχλούσης
3211 5672 3341 5741 ἡμῖν
3386 5671 3575 5742 ἀρρω-

1987 5760 2162 5823 στίας.
2203 5760 2295 5814 καὶ
2336 5762 2466 5831 ῥᾷον
2498 5760 2815 5832 διακείμεθα
2854 5760 2973 5816 νῦν·
3025 5761 3164 5834 πλὴν
3193 5763 3239 5817 εί
3289 5762 3367 5838 μὴ
3410 5761 3572 5818 πάλιν

2063 5882 2085 5910 ο
2106 5874 2215 5925 Duo
2238 5889 2352 5925 mss.
2377 5876 2531 5932 ἕξουσι
2560 5877 2718 5939 σῶμα.
2786 5947 2790 5950 γ
