  <div class='ocr_page' id='page_1' title='image "/cluster/home/n/w/nwhite01/storage/ocr_20150623/52:no.3:pt.2/coo.31924054869510/240.png"; bbox 0 0 3906 6388; ppageno 0'>
   <div class='ocr_carea' id='block_1_1' title="bbox 419 350 2244 431">
    <p class='ocr_par' dir='ltr' id='par_1_1' title="bbox 419 350 2244 431">
     <span class='ocr_line' id='line_1_1' title="bbox 419 350 2244 431; baseline -0.003 -1"><span class='ocrx_word' id='word_1_1' title='bbox 419 375 511 431; x_wconf 70' lang='lat' dir='ltr'><strong>est</strong></span> <span class='ocrx_word' id='word_1_2' title='bbox 1532 350 1537 359; x_wconf 89' lang='grc'><em>’</em></span> <span class='ocrx_word' id='word_1_3' title='bbox 1869 370 2244 428; x_wconf 56' lang='lat' dir='ltr'><strong>erismae.</strong></span> 
     </span>
    </p>
   </div>
   <div class='ocr_carea' id='block_1_2' title="bbox 405 486 1990 560">
    <p class='ocr_par' dir='ltr' id='par_1_2' title="bbox 405 486 1990 560">
     <span class='ocr_line' id='line_1_2' title="bbox 405 486 1990 560; baseline -0.002 -17"><span class='ocrx_word' id='word_1_4' title='bbox 405 487 634 543; x_wconf 86' lang='lat' dir='ltr'><strong>fructum</strong></span> <span class='ocrx_word' id='word_1_5' title='bbox 676 498 838 559; x_wconf 91' lang='lat' dir='ltr'><strong>atque</strong></span> <span class='ocrx_word' id='word_1_6' title='bbox 883 489 1291 546; x_wconf 88' lang='lat' dir='ltr'><strong>oblectationem</strong></span> <span class='ocrx_word' id='word_1_7' title='bbox 1341 488 1611 560; x_wconf 66' lang='lat' dir='ltr'><strong>praebent?</strong></span> <span class='ocrx_word' id='word_1_8' title='bbox 1634 486 1990 555; x_wconf 82' lang='lat' dir='ltr'><strong>Quamobrem</strong></span> 
     </span>
    </p>
   </div>
   <div class='ocr_carea' id='block_1_3' title="bbox 404 574 1992 651">
    <p class='ocr_par' dir='ltr' id='par_1_3' title="bbox 404 574 1992 651">
     <span class='ocr_line' id='line_1_3' title="bbox 404 574 1992 651; baseline 0 -18"><span class='ocrx_word' id='word_1_9' title='bbox 404 574 648 646; x_wconf 74' lang='lat' dir='ltr'><strong>insidias,</strong></span> <span class='ocrx_word' id='word_1_10' title='bbox 681 578 1008 646; x_wconf 87' lang='lat' dir='ltr'><strong>vexationes,</strong></span> <span class='ocrx_word' id='word_1_11' title='bbox 1038 597 1200 651; x_wconf 91' lang='lat' dir='ltr'><strong>opum</strong></span> <span class='ocrx_word' id='word_1_12' title='bbox 1223 580 1511 651; x_wconf 90' lang='lat' dir='ltr'><strong>jacturam,</strong></span> <span class='ocrx_word' id='word_1_13' title='bbox 1538 578 1819 635; x_wconf 88' lang='lat' dir='ltr'><strong>continuas</strong></span> <span class='ocrx_word' id='word_1_14' title='bbox 1843 577 1992 634; x_wconf 88' lang='lat' dir='ltr'><strong>Ioco-</strong></span> 
     </span>
    </p>
   </div>
   <div class='ocr_carea' id='block_1_4' title="bbox 410 672 1994 743">
    <p class='ocr_par' dir='ltr' id='par_1_4' title="bbox 410 672 1994 743">
     <span class='ocr_line' id='line_1_4' title="bbox 410 672 1994 743; baseline -0.001 -18"><span class='ocrx_word' id='word_1_15' title='bbox 410 685 524 729; x_wconf 88' lang='lat' dir='ltr'><strong>rum</strong></span> <span class='ocrx_word' id='word_1_16' title='bbox 556 672 909 739; x_wconf 84' lang='lat' dir='ltr'><strong>mutationes,</strong></span> <span class='ocrx_word' id='word_1_17' title='bbox 938 681 1098 743; x_wconf 83' lang='lat' dir='ltr'><strong>atque</strong></span> <span class='ocrx_word' id='word_1_18' title='bbox 1138 673 1192 727; x_wconf 94' lang='lat' dir='ltr'><strong>in</strong></span> <span class='ocrx_word' id='word_1_19' title='bbox 1222 680 1404 728; x_wconf 87' lang='lat' dir='ltr'><strong>extera</strong></span> <span class='ocrx_word' id='word_1_20' title='bbox 1436 672 1653 743; x_wconf 91' lang='lat' dir='ltr'><strong>regione</strong></span> <span class='ocrx_word' id='word_1_21' title='bbox 1687 684 1994 726; x_wconf 89' lang='lat' dir='ltr'><strong>commora-</strong></span> 
     </span>
    </p>
   </div>
   <div class='ocr_carea' id='block_1_5' title="bbox 405 762 1995 836">
    <p class='ocr_par' dir='ltr' id='par_1_5' title="bbox 405 762 1995 836">
     <span class='ocr_line' id='line_1_5' title="bbox 405 762 1995 836; baseline 0.001 -20"><span class='ocrx_word' id='word_1_22' title='bbox 405 762 604 817; x_wconf 85' lang='lat' dir='ltr'><strong>tionem</strong></span> <span class='ocrx_word' id='word_1_23' title='bbox 628 762 972 820; x_wconf 89' lang='lat' dir='ltr'><strong>considerare</strong></span> <span class='ocrx_word' id='word_1_24' title='bbox 997 765 1307 835; x_wconf 89' lang='lat' dir='ltr'><strong>supersede,</strong></span> <span class='ocrx_word' id='word_1_25' title='bbox 1338 774 1496 836; x_wconf 88' lang='lat' dir='ltr'><strong>atque</strong></span> <span class='ocrx_word' id='word_1_26' title='bbox 1528 764 1643 820; x_wconf 67' lang='lat' dir='ltr'><strong>imae</strong></span> <span class='ocrx_word' id='word_1_27' title='bbox 1670 764 1780 819; x_wconf 91' lang='lat' dir='ltr'><strong>luto</strong></span> <span class='ocrx_word' id='word_1_28' title='bbox 1806 763 1995 833; x_wconf 76' lang='lat' dir='ltr'><strong>quovis</strong></span> 
     </span>
    </p>
   </div>
   <div class='ocr_carea' id='block_1_6' title="bbox 404 853 1993 926">
    <p class='ocr_par' dir='ltr' id='par_1_6' title="bbox 404 853 1993 926">
     <span class='ocr_line' id='line_1_6' title="bbox 404 853 1993 926; baseline 0.001 -20"><span class='ocrx_word' id='word_1_29' title='bbox 404 853 561 908; x_wconf 85' lang='lat' dir='ltr'><strong>vilius</strong></span> <span class='ocrx_word' id='word_1_30' title='bbox 591 856 926 924; x_wconf 90' lang='lat' dir='ltr'><strong>proculcans,</strong></span> <span class='ocrx_word' id='word_1_31' title='bbox 954 870 1048 911; x_wconf 90' lang='lat' dir='ltr'><strong>eos</strong></span> <span class='ocrx_word' id='word_1_32' title='bbox 1075 857 1357 912; x_wconf 81' lang='lat' dir='ltr'><strong>thesauros</strong></span> <span class='ocrx_word' id='word_1_33' title='bbox 1386 856 1477 926; x_wconf 91' lang='lat' dir='ltr'><strong>qui</strong></span> <span class='ocrx_word' id='word_1_34' title='bbox 1509 855 1634 910; x_wconf 93' lang='lat' dir='ltr'><strong>hinc</strong></span> <span class='ocrx_word' id='word_1_35' title='bbox 1660 854 1753 909; x_wconf 84' lang='lat' dir='ltr'><strong>tibi</strong></span> <span class='ocrx_word' id='word_1_36' title='bbox 1780 855 1833 909; x_wconf 94' lang='lat' dir='ltr'><strong>in</strong></span> <span class='ocrx_word' id='word_1_37' title='bbox 1860 853 1993 909; x_wconf 85' lang='lat' dir='ltr'><strong>caelo</strong></span> 
     </span>
    </p>
   </div>
   <div class='ocr_carea' id='block_1_7' title="bbox 402 945 1992 1018">
    <p class='ocr_par' dir='ltr' id='par_1_7' title="bbox 402 945 1992 1018">
     <span class='ocr_line' id='line_1_7' title="bbox 402 945 1992 1018; baseline -0.001 -17"><span class='ocrx_word' id='word_1_38' title='bbox 402 953 675 1011; x_wconf 86' lang='lat' dir='ltr'><strong>creantur,</strong></span> <span class='ocrx_word' id='word_1_39' title='bbox 707 955 1074 1017; x_wconf 69' lang='lat' dir='ltr'><strong>qumstumque</strong></span> <span class='ocrx_word' id='word_1_40' title='bbox 1114 948 1205 1018; x_wconf 87' lang='lat' dir='ltr'><strong>qui</strong></span> <span class='ocrx_word' id='word_1_41' title='bbox 1245 946 1514 1002; x_wconf 80' lang='lat' dir='ltr'><strong>exhauriri</strong></span> <span class='ocrx_word' id='word_1_42' title='bbox 1543 955 1598 1001; x_wconf 92' lang='lat' dir='ltr'><strong>ct</strong></span> <span class='ocrx_word' id='word_1_43' title='bbox 1622 945 1866 1001; x_wconf 89' lang='lat' dir='ltr'><strong>consumi</strong></span> <span class='ocrx_word' id='word_1_44' title='bbox 1894 959 1992 1000; x_wconf 90' lang='lat' dir='ltr'><strong>ne-</strong></span> 
     </span>
    </p>
   </div>
   <div class='ocr_carea' id='block_1_8' title="bbox 400 1037 1994 1111">
    <p class='ocr_par' dir='ltr' id='par_1_8' title="bbox 400 1037 1994 1111">
     <span class='ocr_line' id='line_1_8' title="bbox 400 1037 1994 1111; baseline 0.001 -21"><span class='ocrx_word' id='word_1_45' title='bbox 400 1037 554 1106; x_wconf 84' lang='lat' dir='ltr'><strong>quit,</strong></span> <span class='ocrx_word' id='word_1_46' title='bbox 574 1048 734 1110; x_wconf 90' lang='lat' dir='ltr'><strong>atque</strong></span> <span class='ocrx_word' id='word_1_47' title='bbox 762 1055 892 1111; x_wconf 89' lang='lat' dir='ltr'><strong>opes</strong></span> <span class='ocrx_word' id='word_1_48' title='bbox 919 1040 988 1094; x_wconf 89' lang='lat' dir='ltr'><strong>ab</strong></span> <span class='ocrx_word' id='word_1_49' title='bbox 1016 1040 1160 1095; x_wconf 90' lang='lat' dir='ltr'><strong>omni</strong></span> <span class='ocrx_word' id='word_1_50' title='bbox 1189 1039 1498 1110; x_wconf 69' lang='lat' dir='ltr'><strong>praedonum</strong></span> <span class='ocrx_word' id='word_1_51' title='bbox 1528 1038 1720 1108; x_wconf 72' lang='lat' dir='ltr'><strong>injuria</strong></span> <span class='ocrx_word' id='word_1_52' title='bbox 1762 1046 1901 1093; x_wconf 87' lang='lat' dir='ltr'><strong>tutas</strong></span> <span class='ocrx_word' id='word_1_53' title='bbox 1939 1045 1994 1093; x_wconf 92' lang='lat' dir='ltr'><strong>et</strong></span> 
     </span>
    </p>
   </div>
   <div class='ocr_carea' id='block_1_9' title="bbox 402 1128 1991 1202">
    <p class='ocr_par' dir='ltr' id='par_1_9' title="bbox 402 1128 1991 1202">
     <span class='ocr_line' id='line_1_9' title="bbox 402 1128 1991 1202; baseline 0.004 -23"><span class='ocrx_word' id='word_1_54' title='bbox 402 1128 669 1185; x_wconf 88' lang='lat' dir='ltr'><strong>immunes</strong></span> <span class='ocrx_word' id='word_1_55' title='bbox 711 1132 892 1188; x_wconf 92' lang='lat' dir='ltr'><strong>animo</strong></span> <span class='ocrx_word' id='word_1_56' title='bbox 920 1131 1210 1202; x_wconf 85' lang='lat' dir='ltr'><strong>perpende.</strong></span> <span class='ocrx_word' id='word_1_57' title='bbox 1239 1135 1308 1187; x_wconf 77' lang='lat' dir='ltr'><strong>At</strong></span> <span class='ocrx_word' id='word_1_58' title='bbox 1334 1147 1527 1202; x_wconf 89' lang='lat' dir='ltr'><strong>corpus</strong></span> <span class='ocrx_word' id='word_1_59' title='bbox 1557 1142 1703 1186; x_wconf 91' lang='lat' dir='ltr'><strong>tuum</strong></span> <span class='ocrx_word' id='word_1_60' title='bbox 1732 1131 1801 1187; x_wconf 90' lang='lat' dir='ltr'><strong>ob</strong></span> <span class='ocrx_word' id='word_1_61' title='bbox 1840 1130 1991 1185; x_wconf 89' lang='lat' dir='ltr'><strong>labo-</strong></span> 
     </span>
    </p>
   </div>
   <div class='ocr_carea' id='block_1_10' title="bbox 404 1222 1991 1293">
    <p class='ocr_par' dir='ltr' id='par_1_10' title="bbox 404 1222 1991 1293">
     <span class='ocr_line' id='line_1_10' title="bbox 404 1222 1991 1293; baseline 0.002 -21"><span class='ocrx_word' id='word_1_62' title='bbox 404 1234 489 1273; x_wconf 85' lang='lat' dir='ltr'><strong>res</strong></span> <span class='ocrx_word' id='word_1_63' title='bbox 516 1228 571 1275; x_wconf 91' lang='lat' dir='ltr'><strong>et</strong></span> <span class='ocrx_word' id='word_1_64' title='bbox 591 1237 859 1278; x_wconf 80' lang='lat' dir='ltr'><strong>aerumnas</strong></span> <span class='ocrx_word' id='word_1_65' title='bbox 890 1224 1028 1280; x_wconf 87' lang='lat' dir='ltr'><strong>male</strong></span> <span class='ocrx_word' id='word_1_66' title='bbox 1056 1223 1302 1279; x_wconf 75' lang='lat' dir='ltr'><strong>affectum</strong></span> <span class='ocrx_word' id='word_1_67' title='bbox 1331 1234 1413 1279; x_wconf 89' lang='lat' dir='ltr'><strong>est</strong></span> <span class='ocrx_word' id='word_1_68' title='bbox 1436 1265 1453 1291; x_wconf 92' lang='lat'><strong>,</strong></span> <span class='ocrx_word' id='word_1_69' title='bbox 1491 1224 1829 1293; x_wconf 86' lang='lat' dir='ltr'><strong>hostiumque</strong></span> <span class='ocrx_word' id='word_1_70' title='bbox 1856 1222 1991 1277; x_wconf 89' lang='lat' dir='ltr'><strong>insi-</strong></span> 
     </span>
    </p>
   </div>
   <div class='ocr_carea' id='block_1_11' title="bbox 400 1310 1990 1385">
    <p class='ocr_par' dir='ltr' id='par_1_11' title="bbox 400 1310 1990 1385">
     <span class='ocr_line' id='line_1_11' title="bbox 400 1310 1990 1385; baseline 0.003 -21"><span class='ocrx_word' id='word_1_71' title='bbox 400 1310 504 1366; x_wconf 76' lang='lat' dir='ltr'><strong>dia:</strong></span> <span class='ocrx_word' id='word_1_72' title='bbox 530 1313 776 1369; x_wconf 83' lang='lat' dir='ltr'><strong>morbum</strong></span> <span class='ocrx_word' id='word_1_73' title='bbox 801 1314 1176 1371; x_wconf 84' lang='lat' dir='ltr'><strong>adduxerunt?</strong></span> <span class='ocrx_word' id='word_1_74' title='bbox 1201 1314 1465 1370; x_wconf 87' lang='lat' dir='ltr'><strong>Nimirum</strong></span> <span class='ocrx_word' id='word_1_75' title='bbox 1497 1315 1729 1385; x_wconf 87' lang='lat' dir='ltr'><strong>ingentis</strong></span> <span class='ocrx_word' id='word_1_76' title='bbox 1769 1313 1990 1368; x_wconf 82' lang='lat' dir='ltr'><strong>alterius</strong></span> 
     </span>
    </p>
   </div>
   <div class='ocr_carea' id='block_1_12' title="bbox 400 1407 1990 1480">
    <p class='ocr_par' dir='ltr' id='par_1_12' title="bbox 400 1407 1990 1480">
     <span class='ocr_line' id='line_1_12' title="bbox 400 1407 1990 1480; baseline 0.003 -23"><span class='ocrx_word' id='word_1_77' title='bbox 400 1414 561 1475; x_wconf 88' lang='lat' dir='ltr'><strong>atque</strong></span> <span class='ocrx_word' id='word_1_78' title='bbox 590 1407 870 1463; x_wconf 85' lang='lat' dir='ltr'><strong>ineffabilis</strong></span> <span class='ocrx_word' id='word_1_79' title='bbox 894 1420 1131 1480; x_wconf 66' lang='lat' dir='ltr'><strong>quaestus</strong></span> <span class='ocrx_word' id='word_1_80' title='bbox 1161 1410 1438 1465; x_wconf 80' lang='lat' dir='ltr'><strong>materiam</strong></span> <span class='ocrx_word' id='word_1_81' title='bbox 1467 1409 1595 1463; x_wconf 89' lang='lat' dir='ltr'><strong>mihi</strong></span> <span class='ocrx_word' id='word_1_82' title='bbox 1622 1418 1808 1463; x_wconf 88' lang='lat' dir='ltr'><strong>rursus</strong></span> <span class='ocrx_word' id='word_1_83' title='bbox 1837 1421 1990 1462; x_wconf 87' lang='lat' dir='ltr'><strong>com-</strong></span> 
     </span>
    </p>
   </div>
   <div class='ocr_carea' id='block_1_13' title="bbox 402 1499 1990 1570">
    <p class='ocr_par' dir='ltr' id='par_1_13' title="bbox 402 1499 1990 1570">
     <span class='ocr_line' id='line_1_13' title="bbox 402 1499 1990 1570; baseline 0.003 -20"><span class='ocrx_word' id='word_1_84' title='bbox 402 1512 689 1554; x_wconf 88' lang='lat' dir='ltr'><strong>memoras.</strong></span> <span class='ocrx_word' id='word_1_85' title='bbox 735 1499 852 1556; x_wconf 90' lang='lat' dir='ltr'><strong>Scis</strong></span> <span class='ocrx_word' id='word_1_86' title='bbox 894 1501 1036 1557; x_wconf 90' lang='lat' dir='ltr'><strong>enim</strong></span> <span class='ocrx_word' id='word_1_87' title='bbox 1057 1543 1072 1567; x_wconf 92' lang='lat'><strong>,</strong></span> <span class='ocrx_word' id='word_1_88' title='bbox 1103 1502 1239 1567; x_wconf 90' lang='lat' dir='ltr'><strong>scis,</strong></span> <span class='ocrx_word' id='word_1_89' title='bbox 1269 1501 1515 1570; x_wconf 86' lang='lat' dir='ltr'><strong>inquam,</strong></span> <span class='ocrx_word' id='word_1_90' title='bbox 1547 1500 1736 1570; x_wconf 85' lang='lat' dir='ltr'><strong>plane,</strong></span> <span class='ocrx_word' id='word_1_91' title='bbox 1778 1508 1990 1569; x_wconf 74' lang='lat' dir='ltr'><strong>quanta:</strong></span> 
     </span>
    </p>
   </div>
   <div class='ocr_carea' id='block_1_14' title="bbox 403 1588 1991 1663">
    <p class='ocr_par' dir='ltr' id='par_1_14' title="bbox 403 1588 1991 1663">
     <span class='ocr_line' id='line_1_14' title="bbox 403 1588 1991 1663; baseline 0.002 -22"><span class='ocrx_word' id='word_1_92' title='bbox 403 1588 575 1644; x_wconf 81' lang='lat' dir='ltr'><strong>laudis</strong></span> <span class='ocrx_word' id='word_1_93' title='bbox 619 1590 730 1659; x_wconf 90' lang='lat' dir='ltr'><strong>sit,</strong></span> <span class='ocrx_word' id='word_1_94' title='bbox 777 1592 1023 1662; x_wconf 89' lang='lat' dir='ltr'><strong>corporis</strong></span> <span class='ocrx_word' id='word_1_95' title='bbox 1061 1594 1306 1647; x_wconf 88' lang='lat' dir='ltr'><strong>morbum</strong></span> <span class='ocrx_word' id='word_1_96' title='bbox 1335 1606 1597 1663; x_wconf 86' lang='lat' dir='ltr'><strong>generoso</strong></span> <span class='ocrx_word' id='word_1_97' title='bbox 1624 1594 1804 1645; x_wconf 90' lang='lat' dir='ltr'><strong>animo</strong></span> <span class='ocrx_word' id='word_1_98' title='bbox 1832 1599 1991 1660; x_wconf 88' lang='lat' dir='ltr'><strong>atque</strong></span> 
     </span>
    </p>
   </div>
   <div class='ocr_carea' id='block_1_15' title="bbox 400 1682 1993 1755">
    <p class='ocr_par' dir='ltr' id='par_1_15' title="bbox 400 1682 1993 1755">
     <span class='ocr_line' id='line_1_15' title="bbox 400 1682 1993 1755; baseline 0 -20"><span class='ocrx_word' id='word_1_99' title='bbox 400 1698 524 1736; x_wconf 83' lang='lat' dir='ltr'><strong>eum</strong></span> <span class='ocrx_word' id='word_1_100' title='bbox 553 1684 844 1753; x_wconf 80' lang='lat' dir='ltr'><strong>gratiarum</strong></span> <span class='ocrx_word' id='word_1_101' title='bbox 876 1686 1087 1741; x_wconf 86' lang='lat' dir='ltr'><strong>actione</strong></span> <span class='ocrx_word' id='word_1_102' title='bbox 1110 1684 1270 1740; x_wconf 86' lang='lat' dir='ltr'><strong>ferre.</strong></span> <span class='ocrx_word' id='word_1_103' title='bbox 1300 1686 1442 1752; x_wconf 86' lang='lat' dir='ltr'><strong>lloc,</strong></span> <span class='ocrx_word' id='word_1_104' title='bbox 1467 1694 1525 1739; x_wconf 93' lang='lat' dir='ltr'><strong>ut</strong></span> <span class='ocrx_word' id='word_1_105' title='bbox 1549 1699 1691 1755; x_wconf 73' lang='lat' dir='ltr'><strong>smpe</strong></span> <span class='ocrx_word' id='word_1_106' title='bbox 1716 1683 1859 1749; x_wconf 79' lang='lat' dir='ltr'><strong>dixi,</strong></span> <span class='ocrx_word' id='word_1_107' title='bbox 1891 1682 1993 1738; x_wconf 86' lang='lat' dir='ltr'><strong>La-</strong></span> 
     </span>
    </p>
   </div>
   <div class='ocr_carea' id='block_1_16' title="bbox 402 1776 1992 1834">
    <p class='ocr_par' dir='ltr' id='par_1_16' title="bbox 402 1776 1992 1834">
     <span class='ocr_line' id='line_1_16' title="bbox 402 1776 1992 1834; baseline 0.002 -8"><span class='ocrx_word' id='word_1_108' title='bbox 402 1789 528 1828; x_wconf 83' lang='lat' dir='ltr'><strong>zaro</strong></span> <span class='ocrx_word' id='word_1_109' title='bbox 556 1790 812 1830; x_wconf 86' lang='lat' dir='ltr'><strong>coronam</strong></span> <span class='ocrx_word' id='word_1_110' title='bbox 853 1779 1031 1833; x_wconf 90' lang='lat' dir='ltr'><strong>attulit</strong></span> <span class='ocrx_word' id='word_1_111' title='bbox 1064 1795 1078 1832; x_wconf 93' lang='lat'>:</span> <span class='ocrx_word' id='word_1_112' title='bbox 1108 1777 1213 1833; x_wconf 88' lang='lat' dir='ltr'><strong>hcc</strong></span> <span class='ocrx_word' id='word_1_113' title='bbox 1243 1779 1295 1832; x_wconf 91' lang='lat' dir='ltr'><strong>in</strong></span> <span class='ocrx_word' id='word_1_114' title='bbox 1323 1778 1441 1834; x_wconf 81' lang='lat' dir='ltr'><strong>Jobi</strong></span> <span class='ocrx_word' id='word_1_115' title='bbox 1469 1778 1851 1833; x_wconf 84' lang='lat' dir='ltr'><strong>certaminibus</strong></span> <span class='ocrx_word' id='word_1_116' title='bbox 1876 1776 1992 1831; x_wconf 90' lang='lat' dir='ltr'><strong>dia-</strong></span> 
     </span>
    </p>
   </div>
   <div class='ocr_carea' id='block_1_17' title="bbox 400 1854 1989 1941">
    <p class='ocr_par' dir='ltr' id='par_1_17' title="bbox 400 1854 1989 1941">
     <span class='ocr_line' id='line_1_17' title="bbox 400 1854 1989 1941; baseline 0.003 -23"><span class='ocrx_word' id='word_1_117' title='bbox 400 1865 578 1920; x_wconf 91' lang='lat' dir='ltr'><strong>bolum</strong></span> <span class='ocrx_word' id='word_1_118' title='bbox 612 1854 899 1937; x_wconf 75' lang='lat' dir='ltr'><strong>iguominia</strong></span> <span class='ocrx_word' id='word_1_119' title='bbox 940 1870 1151 1936; x_wconf 72' lang='lat' dir='ltr'><strong>affecit,</strong></span> <span class='ocrx_word' id='word_1_120' title='bbox 1200 1870 1534 1941; x_wconf 84' lang='lat' dir='ltr'><strong>pugilemque</strong></span> <span class='ocrx_word' id='word_1_121' title='bbox 1580 1868 1650 1924; x_wconf 88' lang='lat' dir='ltr'><strong>ob</strong></span> <span class='ocrx_word' id='word_1_122' title='bbox 1687 1867 1989 1939; x_wconf 88' lang='lat' dir='ltr'><strong>hujusmodi</strong></span> 
     </span>
    </p>
   </div>
   <div class='ocr_carea' id='block_1_18' title="bbox 401 1958 1987 2031">
    <p class='ocr_par' dir='ltr' id='par_1_18' title="bbox 401 1958 1987 2031">
     <span class='ocr_line' id='line_1_18' title="bbox 401 1958 1987 2031; baseline 0.003 -24"><span class='ocrx_word' id='word_1_123' title='bbox 401 1958 708 2026; x_wconf 79' lang='lat' dir='ltr'><strong>patientiam</strong></span> <span class='ocrx_word' id='word_1_124' title='bbox 734 1960 1019 2016; x_wconf 89' lang='lat' dir='ltr'><strong>clariorem</strong></span> <span class='ocrx_word' id='word_1_125' title='bbox 1048 1961 1299 2017; x_wconf 81' lang='lat' dir='ltr'><strong>reddidit.</strong></span> <span class='ocrx_word' id='word_1_126' title='bbox 1330 1961 1443 2017; x_wconf 82' lang='lat' dir='ltr'><strong>Hoc</strong></span> <span class='ocrx_word' id='word_1_127' title='bbox 1469 1960 1638 2031; x_wconf 75' lang='lat' dir='ltr'><strong>magis</strong></span> <span class='ocrx_word' id='word_1_128' title='bbox 1663 1976 1821 2031; x_wconf 89' lang='lat' dir='ltr'><strong>quam</strong></span> <span class='ocrx_word' id='word_1_129' title='bbox 1855 1974 1987 2029; x_wconf 87' lang='lat' dir='ltr'><strong>pau-</strong></span> 
     </span>
    </p>
   </div>
   <div class='ocr_carea' id='block_1_19' title="bbox 400 2050 1987 2123">
    <p class='ocr_par' dir='ltr' id='par_1_19' title="bbox 400 2050 1987 2123">
     <span class='ocr_line' id='line_1_19' title="bbox 400 2050 1987 2123; baseline 0.001 -20"><span class='ocrx_word' id='word_1_130' title='bbox 400 2050 627 2119; x_wconf 78' lang='lat' dir='ltr'><strong>pertatis</strong></span> <span class='ocrx_word' id='word_1_131' title='bbox 661 2066 833 2118; x_wconf 87' lang='lat' dir='ltr'><strong>amor,</strong></span> <span class='ocrx_word' id='word_1_132' title='bbox 867 2067 1029 2122; x_wconf 88' lang='lat' dir='ltr'><strong>opum</strong></span> <span class='ocrx_word' id='word_1_133' title='bbox 1068 2053 1431 2123; x_wconf 83' lang='lat' dir='ltr'><strong>contemptio,</strong></span> <span class='ocrx_word' id='word_1_134' title='bbox 1467 2067 1531 2108; x_wconf 88' lang='lat' dir='ltr'><strong>ac</strong></span> <span class='ocrx_word' id='word_1_135' title='bbox 1574 2052 1851 2122; x_wconf 89' lang='lat' dir='ltr'><strong>repentina</strong></span> <span class='ocrx_word' id='word_1_136' title='bbox 1897 2050 1987 2105; x_wconf 89' lang='lat' dir='ltr'><strong>illa</strong></span> 
     </span>
    </p>
   </div>
   <div class='ocr_carea' id='block_1_20' title="bbox 402 2142 1991 2215">
    <p class='ocr_par' dir='ltr' id='par_1_20' title="bbox 402 2142 1991 2215">
     <span class='ocr_line' id='line_1_20' title="bbox 402 2142 1991 2215; baseline 0.004 -22"><span class='ocrx_word' id='word_1_137' title='bbox 402 2142 630 2199; x_wconf 80' lang='lat' dir='ltr'><strong>tiliurum</strong></span> <span class='ocrx_word' id='word_1_138' title='bbox 657 2143 896 2212; x_wconf 83' lang='lat' dir='ltr'><strong>amissio,</strong></span> <span class='ocrx_word' id='word_1_139' title='bbox 924 2155 978 2200; x_wconf 90' lang='lat' dir='ltr'><strong>et</strong></span> <span class='ocrx_word' id='word_1_140' title='bbox 1003 2154 1271 2200; x_wconf 77' lang='lat' dir='ltr'><strong>sexcenta:</strong></span> <span class='ocrx_word' id='word_1_141' title='bbox 1298 2145 1525 2213; x_wconf 63' lang='lat' dir='ltr'><strong>insidiae,</strong></span> <span class='ocrx_word' id='word_1_142' title='bbox 1552 2144 1725 2215; x_wconf 89' lang='lat' dir='ltr'><strong>ipsum</strong></span> <span class='ocrx_word' id='word_1_143' title='bbox 1750 2142 1906 2199; x_wconf 86' lang='lat' dir='ltr'><strong>laude</strong></span> <span class='ocrx_word' id='word_1_144' title='bbox 1925 2157 1991 2199; x_wconf 90' lang='lat' dir='ltr'><strong>ac</strong></span> 
     </span>
    </p>
   </div>
   <div class='ocr_carea' id='block_1_21' title="bbox 403 2234 1989 2308">
    <p class='ocr_par' dir='ltr' id='par_1_21' title="bbox 403 2234 1989 2308">
     <span class='ocr_line' id='line_1_21' title="bbox 403 2234 1989 2308; baseline 0.004 -25"><span class='ocrx_word' id='word_1_145' title='bbox 403 2234 781 2301; x_wconf 67' lang='lat' dir='ltr'><strong>praedicatione</strong></span> <span class='ocrx_word' id='word_1_146' title='bbox 830 2236 1049 2305; x_wconf 81' lang='lat' dir='ltr'><strong>extulit,</strong></span> <span class='ocrx_word' id='word_1_147' title='bbox 1078 2246 1236 2307; x_wconf 85' lang='lat' dir='ltr'><strong>atque</strong></span> <span class='ocrx_word' id='word_1_148' title='bbox 1266 2238 1548 2308; x_wconf 90' lang='lat' dir='ltr'><strong>impudens</strong></span> <span class='ocrx_word' id='word_1_149' title='bbox 1583 2237 1818 2308; x_wconf 86' lang='lat' dir='ltr'><strong>perversi</strong></span> <span class='ocrx_word' id='word_1_150' title='bbox 1849 2235 1989 2290; x_wconf 87' lang='lat' dir='ltr'><strong>illius</strong></span> 
     </span>
    </p>
   </div>
   <div class='ocr_carea' id='block_1_22' title="bbox 399 2324 1989 2403">
    <p class='ocr_par' dir='ltr' id='par_1_22' title="bbox 399 2324 1989 2403">
     <span class='ocr_line' id='line_1_22' title="bbox 399 2324 1989 2403; baseline 0.004 -26"><span class='ocrx_word' id='word_1_151' title='bbox 399 2324 656 2382; x_wconf 80' lang='lat' dir='ltr'><strong>daemonis</strong></span> <span class='ocrx_word' id='word_1_152' title='bbox 685 2341 748 2382; x_wconf 89' lang='lat' dir='ltr'><strong>os</strong></span> <span class='ocrx_word' id='word_1_153' title='bbox 772 2327 1025 2397; x_wconf 85' lang='lat' dir='ltr'><strong>perfacile</strong></span> <span class='ocrx_word' id='word_1_154' title='bbox 1048 2330 1338 2387; x_wconf 81' lang='lat' dir='ltr'><strong>obstruxit.</strong></span> <span class='ocrx_word' id='word_1_155' title='bbox 1367 2331 1492 2386; x_wconf 62' lang='lat' dir='ltr'><strong>llaec</strong></span> <span class='ocrx_word' id='word_1_156' title='bbox 1522 2331 1682 2403; x_wconf 92' lang='lat' dir='ltr'><strong>igitur</strong></span> <span class='ocrx_word' id='word_1_157' title='bbox 1717 2332 1831 2401; x_wconf 89' lang='lat' dir='ltr'><strong>ipsa</strong></span> <span class='ocrx_word' id='word_1_158' title='bbox 1856 2342 1989 2400; x_wconf 91' lang='lat' dir='ltr'><strong>quo-</strong></span> 
     </span>
    </p>
   </div>
   <div class='ocr_carea' id='block_1_23' title="bbox 399 2421 1985 2494">
    <p class='ocr_par' dir='ltr' id='par_1_23' title="bbox 399 2421 1985 2494">
     <span class='ocr_line' id='line_1_23' title="bbox 399 2421 1985 2494; baseline 0.001 -22"><span class='ocrx_word' id='word_1_159' title='bbox 399 2432 503 2489; x_wconf 83' lang='lat' dir='ltr'><strong>que</strong></span> <span class='ocrx_word' id='word_1_160' title='bbox 547 2429 804 2489; x_wconf 88' lang='lat' dir='ltr'><strong>perpetuo</strong></span> <span class='ocrx_word' id='word_1_161' title='bbox 848 2428 1020 2475; x_wconf 88' lang='lat' dir='ltr'><strong>tecum</strong></span> <span class='ocrx_word' id='word_1_162' title='bbox 1067 2433 1319 2492; x_wconf 88' lang='lat' dir='ltr'><strong>reputans</strong></span> <span class='ocrx_word' id='word_1_163' title='bbox 1343 2464 1358 2490; x_wconf 94' lang='lat'><strong>,</strong></span> <span class='ocrx_word' id='word_1_164' title='bbox 1400 2423 1572 2494; x_wconf 84' lang='lat' dir='ltr'><strong>gaude</strong></span> <span class='ocrx_word' id='word_1_165' title='bbox 1601 2431 1656 2479; x_wconf 90' lang='lat' dir='ltr'><strong>et</strong></span> <span class='ocrx_word' id='word_1_166' title='bbox 1693 2421 1985 2491; x_wconf 87' lang='lat' dir='ltr'><strong>oblectare,</strong></span> 
     </span>
    </p>
   </div>
   <div class='ocr_carea' id='block_1_24' title="bbox 398 2510 1988 2588">
    <p class='ocr_par' dir='ltr' id='par_1_24' title="bbox 398 2510 1988 2588">
     <span class='ocr_line' id='line_1_24' title="bbox 398 2510 1988 2588; baseline 0.007 -26"><span class='ocrx_word' id='word_1_167' title='bbox 398 2510 541 2580; x_wconf 78' lang='lat' dir='ltr'><strong>quod</strong></span> <span class='ocrx_word' id='word_1_168' title='bbox 572 2512 804 2568; x_wconf 83' lang='lat' dir='ltr'><strong>maximo</strong></span> <span class='ocrx_word' id='word_1_169' title='bbox 832 2514 1127 2569; x_wconf 88' lang='lat' dir='ltr'><strong>certamine</strong></span> <span class='ocrx_word' id='word_1_170' title='bbox 1150 2514 1430 2584; x_wconf 89' lang='lat' dir='ltr'><strong>perfuncta</strong></span> <span class='ocrx_word' id='word_1_171' title='bbox 1456 2516 1554 2585; x_wconf 90' lang='lat' dir='ltr'><strong>sis,</strong></span> <span class='ocrx_word' id='word_1_172' title='bbox 1580 2524 1740 2587; x_wconf 87' lang='lat' dir='ltr'><strong>atque</strong></span> <span class='ocrx_word' id='word_1_173' title='bbox 1766 2515 1818 2572; x_wconf 92' lang='lat' dir='ltr'><strong>id</strong></span> <span class='ocrx_word' id='word_1_174' title='bbox 1844 2516 1988 2588; x_wconf 90' lang='lat' dir='ltr'><strong>quod</strong></span> 
     </span>
    </p>
   </div>
   <div class='ocr_carea' id='block_1_25' title="bbox 400 2595 1988 2677">
    <p class='ocr_par' dir='ltr' id='par_1_25' title="bbox 400 2595 1988 2677">
     <span class='ocr_line' id='line_1_25' title="bbox 400 2595 1988 2677; baseline 0.008 -26"><span class='ocrx_word' id='word_1_175' title='bbox 400 2602 749 2657; x_wconf 61' lang='lat' dir='ltr'><strong>munitionum</strong></span> <span class='ocrx_word' id='word_1_176' title='bbox 780 2613 936 2674; x_wconf 91' lang='lat' dir='ltr'><strong>caput</strong></span> <span class='ocrx_word' id='word_1_177' title='bbox 959 2614 1060 2670; x_wconf 88' lang='lat' dir='ltr'><strong>est,</strong></span> <span class='ocrx_word' id='word_1_178' title='bbox 1091 2604 1175 2661; x_wconf 90' lang='lat' dir='ltr'><strong>fac</strong></span> <span class='ocrx_word' id='word_1_179' title='bbox 1200 2606 1409 2676; x_wconf 88' lang='lat' dir='ltr'><strong>placido</strong></span> <span class='ocrx_word' id='word_1_180' title='bbox 1428 2608 1608 2663; x_wconf 92' lang='lat' dir='ltr'><strong>animo</strong></span> <span class='ocrx_word' id='word_1_181' title='bbox 1629 2595 1791 2673; x_wconf 68' lang='lat' dir='ltr'><strong>feras,</strong></span> <span class='ocrx_word' id='word_1_182' title='bbox 1813 2622 1988 2677; x_wconf 85' lang='lat' dir='ltr'><strong>eoque</strong></span> 
     </span>
    </p>
   </div>
   <div class='ocr_carea' id='block_1_26' title="bbox 400 2697 1986 2771">
    <p class='ocr_par' dir='ltr' id='par_1_26' title="bbox 400 2697 1986 2771">
     <span class='ocr_line' id='line_1_26' title="bbox 400 2697 1986 2771; baseline 0.005 -23"><span class='ocrx_word' id='word_1_183' title='bbox 400 2697 615 2752; x_wconf 88' lang='lat' dir='ltr'><strong>nomine</strong></span> <span class='ocrx_word' id='word_1_184' title='bbox 642 2697 857 2770; x_wconf 83' lang='lat' dir='ltr'><strong>benigni</strong></span> <span class='ocrx_word' id='word_1_185' title='bbox 881 2699 974 2754; x_wconf 90' lang='lat' dir='ltr'><strong>Dei</strong></span> <span class='ocrx_word' id='word_1_186' title='bbox 998 2699 1218 2771; x_wconf 79' lang='lat' dir='ltr'><strong>gloriam</strong></span> <span class='ocrx_word' id='word_1_187' title='bbox 1248 2701 1528 2771; x_wconf 78' lang='lat' dir='ltr'><strong>praedices,</strong></span> <span class='ocrx_word' id='word_1_188' title='bbox 1550 2702 1641 2771; x_wconf 91' lang='lat' dir='ltr'><strong>qui</strong></span> <span class='ocrx_word' id='word_1_189' title='bbox 1666 2716 1787 2757; x_wconf 91' lang='lat' dir='ltr'><strong>cum</strong></span> <span class='ocrx_word' id='word_1_190' title='bbox 1809 2701 1986 2756; x_wconf 87' lang='lat' dir='ltr'><strong>omnia</strong></span> 
     </span>
    </p>
   </div>
   <div class='ocr_carea' id='block_1_27' title="bbox 396 2791 1986 2867">
    <p class='ocr_par' dir='ltr' id='par_1_27' title="bbox 396 2791 1986 2867">
     <span class='ocr_line' id='line_1_27' title="bbox 396 2791 1986 2867; baseline 0.005 -24"><span class='ocrx_word' id='word_1_191' title='bbox 396 2791 573 2845; x_wconf 81' lang='lat' dir='ltr'><strong>subito</strong></span> <span class='ocrx_word' id='word_1_192' title='bbox 619 2791 799 2848; x_wconf 89' lang='lat' dir='ltr'><strong>delere</strong></span> <span class='ocrx_word' id='word_1_193' title='bbox 837 2808 901 2849; x_wconf 88' lang='lat' dir='ltr'><strong>ac</strong></span> <span class='ocrx_word' id='word_1_194' title='bbox 942 2794 1009 2850; x_wconf 92' lang='lat' dir='ltr'><strong>de</strong></span> <span class='ocrx_word' id='word_1_195' title='bbox 1047 2795 1223 2849; x_wconf 90' lang='lat' dir='ltr'><strong>medio</strong></span> <span class='ocrx_word' id='word_1_196' title='bbox 1264 2796 1450 2851; x_wconf 89' lang='lat' dir='ltr'><strong>tollere</strong></span> <span class='ocrx_word' id='word_1_197' title='bbox 1486 2802 1684 2867; x_wconf 86' lang='lat' dir='ltr'><strong>queat,</strong></span> <span class='ocrx_word' id='word_1_198' title='bbox 1713 2810 1776 2850; x_wconf 87' lang='lat' dir='ltr'><strong>ea</strong></span> <span class='ocrx_word' id='word_1_199' title='bbox 1808 2804 1986 2851; x_wconf 89' lang='lat' dir='ltr'><strong>tamen</strong></span> 
     </span>
    </p>
   </div>
   <div class='ocr_carea' id='block_1_28' title="bbox 397 2882 1987 2960">
    <p class='ocr_par' dir='ltr' id='par_1_28' title="bbox 397 2882 1987 2960">
     <span class='ocr_line' id='line_1_28' title="bbox 397 2882 1987 2960; baseline 0.005 -25"><span class='ocrx_word' id='word_1_200' title='bbox 397 2882 525 2936; x_wconf 88' lang='lat' dir='ltr'><strong>oriri</strong></span> <span class='ocrx_word' id='word_1_201' title='bbox 572 2883 734 2951; x_wconf 89' lang='lat' dir='ltr'><strong>sinit,</strong></span> <span class='ocrx_word' id='word_1_202' title='bbox 784 2896 840 2938; x_wconf 88' lang='lat' dir='ltr'><strong>ut</strong></span> <span class='ocrx_word' id='word_1_203' title='bbox 878 2884 971 2940; x_wconf 90' lang='lat' dir='ltr'><strong>tibi</strong></span> <span class='ocrx_word' id='word_1_204' title='bbox 1016 2885 1238 2955; x_wconf 88' lang='lat' dir='ltr'><strong>pulcher</strong></span> <span class='ocrx_word' id='word_1_205' title='bbox 1264 2885 1352 2942; x_wconf 87' lang='lat' dir='ltr'><strong>hic</strong></span> <span class='ocrx_word' id='word_1_206' title='bbox 1380 2896 1617 2957; x_wconf 69' lang='lat' dir='ltr'><strong>qumstus</strong></span> <span class='ocrx_word' id='word_1_207' title='bbox 1657 2887 1987 2960; x_wconf 89' lang='lat' dir='ltr'><strong>splendidior</strong></span> 
     </span>
    </p>
   </div>
   <div class='ocr_carea' id='block_1_29' title="bbox 396 2973 1984 3048">
    <p class='ocr_par' dir='ltr' id='par_1_29' title="bbox 396 2973 1984 3048">
     <span class='ocr_line' id='line_1_29' title="bbox 396 2973 1984 3048; baseline 0.004 -21"><span class='ocrx_word' id='word_1_208' title='bbox 396 2973 618 3029; x_wconf 81' lang='lat' dir='ltr'><strong>exsistat</strong></span> <span class='ocrx_word' id='word_1_209' title='bbox 666 2973 745 3031; x_wconf 91' lang='lat' dir='ltr'><strong>0b</strong></span> <span class='ocrx_word' id='word_1_210' title='bbox 772 2975 929 3047; x_wconf 90' lang='lat' dir='ltr'><strong>idque</strong></span> <span class='ocrx_word' id='word_1_211' title='bbox 972 2977 1182 3032; x_wconf 87' lang='lat' dir='ltr'><strong>beatam</strong></span> <span class='ocrx_word' id='word_1_212' title='bbox 1230 2987 1281 3034; x_wconf 91' lang='lat' dir='ltr'><strong>te</strong></span> <span class='ocrx_word' id='word_1_213' title='bbox 1326 2978 1618 3048; x_wconf 85' lang='lat' dir='ltr'><strong>praedicare</strong></span> <span class='ocrx_word' id='word_1_214' title='bbox 1654 2979 1984 3035; x_wconf 85' lang='lat' dir='ltr'><strong>minimeiu—</strong></span> 
     </span>
    </p>
   </div>
   <div class='ocr_carea' id='block_1_30' title="bbox 400 3067 1987 3144">
    <p class='ocr_par' dir='ltr' id='par_1_30' title="bbox 400 3067 1987 3144">
     <span class='ocr_line' id='line_1_30' title="bbox 400 3067 1987 3144; baseline 0.006 -26"><span class='ocrx_word' id='word_1_215' title='bbox 400 3067 762 3122; x_wconf 90' lang='lat' dir='ltr'><strong>Iermittimns.</strong></span> <span class='ocrx_word' id='word_1_216' title='bbox 794 3068 930 3124; x_wconf 90' lang='lat' dir='ltr'><strong>lllud</strong></span> <span class='ocrx_word' id='word_1_217' title='bbox 961 3078 1137 3125; x_wconf 89' lang='lat' dir='ltr'><strong>autem</strong></span> <span class='ocrx_word' id='word_1_218' title='bbox 1167 3070 1318 3125; x_wconf 89' lang='lat' dir='ltr'><strong>nobis</strong></span> <span class='ocrx_word' id='word_1_219' title='bbox 1339 3071 1593 3141; x_wconf 90' lang='lat' dir='ltr'><strong>voluptati</strong></span> <span class='ocrx_word' id='word_1_220' title='bbox 1624 3071 1739 3139; x_wconf 92' lang='lat' dir='ltr'><strong>fuit,</strong></span> <span class='ocrx_word' id='word_1_221' title='bbox 1769 3072 1908 3144; x_wconf 90' lang='lat' dir='ltr'><strong>quod</strong></span> <span class='ocrx_word' id='word_1_222' title='bbox 1931 3080 1987 3128; x_wconf 90' lang='lat' dir='ltr'><strong>et</strong></span> 
     </span>
    </p>
   </div>
   <div class='ocr_carea' id='block_1_31' title="bbox 398 3160 1985 3237">
    <p class='ocr_par' dir='ltr' id='par_1_31' title="bbox 398 3160 1985 3237">
     <span class='ocr_line' id='line_1_31' title="bbox 398 3160 1985 3237; baseline 0.007 -26"><span class='ocrx_word' id='word_1_223' title='bbox 398 3160 577 3215; x_wconf 90' lang='lat' dir='ltr'><strong>litibus</strong></span> <span class='ocrx_word' id='word_1_224' title='bbox 598 3172 648 3215; x_wconf 88' lang='lat' dir='ltr'><strong>et</strong></span> <span class='ocrx_word' id='word_1_225' title='bbox 674 3163 923 3232; x_wconf 84' lang='lat' dir='ltr'><strong>negotiis,</strong></span> <span class='ocrx_word' id='word_1_226' title='bbox 954 3172 1009 3217; x_wconf 90' lang='lat' dir='ltr'><strong>ut</strong></span> <span class='ocrx_word' id='word_1_227' title='bbox 1038 3171 1089 3219; x_wconf 94' lang='lat' dir='ltr'><strong>te</strong></span> <span class='ocrx_word' id='word_1_228' title='bbox 1117 3163 1331 3234; x_wconf 71' lang='lat' dir='ltr'><strong>dignum</strong></span> <span class='ocrx_word' id='word_1_229' title='bbox 1364 3174 1500 3229; x_wconf 87' lang='lat' dir='ltr'><strong>erat,</strong></span> <span class='ocrx_word' id='word_1_230' title='bbox 1533 3164 1803 3233; x_wconf 87' lang='lat' dir='ltr'><strong>defuncta,</strong></span> <span class='ocrx_word' id='word_1_231' title='bbox 1835 3166 1985 3237; x_wconf 90' lang='lat' dir='ltr'><strong>ejus-</strong></span> 
     </span>
    </p>
   </div>
   <div class='ocr_carea' id='block_1_32' title="bbox 397 3253 1984 3329">
    <p class='ocr_par' dir='ltr' id='par_1_32' title="bbox 397 3253 1984 3329">
     <span class='ocr_line' id='line_1_32' title="bbox 397 3253 1984 3329; baseline 0.006 -23"><span class='ocrx_word' id='word_1_232' title='bbox 397 3253 538 3308; x_wconf 88' lang='lat' dir='ltr'><strong>modi</strong></span> <span class='ocrx_word' id='word_1_233' title='bbox 575 3255 650 3309; x_wconf 91' lang='lat' dir='ltr'><strong>rei</strong></span> <span class='ocrx_word' id='word_1_234' title='bbox 681 3254 840 3310; x_wconf 86' lang='lat' dir='ltr'><strong>linem</strong></span> <span class='ocrx_word' id='word_1_235' title='bbox 873 3256 1225 3326; x_wconf 91' lang='lat' dir='ltr'><strong>imposueris,</strong></span> <span class='ocrx_word' id='word_1_236' title='bbox 1255 3265 1312 3312; x_wconf 90' lang='lat' dir='ltr'><strong>ut</strong></span> <span class='ocrx_word' id='word_1_237' title='bbox 1338 3273 1436 3313; x_wconf 90' lang='lat' dir='ltr'><strong>nec</strong></span> <span class='ocrx_word' id='word_1_238' title='bbox 1464 3273 1525 3313; x_wconf 91' lang='lat' dir='ltr'><strong>ea</strong></span> <span class='ocrx_word' id='word_1_239' title='bbox 1555 3258 1742 3329; x_wconf 80' lang='lat' dir='ltr'><strong>ignave</strong></span> <span class='ocrx_word' id='word_1_240' title='bbox 1769 3258 1984 3329; x_wconf 81' lang='lat' dir='ltr'><strong>abjece-</strong></span> 
     </span>
    </p>
   </div>
   <div class='ocr_carea' id='block_1_33' title="bbox 398 3348 1985 3424">
    <p class='ocr_par' dir='ltr' id='par_1_33' title="bbox 398 3348 1985 3424">
     <span class='ocr_line' id='line_1_33' title="bbox 398 3348 1985 3424; baseline 0.004 -22"><span class='ocrx_word' id='word_1_241' title='bbox 398 3348 473 3402; x_wconf 83' lang='lat' dir='ltr'><strong>ris</strong></span> <span class='ocrx_word' id='word_1_242' title='bbox 496 3390 510 3412; x_wconf 94' lang='lat'><strong>,</strong></span> <span class='ocrx_word' id='word_1_243' title='bbox 545 3364 644 3404; x_wconf 88' lang='lat' dir='ltr'><strong>nec</strong></span> <span class='ocrx_word' id='word_1_244' title='bbox 690 3364 899 3404; x_wconf 89' lang='lat' dir='ltr'><strong>rursum</strong></span> <span class='ocrx_word' id='word_1_245' title='bbox 931 3351 1213 3407; x_wconf 88' lang='lat' dir='ltr'><strong>retiuueris</strong></span> <span class='ocrx_word' id='word_1_246' title='bbox 1237 3393 1252 3416; x_wconf 93' lang='lat'><strong>,</strong></span> <span class='ocrx_word' id='word_1_247' title='bbox 1292 3367 1355 3406; x_wconf 90' lang='lat' dir='ltr'><strong>ac</strong></span> <span class='ocrx_word' id='word_1_248' title='bbox 1393 3351 1742 3408; x_wconf 88' lang='lat' dir='ltr'><strong>tribunalibus</strong></span> <span class='ocrx_word' id='word_1_249' title='bbox 1766 3393 1780 3418; x_wconf 91' lang='lat'><strong>,</strong></span> <span class='ocrx_word' id='word_1_250' title='bbox 1814 3352 1985 3424; x_wconf 85' lang='lat' dir='ltr'><strong>iisque</strong></span> 
     </span>
    </p>
   </div>
   <div class='ocr_carea' id='block_1_34' title="bbox 394 3441 1985 3514">
    <p class='ocr_par' dir='ltr' id='par_1_34' title="bbox 394 3441 1985 3514">
     <span class='ocr_line' id='line_1_34' title="bbox 394 3441 1985 3514; baseline 0.004 -19"><span class='ocrx_word' id='word_1_251' title='bbox 394 3457 516 3512; x_wconf 73' lang='lat' dir='ltr'><strong>quce</strong></span> <span class='ocrx_word' id='word_1_252' title='bbox 546 3441 667 3497; x_wconf 92' lang='lat' dir='ltr'><strong>hinc</strong></span> <span class='ocrx_word' id='word_1_253' title='bbox 694 3444 940 3498; x_wconf 91' lang='lat' dir='ltr'><strong>oriuntur</strong></span> <span class='ocrx_word' id='word_1_254' title='bbox 966 3443 1118 3498; x_wconf 90' lang='lat' dir='ltr'><strong>malis</strong></span> <span class='ocrx_word' id='word_1_255' title='bbox 1144 3446 1366 3514; x_wconf 89' lang='lat' dir='ltr'><strong>teipsam</strong></span> <span class='ocrx_word' id='word_1_256' title='bbox 1397 3446 1759 3511; x_wconf 88' lang='lat' dir='ltr'><strong>translixcris;</strong></span> <span class='ocrx_word' id='word_1_257' title='bbox 1799 3460 1985 3501; x_wconf 88' lang='lat' dir='ltr'><strong>verum</strong></span> 
     </span>
    </p>
   </div>
   <div class='ocr_carea' id='block_1_35' title="bbox 397 3534 1985 3607">
    <p class='ocr_par' dir='ltr' id='par_1_35' title="bbox 397 3534 1985 3607">
     <span class='ocr_line' id='line_1_35' title="bbox 397 3534 1985 3607; baseline 0.004 -22"><span class='ocrx_word' id='word_1_258' title='bbox 397 3534 626 3588; x_wconf 88' lang='lat' dir='ltr'><strong>medium</strong></span> <span class='ocrx_word' id='word_1_259' title='bbox 657 3536 758 3589; x_wconf 91' lang='lat' dir='ltr'><strong>iter</strong></span> <span class='ocrx_word' id='word_1_260' title='bbox 783 3535 1020 3607; x_wconf 87' lang='lat' dir='ltr'><strong>ingressa</strong></span> <span class='ocrx_word' id='word_1_261' title='bbox 1050 3535 1125 3591; x_wconf 91' lang='lat' dir='ltr'><strong>sis</strong></span> <span class='ocrx_word' id='word_1_262' title='bbox 1146 3577 1160 3598; x_wconf 86' lang='lat'><strong>,</strong></span> <span class='ocrx_word' id='word_1_263' title='bbox 1189 3540 1447 3606; x_wconf 80' lang='lat' dir='ltr'><strong>eamque,</strong></span> <span class='ocrx_word' id='word_1_264' title='bbox 1489 3552 1608 3605; x_wconf 70' lang='lat' dir='ltr'><strong>qure</strong></span> <span class='ocrx_word' id='word_1_265' title='bbox 1653 3535 1746 3591; x_wconf 88' lang='lat' dir='ltr'><strong>tibi</strong></span> <span class='ocrx_word' id='word_1_266' title='bbox 1788 3550 1985 3592; x_wconf 84' lang='lat' dir='ltr'><strong>conve-</strong></span> 
     </span>
    </p>
   </div>
   <div class='ocr_carea' id='block_1_36' title="bbox 397 3625 1981 3697">
    <p class='ocr_par' dir='ltr' id='par_1_36' title="bbox 397 3625 1981 3697">
     <span class='ocr_line' id='line_1_36' title="bbox 397 3625 1981 3697; baseline 0.003 -18"><span class='ocrx_word' id='word_1_267' title='bbox 397 3625 608 3691; x_wconf 85' lang='lat' dir='ltr'><strong>niebat,</strong></span> <span class='ocrx_word' id='word_1_268' title='bbox 658 3626 957 3682; x_wconf 89' lang='lat' dir='ltr'><strong>libertatem</strong></span> <span class='ocrx_word' id='word_1_269' title='bbox 1005 3627 1343 3697; x_wconf 85' lang='lat' dir='ltr'><strong>perceperis,</strong></span> <span class='ocrx_word' id='word_1_270' title='bbox 1402 3635 1565 3697; x_wconf 85' lang='lat' dir='ltr'><strong>atque</strong></span> <span class='ocrx_word' id='word_1_271' title='bbox 1613 3626 1882 3696; x_wconf 83' lang='lat' dir='ltr'><strong>ingentem</strong></span> <span class='ocrx_word' id='word_1_272' title='bbox 1927 3626 1981 3683; x_wconf 90' lang='lat' dir='ltr'><strong>in</strong></span> 
     </span>
    </p>
   </div>
   <div class='ocr_carea' id='block_1_37' title="bbox 393 3717 1983 3790">
    <p class='ocr_par' dir='ltr' id='par_1_37' title="bbox 393 3717 1983 3790">
     <span class='ocr_line' id='line_1_37' title="bbox 393 3717 1983 3790; baseline 0.004 -23"><span class='ocrx_word' id='word_1_273' title='bbox 393 3717 643 3773; x_wconf 84' lang='lat' dir='ltr'><strong>munibus</strong></span> <span class='ocrx_word' id='word_1_274' title='bbox 673 3718 833 3774; x_wconf 91' lang='lat' dir='ltr'><strong>rebus</strong></span> <span class='ocrx_word' id='word_1_275' title='bbox 862 3717 1199 3790; x_wconf 87' lang='lat' dir='ltr'><strong>prudentiam</strong></span> <span class='ocrx_word' id='word_1_276' title='bbox 1241 3734 1350 3788; x_wconf 71' lang='lat' dir='ltr'><strong>pra:</strong></span> <span class='ocrx_word' id='word_1_277' title='bbox 1381 3730 1431 3773; x_wconf 89' lang='lat' dir='ltr'><strong>te</strong></span> <span class='ocrx_word' id='word_1_278' title='bbox 1474 3719 1682 3787; x_wconf 88' lang='lat' dir='ltr'><strong>tuleris,</strong></span> <span class='ocrx_word' id='word_1_279' title='bbox 1727 3719 1872 3774; x_wconf 92' lang='lat' dir='ltr'><strong>edito</strong></span> <span class='ocrx_word' id='word_1_280' title='bbox 1902 3720 1983 3774; x_wconf 88' lang='lat' dir='ltr'><strong>vi-</strong></span> 
     </span>
    </p>
   </div>
   <div class='ocr_carea' id='block_1_38' title="bbox 389 3807 1982 3881">
    <p class='ocr_par' dir='ltr' id='par_1_38' title="bbox 389 3807 1982 3881">
     <span class='ocr_line' id='line_1_38' title="bbox 389 3807 1982 3881; baseline 0.003 -19"><span class='ocrx_word' id='word_1_281' title='bbox 389 3807 586 3862; x_wconf 85' lang='lat' dir='ltr'><strong>delicet</strong></span> <span class='ocrx_word' id='word_1_282' title='bbox 634 3816 744 3862; x_wconf 90' lang='lat' dir='ltr'><strong>tum</strong></span> <span class='ocrx_word' id='word_1_283' title='bbox 776 3808 1047 3878; x_wconf 73' lang='lat' dir='ltr'><strong>patientia:</strong></span> <span class='ocrx_word' id='word_1_284' title='bbox 1087 3824 1152 3863; x_wconf 90' lang='lat' dir='ltr'><strong>ac</strong></span> <span class='ocrx_word' id='word_1_285' title='bbox 1197 3809 1519 3870; x_wconf 62' lang='lat' dir='ltr'><strong>tulerautim,</strong></span> <span class='ocrx_word' id='word_1_286' title='bbox 1568 3818 1679 3864; x_wconf 91' lang='lat' dir='ltr'><strong>tum</strong></span> <span class='ocrx_word' id='word_1_287' title='bbox 1719 3809 1982 3881; x_wconf 76' lang='lat' dir='ltr'><strong>ejusmodi</strong></span> 
     </span>
    </p>
   </div>
   <div class='ocr_carea' id='block_1_39' title="bbox 395 3898 1983 3971">
    <p class='ocr_par' dir='ltr' id='par_1_39' title="bbox 395 3898 1983 3971">
     <span class='ocr_line' id='line_1_39' title="bbox 395 3898 1983 3971; baseline 0.003 -19"><span class='ocrx_word' id='word_1_288' title='bbox 395 3898 710 3968; x_wconf 68' lang='lat' dir='ltr'><strong>prudentiae,</strong></span> <span class='ocrx_word' id='word_1_289' title='bbox 744 3915 861 3970; x_wconf 77' lang='lat' dir='ltr'><strong>qua:</strong></span> <span class='ocrx_word' id='word_1_290' title='bbox 889 3899 1163 3955; x_wconf 90' lang='lat' dir='ltr'><strong>fraudibus</strong></span> <span class='ocrx_word' id='word_1_291' title='bbox 1190 3900 1555 3956; x_wconf 88' lang='lat' dir='ltr'><strong>circumscribi</strong></span> <span class='ocrx_word' id='word_1_292' title='bbox 1578 3901 1782 3971; x_wconf 87' lang='lat' dir='ltr'><strong>nequit,</strong></span> <span class='ocrx_word' id='word_1_293' title='bbox 1813 3901 1983 3956; x_wconf 88' lang='lat' dir='ltr'><strong>docu-</strong></span> 
     </span>
    </p>
   </div>
   <div class='ocr_carea' id='block_1_40' title="bbox 392 3977 595 4045">
    <p class='ocr_par' dir='ltr' id='par_1_40' title="bbox 392 3977 595 4045">
     <span class='ocr_line' id='line_1_40' title="bbox 392 3977 595 4045; baseline 0.005 -1"><span class='ocrx_word' id='word_1_294' title='bbox 392 3977 595 4045; x_wconf 80' lang='lat' dir='ltr'><strong>Iuculo.</strong></span> 
     </span>
    </p>
   </div>
   <div class='ocr_carea' id='block_1_41' title="bbox 392 4082 1977 4158">
    <p class='ocr_par' dir='ltr' id='par_1_41' title="bbox 392 4082 1977 4158">
     <span class='ocr_line' id='line_1_41' title="bbox 392 4082 1977 4158; baseline 0.002 -23"><span class='ocrx_word' id='word_1_295' title='bbox 392 4083 474 4136; x_wconf 74' lang='lat' dir='ltr'><strong>Ad</strong></span> <span class='ocrx_word' id='word_1_296' title='bbox 501 4084 727 4137; x_wconf 82' lang='lat' dir='ltr'><strong>eumdth</strong></span> <span class='ocrx_word' id='word_1_297' title='bbox 756 4085 902 4154; x_wconf 83' lang='lat' dir='ltr'><strong>epist.</strong></span> <span class='ocrx_word' id='word_1_298' title='bbox 930 4084 976 4138; x_wconf 84' lang='grc' dir='ltr'><em>Χ</em></span> <span class='ocrx_word' id='word_1_299' title='bbox 997 4083 1066 4138; x_wconf 81' lang='lat' dir='ltr'><strong>VI</strong></span> <span class='ocrx_word' id='word_1_300' title='bbox 1075 4082 1125 4139; x_wconf 90' lang='grc'><strong>1.</strong></span> <span class='ocrx_word' id='word_1_301' title='bbox 1158 4083 1383 4156; x_wconf 84' lang='lat' dir='ltr'><strong>(Scripta</strong></span> <span class='ocrx_word' id='word_1_302' title='bbox 1409 4099 1551 4139; x_wconf 85' lang='lat' dir='ltr'><strong>anno</strong></span> <span class='ocrx_word' id='word_1_303' title='bbox 1575 4084 1680 4140; x_wconf 70' lang='grc'><strong>404</strong></span> <span class='ocrx_word' id='word_1_304' title='bbox 1713 4085 1797 4140; x_wconf 81' lang='lat' dir='ltr'><strong>vel</strong></span> <span class='ocrx_word' id='word_1_305' title='bbox 1826 4084 1977 4158; x_wconf 71' lang='grc'><strong>405.)</strong></span> 
     </span>
    </p>
   </div>
   <div class='ocr_carea' id='block_1_42' title="bbox 463 4171 1982 4244">
    <p class='ocr_par' dir='ltr' id='par_1_42' title="bbox 463 4171 1982 4244">
     <span class='ocr_line' id='line_1_42' title="bbox 463 4171 1982 4244; baseline 0.005 -17"><span class='ocrx_word' id='word_1_306' title='bbox 463 4171 737 4230; x_wconf 83' lang='lat' dir='ltr'><strong>Calamitns</strong></span> <span class='ocrx_word' id='word_1_307' title='bbox 765 4181 873 4244; x_wconf 83' lang='lat' dir='ltr'><strong>pios</strong></span> <span class='ocrx_word' id='word_1_308' title='bbox 903 4176 1206 4231; x_wconf 82' lang='lat' dir='ltr'><strong>robustiores</strong></span> <span class='ocrx_word' id='word_1_309' title='bbox 1230 4175 1415 4229; x_wconf 82' lang='lat' dir='ltr'><strong>reddit.</strong></span> <span class='ocrx_word' id='word_1_310' title='bbox 1437 4207 1507 4218; x_wconf 83' lang='lat'><strong>—-</strong></span> <span class='ocrx_word' id='word_1_311' title='bbox 1526 4175 1668 4231; x_wconf 74' lang='lat' dir='ltr'><strong>Nihil</strong></span> <span class='ocrx_word' id='word_1_312' title='bbox 1694 4177 1853 4232; x_wconf 89' lang='lat' dir='ltr'><strong>alieni</strong></span> <span class='ocrx_word' id='word_1_313' title='bbox 1877 4179 1893 4210; x_wconf 79' lang='grc'>⁸</span> <span class='ocrx_word' id='word_1_314' title='bbox 1917 4193 1982 4234; x_wconf 85' lang='lat' dir='ltr'><strong>ac</strong></span> 
     </span>
    </p>
   </div>
   <div class='ocr_carea' id='block_1_43' title="bbox 392 4267 1979 4340">
    <p class='ocr_par' dir='ltr' id='par_1_43' title="bbox 392 4267 1979 4340">
     <span class='ocr_line' id='line_1_43' title="bbox 392 4267 1979 4340; baseline 0.004 -21"><span class='ocrx_word' id='word_1_315' title='bbox 392 4267 705 4336; x_wconf 76' lang='lat' dir='ltr'><strong>pra-posteri</strong></span> <span class='ocrx_word' id='word_1_316' title='bbox 736 4268 787 4321; x_wconf 92' lang='lat' dir='ltr'><strong>in</strong></span> <span class='ocrx_word' id='word_1_317' title='bbox 819 4275 869 4321; x_wconf 89' lang='lat' dir='ltr'><strong>te</strong></span> <span class='ocrx_word' id='word_1_318' title='bbox 898 4269 1140 4337; x_wconf 84' lang='lat' dir='ltr'><strong>contigit,</strong></span> <span class='ocrx_word' id='word_1_319' title='bbox 1171 4269 1294 4339; x_wconf 85' lang='lat' dir='ltr'><strong>quin</strong></span> <span class='ocrx_word' id='word_1_320' title='bbox 1327 4270 1501 4340; x_wconf 88' lang='lat' dir='ltr'><strong>potius</strong></span> <span class='ocrx_word' id='word_1_321' title='bbox 1526 4269 1667 4339; x_wconf 89' lang='lat' dir='ltr'><strong>quod</strong></span> <span class='ocrx_word' id='word_1_322' title='bbox 1692 4270 1979 4326; x_wconf 87' lang='lat' dir='ltr'><strong>admodum</strong></span> 
     </span>
    </p>
   </div>
   <div class='ocr_carea' id='block_1_44' title="bbox 399 4356 1980 4431">
    <p class='ocr_par' dir='ltr' id='par_1_44' title="bbox 399 4356 1980 4431">
     <span class='ocr_line' id='line_1_44' title="bbox 399 4356 1980 4431; baseline 0.008 -25"><span class='ocrx_word' id='word_1_323' title='bbox 399 4356 590 4410; x_wconf 80' lang='lat' dir='ltr'><strong>talioni</strong></span> <span class='ocrx_word' id='word_1_324' title='bbox 622 4370 1039 4414; x_wconf 87' lang='lat' dir='ltr'><strong>consentaneum</strong></span> <span class='ocrx_word' id='word_1_325' title='bbox 1070 4371 1216 4415; x_wconf 87' lang='lat' dir='ltr'><strong>esset</strong></span> <span class='ocrx_word' id='word_1_326' title='bbox 1237 4401 1249 4423; x_wconf 87' lang='lat'><strong>,</strong></span> <span class='ocrx_word' id='word_1_327' title='bbox 1283 4376 1476 4431; x_wconf 89' lang='lat' dir='ltr'><strong>nempe</strong></span> <span class='ocrx_word' id='word_1_328' title='bbox 1516 4369 1573 4414; x_wconf 92' lang='lat' dir='ltr'><strong>ut</strong></span> <span class='ocrx_word' id='word_1_329' title='bbox 1606 4376 1699 4431; x_wconf 91' lang='lat' dir='ltr'><strong>per</strong></span> <span class='ocrx_word' id='word_1_330' title='bbox 1736 4362 1980 4419; x_wconf 90' lang='lat' dir='ltr'><strong>assiduas</strong></span> 
     </span>
    </p>
   </div>
   <div class='ocr_carea' id='block_1_45' title="bbox 391 4449 1982 4523">
    <p class='ocr_par' dir='ltr' id='par_1_45' title="bbox 391 4449 1982 4523">
     <span class='ocr_line' id='line_1_45' title="bbox 391 4449 1982 4523; baseline 0.005 -22"><span class='ocrx_word' id='word_1_331' title='bbox 391 4449 714 4504; x_wconf 89' lang='lat' dir='ltr'><strong>teutationes</strong></span> <span class='ocrx_word' id='word_1_332' title='bbox 745 4460 860 4505; x_wconf 89' lang='lat' dir='ltr'><strong>tuas</strong></span> <span class='ocrx_word' id='word_1_333' title='bbox 884 4450 1049 4505; x_wconf 91' lang='lat' dir='ltr'><strong>animi</strong></span> <span class='ocrx_word' id='word_1_334' title='bbox 1084 4450 1157 4505; x_wconf 92' lang='lat' dir='ltr'><strong>tui</strong></span> <span class='ocrx_word' id='word_1_335' title='bbox 1188 4453 1363 4507; x_wconf 78' lang='lat' dir='ltr'><strong>nervis</strong></span> <span class='ocrx_word' id='word_1_336' title='bbox 1390 4451 1815 4521; x_wconf 84' lang='lat' dir='ltr'><strong>plustirmitatis,</strong></span> <span class='ocrx_word' id='word_1_337' title='bbox 1839 4453 1982 4523; x_wconf 85' lang='lat' dir='ltr'><strong>plus-</strong></span> 
     </span>
    </p>
   </div>
   <div class='ocr_carea' id='block_1_46' title="bbox 390 4540 1981 4610">
    <p class='ocr_par' dir='ltr' id='par_1_46' title="bbox 390 4540 1981 4610">
     <span class='ocr_line' id='line_1_46' title="bbox 390 4540 1981 4610; baseline 0.005 -17"><span class='ocrx_word' id='word_1_338' title='bbox 390 4557 497 4610; x_wconf 87' lang='lat' dir='ltr'><strong>que</strong></span> <span class='ocrx_word' id='word_1_339' title='bbox 537 4540 603 4594; x_wconf 88' lang='lat' dir='ltr'><strong>ad</strong></span> <span class='ocrx_word' id='word_1_340' title='bbox 646 4541 924 4597; x_wconf 90' lang='lat' dir='ltr'><strong>subeunda</strong></span> <span class='ocrx_word' id='word_1_341' title='bbox 969 4544 1267 4598; x_wconf 80' lang='lat' dir='ltr'><strong>certamina</strong></span> <span class='ocrx_word' id='word_1_342' title='bbox 1313 4543 1602 4598; x_wconf 85' lang='lat' dir='ltr'><strong>alacritatis</strong></span> <span class='ocrx_word' id='word_1_343' title='bbox 1651 4558 1715 4599; x_wconf 91' lang='lat' dir='ltr'><strong>ac</strong></span> <span class='ocrx_word' id='word_1_344' title='bbox 1770 4545 1981 4601; x_wconf 90' lang='lat' dir='ltr'><strong>roboris</strong></span> 
     </span>
    </p>
   </div>
   <div class='ocr_carea' id='block_1_47' title="bbox 388 4630 1977 4706">
    <p class='ocr_par' dir='ltr' id='par_1_47' title="bbox 388 4630 1977 4706">
     <span class='ocr_line' id='line_1_47' title="bbox 388 4630 1977 4706; baseline 0.004 -21"><span class='ocrx_word' id='word_1_345' title='bbox 388 4630 705 4696; x_wconf 85' lang='lat' dir='ltr'><strong>accederet,</strong></span> <span class='ocrx_word' id='word_1_346' title='bbox 738 4632 966 4702; x_wconf 87' lang='lat' dir='ltr'><strong>hincque</strong></span> <span class='ocrx_word' id='word_1_347' title='bbox 1008 4648 1253 4704; x_wconf 82' lang='lat' dir='ltr'><strong>magnam</strong></span> <span class='ocrx_word' id='word_1_348' title='bbox 1281 4634 1609 4702; x_wconf 87' lang='lat' dir='ltr'><strong>voluptatem</strong></span> <span class='ocrx_word' id='word_1_349' title='bbox 1654 4636 1977 4706; x_wconf 89' lang='lat' dir='ltr'><strong>perciperes.</strong></span> 
     </span>
    </p>
   </div>
   <div class='ocr_carea' id='block_1_48' title="bbox 388 4721 1983 4792">
    <p class='ocr_par' dir='ltr' id='par_1_48' title="bbox 388 4721 1983 4792">
     <span class='ocr_line' id='line_1_48' title="bbox 388 4721 1983 4792; baseline 0.005 -17"><span class='ocrx_word' id='word_1_350' title='bbox 388 4721 522 4776; x_wconf 79' lang='lat' dir='ltr'><strong>Nam</strong></span> <span class='ocrx_word' id='word_1_351' title='bbox 571 4722 689 4778; x_wconf 73' lang='lat' dir='ltr'><strong>lucc</strong></span> <span class='ocrx_word' id='word_1_352' title='bbox 728 4723 1042 4779; x_wconf 86' lang='lat' dir='ltr'><strong>calamitatis</strong></span> <span class='ocrx_word' id='word_1_353' title='bbox 1087 4733 1276 4778; x_wconf 88' lang='lat' dir='ltr'><strong>natura</strong></span> <span class='ocrx_word' id='word_1_354' title='bbox 1314 4735 1416 4792; x_wconf 91' lang='lat' dir='ltr'><strong>est,</strong></span> <span class='ocrx_word' id='word_1_355' title='bbox 1454 4735 1507 4779; x_wconf 92' lang='lat' dir='ltr'><strong>ut</strong></span> <span class='ocrx_word' id='word_1_356' title='bbox 1548 4741 1669 4779; x_wconf 91' lang='lat' dir='ltr'><strong>eum</strong></span> <span class='ocrx_word' id='word_1_357' title='bbox 1698 4724 1889 4783; x_wconf 89' lang='lat' dir='ltr'><strong>fortem</strong></span> <span class='ocrx_word' id='word_1_358' title='bbox 1919 4741 1983 4783; x_wconf 87' lang='lat' dir='ltr'><strong>ac</strong></span> 
     </span>
    </p>
   </div>
   <div class='ocr_carea' id='block_1_49' title="bbox 388 4815 1983 4882">
    <p class='ocr_par' dir='ltr' id='par_1_49' title="bbox 388 4815 1983 4882">
     <span class='ocr_line' id='line_1_49' title="bbox 388 4815 1983 4882; baseline 0.006 -16"><span class='ocrx_word' id='word_1_359' title='bbox 388 4823 663 4867; x_wconf 85' lang='lat' dir='ltr'><strong>strenuam</strong></span> <span class='ocrx_word' id='word_1_360' title='bbox 696 4815 927 4868; x_wconf 89' lang='lat' dir='ltr'><strong>animam</strong></span> <span class='ocrx_word' id='word_1_361' title='bbox 962 4824 1113 4870; x_wconf 90' lang='lat' dir='ltr'><strong>nacta</strong></span> <span class='ocrx_word' id='word_1_362' title='bbox 1145 4824 1227 4871; x_wconf 90' lang='lat' dir='ltr'><strong>est</strong></span> <span class='ocrx_word' id='word_1_363' title='bbox 1250 4857 1265 4882; x_wconf 94' lang='lat'><strong>,</strong></span> <span class='ocrx_word' id='word_1_364' title='bbox 1295 4815 1411 4871; x_wconf 60' lang='lat' dir='ltr'><strong>haec</strong></span> <span class='ocrx_word' id='word_1_365' title='bbox 1449 4815 1662 4873; x_wconf 82' lang='lat' dir='ltr'><strong>efficere</strong></span> <span class='ocrx_word' id='word_1_366' title='bbox 1695 4818 1885 4873; x_wconf 89' lang='lat' dir='ltr'><strong>soleat.</strong></span> <span class='ocrx_word' id='word_1_367' title='bbox 1914 4820 1983 4875; x_wconf 89' lang='lat' dir='ltr'><strong>Et</strong></span> 
     </span>
    </p>
   </div>
   <div class='ocr_carea' id='block_1_50' title="bbox 387 4904 1981 4977">
    <p class='ocr_par' dir='ltr' id='par_1_50' title="bbox 387 4904 1981 4977">
     <span class='ocr_line' id='line_1_50' title="bbox 387 4904 1981 4977; baseline 0.006 -18"><span class='ocrx_word' id='word_1_368' title='bbox 387 4904 528 4959; x_wconf 79' lang='lat' dir='ltr'><strong>sicut</strong></span> <span class='ocrx_word' id='word_1_369' title='bbox 558 4906 694 4976; x_wconf 85' lang='lat' dir='ltr'><strong>ignis</strong></span> <span class='ocrx_word' id='word_1_370' title='bbox 722 4922 909 4961; x_wconf 89' lang='lat' dir='ltr'><strong>aurum</strong></span> <span class='ocrx_word' id='word_1_371' title='bbox 942 4908 1215 4977; x_wconf 90' lang='lat' dir='ltr'><strong>probatius</strong></span> <span class='ocrx_word' id='word_1_372' title='bbox 1245 4908 1409 4964; x_wconf 87' lang='lat' dir='ltr'><strong>efficit</strong></span> <span class='ocrx_word' id='word_1_373' title='bbox 1434 4929 1447 4964; x_wconf 87' lang='lat'><strong>:</strong></span> <span class='ocrx_word' id='word_1_374' title='bbox 1476 4910 1665 4965; x_wconf 90' lang='lat' dir='ltr'><strong>eodem</strong></span> <span class='ocrx_word' id='word_1_375' title='bbox 1696 4912 1858 4968; x_wconf 87' lang='lat' dir='ltr'><strong>modo</strong></span> <span class='ocrx_word' id='word_1_376' title='bbox 1887 4927 1981 4968; x_wconf 80' lang='lat' dir='ltr'><strong>ca-</strong></span> 
     </span>
    </p>
   </div>
   <div class='ocr_carea' id='block_1_51' title="bbox 390 4997 1982 5071">
    <p class='ocr_par' dir='ltr' id='par_1_51' title="bbox 390 4997 1982 5071">
     <span class='ocr_line' id='line_1_51' title="bbox 390 4997 1982 5071; baseline 0.006 -22"><span class='ocrx_word' id='word_1_377' title='bbox 390 4997 623 5062; x_wconf 84' lang='lat' dir='ltr'><strong>lamitas,</strong></span> <span class='ocrx_word' id='word_1_378' title='bbox 652 4998 861 5053; x_wconf 89' lang='lat' dir='ltr'><strong>animos</strong></span> <span class='ocrx_word' id='word_1_379' title='bbox 888 5013 1081 5053; x_wconf 89' lang='lat' dir='ltr'><strong>aureos</strong></span> <span class='ocrx_word' id='word_1_380' title='bbox 1109 5000 1349 5066; x_wconf 88' lang='lat' dir='ltr'><strong>subiens,</strong></span> <span class='ocrx_word' id='word_1_381' title='bbox 1381 5001 1623 5070; x_wconf 90' lang='lat' dir='ltr'><strong>puriores</strong></span> <span class='ocrx_word' id='word_1_382' title='bbox 1642 5017 1735 5056; x_wconf 89' lang='lat' dir='ltr'><strong>eos</strong></span> <span class='ocrx_word' id='word_1_383' title='bbox 1759 5016 1823 5056; x_wconf 92' lang='lat' dir='ltr'><strong>ac</strong></span> <span class='ocrx_word' id='word_1_384' title='bbox 1845 5017 1982 5071; x_wconf 82' lang='lat' dir='ltr'><strong>pra:-</strong></span> 
     </span>
    </p>
   </div>
   <div class='ocr_carea' id='block_1_52' title="bbox 382 5089 1981 5165">
    <p class='ocr_par' dir='ltr' id='par_1_52' title="bbox 382 5089 1981 5165">
     <span class='ocr_line' id='line_1_52' title="bbox 382 5089 1981 5165; baseline 0.005 -22"><span class='ocrx_word' id='word_1_385' title='bbox 382 5089 674 5144; x_wconf 85' lang='lat' dir='ltr'><strong>stantiures</strong></span> <span class='ocrx_word' id='word_1_386' title='bbox 714 5090 906 5145; x_wconf 88' lang='lat' dir='ltr'><strong>reddit.</strong></span> <span class='ocrx_word' id='word_1_387' title='bbox 949 5091 1135 5165; x_wconf 86' lang='lat' dir='ltr'><strong>quue</strong></span> <span class='ocrx_word' id='word_1_388' title='bbox 1180 5096 1339 5147; x_wconf 86' lang='lat' dir='ltr'><strong>etiam</strong></span> <span class='ocrx_word' id='word_1_389' title='bbox 1392 5093 1607 5149; x_wconf 87' lang='lat' dir='ltr'><strong>nomine</strong></span> <span class='ocrx_word' id='word_1_390' title='bbox 1653 5094 1848 5150; x_wconf 88' lang='lat' dir='ltr'><strong>Paulus</strong></span> <span class='ocrx_word' id='word_1_391' title='bbox 1897 5095 1981 5151; x_wconf 90' lang='lat' dir='ltr'><strong>his</strong></span> 
     </span>
    </p>
   </div>
   <div class='ocr_carea' id='block_1_53' title="bbox 385 5179 1978 5257">
    <p class='ocr_par' dir='ltr' id='par_1_53' title="bbox 385 5179 1978 5257">
     <span class='ocr_line' id='line_1_53' title="bbox 385 5179 1978 5257; baseline 0.006 -27"><span class='ocrx_word' id='word_1_392' title='bbox 385 5179 570 5233; x_wconf 80' lang='lat' dir='ltr'><strong>verbis</strong></span> <span class='ocrx_word' id='word_1_393' title='bbox 605 5180 889 5234; x_wconf 87' lang='lat' dir='ltr'><strong>utebatur:</strong></span> <span class='ocrx_word' id='word_1_394' title='bbox 922 5179 1200 5234; x_wconf 85' lang='lat' dir='ltr'><strong>Tribulatio</strong></span> <span class='ocrx_word' id='word_1_395' title='bbox 1237 5182 1530 5251; x_wconf 76' lang='lat' dir='ltr'><strong>patientiam</strong></span> <span class='ocrx_word' id='word_1_396' title='bbox 1567 5194 1806 5254; x_wconf 84' lang='lat' dir='ltr'><strong>aperatur</strong></span> <span class='ocrx_word' id='word_1_397' title='bbox 1833 5200 1851 5239; x_wconf 89' lang='lat'><em>:</em></span> <span class='ocrx_word' id='word_1_398' title='bbox 1880 5202 1978 5257; x_wconf 84' lang='lat' dir='ltr'><strong>pa-</strong></span> 
     </span>
    </p>
   </div>
   <div class='ocr_carea' id='block_1_54' title="bbox 386 5269 1979 5346">
    <p class='ocr_par' dir='ltr' id='par_1_54' title="bbox 386 5269 1979 5346">
     <span class='ocr_line' id='line_1_54' title="bbox 386 5269 1979 5346; baseline 0.008 -25"><span class='ocrx_word' id='word_1_399' title='bbox 386 5269 564 5323; x_wconf 80' lang='lat' dir='ltr'><strong>tientia</strong></span> <span class='ocrx_word' id='word_1_400' title='bbox 606 5279 771 5323; x_wconf 84' lang='lat' dir='ltr'><strong>autcm</strong></span> <span class='ocrx_word' id='word_1_401' title='bbox 809 5273 1155 5343; x_wconf 78' lang='lat' dir='ltr'><strong>probationem</strong></span> <span class='ocrx_word' id='word_1_402' title='bbox 1192 5273 1383 5343; x_wconf 79' lang='lat' dir='ltr'><strong>(Rom.</strong></span> <span class='ocrx_word' id='word_1_403' title='bbox 1415 5275 1468 5328; x_wconf 86' lang='lat'><strong>5.</strong></span> <span class='ocrx_word' id='word_1_404' title='bbox 1497 5275 1549 5329; x_wconf 83' lang='lat'><strong>5.</strong></span> <span class='ocrx_word' id='word_1_405' title='bbox 1578 5276 1613 5330; x_wconf 74' lang='grc'><strong>4</strong></span> <span class='ocrx_word' id='word_1_406' title='bbox 1633 5275 1674 5346; x_wconf 91' lang='grc'><strong>).</strong></span> <span class='ocrx_word' id='word_1_407' title='bbox 1716 5275 1979 5342; x_wconf 84' lang='lat' dir='ltr'><strong>Quocirca</strong></span> 
     </span>
    </p>
   </div>
   <div class='ocr_carea' id='block_1_55' title="bbox 385 5364 1980 5438">
    <p class='ocr_par' dir='ltr' id='par_1_55' title="bbox 385 5364 1980 5438">
     <span class='ocr_line' id='line_1_55' title="bbox 385 5364 1980 5438; baseline 0.007 -24"><span class='ocrx_word' id='word_1_408' title='bbox 385 5375 486 5414; x_wconf 88' lang='lat' dir='ltr'><strong>nos</strong></span> <span class='ocrx_word' id='word_1_409' title='bbox 513 5375 724 5432; x_wconf 90' lang='lat' dir='ltr'><strong>quoque</strong></span> <span class='ocrx_word' id='word_1_410' title='bbox 753 5364 1081 5418; x_wconf 80' lang='lat' dir='ltr'><strong>exsultamus</strong></span> <span class='ocrx_word' id='word_1_411' title='bbox 1106 5378 1169 5419; x_wconf 86' lang='lat' dir='ltr'><strong>ac</strong></span> <span class='ocrx_word' id='word_1_412' title='bbox 1195 5364 1374 5419; x_wconf 63' lang='lat' dir='ltr'><strong>laetitia</strong></span> <span class='ocrx_word' id='word_1_413' title='bbox 1409 5366 1791 5436; x_wconf 81' lang='lat' dir='ltr'><strong>perluudimnr,</strong></span> <span class='ocrx_word' id='word_1_414' title='bbox 1820 5378 1980 5438; x_wconf 89' lang='lat' dir='ltr'><strong>atque</strong></span> 
     </span>
    </p>
   </div>
   <div class='ocr_carea' id='block_1_56' title="bbox 385 5452 1978 5532">
    <p class='ocr_par' dir='ltr' id='par_1_56' title="bbox 385 5452 1978 5532">
     <span class='ocr_line' id='line_1_56' title="bbox 385 5452 1978 5532; baseline 0.008 -24"><span class='ocrx_word' id='word_1_415' title='bbox 385 5469 452 5508; x_wconf 90' lang='lat' dir='ltr'><strong>ex</strong></span> <span class='ocrx_word' id='word_1_416' title='bbox 488 5452 586 5507; x_wconf 84' lang='lat' dir='ltr'><strong>hac</strong></span> <span class='ocrx_word' id='word_1_417' title='bbox 624 5464 708 5509; x_wconf 88' lang='lat' dir='ltr'><strong>tua</strong></span> <span class='ocrx_word' id='word_1_418' title='bbox 739 5456 900 5511; x_wconf 92' lang='lat' dir='ltr'><strong>animi</strong></span> <span class='ocrx_word' id='word_1_419' title='bbox 929 5457 1295 5527; x_wconf 82' lang='lat' dir='ltr'><strong>magnitudine</strong></span> <span class='ocrx_word' id='word_1_420' title='bbox 1322 5461 1611 5514; x_wconf 81' lang='lat' dir='ltr'><strong>maximum</strong></span> <span class='ocrx_word' id='word_1_421' title='bbox 1640 5454 1863 5532; x_wconf 80' lang='lat' dir='ltr'><strong>hujusce</strong></span> <span class='ocrx_word' id='word_1_422' title='bbox 1885 5480 1978 5520; x_wconf 84' lang='lat' dir='ltr'><strong>so-</strong></span> 
     </span>
    </p>
   </div>
   <div class='ocr_carea' id='block_1_57' title="bbox 386 5545 1978 5620">
    <p class='ocr_par' dir='ltr' id='par_1_57' title="bbox 386 5545 1978 5620">
     <span class='ocr_line' id='line_1_57' title="bbox 386 5545 1978 5620; baseline 0.007 -21"><span class='ocrx_word' id='word_1_423' title='bbox 386 5545 630 5600; x_wconf 89' lang='lat' dir='ltr'><strong>litudinis</strong></span> <span class='ocrx_word' id='word_1_424' title='bbox 675 5547 923 5601; x_wconf 89' lang='lat' dir='ltr'><strong>solatimu</strong></span> <span class='ocrx_word' id='word_1_425' title='bbox 973 5549 1270 5605; x_wconf 89' lang='lat' dir='ltr'><strong>haurimus.</strong></span> <span class='ocrx_word' id='word_1_426' title='bbox 1312 5552 1390 5605; x_wconf 86' lang='lat' dir='ltr'><strong>Ac</strong></span> <span class='ocrx_word' id='word_1_427' title='bbox 1434 5551 1694 5620; x_wconf 90' lang='lat' dir='ltr'><strong>proinde,</strong></span> <span class='ocrx_word' id='word_1_428' title='bbox 1741 5555 1901 5610; x_wconf 92' lang='lat' dir='ltr'><strong>etiam</strong></span> <span class='ocrx_word' id='word_1_429' title='bbox 1933 5556 1978 5611; x_wconf 89' lang='lat' dir='ltr'><strong>si</strong></span> 
     </span>
    </p>
   </div>
   <div class='ocr_carea' id='block_1_58' title="bbox 385 5638 1975 5713">
    <p class='ocr_par' dir='ltr' id='par_1_58' title="bbox 385 5638 1975 5713">
     <span class='ocr_line' id='line_1_58' title="bbox 385 5638 1975 5713; baseline 0.006 -21"><span class='ocrx_word' id='word_1_430' title='bbox 385 5638 532 5693; x_wconf 86' lang='lat' dir='ltr'><strong>mille</strong></span> <span class='ocrx_word' id='word_1_431' title='bbox 560 5638 663 5707; x_wconf 88' lang='lat' dir='ltr'><strong>lupi</strong></span> <span class='ocrx_word' id='word_1_432' title='bbox 695 5654 760 5693; x_wconf 89' lang='lat' dir='ltr'><strong>ac</strong></span> <span class='ocrx_word' id='word_1_433' title='bbox 788 5640 936 5694; x_wconf 91' lang='lat' dir='ltr'><strong>multi</strong></span> <span class='ocrx_word' id='word_1_434' title='bbox 966 5650 1259 5697; x_wconf 89' lang='lat' dir='ltr'><strong>conventus</strong></span> <span class='ocrx_word' id='word_1_435' title='bbox 1290 5643 1694 5713; x_wconf 82' lang='lat' dir='ltr'><strong>utaliguantium</strong></span> <span class='ocrx_word' id='word_1_436' title='bbox 1735 5655 1787 5701; x_wconf 91' lang='lat' dir='ltr'><strong>te</strong></span> <span class='ocrx_word' id='word_1_437' title='bbox 1818 5646 1975 5701; x_wconf 89' lang='lat' dir='ltr'><strong>undi-</strong></span> 
     </span>
    </p>
   </div>
   <div class='ocr_carea' id='block_1_59' title="bbox 387 5730 1975 5809">
    <p class='ocr_par' dir='ltr' id='par_1_59' title="bbox 387 5730 1975 5809">
     <span class='ocr_line' id='line_1_59' title="bbox 387 5730 1975 5809; baseline 0.009 -26"><span class='ocrx_word' id='word_1_438' title='bbox 387 5746 492 5800; x_wconf 90' lang='lat' dir='ltr'><strong>que</strong></span> <span class='ocrx_word' id='word_1_439' title='bbox 530 5730 848 5796; x_wconf 89' lang='lat' dir='ltr'><strong>obsideant,</strong></span> <span class='ocrx_word' id='word_1_440' title='bbox 878 5731 1005 5785; x_wconf 90' lang='lat' dir='ltr'><strong>nihil</strong></span> <span class='ocrx_word' id='word_1_441' title='bbox 1038 5734 1287 5790; x_wconf 91' lang='lat' dir='ltr'><strong>timemus</strong></span> <span class='ocrx_word' id='word_1_442' title='bbox 1317 5753 1330 5790; x_wconf 88' lang='lat'>:</span> <span class='ocrx_word' id='word_1_443' title='bbox 1361 5752 1540 5791; x_wconf 77' lang='lat' dir='ltr'><strong>verum</strong></span> <span class='ocrx_word' id='word_1_444' title='bbox 1587 5737 1713 5793; x_wconf 90' lang='lat' dir='ltr'><strong>illud</strong></span> <span class='ocrx_word' id='word_1_445' title='bbox 1759 5738 1975 5809; x_wconf 88' lang='lat' dir='ltr'><strong>quidem</strong></span> 
     </span>
    </p>
   </div>
   <div class='ocr_carea' id='block_1_60' title="bbox 452 5819 1036 5886">
    <p class='ocr_par' dir='ltr' id='par_1_60' title="bbox 452 5819 1036 5886">
     <span class='ocr_line' id='line_1_60' title="bbox 452 5819 1036 5886; baseline 0.005 -13"><span class='ocrx_word' id='word_1_446' title='bbox 452 5825 468 5855; x_wconf 84' lang='grc' dir='ltr'><strong>ι</strong></span> <span class='ocrx_word' id='word_1_447' title='bbox 502 5820 664 5882; x_wconf 71' lang='lat' dir='ltr'><strong>Savil.,</strong></span> <span class='ocrx_word' id='word_1_448' title='bbox 688 5819 811 5873; x_wconf 78' lang='lat' dir='ltr'><strong>nihil</strong></span> <span class='ocrx_word' id='word_1_449' title='bbox 836 5819 1036 5886; x_wconf 77' lang='lat' dir='ltr'><strong>indigni.</strong></span> 
     </span>
    </p>
   </div>
   <div class='ocr_carea' id='block_1_61' title="bbox 3591 364 3696 419">
    <p class='ocr_par' dir='ltr' id='par_1_61' title="bbox 3591 364 3696 419">
     <span class='ocr_line' id='line_1_61' title="bbox 3591 364 3696 419; baseline -0.01 0"><span class='ocrx_word' id='word_1_450' title='bbox 3591 364 3696 419; x_wconf 69' lang='grc'><strong>622</strong></span> 
     </span>
    </p>
   </div>
   <div class='ocr_carea' id='block_1_62' title="bbox 2108 480 3687 555">
    <p class='ocr_par' dir='ltr' id='par_1_62' title="bbox 2108 480 3687 555">
     <span class='ocr_line' id='line_1_62' title="bbox 2108 480 3687 555; baseline -0.003 -16"><span class='ocrx_word' id='word_1_451' title='bbox 2108 499 2409 555; x_wconf 86' lang='lat' dir='ltr'><strong>precamur,</strong></span> <span class='ocrx_word' id='word_1_452' title='bbox 2439 492 2496 540; x_wconf 91' lang='lat' dir='ltr'><strong>ut</strong></span> <span class='ocrx_word' id='word_1_453' title='bbox 2518 490 2573 539; x_wconf 91' lang='lat' dir='ltr'><strong>et</strong></span> <span class='ocrx_word' id='word_1_454' title='bbox 2603 490 2894 554; x_wconf 64' lang='lat' dir='ltr'><strong>praesentes</strong></span> <span class='ocrx_word' id='word_1_455' title='bbox 2920 482 3241 539; x_wconf 86' lang='lat' dir='ltr'><strong>teutationes</strong></span> <span class='ocrx_word' id='word_1_456' title='bbox 3263 480 3687 551; x_wconf 83' lang='lat' dir='ltr'><strong>exstinguautur,</strong></span> 
     </span>
    </p>
   </div>
   <div class='ocr_carea' id='block_1_63' title="bbox 2102 574 3688 650">
    <p class='ocr_par' dir='ltr' id='par_1_63' title="bbox 2102 574 3688 650">
     <span class='ocr_line' id='line_1_63' title="bbox 2102 574 3688 650; baseline 0 -21"><span class='ocrx_word' id='word_1_457' title='bbox 2102 590 2203 630; x_wconf 92' lang='lat' dir='ltr'><strong>nec</strong></span> <span class='ocrx_word' id='word_1_458' title='bbox 2220 576 2341 632; x_wconf 68' lang='lat' dir='ltr'><strong>alite</strong></span> <span class='ocrx_word' id='word_1_459' title='bbox 2367 576 2586 647; x_wconf 87' lang='lat' dir='ltr'><strong>insuper</strong></span> <span class='ocrx_word' id='word_1_460' title='bbox 2608 574 2866 632; x_wconf 76' lang='lat' dir='ltr'><strong>accedant</strong></span> <span class='ocrx_word' id='word_1_461' title='bbox 2885 617 2901 650; x_wconf 73' lang='lat'><strong>,</strong></span> <span class='ocrx_word' id='word_1_462' title='bbox 2931 574 3252 631; x_wconf 85' lang='lat' dir='ltr'><strong>dominicam</strong></span> <span class='ocrx_word' id='word_1_463' title='bbox 3279 575 3487 631; x_wconf 87' lang='lat' dir='ltr'><strong>scilicet</strong></span> <span class='ocrx_word' id='word_1_464' title='bbox 3517 575 3688 643; x_wconf 83' lang='lat' dir='ltr'><strong>legem</strong></span> 
     </span>
    </p>
   </div>
   <div class='ocr_carea' id='block_1_64' title="bbox 2100 665 3687 739">
    <p class='ocr_par' dir='ltr' id='par_1_64' title="bbox 2100 665 3687 739">
     <span class='ocr_line' id='line_1_64' title="bbox 2100 665 3687 739; baseline -0.001 -17"><span class='ocrx_word' id='word_1_465' title='bbox 2100 667 2414 737; x_wconf 87' lang='lat' dir='ltr'><strong>explentes,</strong></span> <span class='ocrx_word' id='word_1_466' title='bbox 2458 683 2578 739; x_wconf 75' lang='lat' dir='ltr'><strong>qum</strong></span> <span class='ocrx_word' id='word_1_467' title='bbox 2616 683 2747 733; x_wconf 88' lang='lat' dir='ltr'><strong>nos,</strong></span> <span class='ocrx_word' id='word_1_468' title='bbox 2790 683 2859 723; x_wconf 89' lang='lat' dir='ltr'><strong>ne</strong></span> <span class='ocrx_word' id='word_1_469' title='bbox 2886 666 2938 722; x_wconf 92' lang='lat' dir='ltr'><strong>in</strong></span> <span class='ocrx_word' id='word_1_470' title='bbox 2972 668 3321 723; x_wconf 88' lang='lat' dir='ltr'><strong>teutationcm</strong></span> <span class='ocrx_word' id='word_1_471' title='bbox 3352 665 3687 734; x_wconf 84' lang='lat' dir='ltr'><strong>incidamus,</strong></span> 
     </span>
    </p>
   </div>
   <div class='ocr_carea' id='block_1_65' title="bbox 2100 758 3690 830">
    <p class='ocr_par' dir='ltr' id='par_1_65' title="bbox 2100 758 3690 830">
     <span class='ocr_line' id='line_1_65' title="bbox 2100 758 3690 830; baseline 0.001 -19"><span class='ocrx_word' id='word_1_472' title='bbox 2100 759 2312 826; x_wconf 89' lang='lat' dir='ltr'><strong>precari</strong></span> <span class='ocrx_word' id='word_1_473' title='bbox 2341 758 2494 828; x_wconf 88' lang='lat' dir='ltr'><strong>jubet</strong></span> <span class='ocrx_word' id='word_1_474' title='bbox 2523 758 2542 830; x_wconf 94' lang='lat'>(</span> <span class='ocrx_word' id='word_1_475' title='bbox 2570 758 2753 814; x_wconf 74' lang='lat' dir='ltr'><strong>Matth.</strong></span> <span class='ocrx_word' id='word_1_476' title='bbox 2776 760 2868 814; x_wconf 67' lang='lat'><strong>26.</strong></span> <span class='ocrx_word' id='word_1_477' title='bbox 2893 761 2953 814; x_wconf 74' lang='grc'><strong>41</strong></span> <span class='ocrx_word' id='word_1_478' title='bbox 2979 759 2997 830; x_wconf 86' lang='grc'>)</span> <span class='ocrx_word' id='word_1_479' title='bbox 3023 778 3035 812; x_wconf 88' lang='lat'><strong>:</strong></span> <span class='ocrx_word' id='word_1_480' title='bbox 3066 760 3149 814; x_wconf 86' lang='lat' dir='ltr'><strong>sin</strong></span> <span class='ocrx_word' id='word_1_481' title='bbox 3179 758 3361 815; x_wconf 87' lang='lat' dir='ltr'><strong>autem</strong></span> <span class='ocrx_word' id='word_1_482' title='bbox 3388 759 3530 815; x_wconf 87' lang='lat' dir='ltr'><strong>Deus</strong></span> <span class='ocrx_word' id='word_1_483' title='bbox 3568 772 3690 813; x_wconf 87' lang='lat' dir='ltr'><strong>rur-</strong></span> 
     </span>
    </p>
   </div>
   <div class='ocr_carea' id='block_1_66' title="bbox 2098 846 3688 922">
    <p class='ocr_par' dir='ltr' id='par_1_66' title="bbox 2098 846 3688 922">
     <span class='ocr_line' id='line_1_66' title="bbox 2098 846 3688 922; baseline 0 -18"><span class='ocrx_word' id='word_1_484' title='bbox 2098 864 2216 904; x_wconf 90' lang='lat' dir='ltr'><strong>sum</strong></span> <span class='ocrx_word' id='word_1_485' title='bbox 2246 851 2444 905; x_wconf 83' lang='lat' dir='ltr'><strong>exoriri</strong></span> <span class='ocrx_word' id='word_1_486' title='bbox 2475 852 2649 919; x_wconf 90' lang='lat' dir='ltr'><strong>sinat,</strong></span> <span class='ocrx_word' id='word_1_487' title='bbox 2695 851 2763 907; x_wconf 89' lang='lat' dir='ltr'><strong>de</strong></span> <span class='ocrx_word' id='word_1_488' title='bbox 2805 867 2968 908; x_wconf 89' lang='lat' dir='ltr'><strong>aurea</strong></span> <span class='ocrx_word' id='word_1_489' title='bbox 3010 862 3098 907; x_wconf 92' lang='lat' dir='ltr'><strong>tua</strong></span> <span class='ocrx_word' id='word_1_490' title='bbox 3141 853 3348 917; x_wconf 89' lang='lat' dir='ltr'><strong>anima,</strong></span> <span class='ocrx_word' id='word_1_491' title='bbox 3401 846 3521 922; x_wconf 54' lang='lat' dir='ltr'><strong>quas</strong></span> <span class='ocrx_word' id='word_1_492' title='bbox 3563 850 3688 904; x_wconf 91' lang='lat' dir='ltr'><strong>hinc</strong></span> 
     </span>
    </p>
   </div>
   <div class='ocr_carea' id='block_1_67' title="bbox 2096 940 3685 1014">
    <p class='ocr_par' dir='ltr' id='par_1_67' title="bbox 2096 940 3685 1014">
     <span class='ocr_line' id='line_1_67' title="bbox 2096 940 3685 1014; baseline 0.001 -20"><span class='ocrx_word' id='word_1_493' title='bbox 2096 940 2258 995; x_wconf 87' lang='lat' dir='ltr'><strong>etiam</strong></span> <span class='ocrx_word' id='word_1_494' title='bbox 2286 941 2642 1011; x_wconf 67' lang='lat' dir='ltr'><strong>amplissimas</strong></span> <span class='ocrx_word' id='word_1_495' title='bbox 2667 942 2768 999; x_wconf 89' lang='lat' dir='ltr'><strong>sibi</strong></span> <span class='ocrx_word' id='word_1_496' title='bbox 2798 958 2928 1012; x_wconf 88' lang='lat' dir='ltr'><strong>opes</strong></span> <span class='ocrx_word' id='word_1_497' title='bbox 2957 944 3192 1014; x_wconf 85' lang='lat' dir='ltr'><strong>aggerit,</strong></span> <span class='ocrx_word' id='word_1_498' title='bbox 3221 942 3363 999; x_wconf 88' lang='lat' dir='ltr'><strong>bono</strong></span> <span class='ocrx_word' id='word_1_499' title='bbox 3400 956 3464 997; x_wconf 91' lang='lat' dir='ltr'><strong>ac</strong></span> <span class='ocrx_word' id='word_1_500' title='bbox 3502 940 3685 996; x_wconf 84' lang='lat' dir='ltr'><strong>fidenti</strong></span> 
     </span>
    </p>
   </div>
   <div class='ocr_carea' id='block_1_68' title="bbox 2097 1031 3688 1105">
    <p class='ocr_par' dir='ltr' id='par_1_68' title="bbox 2097 1031 3688 1105">
     <span class='ocr_line' id='line_1_68' title="bbox 2097 1031 3688 1105; baseline 0.004 -23"><span class='ocrx_word' id='word_1_501' title='bbox 2097 1031 2277 1087; x_wconf 88' lang='lat' dir='ltr'><strong>animo</strong></span> <span class='ocrx_word' id='word_1_502' title='bbox 2304 1048 2508 1088; x_wconf 89' lang='lat' dir='ltr'><strong>sumus.</strong></span> <span class='ocrx_word' id='word_1_503' title='bbox 2527 1033 2737 1089; x_wconf 89' lang='lat' dir='ltr'><strong>Etenim</strong></span> <span class='ocrx_word' id='word_1_504' title='bbox 2759 1050 2986 1105; x_wconf 89' lang='lat' dir='ltr'><strong>quanam</strong></span> <span class='ocrx_word' id='word_1_505' title='bbox 3011 1051 3070 1090; x_wconf 91' lang='lat' dir='ltr'><strong>re</strong></span> <span class='ocrx_word' id='word_1_506' title='bbox 3088 1045 3349 1091; x_wconf 86' lang='lat' dir='ltr'><strong>terrorem</strong></span> <span class='ocrx_word' id='word_1_507' title='bbox 3372 1032 3464 1089; x_wconf 89' lang='lat' dir='ltr'><strong>tibi</strong></span> <span class='ocrx_word' id='word_1_508' title='bbox 3492 1032 3688 1088; x_wconf 83' lang='lat' dir='ltr'><strong>afferre</strong></span> 
     </span>
    </p>
   </div>
   <div class='ocr_carea' id='block_1_69' title="bbox 2098 1126 3688 1198">
    <p class='ocr_par' dir='ltr' id='par_1_69' title="bbox 2098 1126 3688 1198">
     <span class='ocr_line' id='line_1_69' title="bbox 2098 1126 3688 1198; baseline 0.003 -22"><span class='ocrx_word' id='word_1_509' title='bbox 2098 1132 2366 1193; x_wconf 90' lang='lat' dir='ltr'><strong>poterunt,</strong></span> <span class='ocrx_word' id='word_1_510' title='bbox 2392 1128 2479 1197; x_wconf 89' lang='lat' dir='ltr'><strong>qui</strong></span> <span class='ocrx_word' id='word_1_511' title='bbox 2511 1127 2563 1182; x_wconf 95' lang='lat' dir='ltr'><strong>in</strong></span> <span class='ocrx_word' id='word_1_512' title='bbox 2591 1143 2747 1183; x_wconf 91' lang='lat' dir='ltr'><strong>suum</strong></span> <span class='ocrx_word' id='word_1_513' title='bbox 2767 1138 2924 1198; x_wconf 88' lang='lat' dir='ltr'><strong>caput</strong></span> <span class='ocrx_word' id='word_1_514' title='bbox 2944 1142 3201 1198; x_wconf 86' lang='lat' dir='ltr'><strong>suamque</strong></span> <span class='ocrx_word' id='word_1_515' title='bbox 3226 1126 3513 1198; x_wconf 90' lang='lat' dir='ltr'><strong>perniciem</strong></span> <span class='ocrx_word' id='word_1_516' title='bbox 3532 1126 3688 1197; x_wconf 86' lang='lat' dir='ltr'><strong>quid-</strong></span> 
     </span>
    </p>
   </div>
   <div class='ocr_carea' id='block_1_70' title="bbox 2098 1218 3688 1291">
    <p class='ocr_par' dir='ltr' id='par_1_70' title="bbox 2098 1218 3688 1291">
     <span class='ocr_line' id='line_1_70' title="bbox 2098 1218 3688 1291; baseline 0.003 -21"><span class='ocrx_word' id='word_1_517' title='bbox 2098 1218 2178 1272; x_wconf 86' lang='lat' dir='ltr'><strong>vis</strong></span> <span class='ocrx_word' id='word_1_518' title='bbox 2198 1222 2433 1288; x_wconf 85' lang='lat' dir='ltr'><strong>aggressi</strong></span> <span class='ocrx_word' id='word_1_519' title='bbox 2458 1223 2618 1276; x_wconf 81' lang='lat' dir='ltr'><strong>sunt?</strong></span> <span class='ocrx_word' id='word_1_520' title='bbox 2639 1222 2884 1291; x_wconf 86' lang='lat' dir='ltr'><strong>Opumue</strong></span> <span class='ocrx_word' id='word_1_521' title='bbox 2899 1220 3259 1277; x_wconf 87' lang='lat' dir='ltr'><strong>detrimento?</strong></span> <span class='ocrx_word' id='word_1_522' title='bbox 3279 1221 3348 1276; x_wconf 76' lang='lat' dir='ltr'><strong>At</strong></span> <span class='ocrx_word' id='word_1_523' title='bbox 3367 1219 3497 1274; x_wconf 92' lang='lat' dir='ltr'><strong>illud</strong></span> <span class='ocrx_word' id='word_1_524' title='bbox 3522 1219 3688 1289; x_wconf 90' lang='lat' dir='ltr'><strong>probe</strong></span> 
     </span>
    </p>
   </div>
   <div class='ocr_carea' id='block_1_71' title="bbox 2096 1310 3684 1385">
    <p class='ocr_par' dir='ltr' id='par_1_71' title="bbox 2096 1310 3684 1385">
     <span class='ocr_line' id='line_1_71' title="bbox 2096 1310 3684 1385; baseline 0.001 -21"><span class='ocrx_word' id='word_1_525' title='bbox 2096 1310 2228 1377; x_wconf 89' lang='lat' dir='ltr'><strong>scio,</strong></span> <span class='ocrx_word' id='word_1_526' title='bbox 2264 1321 2314 1367; x_wconf 91' lang='lat' dir='ltr'><strong>te</strong></span> <span class='ocrx_word' id='word_1_527' title='bbox 2341 1327 2432 1367; x_wconf 91' lang='lat' dir='ltr'><strong>eas</strong></span> <span class='ocrx_word' id='word_1_528' title='bbox 2462 1314 2695 1383; x_wconf 84' lang='lat' dir='ltr'><strong>pulveris</strong></span> <span class='ocrx_word' id='word_1_529' title='bbox 2725 1315 2892 1370; x_wconf 87' lang='lat' dir='ltr'><strong>instar</strong></span> <span class='ocrx_word' id='word_1_530' title='bbox 2917 1314 3135 1381; x_wconf 90' lang='lat' dir='ltr'><strong>habere,</strong></span> <span class='ocrx_word' id='word_1_531' title='bbox 3164 1329 3226 1369; x_wconf 89' lang='lat' dir='ltr'><strong>ac</strong></span> <span class='ocrx_word' id='word_1_532' title='bbox 3247 1314 3435 1385; x_wconf 89' lang='lat' dir='ltr'><strong>quovis</strong></span> <span class='ocrx_word' id='word_1_533' title='bbox 3464 1313 3575 1367; x_wconf 90' lang='lat' dir='ltr'><strong>luto</strong></span> <span class='ocrx_word' id='word_1_534' title='bbox 3600 1312 3684 1366; x_wconf 90' lang='lat' dir='ltr'><strong>vi-</strong></span> 
     </span>
    </p>
   </div>
   <div class='ocr_carea' id='block_1_72' title="bbox 2097 1403 3686 1479">
    <p class='ocr_par' dir='ltr' id='par_1_72' title="bbox 2097 1403 3686 1479">
     <span class='ocr_line' id='line_1_72' title="bbox 2097 1403 3686 1479; baseline 0.002 -21"><span class='ocrx_word' id='word_1_535' title='bbox 2097 1403 2256 1463; x_wconf 80' lang='lat' dir='ltr'><strong>liores</strong></span> <span class='ocrx_word' id='word_1_536' title='bbox 2281 1407 2611 1479; x_wconf 82' lang='lat' dir='ltr'><strong>existimare.</strong></span> <span class='ocrx_word' id='word_1_537' title='bbox 2643 1409 2726 1462; x_wconf 88' lang='lat' dir='ltr'><strong>An</strong></span> <span class='ocrx_word' id='word_1_538' title='bbox 2752 1409 2936 1479; x_wconf 75' lang='lat' dir='ltr'><strong>patria:</strong></span> <span class='ocrx_word' id='word_1_539' title='bbox 2963 1423 3025 1463; x_wconf 91' lang='lat' dir='ltr'><strong>ac</strong></span> <span class='ocrx_word' id='word_1_540' title='bbox 3050 1408 3240 1463; x_wconf 87' lang='lat' dir='ltr'><strong>domus</strong></span> <span class='ocrx_word' id='word_1_541' title='bbox 3271 1407 3594 1462; x_wconf 82' lang='lat' dir='ltr'><strong>amissione?</strong></span> <span class='ocrx_word' id='word_1_542' title='bbox 3617 1407 3686 1461; x_wconf 86' lang='lat' dir='ltr'><strong>At</strong></span> 
     </span>
    </p>
   </div>
   <div class='ocr_carea' id='block_1_73' title="bbox 2096 1497 3687 1570">
    <p class='ocr_par' dir='ltr' id='par_1_73' title="bbox 2096 1497 3687 1570">
     <span class='ocr_line' id='line_1_73' title="bbox 2096 1497 3687 1570; baseline 0.001 -21"><span class='ocrx_word' id='word_1_543' title='bbox 2096 1503 2154 1551; x_wconf 89' lang='lat' dir='ltr'><strong>tu</strong></span> <span class='ocrx_word' id='word_1_544' title='bbox 2193 1497 2398 1566; x_wconf 87' lang='lat' dir='ltr'><strong>amplas</strong></span> <span class='ocrx_word' id='word_1_545' title='bbox 2437 1499 2599 1553; x_wconf 91' lang='lat' dir='ltr'><strong>etiam</strong></span> <span class='ocrx_word' id='word_1_546' title='bbox 2640 1514 2707 1554; x_wconf 91' lang='lat' dir='ltr'><strong>ac</strong></span> <span class='ocrx_word' id='word_1_547' title='bbox 2744 1498 3052 1570; x_wconf 85' lang='lat' dir='ltr'><strong>frequentes</strong></span> <span class='ocrx_word' id='word_1_548' title='bbox 3087 1498 3247 1554; x_wconf 90' lang='lat' dir='ltr'><strong>urbes</strong></span> <span class='ocrx_word' id='word_1_549' title='bbox 3283 1514 3390 1553; x_wconf 90' lang='lat' dir='ltr'><strong>non</strong></span> <span class='ocrx_word' id='word_1_550' title='bbox 3438 1511 3594 1553; x_wconf 89' lang='lat' dir='ltr'><strong>secus</strong></span> <span class='ocrx_word' id='word_1_551' title='bbox 3622 1512 3687 1552; x_wconf 89' lang='lat' dir='ltr'><strong>ac</strong></span> 
     </span>
    </p>
   </div>
   <div class='ocr_carea' id='block_1_74' title="bbox 2095 1588 3687 1664">
    <p class='ocr_par' dir='ltr' id='par_1_74' title="bbox 2095 1588 3687 1664">
     <span class='ocr_line' id='line_1_74' title="bbox 2095 1588 3687 1664; baseline 0.003 -22"><span class='ocrx_word' id='word_1_552' title='bbox 2095 1588 2411 1646; x_wconf 87' lang='lat' dir='ltr'><strong>solitudines</strong></span> <span class='ocrx_word' id='word_1_553' title='bbox 2455 1591 2691 1648; x_wconf 89' lang='lat' dir='ltr'><strong>incolere</strong></span> <span class='ocrx_word' id='word_1_554' title='bbox 2721 1592 2894 1659; x_wconf 90' lang='lat' dir='ltr'><strong>nosti,</strong></span> <span class='ocrx_word' id='word_1_555' title='bbox 2943 1603 3002 1648; x_wconf 90' lang='lat' dir='ltr'><strong>nt</strong></span> <span class='ocrx_word' id='word_1_556' title='bbox 3040 1607 3159 1664; x_wconf 72' lang='lat' dir='ltr'><strong>quae</strong></span> <span class='ocrx_word' id='word_1_557' title='bbox 3197 1592 3252 1648; x_wconf 91' lang='lat' dir='ltr'><strong>in</strong></span> <span class='ocrx_word' id='word_1_558' title='bbox 3281 1592 3391 1647; x_wconf 93' lang='lat' dir='ltr'><strong>otio</strong></span> <span class='ocrx_word' id='word_1_559' title='bbox 3416 1605 3481 1647; x_wconf 91' lang='lat' dir='ltr'><strong>ac</strong></span> <span class='ocrx_word' id='word_1_560' title='bbox 3505 1591 3687 1662; x_wconf 86' lang='lat' dir='ltr'><strong>quiete</strong></span> 
     </span>
    </p>
   </div>
   <div class='ocr_carea' id='block_1_75' title="bbox 2054 1681 3686 1756">
    <p class='ocr_par' dir='ltr' id='par_1_75' title="bbox 2054 1681 3686 1756">
     <span class='ocr_line' id='line_1_75' title="bbox 2054 1681 3686 1756; baseline 0.001 -22"><span class='ocrx_word' id='word_1_561' title='bbox 2054 1694 2059 1701; x_wconf 81' lang='lat'><strong>&#39;</strong></span> <span class='ocrx_word' id='word_1_562' title='bbox 2095 1694 2256 1736; x_wconf 93' lang='lat' dir='ltr'><strong>omne</strong></span> <span class='ocrx_word' id='word_1_563' title='bbox 2285 1681 2407 1737; x_wconf 74' lang='lat' dir='ltr'><strong>vita:</strong></span> <span class='ocrx_word' id='word_1_564' title='bbox 2455 1693 2661 1753; x_wconf 90' lang='lat' dir='ltr'><strong>tempus</strong></span> <span class='ocrx_word' id='word_1_565' title='bbox 2691 1686 3052 1756; x_wconf 87' lang='lat' dir='ltr'><strong>transegeris,</strong></span> <span class='ocrx_word' id='word_1_566' title='bbox 3096 1694 3257 1756; x_wconf 89' lang='lat' dir='ltr'><strong>atque</strong></span> <span class='ocrx_word' id='word_1_567' title='bbox 3298 1683 3521 1754; x_wconf 62' lang='lat' dir='ltr'><strong>hujusce</strong></span> <span class='ocrx_word' id='word_1_568' title='bbox 3559 1682 3686 1736; x_wconf 74' lang='lat' dir='ltr'><strong>vita:</strong></span> 
     </span>
    </p>
   </div>
   <div class='ocr_carea' id='block_1_76' title="bbox 2095 1774 3686 1847">
    <p class='ocr_par' dir='ltr' id='par_1_76' title="bbox 2095 1774 3686 1847">
     <span class='ocr_line' id='line_1_76' title="bbox 2095 1774 3686 1847; baseline 0.001 -20"><span class='ocrx_word' id='word_1_569' title='bbox 2095 1787 2318 1842; x_wconf 89' lang='lat' dir='ltr'><strong>pompas</strong></span> <span class='ocrx_word' id='word_1_570' title='bbox 2343 1788 2558 1845; x_wconf 91' lang='lat' dir='ltr'><strong>semper</strong></span> <span class='ocrx_word' id='word_1_571' title='bbox 2593 1777 2925 1847; x_wconf 83' lang='lat' dir='ltr'><strong>protriveris.</strong></span> <span class='ocrx_word' id='word_1_572' title='bbox 2957 1779 3025 1832; x_wconf 84' lang='lat' dir='ltr'><strong>At</strong></span> <span class='ocrx_word' id='word_1_573' title='bbox 3058 1785 3284 1833; x_wconf 89' lang='lat' dir='ltr'><strong>mortem</strong></span> <span class='ocrx_word' id='word_1_574' title='bbox 3330 1774 3686 1831; x_wconf 75' lang='lat' dir='ltr'><strong>minitantur?</strong></span> 
     </span>
    </p>
   </div>
   <div class='ocr_carea' id='block_1_77' title="bbox 2094 1866 3686 1938">
    <p class='ocr_par' dir='ltr' id='par_1_77' title="bbox 2094 1866 3686 1938">
     <span class='ocr_line' id='line_1_77' title="bbox 2094 1866 3686 1938; baseline 0 -16"><span class='ocrx_word' id='word_1_575' title='bbox 2094 1866 2174 1922; x_wconf 89' lang='lat' dir='ltr'><strong>Tu</strong></span> <span class='ocrx_word' id='word_1_576' title='bbox 2203 1883 2329 1925; x_wconf 86' lang='lat' dir='ltr'><strong>vero</strong></span> <span class='ocrx_word' id='word_1_577' title='bbox 2356 1876 2694 1925; x_wconf 79' lang='lat' dir='ltr'><strong>antevertens</strong></span> <span class='ocrx_word' id='word_1_578' title='bbox 2723 1869 2925 1924; x_wconf 91' lang='lat' dir='ltr'><strong>nullum</strong></span> <span class='ocrx_word' id='word_1_579' title='bbox 2953 1879 3161 1938; x_wconf 88' lang='lat' dir='ltr'><strong>tempus</strong></span> <span class='ocrx_word' id='word_1_580' title='bbox 3189 1867 3437 1932; x_wconf 89' lang='lat' dir='ltr'><strong>omisisti,</strong></span> <span class='ocrx_word' id='word_1_581' title='bbox 3462 1868 3588 1938; x_wconf 89' lang='lat' dir='ltr'><strong>quin</strong></span> <span class='ocrx_word' id='word_1_582' title='bbox 3615 1866 3686 1922; x_wconf 87' lang='lat' dir='ltr'><strong>de</strong></span> 
     </span>
    </p>
   </div>
   <div class='ocr_carea' id='block_1_78' title="bbox 2093 1958 3683 2032">
    <p class='ocr_par' dir='ltr' id='par_1_78' title="bbox 2093 1958 3683 2032">
     <span class='ocr_line' id='line_1_78' title="bbox 2093 1958 3683 2032; baseline 0 -19"><span class='ocrx_word' id='word_1_583' title='bbox 2093 1973 2155 2013; x_wconf 92' lang='lat' dir='ltr'><strong>ea</strong></span> <span class='ocrx_word' id='word_1_584' title='bbox 2172 1960 2433 2029; x_wconf 81' lang='lat' dir='ltr'><strong>cogitares</strong></span> <span class='ocrx_word' id='word_1_585' title='bbox 2458 1978 2471 2014; x_wconf 90' lang='lat'><strong>:</strong></span> <span class='ocrx_word' id='word_1_586' title='bbox 2502 1969 2684 2032; x_wconf 90' lang='lat' dir='ltr'><strong>atque,</strong></span> <span class='ocrx_word' id='word_1_587' title='bbox 2712 1961 2758 2016; x_wconf 90' lang='lat' dir='ltr'><strong>si</strong></span> <span class='ocrx_word' id='word_1_588' title='bbox 2785 1961 2849 2016; x_wconf 90' lang='lat' dir='ltr'><strong>ad</strong></span> <span class='ocrx_word' id='word_1_589' title='bbox 2869 1976 3054 2017; x_wconf 90' lang='lat' dir='ltr'><strong>necem</strong></span> <span class='ocrx_word' id='word_1_590' title='bbox 3078 1970 3128 2016; x_wconf 90' lang='lat' dir='ltr'><strong>te</strong></span> <span class='ocrx_word' id='word_1_591' title='bbox 3150 1959 3431 2027; x_wconf 86' lang='lat' dir='ltr'><strong>traxerint,</strong></span> <span class='ocrx_word' id='word_1_592' title='bbox 3453 1958 3683 2014; x_wconf 89' lang='lat' dir='ltr'><strong>cadaver</strong></span> 
     </span>
    </p>
   </div>
   <div class='ocr_carea' id='block_1_79' title="bbox 2092 2049 3684 2122">
    <p class='ocr_par' dir='ltr' id='par_1_79' title="bbox 2092 2049 3684 2122">
     <span class='ocr_line' id='line_1_79' title="bbox 2092 2049 3684 2122; baseline 0 -18"><span class='ocrx_word' id='word_1_593' title='bbox 2092 2049 2367 2106; x_wconf 79' lang='lat' dir='ltr'><strong>dumtaxat</strong></span> <span class='ocrx_word' id='word_1_594' title='bbox 2394 2050 2462 2106; x_wconf 90' lang='lat' dir='ltr'><strong>ad</strong></span> <span class='ocrx_word' id='word_1_595' title='bbox 2482 2066 2599 2107; x_wconf 91' lang='lat' dir='ltr'><strong>eam</strong></span> <span class='ocrx_word' id='word_1_596' title='bbox 2628 2051 2840 2107; x_wconf 90' lang='lat' dir='ltr'><strong>trahent</strong></span> <span class='ocrx_word' id='word_1_597' title='bbox 2862 2054 2902 2108; x_wconf 88' lang='grc'><strong>¹.</strong></span> <span class='ocrx_word' id='word_1_598' title='bbox 2926 2052 3062 2121; x_wconf 87' lang='lat' dir='ltr'><strong>Quid</strong></span> <span class='ocrx_word' id='word_1_599' title='bbox 3090 2052 3326 2122; x_wconf 90' lang='lat' dir='ltr'><strong>pluribus</strong></span> <span class='ocrx_word' id='word_1_600' title='bbox 3351 2051 3528 2106; x_wconf 80' lang='lat' dir='ltr'><strong>verbis</strong></span> <span class='ocrx_word' id='word_1_601' title='bbox 3548 2066 3684 2121; x_wconf 85' lang='lat' dir='ltr'><strong>opus</strong></span> 
     </span>
    </p>
   </div>
   <div class='ocr_carea' id='block_1_80' title="bbox 2092 2141 3683 2215">
    <p class='ocr_par' dir='ltr' id='par_1_80' title="bbox 2092 2141 3683 2215">
     <span class='ocr_line' id='line_1_80' title="bbox 2092 2141 3683 2215; baseline 0.001 -18"><span class='ocrx_word' id='word_1_602' title='bbox 2092 2141 2210 2197; x_wconf 82' lang='lat' dir='ltr'><strong>est?</strong></span> <span class='ocrx_word' id='word_1_603' title='bbox 2243 2141 2412 2199; x_wconf 88' lang='lat' dir='ltr'><strong>Nemo</strong></span> <span class='ocrx_word' id='word_1_604' title='bbox 2437 2152 2490 2199; x_wconf 90' lang='lat' dir='ltr'><strong>te</strong></span> <span class='ocrx_word' id='word_1_605' title='bbox 2522 2152 2668 2199; x_wconf 90' lang='lat' dir='ltr'><strong>tanto</strong></span> <span class='ocrx_word' id='word_1_606' title='bbox 2693 2145 2802 2200; x_wconf 90' lang='lat' dir='ltr'><strong>ullo</strong></span> <span class='ocrx_word' id='word_1_607' title='bbox 2840 2145 2981 2201; x_wconf 88' lang='lat' dir='ltr'><strong>malo</strong></span> <span class='ocrx_word' id='word_1_608' title='bbox 3022 2144 3234 2200; x_wconf 86' lang='lat' dir='ltr'><strong>afticerc</strong></span> <span class='ocrx_word' id='word_1_609' title='bbox 3270 2145 3499 2215; x_wconf 89' lang='lat' dir='ltr'><strong>poterit,</strong></span> <span class='ocrx_word' id='word_1_610' title='bbox 3541 2144 3683 2212; x_wconf 83' lang='lat' dir='ltr'><strong>quod</strong></span> 
     </span>
    </p>
   </div>
   <div class='ocr_carea' id='block_1_81' title="bbox 2092 2235 3682 2307">
    <p class='ocr_par' dir='ltr' id='par_1_81' title="bbox 2092 2235 3682 2307">
     <span class='ocr_line' id='line_1_81' title="bbox 2092 2235 3682 2307; baseline 0.001 -20"><span class='ocrx_word' id='word_1_611' title='bbox 2092 2248 2199 2288; x_wconf 91' lang='lat' dir='ltr'><strong>non</strong></span> <span class='ocrx_word' id='word_1_612' title='bbox 2229 2236 2463 2291; x_wconf 89' lang='lat' dir='ltr'><strong>inveniat</strong></span> <span class='ocrx_word' id='word_1_613' title='bbox 2482 2235 2799 2306; x_wconf 88' lang='lat' dir='ltr'><strong>jampridem</strong></span> <span class='ocrx_word' id='word_1_614' title='bbox 2834 2254 2862 2290; x_wconf 89' lang='lat' dir='ltr'><strong>a</strong></span> <span class='ocrx_word' id='word_1_615' title='bbox 2896 2247 2948 2292; x_wconf 88' lang='lat' dir='ltr'><strong>te</strong></span> <span class='ocrx_word' id='word_1_616' title='bbox 2976 2252 3165 2307; x_wconf 83' lang='lat' dir='ltr'><strong>magna</strong></span> <span class='ocrx_word' id='word_1_617' title='bbox 3194 2236 3447 2307; x_wconf 87' lang='lat' dir='ltr'><strong>patientia</strong></span> <span class='ocrx_word' id='word_1_618' title='bbox 3486 2235 3682 2291; x_wconf 89' lang='lat' dir='ltr'><strong>tolera-</strong></span> 
     </span>
    </p>
   </div>
   <div class='ocr_carea' id='block_1_82' title="bbox 2089 2308 3683 2401">
    <p class='ocr_par' dir='ltr' id='par_1_82' title="bbox 2089 2308 3683 2401">
     <span class='ocr_line' id='line_1_82' title="bbox 2089 2308 3683 2401; baseline -0.002 -18"><span class='ocrx_word' id='word_1_619' title='bbox 2089 2308 2229 2383; x_wconf 70' lang='lat' dir='ltr'><strong>tum.</strong></span> <span class='ocrx_word' id='word_1_620' title='bbox 2260 2327 2392 2384; x_wconf 86' lang='lat' dir='ltr'><strong>Nam</strong></span> <span class='ocrx_word' id='word_1_621' title='bbox 2415 2344 2537 2384; x_wconf 92' lang='lat' dir='ltr'><strong>cum</strong></span> <span class='ocrx_word' id='word_1_622' title='bbox 2566 2344 2663 2400; x_wconf 90' lang='lat' dir='ltr'><strong>per</strong></span> <span class='ocrx_word' id='word_1_623' title='bbox 2690 2338 2890 2386; x_wconf 87' lang='lat' dir='ltr'><strong>arctam</strong></span> <span class='ocrx_word' id='word_1_624' title='bbox 2916 2339 2969 2385; x_wconf 89' lang='lat' dir='ltr'><strong>et</strong></span> <span class='ocrx_word' id='word_1_625' title='bbox 2997 2340 3272 2401; x_wconf 87' lang='lat' dir='ltr'><strong>augustam</strong></span> <span class='ocrx_word' id='word_1_626' title='bbox 3304 2331 3442 2384; x_wconf 89' lang='lat' dir='ltr'><strong>viam</strong></span> <span class='ocrx_word' id='word_1_627' title='bbox 3469 2342 3683 2397; x_wconf 86' lang='lat' dir='ltr'><strong>semper</strong></span> 
     </span>
    </p>
   </div>
   <div class='ocr_carea' id='block_1_83' title="bbox 2092 2419 3683 2489">
    <p class='ocr_par' dir='ltr' id='par_1_83' title="bbox 2092 2419 3683 2489">
     <span class='ocr_line' id='line_1_83' title="bbox 2092 2419 3683 2489; baseline 0.001 -13"><span class='ocrx_word' id='word_1_628' title='bbox 2092 2419 2195 2477; x_wconf 88' lang='lat' dir='ltr'><strong>iter</strong></span> <span class='ocrx_word' id='word_1_629' title='bbox 2217 2422 2424 2489; x_wconf 85' lang='lat' dir='ltr'><strong>feceris,</strong></span> <span class='ocrx_word' id='word_1_630' title='bbox 2450 2422 2537 2478; x_wconf 89' lang='lat' dir='ltr'><strong>his</strong></span> <span class='ocrx_word' id='word_1_631' title='bbox 2556 2422 2805 2479; x_wconf 90' lang='lat' dir='ltr'><strong>omnibus</strong></span> <span class='ocrx_word' id='word_1_632' title='bbox 2823 2423 3069 2479; x_wconf 86' lang='lat' dir='ltr'><strong>diuturna</strong></span> <span class='ocrx_word' id='word_1_633' title='bbox 3094 2422 3476 2479; x_wconf 82' lang='lat' dir='ltr'><strong>exercitatione</strong></span> <span class='ocrx_word' id='word_1_634' title='bbox 3496 2436 3683 2477; x_wconf 83' lang='lat' dir='ltr'><strong>assue-</strong></span> 
     </span>
    </p>
   </div>
   <div class='ocr_carea' id='block_1_84' title="bbox 2091 2513 3680 2585">
    <p class='ocr_par' dir='ltr' id='par_1_84' title="bbox 2091 2513 3680 2585">
     <span class='ocr_line' id='line_1_84' title="bbox 2091 2513 3680 2585; baseline -0.001 -17"><span class='ocrx_word' id='word_1_635' title='bbox 2091 2514 2234 2571; x_wconf 89' lang='lat' dir='ltr'><strong>visti.</strong></span> <span class='ocrx_word' id='word_1_636' title='bbox 2264 2515 2341 2569; x_wconf 82' lang='lat' dir='ltr'><strong>Ac</strong></span> <span class='ocrx_word' id='word_1_637' title='bbox 2368 2514 2595 2585; x_wconf 90' lang='lat' dir='ltr'><strong>proinde</strong></span> <span class='ocrx_word' id='word_1_638' title='bbox 2622 2530 2744 2570; x_wconf 90' lang='lat' dir='ltr'><strong>enm</strong></span> <span class='ocrx_word' id='word_1_639' title='bbox 2774 2514 3185 2585; x_wconf 90' lang='lat' dir='ltr'><strong>pulcherrimam</strong></span> <span class='ocrx_word' id='word_1_640' title='bbox 3227 2515 3365 2571; x_wconf 89' lang='lat' dir='ltr'><strong>hanc</strong></span> <span class='ocrx_word' id='word_1_641' title='bbox 3402 2513 3680 2570; x_wconf 88' lang='lat' dir='ltr'><strong>scientiam</strong></span> 
     </span>
    </p>
   </div>
   <div class='ocr_carea' id='block_1_85' title="bbox 2093 2605 3677 2676">
    <p class='ocr_par' dir='ltr' id='par_1_85' title="bbox 2093 2605 3677 2676">
     <span class='ocr_line' id='line_1_85' title="bbox 2093 2605 3677 2676; baseline -0.003 -15"><span class='ocrx_word' id='word_1_642' title='bbox 2093 2606 2145 2661; x_wconf 88' lang='lat' dir='ltr'><strong>in</strong></span> <span class='ocrx_word' id='word_1_643' title='bbox 2170 2605 2432 2676; x_wconf 62' lang='lat' dir='ltr'><strong>palaestris</strong></span> <span class='ocrx_word' id='word_1_644' title='bbox 2455 2606 2708 2675; x_wconf 88' lang='lat' dir='ltr'><strong>colueris,</strong></span> <span class='ocrx_word' id='word_1_645' title='bbox 2738 2623 2882 2663; x_wconf 90' lang='lat' dir='ltr'><strong>nunc</strong></span> <span class='ocrx_word' id='word_1_646' title='bbox 2907 2608 2958 2662; x_wconf 91' lang='lat' dir='ltr'><strong>in</strong></span> <span class='ocrx_word' id='word_1_647' title='bbox 2988 2606 3368 2663; x_wconf 87' lang='lat' dir='ltr'><strong>certaminibus</strong></span> <span class='ocrx_word' id='word_1_648' title='bbox 3395 2606 3677 2660; x_wconf 87' lang='lat' dir='ltr'><strong>clariorem</strong></span> 
     </span>
    </p>
   </div>
   <div class='ocr_carea' id='block_1_86' title="bbox 2093 2698 3678 2771">
    <p class='ocr_par' dir='ltr' id='par_1_86' title="bbox 2093 2698 3678 2771">
     <span class='ocr_line' id='line_1_86' title="bbox 2093 2698 3678 2771; baseline -0.001 -18"><span class='ocrx_word' id='word_1_649' title='bbox 2093 2707 2146 2753; x_wconf 91' lang='lat' dir='ltr'><strong>te</strong></span> <span class='ocrx_word' id='word_1_650' title='bbox 2176 2698 2446 2768; x_wconf 63' lang='lat' dir='ltr'><strong>prtelmisti</strong></span> <span class='ocrx_word' id='word_1_651' title='bbox 2473 2718 2487 2754; x_wconf 89' lang='lat'><strong>:</strong></span> <span class='ocrx_word' id='word_1_652' title='bbox 2510 2699 2707 2770; x_wconf 86' lang='lat' dir='ltr'><strong>quippe</strong></span> <span class='ocrx_word' id='word_1_653' title='bbox 2734 2715 2853 2771; x_wconf 76' lang='lat' dir='ltr'><strong>qua:</strong></span> <span class='ocrx_word' id='word_1_654' title='bbox 2880 2701 2951 2755; x_wconf 88' lang='lat' dir='ltr'><strong>ob</strong></span> <span class='ocrx_word' id='word_1_655' title='bbox 2978 2715 3043 2755; x_wconf 90' lang='lat' dir='ltr'><strong>ea</strong></span> <span class='ocrx_word' id='word_1_656' title='bbox 3072 2715 3189 2770; x_wconf 77' lang='lat' dir='ltr'><strong>qua:</strong></span> <span class='ocrx_word' id='word_1_657' title='bbox 3212 2698 3548 2767; x_wconf 87' lang='lat' dir='ltr'><strong>contingunt,</strong></span> <span class='ocrx_word' id='word_1_658' title='bbox 3572 2712 3678 2752; x_wconf 92' lang='lat' dir='ltr'><strong>non</strong></span> 
     </span>
    </p>
   </div>
   <div class='ocr_carea' id='block_1_87' title="bbox 2092 2791 3682 2857">
    <p class='ocr_par' dir='ltr' id='par_1_87' title="bbox 2092 2791 3682 2857">
     <span class='ocr_line' id='line_1_87' title="bbox 2092 2791 3682 2857; baseline -0.003 -11"><span class='ocrx_word' id='word_1_659' title='bbox 2092 2792 2252 2848; x_wconf 93' lang='lat' dir='ltr'><strong>modo</strong></span> <span class='ocrx_word' id='word_1_660' title='bbox 2277 2807 2385 2847; x_wconf 90' lang='lat' dir='ltr'><strong>non</strong></span> <span class='ocrx_word' id='word_1_661' title='bbox 2415 2792 2772 2857; x_wconf 92' lang='lat' dir='ltr'><strong>conturberis,</strong></span> <span class='ocrx_word' id='word_1_662' title='bbox 2795 2807 2982 2848; x_wconf 88' lang='lat' dir='ltr'><strong>verum</strong></span> <span class='ocrx_word' id='word_1_663' title='bbox 3003 2791 3162 2847; x_wconf 89' lang='lat' dir='ltr'><strong>etiam</strong></span> <span class='ocrx_word' id='word_1_664' title='bbox 3186 2791 3336 2847; x_wconf 82' lang='lat' dir='ltr'><strong>velut</strong></span> <span class='ocrx_word' id='word_1_665' title='bbox 3366 2791 3466 2845; x_wconf 89' lang='lat' dir='ltr'><strong>alis</strong></span> <span class='ocrx_word' id='word_1_666' title='bbox 3489 2791 3682 2845; x_wconf 64' lang='lat' dir='ltr'><strong>instruo</strong></span> 
     </span>
    </p>
   </div>
   <div class='ocr_carea' id='block_1_88' title="bbox 2089 2882 3677 2955">
    <p class='ocr_par' dir='ltr' id='par_1_88' title="bbox 2089 2882 3677 2955">
     <span class='ocr_line' id='line_1_88' title="bbox 2089 2882 3677 2955; baseline -0.003 -17"><span class='ocrx_word' id='word_1_667' title='bbox 2089 2891 2174 2938; x_wconf 88' lang='lat' dir='ltr'><strong>cta</strong></span> <span class='ocrx_word' id='word_1_668' title='bbox 2200 2884 2417 2939; x_wconf 83' lang='lat' dir='ltr'><strong>exsilias</strong></span> <span class='ocrx_word' id='word_1_669' title='bbox 2441 2899 2505 2940; x_wconf 91' lang='lat' dir='ltr'><strong>ac</strong></span> <span class='ocrx_word' id='word_1_670' title='bbox 2537 2884 2817 2955; x_wconf 88' lang='lat' dir='ltr'><strong>tripudies.</strong></span> <span class='ocrx_word' id='word_1_671' title='bbox 2841 2883 2973 2939; x_wconf 87' lang='lat' dir='ltr'><strong>Nam</strong></span> <span class='ocrx_word' id='word_1_672' title='bbox 3002 2899 3226 2954; x_wconf 87' lang='lat' dir='ltr'><strong>quarum</strong></span> <span class='ocrx_word' id='word_1_673' title='bbox 3254 2897 3433 2939; x_wconf 89' lang='lat' dir='ltr'><strong>rerum</strong></span> <span class='ocrx_word' id='word_1_674' title='bbox 3470 2882 3677 2939; x_wconf 85' lang='lat' dir='ltr'><strong>excrci-</strong></span> 
     </span>
    </p>
   </div>
   <div class='ocr_carea' id='block_1_89' title="bbox 2091 2974 3676 3046">
    <p class='ocr_par' dir='ltr' id='par_1_89' title="bbox 2091 2974 3676 3046">
     <span class='ocr_line' id='line_1_89' title="bbox 2091 2974 3676 3046; baseline -0.001 -16"><span class='ocrx_word' id='word_1_675' title='bbox 2091 2976 2162 3031; x_wconf 89' lang='lat' dir='ltr'><strong>tia</strong></span> <span class='ocrx_word' id='word_1_676' title='bbox 2183 2976 2476 3046; x_wconf 86' lang='lat' dir='ltr'><strong>occupasti,</strong></span> <span class='ocrx_word' id='word_1_677' title='bbox 2502 2975 2688 3031; x_wconf 90' lang='lat' dir='ltr'><strong>harum</strong></span> <span class='ocrx_word' id='word_1_678' title='bbox 2711 2976 3004 3032; x_wconf 87' lang='lat' dir='ltr'><strong>certamina</strong></span> <span class='ocrx_word' id='word_1_679' title='bbox 3035 2975 3168 3030; x_wconf 92' lang='lat' dir='ltr'><strong>mira</strong></span> <span class='ocrx_word' id='word_1_680' title='bbox 3197 2990 3320 3030; x_wconf 93' lang='lat' dir='ltr'><strong>cum</strong></span> <span class='ocrx_word' id='word_1_681' title='bbox 3344 2974 3601 3031; x_wconf 85' lang='lat' dir='ltr'><strong>facilitate</strong></span> <span class='ocrx_word' id='word_1_682' title='bbox 3623 2974 3676 3028; x_wconf 92' lang='lat' dir='ltr'><strong>in</strong></span> 
     </span>
    </p>
   </div>
   <div class='ocr_carea' id='block_1_90' title="bbox 2090 3065 3674 3137">
    <p class='ocr_par' dir='ltr' id='par_1_90' title="bbox 2090 3065 3674 3137">
     <span class='ocr_line' id='line_1_90' title="bbox 2090 3065 3674 3137; baseline -0.001 -15"><span class='ocrx_word' id='word_1_683' title='bbox 2090 3067 2339 3123; x_wconf 88' lang='lat' dir='ltr'><strong>muliebri</strong></span> <span class='ocrx_word' id='word_1_684' title='bbox 2361 3076 2417 3124; x_wconf 91' lang='lat' dir='ltr'><strong>et</strong></span> <span class='ocrx_word' id='word_1_685' title='bbox 2445 3068 2655 3124; x_wconf 89' lang='lat' dir='ltr'><strong>araneis</strong></span> <span class='ocrx_word' id='word_1_686' title='bbox 2686 3067 3036 3124; x_wconf 89' lang='lat' dir='ltr'><strong>imbecilliore</strong></span> <span class='ocrx_word' id='word_1_687' title='bbox 3077 3080 3304 3137; x_wconf 91' lang='lat' dir='ltr'><strong>corpore</strong></span> <span class='ocrx_word' id='word_1_688' title='bbox 3342 3081 3485 3121; x_wconf 91' lang='lat' dir='ltr'><strong>nunc</strong></span> <span class='ocrx_word' id='word_1_689' title='bbox 3518 3065 3638 3121; x_wconf 89' lang='lat' dir='ltr'><strong>obis</strong></span> <span class='ocrx_word' id='word_1_690' title='bbox 3658 3108 3674 3131; x_wconf 96' lang='lat'><strong>,</strong></span> 
     </span>
    </p>
   </div>
   <div class='ocr_carea' id='block_1_91' title="bbox 2060 3140 3678 3216">
    <p class='ocr_par' dir='ltr' id='par_1_91' title="bbox 2060 3140 3678 3216">
     <span class='ocr_line' id='line_1_91' title="bbox 2060 3140 3678 3216; baseline -0.001 -3"><span class='ocrx_word' id='word_1_691' title='bbox 2060 3140 2575 3215; x_wconf 17' lang='lat' dir='ltr'><strong>i&#39;valentissimorum</strong></span> <span class='ocrx_word' id='word_1_692' title='bbox 2632 3174 2696 3216; x_wconf 91' lang='lat' dir='ltr'><strong>ac</strong></span> <span class='ocrx_word' id='word_1_693' title='bbox 2747 3159 2995 3215; x_wconf 87' lang='lat' dir='ltr'><strong>dentibus</strong></span> <span class='ocrx_word' id='word_1_694' title='bbox 3040 3157 3381 3214; x_wconf 86' lang='lat' dir='ltr'><strong>stridentium</strong></span> <span class='ocrx_word' id='word_1_695' title='bbox 3438 3157 3678 3212; x_wconf 88' lang='lat' dir='ltr'><strong>virorum</strong></span> 
     </span>
    </p>
   </div>
   <div class='ocr_carea' id='block_1_92' title="bbox 2089 3248 3679 3322">
    <p class='ocr_par' dir='ltr' id='par_1_92' title="bbox 2089 3248 3679 3322">
     <span class='ocr_line' id='line_1_92' title="bbox 2089 3248 3679 3322; baseline -0.001 -18"><span class='ocrx_word' id='word_1_696' title='bbox 2089 3248 2326 3306; x_wconf 88' lang='lat' dir='ltr'><strong>furorem</strong></span> <span class='ocrx_word' id='word_1_697' title='bbox 2353 3251 2555 3322; x_wconf 85' lang='lat' dir='ltr'><strong>ingenti</strong></span> <span class='ocrx_word' id='word_1_698' title='bbox 2585 3266 2707 3306; x_wconf 90' lang='lat' dir='ltr'><strong>cum</strong></span> <span class='ocrx_word' id='word_1_699' title='bbox 2735 3250 2844 3306; x_wconf 90' lang='lat' dir='ltr'><strong>risu</strong></span> <span class='ocrx_word' id='word_1_700' title='bbox 2869 3249 3118 3305; x_wconf 85' lang='lat' dir='ltr'><strong>calcans:</strong></span> <span class='ocrx_word' id='word_1_701' title='bbox 3150 3257 3208 3304; x_wconf 91' lang='lat' dir='ltr'><strong>ut</strong></span> <span class='ocrx_word' id='word_1_702' title='bbox 3229 3264 3350 3319; x_wconf 74' lang='lat' dir='ltr'><strong>qua:</strong></span> <span class='ocrx_word' id='word_1_703' title='bbox 3376 3248 3523 3318; x_wconf 88' lang='lat' dir='ltr'><strong>plura</strong></span> <span class='ocrx_word' id='word_1_704' title='bbox 3556 3264 3679 3319; x_wconf 87' lang='lat' dir='ltr'><strong>per-</strong></span> 
     </span>
    </p>
   </div>
   <div class='ocr_carea' id='block_1_93' title="bbox 2090 3341 3681 3414">
    <p class='ocr_par' dir='ltr' id='par_1_93' title="bbox 2090 3341 3681 3414">
     <span class='ocr_line' id='line_1_93' title="bbox 2090 3341 3681 3414; baseline -0.002 -18"><span class='ocrx_word' id='word_1_705' title='bbox 2090 3343 2199 3411; x_wconf 85' lang='lat' dir='ltr'><strong>peti</strong></span> <span class='ocrx_word' id='word_1_706' title='bbox 2243 3350 2423 3413; x_wconf 88' lang='lat' dir='ltr'><strong>parata</strong></span> <span class='ocrx_word' id='word_1_707' title='bbox 2462 3343 2569 3410; x_wconf 89' lang='lat' dir='ltr'><strong>sis,</strong></span> <span class='ocrx_word' id='word_1_708' title='bbox 2616 3358 2775 3414; x_wconf 85' lang='lat' dir='ltr'><strong>quam</strong></span> <span class='ocrx_word' id='word_1_709' title='bbox 2818 3342 2896 3398; x_wconf 85' lang='lat' dir='ltr'><strong>illi</strong></span> <span class='ocrx_word' id='word_1_710' title='bbox 2943 3342 3145 3399; x_wconf 87' lang='lat' dir='ltr'><strong>inferre</strong></span> <span class='ocrx_word' id='word_1_711' title='bbox 3182 3350 3392 3413; x_wconf 88' lang='lat' dir='ltr'><strong>parent.</strong></span> <span class='ocrx_word' id='word_1_712' title='bbox 3432 3341 3509 3399; x_wconf 90' lang='lat' dir='ltr'><strong>Te</strong></span> <span class='ocrx_word' id='word_1_713' title='bbox 3551 3356 3681 3395; x_wconf 86' lang='lat' dir='ltr'><strong>vero</strong></span> 
     </span>
    </p>
   </div>
   <div class='ocr_carea' id='block_1_94' title="bbox 2088 3434 3673 3506">
    <p class='ocr_par' dir='ltr' id='par_1_94' title="bbox 2088 3434 3673 3506">
     <span class='ocr_line' id='line_1_94' title="bbox 2088 3434 3673 3506; baseline -0.003 -13"><span class='ocrx_word' id='word_1_714' title='bbox 2088 3436 2299 3493; x_wconf 85' lang='lat' dir='ltr'><strong>beatam</strong></span> <span class='ocrx_word' id='word_1_715' title='bbox 2325 3479 2341 3503; x_wconf 95' lang='lat'><strong>,</strong></span> <span class='ocrx_word' id='word_1_716' title='bbox 2384 3451 2448 3492; x_wconf 89' lang='lat' dir='ltr'><strong>ac</strong></span> <span class='ocrx_word' id='word_1_717' title='bbox 2490 3445 2573 3493; x_wconf 86' lang='lat' dir='ltr'><strong>ter</strong></span> <span class='ocrx_word' id='word_1_718' title='bbox 2609 3436 2851 3504; x_wconf 87' lang='lat' dir='ltr'><strong>beatam,</strong></span> <span class='ocrx_word' id='word_1_719' title='bbox 2896 3435 2968 3491; x_wconf 91' lang='lat' dir='ltr'><strong>ob</strong></span> <span class='ocrx_word' id='word_1_720' title='bbox 2994 3450 3224 3491; x_wconf 86' lang='lat' dir='ltr'><strong>coronas</strong></span> <span class='ocrx_word' id='word_1_721' title='bbox 3261 3449 3383 3506; x_wconf 79' lang='lat' dir='ltr'><strong>qua:</strong></span> <span class='ocrx_word' id='word_1_722' title='bbox 3411 3434 3537 3489; x_wconf 88' lang='lat' dir='ltr'><strong>hinc</strong></span> <span class='ocrx_word' id='word_1_723' title='bbox 3577 3434 3673 3489; x_wconf 91' lang='lat' dir='ltr'><strong>tibi</strong></span> 
     </span>
    </p>
   </div>
   <div class='ocr_carea' id='block_1_95' title="bbox 2087 3526 3679 3599">
    <p class='ocr_par' dir='ltr' id='par_1_95' title="bbox 2087 3526 3679 3599">
     <span class='ocr_line' id='line_1_95' title="bbox 2087 3526 3679 3599; baseline -0.004 -14"><span class='ocrx_word' id='word_1_724' title='bbox 2087 3538 2486 3599; x_wconf 86' lang='lat' dir='ltr'><strong>comparantur,</strong></span> <span class='ocrx_word' id='word_1_725' title='bbox 2519 3529 2627 3584; x_wconf 88' lang='lat' dir='ltr'><strong>imo</strong></span> <span class='ocrx_word' id='word_1_726' title='bbox 2648 3531 2822 3599; x_wconf 86' lang='lat' dir='ltr'><strong>potius</strong></span> <span class='ocrx_word' id='word_1_727' title='bbox 2848 3528 2920 3584; x_wconf 90' lang='lat' dir='ltr'><strong>ob</strong></span> <span class='ocrx_word' id='word_1_728' title='bbox 2948 3527 3063 3596; x_wconf 85' lang='lat' dir='ltr'><strong>ipsa</strong></span> <span class='ocrx_word' id='word_1_729' title='bbox 3091 3528 3405 3584; x_wconf 88' lang='lat' dir='ltr'><strong>certamina.</strong></span> <span class='ocrx_word' id='word_1_730' title='bbox 3435 3527 3507 3581; x_wconf 86' lang='lat' dir='ltr'><strong>Ea</strong></span> <span class='ocrx_word' id='word_1_731' title='bbox 3532 3526 3679 3581; x_wconf 89' lang='lat' dir='ltr'><strong>enim</strong></span> 
     </span>
    </p>
   </div>
   <div class='ocr_carea' id='block_1_96' title="bbox 2088 3621 3680 3689">
    <p class='ocr_par' dir='ltr' id='par_1_96' title="bbox 2088 3621 3680 3689">
     <span class='ocr_line' id='line_1_96' title="bbox 2088 3621 3680 3689; baseline -0.001 -14"><span class='ocrx_word' id='word_1_732' title='bbox 2088 3622 2277 3677; x_wconf 89' lang='lat' dir='ltr'><strong>horum</strong></span> <span class='ocrx_word' id='word_1_733' title='bbox 2309 3621 2661 3677; x_wconf 91' lang='lat' dir='ltr'><strong>certaminum</strong></span> <span class='ocrx_word' id='word_1_734' title='bbox 2690 3629 2881 3676; x_wconf 89' lang='lat' dir='ltr'><strong>natura</strong></span> <span class='ocrx_word' id='word_1_735' title='bbox 2905 3628 3009 3687; x_wconf 91' lang='lat' dir='ltr'><strong>est,</strong></span> <span class='ocrx_word' id='word_1_736' title='bbox 3038 3629 3096 3675; x_wconf 92' lang='lat' dir='ltr'><strong>ut</strong></span> <span class='ocrx_word' id='word_1_737' title='bbox 3120 3621 3280 3675; x_wconf 90' lang='lat' dir='ltr'><strong>etiam</strong></span> <span class='ocrx_word' id='word_1_738' title='bbox 3302 3630 3427 3675; x_wconf 88' lang='lat' dir='ltr'><strong>ante</strong></span> <span class='ocrx_word' id='word_1_739' title='bbox 3462 3624 3680 3689; x_wconf 66' lang='lat' dir='ltr'><strong>pmmia</strong></span> 
     </span>
    </p>
   </div>
   <div class='ocr_carea' id='block_1_97' title="bbox 2088 3711 3680 3786">
    <p class='ocr_par' dir='ltr' id='par_1_97' title="bbox 2088 3711 3680 3786">
     <span class='ocr_line' id='line_1_97' title="bbox 2088 3711 3680 3786; baseline -0.004 -15"><span class='ocrx_word' id='word_1_740' title='bbox 2088 3718 2143 3771; x_wconf 92' lang='lat' dir='ltr'><strong>in</strong></span> <span class='ocrx_word' id='word_1_741' title='bbox 2189 3717 2300 3786; x_wconf 83' lang='lat' dir='ltr'><strong>ipsa</strong></span> <span class='ocrx_word' id='word_1_742' title='bbox 2330 3729 2544 3786; x_wconf 88' lang='lat' dir='ltr'><strong>quoque</strong></span> <span class='ocrx_word' id='word_1_743' title='bbox 2570 3728 2734 3769; x_wconf 88' lang='lat' dir='ltr'><strong>arena</strong></span> <span class='ocrx_word' id='word_1_744' title='bbox 2765 3729 2916 3769; x_wconf 90' lang='lat' dir='ltr'><strong>suam</strong></span> <span class='ocrx_word' id='word_1_745' title='bbox 2949 3711 3252 3769; x_wconf 88' lang='lat' dir='ltr'><strong>mercedem</strong></span> <span class='ocrx_word' id='word_1_746' title='bbox 3296 3712 3562 3777; x_wconf 88' lang='lat' dir='ltr'><strong>habeant,</strong></span> <span class='ocrx_word' id='word_1_747' title='bbox 3592 3712 3680 3765; x_wconf 90' lang='lat' dir='ltr'><strong>ni-</strong></span> 
     </span>
    </p>
   </div>
   <div class='ocr_carea' id='block_1_98' title="bbox 2087 3804 3677 3879">
    <p class='ocr_par' dir='ltr' id='par_1_98' title="bbox 2087 3804 3677 3879">
     <span class='ocr_line' id='line_1_98' title="bbox 2087 3804 3677 3879; baseline -0.001 -18"><span class='ocrx_word' id='word_1_748' title='bbox 2087 3808 2282 3862; x_wconf 89' lang='lat' dir='ltr'><strong>mirum</strong></span> <span class='ocrx_word' id='word_1_749' title='bbox 2314 3806 2660 3879; x_wconf 83' lang='lat' dir='ltr'><strong>voluptatcm,</strong></span> <span class='ocrx_word' id='word_1_750' title='bbox 2691 3821 2793 3877; x_wconf 88' lang='lat' dir='ltr'><strong>qua</strong></span> <span class='ocrx_word' id='word_1_751' title='bbox 2822 3820 2964 3861; x_wconf 88' lang='lat' dir='ltr'><strong>nunc</strong></span> <span class='ocrx_word' id='word_1_752' title='bbox 2989 3804 3204 3871; x_wconf 89' lang='lat' dir='ltr'><strong>frueris,</strong></span> <span class='ocrx_word' id='word_1_753' title='bbox 3231 3804 3393 3859; x_wconf 86' lang='lat' dir='ltr'><strong>animi</strong></span> <span class='ocrx_word' id='word_1_754' title='bbox 3418 3804 3677 3870; x_wconf 68' lang='lat' dir='ltr'><strong>laetitiam,</strong></span> 
     </span>
    </p>
   </div>
   <div class='ocr_carea' id='block_1_99' title="bbox 2087 3898 3674 3970">
    <p class='ocr_par' dir='ltr' id='par_1_99' title="bbox 2087 3898 3674 3970">
     <span class='ocr_line' id='line_1_99' title="bbox 2087 3898 3674 3970; baseline -0.002 -16"><span class='ocrx_word' id='word_1_755' title='bbox 2087 3898 2482 3967; x_wconf 87' lang='lat' dir='ltr'><strong>fortitudinem,</strong></span> <span class='ocrx_word' id='word_1_756' title='bbox 2506 3900 2815 3970; x_wconf 89' lang='lat' dir='ltr'><strong>patientiam</strong></span> <span class='ocrx_word' id='word_1_757' title='bbox 2845 3916 2860 3954; x_wconf 87' lang='lat'><strong>:</strong></span> <span class='ocrx_word' id='word_1_758' title='bbox 2890 3898 3128 3970; x_wconf 87' lang='lat' dir='ltr'><strong>illudque</strong></span> <span class='ocrx_word' id='word_1_759' title='bbox 3155 3898 3306 3963; x_wconf 88' lang='lat' dir='ltr'><strong>item,</strong></span> <span class='ocrx_word' id='word_1_760' title='bbox 3334 3898 3477 3966; x_wconf 89' lang='lat' dir='ltr'><strong>quod</strong></span> <span class='ocrx_word' id='word_1_761' title='bbox 3500 3913 3674 3968; x_wconf 86' lang='lat' dir='ltr'><strong>expu-</strong></span> 
     </span>
    </p>
   </div>
   <div class='ocr_carea' id='block_1_100' title="bbox 2086 3989 3680 4063">
    <p class='ocr_par' dir='ltr' id='par_1_100' title="bbox 2086 3989 3680 4063">
     <span class='ocr_line' id='line_1_100' title="bbox 2086 3989 3680 4063; baseline 0 -17"><span class='ocrx_word' id='word_1_762' title='bbox 2086 3991 2234 4063; x_wconf 88' lang='lat' dir='ltr'><strong>gnari</strong></span> <span class='ocrx_word' id='word_1_763' title='bbox 2274 4001 2435 4063; x_wconf 90' lang='lat' dir='ltr'><strong>atque</strong></span> <span class='ocrx_word' id='word_1_764' title='bbox 2472 3991 2705 4063; x_wconf 88' lang='lat' dir='ltr'><strong>opprimi</strong></span> <span class='ocrx_word' id='word_1_765' title='bbox 2748 4005 3010 4062; x_wconf 87' lang='lat' dir='ltr'><strong>nequeas,</strong></span> <span class='ocrx_word' id='word_1_766' title='bbox 3038 3989 3181 4063; x_wconf 89' lang='lat' dir='ltr'><strong>quod</strong></span> <span class='ocrx_word' id='word_1_767' title='bbox 3227 3990 3479 4046; x_wconf 90' lang='lat' dir='ltr'><strong>onmibus</strong></span> <span class='ocrx_word' id='word_1_768' title='bbox 3516 3990 3680 4046; x_wconf 83' lang='lat' dir='ltr'><strong>rebus</strong></span> 
     </span>
    </p>
   </div>
   <div class='ocr_carea' id='block_1_101' title="bbox 2086 4080 3679 4154">
    <p class='ocr_par' dir='ltr' id='par_1_101' title="bbox 2086 4080 3679 4154">
     <span class='ocr_line' id='line_1_101' title="bbox 2086 4080 3679 4154; baseline -0.001 -16"><span class='ocrx_word' id='word_1_769' title='bbox 2086 4083 2369 4138; x_wconf 87' lang='lat' dir='ltr'><strong>sublimior</strong></span> <span class='ocrx_word' id='word_1_770' title='bbox 2395 4083 2470 4138; x_wconf 90' lang='lat' dir='ltr'><strong>sis</strong></span> <span class='ocrx_word' id='word_1_771' title='bbox 2493 4124 2508 4148; x_wconf 92' lang='lat'><strong>,</strong></span> <span class='ocrx_word' id='word_1_772' title='bbox 2538 4083 2680 4154; x_wconf 92' lang='lat' dir='ltr'><strong>quod</strong></span> <span class='ocrx_word' id='word_1_773' title='bbox 2707 4083 2787 4138; x_wconf 91' lang='lat' dir='ltr'><strong>sic</strong></span> <span class='ocrx_word' id='word_1_774' title='bbox 2826 4083 3053 4153; x_wconf 91' lang='lat' dir='ltr'><strong>teipsam</strong></span> <span class='ocrx_word' id='word_1_775' title='bbox 3082 4083 3389 4139; x_wconf 82' lang='lat' dir='ltr'><strong>exercueris</strong></span> <span class='ocrx_word' id='word_1_776' title='bbox 3411 4124 3427 4150; x_wconf 92' lang='lat'><strong>,</strong></span> <span class='ocrx_word' id='word_1_777' title='bbox 3459 4092 3516 4137; x_wconf 92' lang='grc' dir='ltr'><strong>ιιι</strong></span> <span class='ocrx_word' id='word_1_778' title='bbox 3546 4080 3679 4137; x_wconf 90' lang='lat' dir='ltr'><strong>nihil</strong></span> 
     </span>
    </p>
   </div>
   <div class='ocr_carea' id='block_1_102' title="bbox 2087 4174 3677 4247">
    <p class='ocr_par' dir='ltr' id='par_1_102' title="bbox 2087 4174 3677 4247">
     <span class='ocr_line' id='line_1_102' title="bbox 2087 4174 3677 4247; baseline -0.001 -14"><span class='ocrx_word' id='word_1_779' title='bbox 2087 4177 2183 4233; x_wconf 90' lang='lat' dir='ltr'><strong>tibi</strong></span> <span class='ocrx_word' id='word_1_780' title='bbox 2211 4176 2532 4232; x_wconf 90' lang='lat' dir='ltr'><strong>incommodi</strong></span> <span class='ocrx_word' id='word_1_781' title='bbox 2555 4191 2586 4230; x_wconf 93' lang='lat' dir='ltr'><strong>a</strong></span> <span class='ocrx_word' id='word_1_782' title='bbox 2614 4191 2881 4247; x_wconf 87' lang='lat' dir='ltr'><strong>quoquam</strong></span> <span class='ocrx_word' id='word_1_783' title='bbox 2908 4174 3091 4230; x_wconf 89' lang='lat' dir='ltr'><strong>inferri</strong></span> <span class='ocrx_word' id='word_1_784' title='bbox 3115 4175 3302 4246; x_wconf 91' lang='lat' dir='ltr'><strong>possit,</strong></span> <span class='ocrx_word' id='word_1_785' title='bbox 3325 4175 3467 4247; x_wconf 90' lang='lat' dir='ltr'><strong>quod</strong></span> <span class='ocrx_word' id='word_1_786' title='bbox 3489 4184 3677 4231; x_wconf 83' lang='lat' dir='ltr'><strong>exorta</strong></span> 
     </span>
    </p>
   </div>
   <div class='ocr_carea' id='block_1_103' title="bbox 2089 4267 3678 4341">
    <p class='ocr_par' dir='ltr' id='par_1_103' title="bbox 2089 4267 3678 4341">
     <span class='ocr_line' id='line_1_103' title="bbox 2089 4267 3678 4341; baseline -0.001 -15"><span class='ocrx_word' id='word_1_787' title='bbox 2089 4277 2195 4326; x_wconf 87' lang='lat' dir='ltr'><strong>tam</strong></span> <span class='ocrx_word' id='word_1_788' title='bbox 2220 4268 2367 4340; x_wconf 89' lang='lat' dir='ltr'><strong>gravi</strong></span> <span class='ocrx_word' id='word_1_789' title='bbox 2394 4278 2710 4341; x_wconf 87' lang='lat' dir='ltr'><strong>tempestate</strong></span> <span class='ocrx_word' id='word_1_790' title='bbox 2731 4271 2783 4325; x_wconf 94' lang='lat' dir='ltr'><strong>in</strong></span> <span class='ocrx_word' id='word_1_791' title='bbox 2807 4279 2954 4340; x_wconf 89' lang='lat' dir='ltr'><strong>petra</strong></span> <span class='ocrx_word' id='word_1_792' title='bbox 2978 4272 3262 4338; x_wconf 89' lang='lat' dir='ltr'><strong>consistas,</strong></span> <span class='ocrx_word' id='word_1_793' title='bbox 3284 4267 3425 4340; x_wconf 83' lang='lat' dir='ltr'><strong>quod</strong></span> <span class='ocrx_word' id='word_1_794' title='bbox 3448 4268 3678 4338; x_wconf 89' lang='lat' dir='ltr'><strong>denique</strong></span> 
     </span>
    </p>
   </div>
   <div class='ocr_carea' id='block_1_104' title="bbox 2086 4359 3676 4432">
    <p class='ocr_par' dir='ltr' id='par_1_104' title="bbox 2086 4359 3676 4432">
     <span class='ocr_line' id='line_1_104' title="bbox 2086 4359 3676 4432; baseline -0.003 -15"><span class='ocrx_word' id='word_1_795' title='bbox 2086 4361 2221 4417; x_wconf 90' lang='lat' dir='ltr'><strong>mari</strong></span> <span class='ocrx_word' id='word_1_796' title='bbox 2268 4360 2479 4417; x_wconf 88' lang='lat' dir='ltr'><strong>furente</strong></span> <span class='ocrx_word' id='word_1_797' title='bbox 2526 4376 2716 4432; x_wconf 85' lang='lat' dir='ltr'><strong>magna</strong></span> <span class='ocrx_word' id='word_1_798' title='bbox 2776 4376 2900 4417; x_wconf 90' lang='lat' dir='ltr'><strong>cum</strong></span> <span class='ocrx_word' id='word_1_799' title='bbox 2952 4361 3332 4431; x_wconf 89' lang='lat' dir='ltr'><strong>tranquillitate</strong></span> <span class='ocrx_word' id='word_1_800' title='bbox 3380 4359 3676 4416; x_wconf 89' lang='lat' dir='ltr'><strong>secundum</strong></span> 
     </span>
    </p>
   </div>
   <div class='ocr_carea' id='block_1_105' title="bbox 2084 4452 3675 4522">
    <p class='ocr_par' dir='ltr' id='par_1_105' title="bbox 2084 4452 3675 4522">
     <span class='ocr_line' id='line_1_105' title="bbox 2084 4452 3675 4522; baseline -0.003 -14"><span class='ocrx_word' id='word_1_801' title='bbox 2084 4466 2299 4508; x_wconf 91' lang='lat' dir='ltr'><strong>cursum</strong></span> <span class='ocrx_word' id='word_1_802' title='bbox 2331 4461 2534 4508; x_wconf 89' lang='lat' dir='ltr'><strong>teneas.</strong></span> <span class='ocrx_word' id='word_1_803' title='bbox 2560 4453 2684 4509; x_wconf 66' lang='lat' dir='ltr'><strong>llaec</strong></span> <span class='ocrx_word' id='word_1_804' title='bbox 2707 4452 2868 4508; x_wconf 90' lang='lat' dir='ltr'><strong>etiam</strong></span> <span class='ocrx_word' id='word_1_805' title='bbox 2898 4461 3022 4508; x_wconf 86' lang='lat' dir='ltr'><strong>ante</strong></span> <span class='ocrx_word' id='word_1_806' title='bbox 3044 4454 3296 4508; x_wconf 74' lang='lat' dir='ltr'><strong>cmlorum</strong></span> <span class='ocrx_word' id='word_1_807' title='bbox 3317 4467 3560 4522; x_wconf 86' lang='lat' dir='ltr'><strong>regnum,</strong></span> <span class='ocrx_word' id='word_1_808' title='bbox 3584 4465 3675 4504; x_wconf 85' lang='lat' dir='ltr'><strong>ca-</strong></span> 
     </span>
    </p>
   </div>
   <div class='ocr_carea' id='block_1_106' title="bbox 2086 4542 3679 4615">
    <p class='ocr_par' dir='ltr' id='par_1_106' title="bbox 2086 4542 3679 4615">
     <span class='ocr_line' id='line_1_106' title="bbox 2086 4542 3679 4615; baseline -0.002 -15"><span class='ocrx_word' id='word_1_809' title='bbox 2086 4545 2338 4601; x_wconf 89' lang='lat' dir='ltr'><strong>lamitatis</strong></span> <span class='ocrx_word' id='word_1_810' title='bbox 2370 4545 2588 4615; x_wconf 74' lang='lat' dir='ltr'><strong>praemia</strong></span> <span class='ocrx_word' id='word_1_811' title='bbox 2636 4545 2688 4600; x_wconf 91' lang='lat' dir='ltr'><strong>in</strong></span> <span class='ocrx_word' id='word_1_812' title='bbox 2725 4543 2827 4600; x_wconf 88' lang='lat' dir='ltr'><strong>hac</strong></span> <span class='ocrx_word' id='word_1_813' title='bbox 2867 4545 2976 4599; x_wconf 88' lang='lat' dir='ltr'><strong>vita</strong></span> <span class='ocrx_word' id='word_1_814' title='bbox 3020 4551 3166 4601; x_wconf 88' lang='lat' dir='ltr'><strong>sunt.</strong></span> <span class='ocrx_word' id='word_1_815' title='bbox 3206 4543 3341 4600; x_wconf 90' lang='lat' dir='ltr'><strong>Illud</strong></span> <span class='ocrx_word' id='word_1_816' title='bbox 3372 4544 3515 4598; x_wconf 89' lang='lat' dir='ltr'><strong>enim</strong></span> <span class='ocrx_word' id='word_1_817' title='bbox 3546 4542 3679 4597; x_wconf 91' lang='lat' dir='ltr'><strong>mihi</strong></span> 
     </span>
    </p>
   </div>
   <div class='ocr_carea' id='block_1_107' title="bbox 2085 4635 3675 4705">
    <p class='ocr_par' dir='ltr' id='par_1_107' title="bbox 2085 4635 3675 4705">
     <span class='ocr_line' id='line_1_107' title="bbox 2085 4635 3675 4705; baseline -0.001 -16"><span class='ocrx_word' id='word_1_818' title='bbox 2085 4635 2570 4705; x_wconf 87' lang='lat' dir='ltr'><strong>cxploratissimum</strong></span> <span class='ocrx_word' id='word_1_819' title='bbox 2596 4643 2679 4691; x_wconf 90' lang='lat' dir='ltr'><strong>est</strong></span> <span class='ocrx_word' id='word_1_820' title='bbox 2701 4677 2715 4701; x_wconf 91' lang='lat'><strong>,</strong></span> <span class='ocrx_word' id='word_1_821' title='bbox 2750 4644 2804 4691; x_wconf 90' lang='lat' dir='ltr'><strong>te</strong></span> <span class='ocrx_word' id='word_1_822' title='bbox 2830 4650 2970 4690; x_wconf 92' lang='lat' dir='ltr'><strong>nunc</strong></span> <span class='ocrx_word' id='word_1_823' title='bbox 2998 4636 3178 4690; x_wconf 91' lang='lat' dir='ltr'><strong>animo</strong></span> <span class='ocrx_word' id='word_1_824' title='bbox 3211 4635 3282 4690; x_wconf 90' lang='lat' dir='ltr'><strong>ita</strong></span> <span class='ocrx_word' id='word_1_825' title='bbox 3308 4643 3675 4704; x_wconf 84' lang='lat' dir='ltr'><strong>comparatam</strong></span> 
     </span>
    </p>
   </div>
   <div class='ocr_carea' id='block_1_108' title="bbox 2085 4725 3676 4797">
    <p class='ocr_par' dir='ltr' id='par_1_108' title="bbox 2085 4725 3676 4797">
     <span class='ocr_line' id='line_1_108' title="bbox 2085 4725 3676 4797; baseline -0.001 -15"><span class='ocrx_word' id='word_1_826' title='bbox 2085 4739 2227 4793; x_wconf 89' lang='lat' dir='ltr'><strong>esse,</strong></span> <span class='ocrx_word' id='word_1_827' title='bbox 2254 4736 2316 4781; x_wconf 92' lang='lat' dir='ltr'><strong>ut</strong></span> <span class='ocrx_word' id='word_1_828' title='bbox 2349 4743 2417 4782; x_wconf 89' lang='lat' dir='ltr'><strong>ne</strong></span> <span class='ocrx_word' id='word_1_829' title='bbox 2447 4740 2676 4797; x_wconf 87' lang='lat' dir='ltr'><strong>corpore</strong></span> <span class='ocrx_word' id='word_1_830' title='bbox 2703 4725 2920 4797; x_wconf 88' lang='lat' dir='ltr'><strong>quidem</strong></span> <span class='ocrx_word' id='word_1_831' title='bbox 2955 4726 3195 4780; x_wconf 90' lang='lat' dir='ltr'><strong>indutam</strong></span> <span class='ocrx_word' id='word_1_832' title='bbox 3237 4735 3289 4782; x_wconf 90' lang='lat' dir='ltr'><strong>te</strong></span> <span class='ocrx_word' id='word_1_833' title='bbox 3322 4741 3445 4782; x_wconf 89' lang='lat' dir='ltr'><strong>esse</strong></span> <span class='ocrx_word' id='word_1_834' title='bbox 3483 4726 3676 4782; x_wconf 78' lang='lat' dir='ltr'><strong>existi-</strong></span> 
     </span>
    </p>
   </div>
   <div class='ocr_carea' id='block_1_109' title="bbox 2086 4818 3676 4890">
    <p class='ocr_par' dir='ltr' id='par_1_109' title="bbox 2086 4818 3676 4890">
     <span class='ocr_line' id='line_1_109' title="bbox 2086 4818 3676 4890; baseline 0.002 -17"><span class='ocrx_word' id='word_1_835' title='bbox 2086 4833 2235 4882; x_wconf 90' lang='lat' dir='ltr'><strong>mes,</strong></span> <span class='ocrx_word' id='word_1_836' title='bbox 2269 4818 2340 4873; x_wconf 90' lang='lat' dir='ltr'><strong>ita</strong></span> <span class='ocrx_word' id='word_1_837' title='bbox 2374 4826 2427 4874; x_wconf 93' lang='lat' dir='ltr'><strong>te</strong></span> <span class='ocrx_word' id='word_1_838' title='bbox 2457 4827 2742 4889; x_wconf 90' lang='lat' dir='ltr'><strong>pennatam</strong></span> <span class='ocrx_word' id='word_1_839' title='bbox 2771 4818 2946 4874; x_wconf 89' lang='lat' dir='ltr'><strong>reddit</strong></span> <span class='ocrx_word' id='word_1_840' title='bbox 2972 4818 3217 4888; x_wconf 83' lang='lat' dir='ltr'><strong>voluptas</strong></span> <span class='ocrx_word' id='word_1_841' title='bbox 3246 4836 3260 4875; x_wconf 89' lang='lat'><strong>:</strong></span> <span class='ocrx_word' id='word_1_842' title='bbox 3290 4832 3355 4875; x_wconf 88' lang='lat' dir='ltr'><strong>ac</strong></span> <span class='ocrx_word' id='word_1_843' title='bbox 3391 4820 3436 4874; x_wconf 92' lang='lat' dir='ltr'><strong>si</strong></span> <span class='ocrx_word' id='word_1_844' title='bbox 3465 4828 3676 4890; x_wconf 89' lang='lat' dir='ltr'><strong>tempus</strong></span> 
     </span>
    </p>
   </div>
   <div class='ocr_carea' id='block_1_110' title="bbox 2086 4909 3679 4982">
    <p class='ocr_par' dir='ltr' id='par_1_110' title="bbox 2086 4909 3679 4982">
     <span class='ocr_line' id='line_1_110' title="bbox 2086 4909 3679 4982; baseline 0.001 -17"><span class='ocrx_word' id='word_1_845' title='bbox 2086 4910 2141 4966; x_wconf 91' lang='lat' dir='ltr'><strong>id</strong></span> <span class='ocrx_word' id='word_1_846' title='bbox 2172 4910 2440 4981; x_wconf 90' lang='lat' dir='ltr'><strong>postulet,</strong></span> <span class='ocrx_word' id='word_1_847' title='bbox 2470 4911 2766 4981; x_wconf 89' lang='lat' dir='ltr'><strong>promptius</strong></span> <span class='ocrx_word' id='word_1_848' title='bbox 2808 4909 2940 4965; x_wconf 90' lang='lat' dir='ltr'><strong>illud</strong></span> <span class='ocrx_word' id='word_1_849' title='bbox 2979 4921 3204 4966; x_wconf 83' lang='lat' dir='ltr'><strong>exutura</strong></span> <span class='ocrx_word' id='word_1_850' title='bbox 3247 4911 3356 4978; x_wconf 88' lang='lat' dir='ltr'><strong>sis,</strong></span> <span class='ocrx_word' id='word_1_851' title='bbox 3395 4927 3555 4982; x_wconf 90' lang='lat' dir='ltr'><strong>quam</strong></span> <span class='ocrx_word' id='word_1_852' title='bbox 3585 4911 3679 4967; x_wconf 90' lang='lat' dir='ltr'><strong>alii</strong></span> 
     </span>
    </p>
   </div>
   <div class='ocr_carea' id='block_1_111' title="bbox 2084 5001 3675 5075">
    <p class='ocr_par' dir='ltr' id='par_1_111' title="bbox 2084 5001 3675 5075">
     <span class='ocr_line' id='line_1_111' title="bbox 2084 5001 3675 5075; baseline 0.001 -18"><span class='ocrx_word' id='word_1_853' title='bbox 2084 5013 2284 5072; x_wconf 85' lang='lat' dir='ltr'><strong>vestes,</strong></span> <span class='ocrx_word' id='word_1_854' title='bbox 2316 5003 2506 5075; x_wconf 89' lang='lat' dir='ltr'><strong>quibus</strong></span> <span class='ocrx_word' id='word_1_855' title='bbox 2525 5002 2720 5058; x_wconf 89' lang='lat' dir='ltr'><strong>obtecti</strong></span> <span class='ocrx_word' id='word_1_856' title='bbox 2746 5010 2888 5058; x_wconf 92' lang='lat' dir='ltr'><strong>sunt.</strong></span> <span class='ocrx_word' id='word_1_857' title='bbox 2911 5001 3096 5058; x_wconf 87' lang='lat' dir='ltr'><strong>Gaude</strong></span> <span class='ocrx_word' id='word_1_858' title='bbox 3123 5001 3282 5073; x_wconf 86' lang='lat' dir='ltr'><strong>igitur</strong></span> <span class='ocrx_word' id='word_1_859' title='bbox 3303 5010 3358 5059; x_wconf 92' lang='lat' dir='ltr'><strong>et</strong></span> <span class='ocrx_word' id='word_1_860' title='bbox 3383 5002 3675 5069; x_wconf 90' lang='lat' dir='ltr'><strong>oblectare,</strong></span> 
     </span>
    </p>
   </div>
   <div class='ocr_carea' id='block_1_112' title="bbox 2087 5096 3679 5166">
    <p class='ocr_par' dir='ltr' id='par_1_112' title="bbox 2087 5096 3679 5166">
     <span class='ocr_line' id='line_1_112' title="bbox 2087 5096 3679 5166; baseline -0.002 -13"><span class='ocrx_word' id='word_1_861' title='bbox 2087 5106 2198 5154; x_wconf 91' lang='lat' dir='ltr'><strong>tum</strong></span> <span class='ocrx_word' id='word_1_862' title='bbox 2229 5108 2320 5154; x_wconf 92' lang='lat' dir='ltr'><strong>tuo</strong></span> <span class='ocrx_word' id='word_1_863' title='bbox 2348 5099 2588 5165; x_wconf 91' lang='lat' dir='ltr'><strong>nomine,</strong></span> <span class='ocrx_word' id='word_1_864' title='bbox 2620 5106 2732 5153; x_wconf 92' lang='lat' dir='ltr'><strong>tum</strong></span> <span class='ocrx_word' id='word_1_865' title='bbox 2761 5111 2945 5151; x_wconf 89' lang='lat' dir='ltr'><strong>eorum</strong></span> <span class='ocrx_word' id='word_1_866' title='bbox 2971 5096 3061 5166; x_wconf 91' lang='lat' dir='ltr'><strong>qui</strong></span> <span class='ocrx_word' id='word_1_867' title='bbox 3088 5096 3295 5152; x_wconf 90' lang='lat' dir='ltr'><strong>beatam</strong></span> <span class='ocrx_word' id='word_1_868' title='bbox 3322 5107 3549 5152; x_wconf 89' lang='lat' dir='ltr'><strong>mortem</strong></span> <span class='ocrx_word' id='word_1_869' title='bbox 3577 5096 3679 5151; x_wconf 79' lang='lat' dir='ltr'><strong>ob-</strong></span> 
     </span>
    </p>
   </div>
   <div class='ocr_carea' id='block_1_113' title="bbox 2086 5184 3678 5254">
    <p class='ocr_par' dir='ltr' id='par_1_113' title="bbox 2086 5184 3678 5254">
     <span class='ocr_line' id='line_1_113' title="bbox 2086 5184 3678 5254; baseline -0.003 -11"><span class='ocrx_word' id='word_1_870' title='bbox 2086 5190 2281 5254; x_wconf 90' lang='lat' dir='ltr'><strong>ierunt,</strong></span> <span class='ocrx_word' id='word_1_871' title='bbox 2315 5203 2420 5243; x_wconf 92' lang='lat' dir='ltr'><strong>non</strong></span> <span class='ocrx_word' id='word_1_872' title='bbox 2450 5187 2500 5242; x_wconf 92' lang='lat' dir='ltr'><strong>in</strong></span> <span class='ocrx_word' id='word_1_873' title='bbox 2532 5188 2692 5253; x_wconf 89' lang='lat' dir='ltr'><strong>lecto,</strong></span> <span class='ocrx_word' id='word_1_874' title='bbox 2722 5201 2822 5242; x_wconf 90' lang='lat' dir='ltr'><strong>nec</strong></span> <span class='ocrx_word' id='word_1_875' title='bbox 2848 5184 3014 5252; x_wconf 90' lang='lat' dir='ltr'><strong>domi,</strong></span> <span class='ocrx_word' id='word_1_876' title='bbox 3046 5184 3141 5240; x_wconf 90' lang='lat' dir='ltr'><strong>sed</strong></span> <span class='ocrx_word' id='word_1_877' title='bbox 3171 5187 3224 5241; x_wconf 94' lang='lat' dir='ltr'><strong>in</strong></span> <span class='ocrx_word' id='word_1_878' title='bbox 3246 5201 3461 5243; x_wconf 87' lang='lat' dir='ltr'><strong>carcere</strong></span> <span class='ocrx_word' id='word_1_879' title='bbox 3486 5198 3537 5242; x_wconf 94' lang='lat' dir='ltr'><strong>et</strong></span> <span class='ocrx_word' id='word_1_880' title='bbox 3564 5187 3678 5242; x_wconf 80' lang='lat' dir='ltr'><strong>vin-</strong></span> 
     </span>
    </p>
   </div>
   <div class='ocr_carea' id='block_1_114' title="bbox 2086 5279 3677 5350">
    <p class='ocr_par' dir='ltr' id='par_1_114' title="bbox 2086 5279 3677 5350">
     <span class='ocr_line' id='line_1_114' title="bbox 2086 5279 3677 5350; baseline -0.002 -13"><span class='ocrx_word' id='word_1_881' title='bbox 2086 5282 2222 5337; x_wconf 90' lang='lat' dir='ltr'><strong>culis</strong></span> <span class='ocrx_word' id='word_1_882' title='bbox 2247 5296 2312 5336; x_wconf 90' lang='lat' dir='ltr'><strong>ac</strong></span> <span class='ocrx_word' id='word_1_883' title='bbox 2339 5279 2637 5335; x_wconf 89' lang='lat' dir='ltr'><strong>tormentis.</strong></span> <span class='ocrx_word' id='word_1_884' title='bbox 2668 5280 2772 5334; x_wconf 80' lang='lat' dir='ltr'><strong>Eos</strong></span> <span class='ocrx_word' id='word_1_885' title='bbox 2797 5291 2977 5334; x_wconf 91' lang='lat' dir='ltr'><strong>autem</strong></span> <span class='ocrx_word' id='word_1_886' title='bbox 3007 5279 3152 5334; x_wconf 88' lang='lat' dir='ltr'><strong>solos</strong></span> <span class='ocrx_word' id='word_1_887' title='bbox 3182 5280 3302 5350; x_wconf 85' lang='lat' dir='ltr'><strong>lnge</strong></span> <span class='ocrx_word' id='word_1_888' title='bbox 3326 5294 3389 5333; x_wconf 91' lang='lat' dir='ltr'><strong>ac</strong></span> <span class='ocrx_word' id='word_1_889' title='bbox 3425 5280 3677 5346; x_wconf 75' lang='lat' dir='ltr'><strong>lacrymis</strong></span> 
     </span>
    </p>
   </div>
   <div class='ocr_carea' id='block_1_115' title="bbox 2085 5372 3680 5447">
    <p class='ocr_par' dir='ltr' id='par_1_115' title="bbox 2085 5372 3680 5447">
     <span class='ocr_line' id='line_1_115' title="bbox 2085 5372 3680 5447; baseline -0.001 -16"><span class='ocrx_word' id='word_1_890' title='bbox 2085 5391 2447 5447; x_wconf 89' lang='lat' dir='ltr'><strong>prosequere,</strong></span> <span class='ocrx_word' id='word_1_891' title='bbox 2477 5375 2568 5446; x_wconf 92' lang='lat' dir='ltr'><strong>qui</strong></span> <span class='ocrx_word' id='word_1_892' title='bbox 2608 5375 2725 5430; x_wconf 64' lang='lat' dir='ltr'><strong>haec</strong></span> <span class='ocrx_word' id='word_1_893' title='bbox 2759 5382 3083 5444; x_wconf 91' lang='lat' dir='ltr'><strong>perpetrant.</strong></span> <span class='ocrx_word' id='word_1_894' title='bbox 3111 5373 3242 5428; x_wconf 87' lang='lat' dir='ltr'><strong>Nam</strong></span> <span class='ocrx_word' id='word_1_895' title='bbox 3284 5372 3421 5427; x_wconf 91' lang='lat' dir='ltr'><strong>istud</strong></span> <span class='ocrx_word' id='word_1_896' title='bbox 3467 5388 3680 5444; x_wconf 85' lang='lat' dir='ltr'><strong>quoque</strong></span> 
     </span>
    </p>
   </div>
   <div class='ocr_carea' id='block_1_116' title="bbox 2091 5467 3675 5541">
    <p class='ocr_par' dir='ltr' id='par_1_116' title="bbox 2091 5467 3675 5541">
     <span class='ocr_line' id='line_1_116' title="bbox 2091 5467 3675 5541; baseline -0.003 -16"><span class='ocrx_word' id='word_1_897' title='bbox 2091 5479 2180 5525; x_wconf 88' lang='lat' dir='ltr'><strong>tua</strong></span> <span class='ocrx_word' id='word_1_898' title='bbox 2211 5468 2544 5541; x_wconf 80' lang='lat' dir='ltr'><strong>phil050phia</strong></span> <span class='ocrx_word' id='word_1_899' title='bbox 2572 5468 2791 5540; x_wconf 87' lang='lat' dir='ltr'><strong>dignum</strong></span> <span class='ocrx_word' id='word_1_900' title='bbox 2833 5478 2934 5523; x_wconf 90' lang='lat' dir='ltr'><strong>est.</strong></span> <span class='ocrx_word' id='word_1_901' title='bbox 2964 5467 3225 5536; x_wconf 87' lang='lat' dir='ltr'><strong>Quoniam</strong></span> <span class='ocrx_word' id='word_1_902' title='bbox 3252 5478 3430 5521; x_wconf 89' lang='lat' dir='ltr'><strong>autem</strong></span> <span class='ocrx_word' id='word_1_903' title='bbox 3457 5467 3524 5522; x_wconf 89' lang='lat' dir='ltr'><strong>de</strong></span> <span class='ocrx_word' id='word_1_904' title='bbox 3548 5481 3675 5521; x_wconf 88' lang='lat' dir='ltr'><strong>cor-</strong></span> 
     </span>
    </p>
   </div>
   <div class='ocr_carea' id='block_1_117' title="bbox 2085 5558 3678 5633">
    <p class='ocr_par' dir='ltr' id='par_1_117' title="bbox 2085 5558 3678 5633">
     <span class='ocr_line' id='line_1_117' title="bbox 2085 5558 3678 5633; baseline 0 -18"><span class='ocrx_word' id='word_1_905' title='bbox 2085 5563 2230 5633; x_wconf 87' lang='lat' dir='ltr'><strong>poris</strong></span> <span class='ocrx_word' id='word_1_906' title='bbox 2250 5575 2461 5632; x_wconf 90' lang='lat' dir='ltr'><strong>quoque</strong></span> <span class='ocrx_word' id='word_1_907' title='bbox 2486 5560 2658 5615; x_wconf 90' lang='lat' dir='ltr'><strong>nostri</strong></span> <span class='ocrx_word' id='word_1_908' title='bbox 2686 5558 2992 5616; x_wconf 88' lang='lat' dir='ltr'><strong>valetudine</strong></span> <span class='ocrx_word' id='word_1_909' title='bbox 3014 5559 3212 5614; x_wconf 88' lang='lat' dir='ltr'><strong>certior</strong></span> <span class='ocrx_word' id='word_1_910' title='bbox 3242 5558 3355 5613; x_wconf 82' lang='lat' dir='ltr'><strong>ﬁeri</strong></span> <span class='ocrx_word' id='word_1_911' title='bbox 3385 5559 3554 5628; x_wconf 88' lang='lat' dir='ltr'><strong>cupis.</strong></span> <span class='ocrx_word' id='word_1_912' title='bbox 3579 5571 3678 5615; x_wconf 80' lang='lat' dir='ltr'><strong>nos</strong></span> 
     </span>
    </p>
   </div>
   <div class='ocr_carea' id='block_1_118' title="bbox 2084 5650 3674 5724">
    <p class='ocr_par' dir='ltr' id='par_1_118' title="bbox 2084 5650 3674 5724">
     <span class='ocr_line' id='line_1_118' title="bbox 2084 5650 3674 5724; baseline -0.002 -15"><span class='ocrx_word' id='word_1_913' title='bbox 2084 5669 2148 5709; x_wconf 86' lang='lat' dir='ltr'><strong>ex</strong></span> <span class='ocrx_word' id='word_1_914' title='bbox 2175 5668 2241 5708; x_wconf 94' lang='lat' dir='ltr'><strong>eo</strong></span> <span class='ocrx_word' id='word_1_915' title='bbox 2270 5652 2491 5717; x_wconf 90' lang='lat' dir='ltr'><strong>morbo,</strong></span> <span class='ocrx_word' id='word_1_916' title='bbox 2519 5653 2609 5724; x_wconf 90' lang='lat' dir='ltr'><strong>qui</strong></span> <span class='ocrx_word' id='word_1_917' title='bbox 2640 5668 2811 5723; x_wconf 90' lang='lat' dir='ltr'><strong>nuper</strong></span> <span class='ocrx_word' id='word_1_918' title='bbox 2835 5651 2991 5707; x_wconf 89' lang='lat' dir='ltr'><strong>nobis</strong></span> <span class='ocrx_word' id='word_1_919' title='bbox 3028 5650 3326 5705; x_wconf 87' lang='lat' dir='ltr'><strong>molestiam</strong></span> <span class='ocrx_word' id='word_1_920' title='bbox 3357 5652 3674 5721; x_wconf 82' lang='lat' dir='ltr'><strong>exhibebat,</strong></span> 
     </span>
    </p>
   </div>
   <div class='ocr_carea' id='block_1_119' title="bbox 2083 5729 3673 5816">
    <p class='ocr_par' dir='ltr' id='par_1_119' title="bbox 2083 5729 3673 5816">
     <span class='ocr_line' id='line_1_119' title="bbox 2083 5729 3673 5816; baseline -0.001 -15"><span class='ocrx_word' id='word_1_921' title='bbox 2083 5745 2401 5801; x_wconf 87' lang='lat' dir='ltr'><strong>emersimus</strong></span> <span class='ocrx_word' id='word_1_922' title='bbox 2426 5761 2441 5798; x_wconf 90' lang='lat'><strong>:</strong></span> <span class='ocrx_word' id='word_1_923' title='bbox 2466 5760 2710 5816; x_wconf 87' lang='lat' dir='ltr'><strong>nuncque</strong></span> <span class='ocrx_word' id='word_1_924' title='bbox 2736 5745 2959 5801; x_wconf 86' lang='lat' dir='ltr'><strong>meliore</strong></span> <span class='ocrx_word' id='word_1_925' title='bbox 2989 5729 3291 5799; x_wconf 72' lang='lat' dir='ltr'><strong>valetudine</strong></span> <span class='ocrx_word' id='word_1_926' title='bbox 3317 5759 3502 5798; x_wconf 90' lang='lat' dir='ltr'><strong>sumus</strong></span> <span class='ocrx_word' id='word_1_927' title='bbox 3522 5786 3535 5807; x_wconf 86' lang='lat'><strong>,</strong></span> <span class='ocrx_word' id='word_1_928' title='bbox 3562 5761 3673 5800; x_wconf 84' lang='lat' dir='ltr'><strong>mo—</strong></span> 
     </span>
    </p>
   </div>
   <div class='ocr_carea' id='block_1_120' title="bbox 2152 5835 2726 5899">
    <p class='ocr_par' dir='ltr' id='par_1_120' title="bbox 2152 5835 2726 5899">
     <span class='ocr_line' id='line_1_120' title="bbox 2152 5835 2726 5899; baseline 0.007 -17"><span class='ocrx_word' id='word_1_929' title='bbox 2152 5836 2169 5867; x_wconf 81' lang='grc' dir='ltr'><strong>ι</strong></span> <span class='ocrx_word' id='word_1_930' title='bbox 2205 5841 2448 5899; x_wconf 63' lang='grc' dir='ltr'><strong>υιοδιεεη</strong></span> <span class='ocrx_word' id='word_1_931' title='bbox 2476 5835 2726 5890; x_wconf 74' lang='lat' dir='ltr'><strong>habebunt.</strong></span> 
     </span>
    </p>
   </div>
  </div>
