3906 6386
248 336 357 391 θὶὸ

247 451 320 506 do
365 464 436 507 ne
476 463 664 505 rursus
709 446 883 503 hiems
917 439 1174 498 stomachi
1216 434 1384 491 nostri
1413 428 1833 488 imbecillitatem

247 543 488 600 adventu
513 557 613 597 suo
642 540 839 598 lardat;
869 551 987 590 nam
1013 532 1079 588 de
1105 529 1321 591 lsauris,
1350 523 1497 582 omni
1521 532 1669 580 metu
1687 518 1838 574 vacui

262 647 469 696 sumus.

464 719 518 777 Χ
530 718 696 774 VIII.
727 716 984 775 Carteriw.
1016 712 1248 787 (Cucuso
1277 723 1419 764 anno
1446 704 1600 769 404.)

324 816 449 874 Sive
484 814 815 885 frequenter,
842 810 958 868 sive
993 822 1117 863 raro
1153 803 1393 872 scribas,
1422 815 1522 857 nos
1550 807 1725 854 tamen
1750 792 1840 865 juo

251 908 451 963 dicium
481 904 640 970 illud,
669 901 814 974 quod
851 901 920 956 ab
948 898 1101 954 initio
1124 896 1193 953 de
1220 904 1307 950 tua
1334 892 1556 949 caritate
1585 888 1839 954 fecimus,

254 1002 464 1055 firmum
490 1010 554 1052 ac
578 994 768 1052 stabile
791 992 1103 1049 retinemus.
1132 988 1189 1045 ld
1217 988 1361 1043 enim
1390 984 1721 1056 exploratum
1746 993 1844 1034 no-

251 1091 338 1147 bis
359 1100 475 1156 est,
504 1096 586 1156 te,
615 1087 728 1144 sive
765 1085 1001 1151 scribas,
1029 1083 1145 1139 sive
1169 1081 1327 1137 sileas
1346 1119 1362 1146 ,
1395 1076 1584 1134 eodem
1629 1086 1846 1143 semper

252 1198 377 1254 erga
408 1198 506 1238 nos
540 1181 719 1236 animo
743 1193 806 1236 ac
833 1177 1010 1234 studio
1037 1189 1179 1232 esse.
1217 1172 1379 1229 Velim
1406 1179 1583 1226 autem
1624 1164 1844 1224 celerri-

252 1260 397 1329 mam
426 1272 518 1328 tibi
548 1273 828 1328 sanitatem
853 1270 993 1324 Deus
1021 1265 1280 1338 praebeat,
1301 1273 1460 1333 atque
1481 1260 1627 1317 omni
1653 1257 1846 1314 morbo

255 1375 308 1419 te
354 1364 566 1420 liberet.
608 1362 791 1432 Neque
836 1361 978 1417 enim
1022 1357 1225 1429 vulgari
1270 1353 1628 1412 sollicitudine
1672 1348 1846 1405 allecti

255 1471 475 1520 sumus,
505 1470 626 1510 eum
666 1454 735 1510 de
766 1462 856 1509 tuo
888 1451 1075 1507 morbo
1105 1451 1172 1505 ad
1213 1462 1311 1502 nos
1337 1447 1555 1502 allatum
1585 1454 1688 1499 eSt.
1721 1440 1847 1495 Ideo

257 1558 313 1605 te
337 1548 705 1613 obsecramus,
739 1554 796 1600 ut
823 1543 1031 1614 quoties
1062 1541 1307 1605 licuerit,
1335 1538 1404 1592 de
1436 1548 1521 1591 tua
1548 1532 1849 1588 valetudine

256 1653 362 1694 nos
387 1639 644 1694 certiores
666 1635 831 1691 facias
848 1676 863 1700 ,
891 1646 945 1690 et
974 1649 1099 1688 num
1126 1632 1317 1686 melius
1344 1624 1629 1697 aliquando
1653 1635 1850 1693 corpus

257 1737 410 1784 tuum
439 1742 502 1783 se
529 1728 722 1782 habeat
745 1725 967 1781 indices.
999 1723 1109 1779 Nec
1133 1722 1275 1776 enim
1310 1731 1361 1775 te
1388 1718 1538 1789 fugit,
1562 1731 1721 1787 quam
1748 1712 1845 1770 do-

253 1819 490 1883 leamus,
534 1833 655 1872 cum
701 1825 753 1874 te
797 1814 983 1870 morbo
1030 1813 1199 1873 teneri
1242 1810 1516 1875 audimus,
1546 1823 1610 1865 ac
1650 1814 1848 1878 quanta

256 1907 440 1963 hetitia
462 1906 778 1975 afliciamur,
805 1921 867 1962 ac
898 1922 1005 1976 prze
1028 1905 1299 1974 voluptate
1329 1901 1471 1957 velut
1518 1914 1719 1971 pettnas
1764 1897 1848 1951 in-

256 2000 483 2056 duamus
501 2040 516 2066 ,
545 2015 665 2058 cum
696 2009 748 2057 te
783 2000 919 2057 bene
943 1999 1121 2055 valere
1146 1994 1512 2067 intelligimus.
1539 1992 1666 2049 ﬂare
1693 1991 1850 2063 igitur

258 2106 383 2146 cum
412 2091 582 2157 scias,
614 2091 955 2147 ornatissima
983 2105 1048 2146 ac
1077 2088 1407 2145 nobilissima
1439 2085 1653 2142 domina
1691 2097 1806 2137 mea
1829 2121 1845 2149 ,

257 2182 467 2250 quoties
494 2180 715 2238 facultas
741 2182 972 2247 dabitur,
1000 2180 1068 2236 ad
1098 2194 1195 2236 nos
1224 2178 1459 2236 scribere
1481 2192 1548 2232 ne
1581 2173 1846 2247 graveris,

257 2289 466 2345 quaque
495 2274 796 2330 valetudine
835 2274 911 2330 sis
928 2314 946 2342 ,
979 2272 1233 2329 indicare.
1259 2269 1445 2340 Neque
1473 2268 1616 2324 enim
1644 2264 1849 2336 vulgari

263 2364 520 2422 beneficio
559 2380 658 2422 nos
697 2365 939 2435 afficias,
970 2379 1091 2422 cum
1118 2361 1379 2436 ejusmodi
1423 2360 1490 2417 ad
1539 2375 1637 2417 nos
1666 2359 1849 2416 literas

257 2457 489 2515 miseris.

256 2547 311 2607 Χ
315 2547 399 2604 IX
405 2589 420 2603 .
457 2548 716 2604 Marciano
745 2558 789 2605 et
818 2548 1119 2605 Marcellino
1138 2546 1232 2621 (ιι).
1259 2546 1437 2622 (Auno
1465 2545 1570 2603 404
1594 2545 1678 2600 vel
1697 2540 1848 2612 405-)

326 2639 460 2697 lllud
482 2640 697 2710 quidem
716 2655 1054 2714 cuperemus,
1076 2651 1135 2697 ut
1158 2654 1273 2708 vos,
1301 2653 1332 2695 a
1352 2639 1542 2710 quibus
1569 2645 1850 2706 tantopere

254 2749 517 2801 amamur,
549 2744 840 2805 praesentes
868 2750 1083 2806 quoque
1111 2747 1479 2791 cernercmus.
1504 2736 1573 2786 At
1596 2729 1848 2800 quoniam

255 2826 309 2891 id
327 2828 550 2883 minime
579 2827 703 2883 licet
731 2827 875 2901 (nam
898 2837 954 2885 et
979 2829 1077 2884 viae
1100 2827 1480 2901 longinquitas,
1502 2835 1557 2882 et
1576 2824 1767 2887 hiems,
1795 2833 1850 2879 et

253 2919 565 2989 prmdonum
593 2928 766 2975 metus
793 2919 862 2976 ad
892 2919 1274 2992 profectionem
1317 2916 1707 2991 impediendam
1736 2914 1851 2972 suf-

254 3009 492 3081 ﬁciunt),
523 3009 651 3066 illud
679 3010 866 3066 Saltem
899 3019 1176 3080 Optamus,
1224 3018 1281 3066 ut
1316 3025 1410 3066 eos
1454 3009 1542 3081 qui
1589 3010 1771 3065 literas
1817 3022 1847 3061 a

252 3101 411 3157 nobis
429 3103 495 3158 ad
525 3119 621 3158 vos
644 3102 836 3169 ferant,
862 3105 1057 3174 surpius
1084 3103 1455 3160 nanciscamur
1482 3120 1495 3157 :
1519 3116 1626 3175 quo
1645 3099 1852 3169 cupidi-

256 3203 421 3251 tatem
465 3206 702 3250 nostram
753 3195 1084 3266 amplissime
1127 3196 1342 3265 explere
1387 3195 1674 3265 possimus.
1716 3194 1849 3262 Quia

252 3298 467 3354 autem,
499 3296 609 3342 tum
647 3288 718 3343 ob
747 3287 907 3358 hujus
934 3288 1036 3344 loci
1064 3288 1405 3344 solitudinem
1426 3329 1442 3354 ,
1486 3297 1595 3342 tum
1636 3285 1775 3357 quod
1818 3300 1850 3342 a

253 3368 466 3449 publica
510 3379 593 3433 via
642 3380 824 3449 procul
867 3378 1058 3447 distet,
1094 3379 1198 3436 hoc
1221 3379 1376 3437 nobis
1398 3379 1707 3449 ademptum
1730 3387 1847 3445 est,

254 3486 285 3524 a
318 3470 469 3526 vobis
496 3481 641 3541 peto,
669 3482 729 3527 ut
756 3473 800 3527 si
833 3473 1010 3528 minus
1039 3472 1231 3529 crebro
1256 3471 1360 3528 hoc
1385 3471 1663 3537 faciamus,
1694 3470 1850 3528 nobis

255 3564 464 3619 veniam
497 3567 741 3623 tribuatis
775 3585 788 3621 :
817 3575 996 3638 atque.
1026 3568 1140 3623 sive
1169 3567 1494 3633 scribamus,
1525 3567 1641 3623 sive
1692 3567 1851 3623 silea-

255 3670 397 3720 mus,
429 3655 568 3713 idcm
607 3658 674 3714 de
705 3669 888 3715 nostra
912 3675 1038 3729 erga
1069 3675 1165 3715 vos
1192 3659 1563 3716 benevolentia
1587 3660 1847 3731 judicium

257 3745 521 3815 habeatis,
553 3749 681 3806 illud
710 3751 982 3808 vobiscum
1005 3761 1336 3823 reputantes,
1362 3752 1711 3809 diuturnioris
1739 3753 1850 3823 ple-

255 3853 482 3909 rumque
521 3840 715 3897 silentii
741 3844 907 3899 nostri
935 3859 1151 3900 causam
1181 3845 1281 3901 loci
1309 3846 1484 3918 potius
1505 3846 1847 3901 solitudinem

254 3941 377 3983 esse
394 3969 410 3995 ,
438 3944 595 3997 quam
625 3932 1021 4005 negligentiam.

447 4020 574 4079 A’X.
605 4023 851 4095 Agapelo.
885 4024 1115 4094 (Scripta
1145 4027 1336 4084 Cucusi
1364 4044 1505 4082 anno
1526 4026 1677 4100 404.)

328 4112 604 4168 Siueerum
622 4124 780 4184 atque
797 4117 1095 4184 ardentem,
1116 4119 1329 4189 lucique
1357 4128 1655 4188 expertem,
1674 4134 1736 4173 ac
1752 4134 1849 4189 pu-

256 4217 374 4257 rum
391 4219 630 4263 amorem
645 4214 791 4260 tuum
811 4219 1147 4278 perspectum
1168 4210 1340 4265 habeo
1359 4228 1371 4262 :
1387 4210 1636 4281 quodque
1653 4226 1850 4267 occuc-

253 4293 522 4363 gotiorum
552 4294 725 4361 turba,
751 4312 849 4351 nec
866 4297 1122 4370 temporis
1139 4299 1505 4368 diuturnitate,
1525 4316 1626 4358 nec
1644 4303 1849 4360 itineris

258 4382 643 4454 longinquitate
666 4385 932 4444 debilitari
959 4389 1163 4458 possit;
1194 4390 1306 4446 scio
1334 4391 1461 4446 item
1485 4407 1641 4462 quam
1664 4394 1848 4464 cupias

254 4476 424 4529 oculis
466 4490 564 4531 nos
601 4492 860 4545 cernere,
890 4494 1289 4552 congressuque
1327 4493 1512 4540 nostro
1541 4484 1665 4541 frui.
1700 4487 1846 4553 Quo-

256 4568 398 4621 niam
421 4578 599 4636 autem
629 4586 788 4639 nunc,
824 4582 933 4628 tum
966 4574 1034 4631 ob
1060 4573 1269 4632 itineris
1297 4577 1708 4648 longitudinem,
1735 4589 1845 4636 tum

251 4658 472 4714 tibillml
515 4670 758 4733 tempus,
792 4674 901 4721 tum
930 4666 1001 4722 ob
1039 4665 1346 4726 Isaurorum
1386 4681 1625 4742 metum,
1665 4673 1717 4729 id
1757 4675 1845 4729 vix

254 4750 368 4804 fieri
414 4762 621 4820 potest,
653 4755 719 4809 da
758 4771 976 4826 operam
1001 4801 1014 4823 ,
1045 4767 1102 4813 ut
1126 4774 1243 4816 eam
1269 4778 1426 4833 quam
1455 4763 1624 4819 litera:
1651 4766 1847 4822 afferre

251 4841 429 4896 solent
454 4842 865 4902 oblectationem
900 4851 1052 4906 nobis
1100 4854 1375 4922 przebeas,
1409 4856 1637 4912 subinde
1662 4859 1729 4914 de
1756 4868 1842 4914 tua

250 4932 520 5002 totiusque
550 4934 739 4993 donius
764 4948 866 4993 tute
889 4943 1194 5001 valetudine
1215 4947 1476 5002 certiores
1499 4963 1596 5004 nos
1618 4948 1840 5006 faciens.

246 5022 383 5078 liam
411 5026 454 5078 si
495 5023 801 5095 hujusmodi
848 5030 1029 5088 literas
1065 5050 1097 5091 a
1128 5045 1178 5089 te
1206 5037 1399 5091 crebro
1440 5043 1842 5110 acceperimus,

250 5129 357 5170 non
387 5116 680 5188 vulgarem,
710 5122 869 5179 etiam
897 5126 948 5179 in
970 5128 1258 5185 solitudine
1287 5130 1563 5201 degentes,
1591 5138 1842 5189 consola-

251 5208 450 5262 tionem
494 5211 785 5280 capiemus.
826 5215 1009 5287 Neque
1040 5220 1184 5278 enim
1230 5221 1478 5292 ignoras,
1508 5224 1724 5290 domine
1747 5228 1844 5293 Ini,

247 5315 592 5371 summopere
621 5309 921 5365 venerande
947 5319 1109 5382 atque
1136 5313 1448 5372 admirando
1468 5358 1483 5383 ,
1511 5328 1712 5388 quanto
1740 5337 1834 5375 no-

248 5391 332 5450 bis
356 5393 532 5451 studio
561 5407 722 5466 atque
751 5415 895 5454 cura:
925 5404 994 5456 sit
1023 5403 1273 5461 valetudo
1302 5415 1409 5462 tua.

564 5489 725 5546 XXI.
757 5494 963 5561 Alphio.
1005 5495 1187 5566 (Anno
1228 5499 1363 5555 forte
1390 5502 1538 5574 403.)

302 5576 380 5637 Te
399 5579 611 5635 beatum
630 5597 693 5636 ac
710 5591 789 5640 ter
806 5585 1040 5649 beatum.
1061 5596 1219 5660 atque
1235 5593 1394 5648 etiam
1411 5596 1607 5665 smpius
1624 5597 1836 5655 beatum

310 5692 767 5780 {afﬂigang
799 5702 1089 5780 glareianum
1132 5713 1183 5757 et
1227 5710 1552 5780 Marcellinum
1589 5718 1839 5780 castigavi-

373 5754 769 5873 ῗριιιξίιῗξὲιηίυω
799 5770 923 5825 Mss,
951 5754 1569 5836 quorum-ope—Edit-os'iioit

587 5858 593 5867 .
634 5854 649 5874 ς

1030 330 1089 383 S.
1128 323 1405 382 IOANNIS
1443 303 1915 374 CllRYSOSTUMl
1954 300 2269 360 AllClIlEP.
2310 299 2838 360 CONSTANTIXOP.

3438 295 3540 351 61'.
3557 275 3570 355 ί

1948 417 2038 490 qui
2051 413 2313 489 ejusmodi
2332 428 2416 469 res
2428 412 2783 482 eflicis,atque
2798 404 3058 479 ejusmodi
3072 404 3295 477 negotiis
3307 404 3542 461 animum

1943 508 2274 579 adjicis,quze
2288 506 2555 576 ingentem
2571 504 2623 557 in
2637 501 2781 558 cadis
2796 500 3102 555 thesaurum
3118 496 3211 553 tibi
3226 494 3542 551 recondunt.

1945 599 2128 670 Neque
2158 598 2300 653 enim
2321 595 2611 666 vulgariter
2627 593 2861 648 animum
2889 598 3130 646 nostrum
3150 587 3391 651 erexisti,
3422 602 3546 643 eum

1858 702 1861 705 '
1944 691 2012 747 de
2041 690 2259 747 domino
2287 698 2471 744 nostro
2487 686 2695 743 Joanne
2711 682 3026 755 presbytero
3048 679 3202 736 nobis
3228 679 3357 736 illud
3379 694 3547 749 expo-

1945 782 2120 852 suisti,
2150 791 2201 838 te
2222 782 2447 837 multum
2474 792 2657 850 opera:
2678 775 3007 840 adhibuisse,
3030 781 3088 829 ut
3109 787 3231 829 eum
3255 771 3542 837 excitares,

1948 887 2110 950 atque
2152 877 2204 931 in
2236 872 2568 930 Phteniciam
2617 870 2876 925 mitteres.
2921 865 3075 935 Quod
3124 872 3303 919 autem
3350 878 3542 917 aurum

1948 983 2162 1038 quoque
2205 966 2304 1037 ipsi
2343 963 2577 1028 dedisti,
2607 974 2929 1032 quamquam
2972 966 3026 1012 tu
3068 970 3167 1027 pro
3204 962 3399 1010 caetera
3453 961 3544 1006 tua

1947 1061 2146 1135 pietate
2173 1059 2277 1114 hoc
2303 1055 2584 1120 reticuisti,
2620 1052 2839 1107 minime
2867 1060 3045 1105 tamen
3089 1048 3140 1102 id
3166 1045 3322 1101 nobis
3347 1045 3546 1100 obscu-

1950 1168 2069 1207 rum
2099 1151 2197 1205 fuit
2240 1169 2252 1203 :
2296 1164 2423 1203 nam
2471 1148 2522 1201 id
2564 1146 2725 1202 etiam
2767 1151 3102 1212 compertum
3131 1139 3453 1199 habuimus.
3483 1152 3548 1192 ac

1950 1243 2322 1299 liberalitatem
2354 1256 2471 1296 eam
2502 1253 2602 1311 qua
2630 1251 2758 1292 usus
2783 1251 2861 1291 es.
2893 1233 2973 1290 Ob
2999 1248 3225 1303 eamque
3250 1245 3465 1287 causam
3496 1238 3549 1285 te

1953 1333 2206 1390 admirari
2234 1348 2297 1403 ac
2323 1331 2565 1386 laudibus
2595 1329 2646 1383 in
2676 1329 2865 1385 caelum
2906 1325 3046 1381 ferre
3083 1340 3188 1380 non
3219 1322 3546 1387 desinimus,

1953 1425 2096 1499 quod
2128 1425 2180 1480 in
2210 1424 2292 1480 his
2331 1424 2494 1480 rebus
2538 1421 2691 1477 dives
2733 1420 2808 1476 sis
2849 1419 2901 1473 in
2942 1416 3135 1489 quibus
3175 1414 3393 1471 divitem
3423 1427 3547 1468 esse

1952 1517 2222 1582 convenit,
2257 1524 2413 1586 teque
2443 1513 2809 1578 obsecramus,
2832 1520 2889 1565 ut
2919 1508 3114 1564 crebro
3139 1507 3206 1562 ad
3234 1520 3332 1561 nos
3362 1505 3549 1560 literas

1952 1609 2069 1666 des.
2103 1609 2236 1666 Nam
2277 1609 2325 1664 si
2368 1608 2484 1664 fieri
2532 1614 2747 1678 posset,
2781 1613 2840 1659 ut
2868 1603 3038 1657 oculis
3069 1610 3120 1656 te
3157 1613 3505 1656 eerneremus
3529 1638 3546 1663 ,

1957 1719 2150 1776 magno
2172 1703 2224 1759 id
2246 1717 2376 1759 sane
2396 1712 2719 1758 emcremus.
2743 1697 3004 1766 Quoniam
3032 1702 3210 1750 autem
3236 1694 3288 1748 id
3312 1690 3548 1750 nondum

1955 1795 2099 1863 licet,
2130 1793 2236 1862 fac,
2264 1808 2446 1865 quaeso
2467 1834 2481 1859 ,
2513 1790 2738 1849 subinde
2763 1790 2831 1844 ad
2861 1803 2961 1843 nos
2990 1786 3195 1843 scribas
3215 1828 3231 1853 ,
3263 1800 3326 1842 ac
3350 1784 3419 1840 de
3461 1794 3552 1839 tua

1955 1887 2226 1956 totiusque
2252 1886 2444 1942 domus
2471 1893 2577 1941 tua:
2604 1882 2915 1939 valetudine
2940 1880 3201 1937 certiores
3230 1892 3331 1934 nos
3360 1876 3548 1932 facias.

1952 1976 2140 2048 Neque
2171 1977 2314 2034 enim
2349 1978 2465 2033 leve
2494 1976 2745 2032 solatium
2782 1975 3057 2044 capiemus
3095 1971 3212 2026 haec
3245 1971 3549 2025 audientes.

1954 2069 2089 2125 Cum
2123 2068 2300 2142 igitur,
2331 2084 2492 2140 quam
2517 2068 2670 2125 nobis
2696 2076 2905 2139 gratum
2938 2066 3175 2121 facturus
3196 2064 3292 2129 sis,
3326 2064 3553 2120 minime

1922 2184 1925 2187 ·
1960 2163 2195 2233 ignores,
2226 2177 2293 2218 ne
2313 2162 2638 2228 committas,
2671 2170 2729 2217 ut
2753 2168 2899 2216 tanta
2928 2159 3110 2215 laetitia
3139 2173 3443 2214 careamus.

1953 2253 2147 2308 XXII.
2179 2254 2328 2311 Casta
2346 2296 2359 2319 ,
2398 2253 2621 2320 Valerio,
2649 2251 2969 2325 Diaplzanto,
2999 2249 3246 2323 ϐυτ-ἔσω,
3273 2249 3559 2306 Antiochia:

2295 2347 2619 2420 presbyteris.
2654 2343 2883 2420 (Cucuso
2904 2360 3047 2400 anno
3073 2340 3220 2415 405.)

2023 2438 2178 2507 Quod
2198 2440 2410 2511 longam
2452 2448 2687 2494 nostram
2708 2437 2988 2508 epistolam
3034 2437 3249 2492 brevem
3286 2434 3554 2503 dixeritis,

1954 2529 2094 2587 haud
2111 2531 2356 2602 equidem
2382 2530 2567 2586 miror.
2589 2529 2663 2585 Ea
2684 2529 2827 2586 enim
2857 2529 3150 2584 amantium
3170 2536 3356 2583 natura
3374 2538 3476 2594 est,
3497 2537 3558 2583 ut

1953 2620 2253 2677 satietatem
2272 2622 2896 2693 nesciant,necumquam
2911 2620 3109 2692 expleri
3127 2619 3334 2693 possint
3347 2636 3555 2676 :veruut

1953 2729 2060 2783 quo
2088 2715 2238 2786 plura
2258 2715 2326 2770 ab
2357 2715 2421 2771 iis
2443 2729 2577 2786 quos
2605 2724 2785 2769 amant
2811 2712 3137 2787 acceperint,
3157 2727 3221 2767 eo
3243 2711 3393 2783 plura
3421 2727 3553 2768 con-

1952 2809 2250 2878 cupiscant.
2283 2807 2364 2864 Ob
2384 2823 2608 2879 eamque
2624 2823 2839 2862 causam
2861 2806 3071 2861 etiamsi
3101 2804 3327 2875 decuplo
3358 2804 3552 2874 major,

1956 2915 2116 2969 quam
2146 2900 2311 2971 prior,
2342 2900 2406 2955 ad
2430 2915 2527 2956 vos
2556 2901 2782 2971 epistola
2812 2898 3069 2964 venisset,
3103 2913 3173 2952 ne
3217 2897 3306 2951 illa
3335 2896 3553 2967 quidem

1959 2989 2237 3046 brevitatis
2269 2990 2585 3047 vocabulum
2622 2989 2899 3061 effugisset
2933 3006 2946 3045 :
2980 3003 3167 3044 verum
3200 2988 3313 3057 ipsa
3341 3002 3554 3058 quoque

1954 3097 2120 3155 parva
2149 3094 2337 3139 vocata
2371 3083 2594 3151 fuisset,
2624 3083 2734 3139 imo
2763 3098 2869 3138 non
2896 3088 3087 3138 vocata
3111 3080 3423 3148 dumtaxat,
3454 3080 3553 3136 sed

1954 3175 2117 3231 etiam
2164 3190 2324 3246 parva
2378 3175 2558 3230 habita
2606 3175 2816 3230 fuisset.
2863 3172 3017 3243 Quod
3064 3172 3225 3228 etiam
3273 3171 3405 3227 mihi
3453 3187 3553 3227 usu

1954 3267 2104 3323 venit
2134 3284 2148 3323 :
2178 3283 2302 3323 nam
2333 3267 2400 3323 ad
2423 3282 2814 3340 quemcumque
2838 3267 3040 3322 ameris
3061 3281 3186 3338 erga
3207 3279 3307 3320 nos
3326 3264 3552 3336 gradum

1956 3361 2350 3430 perveneritis,
2407 3376 2474 3417 eo
2520 3360 2741 3416 minime
2792 3360 3030 3417 contenti
3075 3374 3262 3416 sumus
3307 3376 3322 3413 :
3365 3374 3555 3414 verum

1955 3455 2156 3510 amoris
2204 3455 2530 3511 incrementa
2574 3469 2790 3525 semper
2832 3455 3179 3525 expetimus,
3207 3452 3555 3522 earitatisque

1956 3545 2220 3612 debitum,
2264 3546 2408 3616 quod
2437 3546 2649 3602 etiamsi
2674 3561 2890 3617 semper
2920 3544 3193 3612 solvatur,
3219 3558 3438 3614 semper
3467 3551 3553 3597 ta-

1955 3654 2079 3694 men
2111 3638 2336 3695 debetur
2367 3638 2610 3712 (Nemini
2650 3638 2793 3694 enim
2819 3680 2834 3704 ,
2885 3639 3057 3707 inquit
3103 3638 3231 3704 ille,
3277 3635 3555 3706 quidquam

1955 3733 2195 3800 debeatis,
2227 3734 2401 3790 nisiut
2428 3734 2641 3789 invicem
2674 3733 2898 3804 diligatis
2926 3730 3101 3806 [Rom.
3126 3732 3207 3787 15.
3233 3730 3338 3803 8]),
3371 3730 3554 3800 (ιυοιί-

1956 3823 2042 3880 die
2067 3839 2098 3881 a
2127 3824 2276 3881 vobis
2301 3823 2674 3896 efflagitamus,
2706 3840 2921 3891 semper
2949 3823 3162 3895 quidem
3195 3822 3322 3878 illud
3351 3821 3552 3877 affatim

1955 3915 2284 3986 accipientes
2309 3957 2323 3981 ,
2362 3932 2463 3972 nec
2494 3926 2673 3971 tamen
2716 3930 2814 3970 nos
2844 3916 2971 3969 illud
3004 3930 3257 3985 umquam
3296 3914 3441 3970 omni
3485 3930 3552 3971 ex

1957 4017 2109 4077 parte
2147 4008 2420 4078 accepisse
2450 4008 2794 4064 arbitrantes.
2828 4007 2907 4063 Ne
2932 4050 2945 4074 ,
2976 4023 3158 4077 qua-so
3185 4049 3200 4074 ,
3236 4009 3552 4077 praeclarum

1957 4098 2059 4152 hoc
2084 4097 2348 4165 debitum,
2380 4098 2758 4169 duplicemque
2788 4100 3114 4169 voluptatem
3145 4098 3369 4165 habens,
3394 4098 3549 4151 uolnis

1955 4189 2262 4259 persolvere
2293 4190 2572 4245 desinatis.
2603 4188 2736 4244 Nam
2788 4200 2841 4243 et
2880 4190 2969 4257 qui
3027 4189 3356 4259 persolvunt,
3384 4197 3437 4242 et
3459 4188 3550 4258 qui

1954 4279 2261 4347 accipiunt,
2300 4295 2482 4349 parem
2507 4281 2833 4352 voluptatem
2873 4288 3273 4350 consequuntur
3305 4297 3319 4334 :
3351 4280 3550 4350 quippe

1952 4381 2075 4427 cum
2100 4370 2310 4441 utrique
2355 4387 2450 4442 per
2477 4370 2784 4441 hujusmodi
2836 4372 3155 4427 solutionem
3194 4386 3349 4441 atque
3403 4370 3553 4425 loeu-

1956 4462 2244 4533 plctcntur.
2273 4462 2426 4531 Quod
2454 4464 2670 4534 quidem
2692 4464 2744 4519 in
2765 4464 3003 4534 pecuniis
3032 4463 3146 4517 fieri
3170 4462 3352 4533 nequit
3376 4480 3390 4516 :
3425 4478 3548 4516 nam

1954 4552 2044 4623 qui
2076 4554 2349 4623 persolvit,
2382 4555 2624 4625 egentior
2657 4554 2780 4609 hinc
2810 4554 3074 4619 efﬁcitur;
3110 4555 3153 4609 is
3196 4563 3383 4609 eontra
3413 4594 3429 4619 ,
3460 4553 3551 4622 qui

1952 4644 2181 4714 accepit,
2214 4645 2500 4713 cepiosior.
2534 4645 2603 4700 At
2646 4646 2697 4700 in
2730 4647 2968 4701 caritatis
3007 4654 3286 4700 eontracm
3318 4643 3420 4698 hoc
3450 4658 3551 4699 usu

1952 4735 2136 4790 venire
2180 4737 2399 4791 minime
2428 4737 2586 4793 solet.
2618 4737 2801 4809 Neque
2829 4738 2973 4793 enim
3005 4753 3128 4792 cum
3171 4738 3260 4806 qui
3292 4736 3551 4807 persolvit

1952 4824 2164 4882 inanem
2193 4842 2257 4881 ac
2279 4843 2505 4883 vacuum
2534 4828 2785 4899 relinquit
2810 4845 2824 4895 ;
2856 4828 2907 4883 id
2937 4827 3075 4899 quod
3109 4828 3332 4897 pecunia
3362 4826 3546 4891 efficit,

1949 4930 2072 4972 cum
2102 4918 2168 4973 ad
2195 4919 2542 4989 accipientem
2580 4921 2810 4991 migrat;
2842 4921 2969 4991 quin
3011 4921 3190 4991 potius
3221 4921 3395 4991 ipsum
3436 4928 3549 4974 tum

1951 5010 2166 5066 demum
2214 5012 2615 5081 locupletiorem
2666 5014 2877 5079 reddit,
2926 5030 3046 5069 cum
3100 5029 3219 5068 eam
3272 5013 3542 5084 persolvit.

1952 5102 2079 5159 llaec
2131 5104 2288 5175 igitur
2336 5121 2457 5160 cum
2497 5105 2679 5162 sciatis
2704 5148 2719 5173 ,
2762 5107 3190 5177 prmstantissimi
3231 5122 3294 5161 ac
3324 5105 3551 5175 piissimi

1951 5192 2154 5248 domini
2186 5195 2311 5257 mei,
2346 5212 2412 5252 ne
2446 5212 2699 5267 umquam
2728 5198 3008 5254 florentem
3048 5214 3174 5269 erga
3203 5211 3289 5253 me
3318 5192 3552 5253 benevo-

1951 5286 2165 5341 lentiam
2197 5287 2453 5344 exhibere
2484 5290 2797 5346 intermitte.
2840 5290 2971 5345 Nam
3000 5291 3099 5345 etsi
3133 5299 3189 5344 ut
3236 5289 3287 5344 id
3320 5289 3547 5354 faciatis,

1952 5378 2084 5451 nihil
2116 5388 2297 5434 nostra
2343 5380 2716 5438 cohortatione
2761 5382 3010 5453 indigetis
3041 5399 3058 5440 :
3094 5392 3267 5436 tamen
3296 5382 3548 5452 quoniam

1950 5482 2049 5523 vos
2079 5473 2330 5539 apprime
2377 5487 2642 5540 amamus,
2691 5482 2972 5545 propterea
3004 5489 3119 5540 vos,
3148 5473 3308 5528 etiam
3342 5473 3386 5527 si
3419 5472 3547 5526 nihil

1953 5574 2175 5616 necesse
2205 5562 2293 5627 sit,
2342 5563 2718 5630 admonemus,
2746 5574 2804 5619 ut
2855 5579 3000 5637 smpe
3032 5566 3099 5618 ad
3130 5579 3228 5620 nos
3269 5564 3542 5631 scribatis,

1950 5660 2111 5722 atque
2156 5669 2263 5723 quo
2307 5665 2443 5709 statu
2500 5658 2752 5722 valetudo
2801 5670 2976 5711 vestra
3041 5658 3152 5721 sit,
3213 5656 3542 5727 significetis.

1951 5746 2203 5810 Quamvis
2226 5749 2369 5803 enim
2403 5750 2533 5804 nihil
2562 5750 2627 5804 ad
2656 5766 2772 5804 eam
2805 5767 2919 5806 rent
2951 5751 3216 5805 [nonitorc
3246 5749 3394 5805 vobis
3413 5762 3546 5817 opus

1952 5842 2040 5907 sit,
2073 5848 2122 5896 at
2156 5854 2252 5896 nos
2284 5850 2461 5902 tamen
2489 5841 2538 5899 id
2584 5858 2816 5916 quoque,
2853 5843 2971 5916 quia
3002 5842 3345 5901 vehementer
3372 5857 3529 5914 capo-
