3906 6370
260 378 361 432 625

253 495 493 552 ’ἐπελθὼν
520 497 548 549 ὁ
572 496 778 564 χειμὼν
803 494 1109 563 λυμήνηται
1146 494 1274 563 ἡμῖν
1305 493 1399 545 τοῦ
1439 493 1708 564 στομάχου
1740 491 1840 565 τὴν

259 588 534 644 ἀσθένειαν
557 604 570 617 ³
603 588 697 640 καὶ
739 584 849 639 τῶν
883 585 1142 657 ἰσαύρων
1169 586 1375 652 ἕνεκεν,
1408 587 1465 638 ἐν
1505 585 1669 656 πολλῇ
1710 585 1844 640 καθ-

259 678 561 749 ιστήκαμεν
593 675 883 748 ἀσφαλείᾳ.

808 766 928 822 IU'.
958 769 1271 836 Καρτερία.

320 855 440 911 Κᾶν
498 856 779 922 πολλάκις,
830 856 933 912 κᾶν
985 857 1230 927 ὀλιγάκις
1284 858 1630 932 ἐπιστείλῃς,
1684 862 1845 930 ἡμεῖς

252 950 427 1022 ἤνπερ
454 951 515 1015 ἐξ
547 949 724 1021 ἀρχῆς
753 949 951 1021 ἔχομεν
981 949 1160 1021 ψῆφον
1203 952 1330 1022 περὶ
1369 954 1469 1022 τῆς
1494 953 1716 1022 ἀγάπης
1747 953 1848 1023 τῆς

254 1046 373 1114 σῆς,
410 1044 617 1115 ταύτην
654 1044 912 1113 ἀκίνητον
972 1043 1356 1116 διατηροῦμεν.
1383 1046 1570 1116 Ἱσμεν
1606 1046 1716 1117 γὰρ
1764 1045 1847 1100 ὅτι

254 1135 346 1188 καὶ
377 1135 664 1206 γράφουσα
699 1134 793 1188 καὶ
830 1133 1040 1202 σιγῶσα
1067 1134 1268 1204 ὁμοίως
1299 1136 1428 1206 περὶ
1466 1137 1612 1207 ἡμᾶς
1643 1135 1848 1190 διακεῖ-

214 1223 220 1229 ’
253 1224 370 1279 σθαι
397 1224 763 1289 ἐσπούδακας.
797 1226 858 1279 Ὁ
881 1225 1010 1290 Θεός
1040 1242 1124 1279 σοι
1149 1227 1412 1299 ταχίστην
1444 1227 1715 1300 παράσχοι
1748 1228 1848 1300 τὴν

252 1317 460 1385 ὑγείαν,
493 1316 588 1370 καὶ
624 1317 807 1388 πάσης
846 1317 1174 1386 ἀπαλλάξειε
1210 1318 1544 1390 ἀρρωστίας.
1589 1319 1700 1373 Καὶ
1740 1320 1849 1392 γάρ

250 1409 345 1479 οὐχ
381 1408 457 1471 ὡς
503 1406 693 1478 ἔτυχεν
726 1408 783 1460 ἐν
817 1409 1057 1480 φροντίδι
1100 1408 1537 1481 καθεστήκαμεν
1583 1412 1711 1482 περὶ
1748 1412 1848 1483 τῆς

250 1500 560 1572 ἀρρωστίας
586 1500 685 1569 τῆς
718 1500 816 1570 σῆς
850 1499 1158 1579 ἀκούοντες.
1215 1501 1307 1555 Διὸ
1354 1504 1449 1556 καὶ
1496 1502 1847 1574 παρακαλοῦ-

254 1595 348 1663 μέν
378 1591 531 1664 [606]
576 1609 669 1645 σου
701 1591 797 1662 τὴν
833 1592 1151 1664 ἐμμέλειαν,
1183 1593 1344 1664 ἡνίκα
1375 1593 1440 1648 ἂν
1477 1595 1571 1668 ἐξῇ
1606 1597 1848 1667 συνεχῶς

251 1685 376 1755 ἡμῖν
409 1684 609 1755 δηλοῦν
654 1683 725 1737 τά
770 1685 900 1754 περὶ
949 1684 1047 1755 τῆς
1085 1685 1304 1756 ῥώσεως
1347 1686 1449 1756 τῆς
1495 1687 1616 1757 σῆς,
1659 1690 1755 1742 καὶ
1798 1689 1853 1741 εἴ

248 1794 365 1829 τινα
398 1776 538 1847 πρδς
571 1775 633 1829 τὸ
680 1775 885 1846 βέλτιον
925 1776 1166 1830 ἐπίδοσιν
1209 1777 1370 1831 ἔλαϐέ
1416 1796 1510 1832 σου
1554 1779 1614 1833 τὺ
1664 1780 1842 1851 σῶμα.

250 1864 413 1922 Οἶσθα
443 1869 555 1939 γὰρ
586 1869 677 1921 καὶ
713 1869 830 1931 πῶς
862 1869 1136 1942 ἀλγοῦμεν
1168 1870 1457 1936 ἀκούοντές
1490 1889 1549 1925 σε
1574 1874 1632 1926 ἐν
1663 1874 1847 1946 ἀρρω-

250 1961 369 2031 στίᾳ
401 1957 567 2025 εἶναι,
596 1960 690 2015 καὶ
734 1961 853 2025 πῶς
899 1962 1322 2035 εὐφραινόμεθα,
1362 1965 1455 2018 καὶ
1502 1966 1848 2037 πτερούμεθα

249 2053 350 2107 ὑπὸ
400 2054 505 2124 τῆς
557 2056 770 2125 ἡδονῆς,
824 2056 1044 2111 ἐπειδάν
1104 2058 1427 2131 ἀκούσωμεν
1475 2061 1532 2114 ἐν
1578 2062 1733 2134 ὑγεία
1783 2079 1842 2115 σε

250 2144 594 2199 καθεστάναι.
627 2145 794 2200 Ταῦτ’
823 2143 917 2200 οῦν
949 2148 1140 2212 είδυῖα,
1170 2149 1335 2221 κυρία
1366 2166 1467 2220 μου
1493 2151 1843 2223 κοσμιωτάτη

249 2236 338 2292 καὶ
362 2238 751 2308 εὐγενεστάτη,
781 2239 968 2304 ὁσάκις
1010 2240 1077 2295 ἂν
1114 2240 1336 2295 δυνατὸν
1367 2238 1424 2315 ᾖ,
1453 2244 1686 2314 γράφειν
1709 2247 1845 2317 ἡμῖν

252 2327 323 2401 μὴ
348 2330 624 2397 κατόκνει,
646 2332 740 2384 καὶ¹
766 2330 959 2402 δηλοῦν
980 2332 1049 2386 τὰ
1072 2332 1201 2403 περὶ
1224 2334 1323 2404 τῆς
1353 2333 1573 2405 ῥώσεως
1597 2339 1697 2407 τῆς
1722 2338 1839 2408 σῆς.

246 2421 318 2474 ω
350 2422 457 2494 γὰρ
512 2422 616 2495 τὴν
660 2424 930 2493 τυχοῦσαν
974 2424 1106 2495 ἡμῖν
1155 2427 1323 2496 χαριῇ
1365 2425 1550 2496 χάριν,
1587 2427 1845 2493 τοιαύτας

251 2513 542 2584 πέμπουσα
578 2515 610 2584 ἡ
622 2516 712 2585 μίν
746 2514 1058 2579 ἐπιστολάς.

511 2609 626 2662 ΙΘ’.
658 2606 981 2676 Priapum-(,3
1013 2609 1110 2662 καὶ
1146 2609 1562 2678 Μαρκελλίνῳ.

325 2696 691 2769 Ἐϐουλόμεθα
710 2699 809 2768 μὲν
838 2699 984 2769 ὑμᾶς
1017 2699 1279 2771 σφοδροὺς
1308 2702 1464 2771 ἡμῶν
1482 2701 1641 2766 ὄντας
1671 2703 1845 2768 οὑτως

249 2790 497 2860 ἐραστὰς,
528 2791 625 2844 καὶ
654 2791 927 2863 παρόντας
957 2792 1105 2846 ίδεῖν.
1142 2792 1300 2845 Ἀλλά
1326 2793 1517 2864 ἐπειδὴ
1552 2792 1710 2848 τοῦτο
1742 2796 1843 2850 οὐκ

249 2883 321 2937 ενι
351 2884 430 2954 (τό
459 2901 522 2937 τε
564 2883 673 2956 γὰρ
714 2884 814 2954 τῆς
855 2884 975 2938 ὁδοῦ
1030 2886 1222 2956 μῆκος,
1256 2887 1292 2956 ἤ
1336 2903 1394 2939 τε
1434 2886 1527 2940 τοῦ
1574 2886 1843 2959 χειμῶνος

249 2970 379 3044 ὥρα,
409 2975 503 3028 καὶ
536 2976 566 3026 ὁ
592 2973 700 3027 τῶν
733 2974 947 3047 λῃστῶν
980 2975 1142 3044 φόϐος
1189 2976 1347 3031 ίκανά
1388 2977 1709 3049 διατειχίσαι
1742 2980 1842 3052 τὴν

249 3065 593 3137 ἀποδημίαν),
644 3067 769 3129 τοὺς
819 3065 950 3135 γοῦν
992 3068 1060 3121 τά
1105 3069 1408 3140 γράμματα
1454 3070 1777 3141 κομίζοντας
1812 3086 1839 3115 ιι

250 3160 370 3228 παρ’
420 3158 583 3230 ἡμῶν
629 3158 766 3229 πρὸς
820 3159 966 3230 ὑμᾶς
1029 3160 1403 3233 ἐπιθυμοῦμεν
1457 3165 1841 3237 συνεχέστερον

248 3252 370 3320 ἡμῖν
408 3249 852 3322 περιτυγχάνειν,
882 3248 1023 3303 ὥστε
1074 3251 1333 3306 δύνασθαι
1389 3254 1527 3324 μετὰ
1562 3254 1840 3325 δαψιλείας

250 3342 523 3414 πληρῶσαι
561 3341 659 3413 τὴν
692 3341 989 3413 ἐπιθυμίαν
1016 3342 1115 3415 τὴν
1152 3345 1444 3417 ἡμετέραν.
1484 3346 1622 3400 Ἀλλ’
1652 3349 1840 3420 ἐπειδὴ

249 3433 522 3487 καὶτοῦτο
559 3433 849 3505 παρείλετο
891 3435 1037 3505 ἡμᾶς
1081 3437 1114 3507 ή
1159 3436 1363 3508 ἐρημία
1397 3437 1494 3491 τοῦ
1539 3440 1737 3510 χωρίου
1782 3442 1841 3494 ἐν

246 3517 286 3590 ᾧ
315 3524 685 3595 διατρίϐομεν,
731 3523 827 3577 καὶ
874 3525 935 3578 τὸ
984 3526 1189 3596 σφόδρα
1236 3512 1366 3581 αὐτὸ
1406 3529 1717 3600 ἀπῳκίσθαι
1742 3531 1841 3602 τῆς

247 3614 497 3687 δημοσίας
561 3617 715 3681 όδοῦ,
770 3616 1104 3688 παρακαλῶ,
1148 3618 1213 3672 ἂν
1262 3618 1337 3692 μὴ
1390 3620 1628 3691 συνεχῶς
1683 3621 1840 3676 τοῦτο

249 3709 505 3780 ποιῶμεν,
563 3708 894 3782 συγγνώμην
945 3713 1078 3782 ἡμῖν
1124 3710 1330 3782 νέμειν,
1382 3714 1476 3766 καὶ
1518 3712 1838 3784 γραφόντων

249 3801 393 3871 ἡμῶν
421 3807 518 3858 καὶ
556 3802 856 3872 σιγώντων,
885 3805 982 3875 τὴν
1015 3803 1182 3875 αὐτὴν
1221 3803 1364 3876 ἔχειν
1412 3807 1538 3874 περὶ
1566 3805 1666 3876 τῆς
1696 3806 1835 3876 ἀγά-

251 3911 349 3964 πης
373 3898 470 3969 τῆς
497 3898 779 3970 ἡμετέρας
806 3897 1005 3969 ψῆφον,
1029 3896 1412 3968 λογιζομένους
1438 3897 1520 3950 ὅτι
1551 3898 1648 3968 τὴν
1678 3898 1837 3970 σιγὴν

249 3987 369 4057 ἡμῖν
397 3991 658 4054 πολλάκις
703 3992 1045 4062 μακροτέραν
1077 3993 1110 4062 ἡ
1156 3988 1360 4062 ἐρημία
1393 3989 1484 4044 τοῦ
1524 3991 1710 4056 τόπου,
1736 3993 1837 4065 οὐχ

250 4082 281 4152 ἡ
306 4082 393 4136 τοῦ
422 4084 627 4157 τρόπου
661 4083 905 4156 ῥᾳθυμία
937 4082 1253 4156 ἐργάζεται.

810 4176 894 4230 K’.
938 4177 996 4231 ’A
1004 4192 1162 4246 γαπη
1176 4174 1272 4242 τῷ.

314 4268 440 4325 Οἶδά
481 4288 580 4326 σου
637 4271 736 4342 τὴν
766 4271 986 4342 ἀγάπην
1028 4268 1126 4341 τὴν
1165 4268 1400 4340 γνησίαν
1454 4269 1549 4323 καὶ
1599 4268 1829 4341 θερμὴν,

249 4361 336 4433 τὴν
360 4364 546 4419 ἄδολον
583 4366 676 4419 καὶ
705 4363 994 4437 εἰλικρινῆ,
1014 4364 1109 4417 καὶ
1143 4366 1269 4418 οὔτε
1293 4363 1636 4436 πραγμάτων
1662 4363 1828 4435 ὄχλῳ,

249 4453 361 4508 οὐτε
386 4457 583 4526 χρόνου
618 4455 845 4527 πλήθει,
874 4454 1001 4508 οὑτε
1040 4454 1159 4508 ὁδοῦ
1193 4455 1359 4526 μήκει
1394 4452 1826 4525 μαραινομένηνο

249 4540 356 4599 οἶδα
383 4549 473 4601 καί
494 4549 646 4611 ὅπως
674 4548 961 4620 ἐπιθυμεῖς
982 4548 1076 4602 καὶ
1092 4546 1315 4617 αὐτοψεὶ
1331 4548 1480 4618 ἡμᾶς
1505 4544 1829 4617 θεάσασθαι,

252 4640 338 4692 καὶ
363 4639 460 4710 τῆς
487 4640 632 4693 κατὰ
661 4639 952 4711 πρόσωπον
980 4636 1285 4711 ἀπολαῦσαι
1335 4638 1642 4701 συνουσίας.
1688 4637 1828 4691 Ἀλλ’

252 4725 429 4800 ἐπειδὴ
454 4727 614 4781 τοῦτο
634 4728 734 4799 ἠδη
774 4727 1011 4798 ἐργῶδες
1034 4729 1084 4793 δ,
1103 4728 1198 4781 καὶ
1223 4726 1312 4781 διὰ
1335 4727 1397 4781 τδ
1428 4728 1526 4802 τῆς
1558 4725 1678 4781 ὁδοῦ
1718 4727 1827 4799 μῆ“

252 4834 358 4882 κος,
385 4822 478 4873 καὶ
502 4820 591 4874 διὰ
624 4821 724 4891 τὴν
755 4818 850 4872 τοῦ
885 4817 1039 4882 ἔτους
1065 4816 1237 4889 ὥραν,
1269 4816 1361 4870 καὶ
1394 4817 1483 4871 τὸν
1512 4816 1620 4870 τῶν
1656 4816 1830 4871 Ἰσαύ-

255 4925 355 4975 ρων
401 4911 588 4979 φόϐον,
622 4910 721 4981 τὴν
755 4909 843 4963 διά
892 4909 1002 4962 τῶν
1054 4908 1398 4980 γραμμάτων
1450 4907 1659 4979 πάρεχε
1690 4909 1825 4978 ἡμῖν

251 5001 603 5075 εὐφροσύνην,
631 5002 867 5073 συνεχῶς
890 5000 1066 5073 δηλῶν
1091 5001 1160 5055 τὰ
1186 5002 1314 5073 περὶ
1363 5001 1461 5072 τῆς
1492 4999 1703 5069 ὑγιείας
1727 5001 1826 5071 τῆς

254 5095 365 5161 σῆς,
389 5095 484 5147 καὶ
525 5094 620 5148 τοῦ
646 5096 794 5149 οἴκου
828 5111 922 5147 σου
953 5094 1174 5156 παντός.
1215 5095 1316 5146 Ἂν
1349 5092 1459 5163 γάρ
1486 5091 1712 5145 τοιαῦτα
1739 5091 1825 5145 δε-

253 5179 468 5250 χώμεθα
503 5183 736 5253 συνεχῶς
763 5182 1071 5255 γράμματα
1099 5180 1249 5251 παρά
1282 5181 1379 5247 τῆς
1414 5178 1515 5249 σῆς
1544 5178 1825 5247 εὐγενείας

254 5273 341 5326 καὶ
367 5274 815 5346 θαυμασιότητος,
853 5277 913 5329 οὐ
940 5275 1041 5346 τὴν
1094 5272 1359 5344 τυχοῦσαν
1389 5272 1483 5325 καὶ
1515 5272 1572 5324 ἐν
1619 5272 1827 5344 ἐρημίᾳ

252 5360 605 5435 διατρίϐοντες
635 5364 1040 5437 καρπωσόμεθα
1063 5363 1162 5434 τὴν
1189 5360 1556 5433 παράκλησιν.
1590 5361 1698 5414 Καὶ
1716 5361 1823 5433 γάρ

253 5454 346 5507 οὐκ
375 5456 584 5524 ἀγνοεῖς
614 5461 761 5522 ὅπως
784 5461 916 5528 ἡμῖν
950 5454 1412 5527 περισπούδαστον
1444 5453 1506 5507 τὸ
1553 5454 1612 5507 ἐν
1643 5454 1823 5527 ὑγιείᾳ

258 5555 311 5592 σε
366 5537 535 5609 εἶναι,
582 5545 822 5600 δέσποτά
862 5562 963 5616 μου
1014 5542 1412 5613 αίδεσιμώτατε
1463 5541 1557 5597 καὶ
1606 5539 1845 5615 θαῦμα-ι’

256 5629 497 5688 σιώτατε.

312 5724 338 5796 ξ
362 5725 430 5797 In_
454 5729 607 5797 gditis
626 5731 802 5781 deerat
840 5731 1095 5797 γράμματα
1115 5736 1231 5780 ante
1270 5729 1565 5797 κομίζοντας.
1592 5728 1821 5797 εθίιιιρηε

255 5784 358 5854 ’ἐμ-ἶν
376 5789 587 5841 additum
610 5802 687 5841 est
708 5807 770 5843 ex
797 5784 953 5842 ιτῑὺυὲ
970 5784 1111 5851 ἠιεε.,
1134 5784 1343 5854 quorum
1367 5804 1462 5853 Ope
1484 5793 1610 5854 hanc
1631 5784 1820 5851 ρρἱιο-

263 5850 346 5916 _|:u_n
365 5857 695 5915 correximus;
720 5856 821 5910 tria.
834 5861 1080 5916 postrema
1102 5850 1254 5903 νει-ιω
1288 5857 1337 5904 in
1361 5850 1587 5904 omnibus
1609 5850 1724 5903 is.
1743 5854 1814 5903 sic

258 5910 693 5981 Ιιυξιεξψππρὸπου
708 5910 932 5979 ὀλιγωρία
950 5917 1206 5979 ἐργάζεται.

323 5977 347 6013 b
364 5977 490 6033 Τέως
514 5977 732 6044 ἐργῶδες,
751 5977 826 6032 sic
846 5977 948 6028 tres
968 5977 1087 6029 mas.

1705 378 2088 436 EPISTOLIE.

3434 384 3539 443 6‘26

2544 500 2677 553 ΚΝ.
2724 499 2955 570 Ἀλφίῳ.

2025 587 2313 661 Μακάριος
2366 590 2460 643 καὶ
2516 591 2916 663 τρισμακάριος
2971 587 3060 656 εἷ,
3117 587 3214 643 καὶ
3280 586 3542 651 πολλάκις

1953 677 2133 745 τοῦτο,
2161 680 2389 736 τοιαῦτα
2416 680 2805 753 ἐργαζόμενος,
2826 681 2921 735 καὶ
2941 679 3219 744 τοιαύταις
3235 680 3542 751 ἐπιτρέχων

1953 773 2384 842 πραγματείαις,
2414 773 2471 827 αῖ
2505 772 2672 826 πολὺν
2709 775 2766 826 ἐν
2795 773 3044 845 οὐρανοῖς
3082 772 3543 845 προαποτίθενταί

1953 880 2036 916 σοι
2063 864 2154 918 τὸν
2190 864 2381 936 μισθόν
2409 883 2469 921 τε
2499 866 2594 920 καὶ
2632 864 2926 938 θησαυρόν.
2959 866 3095 920 Οὐδὲ
3129 866 3236 938 γάρ
3258 866 3332 930 ὡς
3352 866 3543 937 ἔτυχεν

1951 958 2100 1027 ἡμᾶς
2148 959 2555 1032 ἀνεπτέρωσας,
2593 959 2661 1014 τά
2684 959 2822 1014 κατά
2871 958 2963 1015 τὸν
2988 959 3178 1032 κύριόν
3216 977 3322 1031 μου
3350 960 3538 1015 Ἰωάν-

1952 1066 2053 1120 νην
2082 1050 2174 1106 τὺν
2220 1052 2592 1125 πρεσϐύτερον
2636 1053 3003 1124 ἀπαγγείλας,
3033 1055 3116 1109 ὅτι
3149 1054 3350 1125 πολλὴν
3386 1052 3538 1125 [607]

1953 1144 2218 1216 ἐποίησας
2254 1146 2486 1218 σπουδὴν
2545 1147 2849 1219 ἀναστῆσαι
2905 1147 3091 1212 αὐτὸν,
3124 1149 3219 1201 καὶ
3256 1145 3541 1217 ἐκπέμψαι

1954 1232 2036 1295 εἰς
2056 1231 2154 1305 τὴν
2179 1235 2453 1307 Φοινίκην.
2491 1237 2614 1290 Ὅτι
2645 1237 2703 1291 δέ
2742 1238 2837 1291 καὶ
2856 1236 3079 1309 χρυσίον
3099 1236 3249 1308 αὐτῷ
3277 1236 3536 1299 δέδωκας,

1953 1325 2117 1390 αὐτὸς
2152 1327 2252 1397 μὲν
2286 1328 2581 1399 ὲσίγησας,,
2642 1328 2737 1383 καὶ
2766 1328 2925 1383 τοῦτο
2952 1328 3162 1401 πρέπον
3186 1330 3254 1400 τῇ
3284 1327 3543 1399 εὐλαϐείᾳ

1955 1436 2051 1472 σου
2081 1419 2267 1473 ποιῶν-
2303 1422 2448 1491 ἡμᾶς
2476 1420 2533 1475 δὲ
2557 1421 2658 1476 οὐκ
2682 1420 2892 1487 ἔλαθες,
2910 1421 3047 1480 ἀλλά
3075 1418 3353 1475 καὶτοῦτο
3370 1419 3541 1488 ἐγνω-

1957 1527 2078 1580 μεν,
2111 1511 2206 1565 καὶ
2231 1511 2331 1584 τὴν
2358 1510 2659 1583 δαψίλειαν,
2678 1512 2758 1587 ⁷ἣν
2785 1513 3080 1585 παρέσχες.
3118 1511 3231 1566 Καὶ
3266 1510 3355 1565 διὰ
3376 1509 3541 1564 τοῦτό

1955 1619 2016 1655 σε
2041 1601 2415 1674 θαυμάζοντες
2464 1605 2559 1658 καὶ
2596 1604 2993 1676 μακαρίζοντες
3022 1604 3085 1658 οὐ
3112 1602 3422 1674 παυόμεθα,
3457 1602 3541 1656 ὅτι

1952 1692 2013 1744 ἐν
2039 1688 2121 1756 οἷς
2147 1692 2229 1746 δεῖ
2253 1693 2521 1760 πλουτεῖν,
2571 1696 2630 1748 ἐν
2661 1696 2874 1760 τούτοις
2897 1695 3169 1759 πλουτεῖς·
3207 1694 3303 1748 καί
3348 1710 3409 1746 σε
3437 1710 3544 1746 πα-

1953 1782 2300 1854 ρακαλοῦμεν
2359 1784 2665 1857 γράμματα
2706 1786 2947 1856 συνεχῶς
3001 1786 3133 1856 ἡμῖν
3181 1782 3535 1837 ἐπιστέλλειν.

1952 1876 2016 1928 Εί
2048 1876 2146 1945 μὲν
2170 1875 2279 1948 γὰρ
2332 1876 2557 1932 δυνατὸν
2585 1874 2654 1949 ἦν
2684 1878 2778 1932 καὶ
2803 1877 2924 1932 κατ’
2957 1876 3080 1947 ὄψιν
3121 1892 3181 1929 σε
3212 1875 3361 1941 ἰδεῖν,
3409 1874 3542 1927 πολ-

1950 1965 2045 2021 λοῦ
2077 1967 2143 2022 ἂν
2164 1968 2476 2039 ἐπριάμεθα
2515 1969 2695 2026 τοῦτο.
2738 1970 2956 2040 Ἐπειδὴ
2991 1969 3048 2023 δὲ
3085 1969 3247 2023 τοῦτο
3271 1968 3410 2034 τέως
3439 1970 3540 2023 οὐκ

1951 2061 2052 2126 ἔνι,
2089 2063 2269 2135 γράφε
2304 2064 2545 2136 συνεχῶς
2574 2068 2729 2138 ἡμῖν,
2763 2065 2894 2138 περὶ
2943 2064 3044 2135 τῆς
3065 2063 3277 2134 ὑγιείας
3301 2063 3405 2133 τῆς
3439 2062 3539 2133 σῆς

1950 2154 2459 2227 εὐαγγελιζόμενος,
2493 2159 2589 2213 καὶ
2637 2157 2731 2212 τοῦ
2770 2159 2920 2213 οίκου
2953 2173 3045 2210 σου
3076 2156 3297 2221 παντός.
3320 2155 3397 2213 Οὐ
3427 2157 3539 2227 γὰρ

1950 2246 2050 2316 τὴν
2074 2246 2344 2317 τυχοῦσαν
2373 2248 2784 2320 καρπωσόμεθα
2818 2247 3166 2320 παράκλησιν
3199 2248 3375 2304 ταῦτα
3402 2264 3539 2319 μαν-

1951 2336 2222 2403 θάνοντες.
2245 2338 2413 2404 Εἰδὼς
2434 2336 2529 2394 οῦν
2550 2341 2713 2412 ἡλίκα
2739 2342 2872 2412 ἡμῖν
2898 2344 3083 2413 χαριῇ,
3123 2340 3198 2412 μὴ
3230 2340 3538 2412 ἀποστερή-

1952 2447 2053 2502 σῃς
2082 2432 2233 2502 ἡμᾶς
2263 2432 2363 2503 τῆς
2388 2424 2657 2505 τοσαύτης
2683 2433 3044 2507 εὐφροσύνης.

2032 2525 2170 2580 KB’.
2198 2524 2435 2590 Κάστῳ,
2454 2526 2781 2594 Οὐαλερίῳ,
2807 2524 3130 2595 Διοφάντῳ,
3158 2522 3452 2594 Ιίυριακῷ.

2304 2595 2732 2665 πρεσϐυτέροις
2775 2596 3151 2665 Ἀντιοχείας.

2020 2685 2097 2740 Οὐ
2145 2684 2433 2757 θαυμάζω,
2489 2689 2573 2741 ὅτι
2616 2688 2719 2758 τὴν
2778 2687 2997 2759 μακρὰν
3046 2685 3204 2759 ἡμῶν
3243 2683 3537 2755 ἐπιστολὴν

1950 2777 2208 2848 βραχεῖαν
2234 2776 2556 2831 ἐκαλέσατε.
2606 2775 2862 2830 Τοιοῦτον
2891 2776 2999 2849 γάρ
3030 2778 3076 2829 οἱ
3111 2775 3370 2848 ἐρῶντες·
3424 2775 3525 2828 οὐκ

1950 2866 2098 2920 ἴσασι
2130 2866 2313 2937 κόρον,
2370 2865 2433 2919 οὐ
2481 2865 2728 2937 δέχονται
2785 2865 3125 2937 πλησμονὴν,
3179 2864 3294 2918 ἀλλ’
3328 2865 3430 2918 ὅσα
3467 2862 3536 2918 ἂν

1946 2955 2154 3010 λάϐωσι
2215 2955 2368 3025 παρά
2430 2955 2540 3008 τῶν
2571 2954 2886 3026 ἐρωμένων,
2936 2954 3159 3007 πλείονα
3189 2951 3530 3024 ἐπιζητοῦσι.

1946 3045 2047 3099 Διά
2078 3061 2161 3097 τοι
2202 3043 2363 3096 τοῦτο
2405 3044 2453 3096 εἰ
2492 3043 2586 3097 καὶ
2614 3041 2994 3096 δεκαπλασίων
3026 3041 3154 3113 ὑμῖν
3204 3036 3370 3113 ἦλθεν
3414 3042 3536 3095 ἐπι-

1949 3131 2111 3203 στολὴ
2152 3131 2254 3203 τῆς
2287 3131 2615 3203 ἔμπροσθεν,
2679 3131 2781 3185 οὐκ
2810 3130 2876 3186 ἂν
2922 3130 3047 3184 οὑδέ
3094 3128 3277 3201 ἐκείνη
3314 3128 3376 3183 τὸ
3434 3129 3534 3200 τῆς

1949 3219 2287 3292 βραχύτητος
2303 3219 2557 3288 διέφυγεν
2586 3219 2779 3289 ὄνομα,
2811 3217 2946 3272 ἀλλά
2980 3218 3073 3273 καὶ
3095 3216 3230 3288 αὐτὴ
3261 3215 3433 3289 μικρά
3467 3216 3533 3270 ἂν

1946 3311 2174 3380 ἐκλήθη*
2207 3309 2407 3380 μᾶλλον
2437 3309 2495 3362 δέ
2538 3311 2641 3363 οὐκ
2672 3308 2889 3380 ἐκλήθη
2921 3308 3101 3379 μόνον,
3134 3305 3271 3360 ἀλλά
3297 3306 3392 3359 καὶ
3439 3322 3534 3376 μι-

1945 3398 2054 3470 κρά
2082 3397 2150 3452 ἀν
2185 3399 2314 3469 ὑμῖν
2340 3397 2534 3468 ἐφάνη.
2580 3395 2861 3450 Ἐντεῦθεν
2913 3396 3005 3449 καὶ
3045 3395 3234 3465 ὑμεῖς,
3286 3393 3532 3464 ὅπουπερ

1948 3487 2016 3541 ἂν
2041 3486 2316 3557 ἀφίκησθε
2365 3485 2645 3555 φιλοῦντες
2686 3485 2858 3554 ἡμᾶς,
2887 3483 3008 3536 οὐδέ
3033 3483 3188 3536 αὐτοὶ
3210 3482 3370 3554 κόρον
3395 3481 3532 3557 λαμτ

1944 3550 2214 3645 ϐάνομενί
2236 3572 2353 3627 ἀλλ’
2378 3550 2469 3626 ἀεὶ
2496 3550 2815 3643 προσθήκας
2838 3570 3209 3641 ἐπιζητοῦμεν
3250 3550 3405 3640 ὑμῶν
3436 3550 3537 3621 τοῦ

1943 3662 2167 3733 φίλτρου
2187 3701 2203 3726 ,
2232 3661 2326 3714 καὶ
2352 3659 2412 3714 τὸ
2444 3659 2606 3730 χρέος
2631 3659 2730 3728 τῆς
2750 3648 2985 3727 ἀγάπης
3012 3656 3073 3709 τὸ
3106 3657 3193 3710 ἀεὶ
3223 3657 3319 3728 μὲν
3348 3657 3530 3710 ἐκτιν-

1941 3750 2193 3820 νύμενον,
2226 3749 2316 3804 ἀεὶ
2346 3749 2403 3803 δὲ
2426 3747 2775 3819 ὀφειλόμενον
2813 3746 3039 3818 (Μηδενὶ
3065 3745 3195 3818 γὰρ,
3213 3788 3218 3801 ,
3239 3746 3393 3816 φησὶ,
3421 3763 3529 3817 μη-

1940 3840 2028 3894 δὲν
2056 3838 2321 3909 ὀφείλετε,
2358 3838 2408 3891 εί
2449 3837 2523 3908 μὴ
2555 3835 2617 3889 τὸ
2655 3834 2918 3907 ἀλλήλους
2946 3835 3213 3906 ἀγαπᾷν),
3249 3833 3371 3888 καθ’
3400 3834 3531 3887 ἐκά-

1943 3944 2077 3998 στην
2115 3928 2245 3998 παρ’
2289 3924 2446 3997 ἡμῶν
2480 3921 2823 3994 ἀπαιτοῦμεν
2861 3922 3096 3994 ἡμέρανο
3139 3922 3227 3976 ἀεὶ
3267 3922 3366 3992 μὲν
3395 3922 3530 3977 αὐτὸ

1944 4016 2082 4086 μετά
2111 4013 2313 4086 πολλῆς
2367 4010 2743 4083 λαμϐάνοντες
2786 4011 2889 4082 τῆς
2921 4010 3224 4080 δαψιλείας,
3271 4009 3527 4063 οὐδέποτε

1938 4104 1995 4158 δέ
2021 4100 2382 4172 ἀπειληφέναι
2429 4100 2490 4154 τὸ
2513 4099 2621 4153 πᾶν
2677 4097 2993 4170 ἡγούμενοι.
3023 4097 3115 4169 Μὴ
3146 4098 3210 4168 δὴ
3242 4096 3526 4167 παύσησθε
3618 4144 3621 4147 .

1943 4189 2326 4253 κατατιθέντες
2351 4189 2484 4260 ἡμῖν
2508 4187 2569 4241 τὸ
2594 4185 2758 4240 καλὸν
2779 4186 2941 4240 τοῦτο
2965 4185 3101 4257 δφλη
3110 4203 3205 4256 μα,
3221 4184 3315 4239 καὶ
3328 4184 3527 4254 διπλῆν

1940 4279 2063 4351 ἔχον
2086 4278 2302 4350 ἡδονήν.
2332 4277 2398 4330 Οἵ
2428 4293 2488 4330 τε
2521 4275 2631 4348 γὰρ
2660 4274 3114 4338 καταϐάλλοντες,
3162 4273 3217 4326 οἵ
3245 4289 3305 4325 τε
3333 4270 3526 4326 ὑποδε-

1938 4367 2275 4440 χόμενοιτὴν
2307 4367 2429 4437 ίσην
2460 4363 2803 4436 καρποῦνται
2837 4361 3200 4435 εὐφροσύνην,
3231 4361 3524 4433 ἐπειδήπερ

1940 4456 2241 4528 ἀμφότεροι
2292 4458 2360 4526 τῇ
2411 4452 2686 4524 καταϐολῇ
2731 4450 2934 4523 ὁμοίως
2983 4451 3226 4520 γίνονται
3275 4443 3522 4520 εὔποροι.

1943 4545 2118 4615 Ὅπερ
2145 4543 2239 4596 ἐπὶ
2264 4542 2372 4595 τῶν
2396 4541 2697 4614 χρημάτων
2726 4539 2827 4593 οὐκ
2849 4537 2948 4603 ἔνι,
3007 4536 3123 4591 ἀλλ’
3146 4537 3175 4588 ὁ
3223 4535 3325 4606 μὲν
3352 4550 3523 4590 κατα-

1939 4632 2075 4700 θεὶς,
2102 4631 2431 4702 πενέστερος
2483 4628 2660 4700 ταύτῃ
2690 4627 2923 4696 γίνεται,
2952 4627 2980 4678 ὁ
3007 4624 3066 4678 δέ
3098 4623 3522 4695 ὑποδεξάμενος,

1939 4719 2335 4795 εὐπορώτερος.
2378 4717 2519 4771 ’Λλλ’
2544 4717 2644 4770 οὐκ
2673 4717 2767 4769 ἐπὶ
2790 4714 2885 4768 τοῦ
2919 4711 3248 4784 συμϐολαίου
3273 4703 3374 4781 τῆς
3395 4709 3525 4778 ἀγά-

1938 4827 2047 4882 πης
2071 4808 2228 4862 τοῦτο
2256 4806 2577 4878 συμϐαίνειν
2601 4802 2812 4858 εἴωθεν.
2849 4801 2985 4855 Οὐδέ
3007 4799 3115 4873 γὰρ
3143 4800 3366 4872 ἀφίησιν
3393 4798 3525 4871 ἐρη-

1940 4915 2037 4971 μον
2066 4897 2239 4968 αὐτῆς
2282 4896 2373 4950 τὸν
2422 4892 2747 4946 καταθέντα’
2800 4890 2937 4961 ὅπερ
2971 4892 3117 4942 ποιεῖ
3171 4888 3233 4942 τὸ
3260 4888 3525 4961 ἀργύριον

1935 4987 2073 5059 πρὸς
2104 4985 2195 5038 τὸν
2227 4983 2625 5053 ὑποδεχόμενον
2663 4979 2956 5055 μεταστάψ
2990 4977 3126 5030 ἀλλὰ
3164 4976 3286 5030 τότε
3324 4975 3525 5048 μᾶλλον

1934 5074 2099 5129 αὐτὸν
2151 5069 2540 5141 εὐπορώτερον
2570 5066 2926 5135 καθίστησιν,
2961 5064 3091 5118 ὅταν
3136 5061 3307 5134 αὐτὴν
3356 5079 3525 5116 κατα-

1933 5161 2095 5234 ϐάλῃ.
2122 5159 2286 5213 Ταῦτ’
2321 5153 2418 5211 οῦν
2450 5155 2677 5219 εἰδότες,
2726 5151 2907 5223 κύριοί
2937 5168 3039 5222 μου
3078 5148 3401 5220 τιμιώτατοι
3430 5150 3524 5202 καὶ

1936 5250 2345 5313 εὐλαϐέστατοι,
2408 5246 2483 5317 μὴ
2521 5242 2805 5312 διαλίπητε
2841 5239 3108 5310 διηνεκῶς
3163 5237 3523 5307 ἀκμάζουσαν

1932 5341 2061 5411 περὶ
2089 5339 2239 5410 ἡμᾶς
2270 5335 2369 5407 τὴν
2398 5334 2640 5389 διάθεσιν
2682 5329 3139 5399 ἐπιδεικνύμενοι.
3198 5327 3261 5380 El
3284 5325 3393 5396 γὰρ
3425 5325 3522 5379 καὶ

1936 5431 2101 5502 μηδὲν
2124 5428 2302 5482 δεῖσθε
2330 5428 2409 5490 εἰς
2438 5424 2597 5478 τοῦτο
2620 5423 2720 5495 τῆς
2735 5422 2876 5493 ,παρ’
2908 5419 3067 5490 ἡμῶν
3098 5414 3517 5502 παρακλήσεως,

1868 5518 1878 5541 ί
1931 5500 2048 5574 ἀλλ’
2070 5514 2260 5585 ἐπειδὴ
2310 5513 2514 5585 σφόδρα
2535 5509 2753 5583 ἐρῶμεν
2780 5507 2936 5580 ὑμῶν
2955 5507 3054 5578 τῆς
3075 5501 3420 5575 ἀγάπης,καὶ
3444 5500 3520 5575 μὴ

1934 5606 2224 5678 δεομένους
2256 5601 2752 5672 ἀναμιμνήσκομεν
2802 5595 2994 5649 τούτου
3030 5594 3217 5647 ἐνεκεν
3246 5631 3260 5655 ,
3302 5586 3517 5644 καὶτοῦ

1932 5693 2172 5766 συνεχῶς
2232 5690 2383 5765 [608]
2418 5687 2778 5743 ἐπιστέλλειν,
2809 5684 2906 5739 καὶ
2938 5682 3008 5737 τὰ
3031 5678 3283 5751 περὶτῆς
3306 5677 3519 5748 ὑγιείας

1938 5785 2036 5855 τῆς
2091 5781 2365 5853 ὑμετέρας
2415 5776 2630 5848 δηλοῦν.
2682 5776 2744 5828 El
2785 5771 2896 5843 γάρ
2938 5770 3073 5842 μηδέ
3123 5767 3312 5855 τούτου
3357 5767 3519 5855 χάριν

1936 5854 2114 5927 δεῖσθε
2166 5866 2262 5921 τοῦ
2325 5866 2768 5936 ἀναμνήσοντος,
2830 5858 2944 5914 ἀλλ’
2986 5858 3148 5928 ἡμεῖς
3201 5854 3295 5909 καὶ
3336 5854 3513 5920 τοῦτο,

1934 5958 2124 6031 ἐπειδὴ
2158 5957 2361 6032 σφόδρα
2391 5950 2857 6028 περισπούδαστον
2890 5950 3044 6021 ἡμῖν,
3097 5947 3158 6000 οὐ
3190 5943 3511 6014 παυσόμεθα
