3906 6380
425 371 529 428 635

420 491 853 566 διηνεκῶς-παρ’
889 495 1044 566 ὑμῶν
1107 493 1513 566 ἐπιζητοῦντες.
1575 497 1698 550 Ὀτι
1737 496 1838 569 μὲν
1891 494 2000 566 γάρ

421 583 660 656 ἐργῶδες
689 585 846 639 τοῦτο
873 586 1078 649 λοιπὸν,
1137 587 1231 640 καὶ
1255 587 1344 640 διὰ
1376 587 1477 660 τὴν
1525 588 1621 642 τοῦ
1650 589 1805 654 ἔτους
1831 591 2004 662 ὥραν,

419 673 516 728 καὶ
548 673 636 728 διά
661 673 761 746 τὴν
793 675 893 746 τῆς
913 676 1036 730 ὀδοῦ
1065 677 1375 742 δυσκολίαν,
1409 680 1470 734 οὐ
1502 679 1717 734 πολλῶν
1745 677 2007 750 φαινομέ-

418 781 524 821 νων
545 765 651 820 τῶν
671 766 984 840 ὁδοιπόρων,
1039 768 1146 822 τῶν
1179 771 1318 842 πρὸς
1347 771 1508 826 τοῦτο
1531 771 2006 844 διακονησομένων

419 859 568 928 ὑμῖν,
615 858 735 912 οὐδὲ
767 861 928 931 ἡμεῖς
958 863 1284 934 ἀγνοοῦμεν·
1318 863 1459 936 πλὴν
1491 865 1608 919 ἀλλ’
1645 865 1721 930 ὡς
1747 865 1847 930 ένι,
1907 866 2004 920 καὶ

416 945 529 1006 οἷόν
553 949 613 1004 τέ
640 953 758 1006 ἐστι
791 953 885 1008 καὶ
917 955 979 1007 ἐν
1007 955 1243 1028 τοσαύτῃ
1295 957 1577 1032 δυσκολίᾳ,
1609 959 1846 1030 συνεχῶς
1876 962 1999 1014 ἐπι-

419 1041 657 1096 στέλλειν
691 1044 1134 1116 παρακαλοῦμεν,
1163 1047 1258 1101 καί
1276 1048 1429 1120 παρά
1455 1050 1554 1121 τῆς
1576 1049 1848 1121 ὑμετέρας
1875 1051 2004 1121 ἀγά·

415 1146 527 1202 πης
563 1130 767 1203 ταύτην
797 1133 1056 1204 αἰτοῦμεν
1087 1135 1186 1209 τὴν
1219 1137 1400 1210 χάριν.
1457 1139 1569 1193 Kal
1603 1139 1683 1212 τῷ
1739 1143 1914 1213 κυρίῳ
1943 1141 2001 1196 δέ

419 1239 524 1294 μου
549 1223 628 1295 τῷ
655 1225 1036 1299 εὐλαϐεστάτῳ
1094 1231 1454 1304 πρεσϐυτέρῳ
1499 1233 1787 1306 Ῥωμανῷ,
1820 1234 2002 1299 καθὼς

416 1315 762 1382 ἐκελεύσατε,
816 1319 1240 1393 ἀπεστάλκαμεν
1297 1325 1392 1378 καὶ
1437 1325 1629 1384 τούτου
1675 1327 1836 1398 χάριν
1871 1328 2002 1398 ὑμῖν

416 1409 622 1477 ειδότες
648 1412 869 1485 πολλήν.
919 1415 1075 1470 Ἐπεὶ
1121 1419 1214 1471 καὶ
1237 1418 1396 1473 τοῦτο
1419 1423 1625 1493 σφόδρα
1667 1425 1818 1493 ἡμᾶς
1859 1427 1998 1494 ἀγα-

417 1501 646 1559 πώντων
683 1506 822 1570 ἐστὶ,
873 1509 968 1561 καὶ
1027 1509 1147 1581 μεθ’
1187 1513 1493 1586 ὑπερϐολῆς
1551 1516 1871 1585 φιλούντων,
1937 1520 2001 1573 τὸ

417 1595 759 1666 τηλικούτοις
783 1599 1006 1670 ἀνδράσι
1046 1604 1139 1656 καὶ
1182 1603 1272 1657 διά
1297 1605 1404 1658 τῶν
1432 1608 1777 1680 γραμμάτων
1806 1614 2001 1682 πειρᾶ-

419 1685 577 1751 σθαι,
603 1689 697 1743 καὶ
745 1689 946 1764 πολλὴν
1001 1693 1272 1749 ποιεῖσθαι
1319 1699 1558 1771 σπουδὴν
1608 1701 2000 1775 ἀκριϐέστερον

418 1777 711 1833 συνάπτειν
759 1782 926 1852 ἡμᾶς.
971 1783 1265 1856 Δεξάμενοι
1312 1789 1492 1843 τοίνυν
1535 1791 1696 1863 ἡμῶν
1725 1793 1825 1866 τὴν
1863 1795 2002 1867 πρὸς

415 1868 578 1922 αὐτὸν
603 1870 910 1944 ἐπιστολὴν,
941 1875 1036 1928 καὶ
1057 1875 1239 1931 δοῦναι
1271 1879 1682 1954 παρακλήθητε,
1713 1885 1809 1938 καὶ
1831 1885 2003 1957 χωρὶς

413 1961 514 2030 τῆς
551 1961 840 2034 ἐπιστολῆς
871 1971 1189 2037 προσειπεῖν
1205 1971 1368 2024 αὐτὸν
1396 1972 1556 2026 πάλιν
1596 1973 1658 2040 ἐξ
1684 1975 1863 2048 ἡμῶν.
1889 1978 2002 2031 Kal

413 2052 522 2124 γάρ
551 2057 650 2124 οὐχ
675 2055 752 2120 ὠς
777 2056 967 2130 ἔτυχεν
998 2059 1206 2116 ἀνωθεν
1237 2067 1334 2118 καὶ
1359 2065 1420 2132 ἐξ
1447 2067 1624 2140 ἀρχῆς
1657 2071 1886 2142 ἐρασταὶ
1902 2089 1999 2141 γε-

412 2144 652 2216 γόναμεν
711 2147 879 2204 αὐτοῦ
918 2151 1288 2224 σφοδρότατοι·
1352 2157 1448 2210 καὶ
1491 2157 1652 2212 τοῦτο
1683 2160 2000 2230 μανθανέτω

409 2234 500 2292 διὰ
526 2235 629 2308 τῆς
661 2237 912 2312 γλώττης
936 2242 1038 2314 τῆς
1067 2244 1360 2316 ὑμετέρας,
1396 2248 1480 2301 ὅτι
1517 2249 1629 2320 τὴν-
1651 2249 1822 2322 αὐτὴν
1863 2251 2002 2320 ἀγά-

413 2341 523 2394 πην
564 2327 799 2397 μένομεν
832 2329 1398 2408 διατηροῦντες,“ὴμῐν
1431 2340 1615 2405 αὐτοῖς
1666 2341 1736 2394 τά
1763 2345 2000 2414 μέγιστα

413 2419 784 2491 χαριζόμενοι·
818 2424 914 2477 xal
941 2424 1025 2478 ὃτι
1051 2426 1150 2497 τὴν
1193 2421 1398 2498 μεταξύ
1435 2432 1596 2504 σιγὴν
1646 2433 1710 2486 οὐ
1758 2433 2002 2506 ῥαθυμίᾳ

413 2511 818 2582 πεποιήκαμεν,
842 2513 980 2569 ἀλλά
1001 2515 1078 2588 τῷ
1094 2517 1398 2590 γράμματα
1423 2521 1717 2594 ἀναμένειν
1748 2525 1999 2594 δέξασθαι

413 2599 564 2668 παρά
595 2601 695 2672 τῆς
737 2601 1024 2668 εὐλαϐείας
1081 2606 1268 2660 αὐτοῦ.
1322 2608 1540 2684 Ἐπειδὴ
1587 2612 1644 2668 δὲ
1695 2617 2000 2688 προτέρους

409 2691 560 2762 ἡμᾶς
589 2691 790 2764 ᾔτησεν
818 2695 1143 2761 ἐπιστεῖλαι,
1195 2698 1304 2752 ίδού
1339 2703 1434 2755 καὶ
1487 2703 1647 2759 τοῦτο
1709 2687 1996 2780 ποιοῦμεν,

411 2783 506 2834 καὶ
522 2784 838 2855 παρακαλοῦ
847 2803 949 2858 μεν
964 2787 1055 2842 καὶ
1070 2791 1234 2846 αὐτὸν
1263 2793 1502 2871 συνεχῶς
1521 2795 1681 2852 τοῦτο
1695 2799 1832 2870 πρὸς
1849 2801 1998 2873 ἡμᾶς

407 2877 603 2930 ποιεῖν.

752 2971 886 3028 ΚΓ.
931 2974 1212 3045 Ῥωμανῷ
1251 2993 1404 3050 πρεσ
1411 2981 1652 3052 ϐυτέρφ.

480 3077 651 3144 Οἶσθα
693 3085 790 3140 καὶ
831 3088 1016 3154 αὐτὸς,
1045 3091 1202 3164 κύριέ
1235 3111 1337 3165 μου
1372 3098 1671 3168 τιμιώτατε
1710 3102 1805 3162 καὶ
1836 3101 2006 3172 εὐλαγ,

410 3173 663 3242 ϐέστατε,
689 3177 804 3240 πῶς
830 3179 916 3232 ἀεὶ
947 3182 1075 3253 περὶ
1099 3183 1196 3260 τὴν
1223 3184 1320 3259 σὴν
1336 3187 1622 3244 εὐλάϐειαν
1651 3190 1991 3264 διετέθημεν,

409 3265 644 3330 καὶπῶς
670 3268 760 3322 ἀεὶ
793 3271 1162 3343 συνδεδεμένοι
1195 3292 1276 3330 σοι
1322 3278 1404 3351 τῷ
1441 3281 1592 3352 νόμῳ
1638 3283 1739 3354 τῆς
1770 3285 1994 3354 ἀγάπης

405 3357 808 3432 διετελέσαμεν,
839 3362 1212 3435 θαυμάζοντές
1243 3386 1336 3423 σου
1367 3371 1466 3444 τὴν
1490 3372 1598 3430 τῶν
1628 3375 1848 3446 τρόπων
1879 3379 1996 3437 ἐπι-

409 3449 647 3516 είκειαν,
681 3453 777 3506 xal
813 3455 1244 3530 ἐκπληττόμενοι
1277 3462 1376 3534 τῆς
1421 3465 1625 3536 ἀρετῆς
1655 3483 1750 3521 σου
1772 3468 1872 3540 τὴν
1900 3471 1994 3528 εὐ-

412 3542 650 3614 μορφίαν
671 3583 686 3610 ,
709 3545 776 3599 δι’
803 3541 872 3619 ἦς
909 3549 1118 3615 πάντας
1150 3553 1278 3618 τοὺς
1315 3556 1745 3628 ἐντυγχάνοντας
1774 3563 1995 3634 χειροῦ-

411 3649 522 3692 σαι.
552 3633 652 3689 Διά
677 3635 741 3708 δὴ
764 3638 1039 3695 τοῦτοκαὶ
1072 3645 1138 3697 ὲκ
1174 3645 1388 3718 μακροῦ
1422 3647 1725 3721 καθήμενοι
1770 3633 1995 3726 διαστήο

410 3741 597 3796 ματος,
630 3728 717 3782 ἀεί
749 3747 811 3784 σε
857 3732 950 3785 ἐπὶ
999 3737 1098 3806 τῆς
1140 3735 1378 3802 διανοίας
1437 3744 1844 3816 περιφέρομεν,
1897 3747 1994 3801 καὶ

406 3816 658 3892 ὅπουπερ
683 3819 751 3882 ἀν
781 3823 1017 3897 ἐρημίας
1052 3828 1466 3903 ἀπενεχθῶμεν,
1501 3835 1859 3904 ἐπιλαθέσθαι
1897 3857 1991 3894 σου

406 3909 509 3982 τῆς
538 3905 762 3987 ἀγάπης
793 3918 856 3971 οὐ
879 3917 1154 3990 δυνάμεθα
1173 3938 1188 3954 ο
1225 3923 1340 3978 ἀλλ’
1369 3926 1444 3990 ὼς
1467 3929 1710 4000 παρόντα
1740 3934 1836 3986 καὶ
1860 3934 1994 4006 πλη-

407 4005 522 4059 σίον
549 4005 696 4072 ὄντα,
725 4009 870 4064 οὓτω
896 4013 990 4066 καὶ⁴
1017 4015 1232 4087 δρῶμεν
1261 4019 1354 4073 καὶ
1401 4022 1787 4096 φανταζόμεθα
1805 4067 1820 4092 ,
1880 4005 1994 4090 τοῖς

405 4099 752 4190 τῆςάγάπης
777 4103 1076 4176 ὀφθαλμοῖς
1105 4111 1364 4182 συνεχῶς,
1408 4113 1612 4182 μᾶλλον
1645 4117 1704 4170 δέ
1725 4117 1992 4190 διηνεκῶς

407 4207 468 4244 σε
505 4189 814 4260 βλέποντες,
847 4197 1100 4268 καὶπρὸς
1122 4199 1370 4268 ἅπαντας
1399 4205 1869 4278 ἀνακηρύτπντές
1895 4227 1991 4265 σου

278 4329 289 4340 ,
405 4279 504 4352 τὴν
529 4281 835 4338 εὐλάϐειαν.
871 4286 1306 4360 Παρακαλοῦμεν
1333 4292 1397 4366 δὴ
1456 4295 1548 4349 καὶ
1581 4297 1747 4351 αὐτὸν
1777 4301 1992 4373 μεμνῆ-

407 4373 532 4466 σθαι
585 4375 742 4451 ήμῶν
773 4376 1056 4448 διηνεκῶς,
1085 4381 1180 4434 καὶ
1229 4383 1324 4455 τὴν
1372 4387 1598 4460 ἀγάπην
1624 4391 1694 4462 ἢν
1725 4391 1787 4458 ἐξ
1813 4393 1991 4466 ἀρχῆς

405 4465 536 4537 περὶ
567 4467 716 4538 ἡμᾶς
773 4469 1054 4536 ἐπεδείξω,
1105 4472 1312 4545 ταύτην
1369 4477 1466 4531 καὶ
1505 4477 1601 4532 νῦν
1630 4465 1990 4554 ἀκμάζουσαν

403 4555 698 4630 διατηρεῖν,
728 4561 822 4614 καὶ
841 4559 1098 4632 εὔχεσθαι
1128 4565 1265 4636 μετά
1290 4567 1493 4642 πολλῆς
1530 4571 1808 4640 ἐκτενείας
1848 4574 1987 4650 ὑπὲρ

402 4649 498 4720 τῆς
551 4652 934 4718 ταπεινώσεως
987 4655 1088 4726 τῆς
1136 4659 1448 4732 ἡμετέρας,
1500 4664 1595 4717 καὶ
1649 4649 1988 4723 ἐπιστέλλειν

399 4741 563 4836 ﬁve“
593 4743 662 4796 ἂν
688 4744 806 4816 ἐξῇ»
839 4745 932 4806 καὶ
979 4747 1048 4810 τά
1079 4749 1206 4828 περὶ
1380 4753 1591 4822 ὑγιείας
1621 4757 1722 4828 τῆς
1765 4761 1864 4832 σῆς
1889 4762 1988 4836 δη-

403 4829 557 4931 λοιῦν·
585 4833 675 4896 ἵνα
705 4837 797 4889 καὶ
830 4839 889 4890 ἐν
908 4839 1116 4915 ἐρημίᾳ
1163 4841 1485 4915 καθήμενοι,
1521 4848 1724 4922 πολλὴν
1755 4829 1986 4931 καρπω-

402 4921 627 4993 σώμεθα
685 4925 784 5002 τὴν
817 4929 1186 5001 παράκλησιν,
1239 4933 1341 5008 τῆς
1386 4937 1495 4991 ἀπὸ
1523 4939 1632 4996 τῶν
1677 4921 1854 5014 εὐχῶν
1891 4964 1985 5001 σου

402 5015 722 5090 συμμαχίας
739 5019 806 5073 ἐκ
835 5022 1089 5082 τοσούτου
1126 5026 1492 5099 ἀπολαύοντες
1521 5031 1912 5109 διαστήματος.

862 5111 1016 5186 [609]
1054 5118 1180 5171 KA'.
1237 5117 1520 5190 Ἠσυχίῳ.

469 5199 642 5271 Αὐτὸς
665 5200 775 5296 Δμέν
813 5205 1144 5280 συγγνώμης
1170 5210 1339 5277 ἀξιοῖς
1368 5217 1553 5285 τυχεῖν
1597 5216 1737 5290 ὑπὲρ
1780 5218 1874 5274 τοῦ
1908 5221 1984 5296 μὴ

399 5293 830 5364 παραγενέσθαι,
859 5296 960 5366 τὴν
987 5300 1298 5374 ἀρρωστίαν
1335 5307 1794 5378 προϐαλλόμενος.
1841 5293 1985 5382 Ἐγῶ

396 5385 458 5478 δέ
484 5405 545 5441 σε
573 5389 670 5442 καὶ
701 5391 953 5461 στεφανῶ
975 5394 1068 5448 καὶ
1096 5395 1458 5468 ἀνακηρύττω
1483 5401 1582 5472 τῆς
1603 5401 1850 5476 γνώμης.
1887 5409 1982 5478 ἀφ’

395 5473 465 5552 ἧς
491 5481 587 5534 καὶ
619 5483 1021 5555 παραγέγονας,
1051 5486 1147 5542 καὶ
1172 5487 1282 5542 τῶν
1304 5489 1568 5550 ἐλθόντων
1585 5473 1744 5550 οὐδὲν
1760 5473 1888 5555 ἔλατ
1898 5473 1982 5554 τον

395 5572 542 5642 ἔχεις
565 5577 696 5646 παρ’
721 5577 853 5648 ἡμῖν
881 5577 1024 5631 κατὰ
1041 5577 1134 5634 τὸν
1165 5578 1265 5650 τῆς
1295 5581 1516 5655 ἀγάπης
1553 5583 1726 5656 λόγον.
1775 5590 1982 5658 Ἱκανὸς

395 5662 454 5724 δὲ
487 5666 516 5718 ὁ
543 5664 673 5730 Θεὸς
706 5669 923 5740 καὶτῆς
969 5670 1306 5742 κατεχούσης
1363 5691 1423 5726 σε
1463 5677 1772 5745 ἀπαλλάξαι
1807 5683 1981 5756 ἀρρω-

397 5755 574 5818 στίας,
606 5759 701 5812 καὶ
733 5760 874 5832 πρὸς
900 5762 1149 5835 καθαράν
1197 5764 1386 5832 ὑγείαν
1420 5769 1791 5840 ἐπαναγαγεῖν
1818 5755 1852 5838 ,ν
1885 5755 1977 5830 θῖνα

397 5862 492 5905 σου
518 5847 612 5900 καὶ
635 5849 734 5920 τῆς
762 5851 883 5904 κατ’
911 5852 1034 5923 ὄψιν
1071 5855 1470 5928 ἀπολαύσωμεν
1525 5863 1832 5935 συντυχίας.
1864 5867 1976 5922 Kal

401 5938 509 6016 γὰρ
541 5938 746 6015 σφόδρα
785 5943 1156 6023 ἐπιθυμοῦμέν
1213 5965 1272 6004 σε
1325 5949 1452 6010 ἰδεῖν
1505 5953 1600 6008 καὶ
1641 5958 1972 6031 περιπτύξα-

1151 370 1208 425 S.
1243 369 1528 426 JOANNIS
1566 363 1992 426 CHRYSOSTO!

2102 367 2408 428 ᾹΒΕΙΙΙΕΡ.
2434 365 2984 425 CONSTANTINOP.

3581 371 3675 430 636

2113 493 2266 559 σθαι,
2327 494 2418 548 καὶ
2449 493 2547 564 τὴν
2587 493 2744 562 φίλην
2805 493 2938 562 ἡμῖν
2990 488 3212 558 φιλῆσαι
3253 487 3513 558 κεφαλήν.
3542 485 3677 554 Ἕως

2108 585 2155 640 δ’
2187 585 2254 640 ἂν
2274 586 2446 640 ταῦτα
2471 586 2536 638 τό
2560 602 2620 638 τε
2643 585 2950 657 ἀρρωστεῖν
2986 593 3010 623 ³
3043 597 3136 634 σου
3167 578 3266 650 τὴν
3291 579 3568 648 εὐγένειαν
3589 583 3677 635 καὶ

2109 677 2142 748 ή
2178 676 2274 731 τοῦ
2307 677 2466 742 έτους
2523 676 2644 746 ὥρα
2672 673 2970 746 διακωλύῃ,
2993 673 3054 727 οὐ
3088 670 3410 742 παυσόμεθα
3450 670 3678 741 συνεχῶς

2106 768 2519 834 ἐπιστέλλοντές
2571 785 2664 822 σου
2712 768 2780 839 τῇ
2819 765 3120 838 τιμιότητι,
3161 763 3260 818 καὶ
3295 762 3394 833 τὴν
3443 762 3676 818 ἐντεῦθεν

2105 857 2241 928 ἡμῖν
2269 856 2452 921 αὐτοῖς
2485 853 3006 928 πραγματευόμενοι
3037 853 3257 926 ἡδονήν.

2482 951 2611 1004 KE".
2665 945 2940 1013 Ὲλπιόίῳ
2971 944 3303 1008 ἐπισκόπῳ.

2189 1040 2382 1112 Ἡμεῖς
2445 1040 2544 1110 μὲν
2584 1039 2922 1111 ἐϐουλόμεθα
2981 1036 3220 1109 συνεχῶς
3259 1035 3590 1091 ἐπιστέλλειν
3615 1039 3676 1107 τῇ

2105 1131 2364 1204 εὐλαϐείᾳ
2383 1134 2448 1204 τῇ
2481 1133 2571 1203 σῇ,
2611 1133 2707 1186 καὶ
2733 1127 2890 1185 οἶσθα
2917 1129 3078 1185 τοῦτο
3113 1129 3210 1184 καὶ
3239 1128 3424 1194 αὐτὸς,
3455 1128 3679 1183 δέσποτα

2103 1221 2433 1294 τιμιώτατε·
2474 1225 2590 1278 ἀλλ’
2625 1223 2813 1296 ἐπειδὴ
2835 1223 2997 1277 τοῦτο
3035 1223 3184 1294 ἡμᾶς
3234 1223 3586 1292 παραιρεῖται
3623 1221 3678 1274 τὸ

2106 1313 2308 1384 μηδένα
2330 1314 2568 1385 συνεχῶς
2588 1315 2722 1386 ἡμῖν
2742 1311 3132 1387 ἐπιχωριάζειν
3159 1312 3224 1383 (ἦ
3251 1329 3318 1387 τε
3344 1312 3456 1384 γὰρ
3486 1311 3680 1383 ἐρημία

2102 1402 2196 1456 τοῦ
2221 1405 2424 1476 χωρίου
2449 1403 2642 1458 τούτου
2665 1443 2682 1470 ,
2734 1404 2763 1458 ὃ
2793 1421 2856 1457 τε
2889 1403 2998 1457 τῶν
3032 1401 3246 1476 λῃστῶν
3274 1401 3440 1471 φόϐος
3485 1400 3678 1471 ταύτην

2102 1496 2406 1558 ἐπιτείνων.
2437 1497 2622 1552 λοιπὸν
2662 1496 2718 1551 δὲ
2757 1498 2852 1552 καὶ
2885 1498 2919 1566 ἡ
2958 1495 3054 1550 τοῦ
3088 1495 3239 1560 ἔτους
3265 1495 3386 1565 ὥρα
3407 1493 3508 1558 τὰς
3538 1493 3680 1556 ὀδοὺς

2102 1587 2542 1658 ἀποτειχίζουσα,
2567 1588 2732 1641 πᾶσιν
2751 1586 2949 1642 ἄϐατον
2973 1584 3234 1656 ποιεῖτὴν
3259 1582 3565 1639 Κουκουσὺν
3599 1583 3624 1622 δ
3639 1582 3676 1652 ),

2103 1675 2218 1732 ἀλλ’
2249 1677 2414 1747 ἡνίκα
2441 1677 2508 1732 ἂν
2540 1677 2888 1749 ἐπι-τύχωμεν
2917 1677 3429 1748 γραμματηφόρων,
3461 1675 3678 1746 πληροῦ-

2107 1785 2207 1839 μεν
2234 1769 2396 1840 ἡμῶν
2448 1769 2548 1842 τὴν
2587 1769 2904 1840 ἐπιθυμίαν,
2948 1771 3084 1840 ἡμῖν
3134 1769 3318 1832 αὐτοῖς
3365 1771 3436 1822 τὰ
3464 1770 3677 1840 μέγιστα

2102 1859 2470 1934 χαριζόμενρι.
2509 1863 2575 1915 Ὃ
2627 1861 2709 1943 δέΙ
2740 1861 2836 1915 καὶ
2877 1859 2974 1914 νῦν
3014 1862 3396 1931 πεποιήκαμεν
3453 1859 3540 1913 διά
3581 1858 3679 1912 τῶν

2104 1951 2308 2022 κυρίων
2356 1968 2456 2022 μου
2507 1951 2618 2005 τῶν
2657 1951 3005 2024 τιμιωτάτων
3053 1949 3461 2022 πρεσϐυτέρων,
3506 1949 3601 2020 τήν
3621 1965 3674 2002 τε

2101 2039 2456 2114 ὀφειλομένην
2481 2041 2824 2114 ἀποδιδόντες
2849 2042 3154 2114 πρόσρησιν
3180 2042 3246 2112 τῇ
3271 2039 3548 2110 θεοσεϐείᾳ
3569 2056 3676 2104 σου,

2103 2132 2199 2186 καὶ
2227 2111 2672 2204 παρακαλοῦντες
2701 2111 2868 2203 ἦνίκα
2894 2111 2966 2186 ἀν
2992 2111 3085 2202 ἐξῇ
3117 2130 3212 2184 καὶ
3234 2129 3398 2184 αὐτὸν
3421 2131 3546 2202 ἡμῖν
3566 2131 3675 2189 ἐπι-

2103 2223 2364 2284 στέλλειν,
2405 2223 2584 2278 καὶτὰ
2619 2225 2746 2296 περὶ
2764 2223 2864 2294 τῆς
2903 2221 3090 2291 ὑγείας
3116 2221 3312 2294 δηλοῦν
3341 2221 3437 2292 τῆς
3467 2221 3580 2292 σῆς.
3606 2221 3676 2278 Οὐ

2101 2317 2210 2386 γάρ
2227 2315 2465 2384 ἀγνοεῖς,
2489 2315 2727 2370 δέσποτά
2755 2332 2856 2385 μου
2876 2314 3175 2386 τιμιώτατε
3198 2314 3294 2368 καὶ
3311 2312 3670 2376 εὐλαϐέστατε,

2099 2405 2248 2469 ὅπως
2275 2407 2409 2478 ἡμῖν
2438 2407 2904 2480 περισπούδαστον
2952 2407 3050 2466 ἀεὶ-
3079 2406 3208 2480 περὶ
3251 2405 3460 2476 ταύτης
3487 2403 3674 2476 μανθά·

2100 2514 2234 2553 νειν.
2271 2498 2337 2553 Εἰ
2374 2499 2484 2571 γὰρ
2512 2499 2607 2554 καὶ
2646 2499 2784 2570 πρὸς
2827 2497 2998 2562 αὐτὰς
3023 2497 3424 2571 άπῳκίσθημεν
3443 2496 3540 2568 τῆς
3563 2496 3672 2551 καθ’

2099 2591 2248 2663 ἡμᾶς
2268 2592 2593 2663 οἰκουμένης
2613 2590 2711 2656 τὰς
2727 2589 3007 2664 ἐσχατιάς,
3033 2591 3148 2653 ἀλλ’
3169 2591 3324 2662 ὅμως
3349 2589 3448 2662 τῆς
3471 2588 3671 2658 ἀγάπης

2101 2699 2196 2736 σου
2253 2683 2355 2753 τῆς
2399 2683 2628 2753 γνησίας
2663 2681 2757 2741 καὶ
2802 2681 3046 2754 θερμῆς,
3078 2682 3176 2753 τῆς
3233 2679 3556 2752 εἰλικρινοῦς
3589 2680 3671 2732 καὶ

2097 2775 2288 2838 ἀδόλου
2347 2773 2704 2834 ἐπιλαθέσθαι
2765 2775 2827 2828 οὐ
2865 2773 3163 2846 δυνάμεθα,
3188 2773 3310 2828 ἀλλ’
3347 2775 3590 2844 ὅπουπερ.
3613 2771 3673 2825 ἂν

2097 2863 2371 2936 ἀπίωμεν,
2412 2865 2802 2936 περιφέροντες
2827 2863 2996 2936 αὐτὴν
3049 2863 3279 2934 ἄπιμεν,
3319 2861 3571 2936 μεγίστην
3596 2864 3670 2914 ἐν.-

2104 2955 2296 3010 τεῦθεν
2330 2955 2702 3028 καρπούμενοι
2730 2955 2831 3028 τὴν
2859 2955 3229 3028 παραμυθίαν.

2511 3066 2654 3134 KQ".
2695 3065 2914 3136 Μάγνῳ
2939 3066 3272 3132 ἐπισκόπῳ.

2169 3181 2231 3235 Εἰ
2263 3181 2357 3235 καὶ
2376 3181 2538 3245 αὐτὸς
2560 3181 2692 3252 ἡμῖν
2719 3181 2820 3235 οὐκ
2845 3181 3187 3246 ἐπέσταλκας
3203 3219 3218 3247 ,
3253 3182 3435 3236 καίτοι
3459 3181 3562 3236 τῶν
3580 3197 3666 3234 xu-

2099 3272 2232 3343 ρίων
2277 3288 2378 3342 μου
2426 3270 2538 3324 τῶν
2593 3271 2975 3344 πρεσϐυτέρων
3036 3273 3516 3346 παραγενομένων,
3567 3269 3667 3326 ἀλλ’

2095 3367 2260 3436 ἡμεῖς
2287 3365 2388 3436 τῆς
2407 3381 2469 3418 τε
2498 3364 2704 3420 ἄνωθέν
2731 3381 2827 3418 σου
2859 3363 3045 3434 φιλίας
3072 3368 3434 3438 μεμνημένοι,
3469 3366 3558 3418 καὶ
3578 3363 3667 3434 τὴν

2094 3439 2204 3510 τῶν
2225 3455 2445 3531 τρόπων
2468 3473 2562 3510 σου
2593 3454 2968 3526 θαυμάζοντες
2990 3457 3318 3520 ἐπιείκειαν,
3353 3456 3446 3510 καὶ
3468 3453 3560 3526 τὴν
3577 3451 3665 3521 τῆς

2093 3548 2272 3620 ψυχῆς
2301 3549 2572 3622 ἀνδρείαν,
2603 3549 2804 3612 ειδότες
2835 3549 2891 3611 δέ
2920 3548 3102 3602 καὶτὸ
3123 3548 3370 3620 φίλτρον,
3388 3547 3416 3602 ὅ
3449 3548 3532 3602 ἀεὶ
3553 3543 3664 3615 περὶ

2092 3643 2243 3713 ἡμᾶς
2281 3641 2562 3709 ἐπεδείξω,
2618 3641 2874 3714 πρότεροι
2923 3643 3036 3706 τοῖς
3069 3641 3208 3714 πρὸς
3240 3641 3344 3714 τὴν
3376 3641 3471 3712 σὴν
3509 3635 3664 3710 ἐμμέ-

2094 3731 2246 3786 λειαν
2275 3734 2702 3805 ἐπεπηδήσαμεν
2739 3734 3051 3806 γράμμασι,
3081 3733 3317 3804 χάριτάς
3348 3735 3407 3788 τέ
3435 3750 3512 3786 σοι
3547 3731 3662 3802 ὀμο-

2094 3823 2361 3894 λογοῦμεν
2389 3825 2488 3897 τῆς
2507 3825 2824 3889 διαθέσεως,
2862 3829 2930 3897 ἣν
2953 3828 3079 3897 περὶ
3113 3827 3260 3897 ἡμᾶς
3291 3826 3659 3880 ἐπιδείκνυσαι·

2094 3917 2156 3970 οὐ
2193 3916 2302 3988 γάρ
2334 3915 2525 3971 ἔλαθεν
2567 3919 2715 3988 ἡμᾶς
2747 3917 2926 3980 τοῦτο,
2977 3918 3156 3972 καίτοι
3204 3935 3268 3986 γε
3320 3921 3386 3974 ἐκ
3432 3915 3660 3971 τοσούτω

2095 4009 2436 4082 καθημένους
2471 4011 2869 4082 διαστήματος*
2909 4011 3339 4082 παρακαλοῦμεν
3369 4007 3480 4075 οὖν,
3517 4007 3662 4080 ἡνίκα

2093 4103 2160 4158 διν
2193 4105 2308 4176 ἐξῇ,
2343 4105 2578 4175 γράφειν
2602 4105 2734 4175 ἡμῖν
2764 4105 3026 4175 συνεχῶς,
3045 4105 3141 4160 καὶ
3167 4105 3236 4158 τά
3264 4105 3398 4177 περὶ
3419 4103 3515 4173 τῆς
3550 4097 3653 4164 ὐγι-

2090 4197 2206 4262 είας
2241 4195 2339 4272 τῆς
2362 4191 2510 4266 [610]
2538 4194 2636 4266 σῆς
2671 4189 3131 4264 εὐαγγελίζεσθαι.
3173 4193 3348 4250 Ὅταν
3383 4191 3487 4263 γάρ
3512 4183 3658 4242 ἀκού-

2095 4303 2276 4356 σωμεν
2297 4287 2423 4350 τοὺς
2453 4286 2717 4356 σφοδροὺς
2764 4285 2923 4359 ἡμῶν
2961 4285 3215 4358 ἐραστὰς,
3249 4288 3350 4341 καὶ
3383 4283 3655 4356 γενναίους,

2092 4376 2234 4430 οὕτω
2253 4377 2736 4448 διεγηγερμένους,
2787 4378 3058 4450 νήφοντάς
3089 4395 3148 4432 τε
3179 4378 3273 4432 καὶ
3307 4372 3658 4450 ἐγρηγορότας

2092 4468 2220 4540 περὶ
2251 4468 2350 4540 τὴν
2369 4468 2478 4522 τῶν
2517 4468 2857 4540 Ἐκκλησιῶν
2887 4471 3167 4542 πρόνοιαν,
3230 4471 3291 4523 ἐν
3351 4467 3524 4538 ὑγιείᾳ
3562 4461 3656 4516 διάη

2089 4578 2227 4631 γειν,
2257 4561 2460 4633 πολλὴν
2489 4561 2584 4616 καὶ
2609 4561 2864 4616 ἐντεῦθεν
2889 4561 3371 4636 καρπούμεθατὴν
3399 4555 3654 4629 παράκλη-

2091 4670 2195 4706 σιν.
2235 4652 2404 4707 Ταῦτ¹
2420 4649 2515 4706 οὖν
2538 4652 2714 4719 εἰδὼς,
2748 4653 2985 4708 δέσποτά
3010 4638 3111 4725 μου
3133 4653 3429 4724 τιμιώτατε
3460 4648 3546 4704 καὶ⁸
3571 4646 3653 4698 εὐ·

2088 4743 2408 4811 λαϐέστατε,
2447 4745 2522 4817 μὴ
2551 4745 2806 4800 κατόκνει
2831 4745 3070 4816 συνεχῶς
3091 4745 3263 4798 ταῦτα
3287 4745 3420 4816 ἡμῖν
3455 4735 3651 4811 δηλοῦν.

2089 4833 2246 4888 Οὕτω
2265 4833 2394 4906 γάρ,
2419 4835 2524 4890 κᾶν
2565 4834 2704 4906 πρὸς
2737 4835 2911 4900 αὐτάς
2937 4835 3330 4908 ἀπενεχθῶμεν
3371 4835 3469 4906 τῆς
3490 4833 3650 4885 οἰκουσ

2091 4925 2260 4998 μένης
2287 4925 2388 4990 τὰς
2419 4926 2674 5001 ἐσχατιὰς
2695 4967 2710 4992 ,
2748 4927 2951 4998 πολλὴν
2997 4927 3406 5000 καρπωσόμεθα
3436 4926 3530 4995 τὴν
3558 4937 3642 4973 πα·

2091 5017 2354 5089 ράκλησιν
2369 5059 2385 5084 ο
2417 5018 2624 5090 ταύτης
2654 5017 2896 5090 συνεχῶς
2918 5017 3283 5085 ἀπολαύοντες
3303 5019 3401 5091 τῆς
3415 5028 3648 5086 παραμυο

2087 5107 2208 5172 θίας
2240 5118 2287 5161 ε.

2511 5205 2640 5257 KZ'.
2668 5203 2873 5274 Δόμνφ
2911 5205 3243 5268 ἐπισκόπφ.

2156 5292 2268 5347 Καὶ
2295 5295 2386 5349 τοῦ
2420 5294 2633 5366 πέμψαι
2665 5295 2757 5348 τὸν
2799 5295 3130 5368 τιμιώτατον
3180 5293 3538 5368 πρεσϐύτερον
3572 5285 3644 5347 εις

2083 5383 2564 5455 ἐπίσκηψινήμετέ
2576 5402 2695 5455 ραν,
2727 5387 2822 5440 καὶ
2852 5387 2946 5440 τοῦ
2975 5388 3185 5458 γράψαι
3215 5385 3412 5447 πολλὰς
3433 5383 3534 5452 ἔχω
3561 5375 3642 5448 χά-

2085 5489 2240 5544 ριτας
2263 5474 2329 5544 τῇ
2358 5472 2616 5544 εὐλαϐείᾳ
2642 5475 2708 5545 τῇ
2733 5476 2822 5544 σῇ,
2849 5475 3086 5528 δέσποτα
3113 5475 3424 5546 τιμιώτατε.
3456 5464 3640 5540 Ἀμφό-

2079 5578 2214 5634 τερα
2271 5561 2381 5634 γὰρ
2407 5563 2637 5634 γνησίας
2671 5565 2893 5634 ἀγάπης
2943 5566 3038 5618 καὶ
3097 5565 3304 5637 θερμῆς
3344 5561 3635 5618 διαθέσεως.

2081 5653 2180 5706 Διά
2201 5651 2359 5707 τοῦτο
2383 5652 2478 5706 καὶ
2509 5655 2568 5707 ἐν
2601 5653 2805 5728 ἐρημίᾳ
2823 5654 3209 5726 διατρίϐοντες,
3247 5648 3438 5716 πολλὴν
3468 5644 3634 5703 ἐντεῦ-

2144 5785 2171 5852 ξ
2195 5781 2280 5852 _S_Ec
2294 5796 2474 5852 _omn_es
2493 5799 2613 5852 mss.
2641 5783 2774 5852 Εᾲἱιί
2801 5797 2918 5834 vero
2938 5785 2994 5834 τό
3011 5803 3064 5836 τε
3083 5787 3361 5852 ἀρρωστίας,
3386 5782 3522 5832 male.

2140 5846 2172 5887 ι
2200 5845 2352 5896 Valic.
2375 5848 2462 5905 τήν
2484 5847 2751 5897 Κοκουσὸν.

2145 5907 2311 5976 °-M.35-
2355 5897 2831 5976 καρπωσόμιθᾳ,τήν
2879 5911 3202 5976 παραμυθίαν,
3241 5910 3405 5968 ταύτης
3445 5897 3635 5970 ww?“

2080 5971 2398 6031 ἀπολαύοντες
2415 5971 2498 6032 τῆς
2520 5971 2882 6035 παρακλήσεως.
