3906 6424
276 461 385 516 m
468 496 473 501 .

279 579 470 635 timus.
523 587 554 626 a
580 570 729 627 vobis
778 569 1052 641 postulare
1093 585 1381 641 numquam
1431 568 1763 626 desinemus.
1809 566 1878 622 Et

274 666 505 738 quidem
555 665 806 735 quoniam
862 673 975 718 tum
1032 672 1253 734 pr0pter
1302 663 1428 717 anni
1485 672 1733 732 tempus,
1767 668 1879 716 tum

276 765 506 829 propter
563 756 772 811 itineris
803 755 1165 809 difficultatem
1191 796 1206 823 ,
1255 753 1396 809 haud
1441 752 1594 808 multi
1642 750 1880 808 viatores

277 858 429 914 sunt,
462 849 556 918 qui
581 848 733 903 vobis
759 847 825 902 ad
855 847 990 902 hunc
1020 862 1133 901 rem
1164 860 1380 916 operam
1412 859 1609 899 navare
1634 844 1875 914 possint,

278 942 422 997 istud
449 941 565 1010 jam
600 939 817 995 difﬁcile
842 953 962 994 esse
990 953 1096 993 non
1118 938 1431 1007 ignoramus
1463 954 1476 988 :
1506 935 1696 991 saltem
1725 944 1785 990 ut
1808 934 1877 990 li-

274 1043 383 1099 cet,
400 1032 636 1103 atquein
661 1040 804 1086 tanta
821 1028 1134 1084 difﬁcultate
1161 1029 1274 1083 ﬁeri
1292 1035 1487 1098 potest,
1507 1041 1605 1081 vos
1620 1026 1877 1082 obsecra-

276 1139 420 1190 mus,
450 1131 694 1194 utquam
722 1121 1019 1191 saepissime
1044 1121 1289 1177 scribatis
1310 1162 1325 1185 ,
1354 1129 1516 1190 atque
1546 1118 1687 1174 hanc
1724 1132 1755 1171 a
1784 1132 1879 1173 ve-

274 1225 385 1269 stra
416 1215 645 1270 caritate
671 1214 896 1285 gratiam
923 1213 1272 1284 postulamus.
1302 1211 1441 1279 Quin
1471 1210 1877 1281 religiosissima

274 1321 495 1376 quoque
526 1305 748 1360 domino
773 1319 895 1360 meo
925 1305 1238 1376 presbytero
1256 1303 1525 1369 Romano,
1540 1310 1600 1357 ut
1619 1301 1873 1373 iussistis,

277 1399 627 1467 scripsimus:
647 1412 820 1467 eoque
846 1397 1062 1453 nomine
1092 1396 1362 1466 ingentem
1386 1396 1548 1450 etiam
1575 1393 1728 1448 vobis
1752 1406 1878 1462 gra-

275 1494 403 1544 tiam
432 1488 717 1544 habemus.
737 1486 1177 1558 Quandoquidem
1211 1486 1314 1541 h-oc
1339 1499 1551 1556 quoque
1574 1482 1643 1538 ab
1671 1481 1876 1554 ingenti

275 1597 340 1638 ac
362 1580 629 1651 singulari
654 1580 884 1651 quodam
903 1579 1071 1634 nostri
1098 1593 1282 1633 amore
1306 1577 1682 1650 proﬁciscitur,
1705 1574 1871 1647 quod,

275 1681 330 1725 ut
357 1672 528 1726 tantis
550 1671 680 1727 viris
707 1670 907 1726 arctius
942 1685 1042 1726 nos
1074 1670 1337 1740 copuletis
1359 1710 1375 1736 ,
1409 1685 1503 1740 per
1528 1668 1709 1724 literas
1738 1682 1872 1736 ope-

272 1780 385 1819 ram
412 1763 578 1828 datis,
606 1778 981 1834 summumque
1000 1763 1066 1818 ad
1109 1762 1158 1816 id
1185 1762 1418 1817 studium
1447 1760 1729 1816 adhibetis.
1760 1759 1873 1815 Ve-

272 1854 363 1908 litn
402 1854 613 1925 itaque,
647 1863 707 1910 ut
729 1869 850 1910 cum
881 1865 1119 1909 nostram
1150 1854 1216 1908 ad
1243 1869 1364 1909 eum
1395 1853 1674 1923 epistolam
1712 1868 1868 1907 acce-

274 1947 480 2017 peritis,
511 1962 634 2002 eam
666 1947 766 2017 ipsi
796 1946 1053 2013 reddatis,
1089 1938 1249 2017 atque
1292 1960 1414 2001 eum
1468 1945 1593 1999 licet
1644 1943 1871 2015 epistola

270 2055 376 2092 non
401 2048 630 2107 accepta
670 2053 792 2094 meo
830 2039 1048 2094 nomine
1072 2039 1334 2094 salutetis.
1360 2037 1686 2106 Iampridem
1726 2036 1868 2091 enim

270 2138 372 2197 est,
403 2130 549 2200 quod
580 2146 704 2187 eum
741 2131 1089 2187 vehementer
1132 2147 1315 2187 amare
1364 2131 1658 2203 coepimus;
1710 2130 1871 2201 idque

273 2230 328 2276 ut
355 2238 419 2277 ex
453 2238 553 2278 ore
582 2232 763 2303 vestro
794 2224 1056 2294 intelligat
1084 2225 1242 2296 cupio
1264 2266 1280 2291 ,
1324 2240 1424 2280 nos
1452 2224 1698 2280 eamdem
1742 2237 1870 2294 erga

270 2330 390 2370 eum
438 2316 874 2373 benevolentiam
901 2320 1157 2385 retinere,
1190 2333 1361 2389 eaque
1397 2318 1451 2372 in
1481 2333 1541 2373 re
1575 2317 1644 2373 de
1686 2317 1869 2372 nobis-

270 2408 397 2479 ipsis
425 2410 635 2479 optimc
661 2411 856 2465 mereri
884 2427 898 2477 ;
923 2410 1160 2481 illudque
1186 2420 1465 2481 prmterea,
1496 2426 1597 2465 nos
1627 2424 1732 2465 non
1766 2425 1866 2466 ne-

270 2501 517 2571 gligentia
546 2515 602 2557 et
635 2503 877 2557 socordia
910 2503 1040 2558 nihil
1071 2504 1137 2558 ad
1162 2519 1285 2559 eum
1311 2504 1588 2560 literarum
1616 2502 1828 2559 dedisse
1848 2543 1864 2569 ,

269 2593 359 2648 sed
385 2594 541 2664 qttod
557 2595 626 2649 ab
641 2594 808 2664 ipsius
830 2596 1023 2665 pietate
1041 2596 1223 2651 literas
1247 2605 1701 2667 exspectaremus.
1723 2595 1871 2663 Quo-

273 2685 408 2739 niam
436 2694 644 2754 autem,
673 2696 728 2741 ut
765 2689 969 2756 priores
1017 2688 1376 2743 scriberemus
1404 2729 1420 2752 ,
1452 2688 1780 2758 postulavit,
1812 2698 1867 2744 ct

272 2775 370 2831 hoc
406 2793 625 2849 quoque
655 2778 881 2834 facimus
910 2796 926 2834 :
957 2789 1010 2835 et
1039 2779 1179 2835 idem
1223 2789 1282 2835 ut
1318 2779 1433 2849 ipse
1468 2779 1644 2834 facere
1668 2778 1734 2834 ad
1766 2792 1866 2833 nos

272 2884 373 2924 non
405 2872 753 2937 intermittat,
791 2873 1159 2929 obsecramus.

336 2960 569 3017 XXIII.
603 2962 835 3017 Romano
862 2963 1175 3035 presbytero.
1208 2961 1461 3035 (Cucuso
1485 2978 1628 3019 anno
1652 2960 1805 3036 403.)

338 3051 455 3108 Scis
482 3063 537 3108 ιιι
563 3069 775 3125 quoque
792 3054 1050 3125 proferto,
1071 3055 1290 3112 domine
1317 3055 1387 3111 mi
1417 3055 1862 3111 reverendissime

273 3157 332 3198 ac
367 3145 793 3216 religiosissime,
831 3163 989 3219 quem
1015 3164 1231 3219 semper
1264 3164 1389 3220 erga
1421 3158 1472 3204 te
1499 3149 1733 3202 animum
1766 3147 1863 3200 Ita-

276 3232 543 3291 buerimus
570 3252 584 3302 ;
612 3245 667 3292 et
692 3252 799 3308 quo
828 3246 983 3308 pacto
1019 3254 1234 3310 semper
1259 3240 1497 3295 caritatis
1527 3239 1643 3308 lege
1686 3248 1860 3294 tecum

273 3327 465 3382 astricti
494 3328 776 3396 fuerimus,
808 3345 1019 3385 ntorum
1061 3340 1270 3388 tuorum
1322 3333 1641 3389 suavitatem
1683 3331 1860 3386 admi-

274 3428 467 3496 rantes,
496 3421 822 3493 virtutisque
868 3431 993 3489 ttar,
1020 3438 1114 3494 per
1130 3441 1288 3496 quam
1320 3439 1507 3480 omnes
1536 3440 1648 3489 cos,
1677 3425 1764 3494 qui
1795 3424 1863 3480 ad

277 3520 324 3565 te
350 3515 634 3582 accedunt,
667 3525 785 3573 tuos
829 3516 1032 3584 reddis,
1063 3519 1512 3590 pulchritudinem
1565 3519 1863 3589 suspicien-

276 3611 368 3659 tes.
394 3607 506 3672 Quo
533 3609 696 3664 etiam
729 3608 815 3687 ﬁt,
861 3618 919 3665 ut
947 3612 1196 3682 quamvis
1227 3612 1386 3682 longo
1428 3626 1458 3665 a
1492 3621 1543 3666 te
1578 3611 1859 3666 intervallo

275 3694 458 3766 dissiti,
490 3701 675 3754 animo
703 3710 879 3756 tamen
906 3711 960 3756 et
987 3703 1308 3773 cogitatione
1329 3712 1379 3756 te
1395 3700 1858 3770 circumferamus,

279 3791 501 3857 atquein
529 3807 927 3863 quamcumque
944 3794 1289 3850 solitudinem
1312 3793 1625 3861 avehamur,
1646 3804 1748 3848 tute
1778 3803 1861 3848 ta-

276 3894 389 3935 men
429 3886 675 3940 catitatis
726 3885 968 3941 oblivisci
1022 3888 1241 3943 minime
1272 3888 1556 3958 possimus,
1590 3902 1773 3943 verum
1805 3896 1862 3942 ut

278 3984 586 4038 pra'scntom
644 3992 708 4031 ac
750 3979 1103 4049 prOpinqttum
1144 3979 1481 4043 intueamur,
1512 3980 1862 4052 caritatisqtte

277 4065 433 4119 oculis
481 4080 740 4137 perpetuo
783 4080 1248 4139 repnesenlemus,
1282 4072 1390 4126 into
1443 4082 1501 4127 ttt
1535 4072 1732 4127 rectius
1777 4073 1861 4127 lo—

277 4169 419 4221 quar,
451 4160 670 4215 assidue
697 4169 749 4216 te
773 4177 1059 4218 cernamus
1080 4174 1283 4234 ,tatqtte
1311 4164 1451 4235 apud
1479 4179 1667 4221 omnes
1688 4165 1859 4235 pieta-

279 4251 376 4300 tem
419 4257 563 4306 tuam
610 4252 982 4322 prmdicemus.
1026 4254 1383 4323 Quamobrem
1424 4257 1520 4312 abs
1551 4268 1602 4313 te
1650 4273 1863 4327 quoque

281 4338 514 4409 petimus,
541 4352 598 4398 ut
626 4346 796 4399 nostri
833 4348 1146 4401 memoriam
1194 4363 1480 4418 numquam
1516 4348 1857 4415 intermittas,

280 4440 492 4501 eamque
522 4436 973 4503 benevolentiam,
1002 4452 1163 4507 quam
1213 4439 1366 4493 nobis
1414 4453 1627 4508 semper
1654 4440 1864 4508 praesti-

281 4518 402 4588 tisti,
432 4542 573 4582 nunc
600 4542 814 4598 quoque
853 4529 1122 4599 vigentem
1169 4544 1492 4595 conserves;
1544 4545 1608 4584 ac
1638 4546 1735 4600 pro
1765 4548 1862 4587 no-

279 4620 380 4668 stra
409 4619 613 4675 vilitate
662 4621 889 4677 obnian
939 4622 1006 4675 ad
1059 4622 1224 4677 Deum
1255 4637 1441 4692 preces
1486 4622 1764 4689 adhibeas,
1792 4624 1860 4679 ad

282 4719 491 4778 nosque,
514 4727 636 4767 cum
668 4713 901 4782 licuerit,
927 4714 1108 4769 literas
1136 4714 1250 4781 des,
1267 4730 1328 4773 ac
1349 4714 1417 4777 de
1444 4725 1531 4770 tua
1558 4717 1861 4774 valetudine

282 4799 529 4858 certiores
553 4818 650 4859 nos
676 4803 840 4860 facias
868 4824 882 4861 :
918 4821 1046 4876 quo,
1074 4807 1232 4861 etiam
1264 4807 1316 4860 in
1347 4807 1632 4863 Solitudine
1659 4808 1860 4864 seden-

284 4895 376 4953 tes,
421 4890 688 4963 ingentem
733 4897 1155 4954 consolationem
1207 4899 1511 4969 capiamus,
1550 4910 1757 4955 tuarum
1782 4902 1861 4955 vi—

283 4976 463 5036 delicat
508 4998 724 5054 precum
777 4988 1016 5044 subsidio
1050 5005 1082 5044 e
1126 4999 1274 5046 tanto
1312 4991 1550 5045 lucorum
1584 4993 1861 5049 intervallo

279 5064 528 5145 fruentes.

447 5169 659 5227 XXIV.
711 5173 988 5247 Hesychia.
1033 5176 1052 5246 (
1080 5174 1290 5231 Cucuso
1309 5192 1451 5230 anno
1477 5176 1601 5232 403.
1625 5176 1646 5248 )

353 5256 490 5317 Petis
517 5272 575 5319 nt
619 5266 748 5322 illud
788 5266 883 5322 tibi
915 5267 1205 5336 ignoscam,
1237 5268 1378 5338 quod
1413 5268 1478 5323 ad
1509 5283 1595 5323 me
1627 5284 1735 5323 non
1763 5283 1858 5324 vc-

287 5351 439 5420 neris,
469 5358 636 5413 morbi
663 5359 1008 5415 excusatione
1034 5367 1212 5415 utens.
1262 5359 1376 5431 Ego
1404 5369 1581 5415 autem
1610 5361 1859 5416 volunta-

289 5438 350 5495 tis
373 5448 578 5506 nomine
605 5460 657 5508 te
684 5452 845 5507 laudo
873 5466 936 5508 ac
958 5453 1194 5523 prmdico
1215 5494 1230 5518 ,
1262 5468 1359 5523 per
1394 5468 1554 5523 quam
1579 5454 1739 5509 etiam
1762 5469 1860 5509 ve-

289 5532 424 5602 nisti,
456 5552 611 5613 atque
635 5556 893 5617 quantum
924 5546 991 5602 ad
1019 5546 1296 5602 caritatem
1324 5546 1551 5613 attinet,
1581 5545 1749 5602 nihilo
1770 5546 1856 5600 in-

291 5620 477 5688 feriore
504 5639 640 5707 apud
672 5655 774 5695 nos
802 5640 921 5694 loco
950 5654 1030 5705 es,
1058 5654 1217 5710 quam
1253 5638 1343 5709 qui
1364 5647 1649 5695 venerunt.
1678 5639 1862 5695 Potest

290 5726 454 5774 autem
486 5725 621 5784 Deus
650 5745 714 5784 ex
746 5745 811 5784 eo
856 5729 1045 5785 morbo
1065 5769 1081 5794 ,
1109 5744 1215 5799 quo
1243 5729 1470 5796 teneris,
1518 5739 1570 5785 te
1599 5729 1858 5796 eximere,

293 5817 438 5881 atque
463 5817 678 5893 integrae
696 5823 906 5877 sanitati
936 5822 1238 5889 restituere,
1261 5832 1316 5876 ut
1334 5832 1625 5892 conspectu
1652 5837 1864 5893 quoque

299 5909 382 5960 tuo
405 5918 553 5985 atquc
580 5932 866 5990 congressu
898 5916 1156 5977 fruamur.
1181 5917 1449 5989 Siquidem
1479 5927 1530 5979 te
1561 5915 1741 5977 videre
1777 5925 1857 5977 at-

1746 455 2123 510 EPIS'I’OLE.

3477 451 3578 504 69.6

1985 582 2091 638 que
2114 566 2417 637 complecti,
2440 582 2729 637 carumque
2748 565 2889 622 istud
2915 567 3069 621 nobis
3089 576 3251 637 caput
3275 569 3577 622 exosculari

1987 657 2245 729 majorem
2273 658 2327 713 in
2359 657 2579 712 modum
2609 673 2850 714 avemus.
2876 657 3141 724 Quamdiu
3162 669 3342 712 autem
3369 656 3443 723 id,
3467 667 3575 711 tum

1986 767 2084 823 per
2111 752 2357 807 morbum
2389 758 2557 808 tuum.
2589 762 2697 805 tum
2734 767 2831 822 per
2858 753 2981 806 anni
3013 762 3223 822 tempus
3264 751 3488 807 minime
3514 753 3577 806 li-

1984 845 2149 912 cebit,
2177 847 2363 901 literas
2391 845 2460 900 ad
2507 855 2560 901 te
2603 847 2754 911 dare,
2785 861 3029 917 eamque,
3062 863 3180 916 qua:
3213 846 3338 902 hinc
3370 847 3439 902 ad
3475 864 3576 906 nos

1984 935 2144 1002 redit,
2174 936 2500 1009 voluptatem
2523 937 2806 1007 nobisipsis
2822 954 3136 1010 comparare
3159 938 3377 994 minime
3400 938 3576 993 inter-

1984 1018 2279 1085 mittemus.

2079 1119 2187 1174 ΧΧ
2199 1119 2262 1176 γ.
2296 1119 2505 1192 Elpidt'o
2527 1121 2802 1194 EpiscOpo.
2832 1120 2854 1198 (
2893 1124 3102 1180 Cucuso
3129 1139 3272 1180 anno
3295 1124 3420 1181 404.
3457 1126 3477 1196 )

2054 1210 2191 1267 lllud
2212 1212 2432 1282 quidem
2461 1214 2744 1282 vellemus,
2773 1214 2929 1269 nobis
2954 1215 3018 1270 ad
3053 1224 3103 1271 te
3129 1231 3287 1286 quam
3331 1215 3576 1286 saepissi-

1984 1316 2072 1356 me
2100 1302 2284 1358 literas
2314 1303 2443 1360 dare
2471 1304 2656 1359 liceret
2682 1323 2697 1360 :
2729 1305 2888 1376 idque
2927 1306 3041 1377 ipse
3080 1306 3207 1370 scis,
3237 1306 3454 1363 domine
3484 1323 3577 1363 re—

1982 1393 2394 1451 verendissime.
2440 1395 2592 1462 Quod
2621 1397 2874 1465 quoniam
2930 1397 3085 1453 nobis
3134 1398 3407 1465 adimitur,
3450 1413 3577 1469 pro-

1984 1494 2164 1555 pterea
2198 1484 2341 1555 quod
2377 1500 2539 1541 nemo
2566 1486 2634 1541 ad
2674 1502 2773 1541 nos
2805 1487 2995 1542 crebro
3036 1488 3301 1561 acccdat(
3346 1504 3467 1543 nam
3521 1499 3576 1542 et

1982 1577 2165 1647 oppidi
2209 1578 2434 1648 hujusce
2482 1579 2759 1647 solitudo,
2808 1591 2862 1636 et
2907 1581 3171 1637 latronum
3224 1592 3401 1637 metus
3453 1596 3572 1635 eam

1979 1685 2200 1741 augens,
2225 1686 2289 1727 ac
2314 1671 2548 1743 denique
2584 1674 2707 1728 anni
2739 1684 2947 1745 tempus
2974 1676 3162 1730 itinera
3186 1674 3568 1741 intercludt-ns,

1979 1762 2241 1818 Cncusum
2266 1764 2413 1818 omni
2442 1780 2509 1820 ex
2534 1776 2683 1834 parte
2709 1765 2903 1820 inviam
2927 1765 3363 1837 reddit),quoties
3400 1766 3540 1821 tabcl
3557 1797 3571 1808 α

1977 1855 2168 1911 larium
2198 1856 2574 1925 nanciscimur,
2605 1857 2882 1928 cupiditati
2931 1867 3131 1913 nostrae
3177 1859 3567 1926 satisfacimus,

1981 1947 2033 2001 itt
2063 1947 2168 2004 hoc
2190 1948 2395 2004 scilicet
2417 1949 2573 2003 nobis
2595 1949 2696 2019 ipsi
2721 1965 2879 2020 quam
2895 1949 3261 2020 gratissimum
3288 1949 3565 2005 facientes.

1975 2039 2129 2108 Quod
2153 2041 2369 2113 quidem
2407 2057 2550 2098 nunc
2575 2043 2735 2099 etiam
2762 2058 2857 2114 per
2869 2044 3298 2114 religiosissimos
3322 2043 3568 2098 dominos

1977 2147 2130 2188 meos
2152 2135 2494 2205 presbyteros
2522 2134 2764 2203 facimus,
2792 2135 3045 2190 nimirum
3088 2144 3143 2189 ct
3179 2135 3417 2190 debitum
3450 2135 3566 2205 pie-

1977 2227 2068 2282 tati
2101 2235 2203 2283 tuae
2228 2227 2561 2283 salutationis
2585 2242 2782 2284 munus
2802 2229 3190 2299 persolventes,
3212 2239 3266 2283 et
3292 2238 3344 2282 te
3371 2244 3564 2299 rogan-

1976 2329 2059 2376 tes
2081 2362 2097 2387 ,
2129 2330 2209 2388 ut,
2237 2321 2450 2391 quoties
2474 2321 2696 2375 facultas
2724 2320 2960 2387 dabitur,
2995 2330 3050 2375 tu
3092 2335 3305 2389 quoque
3351 2319 3418 2373 ad
3467 2334 3565 2373 nos

1974 2409 2279 2478 scribas,ac
2305 2425 2413 2481 quo
2434 2420 2573 2465 statu
2599 2410 2851 2465 valetudo
2883 2420 2969 2465 tua
2997 2411 3086 2475 sit,
3106 2424 3366 2475 exponas.
3382 2407 3567 2478 Neque

1974 2502 2119 2558 enim
2170 2511 2224 2558 te
2260 2501 2427 2573 fugit,
2460 2502 2908 2558 reverendissime
2936 2517 3000 2556 ac
3047 2501 3453 2571 religiosissime
3479 2501 3565 2552 tlo-

1973 2597 2137 2659 mine,
2171 2607 2375 2666 quanto
2395 2610 2609 2665 semper
2635 2596 2790 2650 nobis
2827 2594 3004 2649 studio
3029 2603 3190 2664 atque
3216 2608 3360 2649 cura:
3402 2592 3472 2647 sit
3498 2593 3567 2647 de

1972 2703 2034 2744 ea
2060 2689 2260 2758 aliquid
2285 2689 2599 2758 intelligere.
2632 2687 2887 2756 Quamvis
2909 2687 3051 2742 enim
3075 2686 3141 2740 ad
3172 2694 3443 2740 extremos
3474 2699 3567 2739 us-

1972 2794 2075 2850 que
2098 2779 2244 2834 orbis
2286 2780 2453 2834 nostri
2496 2780 2629 2833 ﬁnes
2660 2780 2849 2834 remoti
2894 2779 3095 2845 simus,
3127 2786 3306 2833 tamen
3340 2791 3479 2832 vera:
3510 2785 3564 2831 et

1973 2871 2233 2937 ardentis,
2264 2885 2329 2924 ac
2372 2871 2638 2937 sincerae,
2692 2879 2852 2939 atque
2904 2869 2974 2923 ab
3017 2869 3163 2923 omni
3195 2866 3318 2923 fuco
3371 2868 3562 2923 aliente

1972 2961 2209 3017 caritatis
2276 2969 2379 3015 tute
2431 2960 2671 3014 oblivisci
2730 2959 2950 3014 minime
2998 2973 3326 3029 possumus,
3377 2973 3562 3013 verum

1969 3068 2331 3126 quascumque
2366 3053 2419 3106 in
2470 3060 2642 3106 terras
2690 3048 3077 3117 abscedamits,
3109 3065 3227 3105 eam
3281 3050 3560 3105 nobiscum

1934 3148 2429 3219 ,circumferintus,
2481 3143 2878 3215 maximumque
2927 3143 3051 3200 hinc
3095 3143 3341 3200 solatium
3384 3142 3563 3213 perci-

1971 3255 2166 3311 pnnus.

2071 3330 2289 3388 XXVI.
2320 3330 2512 3405 Magno
2539 3331 2797 3402 episwpo.
2828 3329 2849 3404 (
2872 3324 3082 3385 Citcnso
3107 3343 3249 3383 anno
3273 3327 3439 3400 404.)

2046 3426 2160 3482 Etsi
2208 3424 2384 3481 nullas
2433 3424 2531 3479 abs
2579 3433 2632 3479 te
2681 3423 2862 3478 literas
2907 3422 3231 3491 accepimus,
3255 3421 3413 3489 idque
3439 3434 3562 3474 cum

1969 3516 2168 3572 domini
2199 3515 2635 3586 mei'presbyteri
2665 3517 2768 3569 huc
2792 3513 3086 3577 venissent,
3108 3526 3208 3566 nos
3239 3522 3437 3576 tamen,
3465 3525 3559 3564 ve-

1969 3610 2099 3667 teris
2120 3609 2371 3676 amicitiae
2414 3623 2680 3662 memores
2702 3648 2717 3669 ,
2750 3616 2860 3660 tum
2889 3621 3099 3660 morum
3137 3614 3352 3658 tuorum
3378 3605 3527 3658 suavi
3546 3633 3562 3644 -

1971 3711 2132 3758 tatem
2153 3701 2420 3771 animique
2458 3697 2821 3753 fortitudinem
2853 3695 3206 3757 admirantes.
3239 3710 3304 3749 ac
3344 3705 3566 3763 prs-nr-

1967 3809 2029 3850 ea
2059 3808 2182 3848 eum
2214 3807 2338 3863 erga
2394 3806 2494 3846 nos
2527 3805 2789 3852 amorem,
2821 3803 2980 3858 quem
3013 3801 3227 3856 semper
3250 3801 3363 3857 pra:
3392 3796 3443 3840 te
3474 3794 3561 3839 tn-

1968 3885 2074 3940 listi
2099 3925 2114 3948 ,
2139 3892 2476 3954 perSpectum
2526 3881 2801 3943 habentes,
2836 3880 3042 3948 priores
3069 3878 3135 3933 ad
3165 3886 3216 3931 te
3239 3875 3524 3931 scribimus
3542 3916 3558 3941 ,

1967 3984 2027 4032 ut
2073 3985 2127 4031 et
2162 3976 2253 4029 tibi
2302 3974 2371 4029 ob
2419 3989 2536 4028 eam
2569 3971 3035 4036 benevolentiam,
3073 3986 3232 4040 quam
3282 3984 3408 4039 erga
3462 3983 3561 4023 nos

1967 4068 2245 4125 OSIendisti
2288 4070 2303 4135 (
2338 4082 2512 4136 neque
2540 4065 2682 4119 enim
2713 4080 2832 4128 nos,
2865 4072 3012 4117 tanto
3034 4062 3162 4117 licet
3186 4062 3281 4117 abs
3310 4071 3360 4116 te
3390 4060 3562 4114 inter-

1970 4159 2112 4215 vallo
2138 4158 2437 4229 disjunctos
2461 4200 2476 4224 ,
2535 4156 2636 4211 hoc
2674 4154 2807 4225 fugit
2832 4155 2875 4226 ),
2926 4155 3124 4224 gratias
3163 4168 3382 4223 agamus
3426 4163 3480 4207 et
3509 4163 3562 4206 te

1969 4266 2210 4316 oremus,
2235 4260 2294 4305 ut
2318 4250 2527 4321 quoties
2548 4248 2760 4303 occasio
2782 4248 3013 4310 dabitur,
3041 4245 3349 4316 frequenter
3369 4245 3435 4298 ad
3464 4260 3561 4299 nos

1969 4343 2178 4399 scribas
2204 4384 2220 4409 ,
2265 4342 2438 4412 deque
2476 4338 2795 4395 valetudinis
2829 4350 2932 4393 tuae
2976 4346 3114 4392 statu
3154 4336 3413 4391 certiores
3464 4353 3561 4391 nos

1967 4435 2154 4490 facias.
2180 4432 2314 4488 Nam
2345 4449 2468 4489 cum
2498 4448 2614 4498 eos,
2647 4448 2679 4488 a
2709 4433 2899 4503 quibus
2919 4432 3265 4486 vehementer
3294 4432 3558 4495 amatutir,

1966 4530 2164 4600 quique
2201 4538 2421 4583 strenuo
2465 4536 2624 4598 atque
2654 4536 2859 4581 attento
2901 4540 2965 4580 ac
3008 4524 3244 4594 vigilanti
3294 4523 3474 4576 animo
3507 4523 3559 4577 in

1969 4618 2333 4678 Ecclesiarum
2378 4635 2563 4675 curam
2594 4618 2924 4679 incumbant,
2965 4630 3126 4671 sanos
3169 4624 3224 4669 et
3265 4613 3562 4669 incolumes

1967 4730 2089 4771 esse
2115 4713 2396 4779 audimus,
2426 4727 2534 4765 non
2576 4726 2792 4780 parvam
2826 4725 2891 4764 ex
2923 4723 2984 4763 ea
3030 4723 3090 4762 re
3136 4706 3561 4761 consolationem

1967 4809 2226 4878 capimus.
2253 4809 2380 4861 Haec
2406 4805 2565 4876 igitur
2603 4819 2722 4859 cum
2754 4802 2899 4858 scias
2918 4843 2932 4868 ,
2961 4801 3179 4857 domine
3204 4801 3274 4855 mi
3304 4816 3562 4855 reverens

1967 4900 2189 4955 dissime
2214 4915 2278 4955 ac
2320 4897 2744 4969 religiosissime,
2770 4913 2837 4952 ne
2882 4904 2971 4961 te,
2996 4909 3201 4966 qumso,
3248 4894 3362 4950 haec
3406 4892 3565 4949 nobis

1967 5010 2128 5064 quam
2178 4991 2476 5061 saepissime
2521 5007 2616 5062 per
2655 4988 2836 5043 literas
2873 4989 3176 5060 signiﬁcare
3228 4988 3424 5059 pigeat.
3471 4987 3562 5043 Sic

1967 5089 2109 5143 enim
2158 5088 2250 5142 ﬁet
2278 5097 2356 5150 ut,
2386 5084 2597 5142 etiamsi
2626 5084 2693 5138 ad
2725 5084 2941 5138 ultimas
2965 5097 3132 5151 usque
3164 5089 3336 5137 terras
3361 5081 3561 5136 aveha-

1967 5198 2125 5246 mur,
2155 5179 2281 5235 dum
2312 5190 2490 5234 tamen
2540 5175 2843 5246 hujusmodi
2887 5174 3186 5230 consolatio
3226 5174 3378 5229 nobis
3426 5188 3560 5228 con-

1969 5275 2203 5328 tinenter
2258 5278 2540 5341 suppetat,
2597 5268 2868 5339 ingentem
2940 5267 3192 5322 mmmris
3239 5264 3559 5320 levationem

1967 5365 2282 5422 sentiamus.

2072 5455 2123 5512 Χ
2131 5454 2181 5510 Χ
2193 5452 2301 5510 γη
2310 5496 2324 5511 .
2352 5453 2553 5509 Damno
2572 5453 2831 5522 episcopo.
2863 5450 3094 5524 (Cucuso
3115 5466 3255 5504 anno
3281 5447 3381 5502 404
3396 5450 3432 5516 .)

2037 5548 2256 5619 Magnas
2286 5547 2468 5617 pietati
2496 5555 2622 5610 tum,
2649 5543 3104 5601 reverendissime'
3131 5543 3347 5597 domine
3368 5581 3384 5605 ,
3433 5554 3561 5608 gra-

1969 5641 2071 5695 tias
2118 5639 2313 5704 habeo,
2345 5648 2454 5693 tum
2487 5638 2628 5710 quod
2658 5636 3015 5709 venerabilem
3055 5636 3424 5705 presbyterum
3477 5633 3561 5686 vi-

1967 5731 2120 5787 sendi
2150 5732 2320 5787 nostri
2348 5744 2510 5786 causa
2542 5730 2774 5794 miseris,
2806 5738 2915 5783 tum
2943 5728 3083 5797 quod
3111 5726 3176 5781 ad
3211 5741 3307 5782 nos
3329 5726 3537 5795 scripse

1967 5824 2062 5880 ris.
2093 5822 2223 5878 Nam
2251 5833 2538 5894 utrumque
2577 5823 2802 5878 sincera:
2829 5819 3089 5884 caritatis,
3120 5829 3283 5890 atque
3317 5817 3557 5873 ardentis

1973 5915 2361 5993 benevolentitc
2404 5923 2778 5989 argumentum
2801 5922 2903 5972 est.
2938 5912 3064 5971 ldeo
3094 5913 3254 5972 etiam
3287 5912 3339 5969 in
3364 5911 3555 5971 solitu-
