3906 6424
331 428 435 483 ίΞῖ

321 547 449 603 dine
493 543 768 613 degentes,
807 543 1074 615 ingentem
1112 542 1236 598 hinc
1278 542 1703 598 consolationem
1735 541 1914 598 hausi-

326 653 464 694 mus.
495 637 769 710 Siquidem
791 652 820 688 a
853 635 1010 689 tantis
1036 634 1166 689 viris
1193 643 1299 688 tam
1326 634 1567 704 impense
1586 634 1777 703 amari,
1808 650 1917 690 non

333 731 507 786 levem
540 730 626 796 iis,
658 729 747 800 qui
772 736 1037 792 amantur,
1062 726 1486 782 consolationem
1511 726 1686 784 alfert.
1718 729 1797 783 Ac
1820 742 1918 782 cu-

328 817 511 892 perem
552 820 767 891 quidem
829 826 924 874 tuo
980 834 1195 889 quoque
1247 830 1469 889 aSpectu
1521 834 1921 890 congressuque

328 911 754 982 suavissimsque
807 911 1181 968 benevolentia
1236 920 1326 966 tua
1367 911 1605 967 animum
1653 921 1918 969 saturare.

331 1005 594 1074 Quoniam
621 1011 799 1059 autem
832 1002 883 1059 id
915 1005 1135 1059 minime
1171 1004 1294 1059 licet
1333 1004 1350 1074 (
1386 1020 1508 1058 nam
1534 1020 1709 1075 neque
1735 1003 1786 1059 id
1817 1020 1920 1059 no-

330 1099 411 1154 bis
456 1098 795 1163 conceditur,
820 1114 918 1154 nec
952 1098 1045 1152 tibi
1076 1099 1201 1152 item
1226 1098 1295 1153 ob
1326 1097 1583 1153 Ecclesia:
1632 1098 1784 1153 istius
1823 1112 1923 1153 eu-

330 1206 445 1246 ram
465 1232 482 1258 ,
510 1190 598 1247 cui
625 1207 821 1263 prates,
859 1189 1015 1246 facile
1043 1193 1171 1264 est),
1198 1189 1264 1244 ad
1295 1190 1583 1245 secundum
1624 1189 1922 1260 navigatio-

341 1297 465 1339 nem
496 1283 803 1340 necessario
833 1283 1074 1336 venimus
1096 1324 1109 1346 ,
1160 1297 1353 1352 nempe
1402 1292 1456 1335 ut
1498 1281 1924 1337 consolationem

331 1388 477 1441 eam,
513 1388 672 1445 quam
715 1373 957 1443 epistolae
990 1374 1257 1439 afferunt,
1307 1374 1461 1428 nobis
1508 1373 1637 1443 ipsis
1672 1373 1928 1428 adhibea-

333 1480 473 1520 mus.
504 1466 687 1536 Neque
715 1466 860 1521 enim
887 1465 955 1521 ad
994 1482 1182 1521 eorum
1221 1467 1433 1522 animos
1452 1510 1465 1530 ,
1494 1467 1583 1537 qui
1609 1468 1926 1536 corporibus

331 1558 587 1626 disjnncti
634 1568 803 1625 sunt,
835 1560 1192 1615 consolandos
1232 1575 1420 1630 parum
1462 1561 1719 1616 momenti
1767 1561 1930 1617 habet

335 1651 585 1724 epistola,
613 1654 817 1709 sincera
843 1653 1067 1707 caritate
1090 1653 1320 1723 perfusa.
1349 1653 1705 1722 Quamobrem
1734 1664 1793 1710 ut
1832 1656 1932 1713 hac

335 1744 702 1799 consolatione
731 1760 889 1814 quam
933 1745 1233 1814 smpissimc
1275 1745 1534 1816 fruamur,
1567 1748 1777 1817 quoties
1798 1749 1929 1803 lice-

340 1836 436 1903 bit,
465 1853 527 1891 ac
556 1837 670 1892 fieri
703 1839 913 1907 poterit,
947 1838 1015 1894 de
1038 1840 1358 1895 valetudinis
1399 1850 1503 1896 tuae
1538 1850 1680 1897 statu
1719 1842 1786 1897 ad
1833 1857 1931 1898 nos

338 1928 580 1984 scribere
606 1945 673 1983 ne
700 1931 967 2001 graveris.
1005 1931 1282 2002 Siquidem
1308 1932 1597 1987 amicitiam
1643 1943 1786 1989 tuam
1814 1949 1933 1988 am-

338 2021 638 2093 plissimum
668 2024 976 2080 thesaurum
1004 2066 1017 2088 ,
1047 2032 1105 2081 et
1152 2026 1415 2081 bonorum
1442 2027 1748 2098 congeriem
1786 2027 1933 2085 omni

339 2113 606 2168 sermonis
637 2114 884 2173 facilitate
910 2115 1276 2172 sublimiorem
1304 2117 1569 2173 ducimus.
1613 2119 1692 2173 Ac
1716 2119 1759 2172 si
1785 2118 1933 2188 ejus-

338 2203 482 2259 mmli
537 2203 720 2261 literas
763 2206 991 2262 subinde
1030 2209 1376 2277 accipiamus,
1404 2218 1608 2264 tantum
1635 2227 1702 2267 cx
1729 2210 1813 2267 his
1843 2226 1936 2266 vo-

341 2296 558 2364 luptatis
594 2298 866 2368 capiemus
892 2339 909 2366 ,
960 2310 1017 2354 ut
1065 2315 1133 2356 ne
1170 2301 1513 2359 solitudinem
1537 2302 1751 2374 quidem
1779 2304 1934 2358 istam

338 2400 652 2443 sentiamus.

401 2477 508 2533 ΧΧ
524 2478 688 2536 VIII.
719 2480 913 2536 Basilio
940 2485 1249 2556 presbytero.
1275 2484 1455 2554 (Anno
1483 2486 1696 2541 circiter
1715 2486 1865 2557 404.)

423 2570 535 2625 Etsi
575 2572 731 2626 nobis
758 2582 1050 2642 conspectu
1081 2585 1172 2630 tuo
1200 2585 1364 2646 atque
1388 2586 1682 2648 congressu
1712 2578 1812 2633 frui
1841 2578 1939 2632 mi-

343 2661 488 2717 nime
511 2661 755 2733 contigit,
779 2672 958 2720 tamen
981 2680 1101 2719 cum
1129 2666 1196 2721 de
1223 2677 1309 2722 tua
1340 2669 1534 2723 virtute
1559 2670 1624 2724 ad
1654 2685 1750 2725 nos
1780 2669 1940 2725 afferc

346 2761 453 2818 tur,
490 2766 554 2807 ac
596 2752 711 2807 zelo
732 2769 820 2821 eo,
852 2770 960 2825 quo
987 2755 1244 2814 adversus
1268 2760 1491 2828 gentiles
1519 2762 1712 2831 ﬂagras
1734 2803 1749 2828 ,
1796 2763 1940 2833 ipso-

346 2860 464 2899 rum
491 2861 729 2902 errorem
757 2861 1004 2918 ενοιξιθης
1027 2890 1044 2917 ,
1071 2866 1269 2922 eosque
1304 2854 1447 2908 νειυι
1492 2863 1737 2924 βουνοειςί
1778 2872 1940 2913 manu

345 2933 415 2990 ad
471 2938 752 2994 veritatem
812 2939 1053 3010 ducens,
1113 2958 1217 2997 non
1270 2959 1431 3007 secus
1472 2961 1537 3000 ac
1585 2947 1632 3002 si
1685 2948 1936 3014 adesses,

349 3035 634 3100 tecumque
673 3031 985 3088 diuturnum
1023 3050 1176 3089 usum
1225 3051 1293 3092 ac
1331 3038 1454 3091 vitae
1495 3039 1940 3095 consuetudinem

348 3122 743 3192 habuissemus,
769 3127 972 3183 honore
998 3143 1062 3184 ac
1076 3131 1421 3186 veneratione
1440 3143 1491 3187 te
1510 3134 1939 3202 complectimur.

350 3215 535 3287 anue
559 3215 629 3272 de
656 3231 815 3272 causa
837 3219 1043 3289 priores
1072 3220 1139 3274 ad
1170 3231 1222 3275 te
1251 3221 1587 3292 scripsimus,
1617 3225 1687 3279 ob
1716 3240 1798 3290 ea,
1821 3241 1942 3296 qua:

348 3323 470 3363 cum
495 3309 649 3364 laude
675 3311 841 3381 geris,
875 3312 1091 3367 beatum
1126 3323 1177 3368 te
1199 3315 1556 3384 przedicantcs
1577 3327 1739 3388 atque
1767 3318 1942 3373 admi-

349 3407 551 3464 rantes,
582 3415 647 3456 ac
685 3404 1036 3472 pestulautes,
1066 3415 1122 3459 ut
1167 3406 1282 3477 ipse
1322 3423 1536 3479 quoque
1573 3410 1641 3463 ad
1671 3425 1789 3478 nos,
1818 3427 1943 3466 cum

352 3491 556 3559 licebit,
601 3495 827 3550 scribas.
876 3495 1008 3550 Nam
1034 3498 1137 3552 etsi
1164 3513 1391 3570 corpore
1427 3515 1458 3555 a
1485 3510 1537 3557 te
1571 3500 1824 3571 disjuneti
1853 3518 1944 3559 su-

352 3601 473 3642 mus
498 3626 516 3653 ,
554 3586 792 3642 caritatis
828 3597 1004 3644 tamen
1036 3590 1264 3645 vinculis
1308 3602 1484 3647 tecum
1534 3593 1941 3669 adstringimu_r,

350 3681 605 3751 pietatem
637 3689 782 3735 tuam
814 3682 1091 3738 nobiscum
1122 3695 1452 3755 reputantes.
1478 3687 1603 3749 Haec
1629 3689 1790 3760 igitur
1818 3705 1941 3745 cum

351 3774 517 3840 scias,
550 3774 709 3829 velim
736 3774 803 3830 ad
830 3790 931 3830 nos
966 3776 1196 3833 subinde
1227 3778 1466 3836 scribere
1493 3789 1548 3836 et
1566 3791 1715 3852 gesta
1739 3791 1828 3838 tua
1858 3799 1947 3839 re-

353 3866 497 3922 ferre
552 3883 622 3923 ne
660 3868 905 3938 graveris
937 3884 953 3924 :
982 3885 1090 3940 quo
1113 3911 1129 3936 ,
1169 3871 1331 3926 etiam
1365 3871 1418 3927 in
1466 3873 1754 3931 solitudine
1796 3891 1945 3931 com-

352 3970 625 4017 morantes
655 4004 670 4026 ,
716 3961 986 4034 ingentem
1036 3964 1163 4020 hinc
1191 3966 1614 4023 consolationem
1645 3970 1940 4039 capiamus.

353 4052 567 4109 XXIX.
591 4053 870 4110 Chalcidice
894 4065 942 4111 et
971 4058 1294 4129 Asyncritiw.
1323 4060 1341 4129 (
1368 4059 1579 4116 Cucuso
1607 4077 1748 4117 anno
1768 4061 1922 4132 405.)

427 4147 584 4203 Parvi
609 4149 859 4213 facienda:
875 4160 992 4204 sunt
1008 4151 1165 4222 hujus
1187 4153 1303 4206 vitae
1328 4153 1572 4209 molestia:
1591 4171 1611 4219 ;
1633 4154 1782 4221 nihil,
1809 4170 1946 4225 prce-

351 4252 428 4295 ιη-
467 4252 751 4311 peccatum,
780 4257 891 4295 vere
919 4244 1186 4297 molestum
1215 4253 1308 4298 est.
1332 4275 1407 4287 -—
1445 4245 1585 4300 Nihil
1631 4261 1699 4302 ex
1724 4246 1807 4301 his
1833 4263 1950 4302 mo-

352 4334 555 4400 lestiis,
606 4348 738 4403 quas
767 4334 985 4389 evenire
1030 4335 1333 4406 perspicitis
1358 4351 1455 4392 vos
1491 4338 1767 4397 perturbet
1805 4356 1818 4392 :
1849 4352 1949 4393 nec

348 4426 504 4481 densi
559 4424 892 4496 negotiormn
953 4424 1146 4481 fluctus
1189 4428 1382 4482 animis
1425 4428 1618 4483 chIris
1663 4430 1947 4485 tumultum

350 4516 599 4577 aderant.
636 4517 905 4587 Ejusmodi
932 4519 1073 4573 enim
1102 4528 1184 4575 est
1209 4532 1355 4575 arcta
1389 4521 1471 4575 illa
1500 4531 1556 4576 et
1591 4534 1814 4593 angusta
1838 4524 1944 4591 via,

350 4612 660 4681 complures
687 4610 1029 4667 difficultates
1059 4628 1124 4669 ac
1153 4614 1351 4668 multos
1387 4614 1612 4670 sudores
1655 4624 1709 4671 et
1739 4616 1949 4672 labores

350 4704 576 4759 habens.
611 4704 808 4760 Veruzn
841 4704 955 4761 hmc
980 4704 1174 4770 ﬂuunt,
1207 4714 1366 4774 atque
1395 4723 1500 4762 una
1545 4722 1667 4762 cum
1715 4707 1815 4762 hac
1840 4711 1949 4764 vita

348 4797 780 4864 exstinguuntur.
813 4795 945 4851 Nam
969 4797 1176 4851 etiamsi
1221 4807 1368 4852 arcta
1401 4798 1481 4851 via
1524 4807 1628 4865 est,
1658 4799 1742 4852 via
1769 4807 1946 4854 tamen

348 4898 432 4940 est
466 4903 478 4938 :
510 4895 568 4940 ut
603 4888 823 4957 prtemia
856 4888 968 4955 illa,
998 4904 1117 4959 qua:
1144 4888 1181 4942 ii
1212 4889 1300 4958 qui
1329 4888 1540 4957 placido
1565 4904 1628 4944 ac
1675 4889 1801 4944 forti
1828 4890 1948 4943 ani—

358 4993 447 5033 tuo
480 4977 598 5032 haec
625 4976 806 5032 ferunt
836 4979 1228 5050 adipiscuntur,
1263 4991 1518 5052 perpetua
1539 4990 1596 5037 et
1625 4981 1948 5036 immortalia

354 5080 500 5136 sunt,
535 5070 927 5140 sudoribusque
976 5074 1135 5143 longe
1174 5074 1397 5145 majora.
1428 5074 1787 5141 Quamobrem
1835 5086 1946 5131 tum

348 5163 671 5219 calamitatis
701 5163 1041 5234 fragilitatem
1084 5182 1149 5221 ac
1180 5167 1526 5234 brevitatem,
1563 5177 1673 5224 tum
1699 5170 1949 5238 prmmio-

350 5274 466 5311 rum
496 5257 904 5328 perpetuitatem
931 5269 1091 5328 atque
1118 5262 1571 5316 immortalitatem
1605 5261 1948 5318 animadver-

353 5361 545 5418 tentes,
588 5349 713 5405 date
763 5364 981 5418 cperam
1012 5392 1027 5416 ,
1061 5360 1118 5405 ut
1148 5353 1329 5407 omnia
1369 5368 1638 5424 generoso
1661 5354 1842 5408 animo
1871 5353 1951 5409 fe-

350 5443 502 5511 ratis,
554 5458 655 5497 nec
682 5442 1055 5507 couuuittatis,
1101 5454 1162 5500 ut
1206 5445 1319 5500 ullo
1372 5462 1551 5501 rerum
1599 5446 1947 5503 adversarum

350 5548 546 5594 eventu
589 5536 995 5607 perturbemini.
1026 5525 1143 5592 Una
1182 5539 1325 5592 enim
1369 5555 1456 5594 res
1485 5540 1708 5596 molesta
1754 5555 1949 5608 pecca-

350 5638 461 5683 tum
490 5641 577 5684 est
603 5646 615 5683 :
655 5638 852 5684 cmtera
886 5629 1063 5683 omnia
1092 5672 1107 5694 ,
1155 5629 1257 5685 hoc
1281 5639 1381 5696 est,
1416 5632 1604 5686 exsilia
1633 5673 1648 5697 ,
1680 5632 1943 5687 honorum

351 5723 793 5794 proscriptiones,
848 5722 1227 5794 relegationes,
1259 5724 1502 5792 insidiae,
1547 5736 1846 5795 cunctaque
1894 5726 1945 5781 id

354 5829 519 5887 genus
547 5815 652 5868 alia
675 5856 690 5880 ,
721 5815 905 5870 umbra
935 5816 1198 5885 quatdam,
1221 5824 1276 5870 et
1301 5815 1569 5884 fumus,ct
1598 5832 1810 5872 araneae
1843 5819 1946 5874 tela

350 5917 498 5977 sunt,
519 5912 568 5960 el
598 5906 643 5961 si
674 5907 801 5979 quid
827 5907 968 5963 aliud
994 5907 1076 5965 his
1108 5909 1264 5966 vilius
1295 5924 1414 5966 esse
1444 5920 1636 5980 potest.
1658 5910 1942 5981 Quocirca,

1087 416 1147 482 δ.
1184 422 1464 484 JUANNIS
1501 421 1975 481 CllliYSOS'IOMl
2012 424 2332 484 ARCﬂlEP.
2377 426 2916 486 CONSTANTINOP.

3521 438 3622 495 63-3

2026 549 2086 596 ut
2110 540 2338 596 antehac
2376 555 2593 612 quoque
2630 542 2813 598 multis
2862 543 3259 601 tentationibus'
3292 547 3621 617 perferendis

2026 644 2289 703 assuetae,
2343 652 2487 692 natae
2525 652 2740 708 quoque
2766 679 2781 702 ,
2810 654 2968 708 quam
3023 656 3117 709 par
3168 650 3273 705 est,
3313 643 3623 712 patientiam

2029 735 2299 795 prastate.
2350 726 2625 798 Siquidem
2688 743 2754 786 ea
2802 729 2939 785 hanc
2989 731 3097 784 vim
3140 731 3383 787 habitura
3418 743 3526 803 est,
3571 745 3630 790 ut

2028 833 2125 877 vos
2160 821 2215 874 in
2259 835 2452 890 magna
2476 820 2770 876 securitate
2802 836 2865 876 ac
2890 822 3273 892 tranquillitate
3314 827 3627 894 constituat,

2031 911 2540 983 prmuantioresque
2580 912 2800 969 efﬁciat.
2829 914 2907 968 Ac
2949 913 2995 968 si
3035 929 3171 984 quos
3221 897 3653 985 nanciscamini,l

2030 1003 2121 1072 qui
2144 1002 2215 1057 oh
2242 1018 2338 1057 sua
2370 1005 2581 1074 negotia
2613 1003 2716 1058 huc
2762 1004 3002 1067 veniant,
3029 1004 3096 1060 de
3124 1017 3300 1062 vestra
3324 1008 3635 1064 valetudine

2033 1095 2101 1150 ad
2149 1110 2249 1150 nos
2301 1096 2495 1151 crebro
2542 1096 2726 1151 literas
2754 1096 2897 1150 date.
2929 1095 3092 1151 Scitis
3121 1098 3265 1152 enim
3296 1106 3637 1168 quant0pere

2035 1188 2154 1257 ejus
2197 1189 2428 1243 studiosi
2473 1197 2665 1255 simus,
2696 1205 2966 1260 quantque
2985 1190 3183 1246 crebro
3212 1191 3280 1248 de
3322 1208 3386 1247 ea
3428 1192 3638 1263 aliquid

2034 1282 2221 1337 audire
2237 1283 2538 1351 cupiamus.

2174 1373 2354 1428 XXX.
2389 1374 2597 1430 Heartio
2623 1377 2878 1445 ερὶεεορο.
2910 1375 3147 1448 (Cucuso
3173 1393 3316 1432 anno
3338 1377 3491 1449 ἀοι.)

2106 1467 2373 1538 Equidem
2413 1468 2528 1537 ipse
2570 1468 2757 1524 literas
2781 1471 2966 1534 etiam,
2994 1469 3190 1540 quibus
3217 1485 3304 1525 me
3327 1469 3395 1524 de
3421 1478 3515 1525 tua
3543 1485 3638 1524 va-
3710 1482 3719 1490 '

2040 1558 2280 1617 letudine
2319 1559 2603 1614 certiorem
2651 1560 2879 1627 faceres,
2901 1560 3147 1630 accipere
3187 1560 3490 1629 cupiebam.
3516 1561 3642 1616 Scis

2036 1652 2202 1718 enim,
2253 1651 2712 1707 reverendissime
2763 1652 3000 1716 domine,
3042 1667 3149 1722 quo
3193 1666 3408 1721 semper
3452 1652 3641 1706 animo

2039 1762 2163 1816 erga
2198 1755 2247 1801 te
2294 1744 2504 1801 fuerim.
2552 1746 2745 1801 Verum
2789 1745 3040 1816 quoniam
3090 1746 3191 1800 hoc
3235 1745 3639 1800 tabellariorum

2039 1840 2259 1910 penuria
2291 1839 2440 1896 vobis
2465 1839 2706 1894 fortassis
2747 1826 2962 1911 eripuit,
2995 1839 3194 1894 idcirco
3236 1839 3350 1908 ipse
3370 1838 3642 1901 homines,

2041 1933 2132 2003 qui
2159 1932 2225 1987 ad
2268 1939 2321 1986 te
2362 1931 2797 2003 proﬁciscantur,
2846 1941 3053 1997 nactus,
3108 1931 3277 1986 literis
3313 1940 3364 1986 te
3409 1932 3640 1993 lacesso,

2043 2035 2201 2096 teque
2239 2040 2370 2094 rogo
2403 2034 2458 2080 et
2499 2025 2747 2088 obsecro,
2791 2033 2849 2079 ut
2886 2025 3095 2095 quoties
3138 2024 3362 2078 facultas
3400 2022 3642 2085 dabitur,

2044 2119 2158 2187 ipse
2185 2131 2399 2188 quoque
2422 2116 2489 2171 ad
2518 2132 2617 2172 nos
2653 2132 2810 2186 quam
2839 2117 3133 2186 saepissime
3176 2115 3400 2180 scribas,
3428 2130 3650 2184 quaquo

2045 2210 2350 2265 valetudine
2390 2210 2485 2277 sis,
2519 2225 2780 2280 exponas.
2829 2210 3160 2281 Quamquam
3203 2209 3346 2264 enim
3376 2208 3429 2263 in
3458 2208 3649 2263 deser-

2046 2304 2252 2358 tissima
2296 2302 2442 2358 orbis
2483 2302 2602 2357 loco
2647 2300 2984 2366 habitamus,
3032 2316 3097 2356 ac
3141 2300 3457 2370 prmdonum
3497 2311 3647 2355 metu

2044 2393 2378 2459 obsidemur,
2409 2392 2730 2462 multasque,
2753 2402 2810 2446 ut
2839 2392 2892 2446 in
2916 2399 3056 2446 extet
3072 2407 3137 2445 na
3164 2392 3398 2461 regione,
3429 2400 3648 2460 tamque

2045 2495 2194 2540 vasta
2242 2484 2550 2551 solitudine,
2596 2483 2929 2538 calamitates
2975 2482 3304 2553 perpetimur
3336 2497 3352 2536 :
3383 2491 3561 2537 tamen
3601 2483 3650 2537 si

2044 2577 2357 2649 frequentes
2384 2594 2411 2631 a
2439 2587 2511 2644 te,
2536 2576 2621 2632 cui
2652 2575 2913 2631 carissimi
2953 2591 3157 2641 sumus,
3191 2575 3369 2629 literas
3414 2573 3651 2643 accipia-

2049 2686 2192 2738 mus,
2216 2686 2335 2739 qua:
2369 2684 2466 2725 nos
2492 2669 2561 2725 de
2591 2679 2679 2723 tua
2709 2667 3012 2723 valetudine
3034 2667 3291 2723 certiores
3320 2665 3538 2730 faciant,
3569 2665 3651 2720 in-

2055 2772 2268 2834 gentem
2297 2758 2443 2827 hinc,
2483 2771 2562 2817 tot
2588 2761 2713 2817 licet
2738 2760 3126 2816 colamitatibus
3150 2758 3414 2829 oppressi,
3454 2773 3652 2814 conso-

2051 2856 2307 2910 lationem
2367 2854 2660 2924 capiemus.
2711 2852 2920 2919 Quanta
2964 2852 3108 2906 enim
3164 2849 3402 2905 caritatis
3459 2849 3540 2903 vis
3578 2848 3651 2903 sit

2048 2948 2385 3019 exploratum
2414 2946 2600 3014 habes,
2628 2945 2878 3016 quodque
2904 2958 3010 2998 non
3039 2942 3331 2998 amicorum
3371 2941 3651 2995 dumtaxat

2046 3040 2354 3113 prassetttia,
2381 3039 2478 3095 sed
2503 3039 2664 3093 etiam
2689 3038 2860 3094 litera:
2888 3038 3078 3106 ingens
3104 3033 3349 3089 solatium
3394 3031 3649 3089 all'erant.

2048 3138 2180 3203 Quae
2224 3150 2346 3190 cum
2391 3134 2462 3188 ita
2501 3133 2627 3199 sint,
2660 3132 2761 3197 fac,
2785 3144 2987 3201 quaeso,
3016 3127 3155 3182 hanc
3201 3125 3356 3181 nobis
3396 3123 3651 3193 volupta-

2053 3239 2159 3282 tem
2185 3224 2519 3295 frequentius
2559 3223 2856 3294 impertias,
2888 3220 2956 3276 de
2979 3217 3284 3276 valetudine
3309 3225 3417 3280 tua,
3449 3215 3520 3269 de
3544 3228 3649 3283 qua

2052 3320 2387 3389 potissimum
2437 3316 2635 3387 aliquid
2683 3315 2871 3371 audire
2909 3314 3191 3384 cupimus,
3243 3310 3505 3366 certiores
3552 3321 3652 3361 nos

2051 3413 2269 3469 faciens.

2279 3503 2439 3560 XXX
2443 3502 2469 3557 Ι
2480 3542 2495 3558 .
2527 3500 2850 3557 Marcellino.
2884 3500 3062 3573 (Anno
3088 3496 3224 3552 forte
3249 3492 3401 3563 405.)

2123 3598 2237 3655 Etsi
2263 3598 2518 3653 diuturno
2545 3596 2759 3650 silentio
2782 3595 2920 3648 inter
2950 3606 3048 3648 nos
3077 3599 3300 3659 uterque
3326 3587 3405 3641 usi
3436 3597 3649 3649 sumus,

2053 3704 2227 3750 tamen
2257 3691 2454 3747 veteris
2494 3690 2635 3745 illius
2660 3704 2723 3743 ac
2751 3689 2975 3743 sincerae
3018 3693 3123 3739 tuae
3164 3679 3401 3737 caritatis
3440 3692 3656 3733 memo—

2053 3789 2185 3844 riam
2218 3787 2439 3842 minime
2471 3783 2786 3854 abjecimus,
2815 3795 3000 3836 verum
3032 3777 3310 3831 florentem
3339 3788 3457 3828 eam
3482 3780 3540 3825 et
3566 3771 3651 3825 in-

2056 3889 2260 3950 tegram
2301 3878 2615 3943 retinemus,
2633 3890 2859 3944 eamque
2879 3886 3217 3943 quocumque
3239 3864 3648 3939 proficiscimur,
3696 3919 3699 3921 ἓ

2054 3971 2335 4025 nobiscum
2387 3967 2855 4030 circumferimus,
2897 3962 3239 4032 maximoque
3287 3960 3410 4014 hinc
3456 3956 3652 4011 solatio

2054 4062 2340 4117 alficimur.
2370 4059 2649 4131 anuede
2678 4073 2836 4113 causa
2882 4055 3129 4111 homines
3170 4065 3311 4105 nunc
3363 4048 3522 4112 nacti,
3557 4047 3651 4116 qui

2055 4156 2120 4211 ad
2149 4164 2201 4211 te
2231 4170 2289 4210 se
2315 4154 2613 4216 conferant,
2658 4151 2895 4207 debitum
2939 4143 3276 4202 salutationis
3324 4153 3520 4195 tnumts
3556 4138 3649 4191 tibi

2058 4246 2436 4318 persolvimus,
2484 4243 2722 4314 illudque
2758 4240 3142 4312 significamus,
3191 4249 3293 4290 nos
3328 4229 3541 4288 etiamsi
3582 4228 3653 4282 ad

2054 4346 2334 4396 extremos
2373 4351 2543 4407 usque
2575 4335 2720 4390 orbis
2746 4343 3009 4390 terrarum
3041 4328 3172 4383 lines
3196 4324 3546 4385 abducantur,
3571 4322 3653 4378 sic

2058 4440 2235 4487 tamen
2271 4430 2444 4495 abire,
2477 4438 2535 4483 ut
2565 4438 2617 4484 te
2645 4429 2697 4483 in
2728 4428 2909 4482 animo
2950 4433 3136 4480 nostro
3187 4420 3401 4492 penitus
3447 4415 3653 4471 inscul-

2061 4532 2208 4592 ptum
2241 4529 2540 4575 teneamus.
2566 4518 2830 4588 Quoniam
2857 4524 3039 4571 autem
3070 4514 3154 4579 iis,
3188 4510 3280 4582 qui
3320 4509 3423 4564 hoc
3467 4507 3650 4561 animo

2060 4615 2270 4686 praediti
2299 4623 2446 4681 sunt,
2475 4630 2581 4668 non
2617 4622 2822 4669 tantum
2867 4611 3128 4677 scribere,
3155 4608 3249 4661 sed
3274 4605 3437 4661 etiam
3467 4603 3534 4657 ab
3563 4602 3649 4667 iis,

2055 4724 2192 4778 qitos
2229 4708 2301 4762 ita
2344 4718 2562 4772 ament,
2613 4706 2796 4760 literas
2840 4704 3086 4773 accipere
3132 4696 3517 4770 periucundum
3543 4702 3649 4762 est,

2057 4800 2199 4855 hanc
2221 4799 2376 4854 nobis
2396 4799 2746 4868 voluptatem,
2763 4791 2986 4848 domine
2998 4791 3306 4862 cumprimis
3323 4785 3650 4853 venerande,

2053 4893 2217 4947 velim
2245 4890 2487 4961 duplices
2516 4909 2529 4944 :
2556 4900 2718 4960 atque
2745 4890 2956 4959 quoties
2987 4885 3211 4941 facultas
3258 4883 3382 4947 erit,
3426 4880 3654 4936 subinde

2056 4986 2124 5040 ad
2155 4999 2254 5039 nos
2283 4983 2509 5048 scribas;
2545 4991 2602 5038 et
2629 4996 2733 5052 qua
2779 4979 3083 5034 valetudine
3127 4977 3202 5031 sis
3240 4988 3504 5044 exponas.
3534 4971 3654 5027 Scis

2057 5079 2392 5149 enimrquam
2424 5075 2578 5130 nobis
2597 5090 2741 5129 cura:
2767 5074 2832 5127 sit
2857 5074 2969 5126 hare
2986 5071 3251 5133 ediscere,
3268 5075 3652 5135 quantamque,

2056 5173 2218 5228 etiam
2244 5171 2297 5225 in
2323 5179 2511 5226 extera
2559 5169 2777 5239 regione
2817 5165 3092 5236 degentes,
3141 5157 3562 5217 consolatioiiem
3588 5171 3652 5210 ex

2058 5266 2158 5321 hac
2186 5280 2247 5320 re
2269 5264 2562 5331 capiamus.

2268 5354 2429 5410 XXX
2435 5353 2494 5408 11
2505 5394 2517 5406 .
2543 5351 2819 5408 Erit/inlice.
2850 5348 3078 5422 (Cucuso
3103 5361 3244 5400 anno
3270 5345 3375 5401 LOi
3402 5344 3422 5415 )

2128 5449 2381 5517 Quamvis
2407 5447 2688 5517 pauciores
2707 5445 2803 5499 abs
2829 5453 2879 5497 te
2907 5440 3161 5512 epistolas
3189 5438 3468 5507 accipiam,
3494 5450 3652 5506 quam

2056 5543 2124 5599 ad
2152 5555 2203 5598 te
2220 5533 2446 5605 mittam,
2470 5556 2574 5594 non
2606 5548 2784 5592 tamen
2816 5546 3096 5606 prepterea
3124 5532 3363 5588 scribere
3385 5530 3651 5584 desinam.

2052 5635 2179 5691 Mihi
2219 5634 2361 5688 enim
2408 5631 2521 5701 ipse
2564 5641 2775 5701 gratum
2819 5627 2978 5691 facio,
3011 5625 3134 5679 dum
3167 5622 3234 5677 ad
3259 5622 3495 5677 animam
3542 5628 3649 5674 tam

2056 5728 2265 5782 sincera
2313 5739 2439 5794 erga
2479 5738 2566 5777 me
2586 5714 2982 5777 ‘bene'volentia
3019 5714 3298 5786 praeditam
3346 5712 3650 5782 frequente:

2058 5819 2257 5876 scribo.
2293 5819 2357 5872 At
2386 5817 2659 5887 quoniam,
2686 5814 2775 5885 qui
2821 5827 2999 5868 rerum
3029 5819 3240 5865 tuarum
3262 5812 3432 5860 status
3451 5804 3541 5866 sit,
3575 5804 3654 5857 in-

2060 5914 2296 5985 telligere
2323 5910 2665 5968 vehementer
2708 5918 2924 5979 expeto,
2959 5907 3157 5963 idcirco
3199 5898 3455 5974 epistolas
3492 5896 3651 5954 etiam
