3906 6370
188 357 281 416 6:27

189 476 274 528 θεν
302 468 594 542 ἐδεξάμεθα
622 468 717 541 τὴν
748 469 1112 542 παράκλησιν.
1143 470 1216 526 Τὸ
1236 470 1339 543 γάρ
1370 470 1637 536 τοιούτους
1664 470 1758 524 άν-

188 563 313 632 δρας
344 559 485 613 οὑτω
515 559 774 631 σφοδροὺς
813 561 1050 631 ἐραστάς
1075 560 1241 633 ἔχειν,
1273 562 1333 616 οὐ
1361 563 1458 633 τὴν
1488 561 1760 633 τυχοῦσαν

190 655 337 725 φέρει
367 655 477 715 τοῖς
515 652 898 722 ἀγαπωμένοις
922 654 1294 724 παραμυθίαν.
1326 654 1435 707 Καὶ
1463 654 1761 727 ἐϐουλόμην

191 747 284 817 μὲν
310 746 427 798 κατ’
457 744 577 814 ὄψιν
596 746 877 816 συντυχεῖν
891 747 956 817 τῇ
981 745 1235 816 εὐλαϐείᾳ
1256 748 1324 816 τῇ
1350 748 1439 817 σῇ,
1467 746 1561 799 καὶ
1589 748 1761 817 ἐμφο-

190 836 410 912 ρηθῆναι
450 835 549 906 τῆς
601 837 823 909 ἡδίστης
874 855 967 891 σου
1019 836 1336 901 διαθέσεως.
1405 838 1546 893 Ἀλλ’
1574 839 1762 912 ἐπειδὴ

188 931 336 986 τοῦτο
365 934 463 987 οὐκ
494 934 571 989 ἔνι
599 933 748 1006 (οὐτε
769 935 877 1005 γάρ
910 937 1041 1007 ἡμῖν
1072 936 1315 1001 δυνατὸν,
1339 934 1461 990 οὐτε
1493 937 1559 1007 τῇ
1587 934 1764 1006 τιμιό-

191 1025 305 1095 τητί
335 1042 424 1078 σου
454 1026 654 1097 ῥᾴδιον,
685 1026 772 1080 διὰ
795 1028 895 1096 τὴν
922 1028 1022 1098 τῆς
1081 1027 1408 1098 Ἐκκλησίας
1437 1028 1538 1099 τῆς
1576 1026 1762 1081 αὐτόθι

191 1118 499 1187 πρόνοιαν),
558 1119 649 1171 ἐπὶ
711 1118 803 1174 τὸν
847 1118 1099 1189 δεύτερον
1163 1120 1472 1189 ἀναγκαίως
1527 1119 1763 1192 ἡλθομεν

191 1207 365 1273 πλοῦν,
400 1208 500 1279 τὴν
532 1208 639 1261 ἀπὸ
669 1209 777 1262 τῶν
806 1210 1151 1282 γραμμάτων
1194 1211 1524 1284 παραψυχὴν
1553 1212 1764 1275 ἑαυτοῖς

192 1299 548 1370 χαριζόμενοι.
581 1303 656 1354 Οὐ
682 1300 791 1371 γὰρ
824 1302 1020 1373 μικρὸν
1044 1303 1137 1356 καὶ
1164 1303 1423 1374 ἐπιστολὴ
1441 1301 1646 1357 δύναιτ’
1673 1301 1765 1368 ἂν,

190 1392 404 1463 γνησίας
432 1393 656 1463 ἀγάπης
675 1394 1159 1466 άνακεχρωσμένη,
1181 1398 1260 1461 εἰς
1289 1396 1633 1469 παράκλησιν
1655 1395 1762 1450 τῶν

188 1484 260 1554 τῷ
305 1485 516 1555 σώματι
565 1486 1005 1558 κεχωρισμένων.
1039 1489 1135 1541 Ἴν’
1168 1482 1260 1542 οῦν
1291 1487 1495 1558 ταύτης
1526 1487 1765 1559 συνεχῶς

189 1576 543 1648 ἀπολαύωμεν
569 1579 669 1648 τῆς
695 1579 1066 1653 παραμυθίας,
1100 1580 1292 1645 ὁσάκις
1321 1582 1388 1636 ἂν
1419 1582 1513 1654 ἐξῇ
1549 1581 1643 1634 καὶ
1675 1581 1766 1634 δυ-

192 1666 337 1722 νατὸν
365 1664 420 1740 ᾖ,
451 1669 689 1740 γράφειν
708 1672 839 1742 ἡμῖν
861 1669 932 1724 τά
951 1672 1079 1743 περὶ
1098 1671 1198 1741 τῆς
1221 1672 1410 1741 ὑγείας
1434 1673 1534 1744 τῆς
1561 1673 1658 1744 σῆς
1688 1673 1763 1744 μὴ

191 1759 452 1815 κατόκνει.
484 1762 598 1815 Καὶ
628 1761 735 1833 γάρ
769 1761 1039 1834 θησαυρὸν
1083 1762 1337 1833 μέγιστον
1388 1762 1482 1816 κα)⁸
1536 1762 1764 1816 πλοῦτον

192 1850 381 1920 ἄφατον
408 1852 634 1921 ἀγαθῶν
655 1854 754 1925 τὴν
790 1854 890 1925 σὴν
921 1853 1202 1926 ἡγούμεθα
1229 1856 1360 1926 ἡμῖν
1382 1849 1522 1908 εἶναι
1557 1853 1762 1925 φιλίαν.

194 1946 303 1998 Κάν
326 1945 565 2017 συνεχῶς
588 1946 845 2001 τοιούτων
886 1948 1249 2018 ἀπολαύωμεν
1301 1947 1545 2017 ἀγαθῶν,
1598 1947 1766 2019 ἡγουν

192 2033 290 2088 τῶν
311 2037 676 2108 γραμμάτων,
699 2037 819 2092 οὐδὲ
844 2039 944 2110 τῆς
964 2038 1195 2093 ἐνταῦθα
1219 2037 1454 2110 ἐρημίας
1481 2037 1767 2110 ληψόμεθα

192 2127 444 2200 αἴσθησιν,
469 2130 582 2183 ἀπὸ
604 2130 714 2184 τῶν
738 2131 1039 2186 ἐπιστολῶν
1076 2130 1187 2186 τῶν
1233 2130 1342 2187 σῶν
1379 2130 1580 2203 πολλὴν
1628 2146 1766 2202 καρ-

191 2218 435 2292 πκὶμενοι
460 2221 565 2295 τὴν
592 2223 958 2296 εὐφροσύνην.

519 2339 663 2392 KH'.
702 2338 1001 2406 Βασιλείῳ
1024 2338 1424 2408 πρεσϐυτέρῳ.

253 2427 312 2482 El
339 2428 430 2481 καὶ
461 2432 566 2500 τῆς
598 2431 715 2482 κατ’
747 2430 871 2500 ὄψιν
922 2448 1016 2483 σου
1052 2431 1340 2501 συντυχίας
1373 2431 1475 2484 οὐκ
1520 2428 1767 2502 ἀπηλαύ-

194 2536 371 2592 σαμεν,
428 2521 568 2575 ἀλλά
615 2522 714 2593 τὴν
740 2522 942 2596 ἀρετήν
978 2540 1073 2576 σου
1108 2523 1205 2594 τῆς
1233 2523 1412 2594 ψυχῆς
1453 2522 1765 2587 ἀκούοντες,

193 2615 382 2669 καὶτὸν
410 2614 580 2686 ζῆλον
600 2614 659 2669 ὃν
687 2614 829 2687 ἔχεις
858 2616 1000 2670 κατά
1020 2615 1128 2669 τῶν
1170 2616 1455 2687 Ἑλλήνων,
1483 2614 1767 2669 καταλύων

195 2707 356 2762 αὐτῶν
387 2709 486 2781 τὴν
529 2707 763 2779 πλάνην,
797 2709 893 2762 καὶ
923 2709 1060 2780 πρὸς
1091 2707 1351 2779 ἀλήθειαν
1383 2707 1764 2779 χειραγωγῶν,

193 2797 261 2862 ὡς
284 2801 543 2872 παρόντες
568 2800 662 2855 καί
685 2801 1098 2872 συγγενόμενοι.
1122 2802 1215 2854 καὶ
1244 2800 1412 2855 πολύν
1434 2818 1515 2854 σοι
1542 2817 1768 2872 συντρα-

196 2891 367 2958 φέντες
393 2894 610 2964 χρόνον,
633 2892 807 2957 οὕτως
839 2911 899 2946 σε
921 2893 1221 2965 αἰδούμεθα
1244 2895 1338 2948 καὶ
1372 2893 1641 2966 τιμῶμεν.
1674 2893 1767 2947 Διὸ

195 2982 280 3036 καὶ
308 2987 573 3057 πρότερον
599 2985 1025 3059 ἐπεπηδὴσαμεν
1050 2989 1163 3050 τοῖς
1196 2986 1333 3059 πρὸς
1368 2986 1430 3039 σὲ
1449 2985 1764 3057 γράμμασι,

104 3156 109 3161 Ξ
199 3077 578 3149 μακαρίζοντές
622 3095 680 3131 σε
734 3078 874 3150 ὑπὲρ
898 3072 972 3133 ὧν
999 3078 1305 3150 κατορθοῖς,
1346 3078 1441 3133 καὶ
1471 3077 1773 3150 θαυμάζονο

196 3183 295 3233 τες,
328 3170 417 3224 καὶ
442 3168 725 3234 αἰτοῦντες
746 3171 841 3224 καὶ
869 3171 1032 3224 αὑτὸν
1066 3173 1197 3242 ἡμῖν
1248 3170 1583 3225 ἐπιστέλλειν
1606 3171 1770 3245 ἡνίκα

200 3262 256 3315 ἂν
281 3262 388 3336 ἐξῇ.
414 3264 521 3317 Καὶ
550 3263 661 3334 γάρ
682 3265 730 3316 εἰ
755 3262 850 3316 καὶ
878 3261 955 3333 τῷ
984 3261 1200 3333 σώματί
1228 3280 1323 3316 σου
1359 3261 1768 3333 κεχωρίσμεθα,

197 3356 318 3413 ἀλλά
340 3361 403 3430 τῇ
433 3358 627 3431 ἀγάπῃ
658 3373 740 3410 σοι
776 3355 1140 3426 συνδεδέμεθα
1158 3396 1173 3420 ,
1209 3357 1517 3420 ἐννοοῦντες
1536 3356 1634 3426 τὴν
1672 3356 1771 3429 σὴν

198 3449 479 3505 εὐλάϐειαν.
539 3448 708 3503 Ταῦτ’
767 3442 863 3503 οῦν
897 3447 1073 3514 εἰδὼς,
1115 3448 1190 3520 μὴ
1219 3447 1474 3503 κατόκνει
1527 3448 1770 3519 συνεχῶς

199 3541 315 3610 ἡμῖν
339 3541 695 3604 ἐπιστέλλειν,
723 3539 818 3593 καὶ
843 3539 912 3593 τά
931 3538 1334 3610 κατορθώματα
1365 3538 1434 3592 τά
1465 3538 1533 3592 σά
1553 3538 1770 3610 δηλοῦν,

202 3632 296 3697 ἵνα,
329 3635 417 3687 καὶ
444 3634 503 3688 ἐν
540 3632 755 3704 ἐρημία
803 3630 1170 3701 διατρίϐοντες
1196 3671 1210 3696 ,
1274 3629 1476 3700 πολλὴν
1519 3628 1770 3685 ἐντεῦθεν

203 3725 607 3797 καρπωσώμεθα
631 3724 730 3795 τὴν
761 3723 1127 3794 παράκλησιν.

358 3839 501 3914 [6η]
530 3841 664 3894 ΚΘ.
704 3837 1002 3906 Χαλκιδὶςι
1037 3837 1139 3891 καί
1186 3838 1591 3908 Ἀσυτκριτίᾳ.

260 3945 429 4016 Μηδὲν
460 3946 611 4018 ὑμᾶς
666 3942 981 4014 ταραττέτω
1011 3942 1120 3995 τῶν
1168 3942 1573 4014 συμϐαινόντων
1605 3941 1773 4013 λυπη-

206 4037 319 4108 ρῶν,
350 4040 479 4111 μηδέ
510 4039 583 4092 τά
618 4035 897 4105 ἐπάλληλα
929 4036 1036 4088 τῶν
1064 4035 1405 4106 πραγμάτων
1435 4035 1656 4106 κύματα
1685 4035 1775 4089 θο-

209 4128 415 4198 ρυϐείτω
436 4130 594 4201 ὑμῶν
618 4127 716 4198 τὴν
746 4125 1003 4180 διάνοιαν.
1030 4125 1264 4196 Τοιαύτη
1288 4125 1398 4197 γὰρ
1430 4129 1463 4197 ἡ
1492 4126 1653 4200 στενὴ
1680 4127 1775 4181 καὶ

204 4222 513 4295 τεθλιμμένη
588 4221 705 4284 ὁδὸς
737 4262 752 4286 ,
803 4219 1006 4291 πολλὴν
1056 4218 1257 4290 ἔχουσα
1306 4221 1405 4292 τὴν
1437 4219 1725 4273 δυσκολίαν
1757 4260 1772 4285 ,

206 4314 411 4380 πολλοὺς
437 4317 566 4381 τοὺς
598 4313 827 4388 ἱδρῶτας
852 4314 945 4365 καὶ
973 4312 1098 4377 τοὺς
1131 4312 1349 4376 πόνους.
1404 4312 1566 4366 Ἀλλὰ
1601 4312 1775 4367 ταῦτα

211 4409 294 4479 μὲν
318 4409 673 4482 παροδεύεται
708 4408 801 4461 καὶ
826 4405 903 4478 τῷ
928 4405 1154 4477 παρόντι
1179 4405 1617 4475 συγκαταλύεται
1649 4404 1772 4476 βίῳ.

208 4502 311 4555 Κᾶν
344 4504 448 4575 γάρ
477 4500 642 4572 στενὴ
664 4502 697 4572 ἡ
716 4499 853 4565 ὁδὸς,
882 4498 998 4551 ἀλλ’
1020 4497 1141 4562 ὁδός
1170 4499 1317 4551 ἐστιν
1337 4516 1350 4531 ·
1392 4496 1461 4550 τὰ
1503 4496 1560 4548 δὲ
1587 4497 1653 4550 ἐκ
1681 4495 1774 4549 τοῦ

209 4592 361 4649 ταῦτα
385 4593 569 4668 φέρειν
601 4589 795 4664 πράως
849 4589 943 4644 καὶ
972 4587 1237 4657 γενναίως
1284 4586 1515 4659 βραϐεῖα
1551 4587 1776 4659 διηνεκῆ

210 4686 293 4739 καὶ
324 4687 583 4752 ἀθάνατα,
619 4685 715 4739 καὶ
745 4682 926 4753 πολλῷ
956 4680 1177 4753 μείζονα
1205 4680 1314 4734 τῶν
1350 4678 1613 4751 ἱδρώτων.
1659 4680 1779 4733 Ἐν-

212 4778 406 4832 νοοῦσαι
451 4779 632 4833 τοίνυν
689 4766 782 4830 καὶ
810 4775 870 4828 τὸ
898 4774 1163 4844 ἐπίκηρον
1196 4773 1291 4826 καὶ
1333 4772 1396 4826 τὸ
1440 4772 1778 4845 πρόσκαιρον

214 4870 301 4938 τῆς
319 4870 565 4942 θλίψεως,
597 4870 690 4924 καὶ
716 4869 777 4923 τὺ
804 4866 1052 4939 διηνεκὲς
1077 4867 1171 4921 καὶ
1199 4865 1468 4919 ἀθάνατον
1488 4864 1596 4919 τῶν
1619 4866 1776 4936 ἀμοι-

214 4960 329 5025 ϐῶν,
353 4964 544 5034 φέρετε
574 4962 752 5016 πάντα
770 4959 1055 5030 γενναίως,
1088 4959 1279 5030 μηδενὶ
1303 4957 1412 5011 τῶν
1436 4974 1499 5011 συ
1510 4957 1780 5029 μπιπτόν-

211 5068 307 5104 των
335 5053 608 5126 δυσχερῶν
636 5053 1058 5126 ταραττόμεναι.
1100 5052 1195 5104 Ἕν
1225 5051 1335 5123 γάρ
1385 5053 1502 5104 ἐστι
1535 5051 1778 5123 λυπηρὸν

218 5141 444 5214 ἁμαρτία
477 5145 662 5215 μόνον·
709 5143 778 5198 τὰ
811 5144 868 5198 δὲ
905 5142 1043 5196 ἄλλα
1085 5141 1285 5206 πάντα,
1318 5138 1544 5212 ἐξορίαι,
1580 5141 1782 5211 δημεύ-

218 5249 337 5298 σεις,
388 5237 700 5305 ἀπαγωγαὶ,
738 5236 1045 5300 ἐπιϐουλαὶ,
1082 5235 1177 5288 καὶ
1213 5234 1314 5288 ὅσα
1340 5237 1567 5287 τοιαῦτα
1592 5274 1609 5299 ,
1654 5232 1783 5286 σκιά

217 5325 292 5389 τίς
327 5330 466 5382 ἐστιν
500 5332 594 5383 καὶ
621 5330 826 5394 καπνὸς
857 5330 952 5385 καὶ
976 5329 1209 5401 ἁράχνη,
1257 5327 1351 5380 καὶ
1379 5326 1434 5379 εἴ
1479 5343 1533 5380 τι
1576 5325 1782 5379 τούτων

220 5416 594 5493 εὐτελέστερον.
632 5424 761 5476 Ἀτε
794 5417 888 5476 οὖν
916 5421 1011 5474 καὶ
1035 5419 1175 5473 κατὰ
1200 5419 1290 5473 τὸν
1323 5418 1634 5494 ἔμπροσθεν
1658 5419 1785 5488 χρό-

219 5521 295 5560 νον
322 5510 541 5574 πολλοὺς
578 5511 938 5583 μελετήσασαι
963 5510 1149 5581 φέρειν
1180 5510 1542 5581 πειρασμοὺς,
1566 5508 1660 5562 καὶ
1689 5508 1784 5561 νῦν

221 5598 311 5669 τὴν
342 5602 705 5673 ἁρμόττουσαν
738 5604 867 5673 ὑμῖν
898 5600 1271 5656 ἐπιδείκνυσθε
1302 5600 1597 5671 ὑπομονήν.
1634 5598 1784 5669 Αὕτη

227 5690 397 5762 γὰρέν
425 5693 686 5767 ἀσφαλείᾳ⁴
726 5695 822 5748 καὶ
844 5693 997 5767 ἀδείᾳ
1024 5695 1117 5748 καὶ
1147 5692 1357 5764 γαλήνῃ
1398 5690 1567 5762 πολλῇ
1617 5707 1785 5744 κατα-

238 5783 409 5854 πῖῆπαι
451 5788 591 5860 ὑμᾶς
619 5788 924 5861 δυνήσεται,
967 5788 1059 5842 καὶ
1110 5785 1481 5863 δοκιμωτέρας
1543 5785 1781 5858 ποιῆται.

1593 353 1974 413 EPISTOLE.

3333 356 3434 413 6:28

1866 472 1977 526 Καὶ
2006 471 2245 543 γράφετε
2282 472 2518 544 συνεχῶς
2563 478 2691 546 ἡμῖν
2722 475 2791 528 τὰ
2838 475 3088 548 περὶτῆς
3125 475 3310 545 ὑγείας
3340 475 3442 548 τῆς

1858 563 2150 633 ὑμετέρας,
2172 563 2237 618 ἄν
2265 580 2414 628 τινας
2441 564 2637 638 εὕρητε
2658 565 2724 619 δι’
2757 566 2893 620 ἰδίαν
2922 567 3111 636 χρείαν
3137 585 3443 638 παραγενο-

1861 654 2056 728 μένους
2081 654 2337 712 ἐνταῦθα.
2372 657 2514 710 Ἰστε
2543 657 2650 728 γὰρ
2683 658 2831 720 ὅπως
2880 658 3048 728 αὐτῆς
3080 658 3443 730 ἀντεχόμεθα,

1858 745 1954 798 καὶ
1980 746 2129 810 ὅπως
2157 745 2460 819 βουλόμεθα
2488 746 2817 820 πυκνότερον
2843 750 2973 819 περὶ
2999 748 3204 821 ταύτης
3234 750 3443 822 μανθά-

1859 853 1995 892 νειν.

2297 953 2345 1005 Δ
2366 988 2381 1005 .
2427 949 2661 1021 Ἐορτίῳ
2689 950 3017 1018 ἐπισκόπφ.

1941 1063 2086 1133 Ἐγὼ
2109 1062 2210 1134 μὲν
2236 1061 2544 1134 ἐπεθύμουν
2570 1064 2665 1118 καὶ
2706 1065 3011 1137 γράμματα
3039 1065 3293 1130 δέξασθαι
3340 1066 3445 1138 τῆς

1862 1155 1960 1226 σῆς
1988 1156 2299 1227 τιμιότητος
2325 1157 2453 1230 περὶ
2479 1158 2581 1228 τῆς
2605 1156 2793 1226 ὑγείας
2821 1158 2921 1228 τῆς
2943 1159 3042 1229 σῆς
3061 1160 3194 1230 ἡμῖν
3222 1158 3444 1229 δηλοῦν-

1860 1266 1945 1303 τα.
1978 1246 2150 1304 Οἶσθα
2170 1250 2277 1322 γάρ
2306 1251 2454 1315 ὅπως
2482 1251 2570 1304 ἀεὶ
2592 1250 2719 1321 περὶ
2754 1252 2854 1323 τὴν
2883 1251 2982 1324 σὴν
3011 1250 3329 1322 διετέθημεν
3356 1252 3446 1304 εὐ-

1860 1341 2104 1406 λάϐειαν,
2129 1340 2365 1396 δέσποτα
2394 1342 2709 1412 τιμιώτατε.
2751 1342 2890 1396 Ἀλλ’
2911 1341 3097 1413 ἐπειδὴ
3125 1342 3283 1396 τοῦτο
3312 1345 3444 1407 ἴσως

1862 1434 1969 1489 τῶν
1996 1435 2487 1506 γραμματηφόρων
2544 1436 2689 1507 ὑμᾶς
2731 1434 3034 1506 περιείλετο
3072 1447 3098 1475 ει
3152 1436 3186 1506 ἡ
3223 1435 3440 1499 σπάνις,

1860 1527 2042 1599 ἡμεῖς,
2078 1527 2425 1597 ἐπιτυχόντες
2448 1526 2556 1581 τῶν
2587 1527 2723 1599 πρὸς
2744 1529 2843 1597 τὴν
2874 1527 2975 1597 σὴν
3003 1526 3287 1580 εὐλάϐειαν
3340 1528 3447 1596 ἀφ-

1864 1618 2224 1689 ικνουμένων,
2256 1618 2508 1690 πρότεροι
2537 1621 2652 1682 τοῖς
2681 1618 3004 1689 γράμμασιν
3028 1618 3450 1688 ἐπεπηδήσαμεν

1861 1713 1975 1775 τοῖς
2008 1711 2146 1782 πρὸς
2182 1710 2282 1783 τὴν
2316 1712 2414 1782 σὴν
2440 1712 2750 1782 τιμιότητα,
2778 1710 2871 1765 καί
2908 1727 2969 1765 σε
2999 1709 3448 1781 παρακαλοῦμεν,

1863 1804 2025 1876 ἡνίκα
2052 1803 2118 1858 ἂν
2151 1804 2267 1874 ἐξῇ,
2305 1804 2398 1857 καὶ
2427 1804 2590 1857 αὐτὸν
2635 1804 2879 1874 συνεχῶς
2924 1803 3056 1874 ἡμῖν
3093 1801 3449 1864 ἐπιστέλλειν,

1862 1896 2112 1966 καὶπερὶ
2147 1895 2249 1966 τῆς
2285 1892 2470 1963 ὑγείας
2506 1895 2607 1965 τῆς
2634 1892 2734 1964 σῆς
2761 1891 2975 1961 δηλοῦν.
3027 1888 3299 1960 Οίκοῦμεν
3339 1887 3451 1958 γὰρ

1862 1987 2062 2060 χωρίον
2086 1987 2444 2059 ἐρημότατον,
2478 1986 2575 2040 καὶ
2607 1985 2790 2056 πάσης
2812 1985 2912 2056 τῆς
2933 1982 3056 2037 καθ’
3089 1982 3238 2053 ἡμᾶς
3269 1981 3451 2032 οἰκου-

1866 2078 2035 2151 μένης
2053 2079 2389 2151 ἐρημότερον
2408 2093 2424 2108 °
2453 2074 2890 2150 πολιορκούμεθα
2910 2074 3006 2126 καὶ
3035 2072 3184 2143 φόϐῳ
3212 2069 3449 2142 λῃστῶν,

1863 2172 1960 2228 καὶ
1996 2171 2196 2235 πολλάς
2243 2171 2321 2235 ὡς
2370 2172 2431 2224 ἐν
2462 2168 2720 2240 ἀλλοτρίᾳ
2757 2166 2853 2222 καὶ
2877 2167 2936 2220 ἐν
2967 2162 3207 2235 τοσαύτῃ
3244 2159 3451 2234 ἐρημία

1862 2265 2072 2336 θλίψεις
2118 2265 2502 2336 ὑπομένομεν*
2553 2262 2695 2334 πλὴν
2736 2260 2833 2314 ἐὰν
2873 2259 3028 2331 ὑμῶν
3082 2256 3188 2310 τῶν
3246 2255 3451 2325 σφόδρα

1861 2361 2013 2431 ἡμᾶς
2043 2357 2380 2428 ἀγαπώντων
2401 2354 2622 2418 πυκνῶς
2638 2352 3088 2423 ἐπιτυγχάνωμεν
3108 2347 3451 2419 γραμμάτων

1862 2453 1931 2506 τά
1959 2452 2092 2523 περὶ
2116 2452 2216 2522 τῆς
2247 2449 2437 2519 ὑγείας
2467 2451 2566 2521 τῆς
2591 2447 2861 2519 ὑμετέρας
2882 2445 3209 2518 δηλούντων,
3250 2441 3455 2511 πολλὴν

1864 2546 1961 2601 καὶ
1998 2548 2056 2598 ἐν
2076 2544 2369 2603 τοσαύταις
2402 2541 2795 2615 περιστάσεσιν
2846 2537 2998 2601 ὅντες
3044 2531 3453 2607 καρπωσόμεθα

1865 2637 2233 2709 παράκλησιν.
2264 2632 2438 2690 Οἶσθα
2463 2636 2571 2707 γάρ
2592 2635 2693 2705 ὅση
2732 2634 2954 2703 ἀγάπης
2974 2630 3226 2700 δύναμις,
3253 2627 3347 2681 καὶ
3377 2625 3456 2687 ὡς

1863 2731 1927 2784 οὐ
1958 2729 2228 2802 παρουσία
2276 2728 2385 2781 τῶν
2439 2726 2738 2797 φιλούντων
2770 2724 2950 2797 μόνον,
2984 2722 3120 2776 ἀλλά
3150 2720 3246 2774 καὶ
3268 2718 3454 2790 γράμ-

1868 2839 2014 2895 ματα
2047 2820 2248 2892 πολλὴν
2273 2818 2541 2891 φέρειτὴν
2575 2817 2951 2889 παραμυθίαν.
2989 2814 3153 2867 Ταῦτ’
3173 2809 3266 2866 οὑν
3298 2806 3456 2873 είδὼς

1864 2913 2247 2985 ἐπιδαψιλεύου
2280 2910 2487 2983 ταύτην
2514 2911 2646 2981 ἡμῖν
2678 2909 2779 2980 τὴν
2834 2904 3196 2979 εὐφροσύνην,
3231 2903 3455 2973 συνεχέ-

1866 3024 2056 3078 στερον
2081 3006 2153 3060 τά
2183 3003 2314 3076 περὶ
2360 3004 2458 3072 τῆς
2488 3002 2679 3071 ὑγείας
2721 3000 2821 3072 τῆς
2850 2999 2950 3070 σῆς
2989 2997 3201 3069 δηλῶν,
3227 2996 3356 3068 περὶ
3385 2988 3457 3067 ἧς

1869 3099 2103 3171 μάλιστα
2139 3094 2608 3170 περισπούδαστον
2640 3094 2776 3163 ἡμῖν
2819 3090 3133 3164 μανθάνειν.

2274 3206 2425 3281 [612]
2461 3210 2592 3260 AA'.
2637 3202 3049 3274 Μαρκελλίνῳ.

1937 3320 2176 3394 Mantin
2225 3320 2328 3390 μὲν
2386 3318 2727 3389 ἐσιγήσαμεν
2783 3312 3082 3386 ἀμφότεροι
3118 3309 3276 3381 σιγὴν
3323 3306 3462 3379 πρὸς

1866 3416 2150 3488 ἀλλήλους,
2175 3414 2275 3485 τῆς
2294 3412 2351 3466 δὲ
2376 3413 2598 3481 ἀγάπης
2623 3426 2717 3463 σου
2736 3409 2834 3480 τῆς
2862 3405 3094 3478 ἀρχαίας
3115 3404 3209 3457 καὶ
3230 3401 3461 3472 γνησίας

1866 3513 1999 3581 ἡμῖν
2033 3508 2248 3581 ἐκείνης
2302 3507 2405 3559 οὑκ
2457 3500 2885 3573 ἐπιλελήσμεθα,
2931 3498 3047 3552 ἀλλ’
3102 3496 3460 3567 ἀκμάζουσαν

1867 3598 2038 3671 αὐτὴν
2067 3594 2457 3666 διατηροῦμεν,
2490 3595 2584 3648 καὶ
2613 3594 2855 3661 ὅπουπερ
2890 3587 2955 3643 ἂν
2983 3586 3255 3657 ἀπίωμεν,
3291 3584 3462 3655 αὐτὴν

1868 3687 2263 3760 περιφέρομεν,
2316 3686 2583 3756 μεγίστην
2642 3678 2897 3735 ἐντεῦθεν
2952 3678 3328 3749 καρπούμενοι
3360 3673 3460 3744 τὴν

1873 3784 2240 3856 παράκλησιν.
2273 3783 2363 3835 Διὸ
2388 3779 2452 3850 δὴ
2480 3780 2574 3832 καὶ
2599 3776 2694 3831 νῦν
2712 3773 3061 3845 ἐπιτυχόντες
3075 3772 3182 3824 τῶν
3204 3767 3341 3840 πρὸς
3359 3766 3461 3837 τὴν

1872 3880 1972 3950 σὴν
1988 3878 2271 3946 εὐγένειαν
2289 3877 2522 3942 ἁφικνου
2531 3871 2731 3943 μένων,
2750 3869 2851 3940 τήν
2874 3885 2934 3921 τε
2957 3861 3312 3937 ὀφειλομένην
3332 3860 3462 3914 ἀπο-

1869 3970 2121 4041 διδόαμεν
2168 3967 2495 4039 πρόσριησιν,
2535 3964 2630 4016 καὶ
2678 3960 2967 4032 δηλοῦμεν,
3025 3956 3110 4011 ὅτι
3160 3954 3265 4008 κᾶν
3323 3950 3461 4022 πρὸς

1872 4065 2041 4127 αὐτάς
2083 4059 2472 4131 ἁπενεχθῶμεν
2519 4058 2617 4126 τῆς
2669 4052 2995 4124 οἰκουμένης
3033 4048 3132 4111 τὰς
3179 4043 3458 4116 ἐσχατιὰς,

1873 4156 2087 4227 ἔχοντές
2110 4171 2169 4207 σε
2200 4154 2407 4223 ἄπιμεν
2437 4153 2496 4204 ἐν
2527 4147 2737 4218 διανοίᾳ.
2777 4140 3257 4213 ἐγκεκολαμμένον
3301 4135 3460 4209 ἡμῶν

1873 4248 1952 4317 τῷ
1984 4246 2269 4301 συνειδότι.
2312 4243 2452 4297 Ἀλλ’
2481 4241 2670 4312 ἐπειδὴ
2696 4241 2811 4301 τοῖς
2843 4234 2986 4289 οὑτω
3012 4230 3376 4302 διακειμένοις
3399 4228 3461 4283 οὐ

1872 4343 1936 4396 τὸ
1955 4342 2187 4412 γράφειν
2231 4339 2441 4409 μόνον,-
2468 4333 2604 4390 ἀλλά
2650 4333 2744 4386 καὶ
2783 4330 2846 4384 τὸ
2876 4326 3129 4407 δέχεσθαι
3158 4323 3464 4412 γράμματα

1879 4410 2031 4504 παρά
2056 4430 2166 4485 τῶν
2187 4428 2331 4482 οὕτω
2366 4424 2730 4497 φιλουμένων,
2777 4419 2978 4489 πολλὴν
3014 4416 3170 4488 φέρει
3215 4412 3313 4484 τὴν
3342 4410 3465 4481 ἡδοει

1877 4524 2004 4597 νὴν,
2039 4520 2398 4576 διπλασίασον
2431 4519 2564 4589 ἡμῖν
2602 4516 2700 4585 τὴν
2730 4508 3091 4580 εὐφροσύνην,
3120 4506 3354 4558 δέσποτα
3383 4516 3465 4553 τις

1880 4592 2118 4690 μίώτατε
2138 4654 2154 4679 ,
2182 4613 2277 4669 καὶ
2298 4612 2461 4684 ἡνίκα
2491 4611 2558 4665 ἀν
2586 4608 2700 4679 ἐξῇ,
2742 4605 2923 4677 γράφε
2953 4599 3189 4690 συνεχῶς
3213 4597 3367 4690 ἡμῖν,
3391 4592 3463 4653 τὰ

1878 4688 2009 4781 περὶ
2040 4706 2139 4776 τῆς
2177 4702 2390 4772 ὑγιείας
2433 4701 2534 4772 τῆς
2566 4699 2668 4769 σῆς
2712 4694 2913 4768 δηλῶν.
2967 4689 3136 4745 Οἶσθα
3164 4688 3274 4758 γὰρ
3313 4688 3464 4781 ὅπως

1880 4779 2011 4875 ἡμῖν
2047 4796 2514 4871 περισπούδαστον
2539 4792 2715 4847 ταῦτα
2745 4788 3055 4862 μανθάνειν,
3083 4784 3176 4838 καὶ
3207 4784 3338 4875 ὅσην
3369 4779 3465 4875 καὶ

1962 4869 2218 4965 ἀλλοτρίᾳ
2238 4887 2625 4961 διατρίϐοντες,
2663 4878 2911 4938 ἐντεῦθεν
2935 4871 3341 4948 καρπωσόμεθα
3366 4869 3467 4941 τὴν

1881 4986 2248 5060 παράκλησιν.

2441 5073 2576 5130 AB’.
2615 5069 2906 5137 Εὺθαλίςι.

1955 5191 2076 5245 Κᾶν
2102 5189 2359 5253 ἐλάττους
2376 5188 2622 5257 δέχωμαι
2646 5180 2937 5242 ἐπιστολὰς
2959 5178 3108 5251 παρά
3124 5178 3222 5249 τῆς
3252 5174 3471 5245 κοσμιό-

1884 5302 2049 5353 τητος
2077 5284 2177 5354 τῆς
2209 5283 2330 5352 σῆς,
2362 5273 2437 5333 ὦν
2456 5278 2621 5342 αὐτὸς
2642 5277 2848 5348 πέμπω
2876 5273 3014 5346 πρὸς
3042 5272 3141 5342 τὴν
3168 5270 3268 5340 σὴν
3297 5264 3472 5338 ἐμμέ-

1882 5380 2055 5443 λειαν,
2089 5378 2190 5430 οὐκ
2221 5374 2603 5444 ἀποστήσομαι
2640 5369 2879 5441 συνεχῶς
2912 5367 3161 5440 γράφων.
3215 5355 3464 5432 Ἐμαυτῷ

1885 5474 1994 5542 γὰρ
2019 5468 2320 5541 χαρίζομαι
2345 5464 2504 5519 τοῦτο
2542 5463 2734 5532 ποιῶν,
2777 5460 2915 5533 πρὸς
2966 5458 3143 5529 ψυχὴν
3163 5453 3305 5509 οὑτω
3338 5469 3471 5523 γνη-

1888 5566 2018 5627 σίως
2048 5561 2177 5632 περὶ
2198 5562 2348 5632 ἡμᾶς
2368 5558 2723 5630 διακειμένην
2746 5556 2841 5609 καὶ
2866 5552 3085 5625 θερμῶς
3113 5546 3205 5603 καὶ
3234 5546 3470 5616 συνεχῶς

1888 5654 2236 5709 ἐπιστέλλων.
2286 5652 2432 5725 Πλὴν
2469 5651 2582 5706 ἀλλ’
2613 5649 2801 5720 ἐπειδὴ
2858 5646 3064 5717 σφόδρα
3126 5644 3257 5714 ἡμῖν
3318 5657 3472 5712 περι-

1958 5803 1981 5830 δ
2008 5797 2206 5850 (ἶοίείὶῐι.
2234 5795 2509 5861 περιείλετο,
2534 5797 2686 5843 recte.
2712 5790 2840 5841 Edil.
2868 5785 3130 5856 παρείλετο.
