3906 6376
454 390 559 445 62‘.)

454 501 791 556 σπούδκστον
818 501 1109 571 μανθάνειν
1139 503 1197 553 ἐν
1226 501 1367 554 τίσιν
1394 503 1541 573 ὁρμᾷ
1572 502 1639 555 τὰ
1676 501 1761 566 σὰ,
1793 498 2033 568 συνεχῶς

451 592 550 646 καὶ
571 593 915 664 γραμμάτων
948 590 1321 661 ἐπιθυμοῦμεν
1351 592 1667 656 ἀπολαύειν,
1698 593 1784 646 ἵνα
1829 591 2035 662 μανθά-

459 700 635 753 νωμεν
658 681 921 752 διηνεκῶς
950 681 1093 753 άπερ
1132 681 1530 752 ἐπιθυμοῦμεν,
1582 683 1662 737 ὅτι
1691 685 1749 736 ἐν
1798 680 2035 752 εὐθυμία

455 772 548 825 καὶ
600 768 871 840 ἀσφαλείᾳ
894 769 1098 836 διάγεις
1130 768 1321 840 πολλῇ.
1347 769 1567 823 Τούτων
1595 768 1703 840 γὰρ
1733 767 2035 822 ἀπολαύου-

454 877 521 913 σα
548 873 595 923 ι,
629 859 711 910 ὅτι
740 856 942 928 πολλὴν
963 860 1089 927 ποιῇ
1122 857 1218 926 τῆς
1237 857 1416 927 ψυχῆς
1436 856 1536 925 τῆς
1564 856 1663 926 σῆς
1692 853 2031 925 ἐπιμέλειαν,

453 950 546 1004 καὶ
575 950 683 1002 τῶν
734 949 1004 1019 βιωτικῶν
1036 948 1386 1020 ὑπερορῶσα,
1439 947 1537 1019 τὴν
1571 950 1650 1011 είς
1677 947 1767 1001 τὸν
1808 946 2033 1019 οὐρανὸν

452 1041 569 1094 ὁδὸν
599 1039 855 1109 βαδίζεις,
879 1040 1032 1094 οὑδὲν
1057 1038 1211 1112 οἶμαι
1234 1040 1344 1095 δεῖν
1368 1034 1749 1111 ἀμφιϐάλλειν.
1776 1035 1906 1092 Οἶδα
1924 1039 2034 1109 γάρ

454 1150 546 1185 σου
574 1134 672 1203 τῆς
695 1133 872 1204 ψυχῆς
891 1133 1218 1203 τὸιεὺγενὲς,
1244 1135 1340 1189 καὶ
1366 1133 1692 1206 ἐλευθέριον,
1723 1133 1819 1186 καλ⁵
1848 1133 2055 1205 ἀπραοκ

453 1220 732 1292 γμοούνης
778 1222 970 1291 γέμον,
1003 1223 1098 1277 καὶ
1147 1222 1255 1277 τῶν
1305 1223 1574 1293 βιωτικῶν
1616 1221 2033 1293 ἀπηλλαγμένον

454 1314 769 1383 φροντίδων.
801 1313 1090 1368 Ἐννοοῦσα
1118 1317 1297 1369 τοίνυν
1318 1315 1483 1385 ⁴ἡλίκα
1511 1317 1642 1386 ἡμῖν
1667 1315 1863 1388 χαρίζῃ
1881 1312 2033 1367 τοῦτο

453 1404 706 1467 ποιοῦσα,
743 1405 907 1476 ἡνίκα
945 1404 1012 1459 ἂν
1034 1406 1126 1477 ἐξῇ
1161 1409 1256 1461 καὶ
1276 1408 1499 1463 δυνατὸν
1528 1403 1584 1482 ᾗ,
1636 1409 1874 1479 συνεχῶς
1902 1409 2033 1478 ήμῖν

453 1497 813 1565 ἐπιστέλλειν,
850 1499 1102 1568 καθάπερ
1136 1503 1579 1574 προειρήκαμεν,
1627 1501 2032 1573 παρακλήθητι,

455 1587 596 1642 ὥστε
623 1589 824 1660 πολλὴν
863 1592 1009 1661 ἡμᾶς
1032 1592 1124 1644 καὶ
1145 1590 1393 1644 ἐντεῦθεν
1422 1593 1521 1663 τῆς
1543 1593 1779 1665 ἐρημίας
1804 1590 2030 1662 ταύτης,

455 1680 516 1733 ἐν
607 1680 972 1751 διατρίϐομεν,
1002 1682 1187 1734 λαϐεῖν
1220 1682 1595 1754 παραμυθίαν.
1632 1685 1675 1736 Τ
1679 1686 1713 1738 ἀ
1742 1683 1851 1756 γάρ
1878 1683 2033 1754 ὑμῶν

452 1770 562 1822 τῶν
589 1770 926 1838 ἀγαπώντων
952 1774 1099 1842 ἡμᾶς
1129 1773 1435 1843 γράμματα
1458 1775 1584 1828 ὅταν
1603 1775 1842 1844 συνεχῶς
1866 1776 2033 1846 φέρη-

400 1916 401 1919 η
453 1877 540 1913 ται
562 1860 699 1931 πρὸς
730 1863 895 1931 ἡμᾶς,
930 1862 998 1916 τά
1036 1864 1164 1934 περὶ
1199 1864 1300 1934 τῆς
1331 1865 1540 1934 ὑγιείας
1564 1866 1718 1936 ὑμῶν
1746 1866 2030 1937 δηλοῦντα,

452 1951 513 2004 οὐ
547 1951 644 2021 τῆς
670 1953 936 2025 τυχούσης
971 1956 1120 2025 ἡμᾶς
1153 1957 1490 2029 ἐμπίπλησιν
1512 1958 1869 2030 εὑφροσύνης,
1899 1959 2034 2015 ἀλλὰ

450 2042 722 2115 τοσαύτην
754 2048 886 2116 ἡμῖν
914 2048 1133 2117 ἐμποιεῖ
1153 2049 1251 2121 τὴν
1281 2050 1472 2122 ἡδονὴν
1492 2092 1507 2116 ,
1539 2051 1615 2115 ὡς
1652 2052 1786 2122 μηδὲ
1828 2052 2031 2124 μικρὰν

451 2135 705 2207 αἴσθησιν
726 2139 823 2207 τῆς
847 2140 1083 2211 ἐρημίας
1109 2142 1336 2214 ταύτης,
1368 2145 1428 2197 ἐν
1513 2142 1883 2215 διατρίϐομεν,
1900 2145 2034 2215 λαμ-

451 2224 580 2281 ϐάνει
589 2244 653 2282 ιν.

1015 2326 1153 2379 AI".
1196 2326 1448 2397 Ἀδολίᾳ.

523 2407 634 2461 Καὶ
671 2410 843 2484 ταύτῃ
876 2429 970 2467 σου
1011 2414 1108 2485 τὴν
1139 2416 1362 2489 ἀγάπην
1409 2417 1637 2485 ἔδειξας,
1678 2419 1776 2490 τὴν
1800 2418 2031 2490 γνησίαν

446 2492 545 2552 ’καὶ
582 2500 809 2573 θερμὴν.
843 2504 925 2557 ὅτι
956 2507 1049 2559 καὶ
1088 2508 1147 2560 ἐν
1175 2508 1459 2581 ἀρρωστίᾳ
1505 2506 1674 2575 οὖσα,
1716 2512 1859 2566 οὕτω
1905 2529 2031 2568 συν-

449 2593 590 2661 εχῶς
619 2596 750 2665 ἡμῖν
777 2597 1131 2663 ἐπιστέλλεις.
1188 2602 1379 2671 Ἡμεῖς
1407 2603 1464 2656 δὲ
1522 2603 1894 2676 ἐπιθυμοῦμεν
1931 2608 2031 2676 τῆς

448 2685 847 2756 τείάρρωστίας
882 2705 941 2741 σε
970 2689 1374 2762 ἀπαλλαγῆναι,
1408 2695 1500 2747 καὶ
1526 2695 1761 2748 ἐνταῦθα
1792 2713 2032 2767 παραγε-

448 2774 705 2847 νομένην,
735 2778 862 2831 ὅταν
900 2780 995 2851 ἐξῇ
1022 2824 1036 2848 ,
1072 2781 1396 2837 θεάσασθαι.
1425 2786 1534 2839 Kal
1570 2785 1730 2840 τοῦτο
1757 2783 1913 2842 οἶσθα
1936 2791 2030 2844 καὶ

445 2863 606 2934 αὑτὴ,
641 2865 802 2937 κυρία
827 2885 928 2938 μου
955 2872 1305 2945 κοσμιωτάτῃ
1328 2874 1423 2927 καὶ
1447 2875 1839 2951 εὑλαϐεστάτη.
1877 2880 2031 2934 Ἐπεὶ

445 2953 560 3020 οὖν,
616 2959 753 3031 ὅπερ
784 2961 879 3014 καὶ
918 2962 1229 3035 ἔμπροσθεν
1263 2967 1600 3034 ἐπέσταλκα,
1636 2969 1732 3025 νῦν
1781 2973 1839 3025 ἐν
1875 2972 2027 3047 [613]

447 3051 687 3121 φροντίδι
741 3053 950 3122 μείζονι
998 3054 1419 3129 καθεστήκαμεν
1463 3062 1732 3135 (καὶγὰρ
1762 3066 1872 3120 ἀπὸ
1919 3068 2029 3120 τῶν

444 3139 792 3210 γραμμάτων
848 3143 1264 3215 ἐστοχασάμεθά
1307 3164 1401 3201 σου
1458 3150 1558 3221 τῆς
1587 3152 1901 3224 ἀρρωστίας
1931 3156 2029 3229 τὴν

445 3229 802 3302 ὑπερϐολὴν),
824 3232 913 3286 διά
936 3251 1016 3287 τοι
1055 3235 1231 3302 τοῦτο,
1274 3238 1435 3309 ήνίκα
1472 3242 1539 3296 ἂν
1568 3244 1706 3313 πρὸς
1726 3246 1788 3299 τὸ
1821 3246 2029 3317 βέλτιον

446 3319 615 3390 ἐπιδῷ
644 3338 726 3374 σοι
776 3323 836 3375 τὸ
897 3322 1076 3393 σῶμα,
1108 3324 1195 3379 διὰ
1244 3328 1443 3399 τάχους
1474 3329 1549 3391 ώς
1580 3331 1760 3402 βούλει
1789 3335 2028 3405 δηλῶσαι

446 3413 579 3482 ἡμῖν
609 3414 994 3486 παρακλήθητι
1031 3416 1188 3495 τοῦτο
1215 3420 1367 3483 αὐτὸ,
1411 3421 1496 3476 ἴνα
1540 3424 1851 3499 βαρυτάτης
1878 3430 1909 3500 ἡ
1921 3431 2029 3500 μᾶς

445 3504 701 3575 ἀνεθῆναι
725 3508 959 3580 ποιήσῃς
984 3510 1284 3581 φροντίδος.
1323 3514 1443 3568 Ὀτι
1474 3516 1583 3589 γὰρ
1608 3519 1703 3572 καὶ
1730 3519 1825 3574 νῦν
1844 3522 1945 3577 οὐκ
1969 3526 2028 3576 ἐν

447 3597 620 3666 μικρᾷ
654 3596 1070 3671 καθε-στήκαμεν
1120 3603 1327 3677 ἀθυμίᾳ.
1357 3607 1457 3678 τῆς
1494 3609 1807 3682 ἀρρωστίας
1842 3614 2028 3672 ἕνεκεν

451 3686 543 3780 τῇς
572 3688 837 3780 σῆςζούδέ
869 3692 1006 3764 αὑτὴ
1045 3694 1277 3763 ἀγνοεῖς.
1324 3698 1510 3753 Εἰδυῖα
1538 3702 1718 3757 τοίνυν
1747 3705 1845 3776 τὴν
1868 3723 2028 3780 φρον-

444 3777 648 3870 τίδαᾼὲν
737 3780 834 3835 νῦν
854 3785 1043 3854 ἐσμεν,
1085 3786 1222 3858 ὅπερ
1256 3791 1715 3865 παρεκαλέσαμεν
1734 3837 1749 3861 ,
1800 3774 2027 3870 ποιήσαι

445 3868 769 3928 σπούδασον.
800 3874 863 3928 EE
912 3877 1005 3929 καὶ
1049 3878 1117 3931 τά
1168 3880 1402 3949 μάλιστα
1456 3883 1608 3938 οὐδέν
1643 3902 1724 3940 σοι
1759 3890 1837 3953 είς
1871 3868 2027 3946 τοῦτο

445 3959 527 4013 δεῖ
564 3964 994 4036 παρακλήσεως·
1033 3968 1151 4023 ἀλλ’
1177 3966 1237 4025 εὖ
1266 3967 1365 4025 οἷδ’
1398 3973 1481 4027 ὅτι
1510 3975 1651 4030 ὅσων
1675 3978 1741 4032 ἂν
1764 3980 2027 4055 ἐπιτύχῃς

446 4059 953 4195 γραμματηφόρων,
978 4062 1038 4115 οὐ
1061 4062 1246 4136 παύσῃ
1276 4064 1344 4118 δι’
1370 4067 1600 4121 ἑκάστου
1628 4070 1759 4141 ἡμῖν
1784 4074 2028 4130 ἐπιστέλ-

477 4160 630 4195 ουσα.

477 4160 535 4196 ου
544 4160 630 4199 σα.

977 4242 1108 4297 ΛΝ.
1152 4245 1461 4312 Καρτερία.

518 4328 627 4381 Καὶ
659 4325 819 4382 τοῦτο
847 4329 948 4400 τῆς
980 4332 1204 4405 ἀγάπης
1245 4335 1346 4405 τῆς
1382 4337 1504 4407 σῆς,
1542 4339 1641 4410 τῆς
1679 4359 2027 4417 μεμεριμνη-

448 4417 617 4490 μένης
655 4418 832 4491 ψυχῆς
863 4424 966 4493 τῆς
996 4425 1246 4496 σφοδρῶς
1278 4429 1408 4501 περὶ
1457 4430 1606 4500 ἡμᾶς
1654 4432 2024 4508 διακειμένης.

448 4510 504 4565 τὸ
550 4511 625 4585 μὴ
676 4513 840 4584 μόνον
887 4515 1205 4572 ἀποστεῖλαι
1252 4519 1314 4573 τὸ
1362 4521 1714 4595 πολυάρχιον,
1746 4528 1883 4584 ἀλλά
1932 4535 2027 4586 καὶ

446 4605 718 4675 σκοπῆσαι
761 4606 912 4671 ὅπως
958 4606 1024 4661 ἂν
1058 4608 1271 4678 γένοιτο
1292 4615 1586 4685 χρήσιμον,
1624 4621 1943 4690 προσθεῖναί
1964 4642 2026 4679 τε

445 4697 591 4767 αὑτῷ
632 4698 693 4751 τό
731 4717 790 4752 τε
835 4701 1105 4772 νάρδινον,
1146 4704 1333 4758 καὶτὸ
1377 4706 1663 4775 γλεύκινον
1718 4712 1917 4781 ἔλαιον,
1948 4716 2026 4769 δι-

441 4787 705 4858 ορθοῦντα
728 4791 890 4844 αὑτοῦ
906 4792 1003 4864 τὴν
1022 4795 1131 4849 ἀπὸ
1143 4796 1243 4866 τῆς
1279 4801 1501 4870 μακρᾶς
1524 4801 1833 4876 ἀποδημίας
1862 4806 2024 4879 ξηρόο

447 4896 603 4950 τητα.
662 4882 774 4934 Καὶ
808 4884 870 4937 τὺ
912 4886 1084 4956 αὐτὴν
1121 4889 1215 4941 καὶ
1267 4894 1680 4948 κατασκευάσαι
1725 4896 1903 4964 τοῦτο,
1933 4901 2024 4954 καὶ

447 4969 523 5040 μὴ
572 4971 780 5043 ἑτέροις
828 4976 1141 5047 ἐπιτρέψαι,
1174 4980 1269 5033 καὶ
1297 4980 1371 5051 μὴ
1406 4982 1506 5053 τῆς
1537 4984 1841 5055 ταχύτητος
1873 4989 2026 5057 γενέ-

447 5061 591 5121 σθαι.
633 5062 770 5116 ἀλλά
795 5065 889 5118 τοῦ
928 5069 1184 5135 γενέσθαι
1221 5072 1511 5126 σπουδαῖον
1539 5074 1694 5138 αὑτὸ,
1728 5079 1823 5131 καὶ
1863 5079 2026 5134 τοῦτο

448 5153 683 5223 μάλιστα
722 5157 1124 5229 ἐκπλήττεσθαι
1150 5164 1299 5234 ἡμᾶς
1338 5164 1439 5236 τὴν
1486 5165 1727 5221 διάθεσιν
1752 5169 1850 5239 τὴν
1896 5175 2026 5243 περὶ

446 5246 592 5316 ἡμᾶς
626 5245 916 5316 πεποίηκε.
952 5250 1052 5303 Διά
1073 5251 1231 5307 τοῦτό
1266 5270 1349 5307 σοι
1383 5254 1613 5326 χάριτας
1652 5258 2026 5332 ὁμολογοῦμεν

444 5335 501 5389 ἐν
537 5337 699 5408 μόνον
735 5337 1117 5407 ἐγκαλοῦντες,
1155 5344 1258 5409 ὅτι,
1293 5343 1322 5397 ὃ
1370 5346 1606 5416 μάλιστα
1660 5354 2028 5423 περισπούδα-

444 5445 566 5483 στον
593 5424 662 5500 ἦν
702 5432 854 5500 ήμῖν,
884 5429 1043 5484 τοῦτο
1078 5433 1177 5485 οὑκ
1221 5433 1473 5506 ἔπεμψας
1502 5438 1591 5492 διὰ
1621 5439 1732 5493 τῶν
1757 5446 2025 5516 γραμμά-

441 5536 570 5584 των,
594 5521 662 5575 τά
689 5521 982 5591 εὐαγγέλια
1023 5522 1165 5593 λέγω
1192 5524 1294 5594 τῆς
1333 5528 1434 5595 σῆς
1458 5531 1665 5599 ὑγείας.
1688 5534 1801 5588 Kal
1823 5537 1899 5600 ὡς
1930 5538 2025 5592 νῦν

440 5611 500 5663 ἐν
528 5614 766 5683 φροντίδι
800 5615 1239 5688 καθεστήκαμεν,
1269 5618 1368 5673 οὑκ
1424 5621 1627 5687 εἰδότες
1676 5620 1766 5679 οἶα
1804 5628 1900 5700 τῆς
1931 5631 2027 5702 ἀρ-

446 5749 755 5858 ).alftiguo
772 5752 942 5818 optimi
963 5766 1097 5815 mss.,
1117 5757 1266 5815 atque
1289 5754 1352 5803 ila
1378 5754 1499 5817 legit
1520 5755 1786 5820 lulerprcs.
1801 5760 1888 5811 Ed.
1904 5763 2021 5814 ἀπο-

505 5828 677 5868 υοντες.

1155 390 1214 443 S.
1254 386 1539 444 JOA’NNIS
1569 379 2055 443 CIIRYSUSTOMI
2088 378 2406 438 ARCIHEP.
2446 378 2995 467 CONSTAN'I'INOP.

3609 380 3715 436 630

2137 495 2372 567 ῥωστίας
2403 495 2604 567 ἐστηκε
2637 495 2736 566 τῆς
2772 494 2900 565 σῆς·
2931 493 3103 558 οὕτως
3138 495 3203 548 ἂν
3231 495 3319 550 διὰ
3356 495 3557 567 τάχους
3588 499 3719 569 ἡμῖν

2137 586 2358 657 πέμψῃς
2379 588 2681 659 γράμματα
2699 585 3115 656 ἀπαγγέλλοντα
3131 587 3281 657 ἡμῖν,
3301 588 3383 641 ὅτι
3404 587 3626 643 λέλυται
3654 591 3721 643 τά

2133 678 2235 748 τῆς
2267 678 2445 742 νόσου,
2461 678 2530 732 τά
2552 677 2783 747 μέγιστα
2802 679 2935 748 ήμῖν
2960 681 3145 750 χαριῇ.
3176 680 3360 732 Εἰδυῖα
3375 681 3556 735 τοίνυν
3572 682 3720 746 ὅπως

2136 769 2341 842 σφόδρα
2372 767 2747 840 ἐπιθυμοῦμεν
2777 768 2989 839 μαθεῖν,
3016 769 3099 822 ὅτι
3125 769 3190 840 δὴ
3220 772 3283 824 ἐκ
3310 772 3407 841 τῆς
3434 771 3719 838 ἀσθενείας

2134 860 2335 932 ταύτης
2361 860 2687 931 ἀνήνεγκας,
2730 858 2956 930 χαρίζου
2992 862 3123 931 ἡμῖν
3155 861 3357 932 ταύτην
3390 862 3490 934 τὴν
3525 864 3721 934 εὐφρο-

2137 951 2325 1022 σύνην,
2368 952 2426 1004 ἐν
2460 952 2527 1021 τῇ
2561 948 2921 1023 χαλεπωτάτῃ
2966 950 3141 1023 ταύτῃ
3173 953 3378 1024 ἐρημίᾳ
3401 970 3459 1005 τε
3487 955 3585 1008 καὶ
3619 972 3718 1008 πο-

2134 1040 2352 1113 λιορκίᾳ
2379 1040 2440 1093 οὑ
2475 1038 2678 1111 μικράν
2707 1039 2976 1111 ἐσομένην
2997 1041 3128 1111 ήμῖν
3155 1042 3523 1114 παράκλησιν.

2715 1162 2850 1214 AE'.
2897 1159 3138 1228 Ἀλφίῳ.

2216 1276 2275 1330 Ὀ
2319 1275 2452 1339 Θεός
2491 1292 2573 1329 σοι
2602 1276 2696 1329 τὸν
2727 1275 2919 1346 μισθὸν
2957 1275 3091 1347 δῴη,
3118 1278 3214 1331 καὶ
3260 1280 3319 1332 ἐν
3362 1281 3441 1351 τῷ
3487 1283 3718 1355 παρόντι

2136 1368 2256 1440 βίῳ,
2289 1369 2384 1421 καὶ
2413 1370 2471 1420 ἐν
2496 1367 2573 1437 τῷ
2603 1366 2849 1436 μέλλοντι
2881 1367 3063 1430 αἰῶνι,
3088 1368 3189 1439 τῆς
3203 1370 3431 1440 γνησίας
3462 1373 3560 1425 καὶ
3594 1372 3719 1445 θερ-

2138 1461 2244 1531 μῆς
2275 1460 2404 1531 περὶ
2431 1460 2581 1530 ἡμᾶς
2604 1458 2847 1529 ἀγάπης.
2876 1459 2976 1529 τῆς
3009 1458 3356 1530 εἰλικρινοῦς,
3386 1465 3483 1515 καὶ
3513 1465 3618 1516 ἀνυ
3630 1482 3720 1518 πο-

2134 1551 2343 1623 κρίτου,
2383 1550 2481 1620 τῆς
2532 1551 2812 1620 ἀκινήτου,
2850 1548 2943 1601 καὶ
2988 1549 3408 1621 ἀπεριτρέπτου.
3460 1555 3539 1608 Οὑ
3608 1556 3721 1627 γάρ

2138 1643 2309 1715 μικρά
2334 1643 2605 1714 δείγματα
2633 1642 2734 1712 τῆς
2750 1643 2878 1715 περὶ
2903 1644 3053 1714 ἡμᾶς
3069 1642 3380 1707 διαθέσεως,
3417 1646 3514 1699 καὶ
3540 1646 3719 1702 ταῦτα

2133 1735 2197 1787 ἐκ
2225 1733 2479 1788 τοσούτου
2514 1734 2820 1804 καθήμενος
2836 1735 3229 1805 διαστήματος,
3251 1736 3533 1803 ἐπεδείξω,
3558 1739 3717 1811 κύριέ

2138 1844 2239 1898 μου
2264 1824 2562 1897 τιμιώτατε
2597 1828 2691 1880 καὶ
2717 1827 3094 1895 εὑγενέστατε,
3116 1826 3254 1881 ἀλλά
3288 1829 3384 1882 καὶ
3415 1828 3594 1882 πολλά
3626 1832 3716 1886 καὶ

2137 1918 2367 1988 μεγάλα.
2404 1919 2504 1973 Διά
2540 1920 2698 1974 τοῦτό
2735 1937 2819 1973 σοι
2851 1921 3085 1991 χάριτας
3120 1919 3301 1992 ἴσμεν.
3341 1923 3438 1976 καὶ
3475 1924 3716 1993 συνεχῶς

2132 2011 2468 2067 ἐπιστέλλειν
2511 2011 2835 2083 βουλόμεθα,
2876 2012 2993 2066 ἀλλ’
3015 2013 3077 2066 οὑ
3105 2012 3381 2084 δυνάμεθα
3429 2014 3627 2078 ὁσάκις
3652 2015 3718 2068 ἂν

2134 2099 2470 2173 βουλώμεθα,
2502 2102 2786 2173 γράφομεν
2808 2100 2867 2154 δέ
2894 2101 3085 2164 ὁσάκις
3117 2102 3183 2157 ἂν
3207 2101 3512 2173 δυνώμεθα.
3546 2100 3718 2158 Οἶσθα

2132 2193 2242 2266 γὰρ
2272 2193 2365 2248 καὶ
2396 2194 2497 2265 τὴν
2543 2193 2649 2248 ἀπὸ
2672 2193 2765 2248 τοῦ
2799 2193 3085 2265 χειμῶνος,
3119 2192 3215 2247 καὶ
3235 2193 3333 2265 τὴν
3347 2193 3455 2248 ἀπὸ
3477 2194 3589 2248 τῶν
3622 2194 3718 2268 λῃρ

2134 2285 2373 2357 στρικῶν
2401 2285 2609 2355 ἐφόδων
2650 2287 2944 2358 γινομένην
2974 2288 3034 2339 ἐν
3071 2288 3192 2349 ταῖς
3222 2286 3360 2350 ὁδοῖς
3400 2286 3713 2340 δυσκολίαν.

2131 2379 2224 2450 Μὴ
2249 2378 2427 2431 τοίνυν
2443 2377 2673 2451 νομίσῃς
2696 2377 2959 2449 ῥᾳθυμεῖν
2983 2379 3149 2449 ἡμᾶς,
3168 2377 3295 2430 ὅταν
3315 2377 3534 2448 μακράν
3559 2380 3718 2450 σιγή·

2132 2481 2315 2535 σωμεν
2364 2466 2545 2536 σιγὴν,
2582 2465 2718 2519 ἀλλά
2745 2468 2812 2537 τῇ
2855 2468 3047 2520 σπάνει
3079 2465 3187 2519 τῶν
3218 2468 3718 2539 γραμματηφόρων

2132 2557 2283 2631 [6M]
2314 2558 2470 2611 τοῦτο
2490 2557 2726 2626 λογίζου,
2754 2557 2829 2630 μὴ
2849 2560 2915 2628 τῇ
2943 2557 3204 2629 ὀλιγωρία
3230 2560 3298 2629 τῇ
3328 2558 3595 2629 ἡμετέρα.
3632 2561 3715 2624 Ὡς

2131 2651 2245 2718 εἴγε
2287 2649 2508 2703 δυνατῦν
2559 2645 2627 2722 ἦν
2676 2650 3065 2721 συνεχέστερον
3118 2650 3476 2715 ἐπιστέλλειν,
3506 2653 3609 2705 οὑκ
3653 2652 3719 2706 ἂν

2129 2741 2457 2812 ὠκνήσαμεν
2498 2739 2680 2795 πυκνά
2720 2741 3031 2809 πέμποντές
3064 2759 3145 2795 σοι
3178 2741 3509 2813 γράμματα.
3554 2744 3727 2814 Ἡμῖν,

2131 2835 2240 2907 γὰρ
2271 2835 2485 2898 ἑαυτοῖς
2516 2834 2902 2906 ἐχαριζόμεθα,
2932 2834 3031 2906 τήν
3056 2836 3411 2906 ὀφειλομένην
3433 2853 3517 2889 σοι
3550 2837 3717 2907 πρό-σ-

2131 2944 2291 2999 ρησιν
2324 2927 2706 2998 συνεχέστερον
2747 2927 3109 2991 ἀποδιδόντες.
3158 2927 3324 2983 Ταῦτ’
3375 2924 3469 2982 οὖν
3537 2928 3715 2993 εἰδὼς,

2129 3018 2307 3089 γράφε
2340 3018 2474 3089 ἡμῖν
2508 3015 2746 3086 συνεχῶς
2773 3018 2867 3070 καὶ
2905 3017 3068 3081 αὑτὸς
3098 3017 3166 3071 τά
3201 3018 3331 3091 περὶ
3365 3021 3465 3090 τῆς
3504 3018 3717 3087 ὑγιείας

2130 3110 2229 3176 τῆς
2260 3110 2379 3182 σῆς.
2400 3110 2579 3180 Ὅπερ
2606 3108 2741 3178 ἔφης
2758 3109 3159 3164 ἀπεσταλκέναι
3186 3111 3337 3183 ἡμῖν,
3362 3109 3523 3163 τοῦτο
3543 3111 3719 3179 οὐδεὶς

2129 3201 2386 3271 ἐκόμισεν
2430 3199 2685 3266 ἐνταῦθα,
2728 3200 2842 3254 ἀλλ’
2894 3200 3282 3273 ὑπέστρεψενό
3327 3201 3466 3275 ἔχων
3505 3202 3594 3257 διά
3627 3203 3716 3256 τὸν

2128 3292 2235 3345 τῶν
2268 3292 2479 3365 λῃστῶν
2503 3292 2688 3362 φόϐον.
2730 3293 2877 3365 Πλὴν
2893 3293 3321 3366 παρακαλοῦμέν
3349 3312 3409 3347 σε
3444 3294 3521 3366 μὴ
3542 3298 3714 3349 ποιεῖν

2127 3384 2307 3451 τοῦτο,
2365 3385 2500 3457 μηδέ
2549 3385 2836 3449 δυσκολίας
2866 3378 3073 3457 “σαυτῷ
3129 3386 3387 3458 παρέχειν
3419 3388 3519 3441 καὶ
3572 3389 3713 3460 πρά-

2128 3493 2332 3547 γματα.
2363 3476 2442 3530 Τά
2470 3476 2578 3549 γὰρ
2603 3476 2814 3555 μεγάλα
2844 3494 2939 3530 σου
2968 3476 3136 3546 δῶρα,
3159 3478 3220 3531 τὸ
3243 3478 3465 3547 γνήσιόν
3500 3496 3597 3532 σου
3626 3481 3717 3533 καὶ

2130 3568 2330 3640 θερμὸν
2367 3569 2465 3640 τῆς
2506 3568 2818 3636 διαθέσεως,
2874 3563 2936 3624 οὗ
3008 3569 3271 3641 διηνεκῶς
3323 3570 3711 3638 ἀπολαύοντες,

2129 3660 2484 3733 ἐντρυφῶμεν
2512 3660 2599 3714 ἀεὶ
2622 3663 2689 3732 τῇ
2726 3660 2915 3733 μνήμῃ
2944 3661 3043 3731 τῆς
3067 3660 3167 3731 σῆς
3192 3661 3432 3733 ἀγάπης.

2256 3777 2401 3842 ΑΕΓ.
2440 3772 2678 3841 Μάρωνι
2712 3773 3088 3842 πρεσϐυτέρῳ
3119 3773 3219 3827 καὶ
3245 3773 3585 3850 μονάζοντι.

2211 3888 2403 3958 Ἡμεῖς
2431 3889 2499 3959 τῇ
2535 3886 2633 3959 μὲν
2663 3887 2850 3959 ἀγάπῃ
2878 3886 3241 3957 συνδεδέμεθά
3274 3905 3356 3941 σοι
3392 3888 3486 3940 καὶ
3511 3891 3578 3960 τῇ
3600 3887 3712 3943 δια-

2130 3979 2296 4043 θέσει,
2329 3979 2422 4034 καὶ
2463 3980 2539 4043 ὼς
2590 3981 2833 4051 παρόντα
2873 3996 2933 4033 σε
2978 3978 3210 4033 ἐνταῦθα
3265 3979 3436 4044 οὕτως
3474 3981 3706 4051 ὁρῶμεν.

2129 4072 2370 4126 Τοιοῦτοι
2397 4071 2506 4144 γὰρ
2537 4072 2637 4143 τῆς
2667 4073 2889 4143 ἀγάπης
2930 4073 2980 4125 οἱ
3010 4071 3307 4144 ὀφθαλμοί·
3342 4072 3442 4144 οὑχ
3471 4072 3575 4142 ὁδῷ
3607 4073 3713 4125 δια-

2127 4164 2442 4226 κόπτονται,
2477 4161 2537 4215 ού
2582 4163 2761 4235 χρόνῳ
2813 4163 3186 4235 μαραίνονται.
3249 4163 3614 4237 Ἐϐουλόμεθα
3656 4164 3712 4217 δέ

2128 4257 2225 4310 καὶ
2256 4258 2639 4329 συνεχέστερον
2674 4256 3009 4310 ἐπιστέλλειν
3038 4259 3106 4327 τῇ
3154 4255 3414 4328 εὐλαϐείᾳ
3445 4254 3567 4321 σου,
3597 4256 3710 4310 ἀλλ’

2127 4348 2317 4420 ἐπειδὴ
2352 4348 2510 4403 τοῦτο
2540 4350 2642 4403 οὑκ
2665 4348 2763 4421 ἐνιί
2774 4349 2954 4421 ῥᾴδιον
2995 4348 3085 4402 διὰ
3123 4347 3223 4420 τὴν
3255 4349 3355 4419 τῆς
3375 4348 3496 4402 όδοῦ
3523 4348 3711 4402 δυσκο-

2126 4443 2267 4510 λίαν,
2300 4443 2393 4497 καὶ
2422 4442 2521 4517 τὴν
2551 4420 2787 4515 ἀπορίαν
2817 4420 2925 4496 τῶν
2964 4441 3281 4514 ὁδοιπόρων,
3319 4442 3485 4513 ήνίκα
3516 4443 3585 4495 ἂν
3614 4443 3707 4513 ἐξῇ

2127 4536 2609 4608 προσαγορεύομέν
2660 4553 2754 4589 σου
2793 4535 2893 4606 τὴν
2941 4535 3256 4606 τιμιότητα,
3287 4534 3382 4588 καὶ
3428 4533 3590 4604 δῆλόν
3631 4552 3710 4587 σοι

2127 4629 2409 4699 ποιοῦμεν,
2437 4629 2519 4682 ὅτι
2548 4627 2813 4700 διηνεκῶς
2844 4626 2937 4681 ἐπὶ
2968 4627 3189 4698 μνήμης
3219 4642 3279 4679 σε
3310 4626 3528 4697 ἔχομεν,
3568 4630 3625 4680 ἐν
3645 4629 3708 4698 τῇ

2125 4722 2271 4794 ψυχῇ
2308 4725 2373 4794 τῇ
2422 4722 2669 4794 ἡμετέρα
2710 4721 3117 4792 περιφέροντες,
3144 4721 3387 4791 ὅπουπερ
3430 4720 3495 4774 ἂν
3538 4714 3709 4792 ῶμεν.

2127 4817 2297 4887 Δήλου
2344 4815 2523 4870 τοίνυν
2571 4814 2667 4868 καὶ
2712 4814 2875 4876 αὐτὸς
2912 4817 3044 4886 ἡμῖν
3076 4814 3461 4885 συνεχέστερον
3485 4814 3556 4868 τά
3586 4817 3714 4886 περὶ

2127 4908 2223 4978 τῆς
2248 4907 2457 4975 ὑγιείας
2477 4905 2575 4976 τῆς
2605 4904 2724 4974 σῆς,
2758 4904 2845 4957 ἵνα
2880 4906 2974 4957 xal
3011 4903 3090 4975 τῷ
3123 4903 3335 4974 σώματι
3370 4904 3714 4974 κεχωρισμέ-

2126 5017 2226 5063 νοι,
2265 4996 2626 5069 μανθάνοντες
2660 4996 2901 5067 συνεχῶς
2949 4995 3017 5050 τά
3062 4996 3192 5067 περὶ
3236 4996 3336 5067 τῆς
3366 4994 3586 5067 ῥώσεως
3615 4998 3713 5065 τῆς

2128 5090 2247 5160 σῆς,
2288 5087 2642 5159 εὐθυμότεροι
2676 5086 2976 5158 γινώμεθα,
3022 5088 3117 5141 καὶ
3165 5087 3367 5158 πολλὴν
3409 5088 3466 5140 ἐν
3504 5087 3714 5159 ἐρημία

2126 5178 2424 5250 καθήμενοι
2452 5176 2739 5249 δεχώμεθα
2757 5177 2858 5250 τὴν
2881 5175 3243 5247 παράκλησιν.
3270 5178 3343 5231 Οὐ
3374 5175 3577 5249 μικρὰν
3602 5176 3714 5248 γάρ

2126 5273 2257 5343 ἡμῖν
2285 5270 2624 5344 εὐφροσύνην
2643 5270 2858 5341 κομίζει
2878 5269 2941 5323 τὸ
2971 5270 3191 5324 ἀκούειν
3220 5271 3348 5343 περὶ
3375 5271 3475 5342 τῆς
3500 5270 3713 5339 ὑγιείας

2125 5364 2224 5433 τῆς
2249 5363 2369 5433 σῆς.
2406 5363 2517 5417 Kal
2544 5362 2651 5433 πρὸ
2691 5362 2907 5417 πάντων
2949 5360 3203 5432 εὔχεσθαι
3248 5362 3387 5434 ὑπὲρ
3433 5360 3593 5435 ήμῶν
3616 5379 3714 5416 πα-

2130 5453 2449 5526 ρακλήθητι.

2462 5612 2592 5666 AZ'.
2639 5609 3023 5679 Τραγκυλίνῳ
3041 5608 3370 5675 ἐπισκόπφ.

2198 5728 2301 5781 Τὸν
2329 5726 2518 5798 κύριόν
2551 5741 2653 5794 μου
2693 5723 2785 5776 τὸν
2825 5723 3154 5795 τιμιώτατον
3183 5725 3482 5781 ἐπίσκοπον
3511 5723 3705 5779 Σέλευ-

2133 5840 2223 5877 κοιν
2255 5818 2458 5875 οἴκοθεν
2485 5817 2587 5888 μὲν
2616 5818 2644 5868 ὁ
2684 5832 2747 5867 πε
2760 5815 2811 5887 pl
2840 5816 2985 5887 ἡμᾶς
3025 5817 3285 5889 ἀνέστησε
3323 5819 3502 5885 πόθος,
3528 5818 3709 5872 ἐντεῦ-
