3906 6374
481 402 576 458 631

484 515 735 570 ridet-ium
787 519 1035 572 excitavu
1064 533 1077 569 :
1108 525 1164 571 ut
1208 527 1388 574 autem
1439 519 1563 575 hinc
1614 534 1805 577 rursus
1849 521 2069 575 domum

482 606 704 671 rediret,
729 609 803 661 tui
824 623 994 663 arnor.
1023 608 1154 663 Nam
1172 609 1258 665 hic
1276 624 1400 665 eum
1423 610 1649 674 induxit,
1672 620 1730 667 ut
1744 621 1799 668 et
1820 612 2073 679 hiemem,

485 706 540 749 et
568 696 771 753 itineris
791 697 1176 765 difﬁcultatem,
1200 708 1254 755 et
1276 700 1652 771 gravissimum
1682 703 1927 758 morbum
1948 717 2079 758 con-

487 795 768 844 temneret.
797 790 1110 845 Collaudato
1135 791 1313 863 itaque
1356 793 1523 865 ipsius
1566 809 1752 850 amore
1785 809 1849 850 ac
1875 795 2074 859 studio,

483 881 698 936 domine
727 883 798 936 mi
830 884 1267 952 praestantissime
1286 927 1301 953 ,
1331 885 1596 943 diuturna:
1641 887 1798 958 hujus
1826 902 2079 944 aerumna:

486 975 761 1043 prmmium
789 975 889 1045 ipsi
928 979 1163 1047 repende
1185 1020 1201 1044 ,
1227 978 1365 1034 hanc
1392 980 1642 1034 nimirum
1663 1020 1678 1046 ,
1707 996 1865 1052 quam
1891 980 2038 1037 soles
2059 1020 2076 1046 ,

483 1066 760 1122 caritatem
803 1081 927 1138 erga
973 1082 1094 1124 eum
1148 1070 1458 1126 ostendens.
1507 1069 1615 1126 Nos
1662 1071 1807 1127 enim
1863 1086 1986 1127 eum
2011 1070 2080 1126 ad

485 1165 601 1211 tuas
628 1171 841 1225 manus,
871 1160 1016 1214 velut
1045 1159 1112 1216 ad
1144 1162 1486 1233 tranquillum
1517 1160 1799 1233 quemdam
1829 1173 2039 1234 portum
2059 1205 2076 1233 ,

486 1249 899 1318 transmisimus,
927 1252 1122 1322 quippe
1146 1253 1234 1324 qui
1262 1264 1406 1310 tuam
1432 1256 1741 1311 comitatem
1768 1297 1786 1322 ,
1812 1271 1877 1313 ac
1901 1257 2080 1313 since-

486 1353 598 1393 ram
624 1381 639 1406 ,
664 1338 989 1410 ferventem,
1022 1343 1234 1399 ﬁrmam
1256 1354 1415 1417 atque
1442 1355 1776 1403 constantem
1807 1349 2080 1403 caritatem

488 1442 820 1502 compertam
850 1434 1163 1492 habeamus.
1195 1439 1272 1493 Ac
1299 1440 1343 1493 si
1382 1441 1645 1511 quispiam
1676 1441 1831 1497 istinc
1859 1443 2036 1497 veniat
2062 1481 2080 1509 ,

490 1524 648 1595 idque
671 1524 825 1581 facile
850 1527 952 1595 sit,
981 1528 1049 1583 de
1080 1540 1168 1584 tua
1198 1531 1500 1588 valetudine
1527 1533 1684 1588 velim
1709 1534 1775 1589 ad
1808 1551 1906 1591 nos
1944 1535 2081 1591 scri-

489 1616 601 1671 bas.
630 1618 966 1691 Eupsychius
991 1623 1133 1676 enim
1163 1623 1228 1677 ad
1256 1639 1352 1677 nos
1378 1640 1481 1679 non
1510 1641 1654 1681 nunc
1676 1628 1935 1683 accessit:
1960 1629 2082 1685 ideo

492 1712 622 1768 nihil
646 1731 717 1769 ex
742 1715 808 1771 iis
836 1732 954 1787 qua:
976 1757 993 1784 ,
1016 1733 1138 1773 cum
1167 1736 1338 1790 nuper
1368 1722 1434 1776 ad
1466 1738 1563 1777 nos
1589 1724 1881 1793 scriberes,
1904 1727 2080 1783 dictu-

488 1819 606 1859 rum
633 1805 782 1862 illum
807 1808 1010 1878 aiebas,
1040 1811 1183 1867 scire
1206 1813 1494 1883 potuimus,
1525 1816 1666 1886 quod
1698 1818 1941 1874 videlicet
1969 1820 2082 1891 ipse

489 1911 751 1967 nusquam
777 1910 1048 1970 appareat.
1068 1902 1197 1959 Haec
1214 1904 1380 1975 igitur
1407 1920 1530 1963 cmn
1551 1907 1643 1962 tibi
1668 1910 1886 1965 minime
1902 1911 2082 1982 ignota

487 1988 627 2055 sint,
663 1997 772 2045 tum
800 2007 863 2047 ea
893 2009 1012 2063 qua:
1051 2009 1148 2064 per
1193 2010 1315 2051 eum
1349 2013 1520 2067 nuper
1547 1999 1703 2055 nobis
1737 2001 2080 2071 signiﬁcanda

489 2094 791 2148 curaveras,
816 2093 924 2138 tum
948 2086 991 2139 si
1019 2086 1144 2156 quid
1165 2086 1308 2142 aliud
1329 2088 1558 2160 amplius
1584 2100 1681 2145 nos
1705 2092 1842 2147 scire
1862 2106 2089 2151 necesse

485 2168 575 2236 sit,
598 2187 738 2227 nunc
759 2173 949 2229 saltem
975 2174 1059 2231 fac
1080 2177 1332 2243 sciamus,
1355 2194 1418 2235 ac
1434 2180 1502 2236 de
1519 2190 1605 2235 tua
1625 2167 1944 2251 valetudine,
1966 2201 2085 2256 quas

488 2263 642 2320 nobis
667 2280 892 2322 summa:
920 2283 1063 2324 cura:
1086 2278 1191 2336 est,
1213 2271 1358 2327 etde
1388 2289 1512 2344 qua,
1541 2290 1661 2329 cum
1692 2285 1943 2346 perpetua
1970 2278 2081 2332 sol-

488 2353 761 2411 licitudine
802 2356 1126 2426 laboremus,
1160 2371 1420 2432 perpetuo
1467 2378 1678 2436 quoque
1711 2366 1897 2423 audire
1935 2368 2085 2438 cupi-

488 2459 634 2509 mus,
666 2447 868 2516 aliquid
915 2449 1072 2505 nobis
1099 2450 1359 2521 significa.

489 2535 544 2590 Χ
544 2536 649 2593 XX
664 2537 770 2594 VII
779 2538 828 2595 Ι.
866 2540 1144 2614 Hymnetio
1167 2544 1244 2615 (a)
1274 2546 1546 2601 archiatro.
1577 2546 1807 2618 (Cucuso
1834 2565 1995 2620 anno,
2025 2559 2086 2607 ut

1095 2643 1329 2704 putatur,
1359 2636 1509 2709 405.)

558 2721 669 2777 Etsi
700 2738 806 2777 non
842 2724 1034 2781 crebro
1057 2725 1123 2781 ad
1152 2736 1205 2783 te
1244 2727 1426 2784 literas
1453 2729 1715 2796 dedimus,
1748 2739 1804 2787 at
1826 2745 2085 2805 perpetuo

485 2818 663 2868 tamen
703 2816 965 2871 memoria
996 2806 1051 2871 te
1073 2826 1344 2887 gestamus
1370 2859 1384 2885 ,
1417 2828 1479 2875 ut
1505 2822 1596 2892 qui
1626 2821 1879 2879 ferventis
1905 2826 1977 2880 tui
2020 2842 2085 2883 ac

486 2904 634 2972 probi
677 2915 732 2961 et
775 2907 968 2963 sinceri
1015 2910 1216 2965 amoris
1253 2910 1439 2983 ingens
1469 2914 1653 2983 paucis
1695 2915 1885 2974 diebus
1912 2918 2081 2974 docu-

486 3007 723 3051 mentum
753 3001 1075 3068 ceperimus.
1110 3002 1297 3072 quue
1327 3006 1544 3061 nomine
1572 3009 2079 3068 reverendissimum

482 3087 756 3144 dominum
785 3106 961 3147 meum
988 3094 1298 3163 episcopum
1328 3095 1608 3153 Seleucum
1634 3101 1698 3154 ad
1732 3107 1849 3154 tuas
1870 3116 2080 3170 manus,

484 3196 589 3234 non
618 3198 773 3236 secus
799 3192 958 3254 atque
986 3185 1037 3238 in
1067 3195 1276 3255 portum
1299 3229 1313 3254 ,
1343 3190 1775 3248 transmittimus.
1807 3192 1938 3248 Nam
1968 3194 2082 3264 ipse

483 3271 797 3338 gravissima
837 3275 971 3329 tussi
1001 3288 1222 3332 vexatur
1244 3319 1260 3346 ,
1294 3294 1453 3349 quam
1493 3282 1655 3336 etiam
1685 3283 1925 3340 infestius
1954 3289 2081 3344 anni

485 3369 695 3432 tempus
715 3376 891 3434 auget,
914 3367 1322 3439 gravioremque
1344 3371 1536 3426 reddit.
1560 3372 1693 3429 Cum
1723 3376 1882 3448 igitur
1906 3380 2079 3437 morbi

485 3459 726 3507 naturam
773 3466 1108 3527 perspectam
1155 3460 1388 3531 habeas,
1417 3462 1632 3522 domine
1663 3470 1733 3522 mi
1770 3473 2082 3543 cumprimis

483 3544 804 3612 venerande,
824 3546 890 3601 da
919 3564 1157 3618 operam,
1185 3560 1242 3607 ut
1261 3568 1383 3615 enm
1413 3569 1477 3610 ex
1510 3555 1611 3613 hac
1633 3566 1947 3631 tempestate
1975 3565 2083 3620 eri-

485 3630 616 3700 pias,
638 3634 827 3689 morbo
850 3637 1190 3697 incommodo
1204 3644 1335 3698 artis
1357 3655 1461 3700 tuae
1479 3647 1580 3702 vim
1605 3630 1913 3720 opponens,
1926 3655 2079 3723 cujus

481 3739 584 3795 ope
610 3735 767 3797 atque
794 3729 1104 3800 adjumento
1123 3733 1320 3790 multos
1345 3750 1508 3807 smpe,
1540 3754 1660 3794 cum
1686 3741 1738 3795 in
1767 3741 1907 3797 idem
1937 3745 2081 3814 peri-

480 3815 660 3870 culum
690 3820 983 3888 venissent,
1020 3838 1088 3879 ne
1115 3824 1379 3894 ejusmodi
1407 3826 1652 3886 [luctibus
1681 3833 2035 3892 obruerentur
2061 3877 2077 3905 ,

479 3921 512 3959 c
540 3906 816 3978 naufragio
843 3915 1020 3966 statim
1048 3915 1316 3973 exemisti.

552 3994 821 4053 XXXIX.
852 4000 1150 4061 Chalcidice.
1182 4005 1418 4077 (Cucuso
1446 4025 1588 4066 anno
1617 4012 1723 4067 404
1747 4013 1832 4069 vel
1862 4015 2013 4087 605.)

552 4088 837 4145 Carilatcm
869 4108 1024 4160 cum,
1058 4111 1215 4166 quam
1240 4098 1351 4167 jam
1384 4100 1508 4157 inde
1535 4103 1602 4158 ab
1631 4103 1782 4159 initio
1826 4121 1950 4177 erga
1981 4124 2079 4165 nos

481 4178 670 4244 habes,
702 4197 825 4236 nov:
852 4202 864 4237 :
889 4191 1136 4256 quodque
1164 4191 1431 4260 vigentem
1462 4207 1577 4246 eam
1611 4195 1863 4263 retineas,
1892 4213 1956 4253 ac
1984 4213 2078 4253 cu-

480 4273 816 4330 mulatiorem
842 4279 1067 4335 subinde
1095 4281 1306 4351 reddas,
1330 4300 1555 4356 eamque
1580 4288 2074 4360 obdisjunclioncm

479 4367 716 4413 nostram
751 4402 766 4428 ,
796 4371 1109 4435 tantumque
1158 4370 1414 4439 temporis
1459 4373 1688 4441 spatium
1717 4415 1731 4438 ,
1763 4391 1866 4429 non
1917 4379 2077 4433 modo

476 4452 752 4511 obscurari
785 4471 891 4513 non
918 4459 1194 4528 sinas,sed
1216 4462 1376 4518 etiam
1408 4465 1574 4536 magis
1595 4466 1912 4525 inﬂammes.
1944 4469 2077 4526 Illud

475 4560 688 4616 quoque
722 4548 858 4616 scio,
893 4558 943 4606 te
976 4550 1156 4607 literas
1182 4561 1394 4609 nostras
1422 4570 1608 4626 magna
1637 4571 1758 4612 cum
1788 4561 1949 4615 animi
1978 4577 2074 4616 vo—

475 4637 678 4708 luptate
701 4641 978 4712 accipere;
1009 4651 1187 4716 teque,
1219 4647 1333 4703 sive
1354 4649 1577 4714 scribas,
1604 4651 1722 4707 sive
1747 4659 1958 4725 taceas,
1978 4670 2076 4711 eo-

475 4729 598 4784 dem
629 4741 805 4788 tamen
834 4749 1050 4805 semper
1085 4739 1265 4792 animo
1304 4755 1429 4810 erga
1457 4756 1554 4796 nos
1581 4756 1700 4799 esse
1725 4761 1738 4798 :
1766 4744 1818 4799 id
1849 4747 1990 4800 enim
2021 4757 2077 4802 et

475 4819 658 4874 multis
692 4823 747 4877 in
776 4823 937 4880 rebus
960 4867 975 4892 ,
1005 4834 1059 4881 et
1086 4844 1229 4898 smpe
1256 4845 1373 4883 sum
1404 4843 1681 4900 expertus.
1711 4835 2072 4900 Quamobrem

476 4918 530 4964 te
556 4923 673 4979 oro,
691 4920 751 4966 ut
774 4916 1019 4972 eumdem
1047 4935 1171 4991 erga
1195 4936 1292 4975 nos
1318 4924 1551 4977 animum
1582 4926 1814 4982 retinere
1844 4942 2070 4999 pergas:

474 5000 737 5069 siquidem
755 5005 949 5064 sinceri
979 5010 1049 5083 tui
1080 5013 1281 5068 amoris
1302 5015 1465 5069 multa
1497 5016 1739 5086 pignora,
1765 5020 1930 5075 multa
1954 5036 2072 5076 mo-

475 5090 711 5148 nimenta
742 5094 1018 5154 habemus.
1048 5101 1250 5159 Idcirco
1291 5112 1343 5161 te
1373 5114 1645 5178 tamquam
1676 5109 1727 5165 in
1757 5111 1939 5168 animo
1971 5129 2073 5169 no-

473 5192 587 5237 stro
618 5183 934 5257 iuseulptam
966 5203 1223 5262 perpetuo
1249 5196 1674 5256 circumferimus
1695 5243 1710 5266 ,
1743 5204 1925 5274 tuique
1950 5222 2069 5262 me-

473 5275 696 5330 moriam
724 5277 795 5331 ita
825 5288 1085 5349 tenemus,
1117 5296 1177 5340 ut
1202 5287 1343 5342 nulla
1372 5289 1640 5347 oblivione
1665 5292 1829 5348 deleri
1880 5298 2069 5366 possit,

472 5366 681 5423 etiamsi
699 5384 803 5424 non
826 5384 971 5441 srepe
990 5374 1286 5434 scribamus
1305 5381 1375 5437 ob
1398 5383 1795 5441 tabellariorum
1814 5388 2069 5460 inopiam.

631 5509 879 5589 ξ’ωῘΫῘΨΨ
903 5511 1366 5589 θὲῨθίδιξθὴΨιὲθί
1387 5520 1766 5589 savii-semper,
1790 5523 2070 5589 Itymcthito,

472 5567 690 5651 habent;
699 5572 1180 5651 Διξιὲζνςι.,..Ιιῃηιη‹ςςί‹ξ.
1204 5567 1372 5651 Vatis,
1390 5567 1766 5651 Ῑῆἑῆἰᾶἶιίδζλῖ

471 5642 536 5708 ‘3‘-
575 5631 846 5708 "im-wit“
862 5636 931 5708 .8“
952 5631 2069 5708 5|‘P,°"?1EI!S:dicereadd'ausieil‘niﬁiEé'uEéTZ

472 5691 766 5775 Mammium
791 5691 999 5775 habent:
1017 5691 1137 5775 erat
1151 5691 2071 5775 hic'archiaterEt—metiicusisdem-pa:-

472 5750 591 5826 ltitii,
614 5755 765 5826 unde,
790 5766 838 5805 ut
861 5760 1087 5826 observat
1107 5750 1579 5826 mceusjifiﬁnbé
1587 5750 1936 5824 iiéiid'asiiﬁ‘a

474 5813 549 5865 lus
572 5822 650 5865 est
670 5816 735 5866 de
752 5813 1017 5887 'pomitibus
1041 5832 1093 5877 et
1112 5813 1725 5896 uatisiié‘éséii'faia’uil

1228 405 1287 462 S.
1326 407 1606 466 JOANNIS
1640 405 2111 465 CIIRYSOSTOMI
2148 404 2468 465 ARCHIEP.
2508 410 3044 469 CONsTANTINOP.
3646 420 3730 474 632

2186 519 2315 575 Haec
2341 522 2499 592 igitur
2520 538 2642 579 cum
2669 540 2772 579 non
2796 533 2847 580 te
2873 523 3095 597 fugiant,
3123 529 3455 583 ornatissima
3475 539 3526 586 et
3548 534 3731 605 religio-

2182 612 2394 668 sissima
2414 614 2628 670 domina
2656 632 2794 680 mea,
2810 618 3037 675 subinde
3062 635 3272 690 quoque
3290 623 3400 691 ipsa
3419 622 3485 678 de
3508 632 3588 679 tua
3612 628 3733 682 vale-

2185 704 2369 760 tudine
2391 706 2458 761 ad
2477 722 2574 762 nos
2591 707 2785 763 scribe.
2802 709 3136 781 Quamquam
3161 713 3303 768 enim
3332 728 3448 782 nos,
3465 729 3577 769 cum
3601 717 3735 774 nulla:

2184 795 2342 852 nobis
2376 797 2474 853 abs
2505 806 2557 853 te
2584 797 2755 853 litera:
2780 800 3076 855 redduntur
3099 841 3114 867 ,
3138 817 3231 857 eos
3260 803 3349 872 qui
3376 802 3527 860 istinc
3549 807 3736 863 veniunt

2183 888 2253 945 de
2277 889 2379 945 hac
2405 905 2466 946 re
2495 905 2708 961 semper
2736 892 3073 949 sciscitamur
3097 912 3112 948 :
3142 906 3318 951 tamen
3342 911 3369 948 δ
3401 906 3451 952 te
3473 903 3665 969 quoque
3686 899 3735 953 li-

2188 989 2329 1036 teras
2352 1022 2367 1048 ,
2393 998 2514 1052 qua:
2538 982 2607 1038 de
2637 992 2740 1039 tua:
2764 984 3083 1042 valetudinis
3125 994 3264 1043 statu
3308 987 3427 1044 laeta
3457 986 3600 1046 nobis
3624 1008 3740 1048 nun-~

2183 1071 2340 1142 tient,
2370 1082 2637 1145 perpetuo
2664 1075 2909 1145 accipere
2935 1093 3175 1133 avemus.

2465 1190 2585 1248 XL.
2613 1191 2927 1264 Asyncrilt'az.
2958 1192 3186 1267 (Cucuso
3212 1214 3353 1254 anno
3368 1200 3515 1272 404.)

2256 1283 2334 1339 Te
2363 1284 2417 1339 in
2443 1299 2633 1356 magna
2646 1285 2947 1343 calamitate
2963 1303 3105 1344 nunc
3128 1291 3325 1346 versari
3343 1293 3471 1347 scio.
3493 1294 3557 1349 At
3574 1309 3735 1365 quem-

2186 1373 2477 1431 admodum
2534 1377 2636 1432 hoc
2665 1378 2798 1442 scio,
2847 1378 2927 1434 sic
2951 1388 3005 1434 et
3034 1380 3162 1435 illud
3197 1386 3390 1450 etiam,
3422 1384 3667 1454 ingentem
3695 1397 3738 1442 te

2188 1481 2285 1536 pro
2314 1465 2400 1522 his
2424 1468 2819 1525 calamitatibus
2860 1470 3163 1527 mercedem
3189 1469 3347 1543 atque
3378 1474 3599 1543 amplum
3625 1491 3737 1545 prte-

2188 1562 2354 1615 mium
2406 1570 2462 1616 et
2507 1563 2995 1618 remunerationem
3044 1579 3284 1620 manere.
3326 1565 3517 1622 Mteror
3566 1568 3732 1623 etenim

2187 1652 2381 1706 anima:
2403 1652 2680 1708 utilitatem
2702 1653 2874 1719 affert,
2903 1654 3059 1726 eique
3082 1656 3298 1724 praamia
3319 1657 3482 1712 multa
3501 1657 3733 1713 conciliat.

2185 1743 2313 1801 Haec
2341 1743 2502 1814 igitur
2527 1745 2705 1801 sciens
2732 1755 2892 1815 atque
2920 1747 3269 1803 considerans
3288 1789 3304 1815 ,
3337 1748 3607 1803 maximam
3633 1748 3734 1804 hinc

2183 1837 2610 1895 consolationem
2623 1839 2804 1910 accipe
2819 1857 2834 1895 :
2850 1854 2948 1896 nec
2965 1841 3321 1897 calamitatum
3337 1841 3733 1899 dumtaxatacer-
3798 1868 3804 1883 ι

2187 1929 2326 1986 bitas
2352 1931 2445 1987 tibi
2474 1930 2548 1987 ob
2571 1931 2755 1986 oculos
2776 1941 3037 1998 versetur,
3059 1947 3247 1987 verum
3271 1935 3429 1988 etiam
3446 1933 3733 1989 emolumen-

2188 2029 2298 2075 tum
2327 2024 2470 2092 quod
2512 2037 2581 2078 ex
2611 2021 2676 2077 iis
2698 2022 2995 2092 colligitur;
3027 2038 3091 2078 ac
3117 2023 3343 2079 subinde
3368 2023 3433 2078 ad
3463 2039 3556 2079 nos
3580 2025 3638 2081 de
3663 2035 3731 2079 tua

2188 2113 2490 2170 valetudine
2535 2114 2732 2172 scribe.
2763 2113 2944 2185 Neque
2968 2114 3110 2170 enim
3141 2114 3247 2171 levi
3271 2115 3454 2172 dolore
3477 2116 3634 2172 affecti
3658 2131 3732 2170 su-

2186 2219 2329 2276 mus,
2354 2221 2479 2263 cum
2502 2216 2555 2264 te
2579 2208 2801 2264 adversa
2832 2204 3135 2261 valetudine
3159 2219 3283 2263 esse
3310 2206 3613 2278 accepimus.
3634 2208 3733 2262 Ideo

2186 2310 2377 2368 magna
2405 2312 2531 2354 cum
2552 2299 2822 2357 celeritate
2845 2297 2987 2355 scire
3002 2297 3348 2356 vehementer
3369 2301 3614 2370 cupimus,
3630 2317 3731 2356 nun:

2186 2386 2256 2445 de
2280 2389 2538 2460 gravitate
2556 2388 2756 2461 aliquid
2779 2392 3068 2458 remiserit,
3086 2404 3195 2463 quo
3215 2404 3277 2445 ea
3304 2405 3448 2458 cura,
3471 2406 3616 2462 quam
3632 2390 3732 2446 hinc

2187 2483 2553 2550 concepimus,
2581 2480 2839 2538 levemur.

2401 2570 2553 2627 XLI.
2570 2571 2834 2628 Valentino
2861 2573 2963 2647 (α).
2994 2573 3232 2646 (Cucuso
3253 2587 3393 2633 uino
3413 2573 3557 2644 404.)

2261 2662 2496 2719 Tertiam
2525 2664 2663 2720 hanc
2691 2666 2971 2737 epistolam
3004 2670 3156 2723 mitto
3177 2709 3194 2734 ,
3222 2685 3345 2725 cum
3374 2671 3485 2741 ipse
3510 2682 3538 2725 a
3567 2674 3612 2725 te
3632 2664 3728 2725 nul-

2188 2756 2293 2812 lam
2321 2760 2643 2828 acceperim.
2670 2758 2867 2816 Verum
2891 2762 3033 2832 quod
3062 2777 3255 2833 magna
3275 2780 3394 2820 cum
3432 2765 3583 2820 animi
3606 2764 3726 2818 volu-

2188 2858 2335 2919 ptate
2356 2850 2541 2906 literas
2560 2858 2773 2907 nostras
2798 2854 3091 2924 acceperis,
3118 2871 3352 2927 eumque
3370 2857 3459 2927 qui
3480 2871 3565 2911 eas
3586 2853 3728 2910 reddi-

2186 2939 2287 3007 dit,
2312 2956 2421 3011 que
2441 2942 2667 2999 decebat
2683 2942 2888 3000 honore
2917 2944 3178 3012 aﬁeceris,
3202 2958 3364 3018 atque
3386 2950 3503 3003 item
3532 2946 3578 3003 id
3599 2961 3728 3000 omne

2186 3032 2329 3103 quod
2348 3043 2556 3089 tuarum
2575 3035 2804 3105 partium
2825 3045 2943 3093 erat
2956 3038 3009 3092 iu
3033 3037 3099 3094 iis
3124 3039 3309 3105 rebus,
3328 3056 3443 3111 qua:
3459 3050 3586 3096 utam
3600 3052 3726 3108 opem

2187 3127 2549 3197 requirebant,
2580 3130 2912 3198 praestiteris,
2944 3130 3327 3200 intelicximus,
3358 3149 3454 3190 nec
3487 3133 3725 3204 quidquam

2188 3218 2381 3275 horum
2414 3220 2569 3277 nobis
2596 3221 2751 3276 latuit
2779 3237 2795 3275 :
2827 3223 3037 3280 interim
3066 3233 3245 3281 tamen
3276 3226 3468 3281 nullam
3490 3222 3724 3295 epistolam

2187 3311 2511 3382 accepimus.
2543 3316 2622 3370 Ae
2648 3315 2694 3370 sl
2732 3314 2946 3384 quidem
2972 3316 3108 3371 alius
3133 3331 3203 3372 ex
3235 3318 3300 3374 iis
3326 3319 3413 3389 qui
3458 3319 3616 3372 minus
3650 3328 3725 3384 ge-

2187 3419 2382 3460 neroso
2423 3406 2601 3460 animo
2630 3416 2755 3461 sunt
2777 3448 2792 3475 ,
2823 3406 3126 3477 hujusmodi
3156 3409 3374 3464 silentio
3404 3425 3522 3466 usus
3546 3408 3723 3468 fuisset,

2188 3496 2258 3552 ita
2289 3498 2800 3554 cxistimavisscmus
2825 3541 2840 3564 ,
2870 3515 2991 3555 eum
3016 3502 3382 3558 excusationis
3409 3515 3558 3558 causa
3590 3511 3723 3568 nego-

2187 3589 2381 3645 tiorum
2420 3592 2617 3647 molem
2662 3592 3013 3661 prmteudcrc.
3047 3593 3180 3648 Cum
3214 3604 3391 3651 autem
3434 3593 3611 3648 mentis
3645 3597 3726 3644 tum

2185 3684 2566 3740 sublimitatem
2592 3685 2934 3756 caritatisquc
2960 3686 3250 3753 fervorem,
3275 3682 3631 3748 sinceritatem,
3654 3695 3726 3751 pu-

2185 3777 2396 3833 ritatem
2445 3788 2607 3850 atque
2646 3780 2998 3835 constantiam
3050 3781 3385 3850 exploratam
3439 3780 3722 3835 habeamus.

2183 3870 2377 3926 adduci
2420 3888 2525 3927 non
2571 3886 2890 3941 possumus,
2921 3880 2978 3927 ut
3012 3872 3112 3928 hac
3154 3875 3496 3930 excusatione
3533 3863 3725 3927 contenti

2184 3965 2372 4019 simus.
2407 3964 2483 4020 Ne
2535 3966 2660 4020 item
2708 3965 2951 4032 dixeris,
2998 3975 3052 4021 te
3108 3966 3217 4022 illic
3262 3979 3370 4022 non
3415 3971 3723 4022 commorari:

2184 4071 2309 4110 nam
2336 4056 2463 4113 illud
2490 4057 2645 4111 nobis
2670 4066 3004 4127 compertum
3026 4067 3128 4113 est.
3151 4056 3351 4114 Verum
3371 4057 3469 4113 hac
3494 4070 3584 4110 una
3604 4053 3727 4106 dum-

2185 4158 2329 4204 taxat
2356 4164 2416 4205 re
2446 4149 2681 4204 diuturni
2706 4150 2902 4206 silentii
2931 4151 3004 4206 tui
3029 4150 3451 4206 consolationem
3475 4145 3722 4217 capiemus,

2180 4241 2229 4294 si
2259 4241 2309 4295 id
2332 4240 2478 4311 quod
2502 4241 2731 4296 antehac
2752 4242 2851 4297 abs
2884 4238 2945 4298 te'
2962 4242 3264 4312 neglectum
3292 4253 3401 4309 est,
3427 4243 3725 4308 compensare

2182 4334 2436 4399 volueris,
2457 4350 2616 4403 quam
2634 4334 2997 4405 plurimasque
3021 4334 3090 4390 ab
3111 4335 3212 4390 ista
3241 4335 3431 4405 lingua,
3456 4348 3515 4389 ex
3535 4344 3625 4401 qua
3644 4320 3723 4379 mel

2183 4435 2364 4480 manat
2387 4465 2402 4488 ,
2433 4425 2577 4481 fusas
2616 4426 2799 4481 literas
2837 4427 3052 4481 mittere
3072 4466 3091 4493 ,
3120 4441 3242 4496 quae
3272 4425 3425 4480 nobis
3454 4414 3724 4477 valetudinis

2183 4528 2286 4574 tua:
2316 4529 2509 4574 statum
2539 4531 2687 4574 certo
2713 4527 3001 4589 exponant.
3031 4519 3364 4590 Quamquam
3392 4517 3526 4573 enim
3556 4513 3602 4567 in

2183 4612 2365 4666 tudine
2388 4612 2661 4675 sedemus,
2685 4612 2942 4682 gravique
2970 4611 3272 4677 obsidione,
3294 4620 3452 4681 atque
3478 4609 3724 4699 innumeris

2181 4702 2562 4758 acerbitatibus
2598 4703 2834 4774 undique
2877 4704 3040 4759 cincti
3082 4719 3305 4771 sumus,
3335 4702 3402 4758 de
3426 4712 3477 4755 te
3503 4708 3656 4752 tamen
3683 4704 3723 4743 ιη

2182 4808 2307 4847 cura
2334 4803 2392 4848 et
2417 4795 2778 4850 sollicitudine
2802 4811 2926 4851 esse
2953 4811 3056 4851 non
3083 4794 3379 4852 desinimus
3401 4835 3415 4859 ,
3443 4788 3724 4860 singulisque

2181 4885 2392 4952 diebus,
2420 4894 2479 4941 ut
2500 4902 2559 4942 se
2587 4902 2673 4941 res
2713 4882 2821 4943 tnui
2863 4876 3123 4954 habeant,
3149 4895 3532 4957 percontamur.
3557 4881 3722 4948 Quam'

2180 4979 2364 5033 ohrcm
2394 4995 2462 5035 ne
2488 4980 2555 5035 ab
2575 4980 2716 5047 aliis,
2737 4995 2919 5035 verum
2946 4982 3042 5036 abs
3058 4990 3129 5047 te,
3148 4980 3306 5051 cujus
3328 4979 3482 5034 nobis
3505 4970 3657 5030 dulcis
3675 4978 3722 5019 ac

2180 5085 2436 5141 perquam
2467 5072 2648 5126 suavis
2684 5072 3055 5127 benevolentia
3088 5082 3205 5138 cst,
3233 5072 3346 5127 haec
3370 5068 3720 5156 intelligamllfv

2182 5163 2425 5227 subinde,
2457 5180 2661 5233 quaeso,
2692 5165 2761 5219 de
2792 5174 2878 5219 tua
2906 5164 3210 5220 valetudine
3237 5164 3305 5219 ad
3330 5177 3430 5218 ms
3454 5157 3628 5215 scribe.
3654 5147 3722 5249 Ni:

2182 5256 2255 5310 hil
2283 5257 2426 5312 etaim
2442 5259 2567 5325 erit,
2591 5259 2733 5328 quod
2763 5274 2867 5312 non
2888 5274 2920 5311 a
2953 5269 3004 5314 te
3027 5258 3300 5327 accepisse
3315 5255 3669 5312 existimemus.
3687 5254 3721 5291 ει

2180 5349 2456 5418 epistolas,
2479 5366 2597 5420 qum
2623 5351 2804 5405 butum
2830 5350 2972 5406 hante
3002 5349 3155 5405 nobis
3180 5349 3425 5405 nuntium
3457 5344 3629 5404 ferant,
3650 5345 3721 5387 Ic-

2180 5442 2498 5511 ceperimus.

2244 5586 2318 5651 (α)
2352 5582 2656 5651 Valentinum
2678 5582 2811 5651 illum
2835 5582 2985 5634 fuisse
3007 5583 3286 5646 przefectum
3302 5578 3610 5651 prretoﬁolaut
3634 5564 3718 5651 [περ

2176 5639 2581 5709 Constantinopoli
2603 5647 2876 5708 suspicatur
2898 5639 3069 5696 Fronto
3091 5639 3316 5704 metens;
3333 5657 3392 5692 eo
3414 5639 3533 5704 quod
3566 5640 3717 5742 "ut?"

2183 5710 2385 5742 SAa-alim
2418 5708 2677 5742 lmnnriﬁnn
2700 5709 2933 5742 rnnnlulln
2955 5706 3277 5742 nnmnnllplur-
3333 5713 3442 5742 (Tum
3477 5710 3586 5742 vero
3612 5707 3624 5742 ξ
3655 5700 3717 5739 Cl"

2177 5710 2385 5778 scenam
2418 5703 2933 5778 hohoriﬁqp'vocabulo
2955 5703 3297 5778 sozntwelleturé
3332 5703 3444 5778 ριξηὲ
3477 5703 3703 5778 φείξεξιξεε

2178 5760 2347 5841 titulus
2383 5780 2435 5821 et
2465 5771 2741 5841 rectoribus
2761 5760 3144 5841 provinciarum,‘
3175 5775 3226 5817 et
3268 5766 3486 5841 patriciis,
3521 5760 3718 5810 Frontone

2178 5839 2282 5901 ipso
2306 5834 2509 5897 fatente,
2536 5832 2792 5895 tribuatur,
2817 5846 2902 5883 res
2926 5832 3106 5897 pendet
3132 5832 3329 5881 incerta.
