3906 6378
283 318 386 380 651

282 440 377 495 θεν
404 437 464 493 δέ
488 437 518 490 ό
540 437 639 509 τῆς
674 436 770 509 σῆς
790 435 1011 509 ἀγάπης
1035 434 1193 509 ἔρως.
1239 428 1406 502 Οὗτος
1446 436 1607 491 αὑτὸν
1640 437 1730 491 καὶ
1760 454 1868 508 χει-

281 528 462 602 μῶνος
511 528 952 600 κατατολμῆσαι,
990 528 1086 583 καὶ
1119 527 1407 593 δυσκολίας
1460 528 1605 594 ὁδοῦ,
1637 529 1732 582 καὶ
1766 529 1866 600 ἁρ-

1790 318 2174 379 ΕΡΙΞΤΟΙΑΕ.

3460 324 3564 380 652

1978 442 2107 510 περὶ
2141 441 2239 513 τῆς
2276 442 2488 511 ὑγιείας
2536 443 2637 514 τῆς
2689 443 2810 515 σῆς.
2863 444 3053 515 Ἡμεῖς
3089 444 3189 516 μὲν
3218 444 3328 518 γάρ
3356 441 3458 499 κᾶν
3490 444 3569 516 μὴ

1982 531 2263 603 δεξώμεθα
2299 534 2626 606 γράμματα,
2657 536 2785 599 τοὺς
2814 537 3022 591 ἐκεῖθεν
3056 538 3383 609 ἐρχομένους
3439 555 3567 591 συν-

279 622 518 696 ῥωστίας
550 622 949 694 χαλεπωτάτης
982 621 1290 675 ἀνέπεισεν.
1330 622 1654 707 Ἐπαινέσας
1691 621 1871 675 τοίνυν
1977 624 2120 695 εχῶς
2163 625 2457 697 ἐρωτῶμεν
2480 625 2670 679 τοῦτο·
2710 626 3011 698 βουλόμεθα
3044 628 3101 682 δὲ
3150 632 3245 684 καὶ
3294 630 3445 703 παρά
3471 633 3571 704 τῆς

277 715 464 781 αὑτὸν,
514 714 756 769 δέσποτά
812 732 914 787 μου
969 714 1289 787 τιμιώτατε,
1346 713 1442 769 τοῦ
1498 714 1723 786 φίλτρου
1773 710 1873 782 τῆς
1977 714 2338 787 κοσμιότητος
2389 717 2491 787 τῆς
2542 717 2645 789 σῆς
2700 718 2941 790 συνεχῶς
2974 720 3225 793 δέχεσθαι
3254 723 3569 787 ἐπιστολάς,

280 806 543 877 σπουδῆς,
592 805 788 871 ἀπόδος
847 806 999 879 αύτῷ
1047 807 1146 879 την
1200 805 1439 878 ἀμοιϐὴν
1495 806 1595 877 τῆς
1653 809 1872 877 μακρᾶς
1979 806 2475 880 εύαγγελιζομένας
2497 808 2646 881 ἡμᾶς
2677 808 2743 863 τά
2770 810 3011 882 περὶτῆς
3031 811 3252 884 ῥώσεως
3279 814 3379 886 τῆς
3413 817 3531 887 σῆς.

283 894 486 966 ταύτης
517 894 913 968 ταλαιπωρίας,
959 896 1060 970 τήν
1099 897 1355 953 εἰωθυῖαν
1384 897 1513 969 περὶ
1536 896 1699 951 αὑτὸν
1740 897 1876 966 ἀγά-

187 998 199 1007 “
286 1005 397 1059 πην
442 988 538 1042 καὶ
576 986 671 1041 νῦν
709 987 1136 1059 ἐπιδειξάμενος.
1178 987 1331 1043 Ἐπεὶ
1373 988 1469 1043 καὶ
1502 988 1663 1060 ἡμεῖς
1690 987 1766 1052 ὡς
1796 989 1876 1051 είς

279 1079 479 1149 λιμένα
522 1080 685 1133 αὑτὸν
718 1079 1031 1150 ἀκύμαντον
1062 1082 1141 1144 είς
1171 1079 1270 1144 τάς
1300 1079 1399 1144 σάς
1432 1078 1877 1152 παρεπέμψαμεν

2501 940 2572 998 Μ’
2582 984 2597 1000 .
2650 944 3055 1015 Ἀσυγκριτίᾳ.

2058 1068 2191 1128 Οἶδα
2240 1072 2324 1127 ὅτι
2356 1075 2414 1127 ἐν
2446 1072 2615 1145 πολλῇ
2666 1072 2845 1145 θλίψει
2894 1073 3241 1145 καθέστηκας
3273 1073 3391 1129 νῦν.
3429 1075 3582 1129 Ἀλλ*

282 1171 493 1241 χεῖρας,
540 1169 741 1232 εἰδότες
782 1186 877 1224 σου
911 1170 1012 1242 τὴν
1048 1169 1250 1241 πολλὴν
1311 1169 1734 1242 φιλοφροσύνην,
1779 1168 1877 1241 τὴν
1984 1164 2174 1238 ὥσπερ
2198 1165 2356 1219 τοῦτο
2383 1161 2521 1227 οἶδα.
2558 1162 2731 1230 οὕτως
2764 1168 2989 1220 κάκεῖνο
3016 1167 3337 1239 ἐπίσταμαι,
3368 1170 3451 1221 ὅτι
3479 1187 3576 1221 πο·

285 1261 517 1332 γνησίαν
550 1262 791 1332 ἀγάπην,
826 1260 926 1332 τὴν
961 1260 1169 1332 θερμὴν
1204 1262 1298 1314 καὶ
1333 1261 1530 1333 ἀκλινῆ
1561 1261 1657 1317 καὶ⁸
1685 1260 1880 1333 ἀπερί-

286 1370 382 1427 τρε
396 1371 549 1407 πτον.
588 1355 707 1407 Κᾶν
736 1353 1033 1424 ἀφικνῆταί
1064 1370 1148 1416 τις
1182 1353 1412 1419 ἐκεῖθεν,
1442 1353 1538 1406 καὶ
1588 1352 1768 1425 ῥᾴδιον
1793 1351 1882 1422 γέ-

289 1463 470 1518 νηται,
504 1446 601 1499 καὶ
628 1444 931 1498 ἐπιστεῖλαι
961 1446 1091 1515 ἡμῖν
1121 1444 1507 1517 παρακλήθητι
1529 1444 1598 1499 τὰ
1625 1444 1881 1517 περὶτῆς
1914 1498 1917 1501 .

236 1587 241 1592 .
292 1535 514 1608 ρώσεώς
564 1554 678 1589 σου.
727 1535 998 1607 Εὑψύχιος
1024 1535 1137 1608 γὰρ
1174 1538 1254 1601 εἰς
1280 1537 1343 1590 τὸ
1376 1536 1551 1607 παρὸν
1580 1538 1682 1590 οὑκ
1706 1537 1885 1609 ἀπήν-

289 1640 423 1700 τησε
443 1644 459 1656 ·
495 1627 576 1681 διὸ
598 1627 719 1681 οὑδέ
751 1626 942 1698 μαθεῖν
972 1646 1023 1681 τι
1053 1627 1391 1700 δεδυνήμεθα
1422 1621 1497 1682 ὧν
1514 1627 1650 1699 ἔφης
1672 1628 1883 1682 ἐκεῖνον

290 1723 436 1794 ἐρεῖν
472 1719 664 1793 πρώην
717 1720 849 1791 ήμῖν
891 1720 1241 1785 ἐπιστέλλων,
1276 1719 1365 1774 διὰ
1418 1720 1479 1775 τὸ
1514 1720 1763 1793 μηδαμοῦ
1793 1721 1884 1776 τὸν

216 1866 244 1894 ο
291 1812 580 1885 ἄνθρωπον
634 1812 940 1882 φαίνεσθαι.
996 1811 1163 1866 Ταῦτ’
1222 1809 1315 1867 οῦν
1376 1811 1551 1877 εἰδὼς,
1612 1813 1798 1867 ἐκεῖνά
1825 1830 1884 1867 τε

294 1901 440 1972 ἆπερ
491 1901 559 1954 δι’
617 1902 827 1955 ἐκεῖνου
885 1900 1079 1973 πρώην
1119 1900 1415 1975 ἐδήλωσας,
1441 1902 1533 1957 καὶ
1569 1902 1623 1956 εἴ
1648 1921 1701 1956 τι
1725 1902 1886 1957 πλέον

294 1992 441 2065 ἡμᾶς
465 1990 621 2064 [615]
673 1991 877 2061 γνῶναι
927 1993 1250 2061 ἀναγκαῖον,
1298 1993 1394 2047 νῦν
1439 1993 1570 2064 γοῦν
1620 1994 1887 2066 γνωρίσαι

295 2086 430 2156 ἡμῖν
462 2083 870 2155 παρακλήθητι,
906 2084 1002 2137 καὶ
1048 2084 1116 2137 τά
1146 2084 1275 2157 περὶ
1308 2084 1409 2155 τῆς
1438 2085 1626 2157 ὑγείας
1654 2086 1888 2157 σήμαινε

295 2178 393 2248 τῆς
434 2177 555 2248 σῆς,
593 2178 689 2248 τῆς
723 2177 929 2247 σφόδρα
957 2178 1090 2247 ἡμῖν
1118 2156 1717 2248 περισπουδάστόυ,κα“ι
1751 2178 1889 2249 ὑπὲρ

294 2264 363 2342 ἧς
384 2271 474 2323 ἀεὶ
504 2268 900 2339 μεριμνῶντες,
942 2270 1030 2323 ἀεὶ
1055 2269 1349 2340 μανθάνειν
1387 2269 1783 2342 ἐπιθυμοῦμεν.

688 2383 798 2435 ΛΗ
811 2418 827 2434 .
876 2379 1159 2449 Ὑμνητίῳ
1186 2381 1500 2451 ἀρχιητρῷ.

372 2493 437 2548 EE
491 2492 585 2546 καὶ
642 2492 718 2565 μὴ
774 2492 1015 2564 συνεχῶς
1052 2494 1467 2566 ἐπεστάλκαμεν
1506 2498 1574 2567 τῇ
1622 2495 1895 2567 τιμιότητί

303 2600 423 2651 σου,
458 2584 596 2637 ἀλλὰ
629 2583 868 2654 συνεχῶς
913 2600 975 2637 σε
1020 2585 1116 2639 ἐπὶ
1161 2588 1382 2657 μνήμης
1437 2584 1657 2657 ἔχομεν,
1699 2588 1895 2658 πεῖράν

308 2692 406 2729 σου
462 2677 562 2746 τῆς
615 2673 1005 2746 σφοδροτάτης,
1041 2674 1143 2745 τῆς
1188 2674 1506 2741 σπουδαίας,
1536 2676 1636 2747 τῆς
1666 2677 1896 2747 γνησίας

303 2768 488 2840 φιλίας
513 2766 714 2838 πολλὴν
740 2767 797 2819 ἐν
826 2766 1063 2837 ἡμέραις
1084 2765 1291 2835 ὀλίγαις
1312 2765 1586 2831 λαϐόντες.
1612 2768 1710 2822 Διά
1739 2768 1899 2823 τοῦτο

304 2861 405 2916 καὶ
432 2860 525 2913 τὸν
552 2858 745 2930 κύριόν
779 2874 880 2928 μου
910 2858 1001 2911 τὸν
1026 2857 1355 2929 τιμιώτατον
1384 2859 1681 2914 ἐπίσκοπον
1707 2860 1900 2913 Σέλευ-

307 2969 406 3008 κον
425 2952 503 3015 ὡς
518 2951 597 3015 είς
615 2950 814 3021 λιμένα
833 2949 934 3013 τὰς
955 2950 1055 3015 σὰς
1079 2951 1529 3023 παραπέμπομεν
1552 2955 1762 3025 χεῖρας.
1789 2953 1902 3007 Καὶ

307 3047 420 3118 γὰρ
449 3045 556 3098 ὑπὸ
600 3043 766 3115 βηχὸς
816 3044 1135 3114 πολεμεῖται
1194 3045 1608 3116 χαλεπωτάτης,
1639 3047 1705 3118 ἢν
1739 3048 1773 3119 ή
1801 3044 1900 3099 τοῦ

307 3138 469 3202 ἔτους
497 3136 618 3209 ὥρα
653 3135 1012 3207 σφοδρότερον
1042 3136 1334 3209 ἐπιτρίϐει,
1368 3137 1464 3191 καὶ
1514 3137 1903 3209 χαλεπωτέραν

308 3233 479 3285 ποιεῖ.
532 3228 883 3300 Καταμαθὼν
912 3228 1112 3292 αΐοίνυν,
1146 3229 1383 3283 δέσποτά
1432 3248 1535 3300 μου
1582 3229 1902 3300 τιμιώτατε,

314 3322 412 3376 τοῦ
447 3323 755 3392 νοσήματος
788 3319 888 3390 τὴν
918 3318 1102 3388 φύσιν,
1139 3317 1451 3391 ἐξαρπάσαι
1474 3318 1636 3372 αὑτὸν
1654 3318 1749 3371 τοῦ
1778 3322 1906 3372 κλυο

309 3416 508 3472 δωνίου
539 3414 856 3485 πειράθητι,
891 3417 960 3486 τῇ
986 3415 1086 3481 τῆς
1119 3414 1435 3485 ἀρρωστίας
1467 3413 1639 3487 βλάϐῃ
1668 3415 1769 3484 τὴν
1794 3414 1906 3468 ἀπὸ

308 3510 415 3579 τῆς
460 3508 773 3578 ἐπιστήμης
822 3508 920 3578 τῆς
966 3507 1067 3576 σῆς
1101 3507 1440 3577 ἐπιτειχίσας
1463 3506 1716 3577 δύναμιν,
1746 3505 1812 3558 δι’
1838 3501 1907 3577 ἦς

313 3601 549 3664 πολλοὺς
576 3599 837 3662 πολλάκις
870 3598 1325 3661 κινδυνεύσαντας
1378 3597 1483 3651 ὑπὸ
1528 3597 1786 3651 τοιούτων
1813 3615 1909 3650 κυο

316 3696 510 3768 μάτων
562 3693 927 3765 ὑποϐρυχίους
980 3692 1236 3763 γενέσθαι
1282 3691 1377 3745 τοῦ
1408 3691 1666 3760 ναυαγίου
1700 3690 1910 3761 ταχέως

312 3784 654 3860 ἀπήλλαξας.

872 3924 1007 3977 AG’.
1046 3920 1355 3990 Χαλκιδίᾳ.

396 4033 526 4092 Οἶδα
551 4035 650 4107 τὴν
673 4035 894 4107 ἀγάπην
934 4036 1001 4106 ἢν
1035 4035 1193 4106 ἔσχες
1224 4035 1353 4105 περὶ
1376 4034 1523 4105 ἡμᾶς
1561 4032 1767 4088 ἀνωθεν
1815 4030 1911 4085 καὶ

317 4129 389 4195 ἐξ
418 4129 614 4199 ἀρχῆς,
660 4128 755 4183 καὶ
812 4128 894 4180 ὅτι
918 4127 1275 4197 ἀκμάζουσαν
1302 4126 1469 4197 αὑτὴν
1490 4126 1784 4196 διατηρεῖς,
1818 4124 1912 4177 καὶ

317 4222 410 4276 δτι
446 4220 583 4289 αὑτῇ
618 4219 714 4271 καὶ
740 4217 1057 4288 προσθήκας
1084 4215 1314 4288 ἐργάζῃ,
1343 4216 1436 4269 καὶ
1472 4217 1531 4268 οὑ
1569 4215 1728 4285 μόνον
1762 4212 1913 4267 οὐδὲν

318 4309 498 4379 αὑτὴν
527 4307 717 4370 εἴασας
761 4304 1144 4377 ἀμαυροτέραν
1173 4304 1424 4373 γενέσθαι
1460 4304 1566 4357 ἀπὸ
1605 4302 1700 4357 τοῦ
1745 4320 1911 4375 χωρι-

322 4402 495 4474 σμοῦ,
526 4401 623 4454 καὶ
644 4398 740 4453 τοῦ
774 4399 1033 4452 τοσούτου
1063 4399 1279 4471 χρόνου,
1310 4397 1447 4451 ἀλλὰ
1467 4397 1562 4450 καὶ
1592 4395 1793 4467 μᾶλλον
1824 4397 1915 4450 αὑ·

320 4493 427 4565 τὴν
479 4492 757 4554 ἀνάπτεις.
810 4486 924 4544 (ἥδ’
975 4491 1058 4543 ὅτι
1112 4490 1205 4542 καὶ
1244 4487 1384 4559 μετά
1432 4487 1633 4557 πολλῆς
1659 4485 1788 4559 δέχῃ
1814 4486 1915 4556 τῆς

324 4584 672 4656 εὐφροσύνης
706 4584 774 4637 τά
826 4584 955 4653 παρ’
979 4582 1137 4652 ἡμῶν
1186 4583 1511 4652 γράμματα,
1563 4580 1658 4633 καὶ
1698 4581 1779 4633 ὃτι
1823 4580 1917 4634 καὶ

327 4679 625 4750 γράφουσα
654 4677 749 4730 καὶ
782 4675 992 4744 σιγῶσα
1021 4673 1223 4744 ὁμοίως
1280 4672 1412 4743 1:691
1443 4673 1594 4743 ἡμᾶς
1623 4671 1916 4735 διάκεισαι,

330 4769 539 4840 πολλὴν
566 4768 660 4822 τοῦ
691 4767 1016 4839 πράγματος
1056 4766 1151 4819 καὶ
1173 4766 1232 4818 ἐν
1284 4762 1465 4835 πολλῷ
1517 4763 1595 4835 τῷ
1620 4764 1799 4836 χρόνῳ
1821 4762 1919 4834 τὴν

328 4862 534 4930 πεῖραν
566 4857 825 4928 εἰληφώς.
865 4858 957 4910 Διὸ
990 4856 1055 4928 δὴ
1084 4853 1511 4926 παρακαλοῦμεν
1539 4855 1639 4925 τὴν
1674 4855 1921 4926 τιμιότη-

327 4953 407 5006 τά
460 4968 550 5005 σου
583 4952 679 5005 καλ⁵
717 4951 846 5022 περὶ
892 4950 1039 5021 ἡμᾶς
1082 4947 1225 5002 οὕτω
1255 4948 1556 5001 διακεῖσθαι
1577 4964 1591 4978 ·
1616 4948 1787 5002 πολλά
1814 4947 1921 5018 γὰρ

328 5043 573 5115 ἐνέχυρά
613 5060 706 5096 σου
746 5042 847 5113 τῆς
898 5041 1127 5112 γνησίας
1166 5040 1387 5111 ἀγάπης
1439 5038 1637 5110 ἔχομεν
1658 5052 1708 5105 ιι,
1754 5039 1923 5092 πολλά

330 5136 729 5207 ὑπομνήματα.
771 5133 863 5187 Διὸ
894 5133 988 5188 καὶ
1031 5133 1089 5185 ἐν
1117 5135 1183 5204 τῇ
1211 5132 1357 5203 ψυχῇ
1393 5148 1453 5183 σε
1478 5130 1739 5201 διηνεκῶς
1769 5148 1925 5203 περι-

331 5231 601 5303 φέρομεν,
653 5227 1056 5298 ἐγκολάψαντες
1107 5224 1265 5296 ἡμῶν
1306 5226 1372 5295 τῇ
1426 5224 1654 5294 διανοίᾳ,
1691 5223 1784 5276 καὶ
1826 5224 1924 5292 τὴν

336 5323 566 5396 μνήμην
600 5339 692 5375 σου
728 5320 959 5392 ἀληστον
989 5319 1203 5390 ἔχομεν,
1234 5315 1336 5371 κᾶν
1370 5315 1444 5387 μὴ
1482 5314 1745 5385 διηνεκῶς
1788 5314 1923 5385 γρά-

334 5430 555 5486 φωμεν,
578 5414 665 5468 διά
695 5413 794 5485 τὴν
842 5412 1040 5466 σπάνιν
1076 5410 1186 5463 τῶν
1229 5407 1712 5479 γραμματηφόρων
1771 5408 1929 5473 ἐγκο-

337 5507 625 5577 πτόμενοι.
658 5504 825 5559 Ταῦτ’
877 5499 969 5557 οὖν
1013 5502 1206 5565 είδυῖα,
1254 5500 1419 5571 κυρία
1448 5516 1550 5569 μου
1577 5496 1928 5568 κοσμιωτάτη

339 5598 440 5654 καί
475 5596 868 5667 εὑλαϐεστάτη,
892 5595 1073 5667 γράφε
1114 5594 1208 5647 καὶ
1242 5591 1382 5663 αὑτὴ
1412 5588 1650 5662 συνεχῶς
1695 5591 1827 5661 ἡμῖν
1859 5589 1929 5644 τὰ

407 5786 437 5818 ⁸
455 5785 566 5838 Duo
585 5798 702 5835 mss.
731 5784 921 5847 γνησίας
943 5785 1093 5848 φιλίας
1119 5778 1305 5847 ἔχομεν.

1984 1257 2082 1324 λύς
2109 1276 2169 1313 σε
2198 1260 2262 1312 ἐκ
2290 1258 2399 1312 τῶν
2433 1257 2666 1329 θλίψεων
2695 1258 2902 1313 τούτων
2933 1258 3194 1329 ἀναμένει
3226 1258 3439 1330 μισθὸς,
3480 1261 3576 1314 καὶ

1990 1350 2199 1423 μεγάλη
2234 1350 2435 1422 ἀμοιϐὴ
2467 1352 2560 1405 καὶ
2580 1350 2846 1414 ἀντίδοσις
2868 1354 3063 1404 κεῖται.
3093 1352 3155 1404 Εί
3187 1352 3295 1423 γὰρ
3319 1353 3412 1405 καὶ
3445 1352 3577 1405 ἀθυ-

1991 1442 2112 1513 μία,
2142 1440 2292 1514 [616]
2327 1441 2467 1496 ἀλλά
2495 1441 2596 1513 τὴν
2643 1441 2823 1514 ψυχὴν
2847 1442 3153 1512 ὠφελοῦσα,
3180 1444 3275 1496 καὶ
3306 1442 3479 1496 πολλά
3508 1443 3581 1496 τὰ

1990 1533 2222 1607 βραδεῖα
2270 1532 2629 1605 προξενοῦσα.
2672 1532 2841 1589 Ταῦτ’
2865 1530 2959 1588 οὖν
2978 1534 3006 1574 b
3038 1535 3210 1589 εἰδυῖα
3232 1536 3326 1588 καὶ
3375 1533 3582 1604 λογιζο-

1993 1625 2151 1698 μένη,
2194 1626 2455 1697 μεγίστην
2488 1624 2739 1679 ἐντεῦθεν
2779 1626 2999 1698 καρποῦ
3059 1626 3158 1697 τὴν
3203 1625 3576 1698 παράκλησιν,

1994 1719 2069 1791 μὴ
2103 1718 2163 1773 τὸ
2185 1719 2448 1789 ὀδυνηρὸν
2481 1719 2641 1791 μόνον
2672 1719 2859 1791 ὁρῶσα
2893 1719 3002 1773 τῶν
3031 1720 3284 1790 θλίψεων,
3317 1719 3455 1775 άλλά
3486 1720 3581 1774 καὶ

1990 1810 2054 1864 τὸ
2091 1811 2156 1865 ἐκ
2205 1809 2407 1865 τούτων
2447 1812 2818 1883 συναγόμενον
2849 1811 3071 1883 κέρδος·
3105 1813 3198 1866 καὶ
3246 1813 3425 1883 γράφε
3464 1828 3581 1865 συνο

1994 1902 2133 1974 εχῶς
2162 1905 2294 1975 ήμῖν
2324 1902 2452 1975 περὶ¹
2502 1904 2601 1974 τῆς
2630 1904 2843 1974 ὑγιείας
2867 1907 2966 1976 τῆς
2997 1904 3117 1976 σῆς.
3156 1905 3310 1959 Ἐπεὶ
3347 1904 3442 1958 καὶ
3484 1901 3580 1957 νῦν

1993 1995 2093 2065 οὑχ
2121 1995 2197 2059 ώς
2230 1995 2420 2066 ἔτυχεν
2449 1995 2659 2069 ήλγήσα
2669 2013 2790 2067 μεν,
2815 1990 3150 2061 ἀκούσαντές
3174 2014 3234 2050 σε
3254 1996 3575 2069 ἀρρωστεῖν.

1995 2086 2086 2139 Διὸ
2116 2086 2212 2139 καὶ
2243 2086 2448 2159 σφόδρα
2490 2087 2856 2161 ἐπιζητοῦμεν
2889 2090 3178 2160 μανθάνειν
3207 2088 3346 2160 μετά
3386 2087 3581 2145 πολλοῦ

1996 2176 2089 2229 τοῦ
2125 2176 2350 2247 τάχους,
2393 2180 2442 2231 εί
2490 2178 2619 2253 ῥᾷόν
2659 2197 2741 2233 σοι
2787 2179 2999 2251 διετέθη
3018 2180 3087 2233 τά
3116 2180 3217 2252 τῆς
3248 2179 3582 2253 ἀρρωστίας,

1999 2266 2141 2323 ὥστε
2175 2269 2276 2340 τῆς
2298 2271 2391 2324 ἐπὶ
2418 2270 2595 2346 ταύτῃ
2622 2270 2903 2345 φροντίδος
2927 2272 3206 2344 ἀνεθῆναι.

2531 2394 2671 2452 MA'.
2694 2398 3054 2466 Βαλεντίνῳ.

2072 2523 2275 2595 Τρίτην
2310 2523 2516 2595 πέμπω
2542 2524 2746 2597 ταύτην
2781 2525 3070 2598 ἐπιστολὴν
3093 2564 3107 2590 ,
3142 2525 3397 2597 οὐδεμίαν
3425 2525 3589 2589 αὐτὸς
3650 2516 3657 2523 ’

2001 2622 2295 2693 δεξάμενος
2325 2621 2478 2694 παρά
2514 2624 2617 2694 τῆς
2654 2623 3129 2694 μεγαλοπρεπείας
3157 2624 3258 2696 τῆς
3288 2626 3405 2695 σῆς.
3450 2623 3589 2699 Ἀλλ’

2003 2722 2085 2775 ὅτι
2125 2722 2223 2793 μέν
2258 2720 2399 2793 μετὰ
2422 2720 2623 2792 πολλῆς
2651 2724 2751 2792 τῆς
2777 2720 3117 2792 εὐφροσύνης
3145 2721 3311 2785 ἐδέξω
3341 2721 3498 2792 ήμῶν
3523 2723 3592 2776 τά

2004 2820 2328 2891 γράμματα,
2360 2818 2454 2873 καὶ
2477 2820 2569 2872 τὸν
2587 2819 2968 2891 ἐγχειρίσαντα
2998 2818 3173 2873 ταῦτα
3198 2820 3296 2890 τῆς
3325 2837 3406 2872 σοι
3430 2836 3593 2891 προσ-

2004 2903 2248 2988 ηκούσης
2298 2915 2562 2988 ἐποίησας
2612 2915 2917 2970 ἀπολαῦσαι
2970 2917 3165 2988 τιμῆς,
3203 2917 3296 2970 καὶ
3342 2916 3410 2970 τά
3440 2918 3594 2988 παρά

2010 3013 2207 3067 σαυτοῦ
2264 3012 2443 3067 πάντα
2474 3013 2828 3084 εἰσήνεγκας,
2859 3013 2915 3065 ἐν
2946 3005 3026 3076 οἷς
3052 3011 3219 3066 ἐδεῖτὸ
3249 3028 3341 3065 σου
3366 3013 3463 3083 τῆς
3499 3011 3592 3065 δυ⁴

2009 3106 2258 3183 νάμεως,
2289 3109 2533 3180 ἔγνωμεν
2557 3150 2571 3174 ,
2611 3107 2706 3161 καὶ
2730 3108 2880 3161 οὐδὲν
2910 3109 3058 3179 ἡμᾶς
3106 3107 3313 3162 τούτων
3352 3108 3540 3163 ἔλαθεν
3574 3124 3589 3160 τ

2010 3204 2297 3276 ἐπιστολὴν
2328 3204 2385 3259 δὲ
2413 3203 2667 3275 ούδεμίαν
2688 3200 3090 3279 ἐκομισάμεθα.
3126 3205 3236 3259 Καὶ
3269 3206 3317 3257 εί
3354 3206 3451 3277 μέν
3496 3205 3594 3260 ἄλ-

2010 3303 2100 3366 λος
2139 3319 2224 3366 τις
2253 3296 2324 3374 ἦν
2369 3301 2480 3355 τῶν
2512 3301 2574 3355 ού
2609 3302 2813 3373 σφόδρα
2839 3300 3100 3371 γενναίων
3130 3303 3158 3355 ό
3193 3302 3475 3373 σιωπήσας
3507 3320 3598 3358 το·

2014 3399 2222 3465 σοῦτον,
2262 3397 2594 3469 ἐνομίσαμεν
2624 3397 2689 3452 ἂν
2721 3397 2872 3468 αὑτῷ
2900 3397 3173 3469 πρόφασιν
3200 3400 3280 3462 είς
3301 3397 3597 3469 ἀπολογίαν

2014 3492 2152 3550 εἶναι
2190 3494 2298 3548 τῶν
2349 3493 2690 3567 πραγμάτων
2715 3494 2807 3546 τὸν
2835 3492 3008 3563 ὄχλον.
3062 3494 3278 3565 Ἐπειδὴ
3320 3494 3377 3548 δέ
3412 3513 3503 3549 σου
3536 3494 3601 3548 τὸ

2014 3592 2217 3662 ὑψηλὸν
2241 3594 2341 3663 τῆς
2364 3592 2464 3662 σῆς
2487 3590 2725 3655 διανοίας
2746 3601 2771 3630 ε
2805 3591 2981 3662 ίσμεν,
3015 3590 3077 3643 τὸ
3108 3591 3307 3662 θερμὸν
3334 3572 3431 3666 τῆς
3463 3594 3600 3663 ἀγά‹

2016 3708 2125 3762 πης
2145 3731 2161 3755 ,
2183 3689 2245 3742 τὸ
2270 3690 2511 3761 γνήσιον,
2536 3688 2598 3741 τὸ
2626 3688 2915 3759 εἰλικρινὲς
2936 3728 2951 3753 ,
2978 3687 3038 3741 τὸ
3067 3688 3284 3761 διαρκὲς
3311 3730 3326 3754 ,
3355 3690 3417 3743 τὸ
3449 3692 3598 3762 μόνι-

2016 3804 2139 3859 μον,
2165 3787 2265 3841 οὐκ
2293 3785 2360 3840 ἂν
2388 3784 2680 3856 δεξαίμεθα
2723 3784 2926 3856 ταύτην
2952 3785 3276 3854 ἀπολογίαν,
3308 3786 3416 3840 οὐδ’
3442 3782 3508 3840 αὖ
3538 3787 3598 3840 τὸ

2018 3885 2094 3955 μὴ
2115 3886 2294 3938 ἐκεῖσε
2320 3881 2615 3954 διατρίϐειν
2640 3896 2732 3934 σου
2762 3880 2859 3952 τὴν
2892 3880 3302 3953 θαυμασιότητα
3322 3900 3335 3914 ο
3372 3882 3466 3935 καὶ
3489 3882 3598 3953 γάρ

2018 3982 2113 4035 καὶ
2142 3980 2301 4034 τοῦτο
2322 3979 2585 4051 ἔγνωμεν.
2616 3979 2756 4034 Ἀλλ’
2786 3980 2867 4033 ἐνὶ
2894 3980 3039 4051 μόνῳ
3067 3980 3471 4050 καρπωσόμεθα
3497 3980 3599 4050 τῆς

2023 4080 2240 4151 μακρᾶς
2264 4078 2419 4148 σιγῆς
2441 4076 2813 4149 παραμυθίαν,
2841 4079 2888 4130 εί
2913 4076 3231 4147 βουληθείης
3259 4078 3338 4142 είς
3364 4078 3424 4131 τὸ
3450 4078 3599 4132 ἐπιόν

2018 4172 2077 4229 τὺ
2117 4174 2391 4247 παροφθὲν
2428 4174 2487 4227 ἐν
2515 4171 2593 4245 τῷ
2640 4173 2963 4244 παρελθόντι
3009 4173 3186 4245 χρόνῳ
3217 4172 3243 4210 ἀ
3292 4175 3602 4246 ἀνακτήσα-

2022 4274 2170 4338 σθαι,
2203 4272 2295 4326 καὶ
2325 4269 2538 4341 πέμψαι
2562 4269 2789 4341 νιφάδας
2818 4270 3163 4342 γραμμάτων
3191 4271 3339 4340 ἡμῖν,
3368 4271 3475 4323 ἀπὸ
3503 4272 3606 4341 τῆς

2026 4371 2146 4442 μέλι
2189 4370 2419 4441 ῥεούσης
2449 4367 2694 4441 γλώττης
2742 4370 2810 4423 τά
2845 4369 2972 4440 περὶ
3009 4368 3109 4439 τῆς
3149 4370 3357 4437 ὑγιείας
3405 4370 3497 4422 σοῦ
3542 4388 3603 4424 τε

2023 4468 2118 4521 καὶ
2144 4466 2243 4537 τῆς
2272 4465 2571 4534 ἀσφαλείας
2597 4464 2920 4534 δηλούντων.
2960 4467 3021 4517 Εί
3049 4465 3156 4534 γὰρ
3186 4466 3280 4519 καὶ
3309 4468 3366 4519 ἐν
3399 4466 3604 4537 ἐρημίᾳ

2024 4564 2342 4635 καθήμεθα,
2376 4563 2469 4615 καὶ
2499 4560 2784 4631 πολιορκίᾳ
2821 4542 3051 4631 χαλεπῇ,
3085 4561 3176 4613 καὶ
3209 4561 3421 4630 μυρίοις
3454 4578 3608 4632 περι⁴

2024 4658 2409 4732 εστοιχίσμεθα
2476 4658 2702 4722 δεινοῖς,
2748 4658 2862 4711 ἀλλ’
2895 4658 3044 4728 ὅμως
3084 4659 3145 4710 οὑ
3199 4657 3483 4729 παυόμεθα
3516 4675 3609 4729 με-

2028 4759 2325 4832 ριμνῶντες
2354 4756 2453 4827 τὴν
2488 4755 2585 4827 σὴν
2614 4754 3025 4826 θαυμασιότητα
3048 4771 3062 4786 ’
3105 4757 3197 4809 καὶ
3226 4756 3349 4810 καθ’
3372 4757 3610 4829 ἐκάστην

2028 4854 2409 4925 πυνθανόμεθα
2438 4865 2462 4893 θ
2502 4856 2560 4906 ἐν
2587 4854 2731 4906 τίσιν
2760 4852 2906 4924 ὁρμᾷ
2935 4853 3003 4905 τά
3025 4851 3111 4906 σά.
3128 4852 3225 4907 Ἵν’
3255 4851 3347 4906 οὖν
3376 4856 3450 4926 μὴ
3480 4857 3609 4925 παρ’

2029 4955 2250 5028 ἐτέρων,
2274 4953 2410 5007 ἀλλα
2433 4952 2528 5005 καὶ
2552 4951 2700 5023 παρά
2728 4951 2826 5020 τῆς
2856 4950 3113 5019 γλυκείας
3155 4952 3250 5004 καὶ
3297 4951 3611 5006 ποθεινοτά-

2028 5069 2127 5123 της
2151 5053 2284 5123 ἡμῖν
2310 5049 2605 5113 διαθέσεως
2652 5048 2822 5103 ταῦτα
2856 5049 3242 5120 μανθάνωμεν,
3279 5050 3454 5121 γράφε
3484 5066 3611 5102 συν-

2032 5147 2170 5219 εχῶς
2199 5149 2333 5218 ἡμῖν
2359 5146 2427 5199 τὰ
2448 5146 2576 5217 περὶ
2601 5144 2702 5214 τῆς
2734 5144 2954 5216 ῥώσεως
2984 5145 3083 5214 τῆς
3110 5149 3208 5217 σῆς
3232 5163 3244 5177 ·
3278 5147 3373 5200 καὶ
3416 5146 3475 5199 τὸ
3505 5148 3614 5199 πᾶν

2033 5245 2440 5316 ἀπειλήφαμεν,
2470 5243 2536 5314 ἣν
2578 5242 2864 5315 δεξώμεθα
2894 5243 3181 5307 ἐπιστολὰς
3216 5243 3388 5297 ταῦτα
3415 5241 3612 5315 φερού-

2037 5359 2134 5405 σας
2165 5340 2296 5412 ήμῖν
2322 5339 2391 5392 τά
2418 5338 2733 5408 εὐαγγέλια.

2096 5531 2127 5573 b
2148 5530 2347 5580 Cois‘jn.
2373 5531 2555 5594 κομίζει
2578 5532 2665 5594 γὰρ
2698 5549 2777 5579 και
2803 5531 2973 5594 ἀθυμία
2998 5536 3053 5593 τῇ
3094 5531 3221 5592 ψυχῇ
3257 5529 3502 5592 ὠφέλειαν,
3546 5530 3623 5579 καὶ

2034 5595 2191 5657 πο).λά
2221 5594 2282 5641 τὰ
2303 5594 2517 5657 βραδεῖα.
2542 5593 2687 5657 (ταῦτ’
2711 5594 2816 5646 οὖν.

2104 5659 2126 5686 ⁸⁵
2151 5655 2312 5703 83νὶ1.
2325 5655 2409 5712 τῆς
2428 5656 2648 5709 διανοίας.

2101 5718 2128 5758 d
2153 5716 2353 5780 Qoislin.
2378 5718 2424 5764 ἐν
2455 5718 2525 5778 τῷ
2550 5715 2745 5780 παρόντι
2764 5717 2934 5780 καιρῷ.

2107 5791 2132 5820 ο
2153 5777 2261 5828 Duo
2282 5791 2395 5827 mss.
2415 5777 2765 5839 πυνθανόμενοι.
