3906 6382
396 359 502 417 (ῖῖςδ
1108 353 1164 407 s.
1207 349 1493 406 JOAN'NIS
1532 342 2025 427 cumsosmm
2066 340 2391 419 Ancmsp.
2431 342 2980 401 coxsmmmov.
3596 346 3698 406 οει

911 471 1050 522 MB‘.
1083 465 1473 531 Κανδιδιανῷ.

469 586 611 639 Ιῐολύ
644 582 742 652 τῆς
785 577 905 634 ὁδοῦ
941 579 1001 632 τὸ
1038 577 1200 649 μέσον
1242 578 1304 631 τὸ
1349 575 1586 648 διεῖργον
1636 577 1821 647 ἡμᾶς,
1878 574 1994 628 ἀλλ’

400 676 525 731 οὐδὲ
557 676 586 726 ὁ
611 672 800 744 χρόνος
824 668 1030 743 βραχὺς
1057 709 1071 732 ,
1096 667 1155 733 ἐξ
1178 662 1241 722 οὐ
1269 667 1368 739 τῆς
1392 666 1827 739 θαυμασιότητος
1859 666 1995 735 ἐχω-

402 768 559 839 ρίσθη
570 783 669 835 μεν
704 763 802 832 τῆς
856 761 986 831 σῆς·
1019 759 1113 813 καὶ
1138 758 1250 812 τῶν
1284 758 1626 830 πραγμάτων
1651 757 1710 811 δέ
1756 756 1925 819 πολὺς
1966 756 1996 810 ὁ

399 854 702 929 περιεστὼς
732 855 881 926 ἡμᾶς
903 851 1059 923 ὄχλος
1082 893 1096 915 ,
1130 851 1340 922 ἐρημία
1378 849 1578 922 χωρίου
1608 848 1992 921 χαλεπωτάτη,

398 947 683 1021 πολιορκία
718 947 993 1017 ἀφόρητος
1018 983 1032 1010 ,
1082 942 1304 1012 ἔφοδοι,
1356 940 1701 1013 καταδρομαὶ
1757 940 1991 1013 λῃστῶν,

398 1040 559 1112 ἐτέρα
581 1039 932 1109 στενοχωρία,
965 1038 999 1108 ὴ
1021 1036 1115 1090 τοῦ
1157 1036 1412 1107 σώματος
1442 1035 1724 1107 ἀρρωστία
1754 1046 1803 1088 α.
1852 1032 1994 1087 Ἀλλ’

399 1135 547 1205 ὅμως
569 1131 721 1185 οὐδὲν
743 1131 951 1185 τούτων
977 1128 1388 1202 ῥᾳθυμοτέρως
1411 1130 1559 1201 ἡμᾶς
1581 1128 1709 1199 περὶ
1736 1127 1835 1198 τὴν
1859 1126 1996 1193 ἀγά-

406 1249 513 1302 πην
535 1232 633 1301 τὴν
670 1228 768 1301 σὴν
793 1227 1114 1297 πεποίηκεν,
1151 1224 1265 1278 ἀλλ’
1292 1223 1651 1294 ἀκμάζουσαν
1686 1218 1856 1290 αὐτὴν
1901 1218 1996 1271 καὶ

404 1322 558 1396 [617]
581 1320 851 1376 ἀνθοῦσαν
881 1317 1266 1388 διατηροῦμεν,
1296 1314 1389 1367 ἐπὶ
1412 1313 1653 1376 διανοίας
1684 1329 1743 1365 σε
1775 1310 2000 1382 περιφέ-

401 1433 589 1487 ροντες
608 1456 623 1480 ,
657 1415 903 1485 ὅπουπερ
925 1411 990 1466 ἂν
1020 1406 1190 1481 ῶμεν,
1214 1408 1308 1461 καὶ
1336 1405 1568 1477 άληστόν
1603 1421 1697 1458 σου
1720 1403 1820 1475 τὴν
1857 1403 1994 1473 μνή-

402 1525 509 1580 μην
540 1506 753 1578 ἔχοντες
772 1545 786 1569 ,
810 1505 908 1558 καὶ
937 1503 999 1557 τὸ
1024 1501 1243 1571 εὐγενές
1266 1517 1358 1553 σου
1380 1497 1481 1569 τῆς
1512 1497 1690 1568 ψυχῆς
1709 1539 1723 1561 ,
1752 1496 1813 1548 τὸ
1841 1494 1993 1549 ἐλευ-

400 1599 601 1671 θέριον,
638 1598 696 1652 τδ
720 1599 1008 1668 ἄτρεπτον,
1041 1596 1104 1648 τὸ
1129 1592 1348 1656 ἀκλινές
1375 1591 1479 1662 τ’ἠς
1500 1591 1728 1661 γνησίας
1749 1588 1991 1660 ἀγάπης,

400 1691 462 1743 τὸ
485 1690 684 1761 θερμὸν
715 1689 815 1759 τῆς
834 1688 1127 1750 διαθέσεως
1149 1682 1547 1753 ἐγκολάψαντες
1586 1681 1745 1754 ἡμῶν
1772 1684 1841 1753 τῇ
1876 1682 1994 1735 δια-

401 1781 538 1855 νοίᾳ.
566 1780 757 1843 Οῦτως
781 1778 1016 1833 ἐνταῦθα
1042 1764 1331 1847 διάγομεν,
1351 1774 1615 1846 μεγίστην
1638 1774 1995 1845 παραμυθίαν

399 1873 497 1943 τῆς
518 1872 787 1941 τοσαύτης
819 1868 1054 1943 ἐρημίας
1073 1868 1171 1940 τὴν
1196 1868 1420 1940 μνήμην
1443 1865 1554 1920 τῶν
1582 1865 1691 1920 σῶν
1717 1865 1996 1938 κατορθω-

404 1973 589 2036 ματων
622 1962 858 2035 ἔχοντες.
887 1961 1070 2033 Γράφε
1101 1959 1166 2032 δὴ
1195 1959 1290 2013 καὶ
1334 1958 1497 2022 αὐτὸς
1542 1959 1676 2029 ημῖν
1732 1958 1992 2029 συνεχῶς,

397 2058 632 2111 δέσποτα
667 2074 768 2127 μου
816 2052 1235 2126 θαυμασιώτατε
1272 2052 1368 2105 καὶ
1418 2049 1991 2123 μεγαλοπρεπέστατε,

397 2151 468 2204 τὰ
498 2151 627 2222 περὶ
656 2149 756 2220 τῆς
786 2148 998 2218 ὑγιείας
1024 2147 1123 2217 τῆς
1155 2148 1253 2218 σῆς
1283 2142 1794 2215 εὐαγγελιζόμενος.
1825 2138 1995 2211 Οἶσθα

398 2243 509 2315 γὰρ
529 2244 677 2307 ὅπως
701 2241 873 2312 αὐτῆς
897 2237 1235 2311 ἀντεχόμεθα
1257 2235 1506 2309 (καὶγὰρ
1528 2232 1994 2305 περισπούδαστον

401 2338 534 2406 ἡμῖν
562 2334 689 2405 περὶ
719 2333 925 2404 ταύτης
958 2332 1271 2405 μανθάνειν)
1298 2370 1313 2393 ,
1369 2330 1468 2384 καὶ
1514 2329 1593 2383 ὅτι
1625 2327 1817 2398 διπλῆν
1855 2344 1995 2397 καρ-

404 2425 701 2498 πωσόμεθα
726 2425 826 2497 τὴν
856 2422 1219 2496 εὐφροσύνην,
1240 2410 1318 2493 τῷ
1340 2437 1401 2473 τε
1437 2418 1775 2474 ἐπιστέλλειν
1807 2418 1992 2485 αὐτὸν,

400 2517 480 2588 τῷ
527 2533 588 2569 τε
634 2514 861 2568 τοιαῦτα
906 2513 1158 2584 δέχεσθαι
1194 2515 1346 2584 ἡμᾶς
1374 2511 1685 2584 γράμματα
1716 2509 1868 2582 παρά
1892 2507 1989 2578 τῆς

407 2608 887 2682 μεγαλοπρεπείας
915 2606 1016 2677 τῆς
1056 2606 1175 2677 σῆς.

933 2745 1075 2798 Ml".
1111 2741 1450 2811 Βασσιανῇ.

473 2862 623 2934 Αὐτὴ
686 2860 785 2934 μὲν
847 2857 1060 2931 μακρδν
1114 2858 1377 2930 ἐσίγησας
1407 2858 1632 2933 χρόνον,
1688 2838 1784 2913 καὶ
1823 2856 1995 2911 ταῦτα

400 2953 598 3026 ἔχουσα
620 2954 711 3008 τὸν
735 2951 923 3025 κύριόν
950 2969 1051 3021 μου
1079 2950 1171 3004 τὸν
1199 2948 1528 3022 τιμιώτατον
1556 2950 1649 3004 καὶ
1673 2949 1995 3003 εὐλαϐέστα-

398 3061 491 3097 τον
521 3043 775 3097 Θεόδοτον
804 3042 896 3095 τὸν
930 3040 1199 3104 διάκονον,
1267 3039 1563 3110 δυνάμενον
1599 3039 1799 3110 ῥᾳδίως
1846 3038 1995 3109 εὐρί-

404 3155 553 3193 σκειν
586 3137 709 3199 τοὺς
732 3134 942 3188 ἐκεῖθεν
972 3132 1206 3188 ἐνταῦθα
1229 3132 1680 3203 ἀφικνουμένους.
1713 3131 1906 3202 Ἡμεῖς
1937 3131 1995 3185 δὲ

401 3230 523 3283 οὐδέ
555 3226 803 3282 ἐντεῦθεν
834 3222 1215 3296 ὐποπτεύομέν
1270 3241 1365 3277 σου
1394 3223 1493 3295 τὴν
1522 3223 1763 3294 ἀγάπην,
1794 3222 1872 3286 ώς
1898 3224 1995 3293 ρᾳ-

404 3314 711 3392 θυμοτέραν
735 3317 1112 3388 γεγενημένην
1142 3316 1271 3388 περὶ
1299 3316 1473 3386 ἡμᾶς·
1507 3314 1708 3385 πολλὴν
1756 3315 1867 3386 γὰρ
1892 3315 1993 3368 αὐ-

401 3413 502 3484 τῆς
534 3415 746 3483 πεῖραν,
782 3410 878 3463 καὶ
911 3408 999 3462 διὰ
1022 3407 1233 3461 πολλῶν
1263 3407 1565 3479 εἰλήφαμεν
1589 3447 1603 3473 ,
1632 3407 1726 3461 καὶ
1750 3406 1995 3478 ἔγνωμεν

280 3542 298 3556 ο
403 3504 576 3574 αὐτῆς
601 3502 662 3554 τὸ
707 3499 958 3572 λαμπρὸν
991 3498 1086 3553 καὶ
1138 3498 1464 3571 εἰλικρινὲς,
1512 3497 1575 3551 τὸ
1626 3500 1849 3570 γνήσιον
1899 3501 1994 3553 καὶ

402 3592 829 3664 ἀπερίτρεπτον.
861 3590 952 3643 Διὸ
1001 3589 1105 3643 κᾶν
1133 3590 1353 3660 γράφῃς
1377 3631 1392 3656 ,
1424 3588 1528 3643 κᾶν
1570 3590 1760 3661 σιγᾷς,
1793 3589 1995 3661 ὁμοίως

402 3684 723 3755 διακείμεθα
751 3700 843 3736 σου
890 3682 1018 3752 περὶ
1064 3680 1163 3752 τὴν
1208 3681 1490 3750 εὐγένειαν
1515 3723 1530 3749 ,
1563 3682 1658 3735 καὶ
1682 3680 1994 3754 θαρροῦμεν

403 3778 534 3848 περὶ
566 3778 664 3847 τῆς
693 3775 984 3837 διαθέσεως
1009 3774 1112 3844 τῆς
1146 3772 1267 3843 σῆς,
1292 3774 1367 3837 ὡς
1392 3773 1650 3846 ἀκεραίου
1684 3774 1777 3827 καὶ
1798 3775 1994 3844 ἀκραι-

404 3868 569 3937 φνοῦς
611 3866 899 3938 μενούσης.
940 3865 1078 3919 Ἀλλ’
1117 3867 1267 3937 ὅμως
1312 3866 1407 3919 καὶ
1457 3864 1601 3920 οὕτω
1636 3865 1991 3938 διακείμενοι,

405 3960 611 4032 σφόδρα
640 3958 941 4029 βουλόμεθα
976 3958 1174 4028 συνεχῆ
1219 3957 1470 4029 δέχεσθαι
1506 3958 1811 4029 γράμματα
1862 3957 1993 4027 παρ’

404 4052 559 4121 ὐμῶν
587 4095 601 4119 ,
646 4050 1111 4120 εὐαγγελιζόμενα
1140 4051 1288 4119 ἡμᾶς
1334 4050 1464 4121 περὶ
1510 4051 1609 4120 τῆς
1640 4050 1852 4119 ὑγιείας
1894 4049 1996 4121 τῆς

406 4142 677 4215 ὑμετέρας
701 4182 715 4207 ,
748 4142 843 4199 καὶ
874 4140 968 4194 τοῦ
1002 4141 1151 4194 οῐκου
1193 4139 1349 4212 ὑμῶν
1389 4140 1608 4204 παντός.
1650 4140 1867 4212 Ἐπειδὴ
1899 4139 1995 4192 καὶ

407 4234 613 4306 σφόδρα
649 4233 852 4303 ταύτης
902 4232 1279 4303 ἐπιθυμοῦμεν
1312 4232 1406 4285 καὶ
1437 4232 1797 4303 ἀντεχόμεθα,
1825 4232 1996 4287 καθά-

407 4344 514 4397 περ
569 4325 662 4377 καὶ
710 4323 846 4394 αὐτὴ
880 4318 1058 4378 οἶσθα.
1093 4321 1279 4376 Ταῦτα
1307 4316 1400 4375 οῦν
1442 4320 1647 4386 εἰδυῖα,
1689 4320 1854 4392 κυρία
1890 4339 1993 4393 μου

406 4415 756 4487 κοσμιωτάτη
780 4416 872 4469 καὶ
895 4415 1279 4487 εὐγενεστάτη,
1306 4416 1531 4487 χαρίζου
1558 4418 1656 4489 τὴν
1680 4417 1841 4491 χάριν
1864 4420 1996 4491 ἡμῖν

405 4506 609 4578 ταύτην
633 4547 648 4571 ,
681 4504 889 4575 κούφην
924 4523 983 4559 τε
1015 4501 1180 4560 οὖσαν
1210 4507 1305 4559 καὶ
1336 4506 1525 4578 ῥᾳδίαν
1548 4550 1562 4573 ,
1613 4509 1707 4562 καὶ
1750 4508 1994 4579 εὔλογον,

406 4602 500 4653 καὶ
521 4599 721 4671 πολλὴν
751 4601 882 4671 ἡμῖν
915 4599 1007 4652 καὶ
1034 4601 1091 4652 ἐν
1120 4599 1329 4672 ἐρημία
1358 4600 1690 4672 καθημένοις
1719 4603 1994 4675 παρέχου-
2038 4628 2045 4635 η

409 4709 507 4747 σαν
539 4694 637 4764 τὴν
667 4691 1044 4764 παραμυθίαν.

832 4826 964 4879 MA'.
1001 4827 1263 4890 Θεοδότῳ
1290 4826 1568 4893 διακόνῳ.

481 4933 613 4991 Οἶδα
641 4938 735 4991 καὶ
766 4939 928 5002 αὐτὸς
953 4979 967 5002 ,
1004 4940 1085 4992 ὅτι
1115 4940 1215 4992 οὐκ
1250 4939 1315 4993 ἂν
1349 4942 1479 5011 ἡμῖν
1527 4941 1617 4995 διὰ
1655 4944 1996 5013 γραμμάτων

413 5028 720 5096 συνεγένου,
754 5032 801 5082 εἰ
826 5029 915 5081 διὰ
940 5031 1241 5099 παρουσίας
1279 5030 1408 5101 ἐξῆν
1427 5048 1442 5062 ·
1468 5032 1604 5087 ἀλλά
1628 5034 1806 5087 πάντα
1838 5037 1997 5103 ἀφεὶς

414 5121 533 5192 μεθ’
561 5120 718 5190 ἡμῶν
745 5120 964 5192 ἔμελλες
1003 5118 1163 5189 εἷναι,
1195 5125 1244 5177 εἰ
1278 5125 1352 5195 μὴ
1381 5123 1608 5196 κώλυμα
1640 5121 1729 5197 ἦν,
1767 5127 1861 5181 καὶ
1884 5126 1996 5181 κώ-

411 5213 557 5284 λυμα
581 5212 855 5285 μέγιστον,
886 5214 979 5266 καὶ
1012 5215 1045 5285 ἡ
1080 5214 1173 5268 τοῦ
1203 5215 1358 5279 ἔτους
1387 5215 1527 5287 ῶρα,
1563 5217 1659 5271 καὶ
1689 5217 1798 5272 τῶν
1850 5238 1997 5293 πρα-

409 5305 637 5377 γμάτων
680 5306 714 5377 η
768 5303 1056 5371 δυσκολία,
1090 5308 1185 5360 καὶ
1218 5306 1327 5362 τῶν
1365 5307 1601 5363 ἐνταῦθα
1637 5312 1671 5381 ἡ
1707 5312 1831 5365 καθ’
1865 5312 1998 5367 ἐκάο

412 5412 544 5467 στην
570 5395 785 5467 ἡμέραν
824 5397 1203 5469 ἐπιτεινομένη
1246 5399 1382 5471 πρὸς
1426 5402 1488 5455 τὸ
1536 5404 1721 5474 χεῖρον
1761 5405 1993 5477 ἐρημία.

410 5488 519 5542 Καὶ⁵
547 5488 701 5541 οὐδὲν
738 5487 926 5559 δέομαι
954 5489 1113 5543 τοῦτο
1145 5491 1297 5564 παρὰ
1331 5491 1425 5545 σοῦ
1464 5493 1777 5563 μανθάνειν.
1813 5498 1998 5551 Ἐπει-

408 5579 473 5650 δὴ
503 5579 611 5651 γὰρ
642 5578 813 5648 ἔγνων
852 5579 1001 5645 ἀπαξ
1024 5620 1039 5646 ,
1072 5579 1153 5634 ὅτι
1202 5584 1430 5655 σφοδρὸς
1463 5585 1620 5656 ήμῶν
1660 5587 1897 5661 ἐραστὴς
1922 5586 1995 5656 εἴ,

462 5737 500 5805 ,⁸
525 5738 858 5808 Οιηιιςξ-πιοεκ
873 5740 904 5795 ἡ
928 5744 1014 5799 τῆς
1029 5737 1116 5790 τοῦ
1138 5741 1383 5806 στομάχου
1406 5745 1688 5808 ἀῤῥωστίας.
1709 5747 1839 5801 Edil.
1860 5753 1891 5808 ἡ
1912 5750 1998 5801 τοῦ

409 5798 512 5857 σὼρ
521 5810 632 5851 ατος
650 5798 911 5865 ἀρρωστία.

2104 455 2277 527 ἔγνων
2323 458 2416 513 καὶ
2451 459 2635 525 ξτοῦτο
2690 458 2894 520 καλῶς.
2935 459 3126 531 Ἡμεῖς
3172 458 3271 531 μὲν
3322 455 3416 515 οὖν
3439 501 3455 526 ,
3492 461 3590 516 καὶ.
3627 463 3700 534 μὴ

2104 550 2520 622 ἀναμνήσαντός
2559 549 2857 623 σουζπρδς
2888 549 3100 613 πάντας
3130 548 3197 604 ἂν
3240 549 3696 623 ἐπεστάλκαμεν·

2103 642 2498 715 ἐθαυμάσαμεν
2544 644 2603 696 δέ
2635 660 2696 695 σε
2724 643 2819 697 καὶ
2853 643 3061 714 ταύτης
3089 643 3191 713 τῆς
3216 645 3345 715 περὶ
3371 646 3522 716 ἡμᾶς
3550 644 3701 714 φιλοο

2106 735 2366 807 στοργίας
2386 777 2400 799 ,
2436 736 2519 790 ὅτι
2543 737 2637 790 καὶ
2669 736 2747 808 τῷ
2779 736 2926 790 τέλει
2957 736 3060 806 τῆς
3087 736 3384 807 ἐπιστολῆς
3412 739 3700 810 παράκλη..

2106 843 2190 880 σιν
2219 827 2361 901 ὑπὲρ
2380 826 2571 882 τούτου
2611 827 2986 900 προσέθηκας.
3022 828 3197 884 Τοῦτο
3231 829 3339 900 γὰρ
3366 830 3548 901 ψυχῆς
3580 831 3701 899 σφό-

2103 906 2204 991 δρά
2256 919 2613 991 μεριμνώσης
2638 921 2708 973 τά
2745 920 2992 992 ἡμέτερα
3015 961 3029 985 ,
3066 921 3493 993 φροντιζούσης,
3528 921 3701 990 κηδο-

2107 1011 2278 1083 μένης
2299 1051 2314 1077 ,
2348 1012 2591 1083 γνησίως
2616 1012 2839 1083 ἀγαπᾷν
2867 1012 3259 1082 ἐπισταμένης.
3300 1013 3426 1076 Τοῖς
3463 1013 3563 1083 μὲν
3608 1008 3699 1067 οὖν

2103 1103 2284 1169 ἄλλοις
2331 1105 2533 1160 ἅπασιν
2569 1103 2724 1177 [618]
2768 1104 3115 1159 ἐπέσταλκα·
3147 1104 3340 1176 ἐπειδὴ
3385 1104 3443 1158 δὲ
3493 1107 3589 1159 καὶ
3633 1109 3698 1178 τῇ

2104 1197 2269 1268 κυρίᾳ
2300 1214 2402 1269 μου
2417 1198 2702 1270 Καρτερία
2727 1196 2919 1269 πρώην
2939 1192 3082 1269 ἦμεν
3103 1197 3523 1264 ἐπεσταλκότες,
3540 1198 3701 1267 ἐγνω-

2107 1308 2206 1362 μεν
2242 1290 2298 1344 δὲ
2322 1290 2490 1362 αὐτὴν
2522 1291 2597 1362 μὴ
2613 1290 2910 1361 διατρίϐειν
2936 1293 3136 1357 ἐκεῖσε,
3171 1290 3309 1346 ἀλλά
3338 1291 3559 1363 μακρὰν
3581 1290 3698 1346 ὁδὸν

2104 1382 2611 1454 ἀποδεδημηκέναι·
2666 1385 2715 1436 εί
2766 1384 2866 1455 μέν
2894 1378 3008 1437 οἷόν
3065 1400 3127 1438 τε
3178 1384 3570 1455 ἐκπεμφθῆναι
3630 1383 3698 1438 τά

2103 1476 2414 1546 γράμματα
2433 1476 2502 1530 τα
2534 1475 2784 1547 ἡμέτερα
2810 1478 2949 1536 ἐκεῖ.
2980 1478 3076 1531 καὶ
3107 1476 3265 1532 τοῦτο
3290 1476 3534 1546 γενέσθω
3557 1518 3573 1542 ,
3604 1479 3698 1532 ἐὰν

2103 1564 2438 1641 δοκιμάσῃς·
2468 1570 2517 1622 εί
2553 1567 2611 1621 δὲ
2646 1569 2721 1641 μὴ
2747 1568 2971 1624 δυνατὸν
2994 1611 3009 1634 ,
3040 1573 3153 1635 τοῖς
3184 1570 3315 1639 γοῦν
3341 1571 3553 1642 κυρίοις
3595 1586 3695 1641 μου

2102 1661 2457 1733 τιμιωτάτοις
2482 1662 2577 1716 καὶ
2601 1662 3014 1731 εὐγενεστάτοις
3038 1666 3152 1727 τοῖς
3185 1664 3313 1734 περὶ
3350 1662 3699 1735 Μαρκελλια-

2102 1754 2195 1809 νδν
2231 1752 2509 1825 συντυχὼν
2532 1753 2864 1827 διαλέχθητι,
2890 1754 3031 1809 ὥστε
3061 1756 3197 1828 αὐτῇ
3225 1756 3277 1809 εῖ
3299 1772 3430 1809 ποτε
3454 1757 3699 1811 ἐπιστέλ-

2103 1846 2244 1901 λοιεν
2270 1889 2285 1913 ,
2315 1847 2763 1919 ἀπολογήσασθαι
2797 1848 2939 1921 ὑπὲρ
2987 1847 3148 1920 ἡμῶν
3169 1887 3184 1915 ,
3218 1847 3294 1913 ὡς
3327 1848 3429 1902 οὐκ
3463 1848 3696 1921 ἐρρᾳθυα-
3734 1864 3749 1883 ο

2108 1939 2382 2011 μηκότων,
2411 1940 2538 1994 οὐδὲ
2567 1940 2658 1994 τὸν
2688 1939 2892 2012 μεταξὺ
2918 1940 3111 2013 χρόνον
3143 1941 3541 2011 σεσιγηκὸτων,
3580 1939 3695 1996 ἀλλ’

2106 2030 2211 2085 ὐπό
2237 2030 2337 2103 τῆς
2366 2033 2584 2105 μακρᾶς
2613 2031 2783 2104 αὐτῆς
2813 2032 3126 2104 ἀποδημίας
3157 2033 3510 2087 κωλυθέντων
3571 2051 3696 2087 συν-

2104 2125 2392 2197 εχέστερον
2422 2123 2756 2179 ἐπιστέλλειν
2785 2123 2921 2197 πρὸς
2943 2126 3137 2196 αὐτήν.

2450 2257 2593 2309 ME'.
2614 2253 2914 2325 Συμμάχῳ
2936 2253 3335 2323 πρεσϐυτέρῳ.

2176 2381 2344 2435 Οὐδὲν
2397 2381 2583 2435 καινὸν
2617 2382 2739 2436 οὐδέ
2787 2381 3012 2446 ἀπεικὸς
3045 2380 3410 2452 τεθλιμμένην
3437 2380 3697 2436 ὀδεύοντα

2103 2474 2218 2529 ὁδὸν
2253 2476 2729 2547 στενοχωρεῖσθαι.
2770 2476 3010 2545 Τοιαύτη
3039 2475 3149 2546 γὰρ
3171 2475 3270 2545 τῆς
3298 2475 3505 2547 ἀρετῆς
3527 2477 3563 2547 ἡ
3597 2476 3698 2546 φύ-

2105 2583 2220 2631 σις,
2251 2565 2430 2620 πόνων
2460 2566 2625 2638 γέμει
2663 2567 2756 2621 καὶ
2797 2565 3065 2639 ἱδρώτων,
3106 2566 3411 2621 ἐπιϐουλῶν
3443 2569 3542 2620 καὶ
3588 2585 3697 2622 κιν-

2102 2655 2297 2711 δύνων.
2338 2656 2478 2711 Ἀλλ’
2503 2658 2537 2728 ἡ
2561 2656 2663 2729 μὲν
2683 2656 2803 2721 ὁδὸς
2824 2654 3048 2726 τοιαύτη
3066 2673 3080 2687 ·
3114 2655 3186 2709 τὰ
3212 2656 3270 2709 δέ
3297 2656 3548 2710 ἐντεῦθεν
3578 2658 3697 2711 στέ-

2104 2767 2284 2820 φανοι,
2325 2748 2573 2821 βραδεῖα,
2595 2748 2664 2803 τὰ
2692 2749 2987 2821 ἀπόρρητα
3015 2748 3197 2817 ἀγαθά
3220 2788 3235 2814 ,
3268 2748 3364 2802 καὶ
3407 2747 3565 2813 τέλος
3595 2749 3697 2803 οὐκ

2104 2840 2314 2911 ἔχοντα.
2350 2838 2578 2902 Τούτοις
2613 2837 2793 2893 τοίνυν
2849 2837 3046 2892 σαυτὸν
3081 2836 3390 2907 παρακάλει
3415 2853 3430 2869 ·
3463 2836 3696 2910 καὶγὰρ

2104 2934 2253 3005 καὶὴ
2284 2931 2464 2997 ἄνεσις
2487 2934 2580 2986 καὶ
2606 2931 2640 3004 ἡ
2666 2930 2843 3002 θλίψις
2875 2933 2909 3003 ἡ
2930 2931 3023 2985 τοῦ
3045 2931 3312 3003 παρόντος
3337 2930 3696 3002 παροδεύεται

2107 3026 2245 3097 βίου,
2286 3026 2382 3081 καὶ
2425 3025 2576 3097 αὐτῷ
2604 3025 2683 3097 τῷ
2738 3025 2840 3097 βίῳ
2891 3024 3351 3094 συγκαταλύεται.
3380 3023 3565 3094 Μηδὲν
3602 3020 3695 3078 οὖν

2107 3118 2244 3190 μηδὲ
2273 3118 2498 3172 ἐκείνων
2524 3118 2772 3187 φυσάτω,
2798 3118 2933 3189 μηδέ
2979 3116 3186 3172 τούτων
3229 3116 3571 3171 ταπεινούτω
3601 3116 3697 3170 καὶ

2106 3209 2461 3264 συστελλέτω.
2500 3209 2561 3264 '0
2587 3209 2697 3279 γὰρ
2724 3210 2949 3280 ἄριστος
2984 3207 3323 3280 κυϐερνήτης
3344 3207 3469 3261 οὔτε
3502 3209 3561 3261 ἐν
3590 3225 3694 3276 γα-

2102 3300 2241 3375 λήνῃ
2276 3301 2593 3373 χαυνοῦται,
2623 3301 2748 3357 οὐτε
2776 3304 2833 3356 ἐν
2865 3300 3094 3373 χειμῶνι
3122 3303 3476 3374 ταράττεται.
3530 3303 3695 3357 Ταῦτ’

2103 3390 2196 3448 οὖν
2233 3394 2389 3459 εἰδὼς
2420 3394 2728 3467 παρακάλει
2759 3395 2978 3458 σαυτὸν,
3002 3394 3099 3447 καὶ
3126 3394 3478 3468 παραμυθίαν
3506 3394 3692 3450 ἐντεῦ-

2105 3484 2197 3538 θεν
2231 3485 2446 3556 καρποῦ
2499 3486 2598 3557 τὴν
2649 3486 2934 3556 μεγίστην.
2967 3486 3151 3556 Γράφε
3194 3485 3433 3557 συνεχῶς
3469 3487 3604 3557 ἡμῖν
3628 3486 3695 3539 τὰ

2104 3576 2235 3647 περὶ
2262 3576 2361 3647 τῆς
2394 3576 2605 3642 ὐγιείας
2642 3578 2741 3647 τῆς
2766 3579 2885 3649 σῆς.
2914 3580 2977 3631 Et
3009 3577 3118 3649 γὰρ
3147 3577 3243 3631 καὶ
3275 3574 3455 3647 πολλῷ
3482 3574 3562 3646 τῷ
3590 3577 3694 3645 μή-

2105 3683 2190 3720 κει
2215 3666 2317 3737 τῆς
2347 3667 2470 3721 ὀδοῦ
2502 3667 2873 3740 διειργόμεθα,
2899 3672 2994 3724 καὶ
3024 3669 3193 3723 πολύν
3242 3687 3338 3724 σου
3389 3669 3489 3739 τῆς
3522 3669 3693 3739 ἐμμε-

2103 3758 2255 3823 λείας
2286 3760 2698 3832 ἀπελείφθημεν
2736 3762 2927 3834 χρόνον
2952 3803 2967 3827 ,
3019 3762 3134 3816 ἀλλ’
3168 3763 3229 3815 οὐ
3281 3762 3381 3831 τῆς
3434 3760 3690 3828 ἀγάπης,

2102 3849 2216 3903 ἀλλ’
2242 3849 2475 3921 ἄληστον
2496 3851 2562 3904 αὐ
2573 3853 2665 3923 τὴν
2685 3853 2772 3906 ἀεὶ
2798 3854 3167 3925 περιφέρομεν
3194 3855 3289 3911 καὶ
3310 3852 3690 3923 ἀκμάζουσαν,

2103 3943 2351 4013 ὅπουπερ
2384 3942 2451 3996 ἂν
2482 3937 2634 4015 ὦμεν
2692 3946 2924 4018 ἐπείπερ
2959 3946 3181 4017 τοιαύτη
3216 3947 3310 4000 τοῦ
3356 3945 3534 4019 φιλεῖν
3566 3965 3694 4019 γνη-

2105 4037 2235 4099 σίως
2269 4037 2304 4108 ἡ
2336 4035 2519 4105 φύσις.

2649 4169 2801 4234 Μςν.
2849 4150 3157 4237 Ῥουρώ

2187 4281 2520 4359 Ἐϐουλόμην
2558 4292 2657 4363 μὲν
2697 4294 3082 4364 συνεχέστερον
3115 4293 3452 4348 ἐπιστέλλειν
3500 4311 3597 4347 σου
3628 4295 3691 4364 τῇ

2105 4384 2424 4457 εὐλαϐείᾳδ,
2448 4384 2633 4459 ἐπειδή
2660 4403 2720 4440 σε
2751 4387 2911 4457 φιλῶ,
2939 4389 3032 4442 καὶ
3055 4389 3260 4460 σφόδρα
3282 4388 3443 4459 φιλῶ,
3460 4390 3694 4446 δέσποτά

2108 4497 2209 4551 μου
2258 4481 2654 4550 αίδεσιμώτατε
2696 4485 2791 4538 καὶ
2841 4485 3204 4540 εὐλαϐέστατε
3225 4504 3240 4519 ο
3281 4486 3378 4539 καὶ
3408 4487 3694 4559 ἀμφότερα

2105 4578 2282 4634 ταῦτα
2308 4575 2464 4634 οἷσθα
2495 4582 2589 4634 καὶ
2617 4581 2800 4646 αὐτός.
2846 4582 2986 4636 Ἀλλ’
3027 4584 3215 4654 ἐπειδὴ
3259 4585 3320 4638 τὸ
3346 4585 3448 4657 μὲν
3475 4588 3537 4639 ἐν
3566 4589 3695 4657 ἡμῖν

2106 4679 2303 4742 κεῖται,
2338 4678 2398 4731 τὺ
2423 4677 2481 4731 δέ
2505 4678 2607 4732 οὐκ
2641 4682 2699 4732 ἐν
2722 4682 2884 4752 ἡμῖν·
2916 4679 3007 4734 τοῦ
3043 4682 3142 4750 μὲν
3184 4684 3293 4753 γὰρ
3336 4682 3510 4751 φιλεῖν
3533 4686 3696 4755 ἡμεῖς

2108 4773 2325 4847 κύριοι,
2354 4775 2447 4830 τοῦ
2476 4776 2535 4831 δέ
2563 4776 2804 4848 συνεχῶς
2837 4780 3176 4834 ἐπιστέλλειν
3212 4782 3313 4835 οὐκ
3363 4782 3476 4845 ἔτι,
3511 4783 3604 4837 διά
3637 4800 3695 4837 τε

2104 4872 2205 4941 τῆς
2236 4871 2359 4926 όδοῦ
2391 4873 2489 4944 τὴν
2524 4873 2813 4929 δυσκολίαν
2838 4917 2853 4942 ,
2900 4877 2995 4930 καὶ
3042 4878 3135 4932 τοῦ
3184 4878 3340 4943 ἔτους
3372 4881 3471 4953 τὴν
3502 4881 3654 4953 ὤραν
3678 4898 3695 4915 ο

2106 4971 2284 5024 ἐκεῖνο
2315 4970 2415 5041 μὲν
2470 4971 2735 5043 διηνεκῶς
2769 4975 3032 5044 ποιοῦμεν
3055 5017 3069 5037 ,
3105 4976 3265 5030 τοῦτο
3318 4978 3376 5031 δέ
3422 4979 3587 5049 ἡνίκα
3632 4982 3697 5034 ἂν

2106 5064 2199 5136 ἐξῇ
2225 5081 2240 5095 ο
2277 5066 2478 5137 μᾶλλον
2510 5068 2565 5121 δέ
2595 5070 2691 5123 καὶ
2721 5070 2881 5125 τοῦτο
2904 5073 3171 5143 διηνεκῶς
3195 5075 3475 5145 ποιοῦμεν.
3502 5077 3566 5129 Εί
3591 5080 3697 5149 γὰρ

2106 5164 2203 5222 καὶ
2244 5151 2319 5235 μή
2370 5166 2561 5235 μέλανι
2596 5168 2731 5239 μηδὲ
2763 5170 2939 5243 χάρτῃ
2993 5172 3233 5243 συνεχῶς
3283 5174 3695 5248 ἐπιστέλλομεν,

2107 5257 2245 5313 ἀλλὰ
2269 5261 2464 5335 γνώμῃ
2490 5265 2585 5319 καὶ
2612 5265 2822 5337 διανοίᾳ
2843 5284 2856 5298 ο
2881 5269 3125 5326 τοιοῦτον
3152 5271 3261 5343 γὰρ
3282 5273 3343 5327 τὸ
3368 5272 3547 5342 φιλεῖν
3567 5291 3697 5345 γνηα

2110 5357 2259 5420 σίως.

2597 5489 2749 5565 [6191
2777 5496 2914 5548 MZ'.
2942 5496 3198 5565 Ναμαῐᾳ.

2182 5600 2249 5653 Τί
2282 5604 2547 5676 περιέρχῃ
2580 5606 2881 5676 ἀπολογίαν
2926 5611 3162 5681 ζητοῦσα
3182 5653 3196 5679 ,
3231 5615 3322 5668 καὶ
3366 5614 3695 5689 συγγνώμην

2109 5752 2421 5866 ὶαὲεὲἓιηιιες
2445 5769 2573 5818 pene
2612 5772 2730 5813 mss.
2752 5778 2841 5812 σου
2863 5769 2922 5827 τῇ
2967 5765 3211 5832 ἐμμελείᾳ.
3251 5767 3381 5818 Edil-
3424 5787 3514 5819 σου
3531 5775 3590 5833 τῇ
3616 5770 3691 5819 εἶθ’
