3906 6370
207 355 301 414 633

400 463 586 523 XLII.
607 464 946 524 Candidiano.
985 464 1217 538 (Cucuso
1244 478 1387 520 anno
1408 460 1562 539 404).

267 560 451 632 ingens
470 559 674 615 itineris
693 558 1032 616 intervallum
1065 571 1163 612 nos
1189 555 1413 620 dirimit,
1436 568 1537 611 nec
1557 568 1781 625 parvum

211 663 404 724 tempus
430 657 511 706 est
534 691 550 716 ,
580 665 700 705 cum
727 649 824 705 abs
853 655 905 704 te
929 649 1157 718 sejuncti
1188 647 1382 702 fuimus
1407 663 1422 702 :
1449 645 1578 717 quin
1619 660 1783 716 nego—

210 747 386 800 tiorum
413 756 623 812 quoque
651 755 838 811 magna
866 755 964 795 nos
991 739 1145 794 turba
1175 738 1504 801 circumstat,
1530 735 1785 808 gravissi-

209 850 286 892 ma
311 833 406 888 loci
435 832 668 887 solitudo
687 873 703 899 ,
732 830 1066 887 intoleranda
1093 829 1322 894 obsidio,
1357 827 1587 895 insidiae,
1615 827 1781 883 latro-

205 940 320 981 num
350 923 696 990 incursiones,
724 922 934 992 aliaque
956 930 1209 991 przeterea
1237 919 1500 990 angustia,
1528 918 1782 973 nimirum

205 1015 429 1086 corporis
458 1015 678 1070 morbus
709 1015 748 1068 ¹.
775 1012 886 1070 Nec
914 1022 1089 1068 tamen
1128 1011 1418 1084 quidquam
1457 1010 1650 1066 horum
1685 1023 1784 1065 nos

205 1112 252 1166 in
281 1109 352 1164 tui
385 1122 571 1164 amore
598 1107 875 1178 Segniores
913 1105 1128 1161 effecit:
1152 1104 1279 1174 quin
1308 1104 1481 1175 potius
1512 1103 1782 1173 vigentem

201 1216 314 1259 eum
332 1214 390 1256 ac
411 1200 691 1256 ﬂorentem
711 1213 1110 1265 conservamus,
1132 1212 1196 1252 ac
1217 1205 1288 1262 te,
1309 1208 1643 1265 quocumque
1667 1200 1788 1248 tan-

203 1295 312 1350 dem
338 1294 388 1349 in
415 1292 535 1347 loco
564 1291 732 1347 simus
753 1331 770 1358 ,
795 1290 977 1346 animo
1013 1297 1068 1345 et
1103 1287 1424 1358 cogitatione
1452 1283 1784 1341 circumieri-

201 1400 342 1450 mus,
371 1384 552 1453 tuique
595 1383 910 1437 memoriam
950 1378 1236 1436 oblivionis
1280 1377 1457 1433 omnis
1499 1383 1782 1446 expertem

202 1486 467 1543 tenemus,
497 1476 769 1544 animique
813 1475 887 1529 tui
927 1473 1261 1528 nobilitatem
1301 1479 1357 1527 et
1401 1469 1782 1541 ingenuitatem

198 1568 514 1639 sincerthue
534 1568 772 1624 caritatis
796 1566 1097 1622 ﬁrmitatem
1121 1573 1278 1635 atque
1297 1561 1786 1626 constantiam,be-

199 1659 605 1728 nevolentiaeque
650 1656 913 1713 fervorem
967 1656 1192 1712 incisum
1241 1654 1293 1708 in
1340 1653 1534 1709 animis
1585 1651 1785 1707 nostris

198 1748 462 1805 habemus.
493 1748 576 1804 Ad
604 1748 743 1802 hunc
767 1747 970 1802 scilicet
993 1746 1210 1801 modum
1233 1744 1319 1800 hic
1339 1744 1601 1814 degimus,
1629 1756 1780 1798 sum-

197 1857 330 1896 mum
357 1851 517 1897 tantae
543 1839 844 1896 solitudinis
873 1839 1117 1895 solatium
1141 1839 1192 1892 in
1224 1853 1407 1894 earum
1446 1851 1625 1891 rerum
1661 1850 1781 1906 quas

197 1933 283 1987 abs
312 1941 360 1986 te
385 1939 535 1988 recte
561 1939 821 2002 geruntur
847 1929 1220 1986 recordatione
1247 1929 1474 1998 positum
1504 1927 1780 1982 habentes.

197 2023 268 2077 'l‘u
295 2038 416 2079 vero
441 2023 513 2080 ad
557 2038 655 2080 nos
695 2037 904 2094 quoque
940 2023 1167 2080 subinde
1211 2022 1421 2088 scribe,
1454 2020 1672 2078 domine
1709 2021 1782 2076 mi

196 2129 527 2184 summopere
550 2113 864 2170 admirande
882 2129 946 2170 ac
960 2113 1262 2185 magniﬁce,
1285 2113 1351 2170 de
1372 2121 1459 2169 tua
1481 2113 1784 2170 valetudine

197 2207 338 2262 nobis
384 2207 507 2262 laeta
562 2207 834 2264 nuntians.
876 2206 993 2262 Scis
1039 2206 1182 2262 enim
1234 2213 1563 2277 quantopere
1613 2205 1784 2276 ipsam

195 2298 604 2369 complectamur
649 2298 867 2369 (quippe
904 2297 973 2354 de
1001 2313 1063 2354 ea
1105 2297 1304 2370 aliquid
1345 2297 1532 2354 audire
1577 2313 1786 2369 magna:

195 2390 340 2446 nobis
367 2406 512 2448 cura:
539 2391 668 2462 est),
691 2390 939 2461 quodque
958 2390 1228 2460 duplicem
1248 2389 1572 2462 voluptatem
1599 2389 1785 2460 capie-

195 2495 325 2546 mus,
345 2482 389 2536 si
409 2491 462 2536 et
485 2483 603 2552 ipse
622 2482 851 2551 scribas,
873 2491 929 2538 ct
952 2481 1123 2538 literae
1145 2482 1242 2538 abs
1265 2491 1316 2539 te
1339 2481 1443 2538 hoc
1470 2489 1785 2554 argumento

196 2570 258 2626 ad
284 2586 381 2630 nos
408 2573 725 2630 aﬂ'erantur.

426 2663 476 2719 Χ
480 2667 562 2724 LI
567 2666 632 2723 11
639 2707 653 2722 .
681 2667 965 2724 Bassiamc.
994 2669 1228 2740 (Cucuso
1253 2683 1395 2724 anno
1419 2668 1571 2739 403.)

259 2758 336 2814 Tu
363 2760 585 2830 quidem
617 2760 804 2831 perdiu
831 2761 1046 2828 siluisti,
1079 2761 1261 2834 idque,
1291 2776 1414 2816 cum
1443 2761 1782 2819 reverendis-

195 2848 376 2906 simum
401 2866 464 2906 ac
489 2851 953 2922 religiosissimum
973 2851 1613 2911 diaconumTheodolum
1642 2867 1784 2924 prae-

194 2950 274 3000 sto
293 2941 546 3010 haberes,
568 2957 666 3016 per
679 2959 839 3017 quem
860 2943 1015 3001 facile
1031 2945 1265 3002 nancisci
1283 2959 1491 3017 posses,
1513 2945 1603 3016 qui
1629 2945 1788 3002 istinc

192 3035 256 3092 ad
295 3051 390 3093 nos
437 3037 708 3094 venirent.
735 3037 845 3093 Nos
889 3046 1068 3095 autem
1107 3053 1176 3092 ne
1214 3037 1338 3092 hinc
1378 3036 1594 3108 quidem
1637 3045 1688 3096 te
1731 3036 1787 3093 in

194 3139 366 3184 amore
388 3143 522 3200 erga
553 3143 653 3184 nos
677 3129 977 3199 segniorem
1000 3127 1265 3184 redditam
1284 3142 1406 3184 esse
1429 3129 1786 3199 suspicamur;

194 3221 377 3292 quippe
405 3223 496 3292 qui
532 3236 769 3292 persaepe
795 3237 859 3277 ac
888 3221 1072 3277 multis
1113 3221 1167 3276 in
1196 3220 1356 3277 rebus
1383 3221 1549 3293 ipsius
1572 3221 1786 3292 pericu-

195 3313 293 3369 lum
319 3313 614 3371 fecerimus
631 3355 648 3382 ,
676 3315 896 3384 ejusque
924 3314 1261 3384 splendorem
1287 3355 1302 3381 ,
1332 3314 1646 3384 puritatem,
1674 3314 1792 3369 sin-

193 3406 458 3462 ceritatem
509 3415 680 3477 atque
706 3407 1063 3462 constantiam
1094 3407 1428 3476 exploratam
1475 3405 1791 3462 habeamus.

193 3493 574 3563 Quamobrem,
604 3496 715 3552 sive
744 3497 970 3562 scribas,
998 3497 1113 3552 sive
1142 3507 1340 3564 taceas,
1365 3496 1556 3551 eodem
1587 3511 1714 3565 erga
1739 3505 1790 3550 te

193 3587 362 3643 animo
389 3603 607 3654 sumus,
638 3589 810 3659 deque
834 3597 924 3643 tua
953 3589 1156 3658 integra
1184 3596 1238 3642 et
1263 3603 1392 3657 pura
1420 3586 1791 3643 benevolentia

194 3681 408 3736 minime
431 3682 766 3737 dubitamus.
799 3681 1134 3752 Quamquam
1179 3690 1355 3736 autem
1396 3696 1461 3737 eo
1490 3683 1669 3738 animo
1694 3698 1789 3738 su-

198 3785 330 3837 mus,
358 3774 582 3829 crebras
611 3781 788 3828 tamen
816 3773 997 3828 literas
1017 3815 1032 3839 ,
1062 3789 1182 3844 qua:
1210 3772 1364 3827 nobis
1389 3772 1457 3827 de
1485 3781 1571 3826 tua
1597 3773 1790 3827 totius-

197 3878 295 3932 que
321 3874 425 3920 tuze
454 3865 653 3920 domus
678 3849 984 3920 valetudine
1003 3907 1017 3932 ,
1043 3878 1163 3934 qum
1190 3864 1436 3920 volumus
1459 3904 1474 3930 ,
1507 3864 1752 3925 nuntient
1774 3906 1790 3931 ,

199 3956 436 4026 accipere
475 3958 828 4012 vehementer
865 3957 1128 4026 cupimus.
1172 3955 1613 4026 Quandoquidem
1652 3955 1792 4010 nosti

199 4046 359 4116 ipsam
394 4063 614 4118 quoque
642 4047 794 4103 nobis
823 4047 1111 4102 admodum
1145 4063 1288 4102 cura:
1314 4061 1452 4102 esse.
1486 4047 1610 4102 llaec
1636 4047 1796 4117 igitur

199 4150 314 4191 cum
362 4137 456 4193 tibi
487 4146 772 4209 perspecta
804 4139 912 4193 sint
939 4178 954 4202 ,
981 4137 1323 4194 ornatissima
1371 4152 1434 4193 ac
1461 4137 1794 4193 nobilissima

199 4227 409 4284 domina
451 4245 574 4284 mea
602 4270 619 4295 ,
652 4230 790 4284 hanc
826 4228 981 4284 nobis
1021 4230 1246 4300 gratiam
1285 4228 1446 4285 velim
1491 4229 1753 4285 concedas
1777 4271 1792 4295 ,

200 4333 313 4388 quae
355 4331 414 4376 et
443 4322 582 4378 levis
606 4364 622 4389 ,
651 4320 823 4377 facilis
865 4330 920 4376 et
960 4335 1111 4392 ecqua
1158 4329 1279 4388 est,
1308 4331 1364 4376 et
1390 4321 1545 4378 nobis
1566 4363 1580 4387 ,
1609 4322 1699 4394 qui
1740 4322 1794 4378 in

201 4410 298 4468 hac
326 4414 618 4471 solitudine
641 4413 907 4470 haeremus
927 4453 942 4481 ,
975 4413 1242 4485 ingentem
1267 4414 1686 4470 consolationem
1714 4414 1796 4470 af-

200 4501 316 4559 fert.
1142 4545 1144 4547 ,

305 4599 435 4653 XLI
453 4600 514 4653 ιν.
550 4600 806 4656 Theodoto
837 4599 1072 4654 diacono.
1102 4598 1348 4671 (Cucuso
1367 4613 1509 4654 anno
1531 4597 1682 4668 405.)

271 4690 394 4747 Scio
416 4693 606 4763 utique
635 4701 687 4748 te
716 4708 813 4762 per
836 4693 1018 4747 literas
1041 4705 1140 4746 nos
1170 4691 1390 4746 minime
1412 4700 1799 4746 conventurum

202 4778 385 4849 fuisse,
423 4783 469 4837 si
495 4798 680 4838 coram
730 4783 781 4837 id
812 4783 1049 4839 licuisset
1083 4801 1096 4838 :
1129 4797 1316 4838 verum
1343 4783 1591 4837 omnibus
1641 4781 1802 4836 rebus

207 4873 420 4930 omissis
459 4875 530 4931 ad
576 4891 676 4931 nos
702 4883 752 4930 te
790 4873 1086 4942 conferres,
1121 4874 1298 4930 nisiet
1326 4875 1453 4928 anni
1487 4883 1717 4944 tempus,
1749 4881 1805 4928 et

204 4969 542 5038 negotiorum
570 4966 878 5033 difficultas,
900 4975 956 5021 et
981 4965 1141 5036 hujus
1175 4965 1276 5021 loci
1303 4965 1538 5022 solitudo
1567 4963 1805 5036 quotidie

204 5058 608 5130 ingravescens,
642 5061 932 5116 maximum
960 5058 1397 5129 impedimentum
1423 5057 1654 5113 afferret.
1697 5054 1807 5112 Nec

203 5166 337 5221 opus
367 5162 475 5216 est,
505 5160 568 5206 ut
591 5167 653 5206 ex
699 5161 750 5206 te
791 5151 893 5206 hoc
922 5149 1178 5224 ediscam.
1219 5149 1353 5204 Nam
1388 5163 1511 5203 cum
1551 5146 1681 5203 illud
1721 5161 1807 5202 se-

205 5243 309 5298 mel
339 5243 470 5299 mihi
495 5251 832 5313 compertum
865 5242 956 5308 sit,
984 5238 1069 5296 me
1098 5241 1195 5295 abs
1223 5249 1274 5294 te
1295 5239 1641 5295 vehementer
1659 5253 1809 5292 ama-

204 5349 271 5402 rt,
313 5333 418 5390 hoc
437 5349 658 5404 quoque
678 5335 881 5404 optime
900 5334 1043 5387 novi.
1062 5331 1395 5402 Quamquam
1407 5340 1586 5386 autem
1599 5331 1810 5385 etiamsi

205 5425 426 5480 minime
451 5424 854 5489 admonuisses,
887 5423 1240 5479 nihilominus
1273 5423 1340 5477 ad
1361 5437 1551 5478 omnes
1580 5422 1811 5492 scriptu-

204 5533 295 5574 rus
324 5533 473 5573 eram
504 5537 520 5574 :
555 5526 737 5575 tamen
784 5518 887 5573 hoc
915 5518 1076 5583 etiam
1110 5517 1326 5571 nomine
1357 5523 1504 5570 tuum
1547 5529 1670 5584 erga
1713 5528 1811 5570 nos

203 5623 447 5666 amorem
494 5608 751 5667 admirati
781 5625 988 5679 sumus,
1021 5607 1166 5681 quod
1195 5618 1436 5664 extrema
1473 5617 1559 5662 tua
1587 5606 1812 5676 cpistola

267 5765 284 5796 ί
314 5772 498 5884 termes
539 5771 680 5830 Mss,
714 5767 942 5818 nimirum
964 5764 1200 5817 stomachi
1228 5765 1404 5818 morbi.
1429 5763 1571 5828 Edit.,
1597 5763 1815 5828 corporis

267 5846 309 5881 »Γ
342 5849 420 5884 κδ.

205 5846 397 5886 mortms
408 5869 420 5880 .

539 5928 826 5988 PATROL.
861 5929 976 5990 Gn.
1018 5929 1144 5990 LII.

1652 346 2030 408 Εριετοιμλε.

3379 355 3487 412 634

1894 478 1982 520 me
2005 478 2216 536 quoque
2241 465 2310 523 de
2338 467 2439 526 hac
2468 486 2527 528 rc
2551 471 2949 529 exhortandum
2977 469 3196 528 duxisti.
3219 466 3354 524 Nam
3382 469 3487 525 hoc

1892 553 2058 611 animi
2097 565 2182 613 est
2205 558 2553 618 vehementer
2581 564 2816 632 solliciti,
2860 578 2924 619 ac
2968 576 3150 619 rerum
3179 569 3484 616 nostrarum

1894 661 2021 702 cura
2051 647 2377 718 laborantis,
2406 661 2462 709 et
2510 653 2602 726 qui
2626 655 2836 712 sincere
2877 668 3060 710 amare
3088 651 3249 707 norit.
3281 649 3485 718 Quam-

1895 735 2083 791 obrem
2096 747 2318 808 excepta
2333 740 2554 796 domina
2569 755 2690 797 mea
2711 740 2979 808 Carteria,
3021 744 3091 799 ad
3116 755 3486 818 quam‘qmper

1893 828 2078 886 literas
2128 830 2275 899 dedi,
2307 835 2557 892 omnibus
2595 836 2788 908 scripsi
2819 855 2832 892 :
2860 851 2981 892 eam
3009 843 3189 891 autem
3227 834 3353 910 illic.
3375 849 3484 898 non

1892 924 2216 980 commorari
2273 929 2474 998 accepi,
2506 943 2693 985 verum
2741 929 2952 1000 longam
2998 927 3486 999 peregrinationem

1893 1011 2096 1071 iniisse.
2119 1015 2378 1083 Quocirca
2396 1018 2444 1075 si
2465 1019 2634 1076 litera:
2650 1028 2848 1077 nostra:
2874 1021 3000 1076 illuc
3025 1019 3249 1090 perferri
3265 1027 3482 1089 queant,

1894 1100 1996 1159 hoc
2017 1119 2248 1177 quoque,
2277 1109 2322 1164 si
2353 1110 2447 1166 tibi
2465 1111 2750 1178 videbitur,
2776 1112 2901 1168 ﬁat:
2929 1111 3015 1167 sin
3044 1111 3096 1167 id
3123 1111 3237 1166 ﬁeri
3265 1110 3487 1165 minime

1893 1200 2086 1266 possit,
2109 1200 2270 1255 velim
2297 1203 2487 1258 saltem
2514 1203 2823 1260 carissimos
2847 1219 2912 1260 ac
2953 1202 3316 1260 nobilissimos
3338 1202 3488 1257 viros

1892 1289 2291 1349 Marcellianum
2319 1304 2373 1351 et
2401 1297 2606 1352 socium
2636 1296 2714 1368 (a)
2737 1296 3050 1363 convenias,
3083 1304 3244 1367 atque
3271 1309 3392 1350 cum
3420 1293 3487 1349 iis

1892 1395 2041 1452 agas,
2072 1391 2130 1438 ut
2161 1384 2207 1440 si
2233 1386 2447 1456 quando
2473 1387 2541 1442 ad
2583 1402 2703 1443 eam
2738 1387 3000 1454 scribant,
3031 1387 3080 1444 ei
3123 1401 3210 1443 me
3235 1393 3488 1457 purgent,

1894 1481 1952 1528 ut
1971 1475 2058 1543 qui
2088 1490 2192 1530 non
2238 1491 2334 1545 per
2362 1477 2745 1548 negligentiam
2777 1478 3037 1549 tantisper
3080 1477 3355 1540 tacuerim,
3387 1491 3486 1531 ve-

1891 1580 2010 1620 rum
2039 1566 2196 1637 longa
2226 1568 2394 1638 ipsius
2425 1570 2686 1638 absentia,
2716 1571 3005 1642 quominus
3047 1570 3116 1626 ad
3155 1585 3274 1626 eam
3296 1568 3489 1626 crebro

1891 1657 2203 1728 scriberem,
2232 1659 2518 1730 impeditus
2553 1663 2676 1718 sim.

1926 1767 2100 1826 XLV.
2125 1771 2436 1844 Symmacho
2455 1774 2763 1848 presbytero.
2796 1775 2904 1849 (Ab
2923 1790 3066 1832 anno
3084 1776 3190 1832 404
3204 1774 3273 1831 ad
3295 1775 3456 1846 407.)

1962 1883 2181 1942 Minime
2209 1902 2404 1943 novum
2430 1902 2493 1944 ac
2520 1899 2908 1961 praeposterum
2939 1888 3110 1945 videri
3133 1888 3310 1954 debet,
3343 1889 3389 1944 si
3419 1889 3485 1955 is,

1889 1977 1980 2050 qui
2006 1986 2291 2049 angustum
2317 1979 2416 2035 iter
2452 1989 2618 2048 tenet,
2648 1981 2929 2051 premitur.
2961 1979 3094 2035 Nam
3138 1979 3256 2035 haec
3280 1978 3490 2034 virtutis

1899 2078 2091 2126 natura
2119 2078 2224 2136 est,
2255 2079 2315 2126 ut
2338 2071 2611 2128 laboribus
2630 2079 2685 2127 et
2709 2071 2993 2127 sudoribus
3020 2078 3179 2142 atque
3209 2069 3415 2126 insidiis
3434 2078 3493 2125 et

1893 2162 2144 2233 periculis
2191 2171 2413 2219 scateat.
2438 2163 2638 2220 Verum
2673 2164 2776 2220 iter
2803 2163 3022 2236 quidem
3063 2172 3146 2220 est
3177 2163 3443 2236 ejusmodi
3471 2182 3488 2218 :

1893 2261 2013 2325 post
2031 2263 2209 2310 autem
2222 2264 2518 2327 sequuntur
2527 2271 2762 2324 coronas,
2787 2255 3031 2327 praemia,
3045 2263 3101 2312 et
3114 2270 3309 2312 arcana
3327 2255 3489 2319 bona,

1891 2347 2086 2419 quibus
2111 2348 2233 2404 finis
2263 2350 2443 2405 nullus
2472 2357 2555 2404 est
2583 2348 2927 2404 constitutus.
2960 2345 3074 2403 Hac
3103 2347 3262 2420 igitur
3286 2347 3492 2418 cogita-

1893 2441 2040 2496 tione
2068 2448 2122 2496 te
2157 2441 2332 2510 ipsum
2368 2441 2686 2496 consolare:
2721 2455 2846 2496 nam
2875 2439 3154 2511 praesentis
3180 2439 3303 2493 vita:
3327 2447 3382 2494 et
3398 2453 3493 2493 vo-

1892 2530 2066 2602 luptas
2087 2540 2142 2586 et
2165 2530 2443 2587 calamitas
2459 2546 2564 2586 una
2588 2545 2710 2586 cum
2747 2529 2848 2586 hac
2879 2530 2983 2586 vita
3010 2529 3202 2597 ﬂuunt,
3227 2528 3493 2599 simulque

1891 2636 2012 2677 cum
2035 2636 2100 2678 ea
2117 2621 2405 2677 intereunt.
2427 2621 2506 2677 Ne
2526 2621 2690 2692 igitur
2707 2619 2997 2693 quidquam
3019 2620 3231 2677 illorum
3254 2619 3492 2674 animum

1893 2720 2042 2769 tuum
2072 2710 2242 2779 inﬂet,
2266 2727 2368 2768 nec
2382 2725 2595 2768 rursum
2616 2710 2907 2783 quidquam
2934 2710 3127 2768 horum
3146 2717 3199 2765 te
3226 2708 3494 2779 deprimat

1891 2815 2054 2878 atque
2081 2801 2382 2861 contrahat.
2431 2803 2706 2874 Siquidem
2756 2803 2993 2873 optimus
3036 2801 3364 2873 gubernator
3394 2812 3494 2857 nec

1895 2897 2183 2970 tranquillo
2206 2905 2448 2967 tempore
2475 2893 2753 2952 remissius
2771 2894 2902 2965 agit,
2932 2907 3033 2950 nec
3055 2901 3336 2965 grassante
3357 2901 3494 2948 tem-

1893 2998 2100 3062 pestate
2131 2987 2499 3060 perturbatur.
2553 2986 2681 3042 Haec
2715 2985 2876 3057 igitur
2903 2999 3026 3041 cum
3077 2984 3171 3040 tibi
3210 2992 3490 3055 perspecta

1894 3081 2021 3148 sint,
2063 3077 2289 3150 teipsum
2309 3079 2509 3143 solare,
2559 3074 2955 3146 maximamque
2993 3073 3118 3130 hinc
3132 3075 3380 3132 maroris
3407 3073 3491 3130 l'c-

1892 3173 2162 3229 vationem
2201 3171 2413 3242 capias:
2436 3185 2500 3226 ac
2523 3169 2591 3226 de
2622 3177 2711 3225 tua
2735 3168 3039 3226 valetudine
3066 3167 3150 3225 fac
3171 3181 3272 3223 nos
3310 3167 3495 3223 subin-

1893 3266 1962 3323 de
1989 3265 2270 3322 certiores.
2315 3263 2449 3319 Nam
2474 3263 2576 3318 etsi
2615 3262 2776 3332 longo
2809 3261 3019 3316 itineris
3059 3257 3340 3316 intervallo
3368 3274 3398 3312 a
3437 3270 3494 3315 te

1894 3356 2269 3428 disjungimur,
2301 3355 2498 3426 diuque
2525 3369 2556 3409 a
2583 3361 2672 3409 tua
2698 3353 2959 3408 suavitate
2984 3350 3272 3419 abfuimus,
3302 3357 3357 3405 at
3386 3365 3495 3406 non

1895 3453 2023 3508 item
2051 3467 2080 3506 a
2110 3460 2198 3507 tua
2225 3451 2449 3506 caritate
2483 3466 2497 3504 :
2520 3463 2707 3504 verum
2735 3462 2852 3502 eam
2884 3446 3061 3501 omnis
3086 3444 3370 3502 oblivionis
3396 3459 3494 3499 ex-

1896 3552 2103 3615 pertem
2153 3557 2217 3598 ac
2243 3550 2539 3606 recentem,
2569 3539 2894 3608 ubicumque
2922 3539 3110 3603 simus,
3148 3551 3364 3607 semper
3389 3537 3493 3591 cir-

1896 3633 2242 3690 cumfer-imus
2266 3652 2279 3688 :
2309 3647 2431 3687 nam
2456 3631 2573 3688 ιιωο
2598 3645 2814 3700 quoque
2862 3630 3058 3686 sinceri
3083 3629 3284 3685 amoris
3305 3636 3492 3684 natura

1898 3737 2001 3782 est.

1932 3742 2001 3783 SI.
2092 3797 2301 3853 XLVI.
2341 3797 2558 3868 Ru/ﬁno.
2594 3796 2612 3868 (
2636 3795 2716 3851 Ab
2738 3809 2880 3851 anno
2909 3794 3013 3850 ἀοι
3041 3791 3108 3848 ad
3139 3793 3264 3849 407.
3292 3791 3311 3863 )

1968 3910 2260 3983 Cupiebam
2300 3912 2515 3982 quidem
2553 3911 2750 3980 saepius
2790 3909 2857 3965 ad
2895 3917 2946 3964 te
2984 3908 3169 3963 literas
3198 3907 3346 3971 dare,
3397 3906 3496 3961 do.

1899 4006 2044 4062 mine
2074 4006 2146 4060 mi
2185 4003 2499 4075 cumprimis
2523 4002 2826 4059 venerande
2867 4015 2933 4056 ac
2969 3999 3238 4071 religiose,
3275 3997 3399 4068 quia
3443 4008 3496 4053 te

1899 4112 2044 4166 amo,
2073 4111 2137 4153 ac
2165 4097 2510 4153 vehementer
2530 4111 2690 4160 amo;
2721 4104 2884 4165 atque
2935 4100 3221 4161 utrumque
3264 4089 3496 4159 hocipse

1900 4207 2112 4264 quoque
2127 4193 2289 4248 nosti.
2317 4191 2578 4258 Quoniam
2615 4197 2795 4245 autem
2822 4187 3054 4243 alterum
3089 4184 3306 4254 quidem
3327 4183 3496 4238 nostri

1900 4287 2104 4342 arbitrii
2128 4293 2231 4352 est,
2263 4287 2489 4340 alterum
2516 4291 2694 4338 autem
2722 4295 2831 4336 non
2859 4279 2913 4335 in
2934 4277 3091 4334 nobis
3117 4279 3276 4333 situm
3298 4283 3382 4331 est
3406 4294 3418 4330 :
3442 4285 3501 4330 ut

1902 4378 2046 4435 enim
2077 4386 2130 4432 te
2154 4390 2418 4442 amemus,
2451 4376 2505 4430 in
2551 4373 2774 4429 arbitrio
2800 4383 2987 4427 nostro
3019 4369 3284 4436 consistit,
3315 4375 3374 4422 ut
3401 4383 3497 4421 au-

1905 4479 2010 4525 tem
2043 4469 2109 4523 ad
2141 4477 2193 4524 te
2215 4483 2358 4538 smpe
2383 4467 2700 4531 scribamus,
2736 4477 2842 4520 non
2875 4463 3023 4529 item,
3060 4470 3171 4516 tum
3196 4460 3267 4514 ob
3293 4460 3501 4514 itineris

1905 4562 2294 4624 difﬁcultatem,
2315 4569 2425 4614 tum
2456 4559 2526 4613 ob
2555 4558 2679 4611 anni
2712 4565 2958 4626 tempus:
2989 4553 3122 4608 illud
3149 4552 3363 4622 quidem
3388 4565 3500 4620 pcr-

1907 4665 2070 4726 petuo
2099 4653 2346 4716 facimus,
2379 4651 2482 4706 hoc
2515 4658 2697 4705 autem
2719 4663 2840 4702 cum
2868 4646 3021 4712 licet;
3053 4646 3162 4700 imo
3188 4645 3348 4700 etiam
3379 4657 3501 4714 per-

1909 4755 2068 4817 petuo
2094 4743 2337 4799 facimus.
2371 4741 2503 4796 Nam
2531 4740 2634 4796 etsi
2684 4746 2984 4794 atramento
3009 4746 3170 4806 atque
3192 4735 3374 4792 charta
3395 4749 3501 4789 non

1908 4852 2120 4906 semper
2158 4834 2444 4890 scribimus
2482 4850 2497 4886 :
2550 4840 2607 4887 at
2632 4830 2906 4885 voluntate
2934 4838 3110 4885 tamen
3137 4837 3296 4899 atque
3322 4827 3504 4882 animo

1910 4928 2229 4986 scribimus:
2257 4940 2320 4982 ea
2340 4925 2542 4996 quippe
2578 4921 2774 4980 sinceri
2808 4920 3008 4976 amoris
3035 4929 3226 4975 natura
3254 4927 3358 4975 est.

2124 5037 2364 5097 XLVII.
2398 5036 2647 5095 Namazaa.
2680 5031 2926 5105 (Cucuso
2955 5048 3096 5089 anno
3121 5030 3246 5089 403.
3271 5032 3292 5104 )

1995 5135 2138 5204 Quid
2153 5135 2260 5189 huc
2271 5131 2508 5202 illucque
2524 5133 2575 5180 te
2587 5136 2795 5188 versas,
2808 5120 2936 5178 dum
2947 5124 3018 5181 ob
3031 5139 3154 5182 eam
3197 5139 3310 5180 rem
3341 5137 3506 5180 excu-

1975 5266 2048 5329 (a)
2081 5272 2248 5329 Greece
2283 5261 2605 5329 Ιθεὶῳτητοῑς
2631 5271 2712 5322 uel.
2732 5269 3019 5329 καμιλλιανόν.
3057 5263 3194 5329 Stepe
3220 5257 3507 5329 dirimusjn

1912 5319 2102 5378 Editfs.
2125 5319 2364 5375 Athanasii
2386 5321 2505 5373 illud
2526 5339 2602 5380 τοις
2624 5319 2831 5384 πιέζηΐρ
2853 5319 2919 5384 de
2942 5332 3040 5370 uno
3060 5319 3164 5384 solo
3200 5319 3510 5384 dici,_s:cpis.

1913 5392 2037 5440 sime
2060 5401 2180 5438 vero
2201 5393 2285 5436 aut
2301 5386 2367 5436 de
2388 5385 2578 5434 duobus
2598 5380 2683 5432 aut
2694 5383 2761 5432 de
2777 5380 3013 5444 pluribus.
3038 5383 3119 5444 Hic
3139 5387 3278 5430 certe
3299 5380 3364 5444 de
3385 5380 3509 5430 duo-

1913 5453 2006 5501 bus
2026 5450 2200 5515 saltem
2221 5459 2500 5515 sermonem
2540 5445 2755 5515 habere"
2771 5441 2966 5512 planum
2979 5443 3191 5515 _vide_tu_r
3214 5455 3277 5515 es
3317 5441 3376 5515 iis
3397 5455 3510 5515 qua;

1915 5512 2213 5576 praecedunt,
2239 5507 2511 5576 carissimos
2532 5520 2590 5556 ac
2605 5504 2929 5576 nobilissimos
2945 5504 3086 5576 viros.
3105 5505 3331 5576 libenter
3352 5504 3511 5576 credi-

1913 5563 2068 5624 derim
2093 5575 2183 5634 hic,
2200 5563 2352 5634 agere
2380 5571 2764 5634 chrysostomum
2802 5567 2868 5615 de
2890 5567 3124 5634 Marciano
3147 5573 3200 5615 et
3237 5563 3511 5634 Marcellino

1917 5623 1994 5686 vel
2020 5623 2336 5699 Marcelliano,
2379 5623 2596 5699 nani__sic
2617 5640 2812 5699 quoque
2835 5629 3066 5699 scriptum
3088 5629 3136 5699 in
3159 5635 3264 5676 Mss.
3306 5623 3510 5699 legitur,

1916 5698 2107 5762 quando
2129 5696 2188 5762 ad
2211 5688 2471 5762 utrumque
2491 5688 2651 5762 literae
2690 5688 2960 5762 mittuntur,
2997 5688 3125 5762 quod
3146 5700 3293 5762 saepe
3319 5688 3509 5762 cgntiné

1918 5747 2026 5824 git:
2062 5747 2316 5824 rariusqne
2341 5747 2496 5804 litera:
2518 5754 2578 5824 ad
2612 5751 2831 5824 singulos
2852 5747 3142 5814 diriguntur.
3165 5747 3231 5800 ut'
3256 5751 3305 5798 in
3339 5747 3510 5802 harum

3085 5906 3161 5970 16

1864 5860 1870 5866 .
1918 5814 2466 5887 Epistolarum'dewrsu
2485 5814 2854 5867 animadvertas.
