  <div class='ocr_page' id='page_1' title='image "/cluster/home/n/w/nwhite01/storage/ocr_20150623/52:no.3:pt.2/coo.31924054869510/253.png"; bbox 0 0 3906 6386; ppageno 0'>
   <div class='ocr_carea' id='block_1_1' title="bbox 399 379 504 432">
    <p class='ocr_par' dir='ltr' id='par_1_1' title="bbox 399 379 504 432">
     <span class='ocr_line' id='line_1_1' title="bbox 399 379 504 432; baseline 0 -2"><span class='ocrx_word' id='word_1_1' title='bbox 399 379 504 432; x_wconf 62' lang='lat'><strong>63!)</strong></span> 
     </span>
    </p>
   </div>
   <div class='ocr_carea' id='block_1_2' title="bbox 396 480 1991 557">
    <p class='ocr_par' dir='ltr' id='par_1_2' title="bbox 396 480 1991 557">
     <span class='ocr_line' id='line_1_2' title="bbox 396 480 1991 557; baseline -0.004 -14"><span class='ocrx_word' id='word_1_2' title='bbox 396 490 662 544; x_wconf 77' lang='lat' dir='ltr'><strong>sationem</strong></span> <span class='ocrx_word' id='word_1_3' title='bbox 689 480 910 557; x_wconf 71' lang='lat' dir='ltr'><strong>quaeris,</strong></span> <span class='ocrx_word' id='word_1_4' title='bbox 943 499 1004 540; x_wconf 88' lang='lat' dir='ltr'><strong>ac</strong></span> <span class='ocrx_word' id='word_1_5' title='bbox 1020 484 1228 540; x_wconf 79' lang='lat' dir='ltr'><strong>veniam</strong></span> <span class='ocrx_word' id='word_1_6' title='bbox 1249 483 1410 555; x_wconf 87' lang='lat' dir='ltr'><strong>petis,</strong></span> <span class='ocrx_word' id='word_1_7' title='bbox 1435 483 1508 538; x_wconf 88' lang='lat' dir='ltr'><strong>ob</strong></span> <span class='ocrx_word' id='word_1_8' title='bbox 1536 497 1694 553; x_wconf 85' lang='lat' dir='ltr'><strong>quam</strong></span> <span class='ocrx_word' id='word_1_9' title='bbox 1723 493 1772 538; x_wconf 91' lang='lat' dir='ltr'><strong>te</strong></span> <span class='ocrx_word' id='word_1_10' title='bbox 1795 496 1991 537; x_wconf 84' lang='lat' dir='ltr'><strong>corona</strong></span> 
     </span>
    </p>
   </div>
   <div class='ocr_carea' id='block_1_3' title="bbox 397 575 1998 647">
    <p class='ocr_par' dir='ltr' id='par_1_3' title="bbox 397 575 1998 647">
     <span class='ocr_line' id='line_1_3' title="bbox 397 575 1998 647; baseline -0.002 -13"><span class='ocrx_word' id='word_1_11' title='bbox 397 593 662 634; x_wconf 88' lang='lat' dir='ltr'><strong>uonamus</strong></span> <span class='ocrx_word' id='word_1_12' title='bbox 703 593 766 633; x_wconf 90' lang='lat' dir='ltr'><strong>ac</strong></span> <span class='ocrx_word' id='word_1_13' title='bbox 814 577 1169 647; x_wconf 64' lang='lat' dir='ltr'><strong>praedicamus</strong></span> <span class='ocrx_word' id='word_1_14' title='bbox 1199 594 1214 631; x_wconf 88' lang='lat'><strong>:</strong></span> <span class='ocrx_word' id='word_1_15' title='bbox 1242 575 1441 646; x_wconf 81' lang='lat' dir='ltr'><strong>quippe</strong></span> <span class='ocrx_word' id='word_1_16' title='bbox 1469 575 1766 646; x_wconf 76' lang='lat' dir='ltr'><strong>qui,‘quod</strong></span> <span class='ocrx_word' id='word_1_17' title='bbox 1803 575 1869 630; x_wconf 87' lang='lat' dir='ltr'><strong>ad</strong></span> <span class='ocrx_word' id='word_1_18' title='bbox 1897 575 1998 630; x_wconf 78' lang='lat' dir='ltr'><strong>nes</strong></span> 
     </span>
    </p>
   </div>
   <div class='ocr_carea' id='block_1_4' title="bbox 399 668 1998 742">
    <p class='ocr_par' dir='ltr' id='par_1_4' title="bbox 399 668 1998 742">
     <span class='ocr_line' id='line_1_4' title="bbox 399 668 1998 742; baseline -0.002 -15"><span class='ocrx_word' id='word_1_19' title='bbox 399 672 703 742; x_wconf 84' lang='lat' dir='ltr'><strong>scripseris,</strong></span> <span class='ocrx_word' id='word_1_20' title='bbox 742 678 952 738; x_wconf 82' lang='lat' dir='ltr'><strong>gratum</strong></span> <span class='ocrx_word' id='word_1_21' title='bbox 995 669 1286 724; x_wconf 79' lang='lat' dir='ltr'><strong>habeamus</strong></span> <span class='ocrx_word' id='word_1_22' title='bbox 1324 685 1338 733; x_wconf 91' lang='lat'><strong>;</strong></span> <span class='ocrx_word' id='word_1_23' title='bbox 1387 668 1529 739; x_wconf 84' lang='lat' dir='ltr'><strong>quod</strong></span> <span class='ocrx_word' id='word_1_24' title='bbox 1559 671 1738 724; x_wconf 86' lang='lat' dir='ltr'><strong>autem</strong></span> <span class='ocrx_word' id='word_1_25' title='bbox 1783 681 1907 723; x_wconf 93' lang='lat' dir='ltr'><strong>sero</strong></span> <span class='ocrx_word' id='word_1_26' title='bbox 1934 679 1998 724; x_wconf 83' lang='lat' dir='ltr'><strong>ac</strong></span> 
     </span>
    </p>
   </div>
   <div class='ocr_carea' id='block_1_5' title="bbox 399 762 1999 838">
    <p class='ocr_par' dir='ltr' id='par_1_5' title="bbox 399 762 1999 838">
     <span class='ocr_line' id='line_1_5' title="bbox 399 762 1999 838; baseline -0.003 -18"><span class='ocrx_word' id='word_1_27' title='bbox 399 764 572 838; x_wconf 58' lang='lat' dir='ltr'><strong>tarde,</strong></span> <span class='ocrx_word' id='word_1_28' title='bbox 601 763 802 819; x_wconf 89' lang='lat' dir='ltr'><strong>idcirco</strong></span> <span class='ocrx_word' id='word_1_29' title='bbox 849 762 943 817; x_wconf 91' lang='lat' dir='ltr'><strong>tibi</strong></span> <span class='ocrx_word' id='word_1_30' title='bbox 971 762 1637 833; x_wconf 81' lang='lat' dir='ltr'><strong>succensere&#39;possimus?</strong></span> <span class='ocrx_word' id='word_1_31' title='bbox 1661 762 1999 834; x_wconf 80' lang='lat' dir='ltr'><strong>Quapropter</strong></span> 
     </span>
    </p>
   </div>
   <div class='ocr_carea' id='block_1_6' title="bbox 398 833 1998 925">
    <p class='ocr_par' dir='ltr' id='par_1_6' title="bbox 398 833 1998 925">
     <span class='ocr_line' id='line_1_6' title="bbox 398 833 1998 925; baseline 0.001 -17"><span class='ocrx_word' id='word_1_32' title='bbox 398 833 700 924; x_wconf 36' lang='lat' dir='ltr'><strong>sivinagnae</strong></span> <span class='ocrx_word' id='word_1_33' title='bbox 730 853 967 909; x_wconf 69' lang='lat' dir='ltr'><strong>audaciae</strong></span> <span class='ocrx_word' id='word_1_34' title='bbox 1012 853 1066 908; x_wconf 92' lang='lat' dir='ltr'><strong>id</strong></span> <span class='ocrx_word' id='word_1_35' title='bbox 1117 853 1283 909; x_wconf 88' lang='lat' dir='ltr'><strong>fuisse</strong></span> <span class='ocrx_word' id='word_1_36' title='bbox 1308 853 1603 920; x_wconf 82' lang='lat' dir='ltr'><strong>existimas,</strong></span> <span class='ocrx_word' id='word_1_37' title='bbox 1635 833 1872 925; x_wconf 29' lang='lat' dir='ltr'><strong>quodiad</strong></span> <span class='ocrx_word' id='word_1_38' title='bbox 1898 861 1998 910; x_wconf 76' lang='lat' dir='ltr'><strong>nes</strong></span> 
     </span>
    </p>
   </div>
   <div class='ocr_carea' id='block_1_7' title="bbox 398 943 1994 1011">
    <p class='ocr_par' dir='ltr' id='par_1_7' title="bbox 398 943 1994 1011">
     <span class='ocr_line' id='line_1_7' title="bbox 398 943 1994 1011; baseline -0.001 -10"><span class='ocrx_word' id='word_1_39' title='bbox 398 944 582 1001; x_wconf 80' lang='lat' dir='ltr'><strong>literas</strong></span> <span class='ocrx_word' id='word_1_40' title='bbox 613 945 846 1011; x_wconf 90' lang='lat' dir='ltr'><strong>dederis,</strong></span> <span class='ocrx_word' id='word_1_41' title='bbox 881 945 984 1000; x_wconf 91' lang='lat' dir='ltr'><strong>hoc</strong></span> <span class='ocrx_word' id='word_1_42' title='bbox 1019 943 1222 999; x_wconf 85' lang='lat' dir='ltr'><strong>omisso</strong></span> <span class='ocrx_word' id='word_1_43' title='bbox 1271 944 1341 999; x_wconf 84' lang='lat' dir='ltr'><strong>ad</strong></span> <span class='ocrx_word' id='word_1_44' title='bbox 1372 944 1636 1000; x_wconf 72' lang='lat' dir='ltr'><strong>tarditatis</strong></span> <span class='ocrx_word' id='word_1_45' title='bbox 1664 947 1866 1001; x_wconf 87' lang='lat' dir='ltr'><strong>crimen</strong></span> <span class='ocrx_word' id='word_1_46' title='bbox 1896 944 1994 1001; x_wconf 82' lang='lat' dir='ltr'><strong>de-</strong></span> 
     </span>
    </p>
   </div>
   <div class='ocr_carea' id='block_1_8' title="bbox 399 1036 1998 1109">
    <p class='ocr_par' dir='ltr' id='par_1_8' title="bbox 399 1036 1998 1109">
     <span class='ocr_line' id='line_1_8' title="bbox 399 1036 1998 1109; baseline 0.001 -16"><span class='ocrx_word' id='word_1_47' title='bbox 399 1036 696 1093; x_wconf 86' lang='lat' dir='ltr'><strong>fensionem</strong></span> <span class='ocrx_word' id='word_1_48' title='bbox 745 1037 1007 1093; x_wconf 88' lang='lat' dir='ltr'><strong>meditare</strong></span> <span class='ocrx_word' id='word_1_49' title='bbox 1035 1047 1197 1108; x_wconf 89' lang='lat' dir='ltr'><strong>atque</strong></span> <span class='ocrx_word' id='word_1_50' title='bbox 1221 1052 1492 1108; x_wconf 90' lang='lat' dir='ltr'><strong>compara.</strong></span> <span class='ocrx_word' id='word_1_51' title='bbox 1539 1037 1670 1094; x_wconf 87' lang='lat' dir='ltr'><strong>Nam</strong></span> <span class='ocrx_word' id='word_1_52' title='bbox 1696 1053 1805 1109; x_wconf 90' lang='lat' dir='ltr'><strong>quo</strong></span> <span class='ocrx_word' id='word_1_53' title='bbox 1831 1039 1998 1107; x_wconf 83' lang='lat' dir='ltr'><strong>magis</strong></span> 
     </span>
    </p>
   </div>
   <div class='ocr_carea' id='block_1_9' title="bbox 396 1128 1998 1199">
    <p class='ocr_par' dir='ltr' id='par_1_9' title="bbox 396 1128 1998 1199">
     <span class='ocr_line' id='line_1_9' title="bbox 396 1128 1998 1199; baseline 0.002 -17"><span class='ocrx_word' id='word_1_54' title='bbox 396 1128 603 1183; x_wconf 79' lang='lat' dir='ltr'><strong>dixeris</strong></span> <span class='ocrx_word' id='word_1_55' title='bbox 626 1169 643 1196; x_wconf 93' lang='lat'><strong>,</strong></span> <span class='ocrx_word' id='word_1_56' title='bbox 687 1136 741 1184; x_wconf 89' lang='lat' dir='ltr'><strong>te</strong></span> <span class='ocrx_word' id='word_1_57' title='bbox 767 1137 882 1184; x_wconf 91' lang='lat' dir='ltr'><strong>tum</strong></span> <span class='ocrx_word' id='word_1_58' title='bbox 911 1139 1224 1199; x_wconf 65' lang='lat' dir='ltr'><strong>prasentes,</strong></span> <span class='ocrx_word' id='word_1_59' title='bbox 1259 1137 1370 1184; x_wconf 88' lang='lat' dir='ltr'><strong>tum</strong></span> <span class='ocrx_word' id='word_1_60' title='bbox 1398 1130 1650 1186; x_wconf 85' lang='lat' dir='ltr'><strong>absentes</strong></span> <span class='ocrx_word' id='word_1_61' title='bbox 1678 1132 1887 1188; x_wconf 85' lang='lat' dir='ltr'><strong>sincere</strong></span> <span class='ocrx_word' id='word_1_62' title='bbox 1912 1131 1998 1186; x_wconf 91' lang='lat' dir='ltr'><strong>di-</strong></span> 
     </span>
    </p>
   </div>
   <div class='ocr_carea' id='block_1_10' title="bbox 398 1219 1999 1292">
    <p class='ocr_par' dir='ltr' id='par_1_10' title="bbox 398 1219 1999 1292">
     <span class='ocr_line' id='line_1_10' title="bbox 398 1219 1999 1292; baseline 0.002 -17"><span class='ocrx_word' id='word_1_63' title='bbox 398 1219 618 1289; x_wconf 72' lang='lat' dir='ltr'><strong>lexisse,</strong></span> <span class='ocrx_word' id='word_1_64' title='bbox 645 1235 714 1277; x_wconf 88' lang='lat' dir='ltr'><strong>eo</strong></span> <span class='ocrx_word' id='word_1_65' title='bbox 742 1221 915 1292; x_wconf 79' lang='lat' dir='ltr'><strong>magis</strong></span> <span class='ocrx_word' id='word_1_66' title='bbox 935 1222 1329 1277; x_wconf 81' lang='lat' dir='ltr'><strong>accusationem</strong></span> <span class='ocrx_word' id='word_1_67' title='bbox 1353 1223 1586 1278; x_wconf 80' lang='lat' dir='ltr'><strong>auxeris.</strong></span> <span class='ocrx_word' id='word_1_68' title='bbox 1617 1223 1833 1279; x_wconf 83' lang='lat' dir='ltr'><strong>Etenim</strong></span> <span class='ocrx_word' id='word_1_69' title='bbox 1861 1224 1905 1279; x_wconf 88' lang='lat' dir='ltr'><strong>si</strong></span> <span class='ocrx_word' id='word_1_70' title='bbox 1932 1237 1999 1279; x_wconf 78' lang='lat' dir='ltr'><strong>ex</strong></span> 
     </span>
    </p>
   </div>
   <div class='ocr_carea' id='block_1_11' title="bbox 399 1314 2001 1385">
    <p class='ocr_par' dir='ltr' id='par_1_11' title="bbox 399 1314 2001 1385">
     <span class='ocr_line' id='line_1_11' title="bbox 399 1314 2001 1385; baseline 0.002 -19"><span class='ocrx_word' id='word_1_71' title='bbox 399 1325 592 1367; x_wconf 89' lang='lat' dir='ltr'><strong>eorum</strong></span> <span class='ocrx_word' id='word_1_72' title='bbox 611 1321 839 1368; x_wconf 87' lang='lat' dir='ltr'><strong>numero</strong></span> <span class='ocrx_word' id='word_1_73' title='bbox 861 1325 1044 1381; x_wconf 80' lang='lat' dir='ltr'><strong>esses,‘</strong></span> <span class='ocrx_word' id='word_1_74' title='bbox 1062 1326 1288 1383; x_wconf 90' lang='lat' dir='ltr'><strong>quorum</strong></span> <span class='ocrx_word' id='word_1_75' title='bbox 1316 1314 1550 1383; x_wconf 79' lang='lat' dir='ltr'><strong>vulgaris</strong></span> <span class='ocrx_word' id='word_1_76' title='bbox 1575 1329 1700 1385; x_wconf 85' lang='lat' dir='ltr'><strong>erga</strong></span> <span class='ocrx_word' id='word_1_77' title='bbox 1725 1327 1825 1370; x_wconf 91' lang='lat' dir='ltr'><strong>nos</strong></span> <span class='ocrx_word' id='word_1_78' title='bbox 1849 1329 2001 1370; x_wconf 88' lang='lat' dir='ltr'><strong>amor</strong></span> 
     </span>
    </p>
   </div>
   <div class='ocr_carea' id='block_1_12' title="bbox 399 1402 1999 1473">
    <p class='ocr_par' dir='ltr' id='par_1_12' title="bbox 399 1402 1999 1473">
     <span class='ocr_line' id='line_1_12' title="bbox 399 1402 1999 1473; baseline 0.001 -14"><span class='ocrx_word' id='word_1_79' title='bbox 399 1412 563 1468; x_wconf 85' lang='lat' dir='ltr'><strong>esset,</strong></span> <span class='ocrx_word' id='word_1_80' title='bbox 596 1402 820 1459; x_wconf 85' lang='lat' dir='ltr'><strong>minime</strong></span> <span class='ocrx_word' id='word_1_81' title='bbox 870 1402 1068 1458; x_wconf 85' lang='lat' dir='ltr'><strong>mirum</strong></span> <span class='ocrx_word' id='word_1_82' title='bbox 1098 1403 1230 1458; x_wconf 89' lang='lat' dir='ltr'><strong>mihi</strong></span> <span class='ocrx_word' id='word_1_83' title='bbox 1281 1402 1468 1459; x_wconf 80' lang='lat' dir='ltr'><strong>fuisset</strong></span> <span class='ocrx_word' id='word_1_84' title='bbox 1522 1405 1690 1460; x_wconf 90' lang='lat' dir='ltr'><strong>tediu</strong></span> <span class='ocrx_word' id='word_1_85' title='bbox 1748 1405 1999 1473; x_wconf 88' lang='lat' dir='ltr'><strong>siluisse;</strong></span> 
     </span>
    </p>
   </div>
   <div class='ocr_carea' id='block_1_13' title="bbox 400 1495 2002 1572">
    <p class='ocr_par' dir='ltr' id='par_1_13' title="bbox 400 1495 2002 1572">
     <span class='ocr_line' id='line_1_13' title="bbox 400 1495 2002 1572; baseline 0.002 -20"><span class='ocrx_word' id='word_1_86' title='bbox 400 1511 526 1553; x_wconf 89' lang='lat' dir='ltr'><strong>cum</strong></span> <span class='ocrx_word' id='word_1_87' title='bbox 556 1508 738 1554; x_wconf 84' lang='lat' dir='ltr'><strong>autem</strong></span> <span class='ocrx_word' id='word_1_88' title='bbox 768 1497 824 1556; x_wconf 85' lang='lat' dir='ltr'><strong>te</strong></span> <span class='ocrx_word' id='word_1_89' title='bbox 873 1505 984 1554; x_wconf 80' lang='lat' dir='ltr'><strong>tam</strong></span> <span class='ocrx_word' id='word_1_90' title='bbox 1033 1495 1297 1555; x_wconf 85' lang='lat' dir='ltr'><strong>sinceram</strong></span> <span class='ocrx_word' id='word_1_91' title='bbox 1325 1513 1388 1554; x_wconf 86' lang='lat' dir='ltr'><strong>ac</strong></span> <span class='ocrx_word' id='word_1_92' title='bbox 1417 1498 1708 1555; x_wconf 80' lang='lat' dir='ltr'><strong>ferventem</strong></span> <span class='ocrx_word' id='word_1_93' title='bbox 1737 1514 1862 1572; x_wconf 81' lang='lat' dir='ltr'><strong>erga</strong></span> <span class='ocrx_word' id='word_1_94' title='bbox 1901 1515 2002 1555; x_wconf 91' lang='lat' dir='ltr'><strong>nos</strong></span> 
     </span>
    </p>
   </div>
   <div class='ocr_carea' id='block_1_14' title="bbox 403 1590 2000 1663">
    <p class='ocr_par' dir='ltr' id='par_1_14' title="bbox 403 1590 2000 1663">
     <span class='ocr_line' id='line_1_14' title="bbox 403 1590 2000 1663; baseline 0.001 -18"><span class='ocrx_word' id='word_1_95' title='bbox 403 1591 685 1648; x_wconf 80' lang='lat' dir='ltr'><strong>caritatem</strong></span> <span class='ocrx_word' id='word_1_96' title='bbox 715 1605 826 1663; x_wconf 70' lang='lat' dir='ltr'><strong>pra:</strong></span> <span class='ocrx_word' id='word_1_97' title='bbox 854 1597 910 1648; x_wconf 89' lang='lat' dir='ltr'><strong>te</strong></span> <span class='ocrx_word' id='word_1_98' title='bbox 936 1591 1122 1646; x_wconf 87' lang='lat' dir='ltr'><strong>tulisse</strong></span> <span class='ocrx_word' id='word_1_99' title='bbox 1165 1605 1374 1646; x_wconf 85' lang='lat' dir='ltr'><strong>asseras</strong></span> <span class='ocrx_word' id='word_1_100' title='bbox 1407 1631 1421 1655; x_wconf 93' lang='lat'><strong>,</strong></span> <span class='ocrx_word' id='word_1_101' title='bbox 1450 1601 1507 1645; x_wconf 94' lang='lat' dir='ltr'><strong>ut</strong></span> <span class='ocrx_word' id='word_1_102' title='bbox 1558 1607 1626 1647; x_wconf 90' lang='lat' dir='ltr'><strong>ne</strong></span> <span class='ocrx_word' id='word_1_103' title='bbox 1653 1591 1756 1647; x_wconf 88' lang='lat' dir='ltr'><strong>iter</strong></span> <span class='ocrx_word' id='word_1_104' title='bbox 1785 1590 2000 1661; x_wconf 89' lang='lat' dir='ltr'><strong>quidem</strong></span> 
     </span>
    </p>
   </div>
   <div class='ocr_carea' id='block_1_15' title="bbox 407 1681 2001 1754">
    <p class='ocr_par' dir='ltr' id='par_1_15' title="bbox 407 1681 2001 1754">
     <span class='ocr_line' id='line_1_15' title="bbox 407 1681 2001 1754; baseline 0.003 -19"><span class='ocrx_word' id='word_1_105' title='bbox 407 1698 576 1754; x_wconf 85' lang='lat' dir='ltr'><strong>usque</strong></span> <span class='ocrx_word' id='word_1_106' title='bbox 603 1681 738 1740; x_wconf 84' lang='lat' dir='ltr'><strong>adeo</strong></span> <span class='ocrx_word' id='word_1_107' title='bbox 776 1684 1063 1740; x_wconf 87' lang='lat' dir='ltr'><strong>molestum</strong></span> <span class='ocrx_word' id='word_1_108' title='bbox 1094 1691 1276 1753; x_wconf 86' lang='lat' dir='ltr'><strong>totque</strong></span> <span class='ocrx_word' id='word_1_109' title='bbox 1299 1683 1610 1752; x_wconf 65' lang='lat' dir='ltr'><strong>praedonum</strong></span> <span class='ocrx_word' id='word_1_110' title='bbox 1637 1694 1783 1739; x_wconf 87' lang='lat' dir='ltr'><strong>metu</strong></span> <span class='ocrx_word' id='word_1_111' title='bbox 1811 1684 2001 1740; x_wconf 89' lang='lat' dir='ltr'><strong>obses-</strong></span> 
     </span>
    </p>
   </div>
   <div class='ocr_carea' id='block_1_16' title="bbox 404 1773 2006 1845">
    <p class='ocr_par' dir='ltr' id='par_1_16' title="bbox 404 1773 2006 1845">
     <span class='ocr_line' id='line_1_16' title="bbox 404 1773 2006 1845; baseline 0.002 -17"><span class='ocrx_word' id='word_1_112' title='bbox 404 1789 526 1828; x_wconf 88' lang='lat' dir='ltr'><strong>sum</strong></span> <span class='ocrx_word' id='word_1_113' title='bbox 555 1775 830 1845; x_wconf 88' lang='lat' dir='ltr'><strong>suscipere</strong></span> <span class='ocrx_word' id='word_1_114' title='bbox 859 1783 1167 1831; x_wconf 81' lang='lat' dir='ltr'><strong>recusatura</strong></span> <span class='ocrx_word' id='word_1_115' title='bbox 1213 1773 1398 1840; x_wconf 90' lang='lat' dir='ltr'><strong>fueris,</strong></span> <span class='ocrx_word' id='word_1_116' title='bbox 1437 1773 1539 1830; x_wconf 87' lang='lat' dir='ltr'><strong>nisi</strong></span> <span class='ocrx_word' id='word_1_117' title='bbox 1588 1776 1810 1832; x_wconf 82' lang='lat' dir='ltr'><strong>morbus</strong></span> <span class='ocrx_word' id='word_1_118' title='bbox 1836 1776 2006 1832; x_wconf 89' lang='lat' dir='ltr'><strong>obsti-</strong></span> 
     </span>
    </p>
   </div>
   <div class='ocr_carea' id='block_1_17' title="bbox 407 1866 2003 1939">
    <p class='ocr_par' dir='ltr' id='par_1_17' title="bbox 407 1866 2003 1939">
     <span class='ocr_line' id='line_1_17' title="bbox 407 1866 2003 1939; baseline 0.002 -18"><span class='ocrx_word' id='word_1_119' title='bbox 407 1867 580 1935; x_wconf 90' lang='lat' dir='ltr'><strong>tisset,</strong></span> <span class='ocrx_word' id='word_1_120' title='bbox 603 1883 706 1923; x_wconf 89' lang='lat' dir='ltr'><strong>una</strong></span> <span class='ocrx_word' id='word_1_121' title='bbox 726 1867 839 1938; x_wconf 84' lang='lat' dir='ltr'><strong>jam</strong></span> <span class='ocrx_word' id='word_1_122' title='bbox 855 1868 1131 1939; x_wconf 89' lang='lat' dir='ltr'><strong>ratio,qua</strong></span> <span class='ocrx_word' id='word_1_123' title='bbox 1159 1867 1312 1924; x_wconf 90' lang='lat' dir='ltr'><strong>nobis</strong></span> <span class='ocrx_word' id='word_1_124' title='bbox 1331 1866 1650 1936; x_wconf 81' lang='lat' dir='ltr'><strong>satisfacias,</strong></span> <span class='ocrx_word' id='word_1_125' title='bbox 1683 1868 1778 1924; x_wconf 88' lang='lat' dir='ltr'><strong>tibi</strong></span> <span class='ocrx_word' id='word_1_126' title='bbox 1798 1869 2003 1939; x_wconf 86' lang='lat' dir='ltr'><strong>reliqua</strong></span> 
     </span>
    </p>
   </div>
   <div class='ocr_carea' id='block_1_18' title="bbox 405 1957 2004 2030">
    <p class='ocr_par' dir='ltr' id='par_1_18' title="bbox 405 1957 2004 2030">
     <span class='ocr_line' id='line_1_18' title="bbox 405 1957 2004 2030; baseline 0.001 -17"><span class='ocrx_word' id='word_1_127' title='bbox 405 1965 513 2022; x_wconf 85' lang='lat' dir='ltr'><strong>est,</strong></span> <span class='ocrx_word' id='word_1_128' title='bbox 537 1958 787 2013; x_wconf 89' lang='lat' dir='ltr'><strong>nimirum</strong></span> <span class='ocrx_word' id='word_1_129' title='bbox 820 1969 872 2014; x_wconf 93' lang='lat' dir='ltr'><strong>ut</strong></span> <span class='ocrx_word' id='word_1_130' title='bbox 905 1968 1186 2014; x_wconf 80' lang='lat' dir='ltr'><strong>sexcentas</strong></span> <span class='ocrx_word' id='word_1_131' title='bbox 1212 1957 1397 2014; x_wconf 89' lang='lat' dir='ltr'><strong>literas</strong></span> <span class='ocrx_word' id='word_1_132' title='bbox 1424 1958 1492 2013; x_wconf 87' lang='lat' dir='ltr'><strong>ad</strong></span> <span class='ocrx_word' id='word_1_133' title='bbox 1522 1974 1621 2014; x_wconf 88' lang='lat' dir='ltr'><strong>nos</strong></span> <span class='ocrx_word' id='word_1_134' title='bbox 1650 1959 1852 2028; x_wconf 86' lang='lat' dir='ltr'><strong>mittas,</strong></span> <span class='ocrx_word' id='word_1_135' title='bbox 1883 1975 2004 2030; x_wconf 76' lang='lat' dir='ltr'><strong>qua:</strong></span> 
     </span>
    </p>
   </div>
   <div class='ocr_carea' id='block_1_19' title="bbox 404 2049 2007 2123">
    <p class='ocr_par' dir='ltr' id='par_1_19' title="bbox 404 2049 2007 2123">
     <span class='ocr_line' id='line_1_19' title="bbox 404 2049 2007 2123; baseline 0.002 -19"><span class='ocrx_word' id='word_1_136' title='bbox 404 2049 642 2104; x_wconf 86' lang='lat' dir='ltr'><strong>diuturni</strong></span> <span class='ocrx_word' id='word_1_137' title='bbox 663 2051 866 2106; x_wconf 88' lang='lat' dir='ltr'><strong>silentii</strong></span> <span class='ocrx_word' id='word_1_138' title='bbox 889 2051 1102 2121; x_wconf 87' lang='lat' dir='ltr'><strong>culpam</strong></span> <span class='ocrx_word' id='word_1_139' title='bbox 1128 2049 1408 2120; x_wconf 89' lang='lat' dir='ltr'><strong>deprecari</strong></span> <span class='ocrx_word' id='word_1_140' title='bbox 1448 2051 1675 2122; x_wconf 91' lang='lat' dir='ltr'><strong>possint.</strong></span> <span class='ocrx_word' id='word_1_141' title='bbox 1707 2051 1822 2106; x_wconf 83' lang='lat' dir='ltr'><strong>Hoc</strong></span> <span class='ocrx_word' id='word_1_142' title='bbox 1849 2051 2007 2123; x_wconf 78' lang='lat' dir='ltr'><strong>igitur</strong></span> 
     </span>
    </p>
   </div>
   <div class='ocr_carea' id='block_1_20' title="bbox 409 2137 2004 2212">
    <p class='ocr_par' dir='ltr' id='par_1_20' title="bbox 409 2137 2004 2212">
     <span class='ocr_line' id='line_1_20' title="bbox 409 2137 2004 2212; baseline 0.003 -19"><span class='ocrx_word' id='word_1_143' title='bbox 409 2139 492 2194; x_wconf 85' lang='lat' dir='ltr'><strong>fac</strong></span> <span class='ocrx_word' id='word_1_144' title='bbox 524 2149 620 2197; x_wconf 87' lang='lat' dir='ltr'><strong>:et</strong></span> <span class='ocrx_word' id='word_1_145' title='bbox 645 2137 858 2212; x_wconf 84' lang='lat' dir='ltr'><strong>quidvis</strong></span> <span class='ocrx_word' id='word_1_146' title='bbox 899 2157 930 2197; x_wconf 87' lang='lat' dir='ltr'><strong>a</strong></span> <span class='ocrx_word' id='word_1_147' title='bbox 959 2150 1012 2198; x_wconf 90' lang='lat' dir='ltr'><strong>te</strong></span> <span class='ocrx_word' id='word_1_148' title='bbox 1041 2142 1460 2212; x_wconf 89' lang='lat' dir='ltr'><strong>perceperimus.</strong></span> <span class='ocrx_word' id='word_1_149' title='bbox 1491 2141 1622 2196; x_wconf 89' lang='lat' dir='ltr'><strong>Nam</strong></span> <span class='ocrx_word' id='word_1_150' title='bbox 1653 2149 1708 2198; x_wconf 92' lang='lat' dir='ltr'><strong>et</strong></span> <span class='ocrx_word' id='word_1_151' title='bbox 1745 2140 1862 2198; x_wconf 75' lang='lat' dir='ltr'><strong>lucc</strong></span> <span class='ocrx_word' id='word_1_152' title='bbox 1897 2152 2004 2197; x_wconf 92' lang='lat' dir='ltr'><strong>tam</strong></span> 
     </span>
    </p>
   </div>
   <div class='ocr_carea' id='block_1_21' title="bbox 407 2231 2005 2303">
    <p class='ocr_par' dir='ltr' id='par_1_21' title="bbox 407 2231 2005 2303">
     <span class='ocr_line' id='line_1_21' title="bbox 407 2231 2005 2303; baseline 0.003 -19"><span class='ocrx_word' id='word_1_153' title='bbox 407 2244 527 2286; x_wconf 87' lang='lat' dir='ltr'><strong>sera</strong></span> <span class='ocrx_word' id='word_1_154' title='bbox 575 2231 802 2302; x_wconf 88' lang='lat' dir='ltr'><strong>epistola</strong></span> <span class='ocrx_word' id='word_1_155' title='bbox 850 2231 921 2288; x_wconf 89' lang='lat' dir='ltr'><strong>ad</strong></span> <span class='ocrx_word' id='word_1_156' title='bbox 975 2247 1075 2288; x_wconf 91' lang='lat' dir='ltr'><strong>nos</strong></span> <span class='ocrx_word' id='word_1_157' title='bbox 1125 2233 1380 2298; x_wconf 89' lang='lat' dir='ltr'><strong>veniens,</strong></span> <span class='ocrx_word' id='word_1_158' title='bbox 1423 2234 1677 2303; x_wconf 89' lang='lat' dir='ltr'><strong>quoniam</strong></span> <span class='ocrx_word' id='word_1_159' title='bbox 1727 2233 2005 2289; x_wconf 87' lang='lat' dir='ltr'><strong>ardentem</strong></span> 
     </span>
    </p>
   </div>
   <div class='ocr_carea' id='block_1_22' title="bbox 409 2322 2009 2396">
    <p class='ocr_par' dir='ltr' id='par_1_22' title="bbox 409 2322 2009 2396">
     <span class='ocr_line' id='line_1_22' title="bbox 409 2322 2009 2396; baseline 0.004 -22"><span class='ocrx_word' id='word_1_160' title='bbox 409 2322 694 2392; x_wconf 87' lang='lat' dir='ltr'><strong>quamdam</strong></span> <span class='ocrx_word' id='word_1_161' title='bbox 720 2324 998 2380; x_wconf 88' lang='lat' dir='ltr'><strong>caritatem</strong></span> <span class='ocrx_word' id='word_1_162' title='bbox 1028 2324 1288 2394; x_wconf 88' lang='lat' dir='ltr'><strong>spirabat,</strong></span> <span class='ocrx_word' id='word_1_163' title='bbox 1321 2324 1613 2395; x_wconf 89' lang='lat' dir='ltr'><strong>superioris</strong></span> <span class='ocrx_word' id='word_1_164' title='bbox 1633 2340 1846 2396; x_wconf 90' lang='lat' dir='ltr'><strong>quoque</strong></span> <span class='ocrx_word' id='word_1_165' title='bbox 1873 2334 2009 2380; x_wconf 80' lang='lat' dir='ltr'><strong>tem-</strong></span> 
     </span>
    </p>
   </div>
   <div class='ocr_carea' id='block_1_23' title="bbox 412 2411 2008 2487">
    <p class='ocr_par' dir='ltr' id='par_1_23' title="bbox 412 2411 2008 2487">
     <span class='ocr_line' id='line_1_23' title="bbox 412 2411 2008 2487; baseline 0.003 -20"><span class='ocrx_word' id='word_1_166' title='bbox 412 2413 558 2480; x_wconf 87' lang='lat' dir='ltr'><strong>poris</strong></span> <span class='ocrx_word' id='word_1_167' title='bbox 587 2411 829 2468; x_wconf 89' lang='lat' dir='ltr'><strong>debitum</strong></span> <span class='ocrx_word' id='word_1_168' title='bbox 855 2413 1120 2469; x_wconf 82' lang='lat' dir='ltr'><strong>dissolvit.</strong></span> <span class='ocrx_word' id='word_1_169' title='bbox 1152 2415 1417 2470; x_wconf 85' lang='lat' dir='ltr'><strong>Caeterum</strong></span> <span class='ocrx_word' id='word_1_170' title='bbox 1449 2413 1501 2469; x_wconf 91' lang='lat' dir='ltr'><strong>id</strong></span> <span class='ocrx_word' id='word_1_171' title='bbox 1525 2415 1668 2481; x_wconf 88' lang='lat' dir='ltr'><strong>vide,</strong></span> <span class='ocrx_word' id='word_1_172' title='bbox 1701 2430 1768 2471; x_wconf 91' lang='lat' dir='ltr'><strong>ne</strong></span> <span class='ocrx_word' id='word_1_173' title='bbox 1789 2416 2008 2487; x_wconf 84' lang='lat' dir='ltr'><strong>reliquae</strong></span> 
     </span>
    </p>
   </div>
   <div class='ocr_carea' id='block_1_24' title="bbox 416 2505 2007 2574">
    <p class='ocr_par' dir='ltr' id='par_1_24' title="bbox 416 2505 2007 2574">
     <span class='ocr_line' id='line_1_24' title="bbox 416 2505 2007 2574; baseline 0.004 -18"><span class='ocrx_word' id='word_1_174' title='bbox 416 2505 574 2574; x_wconf 87' lang='lat' dir='ltr'><strong>hujus</strong></span> <span class='ocrx_word' id='word_1_175' title='bbox 601 2505 911 2562; x_wconf 86' lang='lat' dir='ltr'><strong>tarditatem</strong></span> <span class='ocrx_word' id='word_1_176' title='bbox 931 2506 1227 2562; x_wconf 89' lang='lat' dir='ltr'><strong>imitentur.</strong></span> <span class='ocrx_word' id='word_1_177' title='bbox 1263 2507 1353 2562; x_wconf 89' lang='lat' dir='ltr'><strong>Sic</strong></span> <span class='ocrx_word' id='word_1_178' title='bbox 1378 2507 1522 2562; x_wconf 88' lang='lat' dir='ltr'><strong>enim</strong></span> <span class='ocrx_word' id='word_1_179' title='bbox 1549 2508 1665 2562; x_wconf 66' lang='lat' dir='ltr'><strong>hinc</strong></span> <span class='ocrx_word' id='word_1_180' title='bbox 1693 2509 1852 2563; x_wconf 89' lang='lat' dir='ltr'><strong>etiam</strong></span> <span class='ocrx_word' id='word_1_181' title='bbox 1878 2508 2007 2564; x_wconf 90' lang='lat' dir='ltr'><strong>illud</strong></span> 
     </span>
    </p>
   </div>
   <div class='ocr_carea' id='block_1_25' title="bbox 415 2598 2008 2674">
    <p class='ocr_par' dir='ltr' id='par_1_25' title="bbox 415 2598 2008 2674">
     <span class='ocr_line' id='line_1_25' title="bbox 415 2598 2008 2674; baseline 0.003 -24"><span class='ocrx_word' id='word_1_182' title='bbox 415 2598 634 2667; x_wconf 89' lang='lat' dir='ltr'><strong>planum</strong></span> <span class='ocrx_word' id='word_1_183' title='bbox 684 2598 864 2674; x_wconf 84' lang='lat' dir='ltr'><strong>facere</strong></span> <span class='ocrx_word' id='word_1_184' title='bbox 896 2600 1112 2669; x_wconf 90' lang='lat' dir='ltr'><strong>poterit,</strong></span> <span class='ocrx_word' id='word_1_185' title='bbox 1143 2615 1204 2655; x_wconf 90' lang='lat' dir='ltr'><strong>sc</strong></span> <span class='ocrx_word' id='word_1_186' title='bbox 1248 2616 1354 2654; x_wconf 88' lang='lat' dir='ltr'><strong>non</strong></span> <span class='ocrx_word' id='word_1_187' title='bbox 1398 2604 1467 2654; x_wconf 90' lang='lat' dir='ltr'><strong>ob</strong></span> <span class='ocrx_word' id='word_1_188' title='bbox 1491 2600 1779 2670; x_wconf 85' lang='lat' dir='ltr'><strong>pigritiam,</strong></span> <span class='ocrx_word' id='word_1_189' title='bbox 1825 2618 2008 2656; x_wconf 87' lang='lat' dir='ltr'><strong>verum</strong></span> 
     </span>
    </p>
   </div>
   <div class='ocr_carea' id='block_1_26' title="bbox 411 2685 2012 2763">
    <p class='ocr_par' dir='ltr' id='par_1_26' title="bbox 411 2685 2012 2763">
     <span class='ocr_line' id='line_1_26' title="bbox 411 2685 2012 2763; baseline 0.004 -22"><span class='ocrx_word' id='word_1_190' title='bbox 411 2689 481 2741; x_wconf 91' lang='lat' dir='ltr'><strong>ob</strong></span> <span class='ocrx_word' id='word_1_191' title='bbox 521 2690 735 2744; x_wconf 90' lang='lat' dir='ltr'><strong>inanem</strong></span> <span class='ocrx_word' id='word_1_192' title='bbox 786 2699 1012 2754; x_wconf 91' lang='lat' dir='ltr'><strong>metum,</strong></span> <span class='ocrx_word' id='word_1_193' title='bbox 1053 2685 1502 2760; x_wconf 84' lang='lat' dir='ltr'><strong>quemadmodum</strong></span> <span class='ocrx_word' id='word_1_194' title='bbox 1555 2691 1652 2746; x_wconf 88' lang='lat' dir='ltr'><strong>abs</strong></span> <span class='ocrx_word' id='word_1_195' title='bbox 1703 2700 1757 2746; x_wconf 90' lang='lat' dir='ltr'><strong>te</strong></span> <span class='ocrx_word' id='word_1_196' title='bbox 1799 2705 2012 2763; x_wconf 78' lang='lat' dir='ltr'><strong>quoque</strong></span> 
     </span>
    </p>
   </div>
   <div class='ocr_carea' id='block_1_27' title="bbox 410 2771 2012 2853">
    <p class='ocr_par' dir='ltr' id='par_1_27' title="bbox 410 2771 2012 2853">
     <span class='ocr_line' id='line_1_27' title="bbox 410 2771 2012 2853; baseline 0.006 -21"><span class='ocrx_word' id='word_1_197' title='bbox 410 2777 612 2832; x_wconf 84' lang='lat' dir='ltr'><strong>dictum</strong></span> <span class='ocrx_word' id='word_1_198' title='bbox 643 2788 745 2846; x_wconf 86' lang='lat' dir='ltr'><strong>est,</strong></span> <span class='ocrx_word' id='word_1_199' title='bbox 777 2781 947 2836; x_wconf 90' lang='lat' dir='ltr'><strong>serius</strong></span> <span class='ocrx_word' id='word_1_200' title='bbox 980 2771 1213 2846; x_wconf 83' lang='lat' dir='ltr'><strong>venisse,</strong></span> <span class='ocrx_word' id='word_1_201' title='bbox 1249 2780 1295 2835; x_wconf 84' lang='lat' dir='ltr'><strong>si</strong></span> <span class='ocrx_word' id='word_1_202' title='bbox 1344 2781 1562 2852; x_wconf 75' lang='lat' dir='ltr'><strong>reliquae</strong></span> <span class='ocrx_word' id='word_1_203' title='bbox 1599 2791 1656 2838; x_wconf 89' lang='lat' dir='ltr'><strong>et</strong></span> <span class='ocrx_word' id='word_1_204' title='bbox 1689 2782 1936 2853; x_wconf 74' lang='lat' dir='ltr'><strong>plurima:</strong></span> <span class='ocrx_word' id='word_1_205' title='bbox 1955 2789 2012 2842; x_wconf 74' lang='lat' dir='ltr'><strong>et</strong></span> 
     </span>
    </p>
   </div>
   <div class='ocr_carea' id='block_1_28' title="bbox 411 2863 1142 2930">
    <p class='ocr_par' dir='ltr' id='par_1_28' title="bbox 411 2863 1142 2930">
     <span class='ocr_line' id='line_1_28' title="bbox 411 2863 1142 2930; baseline 0.003 -4"><span class='ocrx_word' id='word_1_206' title='bbox 411 2871 661 2926; x_wconf 71' lang='lat' dir='ltr'><strong>celeriter</strong></span> <span class='ocrx_word' id='word_1_207' title='bbox 685 2873 750 2928; x_wconf 91' lang='lat' dir='ltr'><strong>ad</strong></span> <span class='ocrx_word' id='word_1_208' title='bbox 782 2863 880 2930; x_wconf 83' lang='lat' dir='ltr'><strong>nos</strong></span> <span class='ocrx_word' id='word_1_209' title='bbox 907 2867 1142 2930; x_wconf 83' lang='lat' dir='ltr'><strong>veniant.</strong></span> 
     </span>
    </p>
   </div>
   <div class='ocr_carea' id='block_1_29' title="bbox 933 2994 1466 3068">
    <p class='ocr_par' dir='ltr' id='par_1_29' title="bbox 933 2994 1466 3068">
     <span class='ocr_line' id='line_1_29' title="bbox 933 2994 1466 3068; baseline 0.009 -5"><span class='ocrx_word' id='word_1_210' title='bbox 933 2994 1223 3065; x_wconf 77' lang='lat' dir='ltr'><strong>XLVIII.</strong></span> <span class='ocrx_word' id='word_1_211' title='bbox 1259 2999 1466 3068; x_wconf 66' lang='lat' dir='ltr'><strong>Arabia.</strong></span> 
     </span>
    </p>
   </div>
   <div class='ocr_carea' id='block_1_30' title="bbox 485 3177 2016 3257">
    <p class='ocr_par' dir='ltr' id='par_1_30' title="bbox 485 3177 2016 3257">
     <span class='ocr_line' id='line_1_30' title="bbox 485 3177 2016 3257; baseline 0.006 -23"><span class='ocrx_word' id='word_1_212' title='bbox 485 3180 778 3236; x_wconf 88' lang='lat' dir='ltr'><strong>Caritatcm</strong></span> <span class='ocrx_word' id='word_1_213' title='bbox 804 3197 930 3253; x_wconf 83' lang='lat' dir='ltr'><strong>erga</strong></span> <span class='ocrx_word' id='word_1_214' title='bbox 981 3177 1068 3238; x_wconf 88' lang='lat' dir='ltr'><strong>me</strong></span> <span class='ocrx_word' id='word_1_215' title='bbox 1098 3193 1240 3238; x_wconf 80' lang='lat' dir='ltr'><strong>tuam</strong></span> <span class='ocrx_word' id='word_1_216' title='bbox 1273 3195 1432 3257; x_wconf 88' lang='lat' dir='ltr'><strong>atque</strong></span> <span class='ocrx_word' id='word_1_217' title='bbox 1461 3187 1741 3244; x_wconf 88' lang='lat' dir='ltr'><strong>ardentem</strong></span> <span class='ocrx_word' id='word_1_218' title='bbox 1774 3196 1923 3243; x_wconf 90' lang='lat' dir='ltr'><strong>tuum</strong></span> <span class='ocrx_word' id='word_1_219' title='bbox 1950 3201 2016 3243; x_wconf 85' lang='lat' dir='ltr'><strong>ac</strong></span> 
     </span>
    </p>
   </div>
   <div class='ocr_carea' id='block_1_31' title="bbox 413 3273 2011 3348">
    <p class='ocr_par' dir='ltr' id='par_1_31' title="bbox 413 3273 2011 3348">
     <span class='ocr_line' id='line_1_31' title="bbox 413 3273 2011 3348; baseline 0.007 -27"><span class='ocrx_word' id='word_1_220' title='bbox 413 3283 623 3336; x_wconf 80' lang='lat' dir='ltr'><strong>verum,</strong></span> <span class='ocrx_word' id='word_1_221' title='bbox 649 3273 920 3326; x_wconf 86' lang='lat' dir='ltr'><strong>sincerum</strong></span> <span class='ocrx_word' id='word_1_222' title='bbox 957 3283 1012 3328; x_wconf 88' lang='lat' dir='ltr'><strong>et</strong></span> <span class='ocrx_word' id='word_1_223' title='bbox 1037 3283 1374 3330; x_wconf 85' lang='lat' dir='ltr'><strong>constantem</strong></span> <span class='ocrx_word' id='word_1_224' title='bbox 1407 3289 1644 3331; x_wconf 88' lang='lat' dir='ltr'><strong>amorem</strong></span> <span class='ocrx_word' id='word_1_225' title='bbox 1673 3277 2011 3348; x_wconf 80' lang='lat' dir='ltr'><strong>exploratum</strong></span> 
     </span>
    </p>
   </div>
   <div class='ocr_carea' id='block_1_32' title="bbox 417 3359 2013 3439">
    <p class='ocr_par' dir='ltr' id='par_1_32' title="bbox 417 3359 2013 3439">
     <span class='ocr_line' id='line_1_32' title="bbox 417 3359 2013 3439; baseline 0.006 -26"><span class='ocrx_word' id='word_1_226' title='bbox 417 3359 633 3415; x_wconf 90' lang='lat' dir='ltr'><strong>habeo:</strong></span> <span class='ocrx_word' id='word_1_227' title='bbox 664 3362 900 3432; x_wconf 86' lang='lat' dir='ltr'><strong>illudque</strong></span> <span class='ocrx_word' id='word_1_228' title='bbox 953 3363 1082 3418; x_wconf 89' lang='lat' dir='ltr'><strong>item</strong></span> <span class='ocrx_word' id='word_1_229' title='bbox 1135 3369 1496 3436; x_wconf 87' lang='lat' dir='ltr'><strong>perspectum,</strong></span> <span class='ocrx_word' id='word_1_230' title='bbox 1547 3383 1647 3423; x_wconf 90' lang='lat' dir='ltr'><strong>nec</strong></span> <span class='ocrx_word' id='word_1_231' title='bbox 1677 3369 2013 3439; x_wconf 77' lang='lat' dir='ltr'><strong>negotiorum</strong></span> 
     </span>
    </p>
   </div>
   <div class='ocr_carea' id='block_1_33' title="bbox 417 3450 2014 3529">
    <p class='ocr_par' dir='ltr' id='par_1_33' title="bbox 417 3450 2014 3529">
     <span class='ocr_line' id='line_1_33' title="bbox 417 3450 2014 3529; baseline 0.004 -23"><span class='ocrx_word' id='word_1_232' title='bbox 417 3450 812 3522; x_wconf 87' lang='lat' dir='ltr'><strong>difﬁcultatem,</strong></span> <span class='ocrx_word' id='word_1_233' title='bbox 863 3470 963 3511; x_wconf 89' lang='lat' dir='ltr'><strong>nec</strong></span> <span class='ocrx_word' id='word_1_234' title='bbox 1009 3471 1256 3511; x_wconf 90' lang='lat' dir='ltr'><strong>curarum</strong></span> <span class='ocrx_word' id='word_1_235' title='bbox 1289 3469 1503 3529; x_wconf 77' lang='lat' dir='ltr'><strong>agmen,</strong></span> <span class='ocrx_word' id='word_1_236' title='bbox 1536 3475 1635 3515; x_wconf 90' lang='lat' dir='ltr'><strong>nec</strong></span> <span class='ocrx_word' id='word_1_237' title='bbox 1689 3474 1869 3516; x_wconf 82' lang='lat' dir='ltr'><strong>rerum</strong></span> <span class='ocrx_word' id='word_1_238' title='bbox 1917 3460 2014 3514; x_wconf 88' lang='lat' dir='ltr'><strong>ad-</strong></span> 
     </span>
    </p>
   </div>
   <div class='ocr_carea' id='block_1_34' title="bbox 417 3548 2012 3622">
    <p class='ocr_par' dir='ltr' id='par_1_34' title="bbox 417 3548 2012 3622">
     <span class='ocr_line' id='line_1_34' title="bbox 417 3548 2012 3622; baseline 0.006 -23"><span class='ocrx_word' id='word_1_239' title='bbox 417 3559 698 3600; x_wconf 89' lang='lat' dir='ltr'><strong>versarum</strong></span> <span class='ocrx_word' id='word_1_240' title='bbox 728 3548 1171 3618; x_wconf 84' lang='lat' dir='ltr'><strong>magnitudinem,</strong></span> <span class='ocrx_word' id='word_1_241' title='bbox 1192 3561 1294 3606; x_wconf 88' lang='lat' dir='ltr'><strong>nec</strong></span> <span class='ocrx_word' id='word_1_242' title='bbox 1315 3553 1568 3622; x_wconf 86' lang='lat' dir='ltr'><strong>temporis</strong></span> <span class='ocrx_word' id='word_1_243' title='bbox 1587 3553 2012 3622; x_wconf 73' lang='lat' dir='ltr'><strong>diuturnitatem,</strong></span> 
     </span>
    </p>
   </div>
   <div class='ocr_carea' id='block_1_35' title="bbox 419 3637 2018 3714">
    <p class='ocr_par' dir='ltr' id='par_1_35' title="bbox 419 3637 2018 3714">
     <span class='ocr_line' id='line_1_35' title="bbox 419 3637 2018 3714; baseline 0.007 -23"><span class='ocrx_word' id='word_1_244' title='bbox 419 3652 522 3694; x_wconf 88' lang='lat' dir='ltr'><strong>nec</strong></span> <span class='ocrx_word' id='word_1_245' title='bbox 548 3637 756 3694; x_wconf 87' lang='lat' dir='ltr'><strong>itineris</strong></span> <span class='ocrx_word' id='word_1_246' title='bbox 787 3638 1230 3712; x_wconf 82' lang='lat' dir='ltr'><strong>longinquitatem</strong></span> <span class='ocrx_word' id='word_1_247' title='bbox 1247 3652 1337 3698; x_wconf 90' lang='lat' dir='ltr'><strong>tuo</strong></span> <span class='ocrx_word' id='word_1_248' title='bbox 1354 3658 1479 3714; x_wconf 82' lang='lat' dir='ltr'><strong>erga</strong></span> <span class='ocrx_word' id='word_1_249' title='bbox 1507 3661 1595 3701; x_wconf 91' lang='lat' dir='ltr'><strong>me</strong></span> <span class='ocrx_word' id='word_1_250' title='bbox 1624 3646 1794 3701; x_wconf 90' lang='lat' dir='ltr'><strong>amori</strong></span> <span class='ocrx_word' id='word_1_251' title='bbox 1825 3647 2018 3702; x_wconf 82' lang='lat' dir='ltr'><strong>obscu-</strong></span> 
     </span>
    </p>
   </div>
   <div class='ocr_carea' id='block_1_36' title="bbox 418 3730 2018 3807">
    <p class='ocr_par' dir='ltr' id='par_1_36' title="bbox 418 3730 2018 3807">
     <span class='ocr_line' id='line_1_36' title="bbox 418 3730 2018 3807; baseline 0.004 -22"><span class='ocrx_word' id='word_1_252' title='bbox 418 3731 633 3785; x_wconf 79' lang='lat' dir='ltr'><strong>ritatem</strong></span> <span class='ocrx_word' id='word_1_253' title='bbox 660 3730 855 3787; x_wconf 84' lang='lat' dir='ltr'><strong>aﬁ&#39;erre</strong></span> <span class='ocrx_word' id='word_1_254' title='bbox 895 3748 1072 3802; x_wconf 90' lang='lat' dir='ltr'><strong>posse.</strong></span> <span class='ocrx_word' id='word_1_255' title='bbox 1114 3734 1300 3805; x_wconf 85' lang='lat' dir='ltr'><strong>quue</strong></span> <span class='ocrx_word' id='word_1_256' title='bbox 1331 3737 1407 3803; x_wconf 89' lang='lat' dir='ltr'><strong>ﬁt,</strong></span> <span class='ocrx_word' id='word_1_257' title='bbox 1444 3747 1500 3790; x_wconf 89' lang='lat' dir='ltr'><strong>ut</strong></span> <span class='ocrx_word' id='word_1_258' title='bbox 1551 3749 1808 3807; x_wconf 89' lang='lat' dir='ltr'><strong>perpetuo</strong></span> <span class='ocrx_word' id='word_1_259' title='bbox 1839 3739 1934 3793; x_wconf 90' lang='lat' dir='ltr'><strong>abs</strong></span> <span class='ocrx_word' id='word_1_260' title='bbox 1965 3745 2018 3792; x_wconf 87' lang='lat' dir='ltr'><strong>te</strong></span> 
     </span>
    </p>
   </div>
   <div class='ocr_carea' id='block_1_37' title="bbox 421 3823 2019 3898">
    <p class='ocr_par' dir='ltr' id='par_1_37' title="bbox 421 3823 2019 3898">
     <span class='ocr_line' id='line_1_37' title="bbox 421 3823 2019 3898; baseline 0.004 -21"><span class='ocrx_word' id='word_1_261' title='bbox 421 3823 624 3888; x_wconf 85' lang='lat' dir='ltr'><strong>literas,</strong></span> <span class='ocrx_word' id='word_1_262' title='bbox 665 3839 785 3895; x_wconf 73' lang='lat' dir='ltr'><strong>qua:</strong></span> <span class='ocrx_word' id='word_1_263' title='bbox 815 3825 970 3881; x_wconf 91' lang='lat' dir='ltr'><strong>nobis</strong></span> <span class='ocrx_word' id='word_1_264' title='bbox 999 3841 1061 3881; x_wconf 83' lang='lat' dir='ltr'><strong>ea</strong></span> <span class='ocrx_word' id='word_1_265' title='bbox 1094 3826 1161 3882; x_wconf 88' lang='lat' dir='ltr'><strong>de</strong></span> <span class='ocrx_word' id='word_1_266' title='bbox 1190 3835 1278 3881; x_wconf 87' lang='lat' dir='ltr'><strong>tua</strong></span> <span class='ocrx_word' id='word_1_267' title='bbox 1302 3828 1603 3883; x_wconf 88' lang='lat' dir='ltr'><strong>valetudine</strong></span> <span class='ocrx_word' id='word_1_268' title='bbox 1630 3845 1748 3898; x_wconf 74' lang='lat' dir='ltr'><strong>qua:</strong></span> <span class='ocrx_word' id='word_1_269' title='bbox 1765 3829 2019 3883; x_wconf 80' lang='lat' dir='ltr'><strong>volumus</strong></span> 
     </span>
    </p>
   </div>
   <div class='ocr_carea' id='block_1_38' title="bbox 421 3919 2016 3994">
    <p class='ocr_par' dir='ltr' id='par_1_38' title="bbox 421 3919 2016 3994">
     <span class='ocr_line' id='line_1_38' title="bbox 421 3919 2016 3994; baseline 0.003 -23"><span class='ocrx_word' id='word_1_270' title='bbox 421 3919 692 3984; x_wconf 86' lang='lat' dir='ltr'><strong>nuntient,</strong></span> <span class='ocrx_word' id='word_1_271' title='bbox 719 3920 966 3988; x_wconf 88' lang='lat' dir='ltr'><strong>accipere</strong></span> <span class='ocrx_word' id='word_1_272' title='bbox 997 3921 1346 3978; x_wconf 84' lang='lat' dir='ltr'><strong>vehementer</strong></span> <span class='ocrx_word' id='word_1_273' title='bbox 1371 3936 1773 3994; x_wconf 76' lang='lat' dir='ltr'><strong>exspectamus.</strong></span> <span class='ocrx_word' id='word_1_274' title='bbox 1795 3925 1947 3992; x_wconf 73' lang='grc' dir='ltr'>Ωιιοὰ</span> <span class='ocrx_word' id='word_1_275' title='bbox 1973 3925 2016 3978; x_wconf 90' lang='lat' dir='ltr'><strong>si</strong></span> 
     </span>
    </p>
   </div>
   <div class='ocr_carea' id='block_1_39' title="bbox 423 4015 2018 4087">
    <p class='ocr_par' dir='ltr' id='par_1_39' title="bbox 423 4015 2018 4087">
     <span class='ocr_line' id='line_1_39' title="bbox 423 4015 2018 4087; baseline 0.004 -22"><span class='ocrx_word' id='word_1_276' title='bbox 423 4022 478 4065; x_wconf 90' lang='lat' dir='ltr'><strong>te</strong></span> <span class='ocrx_word' id='word_1_277' title='bbox 521 4026 853 4078; x_wconf 85' lang='lat' dir='ltr'><strong>accusamus,</strong></span> <span class='ocrx_word' id='word_1_278' title='bbox 889 4028 997 4069; x_wconf 92' lang='lat' dir='ltr'><strong>non</strong></span> <span class='ocrx_word' id='word_1_279' title='bbox 1043 4023 1102 4069; x_wconf 88' lang='lat' dir='ltr'><strong>ut</strong></span> <span class='ocrx_word' id='word_1_280' title='bbox 1145 4015 1501 4087; x_wconf 83' lang='lat' dir='ltr'><strong>negligentem</strong></span> <span class='ocrx_word' id='word_1_281' title='bbox 1530 4029 1866 4084; x_wconf 77' lang='lat' dir='ltr'><strong>acc&#39;uSamus,</strong></span> <span class='ocrx_word' id='word_1_282' title='bbox 1923 4016 2018 4072; x_wconf 88' lang='lat' dir='ltr'><strong>sed</strong></span> 
     </span>
    </p>
   </div>
   <div class='ocr_carea' id='block_1_40' title="bbox 421 4104 2020 4178">
    <p class='ocr_par' dir='ltr' id='par_1_40' title="bbox 421 4104 2020 4178">
     <span class='ocr_line' id='line_1_40' title="bbox 421 4104 2020 4178; baseline 0.003 -21"><span class='ocrx_word' id='word_1_283' title='bbox 421 4104 545 4172; x_wconf 83' lang='lat' dir='ltr'><strong>quia</strong></span> <span class='ocrx_word' id='word_1_284' title='bbox 577 4105 759 4173; x_wconf 86' lang='lat' dir='ltr'><strong>plures</strong></span> <span class='ocrx_word' id='word_1_285' title='bbox 786 4105 1052 4174; x_wconf 87' lang='lat' dir='ltr'><strong>ejusmodi</strong></span> <span class='ocrx_word' id='word_1_286' title='bbox 1087 4108 1342 4177; x_wconf 87' lang='lat' dir='ltr'><strong>epistolas</strong></span> <span class='ocrx_word' id='word_1_287' title='bbox 1375 4109 1708 4178; x_wconf 81' lang='lat' dir='ltr'><strong>appetimus.</strong></span> <span class='ocrx_word' id='word_1_288' title='bbox 1739 4111 1870 4176; x_wconf 67' lang='lat' dir='ltr'><strong>Quae</strong></span> <span class='ocrx_word' id='word_1_289' title='bbox 1898 4122 2020 4163; x_wconf 85' lang='lat' dir='ltr'><strong>cum</strong></span> 
     </span>
    </p>
   </div>
   <div class='ocr_carea' id='block_1_41' title="bbox 425 4195 2020 4265">
    <p class='ocr_par' dir='ltr' id='par_1_41' title="bbox 425 4195 2020 4265">
     <span class='ocr_line' id='line_1_41' title="bbox 425 4195 2020 4265; baseline 0.003 -18"><span class='ocrx_word' id='word_1_290' title='bbox 425 4195 645 4249; x_wconf 85' lang='lat' dir='ltr'><strong>minime</strong></span> <span class='ocrx_word' id='word_1_291' title='bbox 699 4195 933 4265; x_wconf 80' lang='lat' dir='ltr'><strong>ignores,</strong></span> <span class='ocrx_word' id='word_1_292' title='bbox 989 4197 1407 4252; x_wconf 84' lang='lat' dir='ltr'><strong>honoratissime</strong></span> <span class='ocrx_word' id='word_1_293' title='bbox 1455 4213 1521 4253; x_wconf 87' lang='lat' dir='ltr'><strong>ac</strong></span> <span class='ocrx_word' id='word_1_294' title='bbox 1564 4198 1894 4253; x_wconf 82' lang='lat' dir='ltr'><strong>nobilissime</strong></span> <span class='ocrx_word' id='word_1_295' title='bbox 1921 4197 2020 4252; x_wconf 87' lang='lat' dir='ltr'><strong>do-</strong></span> 
     </span>
    </p>
   </div>
   <div class='ocr_carea' id='block_1_42' title="bbox 424 4285 2025 4358">
    <p class='ocr_par' dir='ltr' id='par_1_42' title="bbox 424 4285 2025 4358">
     <span class='ocr_line' id='line_1_42' title="bbox 424 4285 2025 4358; baseline 0.003 -20"><span class='ocrx_word' id='word_1_296' title='bbox 424 4285 590 4346; x_wconf 89' lang='lat' dir='ltr'><strong>mine.</strong></span> <span class='ocrx_word' id='word_1_297' title='bbox 621 4286 722 4339; x_wconf 90' lang='lat' dir='ltr'><strong>hoc</strong></span> <span class='ocrx_word' id='word_1_298' title='bbox 749 4286 903 4340; x_wconf 87' lang='lat' dir='ltr'><strong>nobis</strong></span> <span class='ocrx_word' id='word_1_299' title='bbox 930 4286 1248 4342; x_wconf 85' lang='lat' dir='ltr'><strong>beneficium</strong></span> <span class='ocrx_word' id='word_1_300' title='bbox 1284 4288 1444 4342; x_wconf 82' lang='lat' dir='ltr'><strong>velim</strong></span> <span class='ocrx_word' id='word_1_301' title='bbox 1493 4287 1736 4358; x_wconf 71' lang='lat' dir='ltr'><strong>prtebeas</strong></span> <span class='ocrx_word' id='word_1_302' title='bbox 1755 4329 1770 4355; x_wconf 97' lang='lat'><strong>,</strong></span> <span class='ocrx_word' id='word_1_303' title='bbox 1801 4289 1941 4358; x_wconf 89' lang='lat' dir='ltr'><strong>quod</strong></span> <span class='ocrx_word' id='word_1_304' title='bbox 1963 4299 2025 4343; x_wconf 85' lang='lat' dir='ltr'><strong>et</strong></span> 
     </span>
    </p>
   </div>
   <div class='ocr_carea' id='block_1_43' title="bbox 424 4375 2023 4448">
    <p class='ocr_par' dir='ltr' id='par_1_43' title="bbox 424 4375 2023 4448">
     <span class='ocr_line' id='line_1_43' title="bbox 424 4375 2023 4448; baseline 0.003 -19"><span class='ocrx_word' id='word_1_305' title='bbox 424 4375 518 4430; x_wconf 86' lang='lat' dir='ltr'><strong>tibi</strong></span> <span class='ocrx_word' id='word_1_306' title='bbox 547 4377 665 4432; x_wconf 86' lang='lat' dir='ltr'><strong>leve</strong></span> <span class='ocrx_word' id='word_1_307' title='bbox 686 4391 750 4431; x_wconf 88' lang='lat' dir='ltr'><strong>ac</strong></span> <span class='ocrx_word' id='word_1_308' title='bbox 765 4377 1037 4443; x_wconf 75' lang='lat' dir='ltr'><strong>facilcest,</strong></span> <span class='ocrx_word' id='word_1_309' title='bbox 1071 4387 1130 4433; x_wconf 90' lang='lat' dir='ltr'><strong>et</strong></span> <span class='ocrx_word' id='word_1_310' title='bbox 1154 4379 1596 4448; x_wconf 80' lang='lat' dir='ltr'><strong>magnam-nobis,</strong></span> <span class='ocrx_word' id='word_1_311' title='bbox 1627 4379 1788 4435; x_wconf 89' lang='lat' dir='ltr'><strong>etiam</strong></span> <span class='ocrx_word' id='word_1_312' title='bbox 1821 4381 1874 4434; x_wconf 92' lang='lat' dir='ltr'><strong>in</strong></span> <span class='ocrx_word' id='word_1_313' title='bbox 1895 4380 2023 4435; x_wconf 80' lang='lat' dir='ltr'><strong>soli-</strong></span> 
     </span>
    </p>
   </div>
   <div class='ocr_carea' id='block_1_44' title="bbox 425 4467 1559 4538">
    <p class='ocr_par' dir='ltr' id='par_1_44' title="bbox 425 4467 1559 4538">
     <span class='ocr_line' id='line_1_44' title="bbox 425 4467 1559 4538; baseline 0.003 -17"><span class='ocrx_word' id='word_1_314' title='bbox 425 4467 610 4524; x_wconf 84' lang='lat' dir='ltr'><strong>tudine</strong></span> <span class='ocrx_word' id='word_1_315' title='bbox 633 4467 994 4534; x_wconf 70' lang='lat' dir='ltr'><strong>haarentibus,&quot;</strong></span> <span class='ocrx_word' id='word_1_316' title='bbox 1025 4469 1352 4538; x_wconf 77' lang='lat' dir='ltr'><strong>voluptatem</strong></span> <span class='ocrx_word' id='word_1_317' title='bbox 1380 4468 1559 4526; x_wconf 71' lang='lat' dir='ltr'><strong>aﬁ‘ert.</strong></span> 
     </span>
    </p>
   </div>
   <div class='ocr_carea' id='block_1_45' title="bbox 618 4644 1848 4720">
    <p class='ocr_par' dir='ltr' id='par_1_45' title="bbox 618 4644 1848 4720">
     <span class='ocr_line' id='line_1_45' title="bbox 618 4644 1848 4720; baseline -0.001 -17"><span class='ocrx_word' id='word_1_318' title='bbox 618 4645 691 4703; x_wconf 82' lang='grc' dir='ltr'><strong>’Χ</strong></span> <span class='ocrx_word' id='word_1_319' title='bbox 698 4644 824 4702; x_wconf 82' lang='lat' dir='ltr'><strong>LIX</strong></span> <span class='ocrx_word' id='word_1_320' title='bbox 835 4685 848 4699; x_wconf 94' lang='lat'><strong>.</strong></span> <span class='ocrx_word' id='word_1_321' title='bbox 877 4645 1088 4720; x_wconf 75' lang='lat' dir='ltr'><strong>Alphio.</strong></span> <span class='ocrx_word' id='word_1_322' title='bbox 1118 4647 1323 4717; x_wconf 81' lang='lat' dir='ltr'><strong>(Anno,</strong></span> <span class='ocrx_word' id='word_1_323' title='bbox 1349 4656 1406 4702; x_wconf 90' lang='lat' dir='ltr'><strong>ut</strong></span> <span class='ocrx_word' id='word_1_324' title='bbox 1425 4656 1662 4719; x_wconf 85' lang='lat' dir='ltr'><strong>putatur,</strong></span> <span class='ocrx_word' id='word_1_325' title='bbox 1685 4647 1848 4718; x_wconf 77' lang='grc'><strong>405.)</strong></span> 
     </span>
    </p>
   </div>
   <div class='ocr_carea' id='block_1_46' title="bbox 501 4825 2024 4897">
    <p class='ocr_par' dir='ltr' id='par_1_46' title="bbox 501 4825 2024 4897">
     <span class='ocr_line' id='line_1_46' title="bbox 501 4825 2024 4897; baseline 0.001 -19"><span class='ocrx_word' id='word_1_326' title='bbox 501 4825 761 4894; x_wconf 79' lang='lat' dir='ltr'><strong>Equidem</strong></span> <span class='ocrx_word' id='word_1_327' title='bbox 811 4825 1144 4897; x_wconf 83' lang='lat' dir='ltr'><strong>frequentius</strong></span> <span class='ocrx_word' id='word_1_328' title='bbox 1182 4827 1366 4881; x_wconf 87' lang='lat' dir='ltr'><strong>literas</strong></span> <span class='ocrx_word' id='word_1_329' title='bbox 1405 4828 1470 4881; x_wconf 91' lang='lat' dir='ltr'><strong>ad</strong></span> <span class='ocrx_word' id='word_1_330' title='bbox 1494 4837 1546 4882; x_wconf 92' lang='lat' dir='ltr'><strong>tc</strong></span> <span class='ocrx_word' id='word_1_331' title='bbox 1573 4827 1704 4882; x_wconf 91' lang='lat' dir='ltr'><strong>dare</strong></span> <span class='ocrx_word' id='word_1_332' title='bbox 1751 4842 2024 4896; x_wconf 87' lang='lat' dir='ltr'><strong>cuperem,</strong></span> 
     </span>
    </p>
   </div>
   <div class='ocr_carea' id='block_1_47' title="bbox 437 4916 2028 4987">
    <p class='ocr_par' dir='ltr' id='par_1_47' title="bbox 437 4916 2028 4987">
     <span class='ocr_line' id='line_1_47' title="bbox 437 4916 2028 4987; baseline 0.004 -23"><span class='ocrx_word' id='word_1_333' title='bbox 437 4928 612 4968; x_wconf 61' lang='lat' dir='ltr'><strong>rerum</strong></span> <span class='ocrx_word' id='word_1_334' title='bbox 640 4916 1031 4972; x_wconf 83' lang='lat' dir='ltr'><strong>tabellariorum</strong></span> <span class='ocrx_word' id='word_1_335' title='bbox 1055 4918 1275 4987; x_wconf 88' lang='lat' dir='ltr'><strong>penuria</strong></span> <span class='ocrx_word' id='word_1_336' title='bbox 1290 4933 1377 4972; x_wconf 91' lang='lat' dir='ltr'><strong>me</strong></span> <span class='ocrx_word' id='word_1_337' title='bbox 1405 4917 1542 4972; x_wconf 89' lang='lat' dir='ltr'><strong>hanc</strong></span> <span class='ocrx_word' id='word_1_338' title='bbox 1565 4918 1908 4987; x_wconf 86' lang='lat' dir='ltr'><strong>cupiditatem</strong></span> <span class='ocrx_word' id='word_1_339' title='bbox 1931 4933 2028 4971; x_wconf 81' lang='lat' dir='ltr'><strong>ex-</strong></span> 
     </span>
    </p>
   </div>
   <div class='ocr_carea' id='block_1_48' title="bbox 438 5007 2029 5088">
    <p class='ocr_par' dir='ltr' id='par_1_48' title="bbox 438 5007 2029 5088">
     <span class='ocr_line' id='line_1_48' title="bbox 438 5007 2029 5088; baseline 0.001 -26"><span class='ocrx_word' id='word_1_340' title='bbox 438 5008 583 5076; x_wconf 72' lang='lat' dir='ltr'><strong>M&#39;qtti</strong></span> <span class='ocrx_word' id='word_1_341' title='bbox 611 5007 831 5063; x_wconf 91' lang='lat' dir='ltr'><strong>minime</strong></span> <span class='ocrx_word' id='word_1_342' title='bbox 857 5009 1001 5064; x_wconf 88' lang='lat' dir='ltr'><strong>sinit.</strong></span> <span class='ocrx_word' id='word_1_343' title='bbox 1031 5010 1162 5066; x_wconf 78' lang='lat' dir='ltr'><strong>Nam</strong></span> <span class='ocrx_word' id='word_1_344' title='bbox 1192 5026 1290 5066; x_wconf 89' lang='lat' dir='ltr'><strong>nec</strong></span> <span class='ocrx_word' id='word_1_345' title='bbox 1317 5011 1474 5088; x_wconf 80' lang='lat' dir='ltr'><strong>hujus</strong></span> <span class='ocrx_word' id='word_1_346' title='bbox 1517 5013 1618 5066; x_wconf 90' lang='lat' dir='ltr'><strong>loci</strong></span> <span class='ocrx_word' id='word_1_347' title='bbox 1647 5011 1897 5078; x_wconf 87' lang='lat' dir='ltr'><strong>solitudo,</strong></span> <span class='ocrx_word' id='word_1_348' title='bbox 1931 5026 2029 5065; x_wconf 88' lang='lat' dir='ltr'><strong>nec</strong></span> 
     </span>
    </p>
   </div>
   <div class='ocr_carea' id='block_1_49' title="bbox 439 5098 2029 5179">
    <p class='ocr_par' dir='ltr' id='par_1_49' title="bbox 439 5098 2029 5179">
     <span class='ocr_line' id='line_1_49' title="bbox 439 5098 2029 5179; baseline 0.001 -27"><span class='ocrx_word' id='word_1_349' title='bbox 439 5098 736 5153; x_wconf 76' lang='lat' dir='ltr'><strong>Isaurorum</strong></span> <span class='ocrx_word' id='word_1_350' title='bbox 768 5108 1083 5179; x_wconf 80' lang='lat' dir='ltr'><strong>met_us,_nec</strong></span> <span class='ocrx_word' id='word_1_351' title='bbox 1107 5101 1299 5178; x_wconf 86' lang='lat' dir='ltr'><strong>hiemis</strong></span> <span class='ocrx_word' id='word_1_352' title='bbox 1320 5102 1585 5171; x_wconf 88' lang='lat' dir='ltr'><strong>asperitas</strong></span> <span class='ocrx_word' id='word_1_353' title='bbox 1613 5101 1820 5171; x_wconf 88' lang='lat' dir='ltr'><strong>aliquos</strong></span> <span class='ocrx_word' id='word_1_354' title='bbox 1843 5099 1908 5154; x_wconf 91' lang='lat' dir='ltr'><strong>ad</strong></span> <span class='ocrx_word' id='word_1_355' title='bbox 1932 5114 2029 5153; x_wconf 86' lang='lat' dir='ltr'><strong>nos</strong></span> 
     </span>
    </p>
   </div>
   <div class='ocr_carea' id='block_1_50' title="bbox 433 5187 2031 5256">
    <p class='ocr_par' dir='ltr' id='par_1_50' title="bbox 433 5187 2031 5256">
     <span class='ocr_line' id='line_1_50' title="bbox 433 5187 2031 5256; baseline 0.001 -14"><span class='ocrx_word' id='word_1_356' title='bbox 433 5188 627 5243; x_wconf 85' lang='lat' dir='ltr'><strong>crebro</strong></span> <span class='ocrx_word' id='word_1_357' title='bbox 671 5202 976 5246; x_wconf 87' lang='lat' dir='ltr'><strong>commeare</strong></span> <span class='ocrx_word' id='word_1_358' title='bbox 1014 5191 1215 5247; x_wconf 88' lang='lat' dir='ltr'><strong>sinunt.</strong></span> <span class='ocrx_word' id='word_1_359' title='bbox 1265 5187 1620 5247; x_wconf 77' lang='lat' dir='ltr'><strong>Nihilominus</strong></span> <span class='ocrx_word' id='word_1_360' title='bbox 1669 5205 1867 5256; x_wconf 83' lang='lat' dir='ltr'><strong>tamen,</strong></span> <span class='ocrx_word' id='word_1_361' title='bbox 1917 5191 2031 5245; x_wconf 84' lang='lat' dir='ltr'><strong>sive</strong></span> 
     </span>
    </p>
   </div>
   <div class='ocr_carea' id='block_1_51' title="bbox 376 5268 2032 5360">
    <p class='ocr_par' dir='ltr' id='par_1_51' title="bbox 376 5268 2032 5360">
     <span class='ocr_line' id='line_1_51' title="bbox 376 5268 2032 5360; baseline 0.001 -25"><span class='ocrx_word' id='word_1_362' title='bbox 376 5285 380 5288; x_wconf 85' lang='grc'><em>’</em></span> <span class='ocrx_word' id='word_1_363' title='bbox 436 5280 753 5348; x_wconf 83' lang='lat' dir='ltr'><strong>scribamus,</strong></span> <span class='ocrx_word' id='word_1_364' title='bbox 794 5273 916 5336; x_wconf 71' lang='lat' dir='ltr'><strong>sive&quot;</strong></span> <span class='ocrx_word' id='word_1_365' title='bbox 946 5277 1247 5360; x_wconf 67' lang='lat' dir='ltr'><strong>taceamus;</strong></span> <span class='ocrx_word' id='word_1_366' title='bbox 1276 5281 1526 5340; x_wconf 73' lang='lat' dir='ltr'><strong>‘ea‘nn&#39;lem</strong></span> <span class='ocrx_word' id='word_1_367' title='bbox 1574 5268 1788 5354; x_wconf 83' lang='lat' dir='ltr'><strong>semper</strong></span> <span class='ocrx_word' id='word_1_368' title='bbox 1825 5297 1947 5353; x_wconf 84' lang='lat' dir='ltr'><strong>erga</strong></span> <span class='ocrx_word' id='word_1_369' title='bbox 1980 5292 2032 5336; x_wconf 89' lang='lat' dir='ltr'><strong>te</strong></span> 
     </span>
    </p>
   </div>
   <div class='ocr_carea' id='block_1_52' title="bbox 440 5358 2019 5443">
    <p class='ocr_par' dir='ltr' id='par_1_52' title="bbox 440 5358 2019 5443">
     <span class='ocr_line' id='line_1_52' title="bbox 440 5358 2019 5443; baseline 0.004 -23"><span class='ocrx_word' id='word_1_370' title='bbox 440 5367 876 5426; x_wconf 67' lang='lat' dir='ltr'><strong>benevolentiam</strong></span> <span class='ocrx_word' id='word_1_371' title='bbox 903 5358 1224 5435; x_wconf 83' lang='lat' dir='ltr'><strong>retinemus,</strong></span> <span class='ocrx_word' id='word_1_372' title='bbox 1247 5371 1485 5430; x_wconf 86' lang='lat' dir='ltr'><strong>studium</strong></span> <span class='ocrx_word' id='word_1_373' title='bbox 1506 5359 1709 5430; x_wconf 80' lang='lat' dir='ltr'><strong>scilicet</strong></span> <span class='ocrx_word' id='word_1_374' title='bbox 1747 5384 1910 5443; x_wconf 88' lang='lat' dir='ltr'><strong>atque</strong></span> <span class='ocrx_word' id='word_1_375' title='bbox 1927 5389 2019 5428; x_wconf 88' lang='lat' dir='ltr'><strong>cu-</strong></span> 
     </span>
    </p>
   </div>
   <div class='ocr_carea' id='block_1_53' title="bbox 441 5461 2017 5540">
    <p class='ocr_par' dir='ltr' id='par_1_53' title="bbox 441 5461 2017 5540">
     <span class='ocr_line' id='line_1_53' title="bbox 441 5461 2017 5540; baseline 0.006 -27"><span class='ocrx_word' id='word_1_376' title='bbox 441 5477 558 5514; x_wconf 89' lang='lat' dir='ltr'><strong>ram</strong></span> <span class='ocrx_word' id='word_1_377' title='bbox 574 5461 955 5540; x_wconf 74' lang='lat' dir='ltr'><strong>intcliigentcs,</strong></span> <span class='ocrx_word' id='word_1_378' title='bbox 971 5479 1072 5532; x_wconf 88' lang='lat' dir='ltr'><strong>qua</strong></span> <span class='ocrx_word' id='word_1_379' title='bbox 1089 5464 1286 5520; x_wconf 72' lang='lat' dir='ltr'><strong>animae</strong></span> <span class='ocrx_word' id='word_1_380' title='bbox 1303 5461 1404 5523; x_wconf 84' lang='lat' dir='ltr'><strong>tuac</strong></span> <span class='ocrx_word' id='word_1_381' title='bbox 1415 5469 1712 5524; x_wconf 85' lang='lat' dir='ltr'><strong>commodis</strong></span> <span class='ocrx_word' id='word_1_382' title='bbox 1729 5484 1852 5538; x_wconf 90' lang='lat' dir='ltr'><strong>pros</strong></span> <span class='ocrx_word' id='word_1_383' title='bbox 1861 5468 2017 5537; x_wconf 76' lang='lat' dir='ltr'><strong>pi&#39;Cis,</strong></span> 
     </span>
    </p>
   </div>
   <div class='ocr_carea' id='block_1_54' title="bbox 441 5550 2022 5623">
    <p class='ocr_par' dir='ltr' id='par_1_54' title="bbox 441 5550 2022 5623">
     <span class='ocr_line' id='line_1_54' title="bbox 441 5550 2022 5623; baseline 0.008 -19"><span class='ocrx_word' id='word_1_384' title='bbox 441 5550 570 5606; x_wconf 87' lang='lat' dir='ltr'><strong>dum</strong></span> <span class='ocrx_word' id='word_1_385' title='bbox 595 5569 690 5608; x_wconf 89' lang='lat' dir='ltr'><strong>eos</strong></span> <span class='ocrx_word' id='word_1_386' title='bbox 713 5553 802 5623; x_wconf 87' lang='lat' dir='ltr'><strong>qui</strong></span> <span class='ocrx_word' id='word_1_387' title='bbox 829 5572 950 5609; x_wconf 89' lang='lat' dir='ltr'><strong>cum</strong></span> <span class='ocrx_word' id='word_1_388' title='bbox 975 5556 1174 5623; x_wconf 85' lang='lat' dir='ltr'><strong>pietate</strong></span> <span class='ocrx_word' id='word_1_389' title='bbox 1192 5558 1383 5613; x_wconf 89' lang='lat' dir='ltr'><strong>vivunt</strong></span> <span class='ocrx_word' id='word_1_390' title='bbox 1427 5576 1676 5616; x_wconf 83' lang='lat' dir='ltr'><strong>recreare</strong></span> <span class='ocrx_word' id='word_1_391' title='bbox 1695 5576 1756 5614; x_wconf 88' lang='lat' dir='ltr'><strong>ac</strong></span> <span class='ocrx_word' id='word_1_392' title='bbox 1797 5562 2022 5617; x_wconf 77' lang='lat' dir='ltr'><strong>reticere</strong></span> 
     </span>
    </p>
   </div>
   <div class='ocr_carea' id='block_1_55' title="bbox 443 5645 2021 5720">
    <p class='ocr_par' dir='ltr' id='par_1_55' title="bbox 443 5645 2021 5720">
     <span class='ocr_line' id='line_1_55' title="bbox 443 5645 2021 5720; baseline 0.007 -23"><span class='ocrx_word' id='word_1_393' title='bbox 443 5645 655 5705; x_wconf 78' lang='lat' dir='ltr'><strong>studes.</strong></span> <span class='ocrx_word' id='word_1_394' title='bbox 678 5657 840 5715; x_wconf 86' lang='lat' dir='ltr'><strong>atque</strong></span> <span class='ocrx_word' id='word_1_395' title='bbox 868 5649 920 5702; x_wconf 91' lang='lat' dir='ltr'><strong>in</strong></span> <span class='ocrx_word' id='word_1_396' title='bbox 945 5649 1046 5702; x_wconf 89' lang='lat' dir='ltr'><strong>hoc</strong></span> <span class='ocrx_word' id='word_1_397' title='bbox 1069 5649 1331 5718; x_wconf 73' lang='lat' dir='ltr'><strong>praeelaro</strong></span> <span class='ocrx_word' id='word_1_398' title='bbox 1352 5667 1574 5706; x_wconf 86' lang='lat' dir='ltr'><strong>munere</strong></span> <span class='ocrx_word' id='word_1_399' title='bbox 1599 5653 1851 5706; x_wconf 84' lang='lat' dir='ltr'><strong>versaris.</strong></span> <span class='ocrx_word' id='word_1_400' title='bbox 1890 5653 2021 5720; x_wconf 83' lang='lat' dir='ltr'><strong>Quae</strong></span> 
     </span>
    </p>
   </div>
   <div class='ocr_carea' id='block_1_56' title="bbox 445 5735 2077 5814">
    <p class='ocr_par' dir='ltr' id='par_1_56' title="bbox 445 5735 2077 5814">
     <span class='ocr_line' id='line_1_56' title="bbox 445 5735 2077 5814; baseline 0.01 -30"><span class='ocrx_word' id='word_1_401' title='bbox 445 5751 566 5790; x_wconf 79' lang='lat' dir='ltr'><strong>cum</strong></span> <span class='ocrx_word' id='word_1_402' title='bbox 596 5740 692 5803; x_wconf 87' lang='lat' dir='ltr'><strong>tibi</strong></span> <span class='ocrx_word' id='word_1_403' title='bbox 717 5735 997 5808; x_wconf 79' lang='lat' dir='ltr'><strong>explorata</strong></span> <span class='ocrx_word' id='word_1_404' title='bbox 1014 5741 1145 5808; x_wconf 89' lang='lat' dir='ltr'><strong>sint,</strong></span> <span class='ocrx_word' id='word_1_405' title='bbox 1171 5743 1618 5799; x_wconf 84' lang='lat' dir='ltr'><strong>revercndissimc</strong></span> <span class='ocrx_word' id='word_1_406' title='bbox 1638 5759 1701 5800; x_wconf 92' lang='lat' dir='ltr'><strong>ac</strong></span> <span class='ocrx_word' id='word_1_407' title='bbox 1722 5744 2020 5814; x_wconf 85' lang='lat' dir='ltr'><strong>religiosis-</strong></span> <span class='ocrx_word' id='word_1_408' title='bbox 2073 5781 2077 5785; x_wconf 90' lang='lat'><strong><em>-</em></strong></span> 
     </span>
    </p>
   </div>
   <div class='ocr_carea' id='block_1_57' title="bbox 447 5827 2022 5903">
    <p class='ocr_par' dir='ltr' id='par_1_57' title="bbox 447 5827 2022 5903">
     <span class='ocr_line' id='line_1_57' title="bbox 447 5827 2022 5903; baseline 0.008 -24"><span class='ocrx_word' id='word_1_409' title='bbox 447 5827 584 5880; x_wconf 82' lang='lat' dir='ltr'><strong>sime</strong></span> <span class='ocrx_word' id='word_1_410' title='bbox 627 5830 863 5897; x_wconf 79' lang='lat' dir='ltr'><strong>domino,</strong></span> <span class='ocrx_word' id='word_1_411' title='bbox 917 5834 982 5886; x_wconf 86' lang='lat' dir='ltr'><strong>de</strong></span> <span class='ocrx_word' id='word_1_412' title='bbox 1018 5844 1103 5888; x_wconf 84' lang='lat' dir='ltr'><strong>tua</strong></span> <span class='ocrx_word' id='word_1_413' title='bbox 1158 5835 1433 5903; x_wconf 82' lang='lat' dir='ltr'><strong>totiusque</strong></span> <span class='ocrx_word' id='word_1_414' title='bbox 1491 5835 1684 5890; x_wconf 86' lang='lat' dir='ltr'><strong>domus</strong></span> <span class='ocrx_word' id='word_1_415' title='bbox 1712 5837 2022 5892; x_wconf 79' lang='lat' dir='ltr'><strong>valetudine</strong></span> 
     </span>
    </p>
   </div>
   <div class='ocr_carea' id='block_1_58' title="bbox 1076 351 2908 427">
    <p class='ocr_par' dir='ltr' id='par_1_58' title="bbox 1076 351 2908 427">
     <span class='ocr_line' id='line_1_58' title="bbox 1076 351 2908 427; baseline -0.004 0"><span class='ocrx_word' id='word_1_416' title='bbox 1076 371 1131 427; x_wconf 92' lang='lat' dir='ltr'><strong>s.</strong></span> <span class='ocrx_word' id='word_1_417' title='bbox 1173 369 1450 426; x_wconf 61' lang='lat' dir='ltr'><strong>ruamus</strong></span> <span class='ocrx_word' id='word_1_418' title='bbox 1489 351 1969 427; x_wconf 72' lang='lat' dir='ltr'><strong>(:nnvsostmu</strong></span> <span class='ocrx_word' id='word_1_419' title='bbox 1994 363 2326 420; x_wconf 71' lang='lat' dir='ltr'><strong>&#39;AllClllEl’.</strong></span> <span class='ocrx_word' id='word_1_420' title='bbox 2371 363 2908 421; x_wconf 77' lang='lat' dir='ltr'><strong>CONSTANTINOP.</strong></span> 
     </span>
    </p>
   </div>
   <div class='ocr_carea' id='block_1_59' title="bbox 3603 364 3698 418">
    <p class='ocr_par' dir='ltr' id='par_1_59' title="bbox 3603 364 3698 418">
     <span class='ocr_line' id='line_1_59' title="bbox 3603 364 3698 418; baseline 0.021 -2"><span class='ocrx_word' id='word_1_421' title='bbox 3603 364 3698 418; x_wconf 64' lang='grc' dir='ltr'><strong>ωε</strong></span> 
     </span>
    </p>
   </div>
   <div class='ocr_carea' id='block_1_60' title="bbox 2109 469 3703 536">
    <p class='ocr_par' dir='ltr' id='par_1_60' title="bbox 2109 469 3703 536">
     <span class='ocr_line' id='line_1_60' title="bbox 2109 469 3703 536; baseline -0.003 -1"><span class='ocrx_word' id='word_1_422' title='bbox 2109 480 2368 536; x_wconf 86' lang='lat' dir='ltr'><strong>certiores</strong></span> <span class='ocrx_word' id='word_1_423' title='bbox 2394 494 2490 535; x_wconf 87' lang='lat' dir='ltr'><strong>nos</strong></span> <span class='ocrx_word' id='word_1_424' title='bbox 2521 478 2694 534; x_wconf 89' lang='lat' dir='ltr'><strong>facere</strong></span> <span class='ocrx_word' id='word_1_425' title='bbox 2724 493 2815 533; x_wconf 55' lang='lat' dir='ltr'><strong>&#39;ne</strong></span> <span class='ocrx_word' id='word_1_426' title='bbox 2845 471 3183 532; x_wconf 75' lang='lat' dir='ltr'><strong>intermittas.</strong></span> <span class='ocrx_word' id='word_1_427' title='bbox 3217 469 3308 532; x_wconf 84' lang='lat' dir='ltr'><strong>Sic</strong></span> <span class='ocrx_word' id='word_1_428' title='bbox 3337 475 3483 530; x_wconf 86' lang='lat' dir='ltr'><strong>enim</strong></span> <span class='ocrx_word' id='word_1_429' title='bbox 3521 477 3576 531; x_wconf 84' lang='lat' dir='ltr'><strong>in</strong></span> <span class='ocrx_word' id='word_1_430' title='bbox 3611 479 3703 531; x_wconf 77' lang='lat' dir='ltr'><strong>hac</strong></span> 
     </span>
    </p>
   </div>
   <div class='ocr_carea' id='block_1_61' title="bbox 2079 570 3702 644">
    <p class='ocr_par' dir='ltr' id='par_1_61' title="bbox 2079 570 3702 644">
     <span class='ocr_line' id='line_1_61' title="bbox 2079 570 3702 644; baseline 0 -19"><span class='ocrx_word' id='word_1_431' title='bbox 2079 571 2642 644; x_wconf 71' lang='lat' dir='ltr'><strong>&#39;quoque‘sulitudioe</strong></span> <span class='ocrx_word' id='word_1_432' title='bbox 2676 581 2925 642; x_wconf 84' lang='lat' dir='ltr'><strong>magnam</strong></span> <span class='ocrx_word' id='word_1_433' title='bbox 2962 571 3292 639; x_wconf 86' lang='lat' dir='ltr'><strong>voluptatem</strong></span> <span class='ocrx_word' id='word_1_434' title='bbox 3313 570 3632 640; x_wconf 79' lang='lat' dir='ltr'><strong>capiemus,</strong></span> <span class='ocrx_word' id='word_1_435' title='bbox 3661 575 3702 625; x_wconf 80' lang='lat' dir='ltr'><strong>si</strong></span> 
     </span>
    </p>
   </div>
   <div class='ocr_carea' id='block_1_62' title="bbox 2106 663 3190 738">
    <p class='ocr_par' dir='ltr' id='par_1_62' title="bbox 2106 663 3190 738">
     <span class='ocr_line' id='line_1_62' title="bbox 2106 663 3190 738; baseline -0.003 -17"><span class='ocrx_word' id='word_1_436' title='bbox 2106 666 2368 738; x_wconf 85' lang='lat' dir='ltr'><strong>ejusmodi</strong></span> <span class='ocrx_word' id='word_1_437' title='bbox 2395 663 2493 722; x_wconf 85' lang='lat' dir='ltr'><strong>abs</strong></span> <span class='ocrx_word' id='word_1_438' title='bbox 2521 675 2572 721; x_wconf 90' lang='lat' dir='ltr'><strong>te</strong></span> <span class='ocrx_word' id='word_1_439' title='bbox 2593 665 2775 720; x_wconf 85' lang='lat' dir='ltr'><strong>literas</strong></span> <span class='ocrx_word' id='word_1_440' title='bbox 2805 663 3190 734; x_wconf 84' lang='lat' dir='ltr'><strong>acceperimus.</strong></span> 
     </span>
    </p>
   </div>
   <div class='ocr_carea' id='block_1_63' title="bbox 2428 795 3410 872">
    <p class='ocr_par' dir='ltr' id='par_1_63' title="bbox 2428 795 3410 872">
     <span class='ocr_line' id='line_1_63' title="bbox 2428 795 3410 872; baseline -0.002 -16"><span class='ocrx_word' id='word_1_441' title='bbox 2428 800 2490 856; x_wconf 85' lang='lat' dir='ltr'><strong>L.</strong></span> <span class='ocrx_word' id='word_1_442' title='bbox 2518 799 2754 872; x_wconf 84' lang='lat' dir='ltr'><strong>Diogeni.</strong></span> <span class='ocrx_word' id='word_1_443' title='bbox 2780 798 2799 871; x_wconf 96' lang='lat'><strong>(</strong></span> <span class='ocrx_word' id='word_1_444' title='bbox 2829 799 3037 855; x_wconf 87' lang='lat' dir='ltr'><strong>Cucuso</strong></span> <span class='ocrx_word' id='word_1_445' title='bbox 3062 814 3206 854; x_wconf 88' lang='lat' dir='ltr'><strong>anno</strong></span> <span class='ocrx_word' id='word_1_446' title='bbox 3231 798 3355 854; x_wconf 63' lang='grc'><strong>404.</strong></span> <span class='ocrx_word' id='word_1_447' title='bbox 3390 795 3410 869; x_wconf 85' lang='grc'>)</span> 
     </span>
    </p>
   </div>
   <div class='ocr_carea' id='block_1_64' title="bbox 2177 933 3709 1007">
    <p class='ocr_par' dir='ltr' id='par_1_64' title="bbox 2177 933 3709 1007">
     <span class='ocr_line' id='line_1_64' title="bbox 2177 933 3709 1007; baseline -0.003 -13"><span class='ocrx_word' id='word_1_448' title='bbox 2177 939 2510 1007; x_wconf 84' lang='lat' dir='ltr'><strong>Quamquam</strong></span> <span class='ocrx_word' id='word_1_449' title='bbox 2561 935 2628 991; x_wconf 90' lang='lat' dir='ltr'><strong>de</strong></span> <span class='ocrx_word' id='word_1_450' title='bbox 2657 943 2763 990; x_wconf 72' lang='lat' dir='ltr'><strong>tute</strong></span> <span class='ocrx_word' id='word_1_451' title='bbox 2807 949 2932 1006; x_wconf 83' lang='lat' dir='ltr'><strong>erga</strong></span> <span class='ocrx_word' id='word_1_452' title='bbox 2974 949 3071 990; x_wconf 92' lang='lat' dir='ltr'><strong>nos</strong></span> <span class='ocrx_word' id='word_1_453' title='bbox 3114 933 3353 989; x_wconf 87' lang='lat' dir='ltr'><strong>caritatis</strong></span> <span class='ocrx_word' id='word_1_454' title='bbox 3395 933 3709 989; x_wconf 86' lang='lat' dir='ltr'><strong>sinceritate</strong></span> 
     </span>
    </p>
   </div>
   <div class='ocr_carea' id='block_1_65' title="bbox 2087 1026 3709 1099">
    <p class='ocr_par' dir='ltr' id='par_1_65' title="bbox 2087 1026 3709 1099">
     <span class='ocr_line' id='line_1_65' title="bbox 2087 1026 3709 1099; baseline -0.004 -12"><span class='ocrx_word' id='word_1_455' title='bbox 2087 1031 2335 1088; x_wconf 81' lang='lat' dir='ltr'><strong>‘antehac</strong></span> <span class='ocrx_word' id='word_1_456' title='bbox 2363 1030 2518 1086; x_wconf 89' lang='lat' dir='ltr'><strong>nobis</strong></span> <span class='ocrx_word' id='word_1_457' title='bbox 2550 1029 2886 1099; x_wconf 69' lang='lat' dir='ltr'><strong>eXpIOratum</strong></span> <span class='ocrx_word' id='word_1_458' title='bbox 2939 1037 3072 1093; x_wconf 89' lang='lat' dir='ltr'><strong>erat,</strong></span> <span class='ocrx_word' id='word_1_459' title='bbox 3113 1035 3296 1082; x_wconf 81' lang='lat' dir='ltr'><strong>tamen</strong></span> <span class='ocrx_word' id='word_1_460' title='bbox 3341 1027 3509 1080; x_wconf 89' lang='lat' dir='ltr'><strong>multo</strong></span> <span class='ocrx_word' id='word_1_461' title='bbox 3545 1026 3709 1096; x_wconf 80' lang='lat' dir='ltr'><strong>magis</strong></span> 
     </span>
    </p>
   </div>
   <div class='ocr_carea' id='block_1_66' title="bbox 2109 1119 3710 1192">
    <p class='ocr_par' dir='ltr' id='par_1_66' title="bbox 2109 1119 3710 1192">
     <span class='ocr_line' id='line_1_66' title="bbox 2109 1119 3710 1192; baseline -0.007 -11"><span class='ocrx_word' id='word_1_462' title='bbox 2109 1125 2352 1181; x_wconf 88' lang='lat' dir='ltr'><strong>eamdem</strong></span> <span class='ocrx_word' id='word_1_463' title='bbox 2393 1137 2536 1177; x_wconf 89' lang='lat' dir='ltr'><strong>nunc</strong></span> <span class='ocrx_word' id='word_1_464' title='bbox 2584 1119 2984 1192; x_wconf 80' lang='lat' dir='ltr'><strong>perspeximus,</strong></span> <span class='ocrx_word' id='word_1_465' title='bbox 3027 1134 3148 1173; x_wconf 90' lang='lat' dir='ltr'><strong>cum</strong></span> <span class='ocrx_word' id='word_1_466' title='bbox 3192 1125 3336 1172; x_wconf 79' lang='lat' dir='ltr'><strong>tanta</strong></span> <span class='ocrx_word' id='word_1_467' title='bbox 3365 1121 3551 1172; x_wconf 78' lang='lat' dir='ltr'><strong>coorta</strong></span> <span class='ocrx_word' id='word_1_468' title='bbox 3579 1127 3710 1170; x_wconf 83' lang='lat' dir='ltr'><strong>tent-</strong></span> 
     </span>
    </p>
   </div>
   <div class='ocr_carea' id='block_1_67' title="bbox 2075 1208 3708 1285">
    <p class='ocr_par' dir='ltr' id='par_1_67' title="bbox 2075 1208 3708 1285">
     <span class='ocr_line' id='line_1_67' title="bbox 2075 1208 3708 1285; baseline -0.006 -15"><span class='ocrx_word' id='word_1_469' title='bbox 2075 1225 2088 1230; x_wconf 88' lang='grc'><strong>·</strong></span> <span class='ocrx_word' id='word_1_470' title='bbox 2109 1223 2334 1285; x_wconf 86' lang='lat' dir='ltr'><strong>pestate,</strong></span> <span class='ocrx_word' id='word_1_471' title='bbox 2361 1229 2466 1268; x_wconf 92' lang='lat' dir='ltr'><strong>non</strong></span> <span class='ocrx_word' id='word_1_472' title='bbox 2497 1213 2659 1267; x_wconf 89' lang='lat' dir='ltr'><strong>modo</strong></span> <span class='ocrx_word' id='word_1_473' title='bbox 2687 1211 2852 1266; x_wconf 90' lang='lat' dir='ltr'><strong>nihilo</strong></span> <span class='ocrx_word' id='word_1_474' title='bbox 2876 1210 3201 1281; x_wconf 83' lang='lat' dir='ltr'><strong>segniorem,</strong></span> <span class='ocrx_word' id='word_1_475' title='bbox 3229 1208 3322 1265; x_wconf 84' lang='lat' dir='ltr'><strong>sed</strong></span> <span class='ocrx_word' id='word_1_476' title='bbox 3351 1209 3514 1264; x_wconf 86' lang='lat' dir='ltr'><strong>etiam</strong></span> <span class='ocrx_word' id='word_1_477' title='bbox 3537 1210 3708 1262; x_wconf 87' lang='lat' dir='ltr'><strong>multo</strong></span> 
     </span>
    </p>
   </div>
   <div class='ocr_carea' id='block_1_68' title="bbox 2109 1301 3715 1372">
    <p class='ocr_par' dir='ltr' id='par_1_68' title="bbox 2109 1301 3715 1372">
     <span class='ocr_line' id='line_1_68' title="bbox 2109 1301 3715 1372; baseline -0.006 -9"><span class='ocrx_word' id='word_1_478' title='bbox 2109 1307 2492 1364; x_wconf 85' lang='lat' dir='ltr'><strong>studiosiorem</strong></span> <span class='ocrx_word' id='word_1_479' title='bbox 2541 1305 2774 1362; x_wconf 88' lang='lat' dir='ltr'><strong>amicum</strong></span> <span class='ocrx_word' id='word_1_480' title='bbox 2801 1312 2865 1359; x_wconf 80' lang='lat' dir='ltr'><strong>te</strong></span> <span class='ocrx_word' id='word_1_481' title='bbox 2896 1305 3060 1358; x_wconf 76' lang='lat' dir='ltr'><strong>nobis</strong></span> <span class='ocrx_word' id='word_1_482' title='bbox 3082 1301 3374 1372; x_wconf 67' lang='lat' dir='ltr'><strong>praebuisti.</strong></span> <span class='ocrx_word' id='word_1_483' title='bbox 3405 1301 3596 1372; x_wconf 86' lang='lat' dir='ltr'><strong>quue</strong></span> <span class='ocrx_word' id='word_1_484' title='bbox 3619 1317 3715 1355; x_wconf 85' lang='lat' dir='ltr'><strong>no-</strong></span> 
     </span>
    </p>
   </div>
   <div class='ocr_carea' id='block_1_69' title="bbox 2111 1391 3716 1465">
    <p class='ocr_par' dir='ltr' id='par_1_69' title="bbox 2111 1391 3716 1465">
     <span class='ocr_line' id='line_1_69' title="bbox 2111 1391 3716 1465; baseline -0.005 -11"><span class='ocrx_word' id='word_1_485' title='bbox 2111 1398 2256 1454; x_wconf 85' lang='lat' dir='ltr'><strong>mine</strong></span> <span class='ocrx_word' id='word_1_486' title='bbox 2285 1406 2337 1453; x_wconf 89' lang='lat' dir='ltr'><strong>te</strong></span> <span class='ocrx_word' id='word_1_487' title='bbox 2364 1396 2714 1460; x_wconf 86' lang='lat' dir='ltr'><strong>admiramur,</strong></span> <span class='ocrx_word' id='word_1_488' title='bbox 2767 1393 3112 1465; x_wconf 85' lang='lat' dir='ltr'><strong>quotidieque</strong></span> <span class='ocrx_word' id='word_1_489' title='bbox 3141 1391 3434 1462; x_wconf 65' lang='lat' dir='ltr'><strong>praedicare</strong></span> <span class='ocrx_word' id='word_1_490' title='bbox 3481 1407 3590 1446; x_wconf 89' lang='lat' dir='ltr'><strong>non</strong></span> <span class='ocrx_word' id='word_1_491' title='bbox 3620 1392 3716 1446; x_wconf 58' lang='lat' dir='ltr'><strong>de-</strong></span> 
     </span>
    </p>
   </div>
   <div class='ocr_carea' id='block_1_70' title="bbox 2109 1484 3715 1558">
    <p class='ocr_par' dir='ltr' id='par_1_70' title="bbox 2109 1484 3715 1558">
     <span class='ocr_line' id='line_1_70' title="bbox 2109 1484 3715 1558; baseline -0.006 -11"><span class='ocrx_word' id='word_1_492' title='bbox 2109 1491 2354 1548; x_wconf 89' lang='lat' dir='ltr'><strong>sinimus.</strong></span> <span class='ocrx_word' id='word_1_493' title='bbox 2374 1487 2506 1544; x_wconf 85' lang='lat' dir='ltr'><strong>Nam</strong></span> <span class='ocrx_word' id='word_1_494' title='bbox 2536 1495 2594 1544; x_wconf 87' lang='lat' dir='ltr'><strong>tu</strong></span> <span class='ocrx_word' id='word_1_495' title='bbox 2631 1487 2845 1558; x_wconf 86' lang='lat' dir='ltr'><strong>quidem</strong></span> <span class='ocrx_word' id='word_1_496' title='bbox 2887 1501 2926 1539; x_wconf 87' lang='lat' dir='ltr'><strong>a</strong></span> <span class='ocrx_word' id='word_1_497' title='bbox 2947 1487 3178 1556; x_wconf 84' lang='lat' dir='ltr'><strong>benigno</strong></span> <span class='ocrx_word' id='word_1_498' title='bbox 3236 1485 3368 1552; x_wconf 88' lang='lat' dir='ltr'><strong>Deo,</strong></span> <span class='ocrx_word' id='word_1_499' title='bbox 3395 1484 3487 1554; x_wconf 88' lang='lat' dir='ltr'><strong>qui</strong></span> <span class='ocrx_word' id='word_1_500' title='bbox 3535 1497 3654 1549; x_wconf 86' lang='lat' dir='ltr'><strong>eos,</strong></span> <span class='ocrx_word' id='word_1_501' title='bbox 3685 1501 3715 1538; x_wconf 88' lang='lat' dir='ltr'><strong>a</strong></span> 
     </span>
    </p>
   </div>
   <div class='ocr_carea' id='block_1_71' title="bbox 2109 1575 3718 1655">
    <p class='ocr_par' dir='ltr' id='par_1_71' title="bbox 2109 1575 3718 1655">
     <span class='ocr_line' id='line_1_71' title="bbox 2109 1575 3718 1655; baseline -0.007 -15"><span class='ocrx_word' id='word_1_502' title='bbox 2109 1583 2302 1655; x_wconf 89' lang='lat' dir='ltr'><strong>quibus</strong></span> <span class='ocrx_word' id='word_1_503' title='bbox 2343 1581 2468 1637; x_wconf 87' lang='lat' dir='ltr'><strong>boni</strong></span> <span class='ocrx_word' id='word_1_504' title='bbox 2516 1579 2715 1651; x_wconf 91' lang='lat' dir='ltr'><strong>aliquid</strong></span> <span class='ocrx_word' id='word_1_505' title='bbox 2770 1577 3019 1643; x_wconf 81' lang='lat' dir='ltr'><strong>efﬁcitur,</strong></span> <span class='ocrx_word' id='word_1_506' title='bbox 3075 1585 3166 1630; x_wconf 90' lang='lat' dir='ltr'><strong>aut</strong></span> <span class='ocrx_word' id='word_1_507' title='bbox 3211 1575 3426 1639; x_wconf 90' lang='lat' dir='ltr'><strong>dicitur,</strong></span> <span class='ocrx_word' id='word_1_508' title='bbox 3478 1575 3718 1645; x_wconf 73' lang='lat' dir='ltr'><strong>praemiis</strong></span> 
     </span>
    </p>
   </div>
   <div class='ocr_carea' id='block_1_72' title="bbox 2112 1668 3718 1746">
    <p class='ocr_par' dir='ltr' id='par_1_72' title="bbox 2112 1668 3718 1746">
     <span class='ocr_line' id='line_1_72' title="bbox 2112 1668 3718 1746; baseline -0.007 -15"><span class='ocrx_word' id='word_1_509' title='bbox 2112 1676 2269 1746; x_wconf 82' lang='lat' dir='ltr'><strong>longe</strong></span> <span class='ocrx_word' id='word_1_510' title='bbox 2335 1678 2854 1744; x_wconf 79' lang='lat' dir='ltr'><strong>semper&#39;supemt,</strong></span> <span class='ocrx_word' id='word_1_511' title='bbox 2906 1669 3208 1724; x_wconf 83' lang='lat' dir='ltr'><strong>mercedem</strong></span> <span class='ocrx_word' id='word_1_512' title='bbox 3264 1668 3412 1721; x_wconf 90' lang='lat' dir='ltr'><strong>omni</strong></span> <span class='ocrx_word' id='word_1_513' title='bbox 3461 1679 3718 1721; x_wconf 88' lang='lat' dir='ltr'><strong>sermone</strong></span> 
     </span>
    </p>
   </div>
   <div class='ocr_carea' id='block_1_73' title="bbox 2112 1758 3713 1839">
    <p class='ocr_par' dir='ltr' id='par_1_73' title="bbox 2112 1758 3713 1839">
     <span class='ocr_line' id='line_1_73' title="bbox 2112 1758 3713 1839; baseline -0.007 -16"><span class='ocrx_word' id='word_1_514' title='bbox 2112 1766 2542 1839; x_wconf 62' lang='lat' dir='ltr'><strong>praestantiorem</strong></span> <span class='ocrx_word' id='word_1_515' title='bbox 2573 1771 2889 1832; x_wconf 88' lang='lat' dir='ltr'><strong>accepturus</strong></span> <span class='ocrx_word' id='word_1_516' title='bbox 2917 1777 2999 1819; x_wconf 89' lang='lat' dir='ltr'><strong>es.</strong></span> <span class='ocrx_word' id='word_1_517' title='bbox 3031 1760 3140 1815; x_wconf 82' lang='lat' dir='ltr'><strong>Nos</strong></span> <span class='ocrx_word' id='word_1_518' title='bbox 3169 1769 3371 1824; x_wconf 87' lang='lat' dir='ltr'><strong>autem,</strong></span> <span class='ocrx_word' id='word_1_519' title='bbox 3397 1758 3595 1829; x_wconf 89' lang='lat' dir='ltr'><strong>quibus</strong></span> <span class='ocrx_word' id='word_1_520' title='bbox 3625 1775 3713 1812; x_wconf 79' lang='lat' dir='ltr'><strong>re-</strong></span> 
     </span>
    </p>
   </div>
   <div class='ocr_carea' id='block_1_74' title="bbox 2113 1851 3716 1930">
    <p class='ocr_par' dir='ltr' id='par_1_74' title="bbox 2113 1851 3716 1930">
     <span class='ocr_line' id='line_1_74' title="bbox 2113 1851 3716 1930; baseline -0.007 -15"><span class='ocrx_word' id='word_1_521' title='bbox 2113 1860 2213 1915; x_wconf 91' lang='lat' dir='ltr'><strong>bus</strong></span> <span class='ocrx_word' id='word_1_522' title='bbox 2235 1857 2540 1930; x_wconf 84' lang='lat' dir='ltr'><strong>possumus,</strong></span> <span class='ocrx_word' id='word_1_523' title='bbox 2591 1857 2815 1927; x_wconf 75' lang='lat' dir='ltr'><strong>gratiam</strong></span> <span class='ocrx_word' id='word_1_524' title='bbox 2863 1855 2955 1910; x_wconf 90' lang='lat' dir='ltr'><strong>tibi</strong></span> <span class='ocrx_word' id='word_1_525' title='bbox 3006 1853 3371 1923; x_wconf 85' lang='lat' dir='ltr'><strong>rependimus,</strong></span> <span class='ocrx_word' id='word_1_526' title='bbox 3414 1851 3716 1908; x_wconf 78' lang='lat' dir='ltr'><strong>necteatl-</strong></span> 
     </span>
    </p>
   </div>
   <div class='ocr_carea' id='block_1_75' title="bbox 2113 1945 3716 2017">
    <p class='ocr_par' dir='ltr' id='par_1_75' title="bbox 2113 1945 3716 2017">
     <span class='ocr_line' id='line_1_75' title="bbox 2113 1945 3716 2017; baseline -0.006 -10"><span class='ocrx_word' id='word_1_527' title='bbox 2113 1951 2314 2017; x_wconf 90' lang='lat' dir='ltr'><strong>mirari,</strong></span> <span class='ocrx_word' id='word_1_528' title='bbox 2375 1949 2612 2015; x_wconf 86' lang='lat' dir='ltr'><strong>laudare,</strong></span> <span class='ocrx_word' id='word_1_529' title='bbox 2662 1948 2876 2002; x_wconf 85' lang='lat' dir='ltr'><strong>beatum</strong></span> <span class='ocrx_word' id='word_1_530' title='bbox 2927 1945 3235 2017; x_wconf 74' lang='lat' dir='ltr'><strong>przedicare,</strong></span> <span class='ocrx_word' id='word_1_531' title='bbox 3280 1960 3482 2009; x_wconf 85' lang='lat' dir='ltr'><strong>amare,</strong></span> <span class='ocrx_word' id='word_1_532' title='bbox 3515 1945 3716 2011; x_wconf 87' lang='lat' dir='ltr'><strong>vereri,</strong></span> 
     </span>
    </p>
   </div>
   <div class='ocr_carea' id='block_1_76' title="bbox 2112 2036 3718 2111">
    <p class='ocr_par' dir='ltr' id='par_1_76' title="bbox 2112 2036 3718 2111">
     <span class='ocr_line' id='line_1_76' title="bbox 2112 2036 3718 2111; baseline -0.006 -13"><span class='ocrx_word' id='word_1_533' title='bbox 2112 2043 2311 2107; x_wconf 88' lang='lat' dir='ltr'><strong>colere,</strong></span> <span class='ocrx_word' id='word_1_534' title='bbox 2351 2041 2640 2111; x_wconf 87' lang='lat' dir='ltr'><strong>animoque</strong></span> <span class='ocrx_word' id='word_1_535' title='bbox 2658 2049 2709 2095; x_wconf 91' lang='lat' dir='ltr'><strong>te</strong></span> <span class='ocrx_word' id='word_1_536' title='bbox 2733 2053 2948 2110; x_wconf 90' lang='lat' dir='ltr'><strong>quoquo</strong></span> <span class='ocrx_word' id='word_1_537' title='bbox 2973 2039 3211 2108; x_wconf 80' lang='lat' dir='ltr'><strong>gentium</strong></span> <span class='ocrx_word' id='word_1_538' title='bbox 3252 2036 3608 2091; x_wconf 87' lang='lat' dir='ltr'><strong>circumferre</strong></span> <span class='ocrx_word' id='word_1_539' title='bbox 3637 2036 3718 2089; x_wconf 89' lang='lat' dir='ltr'><strong>in-</strong></span> 
     </span>
    </p>
   </div>
   <div class='ocr_carea' id='block_1_77' title="bbox 2115 2125 3726 2199">
    <p class='ocr_par' dir='ltr' id='par_1_77' title="bbox 2115 2125 3726 2199">
     <span class='ocr_line' id='line_1_77' title="bbox 2115 2125 3726 2199; baseline -0.006 -9"><span class='ocrx_word' id='word_1_540' title='bbox 2115 2133 2482 2199; x_wconf 89' lang='lat' dir='ltr'><strong>termittimus,</strong></span> <span class='ocrx_word' id='word_1_541' title='bbox 2511 2131 2752 2189; x_wconf 88' lang='lat' dir='ltr'><strong>caritatis</strong></span> <span class='ocrx_word' id='word_1_542' title='bbox 2771 2128 3024 2185; x_wconf 87' lang='lat' dir='ltr'><strong>videlicet</strong></span> <span class='ocrx_word' id='word_1_543' title='bbox 3046 2129 3162 2198; x_wconf 84' lang='lat' dir='ltr'><strong>lege</strong></span> <span class='ocrx_word' id='word_1_544' title='bbox 3179 2127 3271 2181; x_wconf 90' lang='lat' dir='ltr'><strong>tibi</strong></span> <span class='ocrx_word' id='word_1_545' title='bbox 3292 2125 3526 2194; x_wconf 90' lang='lat' dir='ltr'><strong>copulati</strong></span> <span class='ocrx_word' id='word_1_546' title='bbox 3561 2134 3726 2195; x_wconf 78' lang='lat' dir='ltr'><strong>atque</strong></span> 
     </span>
    </p>
   </div>
   <div class='ocr_carea' id='block_1_78' title="bbox 2084 2217 3712 2294">
    <p class='ocr_par' dir='ltr' id='par_1_78' title="bbox 2084 2217 3712 2294">
     <span class='ocr_line' id='line_1_78' title="bbox 2084 2217 3712 2294; baseline -0.008 -11"><span class='ocrx_word' id='word_1_547' title='bbox 2084 2231 2088 2234; x_wconf 86' lang='grc'><em>’</em></span> <span class='ocrx_word' id='word_1_548' title='bbox 2111 2225 2374 2283; x_wconf 89' lang='lat' dir='ltr'><strong>adstricti.</strong></span> <span class='ocrx_word' id='word_1_549' title='bbox 2398 2223 2535 2279; x_wconf 83' lang='lat' dir='ltr'><strong>Nam</strong></span> <span class='ocrx_word' id='word_1_550' title='bbox 2565 2222 2704 2294; x_wconf 91' lang='lat' dir='ltr'><strong>quod</strong></span> <span class='ocrx_word' id='word_1_551' title='bbox 2730 2237 2796 2278; x_wconf 82' lang='lat' dir='ltr'><strong>ex</strong></span> <span class='ocrx_word' id='word_1_552' title='bbox 2821 2236 3009 2276; x_wconf 89' lang='lat' dir='ltr'><strong>eorum</strong></span> <span class='ocrx_word' id='word_1_553' title='bbox 3038 2234 3261 2275; x_wconf 91' lang='lat' dir='ltr'><strong>numero</strong></span> <span class='ocrx_word' id='word_1_554' title='bbox 3286 2233 3502 2287; x_wconf 87' lang='lat' dir='ltr'><strong>semper</strong></span> <span class='ocrx_word' id='word_1_555' title='bbox 3541 2217 3712 2271; x_wconf 85' lang='lat' dir='ltr'><strong>fueri-</strong></span> 
     </span>
    </p>
   </div>
   <div class='ocr_carea' id='block_1_79' title="bbox 2115 2309 3721 2389">
    <p class='ocr_par' dir='ltr' id='par_1_79' title="bbox 2115 2309 3721 2389">
     <span class='ocr_line' id='line_1_79' title="bbox 2115 2309 3721 2389; baseline -0.007 -14"><span class='ocrx_word' id='word_1_556' title='bbox 2115 2333 2254 2385; x_wconf 85' lang='lat' dir='ltr'><strong>mus,</strong></span> <span class='ocrx_word' id='word_1_557' title='bbox 2295 2318 2388 2389; x_wconf 89' lang='lat' dir='ltr'><strong>qui</strong></span> <span class='ocrx_word' id='word_1_558' title='bbox 2437 2326 2493 2374; x_wconf 88' lang='lat' dir='ltr'><strong>te</strong></span> <span class='ocrx_word' id='word_1_559' title='bbox 2541 2316 2783 2386; x_wconf 87' lang='lat' dir='ltr'><strong>apprime</strong></span> <span class='ocrx_word' id='word_1_560' title='bbox 2836 2314 3080 2384; x_wconf 81' lang='lat' dir='ltr'><strong>diligant,</strong></span> <span class='ocrx_word' id='word_1_561' title='bbox 3135 2311 3293 2382; x_wconf 88' lang='lat' dir='ltr'><strong>plane</strong></span> <span class='ocrx_word' id='word_1_562' title='bbox 3345 2323 3563 2379; x_wconf 89' lang='lat' dir='ltr'><strong>quoque</strong></span> <span class='ocrx_word' id='word_1_563' title='bbox 3606 2309 3721 2378; x_wconf 82' lang='lat' dir='ltr'><strong>ipse</strong></span> 
     </span>
    </p>
   </div>
   <div class='ocr_carea' id='block_1_80' title="bbox 2115 2399 3719 2478">
    <p class='ocr_par' dir='ltr' id='par_1_80' title="bbox 2115 2399 3719 2478">
     <span class='ocr_line' id='line_1_80' title="bbox 2115 2399 3719 2478; baseline -0.01 -10"><span class='ocrx_word' id='word_1_564' title='bbox 2115 2411 2243 2478; x_wconf 83' lang='lat' dir='ltr'><strong>scis,</strong></span> <span class='ocrx_word' id='word_1_565' title='bbox 2270 2407 2488 2466; x_wconf 84' lang='lat' dir='ltr'><strong>domine</strong></span> <span class='ocrx_word' id='word_1_566' title='bbox 2516 2407 2590 2463; x_wconf 88' lang='lat' dir='ltr'><strong>mi</strong></span> <span class='ocrx_word' id='word_1_567' title='bbox 2632 2417 2976 2475; x_wconf 86' lang='lat' dir='ltr'><strong>summopere</strong></span> <span class='ocrx_word' id='word_1_568' title='bbox 3014 2401 3320 2460; x_wconf 86' lang='lat' dir='ltr'><strong>venerande</strong></span> <span class='ocrx_word' id='word_1_569' title='bbox 3343 2409 3506 2471; x_wconf 87' lang='lat' dir='ltr'><strong>atque</strong></span> <span class='ocrx_word' id='word_1_570' title='bbox 3548 2399 3719 2453; x_wconf 80' lang='lat' dir='ltr'><strong>admi—</strong></span> 
     </span>
    </p>
   </div>
   <div class='ocr_carea' id='block_1_81' title="bbox 2115 2491 3720 2571">
    <p class='ocr_par' dir='ltr' id='par_1_81' title="bbox 2115 2491 3720 2571">
     <span class='ocr_line' id='line_1_81' title="bbox 2115 2491 3720 2571; baseline -0.009 -12"><span class='ocrx_word' id='word_1_571' title='bbox 2115 2501 2304 2559; x_wconf 87' lang='lat' dir='ltr'><strong>rande.</strong></span> <span class='ocrx_word' id='word_1_572' title='bbox 2346 2500 2685 2571; x_wconf 83' lang='lat' dir='ltr'><strong>Quapropter</strong></span> <span class='ocrx_word' id='word_1_573' title='bbox 2712 2512 2900 2554; x_wconf 88' lang='lat' dir='ltr'><strong>eorum</strong></span> <span class='ocrx_word' id='word_1_574' title='bbox 2948 2509 3231 2550; x_wconf 89' lang='lat' dir='ltr'><strong>munerum</strong></span> <span class='ocrx_word' id='word_1_575' title='bbox 3265 2505 3450 2559; x_wconf 88' lang='lat' dir='ltr'><strong>causa,</strong></span> <span class='ocrx_word' id='word_1_576' title='bbox 3503 2506 3627 2561; x_wconf 73' lang='lat' dir='ltr'><strong>qua:</strong></span> <span class='ocrx_word' id='word_1_577' title='bbox 3656 2491 3720 2544; x_wconf 88' lang='lat' dir='ltr'><strong>ad</strong></span> 
     </span>
    </p>
   </div>
   <div class='ocr_carea' id='block_1_82' title="bbox 2117 2583 3718 2661">
    <p class='ocr_par' dir='ltr' id='par_1_82' title="bbox 2117 2583 3718 2661">
     <span class='ocr_line' id='line_1_82' title="bbox 2117 2583 3718 2661; baseline -0.012 -10"><span class='ocrx_word' id='word_1_578' title='bbox 2117 2611 2216 2652; x_wconf 91' lang='lat' dir='ltr'><strong>nos</strong></span> <span class='ocrx_word' id='word_1_579' title='bbox 2243 2594 2459 2661; x_wconf 83' lang='lat' dir='ltr'><strong>misisti,</strong></span> <span class='ocrx_word' id='word_1_580' title='bbox 2488 2607 2558 2648; x_wconf 90' lang='lat' dir='ltr'><strong>ne</strong></span> <span class='ocrx_word' id='word_1_581' title='bbox 2585 2591 2740 2647; x_wconf 91' lang='lat' dir='ltr'><strong>nobis</strong></span> <span class='ocrx_word' id='word_1_582' title='bbox 2767 2602 3118 2645; x_wconf 88' lang='lat' dir='ltr'><strong>succenseas.</strong></span> <span class='ocrx_word' id='word_1_583' title='bbox 3142 2609 3149 2616; x_wconf 63' lang='grc' dir='ltr'>ε</span> <span class='ocrx_word' id='word_1_584' title='bbox 3175 2585 3533 2654; x_wconf 83' lang='lat' dir='ltr'><strong>Posteaquam</strong></span> <span class='ocrx_word' id='word_1_585' title='bbox 3575 2583 3718 2636; x_wconf 86' lang='lat' dir='ltr'><strong>enim</strong></span> 
     </span>
    </p>
   </div>
   <div class='ocr_carea' id='block_1_83' title="bbox 2119 2678 3720 2756">
    <p class='ocr_par' dir='ltr' id='par_1_83' title="bbox 2119 2678 3720 2756">
     <span class='ocr_line' id='line_1_83' title="bbox 2119 2678 3720 2756; baseline -0.011 -11"><span class='ocrx_word' id='word_1_586' title='bbox 2119 2689 2381 2744; x_wconf 87' lang='lat' dir='ltr'><strong>honorem</strong></span> <span class='ocrx_word' id='word_1_587' title='bbox 2426 2700 2574 2748; x_wconf 89' lang='lat' dir='ltr'><strong>eum,</strong></span> <span class='ocrx_word' id='word_1_588' title='bbox 2619 2683 2709 2756; x_wconf 89' lang='lat' dir='ltr'><strong>qui</strong></span> <span class='ocrx_word' id='word_1_589' title='bbox 2759 2683 2828 2738; x_wconf 87' lang='lat' dir='ltr'><strong>ab</strong></span> <span class='ocrx_word' id='word_1_590' title='bbox 2879 2681 3010 2751; x_wconf 92' lang='lat' dir='ltr'><strong>ipsis</strong></span> <span class='ocrx_word' id='word_1_591' title='bbox 3061 2678 3334 2744; x_wconf 89' lang='lat' dir='ltr'><strong>manabat,</strong></span> <span class='ocrx_word' id='word_1_592' title='bbox 3388 2684 3720 2744; x_wconf 81' lang='lat' dir='ltr'><strong>tamqttame</strong></span> 
     </span>
    </p>
   </div>
   <div class='ocr_carea' id='block_1_84' title="bbox 2091 2768 3717 2850">
    <p class='ocr_par' dir='ltr' id='par_1_84' title="bbox 2091 2768 3717 2850">
     <span class='ocr_line' id='line_1_84' title="bbox 2091 2768 3717 2850; baseline -0.011 -15"><span class='ocrx_word' id='word_1_593' title='bbox 2091 2780 2385 2837; x_wconf 84' lang='lat' dir='ltr'><strong>&#39;vindemia</strong></span> <span class='ocrx_word' id='word_1_594' title='bbox 2411 2777 2644 2850; x_wconf 84' lang='lat' dir='ltr'><strong>quadam</strong></span> <span class='ocrx_word' id='word_1_595' title='bbox 2674 2790 2832 2830; x_wconf 86' lang='lat' dir='ltr'><strong>uvam</strong></span> <span class='ocrx_word' id='word_1_596' title='bbox 2864 2772 3235 2844; x_wconf 77' lang='lat' dir='ltr'><strong>expressimus</strong></span> <span class='ocrx_word' id='word_1_597' title='bbox 3274 2783 3337 2824; x_wconf 89' lang='lat' dir='ltr'><strong>ac</strong></span> <span class='ocrx_word' id='word_1_598' title='bbox 3355 2768 3717 2838; x_wconf 86' lang='lat' dir='ltr'><strong>percepimus,</strong></span> 
     </span>
    </p>
   </div>
   <div class='ocr_carea' id='block_1_85' title="bbox 2086 2861 3716 2941">
    <p class='ocr_par' dir='ltr' id='par_1_85' title="bbox 2086 2861 3716 2941">
     <span class='ocr_line' id='line_1_85' title="bbox 2086 2861 3716 2941; baseline -0.012 -13"><span class='ocrx_word' id='word_1_599' title='bbox 2086 2887 2094 2892; x_wconf 85' lang='lat'>&#39;</span> <span class='ocrx_word' id='word_1_600' title='bbox 2119 2887 2342 2928; x_wconf 87' lang='lat' dir='ltr'><strong>munera</strong></span> <span class='ocrx_word' id='word_1_601' title='bbox 2373 2872 2487 2941; x_wconf 85' lang='lat' dir='ltr'><strong>ipsa</strong></span> <span class='ocrx_word' id='word_1_602' title='bbox 2513 2867 2854 2938; x_wconf 69' lang='lat' dir='ltr'><strong>remittimus,</strong></span> <span class='ocrx_word' id='word_1_603' title='bbox 2903 2879 3008 2918; x_wconf 89' lang='lat' dir='ltr'><strong>non</strong></span> <span class='ocrx_word' id='word_1_604' title='bbox 3037 2861 3178 2933; x_wconf 89' lang='lat' dir='ltr'><strong>quod</strong></span> <span class='ocrx_word' id='word_1_605' title='bbox 3205 2870 3257 2915; x_wconf 88' lang='lat' dir='ltr'><strong>te</strong></span> <span class='ocrx_word' id='word_1_606' title='bbox 3286 2865 3716 2930; x_wconf 79' lang='lat' dir='ltr'><strong>aspernarentur.</strong></span> 
     </span>
    </p>
   </div>
   <div class='ocr_carea' id='block_1_86' title="bbox 2119 2947 3721 3036">
    <p class='ocr_par' dir='ltr' id='par_1_86' title="bbox 2119 2947 3721 3036">
     <span class='ocr_line' id='line_1_86' title="bbox 2119 2947 3721 3036; baseline -0.011 -16"><span class='ocrx_word' id='word_1_607' title='bbox 2119 2974 2213 3020; x_wconf 90' lang='lat' dir='ltr'><strong>aut</strong></span> <span class='ocrx_word' id='word_1_608' title='bbox 2245 2963 2409 3018; x_wconf 89' lang='lat' dir='ltr'><strong>animi</strong></span> <span class='ocrx_word' id='word_1_609' title='bbox 2440 2962 2515 3016; x_wconf 89' lang='lat' dir='ltr'><strong>tui</strong></span> <span class='ocrx_word' id='word_1_610' title='bbox 2572 2947 2843 3036; x_wconf 77' lang='lat' dir='ltr'><strong>nobilitati</strong></span> <span class='ocrx_word' id='word_1_611' title='bbox 2886 2955 3107 3012; x_wconf 90' lang='lat' dir='ltr'><strong>minime</strong></span> <span class='ocrx_word' id='word_1_612' title='bbox 3162 2951 3584 3016; x_wconf 80' lang='lat' dir='ltr'><strong>conﬁderemus,</strong></span> <span class='ocrx_word' id='word_1_613' title='bbox 3632 2948 3721 3004; x_wconf 85' lang='lat' dir='ltr'><strong>sed</strong></span> 
     </span>
    </p>
   </div>
   <div class='ocr_carea' id='block_1_87' title="bbox 2084 3041 3724 3128">
    <p class='ocr_par' dir='ltr' id='par_1_87' title="bbox 2084 3041 3724 3128">
     <span class='ocr_line' id='line_1_87' title="bbox 2084 3041 3724 3128; baseline -0.007 -21"><span class='ocrx_word' id='word_1_614' title='bbox 2084 3063 2089 3086; x_wconf 73' lang='grc' dir='ltr'><strong>ε</strong></span> <span class='ocrx_word' id='word_1_615' title='bbox 2119 3056 2356 3128; x_wconf 70' lang='lat' dir='ltr'><strong>quod-iis</strong></span> <span class='ocrx_word' id='word_1_616' title='bbox 2386 3069 2493 3110; x_wconf 89' lang='lat' dir='ltr'><strong>non</strong></span> <span class='ocrx_word' id='word_1_617' title='bbox 2523 3051 2904 3123; x_wconf 70' lang='lat' dir='ltr'><strong>indigeremus:</strong></span> <span class='ocrx_word' id='word_1_618' title='bbox 2933 3046 3092 3117; x_wconf 74' lang='lat' dir='ltr'><strong>QuOd</strong></span> <span class='ocrx_word' id='word_1_619' title='bbox 3120 3043 3290 3102; x_wconf 83' lang='lat' dir='ltr'><strong>etiam</strong></span> <span class='ocrx_word' id='word_1_620' title='bbox 3311 3045 3364 3099; x_wconf 91' lang='lat' dir='ltr'><strong>in</strong></span> <span class='ocrx_word' id='word_1_621' title='bbox 3393 3041 3580 3098; x_wconf 83' lang='lat' dir='ltr'><strong>multis</strong></span> <span class='ocrx_word' id='word_1_622' title='bbox 3609 3042 3724 3096; x_wconf 91' lang='lat' dir='ltr'><strong>aliis</strong></span> 
     </span>
    </p>
   </div>
   <div class='ocr_carea' id='block_1_88' title="bbox 2087 3135 3725 3216">
    <p class='ocr_par' dir='ltr' id='par_1_88' title="bbox 2087 3135 3725 3216">
     <span class='ocr_line' id='line_1_88' title="bbox 2087 3135 3725 3216; baseline -0.012 -9"><span class='ocrx_word' id='word_1_623' title='bbox 2087 3147 2366 3207; x_wconf 46' lang='lat' dir='ltr'><strong>&quot;fecimus.</strong></span> <span class='ocrx_word' id='word_1_624' title='bbox 2413 3147 2545 3203; x_wconf 83' lang='lat' dir='ltr'><strong>Nam</strong></span> <span class='ocrx_word' id='word_1_625' title='bbox 2571 3146 2660 3201; x_wconf 82' lang='lat' dir='ltr'><strong>alii</strong></span> <span class='ocrx_word' id='word_1_626' title='bbox 2689 3158 2901 3216; x_wconf 88' lang='lat' dir='ltr'><strong>quoque</strong></span> <span class='ocrx_word' id='word_1_627' title='bbox 2928 3137 3306 3212; x_wconf 86' lang='lat' dir='ltr'><strong>quamplurimi</strong></span> <span class='ocrx_word' id='word_1_628' title='bbox 3332 3137 3537 3207; x_wconf 80' lang='lat' dir='ltr'><strong>tibique</strong></span> <span class='ocrx_word' id='word_1_629' title='bbox 3571 3135 3725 3190; x_wconf 80' lang='lat' dir='ltr'><strong>nobi-</strong></span> 
     </span>
    </p>
   </div>
   <div class='ocr_carea' id='block_1_89' title="bbox 2087 3226 3724 3312">
    <p class='ocr_par' dir='ltr' id='par_1_89' title="bbox 2087 3226 3724 3312">
     <span class='ocr_line' id='line_1_89' title="bbox 2087 3226 3724 3312; baseline -0.013 -13"><span class='ocrx_word' id='word_1_630' title='bbox 2087 3254 2092 3256; x_wconf 82' lang='lat'>&#39;</span> <span class='ocrx_word' id='word_1_631' title='bbox 2121 3243 2272 3300; x_wconf 88' lang='lat' dir='ltr'><strong>litate</strong></span> <span class='ocrx_word' id='word_1_632' title='bbox 2297 3254 2475 3312; x_wconf 90' lang='lat' dir='ltr'><strong>pares,</strong></span> <span class='ocrx_word' id='word_1_633' title='bbox 2515 3253 2586 3293; x_wconf 78' lang='lat' dir='ltr'><strong>‘ac</strong></span> <span class='ocrx_word' id='word_1_634' title='bbox 2616 3253 2713 3291; x_wconf 89' lang='lat' dir='ltr'><strong>nos</strong></span> <span class='ocrx_word' id='word_1_635' title='bbox 2745 3234 3122 3290; x_wconf 88' lang='lat' dir='ltr'><strong>ardentissime</strong></span> <span class='ocrx_word' id='word_1_636' title='bbox 3145 3237 3412 3295; x_wconf 80' lang='lat' dir='ltr'><strong>amantes,</strong></span> <span class='ocrx_word' id='word_1_637' title='bbox 3440 3236 3499 3281; x_wconf 92' lang='lat' dir='ltr'><strong>ut</strong></span> <span class='ocrx_word' id='word_1_638' title='bbox 3526 3226 3724 3295; x_wconf 61' lang='lat' dir='ltr'><strong>ampli.</strong></span> 
     </span>
    </p>
   </div>
   <div class='ocr_carea' id='block_1_90' title="bbox 2080 3321 3726 3402">
    <p class='ocr_par' dir='ltr' id='par_1_90' title="bbox 2080 3321 3726 3402">
     <span class='ocr_line' id='line_1_90' title="bbox 2080 3321 3726 3402; baseline -0.01 -13"><span class='ocrx_word' id='word_1_639' title='bbox 2080 3343 2090 3350; x_wconf 84' lang='lat'><strong>&#39;</strong></span> <span class='ocrx_word' id='word_1_640' title='bbox 2123 3333 2251 3389; x_wconf 90' lang='lat' dir='ltr'><strong>tudo</strong></span> <span class='ocrx_word' id='word_1_641' title='bbox 2279 3341 2370 3387; x_wconf 89' lang='lat' dir='ltr'><strong>tua</strong></span> <span class='ocrx_word' id='word_1_642' title='bbox 2410 3331 2607 3402; x_wconf 89' lang='lat' dir='ltr'><strong>poterit</strong></span> <span class='ocrx_word' id='word_1_643' title='bbox 2627 3328 2887 3391; x_wconf 84' lang='lat' dir='ltr'><strong>ediscere,</strong></span> <span class='ocrx_word' id='word_1_644' title='bbox 2915 3325 3054 3380; x_wconf 91' lang='lat' dir='ltr'><strong>idem</strong></span> <span class='ocrx_word' id='word_1_645' title='bbox 3084 3321 3223 3378; x_wconf 87' lang='lat' dir='ltr'><strong>istud</strong></span> <span class='ocrx_word' id='word_1_646' title='bbox 3249 3321 3494 3378; x_wconf 85' lang='lat' dir='ltr'><strong>fecerunt</strong></span> <span class='ocrx_word' id='word_1_647' title='bbox 3523 3337 3537 3372; x_wconf 90' lang='lat'><strong>:</strong></span> <span class='ocrx_word' id='word_1_648' title='bbox 3567 3329 3726 3388; x_wconf 87' lang='lat' dir='ltr'><strong>atque</strong></span> 
     </span>
    </p>
   </div>
   <div class='ocr_carea' id='block_1_91' title="bbox 2084 3411 3723 3493">
    <p class='ocr_par' dir='ltr' id='par_1_91' title="bbox 2084 3411 3723 3493">
     <span class='ocr_line' id='line_1_91' title="bbox 2084 3411 3723 3493; baseline -0.01 -15"><span class='ocrx_word' id='word_1_649' title='bbox 2084 3444 2091 3450; x_wconf 90' lang='grc'>·</span> <span class='ocrx_word' id='word_1_650' title='bbox 2121 3423 2260 3493; x_wconf 85' lang='lat' dir='ltr'><strong>apud</strong></span> <span class='ocrx_word' id='word_1_651' title='bbox 2300 3436 2395 3477; x_wconf 88' lang='lat' dir='ltr'><strong>eos</strong></span> <span class='ocrx_word' id='word_1_652' title='bbox 2444 3421 2600 3475; x_wconf 87' lang='lat' dir='ltr'><strong>nobis</strong></span> <span class='ocrx_word' id='word_1_653' title='bbox 2629 3419 2816 3474; x_wconf 86' lang='lat' dir='ltr'><strong>eadem</strong></span> <span class='ocrx_word' id='word_1_654' title='bbox 2849 3419 2964 3471; x_wconf 60' lang='lat' dir='ltr'><strong>haec</strong></span> <span class='ocrx_word' id='word_1_655' title='bbox 2995 3414 3275 3471; x_wconf 78' lang='lat' dir='ltr'><strong>excusatio</strong></span> <span class='ocrx_word' id='word_1_656' title='bbox 3300 3411 3532 3476; x_wconf 73' lang='lat' dir='ltr'><strong>suffecit,</strong></span> <span class='ocrx_word' id='word_1_657' title='bbox 3563 3423 3723 3479; x_wconf 84' lang='lat' dir='ltr'><strong>quam</strong></span> 
     </span>
    </p>
   </div>
   <div class='ocr_carea' id='block_1_92' title="bbox 2123 3502 3724 3585">
    <p class='ocr_par' dir='ltr' id='par_1_92' title="bbox 2123 3502 3724 3585">
     <span class='ocr_line' id='line_1_92' title="bbox 2123 3502 3724 3585; baseline -0.011 -15"><span class='ocrx_word' id='word_1_658' title='bbox 2123 3525 2177 3570; x_wconf 89' lang='lat' dir='ltr'><strong>tu</strong></span> <span class='ocrx_word' id='word_1_659' title='bbox 2205 3529 2419 3585; x_wconf 86' lang='lat' dir='ltr'><strong>quoque</strong></span> <span class='ocrx_word' id='word_1_660' title='bbox 2462 3512 2714 3566; x_wconf 84' lang='lat' dir='ltr'><strong>admittas</strong></span> <span class='ocrx_word' id='word_1_661' title='bbox 2741 3509 2936 3564; x_wconf 77' lang='lat' dir='ltr'><strong>velim.</strong></span> <span class='ocrx_word' id='word_1_662' title='bbox 2955 3507 3086 3562; x_wconf 84' lang='lat' dir='ltr'><strong>Nam</strong></span> <span class='ocrx_word' id='word_1_663' title='bbox 3131 3506 3176 3560; x_wconf 89' lang='lat' dir='ltr'><strong>si</strong></span> <span class='ocrx_word' id='word_1_664' title='bbox 3203 3506 3259 3558; x_wconf 89' lang='lat' dir='ltr'><strong>in</strong></span> <span class='ocrx_word' id='word_1_665' title='bbox 3293 3502 3514 3573; x_wconf 87' lang='lat' dir='ltr'><strong>penuria</strong></span> <span class='ocrx_word' id='word_1_666' title='bbox 3541 3514 3724 3556; x_wconf 82' lang='lat' dir='ltr'><strong>verse-</strong></span> 
     </span>
    </p>
   </div>
   <div class='ocr_carea' id='block_1_93' title="bbox 2125 3592 3724 3676">
    <p class='ocr_par' dir='ltr' id='par_1_93' title="bbox 2125 3592 3724 3676">
     <span class='ocr_line' id='line_1_93' title="bbox 2125 3592 3724 3676; baseline -0.013 -14"><span class='ocrx_word' id='word_1_667' title='bbox 2125 3623 2269 3674; x_wconf 89' lang='lat' dir='ltr'><strong>mur,</strong></span> <span class='ocrx_word' id='word_1_668' title='bbox 2299 3605 2492 3676; x_wconf 87' lang='lat' dir='ltr'><strong>majori</strong></span> <span class='ocrx_word' id='word_1_669' title='bbox 2521 3619 2644 3658; x_wconf 90' lang='lat' dir='ltr'><strong>cum</strong></span> <span class='ocrx_word' id='word_1_670' title='bbox 2692 3600 2856 3656; x_wconf 90' lang='lat' dir='ltr'><strong>animi</strong></span> <span class='ocrx_word' id='word_1_671' title='bbox 2904 3598 3118 3663; x_wconf 88' lang='lat' dir='ltr'><strong>ﬁducia,</strong></span> <span class='ocrx_word' id='word_1_672' title='bbox 3167 3604 3443 3664; x_wconf 88' lang='lat' dir='ltr'><strong>tamquam</strong></span> <span class='ocrx_word' id='word_1_673' title='bbox 3471 3592 3518 3645; x_wconf 88' lang='lat' dir='ltr'><strong>si</strong></span> <span class='ocrx_word' id='word_1_674' title='bbox 3547 3599 3724 3645; x_wconf 82' lang='lat' dir='ltr'><strong>nostra</strong></span> 
     </span>
    </p>
   </div>
   <div class='ocr_carea' id='block_1_94' title="bbox 2123 3680 3723 3765">
    <p class='ocr_par' dir='ltr' id='par_1_94' title="bbox 2123 3680 3723 3765">
     <span class='ocr_line' id='line_1_94' title="bbox 2123 3680 3723 3765; baseline -0.014 -11"><span class='ocrx_word' id='word_1_675' title='bbox 2123 3705 2345 3763; x_wconf 88' lang='lat' dir='ltr'><strong>essent,</strong></span> <span class='ocrx_word' id='word_1_676' title='bbox 2391 3707 2816 3765; x_wconf 78' lang='lat' dir='ltr'><strong>exSposccmus:</strong></span> <span class='ocrx_word' id='word_1_677' title='bbox 2865 3690 3030 3759; x_wconf 89' lang='lat' dir='ltr'><strong>idque</strong></span> <span class='ocrx_word' id='word_1_678' title='bbox 3079 3697 3137 3742; x_wconf 94' lang='lat' dir='ltr'><strong>tu</strong></span> <span class='ocrx_word' id='word_1_679' title='bbox 3184 3685 3362 3754; x_wconf 88' lang='lat' dir='ltr'><strong>reipsa</strong></span> <span class='ocrx_word' id='word_1_680' title='bbox 3409 3680 3723 3752; x_wconf 72' lang='lat' dir='ltr'><strong>perspicies.</strong></span> 
     </span>
    </p>
   </div>
   <div class='ocr_carea' id='block_1_95' title="bbox 2083 3774 3728 3858">
    <p class='ocr_par' dir='ltr' id='par_1_95' title="bbox 2083 3774 3728 3858">
     <span class='ocr_line' id='line_1_95' title="bbox 2083 3774 3728 3858; baseline -0.015 -12"><span class='ocrx_word' id='word_1_681' title='bbox 2083 3806 2093 3812; x_wconf 89' lang='grc'><strong>·</strong></span> <span class='ocrx_word' id='word_1_682' title='bbox 2125 3790 2480 3858; x_wconf 83' lang='lat' dir='ltr'><strong>Quamobrem</strong></span> <span class='ocrx_word' id='word_1_683' title='bbox 2501 3801 2562 3842; x_wconf 90' lang='lat' dir='ltr'><strong>ea</strong></span> <span class='ocrx_word' id='word_1_684' title='bbox 2584 3785 2786 3854; x_wconf 86' lang='lat' dir='ltr'><strong>accipe,</strong></span> <span class='ocrx_word' id='word_1_685' title='bbox 2816 3798 2879 3838; x_wconf 88' lang='lat' dir='ltr'><strong>ac</strong></span> <span class='ocrx_word' id='word_1_686' title='bbox 2905 3782 3190 3852; x_wconf 77' lang='lat' dir='ltr'><strong>diligenter</strong></span> <span class='ocrx_word' id='word_1_687' title='bbox 3209 3791 3384 3843; x_wconf 88' lang='lat' dir='ltr'><strong>serva,</strong></span> <span class='ocrx_word' id='word_1_688' title='bbox 3412 3782 3469 3829; x_wconf 93' lang='lat' dir='ltr'><strong>ut</strong></span> <span class='ocrx_word' id='word_1_689' title='bbox 3489 3774 3546 3827; x_wconf 82' lang='lat' dir='ltr'><strong>si.</strong></span> <span class='ocrx_word' id='word_1_690' title='bbox 3564 3787 3728 3843; x_wconf 73' lang='lat' dir='ltr'><strong>quaa-</strong></span> 
     </span>
    </p>
   </div>
   <div class='ocr_carea' id='block_1_96' title="bbox 2124 3861 3728 3948">
    <p class='ocr_par' dir='ltr' id='par_1_96' title="bbox 2124 3861 3728 3948">
     <span class='ocr_line' id='line_1_96' title="bbox 2124 3861 3728 3948; baseline -0.011 -14"><span class='ocrx_word' id='word_1_691' title='bbox 2124 3881 2195 3935; x_wconf 86' lang='lat' dir='ltr'><strong>do</strong></span> <span class='ocrx_word' id='word_1_692' title='bbox 2227 3891 2435 3948; x_wconf 90' lang='lat' dir='ltr'><strong>tempus</strong></span> <span class='ocrx_word' id='word_1_693' title='bbox 2465 3877 2762 3947; x_wconf 89' lang='lat' dir='ltr'><strong>postularit,</strong></span> <span class='ocrx_word' id='word_1_694' title='bbox 2793 3873 2977 3928; x_wconf 89' lang='lat' dir='ltr'><strong>ﬁdenti</strong></span> <span class='ocrx_word' id='word_1_695' title='bbox 3023 3886 3087 3928; x_wconf 93' lang='lat' dir='ltr'><strong>ac</strong></span> <span class='ocrx_word' id='word_1_696' title='bbox 3114 3861 3288 3926; x_wconf 80' lang='lat' dir='ltr'><strong>libero</strong></span> <span class='ocrx_word' id='word_1_697' title='bbox 3332 3868 3515 3923; x_wconf 88' lang='lat' dir='ltr'><strong>animo</strong></span> <span class='ocrx_word' id='word_1_698' title='bbox 3541 3879 3606 3919; x_wconf 89' lang='lat' dir='ltr'><strong>ea</strong></span> <span class='ocrx_word' id='word_1_699' title='bbox 3637 3863 3728 3917; x_wconf 79' lang='lat' dir='ltr'><strong>abs</strong></span> 
     </span>
    </p>
   </div>
   <div class='ocr_carea' id='block_1_97' title="bbox 2127 3973 2719 4042">
    <p class='ocr_par' dir='ltr' id='par_1_97' title="bbox 2127 3973 2719 4042">
     <span class='ocr_line' id='line_1_97' title="bbox 2127 3973 2719 4042; baseline -0.008 -14"><span class='ocrx_word' id='word_1_700' title='bbox 2127 3978 2182 4028; x_wconf 89' lang='lat' dir='ltr'><strong>te</strong></span> <span class='ocrx_word' id='word_1_701' title='bbox 2207 3973 2579 4042; x_wconf 88' lang='lat' dir='ltr'><strong>deposcamus.</strong></span> <span class='ocrx_word' id='word_1_702' title='bbox 2717 3981 2719 3983; x_wconf 84' lang='lat'>&#39;</span> 
     </span>
    </p>
   </div>
   <div class='ocr_carea' id='block_1_98' title="bbox 2429 4117 3427 4191">
    <p class='ocr_par' dir='ltr' id='par_1_98' title="bbox 2429 4117 3427 4191">
     <span class='ocr_line' id='line_1_98' title="bbox 2429 4117 3427 4191; baseline -0.005 -14"><span class='ocrx_word' id='word_1_703' title='bbox 2429 4121 2523 4177; x_wconf 82' lang='grc' dir='ltr'>ιι.</span> <span class='ocrx_word' id='word_1_704' title='bbox 2552 4120 2756 4178; x_wconf 85' lang='lat' dir='ltr'><strong>Eidem.</strong></span> <span class='ocrx_word' id='word_1_705' title='bbox 2789 4120 2810 4191; x_wconf 94' lang='lat'><strong>(</strong></span> <span class='ocrx_word' id='word_1_706' title='bbox 2840 4120 3049 4178; x_wconf 89' lang='lat' dir='ltr'><strong>Cucuso</strong></span> <span class='ocrx_word' id='word_1_707' title='bbox 3072 4133 3213 4174; x_wconf 87' lang='lat' dir='ltr'><strong>anno</strong></span> <span class='ocrx_word' id='word_1_708' title='bbox 3244 4118 3350 4174; x_wconf 65' lang='lat'><strong>405</strong></span> <span class='ocrx_word' id='word_1_709' title='bbox 3381 4117 3427 4190; x_wconf 91' lang='lat'><strong>.)</strong></span> 
     </span>
    </p>
   </div>
   <div class='ocr_carea' id='block_1_99' title="bbox 2198 4251 3731 4326">
    <p class='ocr_par' dir='ltr' id='par_1_99' title="bbox 2198 4251 3731 4326">
     <span class='ocr_line' id='line_1_99' title="bbox 2198 4251 3731 4326; baseline -0.005 -14"><span class='ocrx_word' id='word_1_710' title='bbox 2198 4259 2332 4312; x_wconf 89' lang='lat' dir='ltr'><strong>Cum</strong></span> <span class='ocrx_word' id='word_1_711' title='bbox 2351 4255 2682 4326; x_wconf 87' lang='lat' dir='ltr'><strong>superiorem</strong></span> <span class='ocrx_word' id='word_1_712' title='bbox 2709 4253 2987 4324; x_wconf 82' lang='lat' dir='ltr'><strong>epistolam</strong></span> <span class='ocrx_word' id='word_1_713' title='bbox 3013 4251 3367 4321; x_wconf 81' lang='lat' dir='ltr'><strong>scripsissem,</strong></span> <span class='ocrx_word' id='word_1_714' title='bbox 3393 4258 3558 4320; x_wconf 87' lang='lat' dir='ltr'><strong>atque</strong></span> <span class='ocrx_word' id='word_1_715' title='bbox 3581 4265 3731 4306; x_wconf 78' lang='lat' dir='ltr'><strong>revo-</strong></span> 
     </span>
    </p>
   </div>
   <div class='ocr_carea' id='block_1_100' title="bbox 2121 4341 3728 4416">
    <p class='ocr_par' dir='ltr' id='par_1_100' title="bbox 2121 4341 3728 4416">
     <span class='ocr_line' id='line_1_100' title="bbox 2121 4341 3728 4416; baseline -0.004 -11"><span class='ocrx_word' id='word_1_716' title='bbox 2121 4349 2510 4407; x_wconf 87' lang='lat' dir='ltr'><strong>‘rendissimum</strong></span> <span class='ocrx_word' id='word_1_717' title='bbox 2531 4361 2606 4402; x_wconf 77' lang='lat' dir='ltr'><strong>ac&#39;</strong></span> <span class='ocrx_word' id='word_1_718' title='bbox 2620 4344 3083 4416; x_wconf 76' lang='lat' dir='ltr'><strong>religiosissimum</strong></span> <span class='ocrx_word' id='word_1_719' title='bbox 3107 4343 3282 4398; x_wconf 88' lang='lat' dir='ltr'><strong>virum</strong></span> <span class='ocrx_word' id='word_1_720' title='bbox 3304 4341 3634 4412; x_wconf 83' lang='lat' dir='ltr'><strong>Aphraatem</strong></span> <span class='ocrx_word' id='word_1_721' title='bbox 3663 4342 3728 4398; x_wconf 85' lang='lat' dir='ltr'><strong>ita</strong></span> 
     </span>
    </p>
   </div>
   <div class='ocr_carea' id='block_1_101' title="bbox 2083 4435 3735 4508">
    <p class='ocr_par' dir='ltr' id='par_1_101' title="bbox 2083 4435 3735 4508">
     <span class='ocr_line' id='line_1_101' title="bbox 2083 4435 3735 4508; baseline -0.006 -10"><span class='ocrx_word' id='word_1_722' title='bbox 2083 4447 2090 4450; x_wconf 77' lang='grc'><strong>’</strong></span> <span class='ocrx_word' id='word_1_723' title='bbox 2132 4445 2287 4498; x_wconf 90' lang='lat' dir='ltr'><strong>nobis</strong></span> <span class='ocrx_word' id='word_1_724' title='bbox 2302 4442 2521 4497; x_wconf 72' lang='lat' dir='ltr'><strong>affixum</strong></span> <span class='ocrx_word' id='word_1_725' title='bbox 2542 4455 2662 4495; x_wconf 89' lang='lat' dir='ltr'><strong>esse</strong></span> <span class='ocrx_word' id='word_1_726' title='bbox 2688 4439 3075 4508; x_wconf 80' lang='lat' dir='ltr'><strong>conspicerem,</strong></span> <span class='ocrx_word' id='word_1_727' title='bbox 3104 4444 3284 4491; x_wconf 89' lang='lat' dir='ltr'><strong>utnec</strong></span> <span class='ocrx_word' id='word_1_728' title='bbox 3311 4435 3434 4489; x_wconf 88' lang='lat' dir='ltr'><strong>hinc</strong></span> <span class='ocrx_word' id='word_1_729' title='bbox 3458 4435 3609 4490; x_wconf 89' lang='lat' dir='ltr'><strong>abire</strong></span> <span class='ocrx_word' id='word_1_730' title='bbox 3634 4435 3735 4489; x_wconf 84' lang='lat' dir='ltr'><strong>vel-</strong></span> 
     </span>
    </p>
   </div>
   <div class='ocr_carea' id='block_1_102' title="bbox 2133 4527 3730 4602">
    <p class='ocr_par' dir='ltr' id='par_1_102' title="bbox 2133 4527 3730 4602">
     <span class='ocr_line' id='line_1_102' title="bbox 2133 4527 3730 4602; baseline -0.008 -11"><span class='ocrx_word' id='word_1_731' title='bbox 2133 4538 2225 4602; x_wconf 88' lang='lat' dir='ltr'><strong>let,</strong></span> <span class='ocrx_word' id='word_1_732' title='bbox 2243 4550 2342 4591; x_wconf 91' lang='lat' dir='ltr'><strong>nec</strong></span> <span class='ocrx_word' id='word_1_733' title='bbox 2360 4534 2541 4589; x_wconf 88' lang='lat' dir='ltr'><strong>literas</strong></span> <span class='ocrx_word' id='word_1_734' title='bbox 2558 4531 2770 4602; x_wconf 92' lang='lat' dir='ltr'><strong>quidem</strong></span> <span class='ocrx_word' id='word_1_735' title='bbox 2788 4545 2817 4584; x_wconf 91' lang='lat' dir='ltr'><strong>a</strong></span> <span class='ocrx_word' id='word_1_736' title='bbox 2835 4528 2990 4584; x_wconf 90' lang='lat' dir='ltr'><strong>nobis</strong></span> <span class='ocrx_word' id='word_1_737' title='bbox 3005 4537 3345 4598; x_wconf 90' lang='lat' dir='ltr'><strong>accepturum</strong></span> <span class='ocrx_word' id='word_1_738' title='bbox 3357 4540 3417 4580; x_wconf 87' lang='lat' dir='ltr'><strong>se</strong></span> <span class='ocrx_word' id='word_1_739' title='bbox 3431 4540 3554 4581; x_wconf 85' lang='lat' dir='ltr'><strong>esse</strong></span> <span class='ocrx_word' id='word_1_740' title='bbox 3567 4527 3730 4580; x_wconf 79' lang='lat' dir='ltr'><strong>mina-</strong></span> 
     </span>
    </p>
   </div>
   <div class='ocr_carea' id='block_1_103' title="bbox 2135 4618 3728 4694">
    <p class='ocr_par' dir='ltr' id='par_1_103' title="bbox 2135 4618 3728 4694">
     <span class='ocr_line' id='line_1_103' title="bbox 2135 4618 3728 4694; baseline -0.009 -10"><span class='ocrx_word' id='word_1_741' title='bbox 2135 4635 2303 4692; x_wconf 87' lang='lat' dir='ltr'><strong>retur,</strong></span> <span class='ocrx_word' id='word_1_742' title='bbox 2319 4628 2418 4682; x_wconf 90' lang='lat' dir='ltr'><strong>nisi</strong></span> <span class='ocrx_word' id='word_1_743' title='bbox 2443 4637 2664 4680; x_wconf 86' lang='lat' dir='ltr'><strong>munera</strong></span> <span class='ocrx_word' id='word_1_744' title='bbox 2682 4638 2889 4694; x_wconf 73' lang='lat' dir='ltr'><strong>ea,quaa</strong></span> <span class='ocrx_word' id='word_1_745' title='bbox 2905 4621 2970 4676; x_wconf 90' lang='lat' dir='ltr'><strong>ad</strong></span> <span class='ocrx_word' id='word_1_746' title='bbox 2995 4634 3092 4674; x_wconf 92' lang='lat' dir='ltr'><strong>nos</strong></span> <span class='ocrx_word' id='word_1_747' title='bbox 3113 4618 3728 4685; x_wconf 87' lang='lat' dir='ltr'><strong>misisses,accepissem,</strong></span> 
     </span>
    </p>
   </div>
   <div class='ocr_carea' id='block_1_104' title="bbox 2137 4706 3735 4792">
    <p class='ocr_par' dir='ltr' id='par_1_104' title="bbox 2137 4706 3735 4792">
     <span class='ocr_line' id='line_1_104' title="bbox 2137 4706 3735 4792; baseline -0.009 -18"><span class='ocrx_word' id='word_1_748' title='bbox 2137 4731 2343 4792; x_wconf 81' lang='lat' dir='ltr'><strong>typum,</strong></span> <span class='ocrx_word' id='word_1_749' title='bbox 2365 4718 2454 4788; x_wconf 89' lang='lat' dir='ltr'><strong>qui</strong></span> <span class='ocrx_word' id='word_1_750' title='bbox 2480 4725 2584 4770; x_wconf 77' lang='lat' dir='ltr'><strong>tute</strong></span> <span class='ocrx_word' id='word_1_751' title='bbox 2600 4713 2863 4769; x_wconf 90' lang='lat' dir='ltr'><strong>nobilitati</strong></span> <span class='ocrx_word' id='word_1_752' title='bbox 2890 4712 3122 4766; x_wconf 83' lang='lat' dir='ltr'><strong>maxime</strong></span> <span class='ocrx_word' id='word_1_753' title='bbox 3157 4706 3596 4779; x_wconf 83' lang='lat' dir='ltr'><strong>gratusfuturus,</strong></span> <span class='ocrx_word' id='word_1_754' title='bbox 3623 4707 3735 4760; x_wconf 83' lang='lat' dir='ltr'><strong>ani-</strong></span> 
     </span>
    </p>
   </div>
   <div class='ocr_carea' id='block_1_105' title="bbox 2137 4797 3733 4880">
    <p class='ocr_par' dir='ltr' id='par_1_105' title="bbox 2137 4797 3733 4880">
     <span class='ocr_line' id='line_1_105' title="bbox 2137 4797 3733 4880; baseline -0.009 -16"><span class='ocrx_word' id='word_1_755' title='bbox 2137 4821 2393 4880; x_wconf 83' lang='lat' dir='ltr'><strong>mumque</strong></span> <span class='ocrx_word' id='word_1_756' title='bbox 2409 4819 2554 4862; x_wconf 91' lang='lat' dir='ltr'><strong>tuum</strong></span> <span class='ocrx_word' id='word_1_757' title='bbox 2573 4814 2911 4861; x_wconf 89' lang='lat' dir='ltr'><strong>recreaturus</strong></span> <span class='ocrx_word' id='word_1_758' title='bbox 2933 4801 3021 4867; x_wconf 87' lang='lat' dir='ltr'><strong>sit,</strong></span> <span class='ocrx_word' id='word_1_759' title='bbox 3051 4800 3177 4854; x_wconf 91' lang='lat' dir='ltr'><strong>huic</strong></span> <span class='ocrx_word' id='word_1_760' title='bbox 3189 4799 3265 4853; x_wconf 92' lang='lat' dir='ltr'><strong>rei</strong></span> <span class='ocrx_word' id='word_1_761' title='bbox 3291 4797 3551 4866; x_wconf 28' lang='lat' dir='ltr'><strong>imposuit:</strong></span> <span class='ocrx_word' id='word_1_762' title='bbox 3575 4811 3733 4866; x_wconf 88' lang='lat' dir='ltr'><strong>quem</strong></span> 
     </span>
    </p>
   </div>
   <div class='ocr_carea' id='block_1_106' title="bbox 2083 4888 3730 4971">
    <p class='ocr_par' dir='ltr' id='par_1_106' title="bbox 2083 4888 3730 4971">
     <span class='ocr_line' id='line_1_106' title="bbox 2083 4888 3730 4971; baseline -0.01 -13"><span class='ocrx_word' id='word_1_763' title='bbox 2083 4893 2086 4919; x_wconf 76' lang='grc'><em>³</em></span> <span class='ocrx_word' id='word_1_764' title='bbox 2140 4914 2193 4957; x_wconf 82' lang='grc' dir='ltr'><strong>ιιι</strong></span> <span class='ocrx_word' id='word_1_765' title='bbox 2215 4918 2334 4957; x_wconf 90' lang='lat' dir='ltr'><strong>cum</strong></span> <span class='ocrx_word' id='word_1_766' title='bbox 2361 4913 2434 4955; x_wconf 72' lang='lat' dir='ltr'><strong>ex</strong></span> <span class='ocrx_word' id='word_1_767' title='bbox 2452 4901 2570 4971; x_wconf 87' lang='lat' dir='ltr'><strong>ipso</strong></span> <span class='ocrx_word' id='word_1_768' title='bbox 2585 4896 2932 4959; x_wconf 79' lang='lat' dir='ltr'><strong>intellexeris,</strong></span> <span class='ocrx_word' id='word_1_769' title='bbox 2956 4910 3077 4948; x_wconf 89' lang='lat' dir='ltr'><strong>eum</strong></span> <span class='ocrx_word' id='word_1_770' title='bbox 3093 4891 3334 4962; x_wconf 63' lang='lat' dir='ltr'><strong>praeclari</strong></span> <span class='ocrx_word' id='word_1_771' title='bbox 3362 4888 3586 4959; x_wconf 85' lang='lat' dir='ltr'><strong>hujusce</strong></span> <span class='ocrx_word' id='word_1_772' title='bbox 3603 4903 3730 4943; x_wconf 80' lang='lat' dir='ltr'><strong>cou-</strong></span> 
     </span>
    </p>
   </div>
   <div class='ocr_carea' id='block_1_107' title="bbox 2137 4975 3732 5057">
    <p class='ocr_par' dir='ltr' id='par_1_107' title="bbox 2137 4975 3732 5057">
     <span class='ocr_line' id='line_1_107' title="bbox 2137 4975 3732 5057; baseline -0.011 -7"><span class='ocrx_word' id='word_1_773' title='bbox 2137 4995 2240 5050; x_wconf 93' lang='lat' dir='ltr'><strong>silii</strong></span> <span class='ocrx_word' id='word_1_774' title='bbox 2262 4992 2636 5048; x_wconf 88' lang='lat' dir='ltr'><strong>administrum</strong></span> <span class='ocrx_word' id='word_1_775' title='bbox 2669 4987 2783 5043; x_wconf 87' lang='lat' dir='ltr'><strong>ﬂeri</strong></span> <span class='ocrx_word' id='word_1_776' title='bbox 2803 4975 2951 5057; x_wconf 38' lang='lat' dir='ltr'><strong>jube‘.</strong></span> <span class='ocrx_word' id='word_1_777' title='bbox 2975 4985 3083 5040; x_wconf 82' lang='lat' dir='ltr'><strong>Nec</strong></span> <span class='ocrx_word' id='word_1_778' title='bbox 3109 4983 3251 5038; x_wconf 90' lang='lat' dir='ltr'><strong>enim</strong></span> <span class='ocrx_word' id='word_1_779' title='bbox 3276 4991 3328 5036; x_wconf 85' lang='lat' dir='ltr'><strong>te</strong></span> <span class='ocrx_word' id='word_1_780' title='bbox 3350 4980 3502 5051; x_wconf 81' lang='lat' dir='ltr'><strong>fugit,</strong></span> <span class='ocrx_word' id='word_1_781' title='bbox 3539 4985 3732 5050; x_wconf 82' lang='lat' dir='ltr'><strong>quanta</strong></span> 
     </span>
    </p>
   </div>
   <div class='ocr_carea' id='block_1_108' title="bbox 2140 5071 3733 5157">
    <p class='ocr_par' dir='ltr' id='par_1_108' title="bbox 2140 5071 3733 5157">
     <span class='ocr_line' id='line_1_108' title="bbox 2140 5071 3733 5157; baseline -0.011 -17"><span class='ocrx_word' id='word_1_782' title='bbox 2140 5086 2297 5157; x_wconf 78' lang='lat' dir='ltr'><strong>hujus</strong></span> <span class='ocrx_word' id='word_1_783' title='bbox 2322 5081 2626 5140; x_wconf 72' lang='lat' dir='ltr'><strong>rei&#39;utilitas</strong></span> <span class='ocrx_word' id='word_1_784' title='bbox 2650 5081 2826 5134; x_wconf 88' lang='lat' dir='ltr'><strong>futura</strong></span> <span class='ocrx_word' id='word_1_785' title='bbox 2851 5079 2940 5141; x_wconf 89' lang='lat' dir='ltr'><strong>sit,</strong></span> <span class='ocrx_word' id='word_1_786' title='bbox 2965 5086 3073 5132; x_wconf 90' lang='lat' dir='ltr'><strong>tum</strong></span> <span class='ocrx_word' id='word_1_787' title='bbox 3093 5073 3164 5130; x_wconf 93' lang='lat' dir='ltr'><strong>ob</strong></span> <span class='ocrx_word' id='word_1_788' title='bbox 3190 5074 3356 5144; x_wconf 86' lang='lat' dir='ltr'><strong>ipsius</strong></span> <span class='ocrx_word' id='word_1_789' title='bbox 3383 5073 3436 5126; x_wconf 90' lang='lat' dir='ltr'><strong>in</strong></span> <span class='ocrx_word' id='word_1_790' title='bbox 3461 5071 3733 5126; x_wconf 64' lang='lat' dir='ltr'><strong>Ptianii-ia</strong></span> 
     </span>
    </p>
   </div>
   <div class='ocr_carea' id='block_1_109' title="bbox 2101 5160 3731 5241">
    <p class='ocr_par' dir='ltr' id='par_1_109' title="bbox 2101 5160 3731 5241">
     <span class='ocr_line' id='line_1_109' title="bbox 2101 5160 3731 5241; baseline -0.014 -7"><span class='ocrx_word' id='word_1_791' title='bbox 2101 5167 2106 5174; x_wconf 70' lang='grc'><em>’</em></span> <span class='ocrx_word' id='word_1_792' title='bbox 2139 5180 2446 5241; x_wconf 87' lang='lat' dir='ltr'><strong>adventum,</strong></span> <span class='ocrx_word' id='word_1_793' title='bbox 2480 5181 2598 5230; x_wconf 83' lang='lat' dir='ltr'><strong>tum</strong></span> <span class='ocrx_word' id='word_1_794' title='bbox 2628 5174 2869 5228; x_wconf 71' lang='lat' dir='ltr'><strong>ob‘tuam</strong></span> <span class='ocrx_word' id='word_1_795' title='bbox 2915 5168 3290 5225; x_wconf 88' lang='lat' dir='ltr'><strong>liberalitatem</strong></span> <span class='ocrx_word' id='word_1_796' title='bbox 3321 5179 3384 5219; x_wconf 85' lang='lat' dir='ltr'><strong>ac</strong></span> <span class='ocrx_word' id='word_1_797' title='bbox 3404 5160 3731 5218; x_wconf 77' lang='lat' dir='ltr'><strong>munificen-</strong></span> 
     </span>
    </p>
   </div>
   <div class='ocr_carea' id='block_1_110' title="bbox 2072 5256 3727 5343">
    <p class='ocr_par' dir='ltr' id='par_1_110' title="bbox 2072 5256 3727 5343">
     <span class='ocr_line' id='line_1_110' title="bbox 2072 5256 3727 5343; baseline -0.015 -12"><span class='ocrx_word' id='word_1_798' title='bbox 2072 5269 2076 5274; x_wconf 74' lang='grc'><em>’</em></span> <span class='ocrx_word' id='word_1_799' title='bbox 2140 5277 2312 5330; x_wconf 88' lang='lat' dir='ltr'><strong>tiam.‘</strong></span> <span class='ocrx_word' id='word_1_800' title='bbox 2339 5275 2511 5343; x_wconf 80' lang='lat' dir='ltr'><strong>Atque</strong></span> <span class='ocrx_word' id='word_1_801' title='bbox 2542 5265 2819 5338; x_wconf 70' lang='lat' dir='ltr'><strong>utriuSque</strong></span> <span class='ocrx_word' id='word_1_802' title='bbox 2847 5265 3003 5335; x_wconf 83' lang='lat' dir='ltr'><strong>hujus</strong></span> <span class='ocrx_word' id='word_1_803' title='bbox 3033 5263 3108 5316; x_wconf 89' lang='lat' dir='ltr'><strong>rei</strong></span> <span class='ocrx_word' id='word_1_804' title='bbox 3141 5259 3470 5315; x_wconf 80' lang='lat' dir='ltr'><strong>mercedem</strong></span> <span class='ocrx_word' id='word_1_805' title='bbox 3499 5256 3616 5339; x_wconf 76' lang='lat' dir='ltr'><strong>ipse</strong></span> <span class='ocrx_word' id='word_1_806' title='bbox 3647 5267 3727 5309; x_wconf 76' lang='lat' dir='ltr'><strong>ca-</strong></span> 
     </span>
    </p>
   </div>
   <div class='ocr_carea' id='block_1_111' title="bbox 2141 5343 3734 5440">
    <p class='ocr_par' dir='ltr' id='par_1_111' title="bbox 2141 5343 3734 5440">
     <span class='ocr_line' id='line_1_111' title="bbox 2141 5343 3734 5440; baseline -0.015 -17"><span class='ocrx_word' id='word_1_807' title='bbox 2141 5369 2254 5440; x_wconf 86' lang='lat' dir='ltr'><strong>pics</strong></span> <span class='ocrx_word' id='word_1_808' title='bbox 2286 5385 2301 5432; x_wconf 90' lang='lat'><strong>;</strong></span> <span class='ocrx_word' id='word_1_809' title='bbox 2335 5365 2500 5435; x_wconf 87' lang='lat' dir='ltr'><strong>utqui</strong></span> <span class='ocrx_word' id='word_1_810' title='bbox 2531 5377 2654 5431; x_wconf 83' lang='lat' dir='ltr'><strong>erga</strong></span> <span class='ocrx_word' id='word_1_811' title='bbox 2677 5373 2791 5424; x_wconf 90' lang='lat' dir='ltr'><strong>eos,</strong></span> <span class='ocrx_word' id='word_1_812' title='bbox 2815 5359 2904 5429; x_wconf 87' lang='lat' dir='ltr'><strong>qui</strong></span> <span class='ocrx_word' id='word_1_813' title='bbox 2937 5358 2989 5410; x_wconf 89' lang='lat' dir='ltr'><strong>in</strong></span> <span class='ocrx_word' id='word_1_814' title='bbox 3015 5353 3287 5410; x_wconf 64' lang='lat' dir='ltr'><strong>Phoenicia</strong></span> <span class='ocrx_word' id='word_1_815' title='bbox 3328 5343 3734 5423; x_wconf 69' lang='lat' dir='ltr'><strong>gcn&#39;tilesGht-i-</strong></span> 
     </span>
    </p>
   </div>
   <div class='ocr_carea' id='block_1_112' title="bbox 2140 5439 3730 5516">
    <p class='ocr_par' dir='ltr' id='par_1_112' title="bbox 2140 5439 3730 5516">
     <span class='ocr_line' id='line_1_112' title="bbox 2140 5439 3730 5516; baseline -0.016 0"><span class='ocrx_word' id='word_1_816' title='bbox 2140 5439 2326 5516; x_wconf 72' lang='lat' dir='ltr'><strong>stianaa</strong></span> <span class='ocrx_word' id='word_1_817' title='bbox 2355 5457 2474 5513; x_wconf 88' lang='lat' dir='ltr'><strong>fidei</strong></span> <span class='ocrx_word' id='word_1_818' title='bbox 2509 5453 2824 5510; x_wconf 89' lang='lat' dir='ltr'><strong>rudimentis</strong></span> <span class='ocrx_word' id='word_1_819' title='bbox 2853 5450 3114 5510; x_wconf 88' lang='lat' dir='ltr'><strong>imbuunt,</strong></span> <span class='ocrx_word' id='word_1_820' title='bbox 3141 5455 3344 5514; x_wconf 81' lang='lat' dir='ltr'><strong>atque</strong></span> <span class='ocrx_word' id='word_1_821' title='bbox 3386 5439 3730 5496; x_wconf 85' lang='lat' dir='ltr'><strong>ecclesiarum</strong></span> 
     </span>
    </p>
   </div>
   <div class='ocr_carea' id='block_1_113' title="bbox 2140 5527 3730 5616">
    <p class='ocr_par' dir='ltr' id='par_1_113' title="bbox 2140 5527 3730 5616">
     <span class='ocr_line' id='line_1_113' title="bbox 2140 5527 3730 5616; baseline -0.016 -9"><span class='ocrx_word' id='word_1_822' title='bbox 2140 5547 2526 5608; x_wconf 77' lang='lat' dir='ltr'><strong>construCtioni</strong></span> <span class='ocrx_word' id='word_1_823' title='bbox 2576 5543 2804 5616; x_wconf 83' lang='lat' dir='ltr'><strong>Operam</strong></span> <span class='ocrx_word' id='word_1_824' title='bbox 2859 5537 3194 5611; x_wconf 84' lang='lat' dir='ltr'><strong>impendunt,</strong></span> <span class='ocrx_word' id='word_1_825' title='bbox 3220 5527 3596 5590; x_wconf 65' lang='lat' dir='ltr'><strong>liberalitatis</strong></span> <span class='ocrx_word' id='word_1_826' title='bbox 3629 5537 3730 5584; x_wconf 69' lang='lat' dir='ltr'><strong>tuae</strong></span> 
     </span>
    </p>
   </div>
   <div class='ocr_carea' id='block_1_114' title="bbox 2141 5622 3731 5722">
    <p class='ocr_par' dir='ltr' id='par_1_114' title="bbox 2141 5622 3731 5722">
     <span class='ocr_line' id='line_1_114' title="bbox 2141 5622 3731 5722; baseline -0.017 -19"><span class='ocrx_word' id='word_1_827' title='bbox 2141 5647 2412 5717; x_wconf 87' lang='lat' dir='ltr'><strong>specimen</strong></span> <span class='ocrx_word' id='word_1_828' title='bbox 2435 5641 2690 5706; x_wconf 91' lang='lat' dir='ltr'><strong>edideris,</strong></span> <span class='ocrx_word' id='word_1_829' title='bbox 2720 5652 2784 5692; x_wconf 91' lang='lat' dir='ltr'><strong>ac</strong></span> <span class='ocrx_word' id='word_1_830' title='bbox 2812 5643 3073 5706; x_wconf 68' lang='lat' dir='ltr'><strong>praetcrea</strong></span> <span class='ocrx_word' id='word_1_831' title='bbox 3095 5625 3558 5702; x_wconf 63' lang='lat' dir='ltr'><strong>ejusmodi-virum</strong></span> <span class='ocrx_word' id='word_1_832' title='bbox 3586 5622 3731 5722; x_wconf 78' lang='lat' dir='ltr'><strong>exci-</strong></span> 
     </span>
    </p>
   </div>
   <div class='ocr_carea' id='block_1_115' title="bbox 2143 5722 3729 5803">
    <p class='ocr_par' dir='ltr' id='par_1_115' title="bbox 2143 5722 3729 5803">
     <span class='ocr_line' id='line_1_115' title="bbox 2143 5722 3729 5803; baseline -0.018 -11"><span class='ocrx_word' id='word_1_833' title='bbox 2143 5736 2272 5793; x_wconf 85' lang='lat' dir='ltr'><strong>taris</strong></span> <span class='ocrx_word' id='word_1_834' title='bbox 2293 5735 2360 5789; x_wconf 90' lang='lat' dir='ltr'><strong>ad</strong></span> <span class='ocrx_word' id='word_1_835' title='bbox 2385 5747 2583 5803; x_wconf 89' lang='lat' dir='ltr'><strong>eosque</strong></span> <span class='ocrx_word' id='word_1_836' title='bbox 2603 5724 2959 5785; x_wconf 89' lang='lat' dir='ltr'><strong>consolandos</strong></span> <span class='ocrx_word' id='word_1_837' title='bbox 2987 5722 3234 5778; x_wconf 89' lang='lat' dir='ltr'><strong>miseris:</strong></span> <span class='ocrx_word' id='word_1_838' title='bbox 3264 5732 3405 5774; x_wconf 89' lang='lat' dir='ltr'><strong>nunc</strong></span> <span class='ocrx_word' id='word_1_839' title='bbox 3437 5722 3729 5787; x_wconf 71' lang='lat' dir='ltr'><strong>prmsertnn</strong></span> 
     </span>
    </p>
   </div>
   <div class='ocr_carea' id='block_1_116' title="bbox 2143 5802 3727 5884">
    <p class='ocr_par' dir='ltr' id='par_1_116' title="bbox 2143 5802 3727 5884">
     <span class='ocr_line' id='line_1_116' title="bbox 2143 5802 3727 5884; baseline -0.015 0"><span class='ocrx_word' id='word_1_840' title='bbox 2143 5841 2263 5884; x_wconf 86' lang='lat' dir='ltr'><strong>cum</strong></span> <span class='ocrx_word' id='word_1_841' title='bbox 2311 5827 2363 5881; x_wconf 90' lang='lat' dir='ltr'><strong>in</strong></span> <span class='ocrx_word' id='word_1_842' title='bbox 2393 5802 2533 5881; x_wconf 83' lang='lat' dir='ltr'><strong>tanta</strong></span> <span class='ocrx_word' id='word_1_843' title='bbox 2565 5820 2879 5878; x_wconf 85' lang='lat' dir='ltr'><strong>difﬁcultate</strong></span> <span class='ocrx_word' id='word_1_844' title='bbox 2925 5823 3232 5884; x_wconf 87' lang='lat' dir='ltr'><strong>versantur,</strong></span> <span class='ocrx_word' id='word_1_845' title='bbox 3261 5820 3420 5882; x_wconf 84' lang='lat' dir='ltr'><strong>atque</strong></span> <span class='ocrx_word' id='word_1_846' title='bbox 3473 5824 3501 5863; x_wconf 86' lang='lat' dir='ltr'><strong>a</strong></span> <span class='ocrx_word' id='word_1_847' title='bbox 3555 5802 3727 5863; x_wconf 76' lang='lat' dir='ltr'><strong>multis</strong></span> 
     </span>
    </p>
   </div>
  </div>
