3906 6374
245 347 342 404 657

244 464 631 531 oppugnantur.
677 450 1040 524 Quamobrem
1082 447 1416 505 considerata
1454 444 1694 516 prmclari
1727 443 1827 498 hu-

241 554 389 624 jusce
416 548 606 618 negotii
637 546 1017 620 magnitudine,
1059 559 1126 600 ne
1149 559 1270 600 eum
1294 541 1377 596 vel
1410 537 1673 595 tantillum
1701 552 1834 592 cun-

247 647 376 701 ctari
421 653 620 715 patere,
654 656 838 696 verum
889 640 991 694 hoc
1033 637 1210 704 efﬁce,
1241 644 1299 690 ut
1345 633 1487 688 nulla
1519 629 1831 700 interposita

249 751 394 791 mora
445 735 543 790 hoc
588 734 690 788 iter
717 730 970 798 suscipiat
1001 747 1013 783 :
1047 728 1124 782 sic
1151 726 1293 781 enim
1345 724 1460 790 tibi,
1492 722 1706 777 domine
1762 721 1833 775 uti

249 839 585 895 summopere
607 821 939 887 admirande,
965 835 1060 890 per
1085 816 1352 888 egregiam
1380 813 1684 884 hujusmodi
1708 826 1838 882 ope-

250 934 384 984 ram,
432 917 666 988 amplam
697 913 836 986 apud
877 913 1164 983 benignum
1219 910 1385 964 Deum
1413 905 1719 964 mercedem
1746 921 1835 962 re-

247 1011 465 1069 condes.

337 1146 472 1208 LM.
499 1149 716 1205 Adolite.
746 1146 981 1220 (Cucuso
1006 1159 1168 1212 anno,
1197 1154 1254 1200 ut
1283 1152 1517 1216 putatur,
1547 1141 1702 1214 404.)

316 1286 468 1354 Quod
493 1287 543 1340 itt
565 1283 809 1341 morbum
837 1281 1106 1347 incideris,
1131 1280 1435 1346 didicimus,
1454 1285 1508 1333 et
1536 1276 1836 1349 quidemita

249 1395 458 1451 gravem
473 1387 526 1432 et
549 1376 800 1432 acerbum
819 1375 950 1429 utad
968 1374 1108 1444 ipsas
1125 1387 1334 1444 quoque
1351 1371 1535 1427 mortis
1555 1378 1739 1440 portas
1750 1382 1838 1423 ac-

249 1470 491 1535 cesseris;
512 1471 710 1524 scimus
731 1468 889 1524 etiam
910 1475 960 1520 te
983 1481 1014 1522 e
1040 1465 1226 1519 morbo
1241 1462 1594 1527 convaluisse,
1613 1475 1676 1516 ac
1694 1459 1837 1531 peri-

248 1564 364 1618 culo
375 1563 484 1631 jam
504 1561 780 1616 liberatam
797 1559 862 1613 ad
884 1559 1163 1614 sanitatem
1183 1555 1447 1628 progredi.
1470 1555 1540 1610 At
1563 1570 1630 1609 ex
1648 1553 1754 1608 tuis
1775 1551 1840 1606 li—

253 1655 377 1709 teris
403 1653 537 1707 nihil
567 1652 757 1706 horum
799 1649 1068 1714 intellexi;
1094 1648 1322 1718 ideoque
1341 1645 1629 1702 admodum
1657 1642 1838 1710 dolui;

253 1762 430 1802 verum
449 1743 688 1812 aliunde,
705 1752 864 1814 atque
892 1742 959 1798 ab
984 1741 1122 1796 aliis.
1145 1739 1412 1796 Cancrum
1436 1737 1564 1793 illud
1595 1737 1747 1792 nobis
1772 1737 1840 1792 ad

252 1838 669 1894 consolationem
698 1834 911 1891 abunde
939 1841 1052 1900 est,
1071 1833 1214 1902 quod
1245 1847 1278 1886 e
1300 1830 1488 1886 morbo
1532 1828 1837 1884 enterseris.

253 1931 360 1986 Etsi
399 1938 580 1985 autem
612 1927 665 1983 id
712 1927 867 1983 nobis
910 1924 1172 1989 sufﬁciat,
1201 1939 1308 1979 non
1343 1933 1623 1994 prepterea
1663 1929 1842 1976 tamen

252 2022 460 2091 longum
495 2021 599 2076 hoc
640 2028 788 2073 tuum
833 2017 1102 2072 silentiunt
1134 2014 1344 2085 placido
1372 2014 1552 2068 animo
1598 2011 1838 2068 ferimus.

253 2113 526 2168 Vellemus
555 2111 720 2178 enim,
749 2119 805 2164 ιιι
835 2110 944 2180 ipsa
975 2123 1188 2180 quoque
1214 2106 1373 2172 nosti,
1404 2116 1457 2161 te
1485 2106 1588 2160 huc
1617 2105 1842 2160 venien-

255 2212 355 2259 tem
385 2215 632 2259 cernere.
676 2202 752 2257 Ac
780 2215 940 2266 sane,
971 2199 1072 2255 nisi
1103 2198 1321 2254 morbus
1366 2197 1683 2262 accidisset,
1713 2194 1846 2250 nihil

255 2305 364 2352 erat
400 2295 548 2365 quod
590 2293 892 2364 impediret.
945 2292 1076 2348 Nam
1123 2300 1177 2346 et
1206 2291 1364 2361 hujus
1410 2289 1644 2360 regionis
1673 2288 1847 2344 hiems

254 2389 602 2445 arumnissimi
628 2388 771 2444 veris
797 2385 1030 2456 speciem
1073 2385 1336 2440 hactenus
1371 2383 1629 2448 imitatur,
1660 2389 1713 2436 et
1745 2382 1848 2436 Ar-

256 2482 424 2538 menia
450 2480 652 2537 lsauris
676 2479 894 2534 liberata
922 2484 1022 2533 est.
1042 2476 1313 2541 Attamen,
1339 2483 1395 2529 ut
1413 2473 1518 2529 huc
1541 2473 1745 2538 venias,
1769 2473 1850 2527 in-

256 2574 412 2627 vitant
444 2587 510 2627 ac
533 2578 918 2640 repugnantem
942 2567 1168 2625 minime
1201 2564 1459 2636 cogimus.
1495 2563 1648 2632 Quod
1669 2573 1849 2618 autem

259 2682 352 2722 nec
380 2667 687 2721 Isaurorum
713 2671 889 2718 metus
929 2676 1031 2717 nec
1059 2660 1252 2719 hiemis
1272 2657 1596 2723 acrimonia,
1627 2670 1728 2711 nec
1775 2655 1854 2710 iti-

260 2759 396 2813 neris
427 2771 698 2823 aerumna,
730 2769 832 2810 nec
861 2753 1002 2808 aliud
1026 2752 1313 2823 quidquam
1341 2749 1592 2820 impedit,
1622 2747 1725 2803 hoc
1753 2763 1850 2819 pe-

261 2850 412 2904 timus
435 2891 451 2917 ,
480 2847 738 2902 nimirum
786 2853 844 2900 ut
883 2853 1021 2911 ate,
1050 2843 1202 2913 cujus
1251 2840 1448 2896 ardens
1493 2855 1618 2910 erga
1648 2853 1748 2896 nos
1788 2853 1854 2894 ac

261 2940 460 2995 sincera
488 2935 870 2994 benevolentia
899 2941 1020 3001 est,
1049 2932 1244 2988 crebro
1278 2931 1463 2986 literas
1503 2929 1850 2999 accipiamus.

261 3031 386 3086 Nam
410 3031 455 3085 si
482 3044 581 3084 eas
605 3072 620 3096 ,
648 3027 716 3084 de
745 3035 834 3082 tua
859 3024 1159 3080 valetudine
1185 3023 1458 3092 animique
1481 3023 1555 3077 tui
1586 3021 1854 3077 hilaritate

261 3139 357 3180 nos
383 3125 648 3179 certiores
691 3120 980 3183 facientes,
1010 3132 1155 3186 saepe
1197 3115 1564 3179 obtineamus,
1598 3130 1705 3168 non
1736 3129 1853 3168 me-

261 3216 491 3273 diocrem
528 3214 655 3269 hinc
676 3227 890 3283 quoque
934 3208 1355 3265 consolationem
1385 3206 1677 3276 capiemus.
1720 3204 1855 3260 Cum

264 3310 439 3380 igitur,
467 3317 675 3378 quanto
697 3321 796 3362 nos
824 3303 1084 3360 beneﬁcio
1106 3300 1360 3356 aﬁ‘ectura
1390 3299 1486 3366 sis,
1518 3298 1860 3353 animadver-

267 3411 375 3468 tas,
403 3400 452 3455 id
485 3400 669 3454 facere
711 3413 779 3451 ne
822 3393 1084 3465 graveris.
1132 3392 1249 3447 Scis
1273 3391 1415 3446 enim
1438 3405 1596 3460 quam
1631 3398 1683 3445 te
1706 3403 1859 3444 com-

266 3496 580 3565 plectamur,
603 3499 961 3563 quantamque
979 3503 1195 3559 semper
1217 3501 1341 3558 erga
1370 3492 1423 3540 tc
1447 3485 1723 3541 caritatem
1747 3497 1860 3555 prce

268 3587 417 3643 nobis
446 3579 756 3643 tulerimus.

373 3717 486 3776 LII
493 3719 548 3774 1.
583 3716 805 3773 Nicolao
832 3714 1137 3789 presbytero.
1171 3711 1404 3786 (Cucuso
1428 3724 1570 3766 anno
1595 3707 1748 3780 405).

340 3855 664 3928 Magnopere
713 3867 813 3908 nos
852 3850 1069 3907 erexisti
1093 3890 1108 3916 ,
1151 3857 1311 3919 atque
1351 3845 1555 3917 ingenti
1594 3844 1869 3913 voluptate

277 3949 549 4019 perfudisti
577 3991 592 4015 ,
639 3962 760 4002 cum
809 3943 936 4000 illud
990 3940 1332 4014 signiﬁcasti,
1378 3952 1722 4010 permagnam
1773 3937 1869 3993 tibi

277 4043 563 4099 ΡΙιιθιιίοἱιε
611 4056 796 4096 curant
853 4053 1007 4102 esse,
1051 4045 1208 4106 teque
1236 4043 1386 4089 tanto
1420 4033 1544 4088 licet
1582 4031 1867 4086 intervallo

275 4135 542 4200 dissitum,
577 4147 672 4188 cos
700 4131 791 4203 qui
822 4131 931 4186 illic
976 4127 1178 4198 degunt
1209 4140 1303 4196 per
1347 4124 1528 4179 literas
1557 4122 1624 4177 ad
1657 4121 1874 4192 pietatis

276 4227 508 4282 studium
540 4237 736 4279 acuere
773 4229 932 4291 atque
961 4216 1164 4273 hortari
1189 4234 1204 4270 :
1237 4231 1340 4287 qua
1369 4217 1422 4270 in
1461 4231 1521 4271 re
1546 4215 1719 4270 zelum
1743 4227 1875 4284 apo-

280 4323 522 4377 stolicum
555 4327 802 4390 prmstas.
835 4317 1015 4385 anue
1043 4329 1205 4369 causa
1248 4321 1301 4368 te
1341 4311 1596 4366 admirari
1641 4324 1706 4365 ac
1750 4309 1877 4364 bea-

281 4423 388 4468 tum
417 4412 715 4483 prmdicare
757 4407 978 4464 minime
1027 4405 1464 4469 iutermittimus,
1489 4401 1632 4473 quod
1671 4409 1729 4457 et
1756 4415 1875 4455 mo-

282 4505 481 4559 nachos
520 4511 678 4558 antea
723 4499 945 4563 misiSti,
977 4506 1033 4553 et
1058 4511 1200 4551 nunc
1223 4535 1240 4562 ,
1273 4495 1326 4550 in
1369 4505 1510 4550 tanta
1543 4492 1877 4564 negotiorum

282 4595 631 4661 difﬁcultate,
657 4608 765 4648 non
807 4589 967 4646 modo
1006 4603 1099 4645 eos
1130 4603 1238 4642 non
1259 4585 1524 4642 abduxisti
1545 4625 1561 4652 ,
1591 4584 1685 4640 sed
1716 4583 1879 4638 etiam

285 4701 502 4742 manere
527 4683 788 4754 coegisti,
819 4681 1006 4752 optimi
1044 4678 1292 4734 videlicet
1319 4675 1695 4748 gubernatoris
1719 4683 1880 4745 atque

284 4779 482 4849 egregii
508 4776 704 4833 medici
735 4789 956 4829 munere
976 4771 1317 4844 perfungens.
1347 4768 1418 4825 Ut
1440 4768 1583 4824 enim
1612 4766 1700 4822 ille
1719 4807 1734 4834 ,
1758 4781 1881 4822 cum

288 4872 482 4926 ﬁuctus
513 4869 738 4926 excitari
766 4867 942 4933 videt,
987 4874 1098 4919 tum
1147 4864 1267 4933 plus
1295 4861 1453 4916 studii
1483 4873 1546 4915 ac
1592 4858 1883 4929 diligentia:

287 4966 524 5031 adhibet,
577 4973 737 5034 atque
777 4960 867 5015 hic
915 4959 1078 5021 item,
1117 4972 1239 5012 cum
1287 4955 1474 5011 febrim
1523 4953 1576 5008 in
1624 4951 1884 5022 majorem

290 5056 561 5112 ﬂammam
587 5054 854 5110 exarsisse
879 5050 1176 5121 perspicit,
1198 5057 1310 5104 tum
1353 5045 1543 5116 majori
1583 5053 1700 5099 arte
1725 5052 1886 5114 atque

290 5147 548 5203 industria
582 5147 744 5201 utitur
775 5162 790 5198 :
815 5143 882 5198 ad
903 5141 1149 5198 eumdem
1179 5139 1395 5195 modum
1423 5147 1480 5192 tu
1507 5152 1754 5207 quoque,
1785 5151 1888 5190 no-

294 5239 556 5294 bilissime
597 5253 660 5293 ac
697 5232 1097 5306 religiosissime
1143 5231 1392 5293 domine,
1423 5244 1536 5284 rem
1571 5229 1768 5282 virtute
1798 5236 1887 5282 tua

292 5331 506 5403 dignam
537 5331 730 5396 fecisti,
759 5328 901 5400 quod
929 5342 1050 5382 cum
1079 5339 1250 5396 :cgras
1275 5339 1363 5379 res
1389 5337 1510 5379 esse
1535 5338 1597 5377 ac
1626 5322 1890 5379 seditione

296 5423 544 5478 laborare
571 5421 902 5493 conspexisti
929 5463 944 5486 ,
975 5429 1088 5472 tttm
1119 5417 1454 5488 potissimum
1482 5431 1700 5486 cperant
1732 5414 1888 5471 dedi-

297 5517 384 5579 sti,
405 5523 553 5568 utne
583 5515 639 5581 ii,
659 5515 747 5585 qui
771 5513 880 5568 illic
905 5511 1124 5580 degunt,
1149 5510 1317 5564 aciem
1345 5507 1678 5574 desererent,
1700 5523 1889 5562 verum

304 5620 687 5674 remanerent,
719 5623 783 5663 ac
829 5616 1007 5678 partes
1037 5618 1162 5659 suas
1203 5602 1500 5671 explerent.
1527 5601 1888 5668 Quamobrem

303 5700 404 5754 tuis
444 5700 559 5770 ipse
598 5699 830 5770 vestigiis
878 5697 1122 5763 haerens,
1164 5692 1672 5750 reverendissimum
1720 5693 1892 5748 domi-

305 5807 439 5848 num.
461 5809 640 5849 meum
667 5791 980 5850 Gerontium
1018 5788 1412 5862 presbyterum,
1443 5786 1487 5842 si
1529 5785 1882 5860 convaluerit,

1690 327 2044 386 EPISTOLE
2059 374 2068 383 ,

3425 335 3536 398 633

1940 449 2100 512 atque
2147 439 2213 496 ad
2268 450 2526 513 tntegram
2581 444 2864 502 sanitatem
2902 448 3168 518 redierit,
3205 454 3540 526 confesttnr,

1939 546 2138 601 quaeso,
2175 548 2322 603 urge,
2353 543 2410 588 ιιι
2433 535 2533 590 iter
2559 535 2686 590 illud
2711 537 2870 593 ineat.
2901 539 3234 612 Quamquam
3264 546 3407 600 enim
3430 563 3528 605 nos

1940 638 2152 694 quoque
2182 640 2304 679 eum
2334 627 2438 679 huc
2467 627 2650 689 venire
2694 643 2758 683 ac
2783 629 2963 685 videre
2999 633 3244 702 cupimus
3269 654 3282 692 :
3319 646 3494 693 tamen
3517 679 3533 704 ,

1940 717 2191 785 quoniam
2240 716 2476 787 regionis
2507 717 2648 773 illius
2684 721 2895 789 negotia
2946 723 3313 795 celeritatem,
3342 728 3534 799 ingen-

1939 815 2161 877 temque
2192 808 2516 877 vigilantiam
2572 810 2926 880 desiderant,
2975 829 3042 869 ne
3083 815 3137 870 in
3182 817 3267 872 via
3317 818 3535 891 longum

1942 903 2152 968 tempus
2183 907 2414 966 teratur,
2449 900 2727 972 hiemsque
2757 903 3123 961 interveniens
3167 908 3268 964 iter
3312 910 3534 980 ipsiin-

1944 992 2226 1058 tcrcludat,
2258 994 2354 1048 abs
2381 1004 2431 1049 te
2460 994 2807 1051 vehementer
2832 998 3065 1068 petimus
3088 1041 3106 1067 ,
3135 1010 3187 1055 ut
3225 1010 3280 1056 et
3309 1017 3464 1071 eum,
3488 1006 3538 1062 si

1941 1097 2006 1138 ex
2036 1084 2225 1139 morbo
2251 1091 2526 1139 recreatus
2550 1085 2640 1153 sit,
2669 1085 2737 1141 ad
2762 1087 3161 1158 suscipiendum
3187 1092 3290 1148 iter
3317 1110 3536 1166 urgeas.

1943 1173 2182 1249 illudque
2205 1194 2382 1247 cures,
2414 1189 2470 1235 ut
2497 1181 2578 1236 vir
2606 1181 2954 1239 suavissimus
2983 1199 3045 1240 ac
3071 1186 3205 1242 mihi
3228 1191 3540 1248 carissimus

1941 1271 2174 1328 Joannes
2202 1274 2480 1346 presbyter
2517 1275 2722 1332 itineris
2747 1277 3000 1334 comitem
3025 1295 3085 1336 se
3130 1281 3232 1351 ipsi
3255 1282 3556 1355 adjungat-

1944 1363 2061 1420 Scis
2103 1364 2245 1420 enim
2292 1367 2527 1438 regionis
2571 1368 2713 1424 illius
2760 1370 2972 1441 negotia
3017 1387 3159 1428 nunc
3203 1389 3268 1430 eo
3294 1375 3547 1446 pluribus-

1943 1455 2339 1512 correctoribus
2385 1459 2642 1530 indigere,
2662 1474 2770 1532 quo
2799 1461 3008 1534 longius
3035 1476 3352 1536 serpserunt
3376 1469 3538 1523 mala.

1946 1545 2072 1604 Haec
2096 1549 2256 1620 igitur
2284 1564 2405 1605 cum
2428 1553 2609 1607 animo
2633 1562 2724 1608 tuo
2751 1563 3026 1625 reputans,
3050 1572 3113 1612 ac
3139 1561 3322 1629 quanti
3344 1561 3541 1617 animae

1944 1640 2090 1696 salus
2136 1643 2393 1696 momenti
2420 1643 2521 1707 sit,
2551 1646 2915 1714 perspiciens,
2953 1657 3286 1722 quantasque
3322 1667 3409 1710 res
3430 1653 3547 1724 jam

1945 1732 2172 1788 antehac
2202 1733 2378 1789 studio
2406 1743 2496 1790 tuo
2530 1750 2594 1792 ac
2618 1737 2895 1808 diligentia
2934 1740 3011 1796 sis
3037 1753 3419 1814 consequutus,
3449 1761 3548 1800 ve-

1948 1823 2039 1878 lim
2070 1835 2176 1879 tam
2207 1841 2302 1896 per
2331 1835 2382 1882 te
2417 1829 2529 1898 ipse
2555 1845 2712 1900 quam
2743 1832 2990 1901 aliorum,
3012 1849 3149 1905 quos
3179 1836 3421 1893 nancisci
3445 1854 3549 1909 po-

1949 1917 2117 1971 tueris
2139 1957 2155 1984 ,
2178 1932 2341 1988 opera
2368 1928 2528 1990 atque
2549 1921 2808 1978 industria
2843 1938 3000 1980 cures
3017 1967 3033 1992 ,
3071 1935 3130 1981 ut
3159 1943 3277 1998 quae
3305 1938 3547 1986 correcta

1948 2015 2004 2062 et
2022 2017 2211 2064 sanata
2249 2017 2410 2078 sunt,
2439 2011 2594 2066 ﬁrma
2639 2023 2930 2082 maneant,
2957 2026 3116 2088 atque
3163 2019 3324 2074 etiam
3377 2022 3557 2077 multo

1950 2103 2158 2172 majore
2185 2104 2494 2161 accessione
2538 2109 2896 2165 cumulentur.
2926 2109 3007 2165 Tu
3046 2121 3193 2168 certe
3220 2113 3392 2169 nihilo
3443 2114 3549 2168 mi-

1951 2210 2160 2261 norem,
2188 2211 2346 2267 quatn
2376 2197 2444 2264 ii,
2469 2199 2559 2269 qui
2587 2199 2692 2255 huc
2722 2211 3002 2268 venerunt,
3029 2204 3361 2275 voluptatem
3391 2205 3552 2261 nobis

1951 2287 2174 2341 attulisti
2208 2305 2219 2340 :
2253 2288 2516 2359 siquidem
2560 2289 2743 2346 animo
2786 2307 2852 2347 ac
2892 2294 3167 2351 voluntate
3204 2296 3398 2353 venisti
3427 2304 3552 2350 :at-

1953 2392 2058 2448 que
2079 2377 2316 2433 caritatis
2345 2380 2517 2435 oculis
2535 2421 2551 2446 ,
2581 2395 2807 2452 corpore
2832 2381 2962 2440 licet
3001 2385 3300 2454 absentem,
3338 2397 3390 2443 te
3417 2401 3556 2459 quo-

1955 2469 2085 2524 tidie
2151 2467 2461 2536 cernimus,
2512 2471 2800 2542 animoque
2849 2475 3051 2546 passim
3102 2477 3555 2540 circumfcrituus.

1955 2557 2208 2615 Fortasse
2227 2575 2439 2631 quoque
2455 2561 2613 2618 nobis
2650 2572 2840 2618 mutuo
2861 2575 3152 2636 conspectu
3181 2568 3282 2625 frui
3310 2569 3554 2640 dabitur;

1955 2667 2078 2709 cum
2103 2663 2316 2724 tempus
2345 2655 2397 2710 id
2430 2657 2724 2726 permittet.
2747 2655 2902 2725 Nam,
2927 2668 2986 2716 ut
3009 2677 3150 2717 nunc
3171 2679 3258 2720 res
3284 2673 3429 2729 sunt,
3455 2669 3560 2723 etsi

1955 2745 2156 2816 alioqui
2202 2747 2275 2802 tui
2315 2746 2531 2804 videndi
2570 2757 2731 2820 atque
2773 2752 3134 2822 amplectendi
3179 2771 3370 2828 magna
3410 2762 3564 2830 cupi—

1957 2836 2123 2892 ditate
2155 2846 2430 2906 tenemur,
2461 2849 2513 2895 te
2543 2848 2726 2896 tamen
2770 2842 2890 2898 istic
2933 2859 3172 2901 manere.
3191 2851 3559 2906 necessarium

1957 2945 2078 2986 esse
2118 2929 2381 2986 ducimus.
2412 2930 2522 2988 Nec
2559 2933 2703 2988 enim
2750 2933 3078 3004 dubitamus,
3104 2939 3232 3009 quin
3279 2949 3335 2996 tu
3375 2945 3559 3001 omnia

1960 3023 2198 3080 facturus
2238 3035 2629 3097 curaturusque
2650 3027 2723 3082 sis
2746 3067 2761 3094 ,
2785 3043 2891 3099 quo
2917 3031 3161 3086 strenuis
3182 3033 3310 3088 viris
3335 3032 3563 3091 Phaeni-

1961 3119 2097 3174 ciam
2129 3118 2372 3188 impleas,
2396 3127 2558 3189 atque
2579 3135 2693 3187 eos,
2726 3120 2817 3191 qui
2845 3121 2957 3177 illic
2973 3130 3376 3188 remanserunt,
3393 3128 3583 3199 magis»

1963 3225 2026 3267 ac
2055 3212 2224 3281 magis
2253 3210 2439 3267 fulcias
2468 3221 2522 3268 et
2547 3212 2890 3283 corrobores,
2921 3222 2979 3270 ut
3007 3229 3077 3272 ne
3097 3215 3302 3273 relictis
3325 3219 3581 3290 regionis.

1965 3304 2110 3360 illius
2139 3303 2368 3374 negotiis
2395 3303 2586 3375 pedem
2624 3303 2862 3361 referant
2884 3314 2987 3374 ,.et
3028 3321 3160 3375 eos,
3183 3308 3275 3380 qui
3303 3309 3571 3366 viciniae

1967 3397 2247 3468 propinqui
2287 3403 2444 3462 sunt,
2467 3396 2720 3467 exquiras
2749 3438 2764 3464 ,
2795 3407 2956 3470 atque
2983 3414 3106 3454 cum
3149 3399 3352 3472 ingenti
3396 3401 3565 3458 animi

1967 3486 2243 3542 alacritate
2281 3501 2346 3541 ac
2373 3486 2552 3541 studio
2585 3488 2832 3552 emittas,
2855 3489 3168 3560 cunctisque
3213 3499 3319 3546 tam
3348 3493 3572 3563 propin-

1969 3577 2089 3647 quis
2132 3593 2293 3648 quam
2339 3578 2562 3633 remotis
2606 3578 2997 3648 amplissimam
3020 3580 3305 3638 utilitatem
3334 3582 3569 3650 aﬂ‘eras,

1969 3677 2132 3738 atque
2156 3678 2550 3737 unguentorum
2579 3676 2827 3723 naturam
2849 3668 3234 3742 intiteris,quze
3265 3686 3374 3728 non
3404 3673 3570 3728 modo

1972 3758 2152 3812 locum
2178 3772 2324 3825 eum,
2341 3772 2448 3828 quo
2476 3758 2835 3828 excipiuntur,
2854 3759 2949 3814 sed
2973 3760 3132 3815 etiam
3162 3761 3372 3833 longius
3403 3779 3585 3821 remo-1

1975 3857 2088 3903 tum
2116 3862 2296 3903 aerem
2325 3861 2517 3918 magna
2542 3848 2804 3905 suavitate
2833 3849 3181 3920 perfundunt.

2079 3980 2232 4039 LIV.
2265 3982 2505 4038 Gerontio
2550 3983 2858 4056 presbytero.
2889 3983 3123 4059 (Cucuso
3151 4000 3296 4044 anno
3322 3988 3479 4061 405.)

2052 4120 2123 4176 Et
2161 4120 2274 4191 jam
2301 4118 2368 4175 ad
2400 4120 2651 4191 pietatem
2694 4128 2838 4176 tuam
2869 4121 3052 4179 literas
3076 4120 3238 4191 dedi,
3267 4125 3585 4183 existimans

1980 4219 2035 4268 te
2067 4213 2119 4267 itt
2147 4211 2423 4268 Pltmnicia
2443 4227 2564 4268 esse
2591 4220 2680 4268 :et
2699 4229 2842 4270 nunc
2863 4215 2992 4270 item
3021 4214 3231 4283 eadem,
3263 4233 3384 4289 quae
3410 4219 3582 4289 prius,

1982 4307 2161 4362 scribo
2185 4347 2200 4372 ,
2235 4321 2428 4378 nempe
2451 4307 2605 4363 vobis
2629 4322 2773 4364 nunc
2801 4309 3034 4365 maxime
3061 4309 3274 4381 quidvis
3315 4313 3595 4384 agendum

1982 4414 2046 4454 ac
2073 4397 2451 4468 perferendum
2484 4413 2624 4466 esse,
2656 4408 2714 4454 ut
2739 4415 2808 4455 ne
2837 4411 3075 4472 segetem
3093 4411 3329 4458 vestram
3361 4418 3596 4458 vacuam.

1983 4499 2040 4547 et
2065 4491 2279 4546 inanem
2305 4489 2567 4546 deseratis
2588 4531 2604 4557 ,
2637 4506 2737 4547 nec
2765 4492 3058 4563 quidquam
3089 4507 3276 4549 eorum
3298 4534 3313 4558 ,
3345 4509 3466 4564 quae
3501 4510 3597 4550 re—

1987 4593 2074 4638 cte
2099 4591 2150 4637 et
2181 4597 2305 4638 cum
2331 4581 2490 4638 laude
2525 4591 2676 4652 gesta
2701 4591 2847 4646 sunt,
2867 4582 3180 4638 labefactari
3215 4591 3377 4653 atque
3419 4584 3590 4639 inter-

1986 4676 2066 4731 ire
2101 4675 2308 4731 sinatis.
2354 4675 2490 4729 Nam
2530 4683 2588 4730 et
2628 4683 2903 4744 pastores,
2931 4687 3056 4728 cum
3102 4673 3374 4744 ingentem
3406 4673 3586 4731 labent

1987 4769 2053 4824 ad
2082 4783 2213 4824 oves
2235 4767 2475 4839 undique
2519 4775 2855 4838 grassantem
2882 4768 3301 4837 conspexerint,
3336 4775 3464 4823 tunc
3495 4783 3591 4839 po-

1989 4860 2256 4916 tissimum
2279 4861 2604 4926 excitantur,
2636 4874 2699 4914 ac
2727 4858 2968 4929 vigilant,
2997 4858 3324 4931 fundamque
3349 4871 3591 4926 sumunt,

1990 4954 2307 5025 caeterisque
2348 4955 2554 5009 artibus
2581 4962 2823 5020 utuntur,
2853 4968 2962 5024 quo
3003 4951 3402 5008 incommodum
3431 4967 3595 5008 omne

1992 5061 2024 5102 a
2049 5062 2213 5119 grege
2258 5047 2589 5117 propulsent.
2627 5045 2696 5098 Et
2729 5043 2945 5114 quidem
2975 5059 3099 5099 cum
3123 5043 3289 5100 Iacob
3331 5043 3593 5115 pecudum

1991 5141 2217 5197 rationis
2263 5139 2564 5210 expertium
2609 5152 2794 5193 curam
2841 5152 3066 5207 gerens,
3121 5145 3263 5192 totos
3303 5136 3493 5192 decem
3537 5147 3594 5190 et

1993 5243 2224 5305 quatuor
2248 5246 2424 5286 annos
2455 5231 2597 5286 servi
2646 5245 2841 5285 munus
2888 5229 3086 5285 obierit
3104 5269 3119 5295 ,
3147 5242 3390 5298 aestuque
3409 5241 3474 5282 ac
3501 5225 3597 5282 fri-

1995 5339 2125 5396 gore
2145 5333 2200 5379 et
2227 5322 2430 5392 vigiliis.
2452 5320 2653 5375 multis.
2673 5320 3032 5387 conﬂictatus,
3066 5318 3417 5389 vilissimique
3449 5330 3596 5373 nter-

1996 5416 2196 5471 cenarii
2227 5414 2406 5470 officio
2429 5413 2774 5478 functussit,
2805 5411 3080 5482 perpendo
3107 5410 3312 5476 animo,
3339 5408 3596 5480 quidnam

1996 5507 2056 5576 ii,
2085 5522 2312 5578 quorum
2338 5505 2459 5561 ﬁdei
2484 5520 2614 5560 oves
2635 5504 2851 5560 ratione
2865 5503 3104 5573 praeditas
3120 5501 3423 5557 commissae
3445 5508 3594 5568 sunt,

1998 5614 2159 5671 agere
2204 5613 2266 5653 ac
2308 5597 2516 5669 perpeti
2559 5595 2821 5664 debeant,
2864 5610 2933 5650 ne
2973 5611 3073 5664 qua
3100 5609 3170 5650 ex
3207 5592 3338 5665 ipsis
3388 5603 3595 5663 pereat.

1999 5695 2260 5761 Quocirca
2295 5703 2347 5748 te
2370 5692 2615 5756 obsecro,
2642 5699 2700 5745 ut
2722 5705 2834 5760 quo.
2875 5687 3045 5757 major
3067 5695 3155 5742 est.
3190 5695 3480 5757 tempestas
3500 5725 3516 5750 ,
3546 5696 3602 5740 et

2007 5789 2165 5856 plura
2228 5788 2394 5855 ntala,
2444 5794 2499 5843 et
2546 5784 2747 5856 majora
2816 5780 3196 5855 impedimenta
3253 5779 3602 5852 objiciuntur,
