3906 6384
381 384 481 443 ω
1099 373 1155 429 S.
1195 369 1480 429 JOANNIS
1509 362 2006 425 CHRYSOSTOMI
2043 363 2366 426 ARCHIEP.
2418 365 2972 424 CONSTANTINUP.

383 495 546 568 σιγῆς
579 494 768 550 ῑνεκεν
802 493 900 565 τῆς
934 488 1153 561 μακράς
1179 485 1241 539 οὑ
1273 483 1596 555 παυσόμεθα
1625 479 1964 551 αἰτιώμενοι,

380 609 467 665 διὰ
490 609 553 663 τὸ
577 607 786 678 σφόδρα
824 602 1110 672 ἐπιθυμεῖν
1144 596 1384 669 συνεχῶς
1417 594 1709 671 μανθάνειν
1738 593 1808 648 τά
1841 592 1971 662 περὶ

381 721 482 794 τῆς
509 719 730 793 ῥώσεως
763 718 863 789 τῆς
889 716 986 787 σῆς
1011 715 1102 768 καὶ
1125 713 1273 768 οἴκου
1304 728 1397 767 σου
1425 708 1650 774 παντός.

718 887 860 940 NH'.
903 881 1204 946 Θεοδοσίῳ
1231 878 1353 936 ἀπὸ
1377 875 1632 934 δουκῶν.

449 1023 656 1083 Πολλοῦ
705 1021 802 1077 τοῦ
853 1020 1071 1095 μέλιτος
1114 1016 1214 1088 τὴν
1271 1011 1563 1082 ἐπιστολὴν
1611 1008 1931 1081 ἀνέχρωσας
1955 1046 1971 1072 ,

385 1142 584 1218 μᾶλλον
605 1139 665 1194 δέ
691 1137 786 1193 καὶ
815 1135 1032 1209 μέλιτος
1053 1129 1227 1203 αὐτὴν
1256 1127 1390 1200 ἡδίω
1411 1124 1743 1196 πεποίηκας.
1774 1119 1850 1174 Τὸ
1874 1118 1972 1191 μὲν

379 1258 491 1331 7&9
529 1258 660 1310 ὅταν
727 1249 1112 1322 συνεχέστερον
1159 1244 1400 1316 ὁμιλήσῃ
1442 1242 1558 1304 τοῖς
1611 1233 1972 1293 ἀπολαύουσιν

379 1371 548 1430 αὑτοῦ
569 1371 669 1443 τῆς
701 1365 1062 1439 γλυκύτητος,
1088 1361 1189 1417 οὑκ
1217 1358 1297 1414 ἔτι
1327 1356 1530 1430 ὁμοίως
1558 1355 1658 1427 ἡδὺ
1699 1352 1971 1424 φαίνεται,

379 1488 476 1542 τοῦ
503 1486 672 1558 κόρου
699 1483 800 1555 τὴν
827 1479 1120 1554 τυραννίδα
1141 1477 1243 1547 τῆς
1269 1474 1460 1547 ἡδονῆς
1485 1468 1879 1531 καταλύοντος*
1904 1464 1974 1518 τὰ

380 1602 441 1656 δὲ
468 1599 779 1672 γράμματα
803 1595 873 1650 τά
900 1594 970 1648 σὰ
991 1593 1091 1665 τὴν
1114 1589 1324 1660 ὑγίειαν
1353 1588 1482 1660 ἡμῖν
1506 1581 1975 1654 εὐαγγελιζόμενοι

381 1719 484 1791 τὴν
513 1715 637 1791 σὴν,
665 1711 921 1768 τοσοῦτον
951 1707 1145 1778 ἀπέχει
1177 1703 1339 1758 τοῦτο
1369 1699 1581 1764 παθεῖν,
1609 1699 1690 1752 ΰτι
1723 1695 1817 1750 καὶ
1848 1695 1972 1747 ἐπι-

379 1829 546 1884 τείνει
583 1825 703 1882 τότε
739 1822 977 1896 μάλιστα
1004 1821 1140 1892 ἡμῖν
1165 1816 1267 1889 τὴν
1296 1811 1660 1886 εὐφροσύνην,
1688 1811 1818 1864 ὅταν
1851 1825 1974 1863 συν-

380 1943 670 2016 εχέστερον
693 1931 1004 2011 ¹πέμπηται⁹
1034 1936 1107 1990 Σὺ
1135 1934 1234 2006 μὲν
1259 1926 1353 1988 οῦν
1383 1929 1482 2002 τὴν
1502 1927 1790 1999 ἐπιστολὴν
1815 1944 1973 1999 περι-

380 2056 599 2122 επτύξω
624 2054 723 2127 τὴν
753 2053 895 2125 ἐμήν
917 2067 932 2083 ·
965 2048 1077 2120 ἐγὼ
1109 2047 1166 2103 δὲ
1199 2046 1363 2104 αὐτόν
1399 2062 1458 2100 σε
1492 2045 1585 2098 τὸν
1625 2041 1840 2114 πατέρα
1871 2041 1972 2112 τῆς

379 2152 671 2239 ἐπιστολῆς
695 2164 792 2221 ’καὶ
816 2149 1291 2235 περιεπτυξάμην,
1323 2157 1419 2213 καὶ
1449 2154 1774 2226 περιέϐαλον
1803 2152 1972 2224 ἄμφω

379 2283 459 2336 τὼ
509 2283 698 2354 χεῖρε,
749 2276 952 2349 καὶτῷ
1012 2273 1273 2348 τραχήλῳ
1325 2269 1677 2344 περιχυθεὶς,
1722 2267 1820 2323 καὶ
1866 2265 1968 2338 τὴν

379 2396 544 2468 φίλην
573 2394 698 2466 ἐμοὶ
745 2393 980 2466 φιλήσας
1014 2387 1281 2462 κεφαλὴν,
1314 2386 1516 2458 πολλὴν
1554 2383 1972 2456 ἐκαρπωσάμην

378 2507 478 2580 τὴν
513 2503 888 2578 παραμυθίαν.
918 2499 1056 2556 Οὐδὲ
1085 2497 1196 2569 7&9
1249 2495 1542 2565 ἐπιστολὴν
1586 2491 1839 2566 ἐνόμιζον
1873 2490 1970 2563 σὴν

377 2620 597 2676 ἐπιέναι
633 2617 814 2692 μόνον,
849 2614 987 2672 ἀλλὰ
1036 2613 1132 2670 καὶ
1177 2611 1342 2670 αὑτὸν
1392 2612 1651 2681 παρεῖναι
1689 2608 1826 2680 ἡμῖν
1875 2606 1972 2662 καὶ

379 2732 754 2806 συγγίνεσθαι.
785 2727 1056 2785 Τοσοῦτον
1103 2725 1295 2797 ἴσχυσε
1336 2723 1436 2795 τῆς
1466 2719 1760 2790 ἐπιπολῆς
1804 2719 1840 2790 ἡ
1874 2715 1970 2771 δύ·-

375 2867 563 2923 ναμις.
591 2844 850 2903 Τοιοῦτον
886 2843 998 2917 γὰρ
1031 2842 1132 2914 τῆς
1155 2838 1389 2912 γνησίας
1417 2835 1643 2908 ἀγάπης
1685 2837 1721 2907 ἡ
1762 2832 1926 2904 φύσις
1954 2848 1969 2863 ο

374 2962 483 3020 κᾶν
514 2960 602 3017 διὰ
627 2959 974 3033 γραμμάτων
997 2955 1170 3028 αὐτῆς
1207 2953 1421 3027 προχέῃ
1443 2965 1470 2995 ι
1505 2950 1577 3006 τὰ
1607 2949 1845 3022 νάματα,
1879 2949 1974 3003 αὐ-

373 3077 476 3150 τὴν
507 3075 609 3147 τὴν
643 3074 827 3148 πηγὴν
853 3071 965 3127 τῶν
993 3069 1344 3142 γραμμάτων
1376 3063 1749 3137 φαντάζεσθαι
1789 3079 1974 3134 παρα-

377 3189 670 3256 σκευάζει·
725 3188 754 3242 δ
796 3187 862 3262 δὴ
925 3185 1020 3264 καὶ
1051 3186 1214 3258 ἡμεῖς
1261 3179 1635 3253 πεπόνθαμεν.
1691 3178 1804 3233 Καὶ⁴
1845 3175 1970 3232 οὐτε

376 3307 574 3380 χρόνου
615 3302 768 3382 [626]
812 3301 1053 3374 πλῆθος,
1088 3299 1215 3354 οὐτε
1250 3297 1374 3354 ὁδοῦ
1407 3297 1582 3369 μῆκος
1603 3333 1622 3363 ,
1669 3293 1796 3348 οὔτε
1831 3310 1974 3366 πρα-

375 3421 606 3494 γμάτων
659 3417 982 3492 περίστασις
1005 3456 1022 3484 ,
1073 3414 1199 3470 οὐτε
1245 3413 1377 3470 ἄλλο
1425 3412 1582 3467 οὐδὲν
1623 3409 1762 3483 πρὸς
1811 3408 1973 3466 τοῦτο

375 3535 608 3608 κώλυμα
640 3534 869 3606 γέγονεν
895 3533 1052 3606 ἡμῖν.
1084 3529 1254 3585 Ταῦτ’
1280 3524 1376 3584 οὖν
1399 3526 1573 3596 εἰδὼς,
1599 3525 1840 3581 δέσποτά
1867 3542 1970 3598 μου

377 3647 801 3723 θαυμασιώτατε
821 3688 836 3715 ,
879 3645 1219 3702 ἐπιστέλλειν
1264 3644 1398 3716 ἡμῖν
1435 3639 1675 3714 συνεχῶς
1714 3639 1790 3713 μὴ
1837 3657 1972 3694 κατ-

375 3767 546 3832 όκνει,
579 3765 710 3838 περὶ
738 3764 839 3836 τῆς
874 3763 1066 3834 ὑγείας
1096 3778 1214 3830 σου,
1245 3759 1342 3814 καὶ
1384 3756 1480 3812 τοῦ
1514 3755 1667 3811 οἴκου
1701 3772 1796 3809 σου
1827 3770 1969 3810 παν-

374 3881 491 3947 τὸς,
527 3880 624 3935 καὶ⁵
650 3879 752 3951 τῆς
779 3877 1044 3949 εὐθυμίας
1081 3876 1280 3950 δηλῶν.
1316 3869 1489 3928 Οἶσθα
1519 3871 1630 3944 7&9
1659 3873 1809 3935 ὅπως
1834 3872 1971 3942 ἡμῖν

377 3993 849 4068 περισπούδαστον
874 3991 1192 4065 μανθάνειν.

799 4175 935 4232 ΝΘ⁹.
967 4174 1232 4242 Θεοδότῳ
1264 4173 1537 4242 διακόνῳ.

449 4310 674 4384 Ταχέως
705 4307 864 4382 ἡμῶν
893 4305 1184 4372 ἐπελάθου,
1215 4304 1294 4376 τῷ
1319 4303 1586 4377 χωρισμῷ
1625 4320 1722 4357 σου
1760 4302 1967 4376 σφόδρα

378 4424 609 4498 λυπηρῷ
639 4426 771 4498 ἡμῖν
799 4420 1158 4495 γεγενημένῳ
1184 4421 1280 4475 καὶ
1307 4419 1406 4491 τὴν
1428 4419 1537 4472 ἀπδ
1557 4419 1655 4490 τῆς
1677 4418 1840 4490 σιγῆς
1871 4419 1971 4490 τῆς

381 4540 600 4612 μακρᾶς
627 4534 888 4609 προσθεὶς
917 4531 1179 4605 ἀθυμίαν.
1202 4530 1308 4586 Καὶ
1323 4531 1443 4586 οὐδέ
1470 4531 1547 4594 είς
1569 4529 1766 4603 χρόνου
1789 4547 1972 4584 στενο-

378 4653 586 4725 χωρίαν
607 4651 752 4722 ἔχεις
785 4647 1124 4719 καταφυγεῖν
1140 4663 1155 4676 ο
1181 4643 1366 4699 ἱκανὸν
1395 4644 1502 4717 γάρ
1531 4644 1640 4698 τῶν
1662 4643 1887 4717 ἡμερῶν
1910 4644 1972 4698 τὸ

379 4765 584 4837 πλῆθος
636 4763 836 4835 πολλὴν
885 4761 1152 4834 ὁδοιπόρῳ
1186 4763 1490 4834 παρασχεῖν
1547 4758 1800 4815 εὐκολίαν
1835 4759 1972 4830 πρὸς

380 4878 658 4934 ἐπάνοδον.
711 4877 851 4931 Ἀλλ’
889 4877 1010 4931 οὐδὲ
1063 4876 1133 4930 τά
1192 4875 1471 4948 ἰσαυρικά
1527 4875 1970 4947 προϐαλλομένου

377 4991 747 5064 άνασχοίμεθα
772 4990 860 5058 ἂν,
893 4991 1080 5062 ἐπειδὴ
1113 4991 1318 5065 σφόδρα
1339 5007 1398 5043 σε
1427 4988 1710 5061 φιλοῦμεν.
1733 4992 1846 5044 Καὶ
1860 4991 1971 5064 γὰρ

381 5105 639 5162 πολλοὶοὶ
662 5104 870 5158 ἐκεῖθεν
893 5105 922 5145 b
953 5104 1095 5176 μετὰ
1133 5103 1231 5176 τὴν
1266 5104 1366 5176 σὴν
1393 5103 1705 5175 ἀποδημίαν
1734 5103 1971 5159 ἐνταῦθα

381 5215 839 5286 παραγενόμενοι.
883 5213 950 5267 Τί
1000 5209 1094 5267 οῦν
1145 5215 1262 5267 ἐστι
1304 5213 1408 5284 τῆς
1459 5213 1618 5284 σιγῆς
1665 5213 1726 5267 τὸ
1760 5216 1967 5281 αἴτιον;

385 5328 580 5390 Ὀκνος
606 5326 699 5379 καὶ
734 5324 999 5398 ῥᾳθυμία.
1043 5325 1182 5380 Ἀλλ’
1211 5327 1358 5397 ὅμως
1389 5327 1624 5401 ἀφίεμέν
1649 5346 1707 5382 σε
1729 5329 1838 5384 τῶν
1878 5329 1972 5383 ἐπὶ

333 5513 339 5523 '
380 5442 446 5510 τῇ
478 5439 721 5510 προτέρᾳ
758 5438 1022 5510 ὀλιγωρίᾳ
1071 5439 1458 5511 ἐγκλημάτων,
1489 5439 1555 5495 ἂν
1598 5439 1866 5514 βουληθῇς
1894 5443 1974 5506 εἰς

378 5551 441 5604 τὸ
463 5551 615 5605 ἐπιὸν
635 5555 704 5623 τῇ
740 5551 1038 5622 πυκνότητι
1068 5550 1177 5605 τῶν
1207 5553 1554 5624 γραμμάτων
1586 5555 1878 5628 διορθῶσαι
1911 5556 1972 5610 τὸ

442 5772 471 5843 ἲ
500 5771 686 5843 ρτιιηςε
707 5787 828 5843 mi
849 5774 1050 5843 τεροχξη-
1071 5774 1203 5843 Εςὶίι-
1229 5777 1506 5843 προχέηταιο

443 5828 480 5875 3)
499 5831 696 5883 Coislin.
723 5828 899 5885 πολλοί
910 5828 1199 5887 οΓέντεῦθεν.

3561 378 3667 434 6ίῖ

2081 479 2381 552 παροφθὲν.
2430 477 2602 536 οἶσθα
2647 483 2755 556 7&9
2804 486 2956 549 ὅπως
3011 487 3144 556 ἡμῖν
3181 492 3370 562 χαριῇ,
3432 495 3666 566 συνεχῶς

2080 594 2212 664 ἡμῖν
2237 594 2572 649 ἐπιστέλλων
2603 595 2673 650 τά
2708 597 2835 670 περ)⁵
2871 599 2972 669 τῆς
2999 601 3189 670 ὑγείας
3234 603 3336 674 τῆς
3375 605 3498 677 σῆς.

2389 731 2467 785 ε’.
2499 731 2792 802 Χωκιδίᾳ
2823 735 2921 789 καί
2961 737 3356 808 Ἆσυτκριτίᾳ.

2149 859 2281 919 Οἶδα
2309 864 2391 919 ὅτι
2427 867 2634 940 σφόδρα
2681 868 2826 941 ὑμᾶς
2881 870 3163 944 διετάραξε
3205 873 3314 928 τῶν
3355 875 3674 948 ἐπαλλήλων

2082 979 2407 1050 πειρασμῶν
2439 981 2473 1051 ἡ
2509 980 2780 1052 συνέχεια,
2809 980 2920 1036 τῶν
2959 983 3359 1055 ἐπενεχθέντων
3391 986 3470 1057 τῷ
3497 987 3674 1060 κυρίῳ

2084 1109 2186 1163 μου
2226 1092 2304 1164 τῷ
2335 1095 2652 1166 τιμιωτάτῳ
2705 1096 2800 1150 καὶ
2853 1097 3234 1166 εὑλαϐεστάτῳ
3289 1099 3672 1172 πρεσϐυτέρῳ.

2094 1203 2255 1260 Ἀλλὰ
2284 1207 2449 1280 μηδὲν
2480 1209 2624 1280 ὑμᾶς
2673 1209 2833 1264 τοῦτο
2882 1210 3200 1283 θορυὸείτω.
3239 1213 3296 1267 '0
3330 1213 3442 1285 7&9
3460 1213 3549 1268 διὰ
3576 1214 3672 1269 τὸν

2080 1316 2214 1372 Θεὸν
2271 1318 2446 1375 ταῦτα
2499 1321 2744 1392 πάσχων,
2800 1323 3022 1395 ὅσῳπερ
3075 1324 3141 1379 ἄν
3190 1344 3243 1380 τι
3281 1326 3671 1400 χαλεπώτερον

2082 1431 2230 1504 πάθῃ
2254 1444 2300 1500 ε,
2337 1433 2596 1504 μειζόνων
2623 1436 2886 1492 ἀπολαύει
2911 1440 3213 1510 στεφάνων.
3252 1442 3466 1516 Ἰκανὴν
3490 1444 3675 1500 τοίνυν

2081 1543 2302 1617 ἔχουσαι
2351 1545 2556 1620 ταύτην
2602 1548 2700 1621 τὴν
2741 1550 3108 1623 παράκλησιν,
3162 1553 3358 1626 φέρετε
3404 1558 3676 1624 γενναίως

2082 1659 2177 1711 καὶ
2227 1659 2562 1731 εὐχαρίστως
2597 1659 2668 1714 τὰ
2727 1665 3146 1735 συμπίπτοντα,
3197 1667 3521 1733 δοξάζουσαι
3584 1668 3678 1723 τὸν

2080 1771 2216 1828 Θεὸν
2262 1775 2350 1845 ἐφ’
2382 1775 2554 1831 ἅπασι
2586 1781 2699 1843 τοῖς
2730 1780 3148 1852 συμϐαίνουσιν.
3208 1781 3368 1837 Οὑτω
3423 1781 3538 1856 7&9
3577 1786 3676 1839 καὶ

2083 1889 2242 1960 ὑμεῖς
2285 1893 2536 1946 κοινωνοὶ
2581 1893 2885 1967 γενήσεσθε
2936 1895 3045 1951 τῶν
3091 1897 3476 1968 ἀποκειμένων
3525 1898 3675 1970 αὐτῷ

2084 2003 2292 2076 μισθῶν
2325 2007 2420 2060 καὶ
2446 2007 2749 2078 στεφάνων,
2786 2008 2929 2080 ὑπὲρ
2962 2003 3037 2065 ὧν
3057 2011 3321 2080 γενναίως
3343 2013 3441 2066 καὶ
3479 2013 3676 2084 πράως

2081 2119 2352 2191 ἠνέγκατε
2382 2121 2454 2175 τά
2489 2123 2796 2194 συμϐάντα.
2832 2123 2976 2180 Ἰστε
3010 2125 3120 2198 7&9
3147 2127 3230 2180 ὅτι
3260 2126 3382 2192 ὁδὸς
3415 2130 3443 2182 ό
3479 2128 3678 2201 παρὼν

2082 2233 2217 2305 βίος,
2248 2235 2425 2290 καὶτὰ
2452 2237 2670 2309 χρηστὰ
2691 2237 2859 2293 αὑτοῦ
2893 2240 2987 2294 καὶ
3012 2241 3082 2294 τά
3108 2239 3329 2313 λυπηρά
3373 2243 3676 2312 παροδεύε-

2079 2368 2192 2417 ται,
2239 2351 2336 2405 καὶ
2358 2352 2441 2405 ὅτι
2467 2350 2556 2406 διὰ
2581 2351 2794 2408 πολλῶν
2827 2353 3066 2424 θλίψεων
3108 2354 3191 2408 δεῖ
3216 2355 3369 2426 ἡμᾶς
3403 2355 3672 2411 εἰσελθεῖν

2079 2465 2162 2529 είς
2190 2465 2290 2538 τὴν
2338 2463 2618 2534 βασιλείαν
2660 2466 2757 2522 τοῦ
2797 2466 2963 2521 Θεοῦ·
2990 2469 3089 2522 καὶ
3121 2469 3205 2522 ὅτι
3233 2469 3396 2542 στενὴ
3453 2471 3552 2524 καὶ
3584 2488 3674 2525 τε·

2079 2577 2354 2652 θλιμμένη
2393 2581 2428 2652 ἠ
2460 2578 2602 2644 όδὺς,
2641 2579 2676 2650 ὴ
2710 2579 3003 2650 ἀπάγουσα
3023 2582 3105 2646 είς
3131 2581 3234 2651 τὴν
3267 2581 3439 2654 ζωήν.
3482 2587 3673 2658 Παρα-

2080 2691 2365 2764 κληθεῖσαι
2395 2688 2488 2748 οὖν
2520 2693 2616 2747 καὶ
2637 2693 2727 2750 διὰ
2753 2693 2982 2761 τούτων,
3010 2698 3108 2751 καὶ
3131 2697 3218 2752 διά
3231 2699 3333 2768 τῆς
3363 2700 3673 2772 παρουσίας

2079 2807 2266 2874 αὑτοῦ,
2300 2808 2446 2862 ἅπαν
2467 2807 2708 2882 ἀθυμίας
2731 2810 3124 2866 διασκεδάσατε
3143 2811 3325 2882 νέφος,
3349 2814 3665 2888 χαίρουσαι,

2079 2919 2509 2995 εὑφραινόμεναι
2561 2923 2657 2978 ἐπὶ
2701 2925 2818 2989 τοῖς
2841 2924 3034 2980 τούτου
3063 2924 3372 2998 παθήμασι.
3419 2927 3533 2982 Καὶ
3561 2928 3671 3002 7&9

2079 3037 2287 3108 ᾶφατος
2318 3037 2470 3110 αὐτῷ
2499 3035 2750 3093 ἐντεῦθεν
2801 3037 3048 3094 κείσεται
3088 3043 3118 3095 ό
3145 3041 3358 3114 καρπὸς
3407 3041 3507 3097 καὶ
3530 3042 3669 3114 άκήο

2083 3167 2268 3222 ρατος.

2225 3301 2376 3377 [627]
2415 3305 2544 3362 ΞΑθ.
2587 3305 2854 3374 Θεοδότῳ
2889 3307 3010 3364 ἀπὸ
3044 3309 3527 3378 κονσουλαρίων.

2150 3440 2326 3498 Τοῦτο
2365 3442 2570 3516 πατὴρ,
2599 3443 2663 3498 τὸ
2709 3444 2785 3516 μὴ
2827 3444 2989 3516 μόνον
3029 3445 3106 3518 μὴ
3141 3445 3524 3518 δυσχεραίνειν
3575 3445 3670 3501 τοῦ

2081 3555 2272 3619 παιδὸς
2299 3555 2398 3628 τὴν
2433 3557 2609 3629 ἀληθῆ
2656 3558 2981 3628 φιλοσοφίαν
3031 3559 3453 3631 φιλοσοφοῦντος
3472 3600 3488 3626 ,
3533 3561 3671 3618 ἀλλὰ

2079 3673 2174 3726 καὶ
2207 3671 2554 3743 συνήδεσθαι,
2589 3672 2686 3727 καὶ⁵
2735 3672 2914 3728 πάντα
2943 3675 3118 3727 ποιεῖν
3139 3713 3154 3739 ,
3186 3673 3336 3737 ὅπως
3366 3677 3449 3738 είς
3500 3674 3670 3744 ἄκρον

2077 3787 2253 3858 αὑτῆς
2298 3787 2586 3859 ἀφίκοιτω
2626 3787 2726 3842 καὶ
2759 3787 2896 3859 μηδέ
2931 3787 3012 3860 τῷ
3049 3787 3338 3863 πόρρωθεν
3390 3785 3535 3843 εἶναι
3577 3791 3670 3843 καὶ

2079 3901 2360 3976 πατρίδος,
2391 3903 2489 3957 καὶ
2510 3901 2714 3969 οίκίας,
2735 3903 2832 3957 καὶ
2854 3902 2966 3957 τῶν
2999 3901 3109 3959 σῶν
3144 3903 3470 3976 ὀφθαλμῶν,
3497 3903 3669 3976 βαρύ-

2079 4016 2264 4070 νεσθαι
2290 4057 2306 4083 ,
2351 4015 2490 4071 ἀλλὰ
2521 4015 2618 4071 νῦν
2671 4016 2876 4088 μᾶλλον
2929 4016 3092 4070 αὑτὸν
3143 4014 3399 4088 ἡγεῖσθαι
3439 4016 3670 4088 πλησίον

2077 4133 2244 4205 ἔχειν,
2279 4134 2370 4187 ὅτε
2399 4131 2548 4203 αὐτῷ
2578 4130 2648 4186 τὰ
2675 4131 2778 4203 τῆς
2804 4132 3010 4205 ἀρετῆς
3032 4133 3329 4187 ἐπιδίδωσι.
3361 4132 3465 4188 Διά
3493 4133 3670 4189 ταῦτά

2079 4262 2164 4300 σοι
2195 4246 2290 4300 καὶ
2315 4248 2481 4319 ἡμεῖς
2512 4246 2714 4312 πολλὰς
2736 4247 2969 4320 χάριτας
2995 4246 3175 4318 ἴσμεν,
3210 4247 3309 4302 καὶ
3322 4248 3670 4320 τεθαυμάκα-

2081 4375 2182 4430 μεν
2207 4357 2326 4424 πῶς
2355 4357 2598 4412 τοιοῦτον
2623 4361 2757 4431 ἡμῖν
2775 4359 2950 4431 δῶρον
2975 4359 3245 4426 δεδωκὼς,
3269 4360 3362 4414 τὸν
3389 4361 3529 4426 υἱὸν,
3562 4361 3670 4416 ἐνό-

2081 4491 2248 4544 μισας
2284 4474 2394 4528 δεῖν
2432 4491 2515 4527 σοι
2545 4474 2642 4528 καὶ
2672 4473 2863 4541 ξενίων
2901 4475 2982 4539 εἰς
3033 4473 3199 4545 τιμὴν
3225 4475 3522 4548 ἡμετέραν.
3559 4475 3666 4548 Τὴν

2083 4589 2183 4662 μὲν
2212 4586 2307 4644 οὖν
2328 4590 2496 4663 τιμὴν
2525 4590 2626 4662 τὴν
2656 4591 2720 4644 ἐκ
2756 4589 2867 4645 τῶν
2888 4589 3251 4662 πεμφθέντων
3295 4590 3662 4663 ἐδρεψάμεθα,

2079 4707 2220 4762 αὐτά
2239 4707 2297 4761 δέ
2321 4706 2874 4777 άνταπεστάλκαμεν,
2901 4707 3002 4777 οὑχ
3033 4705 3413 4777 ὑπερορῶντές
3448 4723 3543 4759 σου
3572 4706 3668 4777 τῆς

2078 4823 2360 4892 εὐγενείας
2395 4822 2552 4893 (πῶς
2603 4822 2715 4893 γὰρ
2749 4823 2846 4876 τοῦ
2871 4821 3017 4876 οὑτω
3044 4821 3290 4894 σφοδρῶς
3317 4820 3478 4893 ἡμῶν
3504 4818 3667 4891 ἐρῶν-

2078 4956 2170 5003 τος
2187 4957 2201 5004 ;
2216 4939 2260 5010 ),
2289 4939 2403 4994 ἀλλ’
2426 4939 2722 5010 ἡγούμενοι
2736 4938 2993 5010 περιττὸν
3017 4934 3158 4992 εἶναι
3180 4935 3387 4990 τούτων
3413 4934 3514 5006 τὴν
3536 4934 3659 4989 άπό-

2079 5054 2272 5109 λαυσιν
2314 5055 2533 5108 διώκειν
2555 5098 2570 5122 ,
2595 5045 2672 5108 ὧν
2693 5054 2752 5107 ἐν
2780 5053 2942 5126 χρείᾳ
2967 5053 3030 5106 οὐ
3067 5053 3507 5124 καθεστήκαμεν.
3566 5047 3664 5103 Τὸν

2083 5167 2268 5239 μέντοι
2302 5167 2465 5222 καλὸν
2505 5167 2765 5222 Θεόδοτον
2800 5167 2892 5221 τὸν
2937 5164 3298 5236 ἀναγνώστην
3335 5161 3666 5236 ἐϐουλόμεθα

2083 5282 2183 5354 μὲν
2223 5284 2354 5354 παρ’
2385 5283 2603 5346 ἐαυτοῖς
2646 5281 2900 5354 κατέχειν
2943 5281 3038 5335 καὶ
3074 5279 3354 5343 πλάττειν,
3377 5277 3570 5347 ἐπειδὴ
3613 5275 3665 5328 δὲ

2082 5394 2261 5448 πάντα
2283 5395 2351 5450 τά
2375 5393 2613 5448 ἐνταῦθα
2633 5393 2830 5464 φόνων,
2864 5392 3132 5464 ταραχῆς,
3155 5390 3431 5461 αἱμάτων,
3447 5391 3659 5462 ἐμπρη·

2083 5507 2238 5580 σμῶν
2264 5507 2671 5578 ἐμπέπλησται,
2699 5507 2807 5560 τῶν
2851 5505 3112 5578 Ἰσαύρων
3137 5505 3316 5559 πάντα
3346 5504 3553 5575 σιδήρῳ
3576 5500 3662 5558 καὶ

2082 5625 2218 5694 πυρὶ
2246 5623 2669 5690 ἀναλισκόντων,
2693 5623 2788 5678 καὶ
2809 5622 3009 5686 τόπους
3047 5623 3112 5677 ἐκ
3137 5621 3320 5677 τόπων
3341 5618 3664 5693 ἀμείϐομεν,

2158 5850 2182 5881 ε
2198 5848 2393 5900 Coislin.
2424 5849 2606 5913 πάσχῃ.
