  <div class='ocr_page' id='page_1' title='image "/cluster/home/n/w/nwhite01/storage/ocr_20150623/52:no.3:pt.2/coo.31924054869510/260.png"; bbox 0 0 3906 6384; ppageno 0'>
   <div class='ocr_carea' id='block_1_1' title="bbox 227 414 313 471">
    <p class='ocr_par' dir='ltr' id='par_1_1' title="bbox 227 414 313 471">
     <span class='ocr_line' id='line_1_1' title="bbox 227 414 313 471; baseline -0.023 0"><span class='ocrx_word' id='word_1_1' title='bbox 227 414 313 471; x_wconf 77' lang='lat' dir='ltr'><strong>6H</strong></span> 
     </span>
    </p>
   </div>
   <div class='ocr_carea' id='block_1_2' title="bbox 221 510 1783 595">
    <p class='ocr_par' dir='ltr' id='par_1_2' title="bbox 221 510 1783 595">
     <span class='ocr_line' id='line_1_2' title="bbox 221 510 1783 595; baseline -0.013 -10"><span class='ocrx_word' id='word_1_2' title='bbox 221 542 346 592; x_wconf 84' lang='lat' dir='ltr'><strong>mus,</strong></span> <span class='ocrx_word' id='word_1_3' title='bbox 374 522 616 595; x_wconf 82' lang='lat' dir='ltr'><strong>quoniam</strong></span> <span class='ocrx_word' id='word_1_4' title='bbox 653 520 724 577; x_wconf 83' lang='lat' dir='ltr'><strong>de</strong></span> <span class='ocrx_word' id='word_1_5' title='bbox 751 524 838 575; x_wconf 82' lang='lat' dir='ltr'><strong>tua</strong></span> <span class='ocrx_word' id='word_1_6' title='bbox 887 515 1154 586; x_wconf 72' lang='lat' dir='ltr'><strong>totiusque</strong></span> <span class='ocrx_word' id='word_1_7' title='bbox 1197 511 1389 570; x_wconf 72' lang='lat' dir='ltr'><strong>donius</strong></span> <span class='ocrx_word' id='word_1_8' title='bbox 1435 519 1539 567; x_wconf 70' lang='lat' dir='ltr'><strong>tua:</strong></span> <span class='ocrx_word' id='word_1_9' title='bbox 1581 510 1783 566; x_wconf 83' lang='lat' dir='ltr'><strong>valetu-</strong></span> 
     </span>
    </p>
   </div>
   <div class='ocr_carea' id='block_1_3' title="bbox 221 602 1788 684">
    <p class='ocr_par' dir='ltr' id='par_1_3' title="bbox 221 602 1788 684">
     <span class='ocr_line' id='line_1_3' title="bbox 221 602 1788 684; baseline -0.015 -5"><span class='ocrx_word' id='word_1_10' title='bbox 221 628 335 681; x_wconf 86' lang='lat' dir='ltr'><strong>dine</strong></span> <span class='ocrx_word' id='word_1_11' title='bbox 371 614 577 676; x_wconf 77' lang='lat' dir='ltr'><strong>assidue</strong></span> <span class='ocrx_word' id='word_1_12' title='bbox 627 609 827 684; x_wconf 88' lang='lat' dir='ltr'><strong>aliquid</strong></span> <span class='ocrx_word' id='word_1_13' title='bbox 886 607 1075 664; x_wconf 88' lang='lat' dir='ltr'><strong>audire</strong></span> <span class='ocrx_word' id='word_1_14' title='bbox 1122 605 1470 661; x_wconf 75' lang='lat' dir='ltr'><strong>vehementer</strong></span> <span class='ocrx_word' id='word_1_15' title='bbox 1512 602 1788 660; x_wconf 83' lang='lat' dir='ltr'><strong>desidera-</strong></span> 
     </span>
    </p>
   </div>
   <div class='ocr_carea' id='block_1_4' title="bbox 226 729 351 773">
    <p class='ocr_par' dir='ltr' id='par_1_4' title="bbox 226 729 351 773">
     <span class='ocr_line' id='line_1_4' title="bbox 226 729 351 773; baseline 0 -1"><span class='ocrx_word' id='word_1_16' title='bbox 226 729 351 773; x_wconf 76' lang='lat' dir='ltr'><strong>mut.</strong></span> 
     </span>
    </p>
   </div>
   <div class='ocr_carea' id='block_1_5' title="bbox 223 829 1789 906">
    <p class='ocr_par' dir='ltr' id='par_1_5' title="bbox 223 829 1789 906">
     <span class='ocr_line' id='line_1_5' title="bbox 223 829 1789 906; baseline -0.011 -2"><span class='ocrx_word' id='word_1_17' title='bbox 223 843 421 904; x_wconf 81' lang='lat' dir='ltr'><strong>LVIII.</strong></span> <span class='ocrx_word' id='word_1_18' title='bbox 451 839 732 898; x_wconf 81' lang='lat' dir='ltr'><strong>Theodosio</strong></span> <span class='ocrx_word' id='word_1_19' title='bbox 769 853 834 893; x_wconf 69' lang='lat' dir='ltr'><strong>ea:</strong></span> <span class='ocrx_word' id='word_1_20' title='bbox 860 833 1068 890; x_wconf 81' lang='lat' dir='ltr'><strong>ducibus</strong></span> <span class='ocrx_word' id='word_1_21' title='bbox 1112 830 1213 906; x_wconf 91' lang='lat' dir='ltr'><strong>(a).</strong></span> <span class='ocrx_word' id='word_1_22' title='bbox 1258 832 1363 906; x_wconf 77' lang='lat' dir='ltr'><strong>(Ab</strong></span> <span class='ocrx_word' id='word_1_23' title='bbox 1389 845 1532 887; x_wconf 89' lang='lat' dir='ltr'><strong>anno</strong></span> <span class='ocrx_word' id='word_1_24' title='bbox 1574 830 1675 887; x_wconf 64' lang='grc'><strong>404</strong></span> <span class='ocrx_word' id='word_1_25' title='bbox 1721 829 1789 887; x_wconf 88' lang='lat' dir='ltr'><strong>ad</strong></span> 
     </span>
    </p>
   </div>
   <div class='ocr_carea' id='block_1_6' title="bbox 911 925 1062 999">
    <p class='ocr_par' dir='ltr' id='par_1_6' title="bbox 911 925 1062 999">
     <span class='ocr_line' id='line_1_6' title="bbox 911 925 1062 999; baseline -0.02 -14"><span class='ocrx_word' id='word_1_26' title='bbox 911 925 1062 999; x_wconf 74' lang='lat'><strong>407.)</strong></span> 
     </span>
    </p>
   </div>
   <div class='ocr_carea' id='block_1_7' title="bbox 281 1062 1793 1131">
    <p class='ocr_par' dir='ltr' id='par_1_7' title="bbox 281 1062 1793 1131">
     <span class='ocr_line' id='line_1_7' title="bbox 281 1062 1793 1131; baseline -0.008 0"><span class='ocrx_word' id='word_1_27' title='bbox 281 1074 436 1131; x_wconf 82' lang='lat' dir='ltr'><strong>Multo</strong></span> <span class='ocrx_word' id='word_1_28' title='bbox 471 1071 627 1127; x_wconf 85' lang='lat' dir='ltr'><strong>melle</strong></span> <span class='ocrx_word' id='word_1_29' title='bbox 653 1069 834 1125; x_wconf 75' lang='lat' dir='ltr'><strong>literas</strong></span> <span class='ocrx_word' id='word_1_30' title='bbox 870 1075 991 1122; x_wconf 88' lang='lat' dir='ltr'><strong>tuas</strong></span> <span class='ocrx_word' id='word_1_31' title='bbox 1036 1063 1306 1130; x_wconf 86' lang='lat' dir='ltr'><strong>condiisti,</strong></span> <span class='ocrx_word' id='word_1_32' title='bbox 1331 1063 1451 1130; x_wconf 92' lang='lat' dir='ltr'><strong>vel,</strong></span> <span class='ocrx_word' id='word_1_33' title='bbox 1492 1070 1554 1120; x_wconf 89' lang='lat' dir='ltr'><strong>ut</strong></span> <span class='ocrx_word' id='word_1_34' title='bbox 1593 1062 1793 1119; x_wconf 89' lang='lat' dir='ltr'><strong>rectius</strong></span> 
     </span>
    </p>
   </div>
   <div class='ocr_carea' id='block_1_8' title="bbox 220 1156 1788 1238">
    <p class='ocr_par' dir='ltr' id='par_1_8' title="bbox 220 1156 1788 1238">
     <span class='ocr_line' id='line_1_8' title="bbox 220 1156 1788 1238; baseline -0.01 -12"><span class='ocrx_word' id='word_1_35' title='bbox 220 1173 408 1238; x_wconf 85' lang='lat' dir='ltr'><strong>loquar,</strong></span> <span class='ocrx_word' id='word_1_36' title='bbox 455 1165 611 1220; x_wconf 88' lang='lat' dir='ltr'><strong>melle</strong></span> <span class='ocrx_word' id='word_1_37' title='bbox 638 1162 904 1218; x_wconf 82' lang='lat' dir='ltr'><strong>dulciores</strong></span> <span class='ocrx_word' id='word_1_38' title='bbox 932 1174 1025 1215; x_wconf 89' lang='lat' dir='ltr'><strong>eas</strong></span> <span class='ocrx_word' id='word_1_39' title='bbox 1064 1156 1308 1214; x_wconf 74' lang='lat' dir='ltr'><strong>effecisti.</strong></span> <span class='ocrx_word' id='word_1_40' title='bbox 1355 1156 1456 1212; x_wconf 83' lang='lat' dir='ltr'><strong>Mel</strong></span> <span class='ocrx_word' id='word_1_41' title='bbox 1483 1156 1680 1227; x_wconf 90' lang='lat' dir='ltr'><strong>quippe</strong></span> <span class='ocrx_word' id='word_1_42' title='bbox 1700 1156 1788 1224; x_wconf 88' lang='lat' dir='ltr'><strong>iis,</strong></span> 
     </span>
    </p>
   </div>
   <div class='ocr_carea' id='block_1_9' title="bbox 217 1247 1793 1330">
    <p class='ocr_par' dir='ltr' id='par_1_9' title="bbox 217 1247 1793 1330">
     <span class='ocr_line' id='line_1_9' title="bbox 217 1247 1793 1330; baseline -0.008 -15"><span class='ocrx_word' id='word_1_43' title='bbox 217 1260 298 1330; x_wconf 86' lang='lat' dir='ltr'><strong>qui</strong></span> <span class='ocrx_word' id='word_1_44' title='bbox 325 1258 485 1329; x_wconf 88' lang='lat' dir='ltr'><strong>ipsius</strong></span> <span class='ocrx_word' id='word_1_45' title='bbox 509 1253 788 1310; x_wconf 85' lang='lat' dir='ltr'><strong>dulcedine</strong></span> <span class='ocrx_word' id='word_1_46' title='bbox 813 1249 1028 1306; x_wconf 84' lang='lat' dir='ltr'><strong>assidue</strong></span> <span class='ocrx_word' id='word_1_47' title='bbox 1071 1248 1339 1314; x_wconf 88' lang='lat' dir='ltr'><strong>fruuntur,</strong></span> <span class='ocrx_word' id='word_1_48' title='bbox 1371 1262 1478 1303; x_wconf 90' lang='lat' dir='ltr'><strong>non</strong></span> <span class='ocrx_word' id='word_1_49' title='bbox 1498 1247 1610 1316; x_wconf 73' lang='lat' dir='ltr'><strong>iam</strong></span> <span class='ocrx_word' id='word_1_50' title='bbox 1641 1262 1793 1318; x_wconf 75' lang='lat' dir='ltr'><strong>mque</strong></span> 
     </span>
    </p>
   </div>
   <div class='ocr_carea' id='block_1_10' title="bbox 217 1341 1792 1415">
    <p class='ocr_par' dir='ltr' id='par_1_10' title="bbox 217 1341 1792 1415">
     <span class='ocr_line' id='line_1_10' title="bbox 217 1341 1792 1415; baseline -0.01 -5"><span class='ocrx_word' id='word_1_51' title='bbox 217 1354 358 1409; x_wconf 86' lang='lat' dir='ltr'><strong>dulce</strong></span> <span class='ocrx_word' id='word_1_52' title='bbox 381 1366 497 1408; x_wconf 88' lang='lat' dir='ltr'><strong>esse</strong></span> <span class='ocrx_word' id='word_1_53' title='bbox 520 1349 748 1415; x_wconf 87' lang='lat' dir='ltr'><strong>videtur,</strong></span> <span class='ocrx_word' id='word_1_54' title='bbox 783 1346 1064 1402; x_wconf 89' lang='lat' dir='ltr'><strong>saturitate</strong></span> <span class='ocrx_word' id='word_1_55' title='bbox 1094 1343 1345 1399; x_wconf 86' lang='lat' dir='ltr'><strong>nimirum</strong></span> <span class='ocrx_word' id='word_1_56' title='bbox 1372 1341 1662 1412; x_wconf 80' lang='lat' dir='ltr'><strong>voluptatis</strong></span> <span class='ocrx_word' id='word_1_57' title='bbox 1685 1341 1792 1396; x_wconf 87' lang='lat' dir='ltr'><strong>vim</strong></span> 
     </span>
    </p>
   </div>
   <div class='ocr_carea' id='block_1_11' title="bbox 217 1433 1793 1516">
    <p class='ocr_par' dir='ltr' id='par_1_11' title="bbox 217 1433 1793 1516">
     <span class='ocr_line' id='line_1_11' title="bbox 217 1433 1793 1516; baseline -0.01 -15"><span class='ocrx_word' id='word_1_58' title='bbox 217 1445 534 1516; x_wconf 86' lang='lat' dir='ltr'><strong>opprimente</strong></span> <span class='ocrx_word' id='word_1_59' title='bbox 563 1457 580 1497; x_wconf 89' lang='lat'><strong>:</strong></span> <span class='ocrx_word' id='word_1_60' title='bbox 610 1450 665 1495; x_wconf 89' lang='lat' dir='ltr'><strong>at</strong></span> <span class='ocrx_word' id='word_1_61' title='bbox 692 1440 861 1495; x_wconf 68' lang='lat' dir='ltr'><strong>litera:</strong></span> <span class='ocrx_word' id='word_1_62' title='bbox 891 1448 997 1495; x_wconf 66' lang='lat' dir='ltr'><strong>tua:</strong></span> <span class='ocrx_word' id='word_1_63' title='bbox 1035 1436 1216 1492; x_wconf 83' lang='lat' dir='ltr'><strong>laetum</strong></span> <span class='ocrx_word' id='word_1_64' title='bbox 1246 1435 1402 1490; x_wconf 91' lang='lat' dir='ltr'><strong>nobis</strong></span> <span class='ocrx_word' id='word_1_65' title='bbox 1430 1433 1499 1489; x_wconf 88' lang='lat' dir='ltr'><strong>de</strong></span> <span class='ocrx_word' id='word_1_66' title='bbox 1542 1442 1631 1487; x_wconf 92' lang='lat' dir='ltr'><strong>tua</strong></span> <span class='ocrx_word' id='word_1_67' title='bbox 1668 1446 1793 1503; x_wconf 90' lang='lat' dir='ltr'><strong>pro-</strong></span> 
     </span>
    </p>
   </div>
   <div class='ocr_carea' id='block_1_12' title="bbox 219 1524 1794 1609">
    <p class='ocr_par' dir='ltr' id='par_1_12' title="bbox 219 1524 1794 1609">
     <span class='ocr_line' id='line_1_12' title="bbox 219 1524 1794 1609; baseline -0.01 -14"><span class='ocrx_word' id='word_1_68' title='bbox 219 1552 360 1609; x_wconf 82' lang='lat' dir='ltr'><strong>spera</strong></span> <span class='ocrx_word' id='word_1_69' title='bbox 403 1532 706 1591; x_wconf 83' lang='lat' dir='ltr'><strong>valetudine</strong></span> <span class='ocrx_word' id='word_1_70' title='bbox 750 1530 995 1586; x_wconf 89' lang='lat' dir='ltr'><strong>nuntium</strong></span> <span class='ocrx_word' id='word_1_71' title='bbox 1038 1528 1342 1594; x_wconf 78' lang='lat' dir='ltr'><strong>afferentes,</strong></span> <span class='ocrx_word' id='word_1_72' title='bbox 1390 1535 1595 1581; x_wconf 62' lang='lat' dir='ltr'><strong>tardum</strong></span> <span class='ocrx_word' id='word_1_73' title='bbox 1632 1524 1699 1579; x_wconf 88' lang='lat' dir='ltr'><strong>ab</strong></span> <span class='ocrx_word' id='word_1_74' title='bbox 1726 1538 1794 1579; x_wconf 89' lang='lat' dir='ltr'><strong>eo</strong></span> 
     </span>
    </p>
   </div>
   <div class='ocr_carea' id='block_1_13' title="bbox 218 1614 1796 1692">
    <p class='ocr_par' dir='ltr' id='par_1_13' title="bbox 218 1614 1796 1692">
     <span class='ocr_line' id='line_1_13' title="bbox 218 1614 1796 1692; baseline -0.009 -11"><span class='ocrx_word' id='word_1_75' title='bbox 218 1629 413 1692; x_wconf 90' lang='lat' dir='ltr'><strong>absunt,</strong></span> <span class='ocrx_word' id='word_1_76' title='bbox 444 1634 500 1680; x_wconf 89' lang='lat' dir='ltr'><strong>nt</strong></span> <span class='ocrx_word' id='word_1_77' title='bbox 528 1624 633 1680; x_wconf 86' lang='lat' dir='ltr'><strong>hoc</strong></span> <span class='ocrx_word' id='word_1_78' title='bbox 676 1621 934 1685; x_wconf 76' lang='lat' dir='ltr'><strong>efficiant,</strong></span> <span class='ocrx_word' id='word_1_79' title='bbox 964 1626 1023 1675; x_wconf 89' lang='lat' dir='ltr'><strong>ut</strong></span> <span class='ocrx_word' id='word_1_80' title='bbox 1061 1627 1173 1673; x_wconf 91' lang='lat' dir='ltr'><strong>tum</strong></span> <span class='ocrx_word' id='word_1_81' title='bbox 1201 1616 1524 1689; x_wconf 77' lang='lat' dir='ltr'><strong>praeteritam</strong></span> <span class='ocrx_word' id='word_1_82' title='bbox 1551 1614 1796 1684; x_wconf 85' lang='lat' dir='ltr'><strong>volupta-</strong></span> 
     </span>
    </p>
   </div>
   <div class='ocr_carea' id='block_1_14' title="bbox 219 1706 1797 1786">
    <p class='ocr_par' dir='ltr' id='par_1_14' title="bbox 219 1706 1797 1786">
     <span class='ocr_line' id='line_1_14' title="bbox 219 1706 1797 1786; baseline -0.008 -14"><span class='ocrx_word' id='word_1_83' title='bbox 219 1729 313 1773; x_wconf 87' lang='lat' dir='ltr'><strong>tem</strong></span> <span class='ocrx_word' id='word_1_84' title='bbox 354 1715 505 1772; x_wconf 89' lang='lat' dir='ltr'><strong>nobis</strong></span> <span class='ocrx_word' id='word_1_85' title='bbox 539 1721 804 1786; x_wconf 76' lang='lat' dir='ltr'><strong>augeant,</strong></span> <span class='ocrx_word' id='word_1_86' title='bbox 846 1726 966 1767; x_wconf 90' lang='lat' dir='ltr'><strong>cum</strong></span> <span class='ocrx_word' id='word_1_87' title='bbox 1012 1708 1342 1780; x_wconf 80' lang='lat' dir='ltr'><strong>frequentius</strong></span> <span class='ocrx_word' id='word_1_88' title='bbox 1371 1706 1674 1762; x_wconf 88' lang='lat' dir='ltr'><strong>mittuntur.</strong></span> <span class='ocrx_word' id='word_1_89' title='bbox 1717 1707 1797 1760; x_wconf 81' lang='lat' dir='ltr'><strong>Ac</strong></span> 
     </span>
    </p>
   </div>
   <div class='ocr_carea' id='block_1_15' title="bbox 221 1800 1797 1879">
    <p class='ocr_par' dir='ltr' id='par_1_15' title="bbox 221 1800 1797 1879">
     <span class='ocr_line' id='line_1_15' title="bbox 221 1800 1797 1879; baseline -0.007 -16"><span class='ocrx_word' id='word_1_90' title='bbox 221 1819 269 1863; x_wconf 91' lang='lat' dir='ltr'><strong>tu</strong></span> <span class='ocrx_word' id='word_1_91' title='bbox 292 1807 496 1879; x_wconf 87' lang='lat' dir='ltr'><strong>quidem</strong></span> <span class='ocrx_word' id='word_1_92' title='bbox 521 1804 803 1878; x_wconf 83' lang='lat' dir='ltr'><strong>epistolam</strong></span> <span class='ocrx_word' id='word_1_93' title='bbox 834 1816 1011 1858; x_wconf 87' lang='lat' dir='ltr'><strong>meam</strong></span> <span class='ocrx_word' id='word_1_94' title='bbox 1041 1800 1378 1857; x_wconf 80' lang='lat' dir='ltr'><strong>exosculatus</strong></span> <span class='ocrx_word' id='word_1_95' title='bbox 1405 1813 1465 1863; x_wconf 83' lang='lat' dir='ltr'><strong>es</strong></span> <span class='ocrx_word' id='word_1_96' title='bbox 1497 1816 1511 1854; x_wconf 92' lang='lat'><strong>:</strong></span> <span class='ocrx_word' id='word_1_97' title='bbox 1542 1812 1643 1870; x_wconf 90' lang='lat' dir='ltr'><strong>ego</strong></span> <span class='ocrx_word' id='word_1_98' title='bbox 1668 1812 1797 1853; x_wconf 90' lang='lat' dir='ltr'><strong>vero</strong></span> 
     </span>
    </p>
   </div>
   <div class='ocr_carea' id='block_1_16' title="bbox 221 1888 1799 1969">
    <p class='ocr_par' dir='ltr' id='par_1_16' title="bbox 221 1888 1799 1969">
     <span class='ocr_line' id='line_1_16' title="bbox 221 1888 1799 1969; baseline -0.008 -14"><span class='ocrx_word' id='word_1_99' title='bbox 221 1909 268 1955; x_wconf 86' lang='lat' dir='ltr'><strong>te</strong></span> <span class='ocrx_word' id='word_1_100' title='bbox 302 1901 464 1969; x_wconf 89' lang='lat' dir='ltr'><strong>ipsum</strong></span> <span class='ocrx_word' id='word_1_101' title='bbox 509 1894 751 1968; x_wconf 73' lang='lat' dir='ltr'><strong>epistola:</strong></span> <span class='ocrx_word' id='word_1_102' title='bbox 780 1901 988 1964; x_wconf 90' lang='lat' dir='ltr'><strong>patrem</strong></span> <span class='ocrx_word' id='word_1_103' title='bbox 1030 1901 1254 1962; x_wconf 84' lang='lat' dir='ltr'><strong>utraque</strong></span> <span class='ocrx_word' id='word_1_104' title='bbox 1281 1905 1443 1946; x_wconf 89' lang='lat' dir='ltr'><strong>manu</strong></span> <span class='ocrx_word' id='word_1_105' title='bbox 1486 1888 1799 1960; x_wconf 75' lang='lat' dir='ltr'><strong>complexus</strong></span> 
     </span>
    </p>
   </div>
   <div class='ocr_carea' id='block_1_17' title="bbox 220 1980 1798 2061">
    <p class='ocr_par' dir='ltr' id='par_1_17' title="bbox 220 1980 1798 2061">
     <span class='ocr_line' id='line_1_17' title="bbox 220 1980 1798 2061; baseline -0.008 -16"><span class='ocrx_word' id='word_1_106' title='bbox 220 2006 346 2058; x_wconf 82' lang='lat' dir='ltr'><strong>sum,</strong></span> <span class='ocrx_word' id='word_1_107' title='bbox 374 1990 618 2061; x_wconf 90' lang='lat' dir='ltr'><strong>colloque</strong></span> <span class='ocrx_word' id='word_1_108' title='bbox 647 1997 742 2043; x_wconf 95' lang='lat' dir='ltr'><strong>tuo</strong></span> <span class='ocrx_word' id='word_1_109' title='bbox 768 1984 1142 2050; x_wconf 83' lang='lat' dir='ltr'><strong>circumfusus,</strong></span> <span class='ocrx_word' id='word_1_110' title='bbox 1171 1996 1463 2052; x_wconf 86' lang='lat' dir='ltr'><strong>carumque</strong></span> <span class='ocrx_word' id='word_1_111' title='bbox 1479 1980 1609 2036; x_wconf 88' lang='lat' dir='ltr'><strong>mihi</strong></span> <span class='ocrx_word' id='word_1_112' title='bbox 1636 1986 1798 2048; x_wconf 89' lang='lat' dir='ltr'><strong>caput</strong></span> 
     </span>
    </p>
   </div>
   <div class='ocr_carea' id='block_1_18' title="bbox 218 2073 1801 2152">
    <p class='ocr_par' dir='ltr' id='par_1_18' title="bbox 218 2073 1801 2152">
     <span class='ocr_line' id='line_1_18' title="bbox 218 2073 1801 2152; baseline -0.007 -13"><span class='ocrx_word' id='word_1_113' title='bbox 218 2083 538 2139; x_wconf 74' lang='lat' dir='ltr'><strong>exosculatus</strong></span> <span class='ocrx_word' id='word_1_114' title='bbox 559 2124 576 2151; x_wconf 93' lang='lat'><strong>,</strong></span> <span class='ocrx_word' id='word_1_115' title='bbox 631 2082 904 2152; x_wconf 79' lang='lat' dir='ltr'><strong>ingentem</strong></span> <span class='ocrx_word' id='word_1_116' title='bbox 955 2076 1378 2134; x_wconf 87' lang='lat' dir='ltr'><strong>consolationem</strong></span> <span class='ocrx_word' id='word_1_117' title='bbox 1429 2074 1667 2146; x_wconf 85' lang='lat' dir='ltr'><strong>percepi.</strong></span> <span class='ocrx_word' id='word_1_118' title='bbox 1710 2073 1801 2129; x_wconf 87' lang='lat' dir='ltr'><strong>Sic</strong></span> 
     </span>
    </p>
   </div>
   <div class='ocr_carea' id='block_1_19' title="bbox 219 2166 1797 2238">
    <p class='ocr_par' dir='ltr' id='par_1_19' title="bbox 219 2166 1797 2238">
     <span class='ocr_line' id='line_1_19' title="bbox 219 2166 1797 2238; baseline -0.006 -9"><span class='ocrx_word' id='word_1_119' title='bbox 219 2175 348 2229; x_wconf 89' lang='lat' dir='ltr'><strong>enim</strong></span> <span class='ocrx_word' id='word_1_120' title='bbox 373 2175 594 2230; x_wconf 76' lang='lat' dir='ltr'><strong>affectus</strong></span> <span class='ocrx_word' id='word_1_121' title='bbox 622 2187 793 2238; x_wconf 86' lang='lat' dir='ltr'><strong>eram,</strong></span> <span class='ocrx_word' id='word_1_122' title='bbox 818 2179 876 2226; x_wconf 92' lang='lat' dir='ltr'><strong>ut</strong></span> <span class='ocrx_word' id='word_1_123' title='bbox 904 2184 1012 2225; x_wconf 90' lang='lat' dir='ltr'><strong>non</strong></span> <span class='ocrx_word' id='word_1_124' title='bbox 1041 2166 1322 2238; x_wconf 91' lang='lat' dir='ltr'><strong>epistolam</strong></span> <span class='ocrx_word' id='word_1_125' title='bbox 1349 2166 1626 2222; x_wconf 82' lang='lat' dir='ltr'><strong>dumtaxat</strong></span> <span class='ocrx_word' id='word_1_126' title='bbox 1653 2173 1797 2220; x_wconf 88' lang='lat' dir='ltr'><strong>tuam</strong></span> 
     </span>
    </p>
   </div>
   <div class='ocr_carea' id='block_1_20' title="bbox 221 2259 1797 2339">
    <p class='ocr_par' dir='ltr' id='par_1_20' title="bbox 221 2259 1797 2339">
     <span class='ocr_line' id='line_1_20' title="bbox 221 2259 1797 2339; baseline -0.005 -19"><span class='ocrx_word' id='word_1_127' title='bbox 221 2268 380 2339; x_wconf 82' lang='lat' dir='ltr'><strong>legere</strong></span> <span class='ocrx_word' id='word_1_128' title='bbox 406 2267 717 2333; x_wconf 84' lang='lat' dir='ltr'><strong>arbitrarer,</strong></span> <span class='ocrx_word' id='word_1_129' title='bbox 744 2262 839 2320; x_wconf 88' lang='lat' dir='ltr'><strong>sed</strong></span> <span class='ocrx_word' id='word_1_130' title='bbox 863 2264 1023 2317; x_wconf 89' lang='lat' dir='ltr'><strong>etiam</strong></span> <span class='ocrx_word' id='word_1_131' title='bbox 1050 2270 1102 2316; x_wconf 93' lang='lat' dir='ltr'><strong>te</strong></span> <span class='ocrx_word' id='word_1_132' title='bbox 1136 2261 1310 2330; x_wconf 89' lang='lat' dir='ltr'><strong>ipsum</strong></span> <span class='ocrx_word' id='word_1_133' title='bbox 1338 2259 1551 2324; x_wconf 85' lang='lat' dir='ltr'><strong>adesse,</strong></span> <span class='ocrx_word' id='word_1_134' title='bbox 1587 2273 1653 2315; x_wconf 87' lang='lat' dir='ltr'><strong>ac</strong></span> <span class='ocrx_word' id='word_1_135' title='bbox 1692 2271 1797 2313; x_wconf 79' lang='lat' dir='ltr'><strong>no—</strong></span> 
     </span>
    </p>
   </div>
   <div class='ocr_carea' id='block_1_21' title="bbox 222 2349 1803 2423">
    <p class='ocr_par' dir='ltr' id='par_1_21' title="bbox 222 2349 1803 2423">
     <span class='ocr_line' id='line_1_21' title="bbox 222 2349 1803 2423; baseline -0.003 -13"><span class='ocrx_word' id='word_1_136' title='bbox 222 2357 410 2411; x_wconf 87' lang='lat' dir='ltr'><strong>biscum</strong></span> <span class='ocrx_word' id='word_1_137' title='bbox 455 2356 682 2412; x_wconf 85' lang='lat' dir='ltr'><strong>versari.</strong></span> <span class='ocrx_word' id='word_1_138' title='bbox 730 2353 897 2410; x_wconf 89' lang='lat' dir='ltr'><strong>Tanta</strong></span> <span class='ocrx_word' id='word_1_139' title='bbox 945 2350 1184 2423; x_wconf 63' lang='lat' dir='ltr'><strong>epistola;</strong></span> <span class='ocrx_word' id='word_1_140' title='bbox 1226 2351 1309 2407; x_wconf 88' lang='lat' dir='ltr'><strong>vis</strong></span> <span class='ocrx_word' id='word_1_141' title='bbox 1360 2350 1476 2406; x_wconf 84' lang='lat' dir='ltr'><strong>fuit.</strong></span> <span class='ocrx_word' id='word_1_142' title='bbox 1525 2349 1803 2421; x_wconf 80' lang='lat' dir='ltr'><strong>Ejusmodi</strong></span> 
     </span>
    </p>
   </div>
   <div class='ocr_carea' id='block_1_22' title="bbox 176 2441 1804 2521">
    <p class='ocr_par' dir='ltr' id='par_1_22' title="bbox 176 2441 1804 2521">
     <span class='ocr_line' id='line_1_22' title="bbox 176 2441 1804 2521; baseline -0.004 -18"><span class='ocrx_word' id='word_1_143' title='bbox 176 2510 199 2519; x_wconf 30' lang='grc' dir='ltr'><strong>κ,</strong></span> <span class='ocrx_word' id='word_1_144' title='bbox 220 2450 400 2521; x_wconf 71' lang='lat' dir='ltr'><strong>quippe</strong></span> <span class='ocrx_word' id='word_1_145' title='bbox 425 2450 653 2505; x_wconf 65' lang='lat' dir='ltr'><strong>sincera!</strong></span> <span class='ocrx_word' id='word_1_146' title='bbox 679 2446 920 2503; x_wconf 88' lang='lat' dir='ltr'><strong>caritatis</strong></span> <span class='ocrx_word' id='word_1_147' title='bbox 948 2452 1135 2499; x_wconf 90' lang='lat' dir='ltr'><strong>natura</strong></span> <span class='ocrx_word' id='word_1_148' title='bbox 1165 2452 1269 2509; x_wconf 89' lang='lat' dir='ltr'><strong>est,</strong></span> <span class='ocrx_word' id='word_1_149' title='bbox 1295 2450 1355 2496; x_wconf 91' lang='lat' dir='ltr'><strong>ut</strong></span> <span class='ocrx_word' id='word_1_150' title='bbox 1381 2441 1592 2498; x_wconf 89' lang='lat' dir='ltr'><strong>etiamsi</strong></span> <span class='ocrx_word' id='word_1_151' title='bbox 1617 2441 1804 2496; x_wconf 83' lang='lat' dir='ltr'><strong>latices</strong></span> 
     </span>
    </p>
   </div>
   <div class='ocr_carea' id='block_1_23' title="bbox 220 2531 1806 2610">
    <p class='ocr_par' dir='ltr' id='par_1_23' title="bbox 220 2531 1806 2610">
     <span class='ocr_line' id='line_1_23' title="bbox 220 2531 1806 2610; baseline -0.006 -16"><span class='ocrx_word' id='word_1_152' title='bbox 220 2554 335 2595; x_wconf 86' lang='lat' dir='ltr'><strong>suos</strong></span> <span class='ocrx_word' id='word_1_153' title='bbox 359 2556 450 2610; x_wconf 90' lang='lat' dir='ltr'><strong>per</strong></span> <span class='ocrx_word' id='word_1_154' title='bbox 478 2541 665 2596; x_wconf 90' lang='lat' dir='ltr'><strong>literas</strong></span> <span class='ocrx_word' id='word_1_155' title='bbox 711 2534 1021 2609; x_wconf 80' lang='lat' dir='ltr'><strong>profundat,</strong></span> <span class='ocrx_word' id='word_1_156' title='bbox 1070 2533 1123 2590; x_wconf 87' lang='lat' dir='ltr'><strong>id</strong></span> <span class='ocrx_word' id='word_1_157' title='bbox 1153 2533 1367 2598; x_wconf 87' lang='lat' dir='ltr'><strong>efficiat,</strong></span> <span class='ocrx_word' id='word_1_158' title='bbox 1396 2541 1456 2588; x_wconf 89' lang='lat' dir='ltr'><strong>ut</strong></span> <span class='ocrx_word' id='word_1_159' title='bbox 1485 2532 1599 2602; x_wconf 87' lang='lat' dir='ltr'><strong>ipse</strong></span> <span class='ocrx_word' id='word_1_160' title='bbox 1625 2531 1806 2586; x_wconf 91' lang='lat' dir='ltr'><strong>litera-</strong></span> 
     </span>
    </p>
   </div>
   <div class='ocr_carea' id='block_1_24' title="bbox 221 2622 1808 2694">
    <p class='ocr_par' dir='ltr' id='par_1_24' title="bbox 221 2622 1808 2694">
     <span class='ocr_line' id='line_1_24' title="bbox 221 2622 1808 2694; baseline -0.005 -9"><span class='ocrx_word' id='word_1_161' title='bbox 221 2646 331 2686; x_wconf 88' lang='lat' dir='ltr'><strong>rum</strong></span> <span class='ocrx_word' id='word_1_162' title='bbox 361 2630 476 2687; x_wconf 88' lang='lat' dir='ltr'><strong>fons</strong></span> <span class='ocrx_word' id='word_1_163' title='bbox 500 2630 674 2686; x_wconf 87' lang='lat' dir='ltr'><strong>oculis</strong></span> <span class='ocrx_word' id='word_1_164' title='bbox 700 2627 976 2684; x_wconf 85' lang='lat' dir='ltr'><strong>obversari</strong></span> <span class='ocrx_word' id='word_1_165' title='bbox 998 2624 1243 2680; x_wconf 86' lang='lat' dir='ltr'><strong>videatur</strong></span> <span class='ocrx_word' id='word_1_166' title='bbox 1266 2622 1438 2694; x_wconf 86' lang='lat' dir='ltr'><strong>:quod</strong></span> <span class='ocrx_word' id='word_1_167' title='bbox 1460 2623 1622 2679; x_wconf 89' lang='lat' dir='ltr'><strong>etiam</strong></span> <span class='ocrx_word' id='word_1_168' title='bbox 1649 2622 1808 2677; x_wconf 87' lang='lat' dir='ltr'><strong>nobis</strong></span> 
     </span>
    </p>
   </div>
   <div class='ocr_carea' id='block_1_25' title="bbox 222 2711 1806 2789">
    <p class='ocr_par' dir='ltr' id='par_1_25' title="bbox 222 2711 1806 2789">
     <span class='ocr_line' id='line_1_25' title="bbox 222 2711 1806 2789; baseline -0.004 -16"><span class='ocrx_word' id='word_1_169' title='bbox 222 2734 310 2774; x_wconf 87' lang='lat' dir='ltr'><strong>usu</strong></span> <span class='ocrx_word' id='word_1_170' title='bbox 338 2721 499 2776; x_wconf 84' lang='lat' dir='ltr'><strong>venit.</strong></span> <span class='ocrx_word' id='word_1_171' title='bbox 531 2721 611 2775; x_wconf 84' lang='lat' dir='ltr'><strong>Ac</strong></span> <span class='ocrx_word' id='word_1_172' title='bbox 640 2731 815 2789; x_wconf 86' lang='lat' dir='ltr'><strong>neque</strong></span> <span class='ocrx_word' id='word_1_173' title='bbox 856 2714 1115 2786; x_wconf 87' lang='lat' dir='ltr'><strong>temporis</strong></span> <span class='ocrx_word' id='word_1_174' title='bbox 1136 2712 1479 2778; x_wconf 83' lang='lat' dir='ltr'><strong>diuturnitas,</strong></span> <span class='ocrx_word' id='word_1_175' title='bbox 1511 2726 1686 2782; x_wconf 90' lang='lat' dir='ltr'><strong>neque</strong></span> <span class='ocrx_word' id='word_1_176' title='bbox 1713 2711 1806 2767; x_wconf 83' lang='lat' dir='ltr'><strong>iti-</strong></span> 
     </span>
    </p>
   </div>
   <div class='ocr_carea' id='block_1_26' title="bbox 224 2804 1805 2884">
    <p class='ocr_par' dir='ltr' id='par_1_26' title="bbox 224 2804 1805 2884">
     <span class='ocr_line' id='line_1_26' title="bbox 224 2804 1805 2884; baseline -0.004 -19"><span class='ocrx_word' id='word_1_177' title='bbox 224 2813 357 2867; x_wconf 87' lang='lat' dir='ltr'><strong>neris</strong></span> <span class='ocrx_word' id='word_1_178' title='bbox 395 2810 678 2884; x_wconf 81' lang='lat' dir='ltr'><strong>longitudo</strong></span> <span class='ocrx_word' id='word_1_179' title='bbox 701 2850 719 2878; x_wconf 95' lang='lat'><strong>,</strong></span> <span class='ocrx_word' id='word_1_180' title='bbox 767 2824 941 2879; x_wconf 87' lang='lat' dir='ltr'><strong>neque</strong></span> <span class='ocrx_word' id='word_1_181' title='bbox 986 2807 1323 2878; x_wconf 77' lang='lat' dir='ltr'><strong>negotiorum</strong></span> <span class='ocrx_word' id='word_1_182' title='bbox 1364 2804 1703 2859; x_wconf 79' lang='lat' dir='ltr'><strong>difficultates</strong></span> <span class='ocrx_word' id='word_1_183' title='bbox 1742 2816 1805 2858; x_wconf 88' lang='lat' dir='ltr'><strong>ac</strong></span> 
     </span>
    </p>
   </div>
   <div class='ocr_carea' id='block_1_27' title="bbox 224 2892 1807 2973">
    <p class='ocr_par' dir='ltr' id='par_1_27' title="bbox 224 2892 1807 2973">
     <span class='ocr_line' id='line_1_27' title="bbox 224 2892 1807 2973; baseline -0.006 -14"><span class='ocrx_word' id='word_1_184' title='bbox 224 2905 489 2972; x_wconf 65' lang='lat' dir='ltr'><strong>molestiae,</strong></span> <span class='ocrx_word' id='word_1_185' title='bbox 518 2918 624 2959; x_wconf 91' lang='lat' dir='ltr'><strong>nec</strong></span> <span class='ocrx_word' id='word_1_186' title='bbox 648 2902 880 2973; x_wconf 85' lang='lat' dir='ltr'><strong>denique</strong></span> <span class='ocrx_word' id='word_1_187' title='bbox 900 2899 1043 2955; x_wconf 88' lang='lat' dir='ltr'><strong>aliud</strong></span> <span class='ocrx_word' id='word_1_188' title='bbox 1079 2897 1391 2970; x_wconf 84' lang='lat' dir='ltr'><strong>quidquam,</strong></span> <span class='ocrx_word' id='word_1_189' title='bbox 1420 2911 1527 2967; x_wconf 89' lang='lat' dir='ltr'><strong>quo</strong></span> <span class='ocrx_word' id='word_1_190' title='bbox 1548 2895 1725 2951; x_wconf 87' lang='lat' dir='ltr'><strong>minus</strong></span> <span class='ocrx_word' id='word_1_191' title='bbox 1755 2892 1807 2949; x_wconf 91' lang='lat' dir='ltr'><strong>id</strong></span> 
     </span>
    </p>
   </div>
   <div class='ocr_carea' id='block_1_28' title="bbox 224 2983 1811 3066">
    <p class='ocr_par' dir='ltr' id='par_1_28' title="bbox 224 2983 1811 3066">
     <span class='ocr_line' id='line_1_28' title="bbox 224 2983 1811 3066; baseline -0.006 -15"><span class='ocrx_word' id='word_1_192' title='bbox 224 2997 365 3051; x_wconf 80' lang='lat' dir='ltr'><strong>nobis</strong></span> <span class='ocrx_word' id='word_1_193' title='bbox 411 2995 797 3066; x_wconf 85' lang='lat' dir='ltr'><strong>contingeret,</strong></span> <span class='ocrx_word' id='word_1_194' title='bbox 840 2991 1225 3063; x_wconf 86' lang='lat' dir='ltr'><strong>impedimento</strong></span> <span class='ocrx_word' id='word_1_195' title='bbox 1280 3004 1402 3044; x_wconf 89' lang='lat' dir='ltr'><strong>esse</strong></span> <span class='ocrx_word' id='word_1_196' title='bbox 1448 2987 1640 3059; x_wconf 90' lang='lat' dir='ltr'><strong>potuit.</strong></span> <span class='ocrx_word' id='word_1_197' title='bbox 1685 2983 1811 3042; x_wconf 65' lang='lat' dir='ltr'><strong>Haec</strong></span> 
     </span>
    </p>
   </div>
   <div class='ocr_carea' id='block_1_29' title="bbox 228 3076 1809 3158">
    <p class='ocr_par' dir='ltr' id='par_1_29' title="bbox 228 3076 1809 3158">
     <span class='ocr_line' id='line_1_29' title="bbox 228 3076 1809 3158; baseline -0.006 -16"><span class='ocrx_word' id='word_1_198' title='bbox 228 3088 375 3158; x_wconf 79' lang='lat' dir='ltr'><strong>igitur</strong></span> <span class='ocrx_word' id='word_1_199' title='bbox 397 3103 518 3143; x_wconf 91' lang='lat' dir='ltr'><strong>cum</strong></span> <span class='ocrx_word' id='word_1_200' title='bbox 560 3086 722 3151; x_wconf 85' lang='lat' dir='ltr'><strong>scias,</strong></span> <span class='ocrx_word' id='word_1_201' title='bbox 763 3082 983 3141; x_wconf 91' lang='lat' dir='ltr'><strong>domine</strong></span> <span class='ocrx_word' id='word_1_202' title='bbox 1018 3081 1091 3136; x_wconf 90' lang='lat' dir='ltr'><strong>mi</strong></span> <span class='ocrx_word' id='word_1_203' title='bbox 1130 3078 1443 3150; x_wconf 88' lang='lat' dir='ltr'><strong>cumprimis</strong></span> <span class='ocrx_word' id='word_1_204' title='bbox 1474 3076 1809 3147; x_wconf 82' lang='lat' dir='ltr'><strong>admirandc,</strong></span> 
     </span>
    </p>
   </div>
   <div class='ocr_carea' id='block_1_30' title="bbox 224 3168 1808 3251">
    <p class='ocr_par' dir='ltr' id='par_1_30' title="bbox 224 3168 1808 3251">
     <span class='ocr_line' id='line_1_30' title="bbox 224 3168 1808 3251; baseline -0.005 -19"><span class='ocrx_word' id='word_1_205' title='bbox 224 3195 285 3233; x_wconf 88' lang='lat' dir='ltr'><strong>ne</strong></span> <span class='ocrx_word' id='word_1_206' title='bbox 309 3188 360 3236; x_wconf 89' lang='lat' dir='ltr'><strong>te</strong></span> <span class='ocrx_word' id='word_1_207' title='bbox 384 3194 570 3251; x_wconf 64' lang='lat' dir='ltr'><strong>quaeso</strong></span> <span class='ocrx_word' id='word_1_208' title='bbox 597 3178 666 3234; x_wconf 89' lang='lat' dir='ltr'><strong>de</strong></span> <span class='ocrx_word' id='word_1_209' title='bbox 696 3184 786 3232; x_wconf 87' lang='lat' dir='ltr'><strong>tua</strong></span> <span class='ocrx_word' id='word_1_210' title='bbox 825 3175 1093 3245; x_wconf 85' lang='lat' dir='ltr'><strong>totiusque</strong></span> <span class='ocrx_word' id='word_1_211' title='bbox 1118 3172 1311 3227; x_wconf 91' lang='lat' dir='ltr'><strong>domus</strong></span> <span class='ocrx_word' id='word_1_212' title='bbox 1337 3180 1442 3226; x_wconf 81' lang='lat' dir='ltr'><strong>tuae</strong></span> <span class='ocrx_word' id='word_1_213' title='bbox 1480 3168 1808 3237; x_wconf 79' lang='lat' dir='ltr'><strong>valetudine,</strong></span> 
     </span>
    </p>
   </div>
   <div class='ocr_carea' id='block_1_31' title="bbox 222 3262 1816 3344">
    <p class='ocr_par' dir='ltr' id='par_1_31' title="bbox 222 3262 1816 3344">
     <span class='ocr_line' id='line_1_31' title="bbox 222 3262 1816 3344; baseline -0.004 -19"><span class='ocrx_word' id='word_1_214' title='bbox 222 3273 480 3344; x_wconf 85' lang='lat' dir='ltr'><strong>animique</strong></span> <span class='ocrx_word' id='word_1_215' title='bbox 518 3270 791 3327; x_wconf 86' lang='lat' dir='ltr'><strong>hilaritate</strong></span> <span class='ocrx_word' id='word_1_216' title='bbox 830 3282 930 3324; x_wconf 89' lang='lat' dir='ltr'><strong>nos</strong></span> <span class='ocrx_word' id='word_1_217' title='bbox 968 3281 1065 3337; x_wconf 89' lang='lat' dir='ltr'><strong>per</strong></span> <span class='ocrx_word' id='word_1_218' title='bbox 1103 3264 1287 3322; x_wconf 87' lang='lat' dir='ltr'><strong>literas</strong></span> <span class='ocrx_word' id='word_1_219' title='bbox 1330 3263 1593 3319; x_wconf 90' lang='lat' dir='ltr'><strong>certiores</strong></span> <span class='ocrx_word' id='word_1_220' title='bbox 1637 3262 1816 3318; x_wconf 87' lang='lat' dir='ltr'><strong>facere</strong></span> 
     </span>
    </p>
   </div>
   <div class='ocr_carea' id='block_1_32' title="bbox 226 3352 1817 3434">
    <p class='ocr_par' dir='ltr' id='par_1_32' title="bbox 226 3352 1817 3434">
     <span class='ocr_line' id='line_1_32' title="bbox 226 3352 1817 3434; baseline -0.004 -18"><span class='ocrx_word' id='word_1_221' title='bbox 226 3364 410 3434; x_wconf 83' lang='lat' dir='ltr'><strong>pigeat.</strong></span> <span class='ocrx_word' id='word_1_222' title='bbox 438 3364 550 3422; x_wconf 82' lang='lat' dir='ltr'><strong>Nec</strong></span> <span class='ocrx_word' id='word_1_223' title='bbox 575 3363 720 3419; x_wconf 88' lang='lat' dir='ltr'><strong>enim</strong></span> <span class='ocrx_word' id='word_1_224' title='bbox 750 3369 803 3418; x_wconf 88' lang='lat' dir='ltr'><strong>te</strong></span> <span class='ocrx_word' id='word_1_225' title='bbox 832 3359 985 3432; x_wconf 88' lang='lat' dir='ltr'><strong>fugit,</strong></span> <span class='ocrx_word' id='word_1_226' title='bbox 1010 3365 1224 3430; x_wconf 65' lang='lat' dir='ltr'><strong>quantae</strong></span> <span class='ocrx_word' id='word_1_227' title='bbox 1250 3354 1405 3412; x_wconf 89' lang='lat' dir='ltr'><strong>nobis</strong></span> <span class='ocrx_word' id='word_1_228' title='bbox 1426 3368 1571 3411; x_wconf 64' lang='lat' dir='ltr'><strong>cura:</strong></span> <span class='ocrx_word' id='word_1_229' title='bbox 1599 3353 1671 3410; x_wconf 91' lang='lat' dir='ltr'><strong>sit</strong></span> <span class='ocrx_word' id='word_1_230' title='bbox 1699 3352 1817 3410; x_wconf 73' lang='lat' dir='ltr'><strong>inec</strong></span> 
     </span>
    </p>
   </div>
   <div class='ocr_carea' id='block_1_33' title="bbox 224 3470 373 3515">
    <p class='ocr_par' dir='ltr' id='par_1_33' title="bbox 224 3470 373 3515">
     <span class='ocr_line' id='line_1_33' title="bbox 224 3470 373 3515; baseline 0.007 -3"><span class='ocrx_word' id='word_1_231' title='bbox 224 3470 373 3515; x_wconf 69' lang='grc' dir='ltr'><strong>ωηο.</strong></span> 
     </span>
    </p>
   </div>
   <div class='ocr_carea' id='block_1_34' title="bbox 358 3578 1672 3657">
    <p class='ocr_par' dir='ltr' id='par_1_34' title="bbox 358 3578 1672 3657">
     <span class='ocr_line' id='line_1_34' title="bbox 358 3578 1672 3657; baseline -0.01 -10"><span class='ocrx_word' id='word_1_232' title='bbox 358 3589 506 3648; x_wconf 80' lang='lat' dir='ltr'><strong>LIX.</strong></span> <span class='ocrx_word' id='word_1_233' title='bbox 537 3588 801 3648; x_wconf 75' lang='lat' dir='ltr'><strong>Theodoto</strong></span> <span class='ocrx_word' id='word_1_234' title='bbox 834 3586 1070 3642; x_wconf 79' lang='lat' dir='ltr'><strong>diacono.</strong></span> <span class='ocrx_word' id='word_1_235' title='bbox 1100 3581 1335 3657; x_wconf 87' lang='lat' dir='ltr'><strong>(Cucuso</strong></span> <span class='ocrx_word' id='word_1_236' title='bbox 1354 3595 1497 3638; x_wconf 89' lang='lat' dir='ltr'><strong>anno</strong></span> <span class='ocrx_word' id='word_1_237' title='bbox 1519 3578 1672 3650; x_wconf 67' lang='lat'><strong>405.)</strong></span> 
     </span>
    </p>
   </div>
   <div class='ocr_carea' id='block_1_35' title="bbox 292 3707 1816 3786">
    <p class='ocr_par' dir='ltr' id='par_1_35' title="bbox 292 3707 1816 3786">
     <span class='ocr_line' id='line_1_35' title="bbox 292 3707 1816 3786; baseline -0.012 -6"><span class='ocrx_word' id='word_1_238' title='bbox 292 3725 406 3781; x_wconf 85' lang='lat' dir='ltr'><strong>Cito</strong></span> <span class='ocrx_word' id='word_1_239' title='bbox 435 3722 607 3781; x_wconf 88' lang='lat' dir='ltr'><strong>nostri</strong></span> <span class='ocrx_word' id='word_1_240' title='bbox 637 3721 836 3777; x_wconf 88' lang='lat' dir='ltr'><strong>oblitus</strong></span> <span class='ocrx_word' id='word_1_241' title='bbox 860 3734 940 3786; x_wconf 82' lang='lat' dir='ltr'><strong>es,</strong></span> <span class='ocrx_word' id='word_1_242' title='bbox 966 3716 1033 3774; x_wconf 88' lang='lat' dir='ltr'><strong>ad</strong></span> <span class='ocrx_word' id='word_1_243' title='bbox 1061 3717 1329 3786; x_wconf 81' lang='lat' dir='ltr'><strong>ingentem</strong></span> <span class='ocrx_word' id='word_1_244' title='bbox 1351 3727 1471 3768; x_wconf 90' lang='lat' dir='ltr'><strong>eam</strong></span> <span class='ocrx_word' id='word_1_245' title='bbox 1493 3707 1816 3772; x_wconf 87' lang='lat' dir='ltr'><strong>molestiam,</strong></span> 
     </span>
    </p>
   </div>
   <div class='ocr_carea' id='block_1_36' title="bbox 228 3800 1820 3886">
    <p class='ocr_par' dir='ltr' id='par_1_36' title="bbox 228 3800 1820 3886">
     <span class='ocr_line' id='line_1_36' title="bbox 228 3800 1820 3886; baseline -0.011 -14"><span class='ocrx_word' id='word_1_246' title='bbox 228 3832 377 3886; x_wconf 85' lang='lat' dir='ltr'><strong>quam</strong></span> <span class='ocrx_word' id='word_1_247' title='bbox 399 3832 464 3873; x_wconf 81' lang='lat' dir='ltr'><strong>ex</strong></span> <span class='ocrx_word' id='word_1_248' title='bbox 491 3815 740 3886; x_wconf 85' lang='lat' dir='ltr'><strong>digressu</strong></span> <span class='ocrx_word' id='word_1_249' title='bbox 781 3822 874 3867; x_wconf 90' lang='lat' dir='ltr'><strong>tuo</strong></span> <span class='ocrx_word' id='word_1_250' title='bbox 901 3807 1230 3879; x_wconf 85' lang='lat' dir='ltr'><strong>accepimus,</strong></span> <span class='ocrx_word' id='word_1_251' title='bbox 1274 3805 1439 3859; x_wconf 91' lang='lat' dir='ltr'><strong>alium</strong></span> <span class='ocrx_word' id='word_1_252' title='bbox 1474 3816 1541 3857; x_wconf 79' lang='lat' dir='ltr'><strong>ex</strong></span> <span class='ocrx_word' id='word_1_253' title='bbox 1567 3800 1820 3855; x_wconf 90' lang='lat' dir='ltr'><strong>diuturno</strong></span> 
     </span>
    </p>
   </div>
   <div class='ocr_carea' id='block_1_37' title="bbox 232 3889 1823 3968">
    <p class='ocr_par' dir='ltr' id='par_1_37' title="bbox 232 3889 1823 3968">
     <span class='ocr_line' id='line_1_37' title="bbox 232 3889 1823 3968; baseline -0.011 -8"><span class='ocrx_word' id='word_1_254' title='bbox 232 3918 316 3962; x_wconf 92' lang='lat' dir='ltr'><strong>tuo</strong></span> <span class='ocrx_word' id='word_1_255' title='bbox 338 3908 553 3964; x_wconf 90' lang='lat' dir='ltr'><strong>silentio</strong></span> <span class='ocrx_word' id='word_1_256' title='bbox 594 3917 880 3959; x_wconf 76' lang='lat' dir='ltr'><strong>maerorem</strong></span> <span class='ocrx_word' id='word_1_257' title='bbox 923 3898 1240 3968; x_wconf 75' lang='lat' dir='ltr'><strong>adiungens.</strong></span> <span class='ocrx_word' id='word_1_258' title='bbox 1280 3893 1391 3949; x_wconf 87' lang='lat' dir='ltr'><strong>Nec</strong></span> <span class='ocrx_word' id='word_1_259' title='bbox 1420 3906 1550 3947; x_wconf 89' lang='lat' dir='ltr'><strong>vero</strong></span> <span class='ocrx_word' id='word_1_260' title='bbox 1587 3889 1653 3944; x_wconf 88' lang='lat' dir='ltr'><strong>ad</strong></span> <span class='ocrx_word' id='word_1_261' title='bbox 1690 3897 1823 3944; x_wconf 87' lang='lat' dir='ltr'><strong>tem-</strong></span> 
     </span>
    </p>
   </div>
   <div class='ocr_carea' id='block_1_38' title="bbox 230 3982 1820 4072">
    <p class='ocr_par' dir='ltr' id='par_1_38' title="bbox 230 3982 1820 4072">
     <span class='ocr_line' id='line_1_38' title="bbox 230 3982 1820 4072; baseline -0.011 -18"><span class='ocrx_word' id='word_1_262' title='bbox 230 4002 368 4069; x_wconf 87' lang='lat' dir='ltr'><strong>poris</strong></span> <span class='ocrx_word' id='word_1_263' title='bbox 390 3999 694 4072; x_wconf 88' lang='lat' dir='ltr'><strong>angustiam</strong></span> <span class='ocrx_word' id='word_1_264' title='bbox 737 3994 831 4051; x_wconf 89' lang='lat' dir='ltr'><strong>tibi</strong></span> <span class='ocrx_word' id='word_1_265' title='bbox 866 3991 1161 4064; x_wconf 85' lang='lat' dir='ltr'><strong>perfugium</strong></span> <span class='ocrx_word' id='word_1_266' title='bbox 1212 3995 1359 4059; x_wconf 89' lang='lat' dir='ltr'><strong>patet</strong></span> <span class='ocrx_word' id='word_1_267' title='bbox 1398 4001 1413 4041; x_wconf 89' lang='lat'><strong>:</strong></span> <span class='ocrx_word' id='word_1_268' title='bbox 1452 3999 1574 4041; x_wconf 89' lang='lat' dir='ltr'><strong>nam</strong></span> <span class='ocrx_word' id='word_1_269' title='bbox 1610 3982 1820 4039; x_wconf 89' lang='lat' dir='ltr'><strong>dierum</strong></span> 
     </span>
    </p>
   </div>
   <div class='ocr_carea' id='block_1_39' title="bbox 231 4071 1825 4159">
    <p class='ocr_par' dir='ltr' id='par_1_39' title="bbox 231 4071 1825 4159">
     <span class='ocr_line' id='line_1_39' title="bbox 231 4071 1825 4159; baseline -0.011 -14"><span class='ocrx_word' id='word_1_270' title='bbox 231 4071 504 4148; x_wconf 85' lang='lat' dir='ltr'><strong>multitudo</strong></span> <span class='ocrx_word' id='word_1_271' title='bbox 555 4091 824 4159; x_wconf 79' lang='lat' dir='ltr'><strong>ingentem</strong></span> <span class='ocrx_word' id='word_1_272' title='bbox 877 4083 945 4139; x_wconf 91' lang='lat' dir='ltr'><strong>ad</strong></span> <span class='ocrx_word' id='word_1_273' title='bbox 996 4081 1228 4137; x_wconf 85' lang='lat' dir='ltr'><strong>reditum</strong></span> <span class='ocrx_word' id='word_1_274' title='bbox 1278 4075 1585 4132; x_wconf 87' lang='lat' dir='ltr'><strong>facilitatem</strong></span> <span class='ocrx_word' id='word_1_275' title='bbox 1631 4071 1825 4127; x_wconf 83' lang='lat' dir='ltr'><strong>viatori</strong></span> 
     </span>
    </p>
   </div>
   <div class='ocr_carea' id='block_1_40' title="bbox 233 4166 1826 4254">
    <p class='ocr_par' dir='ltr' id='par_1_40' title="bbox 233 4166 1826 4254">
     <span class='ocr_line' id='line_1_40' title="bbox 233 4166 1826 4254; baseline -0.011 -16"><span class='ocrx_word' id='word_1_276' title='bbox 233 4185 466 4254; x_wconf 75' lang='lat' dir='ltr'><strong>pnebere</strong></span> <span class='ocrx_word' id='word_1_277' title='bbox 517 4187 719 4254; x_wconf 89' lang='lat' dir='ltr'><strong>potest.</strong></span> <span class='ocrx_word' id='word_1_278' title='bbox 773 4176 912 4246; x_wconf 86' lang='lat' dir='ltr'><strong>Quin</strong></span> <span class='ocrx_word' id='word_1_279' title='bbox 958 4189 1028 4230; x_wconf 90' lang='lat' dir='ltr'><strong>ne</strong></span> <span class='ocrx_word' id='word_1_280' title='bbox 1074 4171 1338 4227; x_wconf 90' lang='lat' dir='ltr'><strong>lsauricos</strong></span> <span class='ocrx_word' id='word_1_281' title='bbox 1384 4166 1600 4239; x_wconf 89' lang='lat' dir='ltr'><strong>quidem</strong></span> <span class='ocrx_word' id='word_1_282' title='bbox 1648 4174 1826 4221; x_wconf 87' lang='lat' dir='ltr'><strong>metus</strong></span> 
     </span>
    </p>
   </div>
   <div class='ocr_carea' id='block_1_41' title="bbox 232 4261 1829 4341">
    <p class='ocr_par' dir='ltr' id='par_1_41' title="bbox 232 4261 1829 4341">
     <span class='ocr_line' id='line_1_41' title="bbox 232 4261 1829 4341; baseline -0.012 -12"><span class='ocrx_word' id='word_1_283' title='bbox 232 4274 434 4329; x_wconf 86' lang='lat' dir='ltr'><strong>causari</strong></span> <span class='ocrx_word' id='word_1_284' title='bbox 477 4284 533 4329; x_wconf 90' lang='lat' dir='ltr'><strong>te</strong></span> <span class='ocrx_word' id='word_1_285' title='bbox 586 4270 868 4341; x_wconf 87' lang='lat' dir='ltr'><strong>patiemur,</strong></span> <span class='ocrx_word' id='word_1_286' title='bbox 920 4261 1353 4336; x_wconf 89' lang='lat' dir='ltr'><strong>quandoquidem</strong></span> <span class='ocrx_word' id='word_1_287' title='bbox 1401 4268 1453 4314; x_wconf 84' lang='lat' dir='ltr'><strong>te</strong></span> <span class='ocrx_word' id='word_1_288' title='bbox 1503 4268 1829 4327; x_wconf 85' lang='lat' dir='ltr'><strong>magnopere</strong></span> 
     </span>
    </p>
   </div>
   <div class='ocr_carea' id='block_1_42' title="bbox 235 4349 1827 4431">
    <p class='ocr_par' dir='ltr' id='par_1_42' title="bbox 235 4349 1827 4431">
     <span class='ocr_line' id='line_1_42' title="bbox 235 4349 1827 4431; baseline -0.01 -15"><span class='ocrx_word' id='word_1_289' title='bbox 235 4377 489 4420; x_wconf 85' lang='lat' dir='ltr'><strong>amamus.</strong></span> <span class='ocrx_word' id='word_1_290' title='bbox 514 4361 664 4418; x_wconf 79' lang='lat' dir='ltr'><strong>Multi</strong></span> <span class='ocrx_word' id='word_1_291' title='bbox 696 4359 893 4431; x_wconf 89' lang='lat' dir='ltr'><strong>quippe</strong></span> <span class='ocrx_word' id='word_1_292' title='bbox 922 4363 1067 4421; x_wconf 90' lang='lat' dir='ltr'><strong>sunt,</strong></span> <span class='ocrx_word' id='word_1_293' title='bbox 1084 4352 1176 4425; x_wconf 91' lang='lat' dir='ltr'><strong>qui</strong></span> <span class='ocrx_word' id='word_1_294' title='bbox 1204 4360 1327 4423; x_wconf 88' lang='lat' dir='ltr'><strong>post</strong></span> <span class='ocrx_word' id='word_1_295' title='bbox 1346 4349 1646 4405; x_wconf 86' lang='lat' dir='ltr'><strong>discessum</strong></span> <span class='ocrx_word' id='word_1_296' title='bbox 1677 4354 1827 4402; x_wconf 91' lang='lat' dir='ltr'><strong>tuum</strong></span> 
     </span>
    </p>
   </div>
   <div class='ocr_carea' id='block_1_43' title="bbox 236 4438 1831 4519">
    <p class='ocr_par' dir='ltr' id='par_1_43' title="bbox 236 4438 1831 4519">
     <span class='ocr_line' id='line_1_43' title="bbox 236 4438 1831 4519; baseline -0.012 -8"><span class='ocrx_word' id='word_1_297' title='bbox 236 4459 377 4514; x_wconf 86' lang='lat' dir='ltr'><strong>illinc</strong></span> <span class='ocrx_word' id='word_1_298' title='bbox 402 4458 508 4514; x_wconf 85' lang='lat' dir='ltr'><strong>huc</strong></span> <span class='ocrx_word' id='word_1_299' title='bbox 534 4454 802 4512; x_wconf 88' lang='lat' dir='ltr'><strong>venerint.</strong></span> <span class='ocrx_word' id='word_1_300' title='bbox 827 4450 1084 4519; x_wconf 77' lang='lat' dir='ltr'><strong>Quzenam</strong></span> <span class='ocrx_word' id='word_1_301' title='bbox 1113 4445 1275 4517; x_wconf 79' lang='lat' dir='ltr'><strong>igitur</strong></span> <span class='ocrx_word' id='word_1_302' title='bbox 1302 4441 1500 4497; x_wconf 89' lang='lat' dir='ltr'><strong>silentii</strong></span> <span class='ocrx_word' id='word_1_303' title='bbox 1528 4453 1687 4495; x_wconf 89' lang='lat' dir='ltr'><strong>causa</strong></span> <span class='ocrx_word' id='word_1_304' title='bbox 1710 4438 1831 4493; x_wconf 80' lang='lat' dir='ltr'><strong>est?</strong></span> 
     </span>
    </p>
   </div>
   <div class='ocr_carea' id='block_1_44' title="bbox 238 4529 1833 4622">
    <p class='ocr_par' dir='ltr' id='par_1_44' title="bbox 238 4529 1833 4622">
     <span class='ocr_line' id='line_1_44' title="bbox 238 4529 1833 4622; baseline -0.013 -18"><span class='ocrx_word' id='word_1_305' title='bbox 238 4549 563 4622; x_wconf 72' lang='lat' dir='ltr'><strong>Negligentia</strong></span> <span class='ocrx_word' id='word_1_306' title='bbox 589 4545 863 4609; x_wconf 90' lang='lat' dir='ltr'><strong>nimirum,</strong></span> <span class='ocrx_word' id='word_1_307' title='bbox 895 4556 959 4595; x_wconf 90' lang='lat' dir='ltr'><strong>ac</strong></span> <span class='ocrx_word' id='word_1_308' title='bbox 996 4536 1231 4610; x_wconf 88' lang='lat' dir='ltr'><strong>pigritia.</strong></span> <span class='ocrx_word' id='word_1_309' title='bbox 1279 4532 1385 4590; x_wconf 88' lang='lat' dir='ltr'><strong>Sed</strong></span> <span class='ocrx_word' id='word_1_310' title='bbox 1427 4541 1605 4587; x_wconf 87' lang='lat' dir='ltr'><strong>tamen</strong></span> <span class='ocrx_word' id='word_1_311' title='bbox 1636 4529 1833 4601; x_wconf 88' lang='lat' dir='ltr'><strong>prioris</strong></span> 
     </span>
    </p>
   </div>
   <div class='ocr_carea' id='block_1_45' title="bbox 241 4620 1834 4712">
    <p class='ocr_par' dir='ltr' id='par_1_45' title="bbox 241 4620 1834 4712">
     <span class='ocr_line' id='line_1_45' title="bbox 241 4620 1834 4712; baseline -0.013 -16"><span class='ocrx_word' id='word_1_312' title='bbox 241 4620 575 4712; x_wconf 69' lang='lat' dir='ltr'><strong>negligentia:</strong></span> <span class='ocrx_word' id='word_1_313' title='bbox 602 4636 814 4707; x_wconf 88' lang='lat' dir='ltr'><strong>culpam</strong></span> <span class='ocrx_word' id='word_1_314' title='bbox 840 4632 934 4688; x_wconf 87' lang='lat' dir='ltr'><strong>tibi</strong></span> <span class='ocrx_word' id='word_1_315' title='bbox 961 4628 1306 4693; x_wconf 89' lang='lat' dir='ltr'><strong>remittimus,</strong></span> <span class='ocrx_word' id='word_1_316' title='bbox 1333 4625 1378 4680; x_wconf 87' lang='lat' dir='ltr'><strong>si</strong></span> <span class='ocrx_word' id='word_1_317' title='bbox 1406 4623 1567 4679; x_wconf 86' lang='lat' dir='ltr'><strong>modo</strong></span> <span class='ocrx_word' id='word_1_318' title='bbox 1593 4622 1834 4677; x_wconf 90' lang='lat' dir='ltr'><strong>animum</strong></span> 
     </span>
    </p>
   </div>
   <div class='ocr_carea' id='block_1_46' title="bbox 242 4710 1835 4804">
    <p class='ocr_par' dir='ltr' id='par_1_46' title="bbox 242 4710 1835 4804">
     <span class='ocr_line' id='line_1_46' title="bbox 242 4710 1835 4804; baseline -0.013 -18"><span class='ocrx_word' id='word_1_319' title='bbox 242 4710 329 4787; x_wconf 18' lang='lat' dir='ltr'><strong>inv</strong></span> <span class='ocrx_word' id='word_1_320' title='bbox 351 4710 628 4804; x_wconf 77' lang='lat' dir='ltr'><strong>posterum</strong></span> <span class='ocrx_word' id='word_1_321' title='bbox 674 4723 951 4781; x_wconf 77' lang='lat' dir='ltr'><strong>induxeris</strong></span> <span class='ocrx_word' id='word_1_322' title='bbox 993 4717 1413 4791; x_wconf 58' lang='lat' dir='ltr'><strong>praetermissum</strong></span> <span class='ocrx_word' id='word_1_323' title='bbox 1445 4714 1541 4769; x_wconf 87' lang='lat' dir='ltr'><strong>abs</strong></span> <span class='ocrx_word' id='word_1_324' title='bbox 1582 4721 1635 4768; x_wconf 90' lang='lat' dir='ltr'><strong>te</strong></span> <span class='ocrx_word' id='word_1_325' title='bbox 1673 4710 1835 4767; x_wconf 77' lang='lat' dir='ltr'><strong>officii</strong></span> 
     </span>
    </p>
   </div>
   <div class='ocr_carea' id='block_1_47' title="bbox 240 4804 1840 4889">
    <p class='ocr_par' dir='ltr' id='par_1_47' title="bbox 240 4804 1840 4889">
     <span class='ocr_line' id='line_1_47' title="bbox 240 4804 1840 4889; baseline -0.013 -12"><span class='ocrx_word' id='word_1_326' title='bbox 240 4838 431 4878; x_wconf 85' lang='lat' dir='ltr'><strong>munus</strong></span> <span class='ocrx_word' id='word_1_327' title='bbox 461 4815 834 4889; x_wconf 89' lang='lat' dir='ltr'><strong>frequentibus</strong></span> <span class='ocrx_word' id='word_1_328' title='bbox 864 4812 1034 4869; x_wconf 87' lang='lat' dir='ltr'><strong>literis</strong></span> <span class='ocrx_word' id='word_1_329' title='bbox 1075 4809 1299 4866; x_wconf 89' lang='lat' dir='ltr'><strong>sarcire.</strong></span> <span class='ocrx_word' id='word_1_330' title='bbox 1344 4806 1463 4862; x_wconf 89' lang='lat' dir='ltr'><strong>Scis</strong></span> <span class='ocrx_word' id='word_1_331' title='bbox 1496 4804 1642 4861; x_wconf 89' lang='lat' dir='ltr'><strong>enim</strong></span> <span class='ocrx_word' id='word_1_332' title='bbox 1669 4818 1840 4873; x_wconf 83' lang='lat' dir='ltr'><strong>quan—</strong></span> 
     </span>
    </p>
   </div>
   <div class='ocr_carea' id='block_1_48' title="bbox 243 4901 1837 4982">
    <p class='ocr_par' dir='ltr' id='par_1_48' title="bbox 243 4901 1837 4982">
     <span class='ocr_line' id='line_1_48' title="bbox 243 4901 1837 4982; baseline -0.01 -15"><span class='ocrx_word' id='word_1_333' title='bbox 243 4928 344 4968; x_wconf 87' lang='lat' dir='ltr'><strong>tam</strong></span> <span class='ocrx_word' id='word_1_334' title='bbox 372 4931 401 4968; x_wconf 89' lang='lat' dir='ltr'><strong>a</strong></span> <span class='ocrx_word' id='word_1_335' title='bbox 423 4913 586 4969; x_wconf 89' lang='lat' dir='ltr'><strong>nobis</strong></span> <span class='ocrx_word' id='word_1_336' title='bbox 609 4909 835 4982; x_wconf 88' lang='lat' dir='ltr'><strong>gratiam</strong></span> <span class='ocrx_word' id='word_1_337' title='bbox 861 4906 1090 4962; x_wconf 91' lang='lat' dir='ltr'><strong>initurus</strong></span> <span class='ocrx_word' id='word_1_338' title='bbox 1121 4903 1217 4970; x_wconf 87' lang='lat' dir='ltr'><strong>sis,</strong></span> <span class='ocrx_word' id='word_1_339' title='bbox 1243 4901 1311 4957; x_wconf 92' lang='lat' dir='ltr'><strong>de</strong></span> <span class='ocrx_word' id='word_1_340' title='bbox 1346 4908 1437 4958; x_wconf 84' lang='lat' dir='ltr'><strong>tua</strong></span> <span class='ocrx_word' id='word_1_341' title='bbox 1464 4912 1721 4971; x_wconf 90' lang='lat' dir='ltr'><strong>prospera</strong></span> <span class='ocrx_word' id='word_1_342' title='bbox 1748 4910 1837 4951; x_wconf 86' lang='lat' dir='ltr'><strong>va-</strong></span> 
     </span>
    </p>
   </div>
   <div class='ocr_carea' id='block_1_49' title="bbox 242 4996 1199 5062">
    <p class='ocr_par' dir='ltr' id='par_1_49' title="bbox 242 4996 1199 5062">
     <span class='ocr_line' id='line_1_49' title="bbox 242 4996 1199 5062; baseline -0.01 0"><span class='ocrx_word' id='word_1_343' title='bbox 242 5007 476 5062; x_wconf 89' lang='lat' dir='ltr'><strong>letudine</strong></span> <span class='ocrx_word' id='word_1_344' title='bbox 504 5005 698 5060; x_wconf 90' lang='lat' dir='ltr'><strong>crebro</strong></span> <span class='ocrx_word' id='word_1_345' title='bbox 726 4999 792 5056; x_wconf 91' lang='lat' dir='ltr'><strong>ad</strong></span> <span class='ocrx_word' id='word_1_346' title='bbox 818 5013 918 5055; x_wconf 88' lang='lat' dir='ltr'><strong>nos</strong></span> <span class='ocrx_word' id='word_1_347' title='bbox 937 4996 1199 5053; x_wconf 87' lang='lat' dir='ltr'><strong>scribens.</strong></span> 
     </span>
    </p>
   </div>
   <div class='ocr_carea' id='block_1_50' title="bbox 290 5127 1840 5213">
    <p class='ocr_par' dir='ltr' id='par_1_50' title="bbox 290 5127 1840 5213">
     <span class='ocr_line' id='line_1_50' title="bbox 290 5127 1840 5213; baseline 0 0"><span class='ocrx_word' id='word_1_348' title='bbox 290 5141 376 5213; x_wconf 64' lang='lat'><strong>$9)</strong></span> <span class='ocrx_word' id='word_1_349' title='bbox 410 5148 466 5213; x_wconf 70' lang='lat'><strong>&quot;3</strong></span> <span class='ocrx_word' id='word_1_350' title='bbox 479 5139 609 5213; x_wconf 67' lang='grc'><strong>1³³3³⁸</strong></span> <span class='ocrx_word' id='word_1_351' title='bbox 630 5128 1585 5213; x_wconf 48' lang='grc' dir='ltr'><strong>τοτιειιιιβᾏξιέιξ.9.νξὶυὶιξ.39ε.ίξιέξτ92.ξ2</strong></span> <span class='ocrx_word' id='word_1_352' title='bbox 1598 5127 1840 5213; x_wconf 57' lang='grc' dir='ltr'><strong>¹ῗὶίἶ³ἒ¹¹ῗὶ</strong></span> 
     </span>
    </p>
   </div>
   <div class='ocr_carea' id='block_1_51' title="bbox 248 5179 1845 5271">
    <p class='ocr_par' dir='ltr' id='par_1_51' title="bbox 248 5179 1845 5271">
     <span class='ocr_line' id='line_1_51' title="bbox 248 5179 1845 5271; baseline 0.003 -3"><span class='ocrx_word' id='word_1_353' title='bbox 248 5179 1845 5271; x_wconf 51' lang='grc' dir='ltr'><strong>είὶὶὶῗιε’ἷ)ιῖἕὲ’ἶιέῐ›ἱῐᾶ”ῗῑτῇἰέέἑιὲηι’ΕΈΕΘἨἪΞΨΕΞΗΞἎΞΞ</strong></span> 
     </span>
    </p>
   </div>
   <div class='ocr_carea' id='block_1_52' title="bbox 243 5247 1851 5389">
    <p class='ocr_par' dir='ltr' id='par_1_52' title="bbox 243 5247 1851 5389">
     <span class='ocr_line' id='line_1_52' title="bbox 243 5247 1847 5323; baseline -0.014 -12"><span class='ocrx_word' id='word_1_354' title='bbox 243 5247 700 5323; x_wconf 55' lang='grc' dir='ltr'><strong>ὗίίόὲξέἷῦίὼἑῖὸ,</strong></span> <span class='ocrx_word' id='word_1_355' title='bbox 727 5247 789 5309; x_wconf 80' lang='lat' dir='ltr'><strong>ex</strong></span> <span class='ocrx_word' id='word_1_356' title='bbox 815 5256 1060 5318; x_wconf 75' lang='lat' dir='ltr'><strong>Magistro.</strong></span> <span class='ocrx_word' id='word_1_357' title='bbox 1090 5257 1148 5302; x_wconf 78' lang='lat' dir='ltr'><strong>Ut</strong></span> <span class='ocrx_word' id='word_1_358' title='bbox 1163 5248 1247 5301; x_wconf 75' lang='lat' dir='ltr'><strong>lib.</strong></span> <span class='ocrx_word' id='word_1_359' title='bbox 1273 5247 1351 5307; x_wconf 74' lang='lat'><strong>22,</strong></span> <span class='ocrx_word' id='word_1_360' title='bbox 1379 5247 1620 5314; x_wconf 75' lang='lat' dir='ltr'><strong>memius</strong></span> <span class='ocrx_word' id='word_1_361' title='bbox 1635 5256 1698 5313; x_wconf 58' lang='lat' dir='ltr'><strong>es</strong></span> <span class='ocrx_word' id='word_1_362' title='bbox 1714 5250 1847 5312; x_wconf 74' lang='lat' dir='ltr'><strong>Duce</strong></span> 
     </span>
     <span class='ocr_line' id='line_1_53' title="bbox 244 5303 1851 5389; baseline -0.001 1"><span class='ocrx_word' id='word_1_363' title='bbox 244 5324 454 5389; x_wconf 63' lang='lat' dir='ltr'><strong>Enati.</strong></span> <span class='ocrx_word' id='word_1_364' title='bbox 470 5323 538 5389; x_wconf 63' lang='lat' dir='ltr'><strong>id</strong></span> <span class='ocrx_word' id='word_1_365' title='bbox 560 5329 631 5373; x_wconf 76' lang='grc' dir='ltr'><strong>εει</strong></span> <span class='ocrx_word' id='word_1_366' title='bbox 652 5320 738 5385; x_wconf 70' lang='lat' dir='ltr'><strong>qui</strong></span> <span class='ocrx_word' id='word_1_367' title='bbox 751 5319 911 5389; x_wconf 66' lang='grc' dir='ltr'><strong>[υςῖῖαε</strong></span> <span class='ocrx_word' id='word_1_368' title='bbox 946 5323 1063 5389; x_wconf 57' lang='grc' dir='ltr'><strong>ουκ</strong></span> <span class='ocrx_word' id='word_1_369' title='bbox 1081 5308 1474 5389; x_wconf 46' lang='lat' dir='ltr'><strong>galeis“?!</strong></span> <span class='ocrx_word' id='word_1_370' title='bbox 1493 5303 1851 5389; x_wconf 59' lang='lat' dir='ltr'><strong>€m‘f’fi&#39;3&#39;3‘3’.‘</strong></span> 
     </span>
    </p>
   </div>
   <div class='ocr_carea' id='block_1_53' title="bbox 249 5341 1849 5441">
    <p class='ocr_par' dir='ltr' id='par_1_53' title="bbox 249 5341 1849 5441">
     <span class='ocr_line' id='line_1_54' title="bbox 249 5341 1849 5437; baseline -0.017 -60"><span class='ocrx_word' id='word_1_371' title='bbox 249 5341 454 5437; x_wconf 52' lang='grc' dir='ltr'><strong>Ἦρα,</strong></span> <span class='ocrx_word' id='word_1_372' title='bbox 470 5341 535 5395; x_wconf 47' lang='grc' dir='ltr'><strong>,ια</strong></span> <span class='ocrx_word' id='word_1_373' title='bbox 560 5341 631 5373; x_wconf 71' lang='lat' dir='ltr'><strong>ut</strong></span> <span class='ocrx_word' id='word_1_374' title='bbox 652 5341 738 5385; x_wconf 66' lang='lat' dir='ltr'><strong>qu:</strong></span> <span class='ocrx_word' id='word_1_375' title='bbox 751 5341 910 5391; x_wconf 42' lang='lat' dir='ltr'><strong>[uenus</strong></span> <span class='ocrx_word' id='word_1_376' title='bbox 946 5341 1063 5366; x_wconf 62' lang='lat' dir='ltr'><strong>uua:</strong></span> <span class='ocrx_word' id='word_1_377' title='bbox 1081 5341 1288 5383; x_wconf 58' lang='lat'><strong>11:99.1&quot;:</strong></span> <span class='ocrx_word' id='word_1_378' title='bbox 1311 5341 1471 5359; x_wconf 69' lang='grc' dir='ltr'><strong>υιιηυιο</strong></span> <span class='ocrx_word' id='word_1_379' title='bbox 1493 5341 1784 5368; x_wconf 58' lang='grc' dir='ltr'><strong>μεγαν-...ω</strong></span> <span class='ocrx_word' id='word_1_380' title='bbox 1798 5341 1849 5352; x_wconf 86' lang='grc'><strong>...</strong></span> 
     </span>
     <span class='ocr_line' id='line_1_55' title="bbox 249 5372 1849 5441; baseline -0.013 -6"><span class='ocrx_word' id='word_1_381' title='bbox 249 5395 339 5437; x_wconf 76' lang='lat' dir='ltr'><strong>Cor</strong></span> <span class='ocrx_word' id='word_1_382' title='bbox 377 5399 508 5437; x_wconf 69' lang='lat' dir='ltr'><strong>iam</strong></span> <span class='ocrx_word' id='word_1_383' title='bbox 532 5397 550 5435; x_wconf 88' lang='lat'><strong><em>:</em></strong></span> <span class='ocrx_word' id='word_1_384' title='bbox 575 5392 676 5433; x_wconf 86' lang='lat' dir='ltr'><strong>Duo</strong></span> <span class='ocrx_word' id='word_1_385' title='bbox 696 5395 726 5432; x_wconf 86' lang='lat' dir='ltr'><strong>a</strong></span> <span class='ocrx_word' id='word_1_386' title='bbox 745 5378 985 5430; x_wconf 80' lang='lat' dir='ltr'><strong>Gallicano</strong></span> <span class='ocrx_word' id='word_1_387' title='bbox 1010 5372 1397 5441; x_wconf 42' lang='lat' dir='ltr'><strong>egeonsubbus,</strong></span> <span class='ocrx_word' id='word_1_388' title='bbox 1426 5377 1479 5441; x_wconf 71' lang='lat' dir='ltr'><strong>et</strong></span> <span class='ocrx_word' id='word_1_389' title='bbox 1499 5373 1761 5441; x_wconf 69' lang='lat' dir='ltr'><strong>Maecenate</strong></span> <span class='ocrx_word' id='word_1_390' title='bbox 1779 5377 1849 5441; x_wconf 51' lang='lat' dir='ltr'><strong>ex</strong></span> 
     </span>
    </p>
   </div>
   <div class='ocr_carea' id='block_1_54' title="bbox 247 5428 1850 5506">
    <p class='ocr_par' dir='ltr' id='par_1_54' title="bbox 247 5428 1850 5506">
     <span class='ocr_line' id='line_1_56' title="bbox 247 5428 1850 5506; baseline -0.014 -9"><span class='ocrx_word' id='word_1_391' title='bbox 247 5428 769 5506; x_wconf 56' lang='lat' dir='ltr'><strong>BE&#39;cquinieiéatﬁu</strong></span> <span class='ocrx_word' id='word_1_392' title='bbox 783 5428 930 5506; x_wconf 61' lang='lat' dir='ltr'><strong>tum;</strong></span> <span class='ocrx_word' id='word_1_393' title='bbox 958 5444 1015 5506; x_wconf 86' lang='lat' dir='ltr'><strong>_et</strong></span> <span class='ocrx_word' id='word_1_394' title='bbox 1039 5435 1122 5506; x_wconf 63' lang='lat' dir='ltr'><strong>ab.</strong></span> <span class='ocrx_word' id='word_1_395' title='bbox 1144 5437 1177 5487; x_wconf 75' lang='grc' dir='ltr'><strong>θ</strong></span> <span class='ocrx_word' id='word_1_396' title='bbox 1198 5431 1388 5506; x_wconf 77' lang='lat' dir='ltr'><strong>codicis</strong></span> <span class='ocrx_word' id='word_1_397' title='bbox 1422 5428 1850 5506; x_wconf 44' lang='lat' dir='ltr'><strong>magnaeng</strong></span> 
     </span>
    </p>
   </div>
   <div class='ocr_carea' id='block_1_55' title="bbox 246 5500 1851 5569">
    <p class='ocr_par' dir='ltr' id='par_1_55' title="bbox 246 5500 1851 5569">
     <span class='ocr_line' id='line_1_57' title="bbox 246 5500 1851 5569; baseline -0.016 -7"><span class='ocrx_word' id='word_1_398' title='bbox 246 5511 327 5569; x_wconf 77' lang='grc'><strong>23,</strong></span> <span class='ocrx_word' id='word_1_399' title='bbox 351 5511 389 5561; x_wconf 85' lang='grc' dir='ltr'><strong>ι.</strong></span> <span class='ocrx_word' id='word_1_400' title='bbox 416 5511 466 5567; x_wconf 83' lang='lat' dir='ltr'><strong>i,</strong></span> <span class='ocrx_word' id='word_1_401' title='bbox 494 5516 627 5558; x_wconf 84' lang='lat' dir='ltr'><strong>Inter</strong></span> <span class='ocrx_word' id='word_1_402' title='bbox 647 5500 735 5556; x_wconf 73' lang='lat' dir='ltr'><strong>eo&#39;s</strong></span> <span class='ocrx_word' id='word_1_403' title='bbox 754 5504 841 5567; x_wconf 87' lang='lat' dir='ltr'><strong>qui</strong></span> <span class='ocrx_word' id='word_1_404' title='bbox 858 5500 922 5569; x_wconf 74' lang='lat' dir='ltr'><strong>ex</strong></span> <span class='ocrx_word' id='word_1_405' title='bbox 940 5500 1148 5550; x_wconf 85' lang='lat' dir='ltr'><strong>ducibus</strong></span> <span class='ocrx_word' id='word_1_406' title='bbox 1166 5503 1298 5567; x_wconf 69' lang='lat' dir='ltr'><strong>supt,</strong></span> <span class='ocrx_word' id='word_1_407' title='bbox 1471 5500 1851 5569; x_wconf 37' lang='lat' dir='ltr'><strong>practp‘tmustn</strong></span> 
     </span>
    </p>
   </div>
   <div class='ocr_carea' id='block_1_56' title="bbox 249 5553 1855 5622">
    <p class='ocr_par' dir='ltr' id='par_1_56' title="bbox 249 5553 1855 5622">
     <span class='ocr_line' id='line_1_58' title="bbox 249 5553 1855 5622; baseline -0.017 1"><span class='ocrx_word' id='word_1_408' title='bbox 249 5553 1004 5622; x_wconf 66' lang='lat' dir='ltr'><strong>serenitate.</strong></span> <span class='ocrx_word' id='word_1_409' title='bbox 1032 5553 1293 5620; x_wconf 74' lang='lat' dir='ltr'><strong>Procopius</strong></span> <span class='ocrx_word' id='word_1_410' title='bbox 1315 5553 1397 5606; x_wconf 76' lang='lat' dir='ltr'><strong>lib.</strong></span> <span class='ocrx_word' id='word_1_411' title='bbox 1427 5553 1663 5622; x_wconf 42' lang='lat' dir='ltr'><strong>“neque</strong></span> <span class='ocrx_word' id='word_1_412' title='bbox 1686 5556 1855 5622; x_wconf 78' lang='lat' dir='ltr'><strong>noma-</strong></span> 
     </span>
    </p>
   </div>
   <div class='ocr_carea' id='block_1_57' title="bbox 251 5618 1857 5690">
    <p class='ocr_par' dir='ltr' id='par_1_57' title="bbox 251 5618 1857 5690">
     <span class='ocr_line' id='line_1_59' title="bbox 251 5618 1857 5690; baseline -0.012 -10"><span class='ocrx_word' id='word_1_413' title='bbox 251 5618 429 5683; x_wconf 52' lang='lat' dir='ltr'><strong>ista;</strong></span> <span class='ocrx_word' id='word_1_414' title='bbox 437 5618 657 5681; x_wconf 67' lang='lat' dir='ltr'><strong>militum</strong></span> <span class='ocrx_word' id='word_1_415' title='bbox 694 5624 976 5690; x_wconf 69' lang='lat' dir='ltr'><strong>praefectus,</strong></span> <span class='ocrx_word' id='word_1_416' title='bbox 992 5634 1117 5685; x_wconf 89' lang='lat' dir='ltr'><strong>quos</strong></span> <span class='ocrx_word' id='word_1_417' title='bbox 1307 5620 1503 5690; x_wconf 59' lang='lat' dir='ltr'><strong>vocant.</strong></span> <span class='ocrx_word' id='word_1_418' title='bbox 1699 5618 1857 5690; x_wconf 47' lang='lat' dir='ltr'><strong>etiam</strong></span> 
     </span>
    </p>
   </div>
   <div class='ocr_carea' id='block_1_58' title="bbox 256 5737 1858 5818">
    <p class='ocr_par' dir='ltr' id='par_1_58' title="bbox 256 5737 1858 5818">
     <span class='ocr_line' id='line_1_60' title="bbox 256 5737 1858 5818; baseline 0.002 -1"><span class='ocrx_word' id='word_1_419' title='bbox 256 5737 353 5818; x_wconf 49' lang='lat' dir='ltr'><strong>id»?</strong></span> <span class='ocrx_word' id='word_1_420' title='bbox 358 5737 472 5818; x_wconf 60' lang='grc' dir='ltr'><em>’ἦῆ</em></span> <span class='ocrx_word' id='word_1_421' title='bbox 757 5737 906 5818; x_wconf 55' lang='lat' dir='ltr'><strong>dum&quot;</strong></span> <span class='ocrx_word' id='word_1_422' title='bbox 920 5745 1013 5818; x_wconf 69' lang='lat' dir='ltr'><strong>qui</strong></span> <span class='ocrx_word' id='word_1_423' title='bbox 1024 5737 1586 5818; x_wconf 49' lang='grc' dir='ltr'><strong>ρτοιὲηβξέξέεέξζΨΕἨ</strong></span> <span class='ocrx_word' id='word_1_424' title='bbox 1591 5747 1657 5818; x_wconf 74' lang='lat'><strong>1”</strong></span> <span class='ocrx_word' id='word_1_425' title='bbox 1656 5737 1858 5818; x_wconf 61' lang='lat' dir='ltr'><strong>‘Ff&#39;ﬁlf‘.’</strong></span> 
     </span>
    </p>
   </div>
   <div class='ocr_carea' id='block_1_59' title="bbox 259 5798 1857 5886">
    <p class='ocr_par' dir='ltr' id='par_1_59' title="bbox 259 5798 1857 5886">
     <span class='ocr_line' id='line_1_61' title="bbox 259 5798 1857 5886; baseline -0.014 -19"><span class='ocrx_word' id='word_1_426' title='bbox 259 5798 1091 5886; x_wconf 47' lang='grc' dir='ltr'><strong>ᾖξ’ἔηῗᾷᾷξῖιᾱέόάὶιείςιρξρρξ</strong></span> <span class='ocrx_word' id='word_1_427' title='bbox 1132 5803 1299 5855; x_wconf 76' lang='lat' dir='ltr'><strong>limitis</strong></span> <span class='ocrx_word' id='word_1_428' title='bbox 1329 5798 1628 5867; x_wconf 78' lang='lat' dir='ltr'><strong>Tripolitani,</strong></span> <span class='ocrx_word' id='word_1_429' title='bbox 1663 5801 1729 5859; x_wconf 82' lang='lat' dir='ltr'><strong>et,</strong></span> <span class='ocrx_word' id='word_1_430' title='bbox 1751 5802 1857 5846; x_wconf 81' lang='lat' dir='ltr'><strong>Dux</strong></span> 
     </span>
    </p>
   </div>
   <div class='ocr_carea' id='block_1_60' title="bbox 253 5870 1103 5939">
    <p class='ocr_par' dir='ltr' id='par_1_60' title="bbox 253 5870 1103 5939">
     <span class='ocr_line' id='line_1_62' title="bbox 253 5870 1103 5939; baseline -0.009 -12"><span class='ocrx_word' id='word_1_431' title='bbox 253 5876 441 5931; x_wconf 80' lang='lat' dir='ltr'><strong>libetici</strong></span> <span class='ocrx_word' id='word_1_432' title='bbox 468 5875 652 5939; x_wconf 83' lang='lat' dir='ltr'><strong>limitis,</strong></span> <span class='ocrx_word' id='word_1_433' title='bbox 673 5870 804 5939; x_wconf 84' lang='lat' dir='ltr'><strong>apud</strong></span> <span class='ocrx_word' id='word_1_434' title='bbox 834 5870 1103 5935; x_wconf 74' lang='lat' dir='ltr'><strong>rapiscum.</strong></span> 
     </span>
    </p>
   </div>
   <div class='ocr_carea' id='block_1_61' title="bbox 1651 392 2028 459">
    <p class='ocr_par' dir='ltr' id='par_1_61' title="bbox 1651 392 2028 459">
     <span class='ocr_line' id='line_1_63' title="bbox 1651 392 2028 459; baseline -0.027 1"><span class='ocrx_word' id='word_1_435' title='bbox 1651 392 2028 459; x_wconf 73' lang='lat' dir='ltr'><strong>EPISTOLAE.</strong></span> 
     </span>
    </p>
   </div>
   <div class='ocr_carea' id='block_1_62' title="bbox 3383 400 3490 459">
    <p class='ocr_par' dir='ltr' id='par_1_62' title="bbox 3383 400 3490 459">
     <span class='ocr_line' id='line_1_64' title="bbox 3383 400 3490 459; baseline -0.009 0"><span class='ocrx_word' id='word_1_436' title='bbox 3383 400 3490 459; x_wconf 64' lang='grc'><strong>842</strong></span> 
     </span>
    </p>
   </div>
   <div class='ocr_carea' id='block_1_63' title="bbox 1930 510 3451 591">
    <p class='ocr_par' dir='ltr' id='par_1_63' title="bbox 1930 510 3451 591">
     <span class='ocr_line' id='line_1_65' title="bbox 1930 510 3451 591; baseline 0.005 -26"><span class='ocrx_word' id='word_1_437' title='bbox 1930 510 2050 565; x_wconf 83' lang='lat' dir='ltr'><strong>LX.</strong></span> <span class='ocrx_word' id='word_1_438' title='bbox 2083 510 2361 568; x_wconf 69' lang='lat' dir='ltr'><strong>Chalcidiw</strong></span> <span class='ocrx_word' id='word_1_439' title='bbox 2406 521 2453 568; x_wconf 83' lang='lat' dir='ltr'><strong>et</strong></span> <span class='ocrx_word' id='word_1_440' title='bbox 2490 513 2811 587; x_wconf 68' lang='lat' dir='ltr'><strong>Asyncrilie.</strong></span> <span class='ocrx_word' id='word_1_441' title='bbox 2842 514 3076 591; x_wconf 84' lang='lat' dir='ltr'><strong>(Cucuso</strong></span> <span class='ocrx_word' id='word_1_442' title='bbox 3121 531 3263 577; x_wconf 84' lang='lat' dir='ltr'><strong>anno</strong></span> <span class='ocrx_word' id='word_1_443' title='bbox 3298 518 3451 591; x_wconf 67' lang='lat'><strong>404.)</strong></span> 
     </span>
    </p>
   </div>
   <div class='ocr_carea' id='block_1_64' title="bbox 1964 603 3492 681">
    <p class='ocr_par' dir='ltr' id='par_1_64' title="bbox 1964 603 3492 681">
     <span class='ocr_line' id='line_1_66' title="bbox 1964 603 3492 681; baseline 0.005 -22"><span class='ocrx_word' id='word_1_444' title='bbox 1964 603 2081 659; x_wconf 86' lang='lat' dir='ltr'><strong>Non</strong></span> <span class='ocrx_word' id='word_1_445' title='bbox 2114 620 2201 661; x_wconf 89' lang='lat' dir='ltr'><strong>me</strong></span> <span class='ocrx_word' id='word_1_446' title='bbox 2229 604 2359 677; x_wconf 85' lang='lat' dir='ltr'><strong>fugit</strong></span> <span class='ocrx_word' id='word_1_447' title='bbox 2387 607 2607 664; x_wconf 86' lang='lat' dir='ltr'><strong>crebras</strong></span> <span class='ocrx_word' id='word_1_448' title='bbox 2631 622 2723 666; x_wconf 84' lang='lat' dir='ltr'><strong>eas</strong></span> <span class='ocrx_word' id='word_1_449' title='bbox 2748 610 3095 676; x_wconf 81' lang='lat' dir='ltr'><strong>tentationes,</strong></span> <span class='ocrx_word' id='word_1_450' title='bbox 3125 625 3246 681; x_wconf 75' lang='lat' dir='ltr'><strong>quae</strong></span> <span class='ocrx_word' id='word_1_451' title='bbox 3269 610 3492 667; x_wconf 88' lang='lat' dir='ltr'><strong>domino</strong></span> 
     </span>
    </p>
   </div>
   <div class='ocr_carea' id='block_1_65' title="bbox 1896 697 3492 772">
    <p class='ocr_par' dir='ltr' id='par_1_65' title="bbox 1896 697 3492 772">
     <span class='ocr_line' id='line_1_67' title="bbox 1896 697 3492 772; baseline 0.003 -21"><span class='ocrx_word' id='word_1_452' title='bbox 1896 710 2016 751; x_wconf 93' lang='lat' dir='ltr'><strong>meo</strong></span> <span class='ocrx_word' id='word_1_453' title='bbox 2034 697 2478 753; x_wconf 84' lang='lat' dir='ltr'><strong>reverendissimo</strong></span> <span class='ocrx_word' id='word_1_454' title='bbox 2496 706 2552 754; x_wconf 91' lang='lat' dir='ltr'><strong>et</strong></span> <span class='ocrx_word' id='word_1_455' title='bbox 2569 698 2973 769; x_wconf 87' lang='lat' dir='ltr'><strong>religiosissimo</strong></span> <span class='ocrx_word' id='word_1_456' title='bbox 3002 701 3315 772; x_wconf 83' lang='lat' dir='ltr'><strong>presbytero</strong></span> <span class='ocrx_word' id='word_1_457' title='bbox 3332 702 3492 756; x_wconf 69' lang='lat' dir='ltr'><strong>illata:</strong></span> 
     </span>
    </p>
   </div>
   <div class='ocr_carea' id='block_1_66' title="bbox 1895 790 3489 860">
    <p class='ocr_par' dir='ltr' id='par_1_66' title="bbox 1895 790 3489 860">
     <span class='ocr_line' id='line_1_68' title="bbox 1895 790 3489 860; baseline 0.003 -16"><span class='ocrx_word' id='word_1_458' title='bbox 1895 797 2040 854; x_wconf 81' lang='lat' dir='ltr'><strong>Stlttl,</strong></span> <span class='ocrx_word' id='word_1_459' title='bbox 2068 804 2314 860; x_wconf 86' lang='lat' dir='ltr'><strong>magnam</strong></span> <span class='ocrx_word' id='word_1_460' title='bbox 2345 790 2496 845; x_wconf 86' lang='lat' dir='ltr'><strong>vobis</strong></span> <span class='ocrx_word' id='word_1_461' title='bbox 2524 791 2980 859; x_wconf 87' lang='lat' dir='ltr'><strong>perturbationem</strong></span> <span class='ocrx_word' id='word_1_462' title='bbox 3002 791 3263 848; x_wconf 87' lang='lat' dir='ltr'><strong>attulisse.</strong></span> <span class='ocrx_word' id='word_1_463' title='bbox 3295 792 3489 848; x_wconf 80' lang='lat' dir='ltr'><strong>Verum</strong></span> 
     </span>
    </p>
   </div>
   <div class='ocr_carea' id='block_1_67' title="bbox 1895 878 3490 950">
    <p class='ocr_par' dir='ltr' id='par_1_67' title="bbox 1895 878 3490 950">
     <span class='ocr_line' id='line_1_69' title="bbox 1895 878 3490 950; baseline 0.003 -17"><span class='ocrx_word' id='word_1_464' title='bbox 1895 878 2026 933; x_wconf 89' lang='lat' dir='ltr'><strong>nihil</strong></span> <span class='ocrx_word' id='word_1_465' title='bbox 2055 889 2136 935; x_wconf 89' lang='lat' dir='ltr'><strong>est</strong></span> <span class='ocrx_word' id='word_1_466' title='bbox 2164 880 2511 950; x_wconf 87' lang='lat' dir='ltr'><strong>quamobrem</strong></span> <span class='ocrx_word' id='word_1_467' title='bbox 2538 880 2643 937; x_wconf 85' lang='lat' dir='ltr'><strong>hoc</strong></span> <span class='ocrx_word' id='word_1_468' title='bbox 2680 883 2896 939; x_wconf 91' lang='lat' dir='ltr'><strong>nomine</strong></span> <span class='ocrx_word' id='word_1_469' title='bbox 2933 884 3100 938; x_wconf 90' lang='lat' dir='ltr'><strong>animi</strong></span> <span class='ocrx_word' id='word_1_470' title='bbox 3139 883 3305 940; x_wconf 89' lang='lat' dir='ltr'><strong>vestri</strong></span> <span class='ocrx_word' id='word_1_471' title='bbox 3334 898 3490 939; x_wconf 86' lang='lat' dir='ltr'><strong>com-</strong></span> 
     </span>
    </p>
   </div>
   <div class='ocr_carea' id='block_1_68' title="bbox 1896 970 3493 1044">
    <p class='ocr_par' dir='ltr' id='par_1_68' title="bbox 1896 970 3493 1044">
     <span class='ocr_line' id='line_1_70' title="bbox 1896 970 3493 1044; baseline 0.003 -20"><span class='ocrx_word' id='word_1_472' title='bbox 1896 978 2230 1026; x_wconf 74' lang='lat' dir='ltr'><strong>moveantur.</strong></span> <span class='ocrx_word' id='word_1_473' title='bbox 2260 970 2392 1026; x_wconf 91' lang='lat' dir='ltr'><strong>Nam</strong></span> <span class='ocrx_word' id='word_1_474' title='bbox 2419 973 2509 1044; x_wconf 88' lang='lat' dir='ltr'><strong>qui</strong></span> <span class='ocrx_word' id='word_1_475' title='bbox 2548 973 2643 1029; x_wconf 88' lang='lat' dir='ltr'><strong>Dei</strong></span> <span class='ocrx_word' id='word_1_476' title='bbox 2672 988 2833 1029; x_wconf 88' lang='lat' dir='ltr'><strong>causa</strong></span> <span class='ocrx_word' id='word_1_477' title='bbox 2877 974 2993 1030; x_wconf 61' lang='lat' dir='ltr'><strong>haec</strong></span> <span class='ocrx_word' id='word_1_478' title='bbox 3032 974 3351 1044; x_wconf 88' lang='lat' dir='ltr'><strong>perpetitur,</strong></span> <span class='ocrx_word' id='word_1_479' title='bbox 3383 989 3493 1044; x_wconf 92' lang='lat' dir='ltr'><strong>quo</strong></span> 
     </span>
    </p>
   </div>
   <div class='ocr_carea' id='block_1_69' title="bbox 1897 1062 3493 1136">
    <p class='ocr_par' dir='ltr' id='par_1_69' title="bbox 1897 1062 3493 1136">
     <span class='ocr_line' id='line_1_71' title="bbox 1897 1062 3493 1136; baseline 0.003 -20"><span class='ocrx_word' id='word_1_480' title='bbox 1897 1062 2142 1131; x_wconf 88' lang='lat' dir='ltr'><strong>graviora</strong></span> <span class='ocrx_word' id='word_1_481' title='bbox 2173 1063 2476 1132; x_wconf 88' lang='lat' dir='ltr'><strong>pertulerit,</strong></span> <span class='ocrx_word' id='word_1_482' title='bbox 2525 1078 2591 1119; x_wconf 93' lang='lat' dir='ltr'><strong>eo</strong></span> <span class='ocrx_word' id='word_1_483' title='bbox 2630 1079 2844 1136; x_wconf 88' lang='lat' dir='ltr'><strong>quoque</strong></span> <span class='ocrx_word' id='word_1_484' title='bbox 2885 1064 3117 1134; x_wconf 83' lang='lat' dir='ltr'><strong>majores</strong></span> <span class='ocrx_word' id='word_1_485' title='bbox 3152 1078 3381 1121; x_wconf 88' lang='lat' dir='ltr'><strong>coronas</strong></span> <span class='ocrx_word' id='word_1_486' title='bbox 3405 1079 3493 1120; x_wconf 82' lang='lat' dir='ltr'><strong>re-</strong></span> 
     </span>
    </p>
   </div>
   <div class='ocr_carea' id='block_1_70' title="bbox 1898 1153 3492 1226">
    <p class='ocr_par' dir='ltr' id='par_1_70' title="bbox 1898 1153 3492 1226">
     <span class='ocr_line' id='line_1_72' title="bbox 1898 1153 3492 1226; baseline 0.003 -18"><span class='ocrx_word' id='word_1_487' title='bbox 1898 1153 2052 1210; x_wconf 89' lang='lat' dir='ltr'><strong>feret.</strong></span> <span class='ocrx_word' id='word_1_488' title='bbox 2099 1154 2230 1211; x_wconf 89' lang='lat' dir='ltr'><strong>Cum</strong></span> <span class='ocrx_word' id='word_1_489' title='bbox 2263 1155 2421 1226; x_wconf 87' lang='lat' dir='ltr'><strong>igitur</strong></span> <span class='ocrx_word' id='word_1_490' title='bbox 2463 1155 2600 1211; x_wconf 88' lang='lat' dir='ltr'><strong>hanc</strong></span> <span class='ocrx_word' id='word_1_491' title='bbox 2643 1155 2774 1211; x_wconf 91' lang='lat' dir='ltr'><strong>satis</strong></span> <span class='ocrx_word' id='word_1_492' title='bbox 2808 1156 3036 1226; x_wconf 88' lang='lat' dir='ltr'><strong>amplam</strong></span> <span class='ocrx_word' id='word_1_493' title='bbox 3068 1156 3492 1212; x_wconf 88' lang='lat' dir='ltr'><strong>consolationem</strong></span> 
     </span>
    </p>
   </div>
   <div class='ocr_carea' id='block_1_71' title="bbox 1897 1243 3490 1316">
    <p class='ocr_par' dir='ltr' id='par_1_71' title="bbox 1897 1243 3490 1316">
     <span class='ocr_line' id='line_1_73' title="bbox 1897 1243 3490 1316; baseline 0.001 -17"><span class='ocrx_word' id='word_1_494' title='bbox 1897 1243 2158 1311; x_wconf 85' lang='lat' dir='ltr'><strong>habeatis,</strong></span> <span class='ocrx_word' id='word_1_495' title='bbox 2205 1253 2427 1301; x_wconf 80' lang='lat' dir='ltr'><strong>strenuo</strong></span> <span class='ocrx_word' id='word_1_496' title='bbox 2459 1246 2657 1311; x_wconf 90' lang='lat' dir='ltr'><strong>animo,</strong></span> <span class='ocrx_word' id='word_1_497' title='bbox 2703 1254 2906 1301; x_wconf 90' lang='lat' dir='ltr'><strong>etcum</strong></span> <span class='ocrx_word' id='word_1_498' title='bbox 2943 1247 3228 1316; x_wconf 91' lang='lat' dir='ltr'><strong>gratiarum</strong></span> <span class='ocrx_word' id='word_1_499' title='bbox 3259 1245 3490 1312; x_wconf 88' lang='lat' dir='ltr'><strong>actione,</strong></span> 
     </span>
    </p>
   </div>
   <div class='ocr_carea' id='block_1_72' title="bbox 1897 1335 3492 1407">
    <p class='ocr_par' dir='ltr' id='par_1_72' title="bbox 1897 1335 3492 1407">
     <span class='ocr_line' id='line_1_74' title="bbox 1897 1335 3492 1407; baseline 0 -16"><span class='ocrx_word' id='word_1_500' title='bbox 1897 1350 1960 1391; x_wconf 91' lang='lat' dir='ltr'><strong>ea</strong></span> <span class='ocrx_word' id='word_1_501' title='bbox 1990 1351 2108 1405; x_wconf 79' lang='lat' dir='ltr'><strong>qua:</strong></span> <span class='ocrx_word' id='word_1_502' title='bbox 2146 1335 2392 1391; x_wconf 87' lang='lat' dir='ltr'><strong>accidunt</strong></span> <span class='ocrx_word' id='word_1_503' title='bbox 2431 1337 2582 1399; x_wconf 84' lang='lat' dir='ltr'><strong>ferte.</strong></span> <span class='ocrx_word' id='word_1_504' title='bbox 2617 1335 2710 1392; x_wconf 88' lang='lat' dir='ltr'><strong>Dei</strong></span> <span class='ocrx_word' id='word_1_505' title='bbox 2749 1336 2969 1407; x_wconf 85' lang='lat' dir='ltr'><strong>gloriam</strong></span> <span class='ocrx_word' id='word_1_506' title='bbox 2998 1336 3069 1391; x_wconf 92' lang='lat' dir='ltr'><strong>ob</strong></span> <span class='ocrx_word' id='word_1_507' title='bbox 3098 1351 3283 1393; x_wconf 91' lang='lat' dir='ltr'><strong>omnes</strong></span> <span class='ocrx_word' id='word_1_508' title='bbox 3308 1352 3492 1392; x_wconf 85' lang='lat' dir='ltr'><strong>rerum</strong></span> 
     </span>
    </p>
   </div>
   <div class='ocr_carea' id='block_1_73' title="bbox 1898 1425 3494 1498">
    <p class='ocr_par' dir='ltr' id='par_1_73' title="bbox 1898 1425 3494 1498">
     <span class='ocr_line' id='line_1_75' title="bbox 1898 1425 3494 1498; baseline 0 -17"><span class='ocrx_word' id='word_1_509' title='bbox 1898 1435 2123 1481; x_wconf 91' lang='lat' dir='ltr'><strong>eventus</strong></span> <span class='ocrx_word' id='word_1_510' title='bbox 2143 1425 2515 1496; x_wconf 63' lang='lat' dir='ltr'><strong>praedicantes.</strong></span> <span class='ocrx_word' id='word_1_511' title='bbox 2537 1426 2626 1482; x_wconf 91' lang='lat' dir='ltr'><strong>Sic</strong></span> <span class='ocrx_word' id='word_1_512' title='bbox 2645 1427 2787 1482; x_wconf 90' lang='lat' dir='ltr'><strong>enim</strong></span> <span class='ocrx_word' id='word_1_513' title='bbox 2816 1441 2912 1481; x_wconf 89' lang='lat' dir='ltr'><strong>vos</strong></span> <span class='ocrx_word' id='word_1_514' title='bbox 2932 1442 3143 1498; x_wconf 87' lang='lat' dir='ltr'><strong>quoque</strong></span> <span class='ocrx_word' id='word_1_515' title='bbox 3170 1427 3223 1481; x_wconf 91' lang='lat' dir='ltr'><strong>iu</strong></span> <span class='ocrx_word' id='word_1_516' title='bbox 3247 1427 3494 1496; x_wconf 73' lang='lat' dir='ltr'><strong>prmmio-</strong></span> 
     </span>
    </p>
   </div>
   <div class='ocr_carea' id='block_1_74' title="bbox 1898 1517 3494 1589">
    <p class='ocr_par' dir='ltr' id='par_1_74' title="bbox 1898 1517 3494 1589">
     <span class='ocr_line' id='line_1_76' title="bbox 1898 1517 3494 1589; baseline 0.001 -17"><span class='ocrx_word' id='word_1_517' title='bbox 1898 1533 2017 1572; x_wconf 92' lang='lat' dir='ltr'><strong>rum</strong></span> <span class='ocrx_word' id='word_1_518' title='bbox 2062 1526 2115 1572; x_wconf 91' lang='lat' dir='ltr'><strong>et</strong></span> <span class='ocrx_word' id='word_1_519' title='bbox 2151 1531 2510 1585; x_wconf 85' lang='lat' dir='ltr'><strong>coronarum,</strong></span> <span class='ocrx_word' id='word_1_520' title='bbox 2547 1532 2667 1589; x_wconf 66' lang='lat' dir='ltr'><strong>quae</strong></span> <span class='ocrx_word' id='word_1_521' title='bbox 2709 1518 2856 1573; x_wconf 87' lang='lat' dir='ltr'><strong>illum</strong></span> <span class='ocrx_word' id='word_1_522' title='bbox 2899 1526 3139 1584; x_wconf 89' lang='lat' dir='ltr'><strong>manent,</strong></span> <span class='ocrx_word' id='word_1_523' title='bbox 3183 1517 3494 1573; x_wconf 88' lang='lat' dir='ltr'><strong>societatem</strong></span> 
     </span>
    </p>
   </div>
   <div class='ocr_carea' id='block_1_75' title="bbox 1898 1608 3497 1679">
    <p class='ocr_par' dir='ltr' id='par_1_75' title="bbox 1898 1608 3497 1679">
     <span class='ocr_line' id='line_1_77' title="bbox 1898 1608 3497 1679; baseline 0.001 -16"><span class='ocrx_word' id='word_1_524' title='bbox 1898 1608 2126 1664; x_wconf 83' lang='lat' dir='ltr'><strong>venietis</strong></span> <span class='ocrx_word' id='word_1_525' title='bbox 2146 1647 2163 1675; x_wconf 92' lang='lat'><strong>,</strong></span> <span class='ocrx_word' id='word_1_526' title='bbox 2199 1608 2243 1663; x_wconf 91' lang='lat' dir='ltr'><strong>si</strong></span> <span class='ocrx_word' id='word_1_527' title='bbox 2273 1623 2334 1663; x_wconf 92' lang='lat' dir='ltr'><strong>ea</strong></span> <span class='ocrx_word' id='word_1_528' title='bbox 2364 1623 2483 1679; x_wconf 66' lang='lat' dir='ltr'><strong>quae</strong></span> <span class='ocrx_word' id='word_1_529' title='bbox 2508 1608 2818 1663; x_wconf 87' lang='lat' dir='ltr'><strong>acciderunt</strong></span> <span class='ocrx_word' id='word_1_530' title='bbox 2847 1608 2969 1663; x_wconf 89' lang='lat' dir='ltr'><strong>forti</strong></span> <span class='ocrx_word' id='word_1_531' title='bbox 2997 1618 3052 1665; x_wconf 91' lang='lat' dir='ltr'><strong>et</strong></span> <span class='ocrx_word' id='word_1_532' title='bbox 3078 1609 3286 1679; x_wconf 88' lang='lat' dir='ltr'><strong>placido</strong></span> <span class='ocrx_word' id='word_1_533' title='bbox 3314 1610 3497 1664; x_wconf 92' lang='lat' dir='ltr'><strong>animo</strong></span> 
     </span>
    </p>
   </div>
   <div class='ocr_carea' id='block_1_76' title="bbox 1901 1698 3496 1770">
    <p class='ocr_par' dir='ltr' id='par_1_76' title="bbox 1901 1698 3496 1770">
     <span class='ocr_line' id='line_1_78' title="bbox 1901 1698 3496 1770; baseline -0.001 -14"><span class='ocrx_word' id='word_1_534' title='bbox 1901 1700 2148 1757; x_wconf 90' lang='lat' dir='ltr'><strong>tuleritis.</strong></span> <span class='ocrx_word' id='word_1_535' title='bbox 2189 1698 2349 1755; x_wconf 85' lang='lat' dir='ltr'><strong>Scitis</strong></span> <span class='ocrx_word' id='word_1_536' title='bbox 2376 1699 2520 1755; x_wconf 90' lang='lat' dir='ltr'><strong>enim</strong></span> <span class='ocrx_word' id='word_1_537' title='bbox 2547 1699 2689 1755; x_wconf 86' lang='lat' dir='ltr'><strong>viam</strong></span> <span class='ocrx_word' id='word_1_538' title='bbox 2716 1714 2838 1756; x_wconf 87' lang='lat' dir='ltr'><strong>esse</strong></span> <span class='ocrx_word' id='word_1_539' title='bbox 2879 1710 3200 1770; x_wconf 67' lang='lat' dir='ltr'><strong>praesentem</strong></span> <span class='ocrx_word' id='word_1_540' title='bbox 3247 1698 3386 1755; x_wconf 89' lang='lat' dir='ltr'><strong>banc</strong></span> <span class='ocrx_word' id='word_1_541' title='bbox 3411 1700 3496 1755; x_wconf 88' lang='lat' dir='ltr'><strong>vi-</strong></span> 
     </span>
    </p>
   </div>
   <div class='ocr_carea' id='block_1_77' title="bbox 1903 1789 3498 1862">
    <p class='ocr_par' dir='ltr' id='par_1_77' title="bbox 1903 1789 3498 1862">
     <span class='ocr_line' id='line_1_79' title="bbox 1903 1789 3498 1862; baseline -0.002 -15"><span class='ocrx_word' id='word_1_542' title='bbox 1903 1799 2033 1858; x_wconf 87' lang='lat' dir='ltr'><strong>tam,</strong></span> <span class='ocrx_word' id='word_1_543' title='bbox 2060 1792 2282 1862; x_wconf 88' lang='lat' dir='ltr'><strong>ejusque</strong></span> <span class='ocrx_word' id='word_1_544' title='bbox 2309 1800 2415 1846; x_wconf 91' lang='lat' dir='ltr'><strong>tam</strong></span> <span class='ocrx_word' id='word_1_545' title='bbox 2446 1807 2534 1846; x_wconf 91' lang='lat' dir='ltr'><strong>res</strong></span> <span class='ocrx_word' id='word_1_546' title='bbox 2559 1790 2709 1846; x_wconf 67' lang='lat' dir='ltr'><strong>betas</strong></span> <span class='ocrx_word' id='word_1_547' title='bbox 2734 1806 2796 1846; x_wconf 87' lang='lat' dir='ltr'><strong>ac</strong></span> <span class='ocrx_word' id='word_1_548' title='bbox 2818 1789 3106 1859; x_wconf 88' lang='lat' dir='ltr'><strong>jucundas,</strong></span> <span class='ocrx_word' id='word_1_549' title='bbox 3130 1805 3286 1860; x_wconf 88' lang='lat' dir='ltr'><strong>quam</strong></span> <span class='ocrx_word' id='word_1_550' title='bbox 3307 1805 3498 1862; x_wconf 80' lang='lat' dir='ltr'><strong>graves</strong></span> 
     </span>
    </p>
   </div>
   <div class='ocr_carea' id='block_1_78' title="bbox 1902 1881 3498 1953">
    <p class='ocr_par' dir='ltr' id='par_1_78' title="bbox 1902 1881 3498 1953">
     <span class='ocr_line' id='line_1_80' title="bbox 1902 1881 3498 1953; baseline -0.002 -13"><span class='ocrx_word' id='word_1_551' title='bbox 1902 1891 1959 1940; x_wconf 88' lang='lat' dir='ltr'><strong>et</strong></span> <span class='ocrx_word' id='word_1_552' title='bbox 1986 1882 2238 1939; x_wconf 86' lang='lat' dir='ltr'><strong>molestas</strong></span> <span class='ocrx_word' id='word_1_553' title='bbox 2262 1883 2543 1953; x_wconf 59' lang='lat' dir='ltr'><strong>praeterire</strong></span> <span class='ocrx_word' id='word_1_554' title='bbox 2566 1899 2580 1936; x_wconf 90' lang='lat'><strong>:</strong></span> <span class='ocrx_word' id='word_1_555' title='bbox 2603 1881 2841 1951; x_wconf 87' lang='lat' dir='ltr'><strong>illudque</strong></span> <span class='ocrx_word' id='word_1_556' title='bbox 2870 1882 2995 1936; x_wconf 91' lang='lat' dir='ltr'><strong>item</strong></span> <span class='ocrx_word' id='word_1_557' title='bbox 3024 1881 3176 1937; x_wconf 90' lang='lat' dir='ltr'><strong>nobis</strong></span> <span class='ocrx_word' id='word_1_558' title='bbox 3198 1881 3498 1937; x_wconf 88' lang='lat' dir='ltr'><strong>faciendum</strong></span> 
     </span>
    </p>
   </div>
   <div class='ocr_carea' id='block_1_79' title="bbox 1902 1974 3501 2048">
    <p class='ocr_par' dir='ltr' id='par_1_79' title="bbox 1902 1974 3501 2048">
     <span class='ocr_line' id='line_1_81' title="bbox 1902 1974 3501 2048; baseline -0.003 -16"><span class='ocrx_word' id='word_1_559' title='bbox 1902 1990 2044 2042; x_wconf 87' lang='lat' dir='ltr'><strong>esse,</strong></span> <span class='ocrx_word' id='word_1_560' title='bbox 2073 1984 2133 2032; x_wconf 90' lang='lat' dir='ltr'><strong>ut</strong></span> <span class='ocrx_word' id='word_1_561' title='bbox 2175 1991 2273 2048; x_wconf 87' lang='lat' dir='ltr'><strong>per</strong></span> <span class='ocrx_word' id='word_1_562' title='bbox 2298 1976 2492 2032; x_wconf 81' lang='lat' dir='ltr'><strong>multas</strong></span> <span class='ocrx_word' id='word_1_563' title='bbox 2526 1974 2900 2031; x_wconf 86' lang='lat' dir='ltr'><strong>tribulationes</strong></span> <span class='ocrx_word' id='word_1_564' title='bbox 2942 1976 2995 2030; x_wconf 87' lang='lat' dir='ltr'><strong>in</strong></span> <span class='ocrx_word' id='word_1_565' title='bbox 3032 1974 3128 2030; x_wconf 92' lang='lat' dir='ltr'><strong>Dei</strong></span> <span class='ocrx_word' id='word_1_566' title='bbox 3167 1989 3389 2045; x_wconf 86' lang='lat' dir='ltr'><strong>regnum</strong></span> <span class='ocrx_word' id='word_1_567' title='bbox 3418 1975 3501 2028; x_wconf 81' lang='lat' dir='ltr'><strong>in-</strong></span> 
     </span>
    </p>
   </div>
   <div class='ocr_carea' id='block_1_80' title="bbox 1905 2074 3502 2139">
    <p class='ocr_par' dir='ltr' id='par_1_80' title="bbox 1905 2074 3502 2139">
     <span class='ocr_line' id='line_1_82' title="bbox 1905 2074 3502 2139; baseline -0.002 -15"><span class='ocrx_word' id='word_1_568' title='bbox 1905 2076 2178 2125; x_wconf 87' lang='lat' dir='ltr'><strong>troeamus</strong></span> <span class='ocrx_word' id='word_1_569' title='bbox 2223 2086 2237 2122; x_wconf 92' lang='lat'>:</span> <span class='ocrx_word' id='word_1_570' title='bbox 2268 2079 2577 2139; x_wconf 89' lang='lat' dir='ltr'><strong>arctamque</strong></span> <span class='ocrx_word' id='word_1_571' title='bbox 2617 2079 2781 2138; x_wconf 88' lang='lat' dir='ltr'><strong>atque</strong></span> <span class='ocrx_word' id='word_1_572' title='bbox 2815 2075 3097 2137; x_wconf 88' lang='lat' dir='ltr'><strong>angustam</strong></span> <span class='ocrx_word' id='word_1_573' title='bbox 3147 2074 3354 2136; x_wconf 87' lang='lat' dir='ltr'><strong>portam</strong></span> <span class='ocrx_word' id='word_1_574' title='bbox 3381 2079 3502 2121; x_wconf 87' lang='lat' dir='ltr'><strong>esse</strong></span> 
     </span>
    </p>
   </div>
   <div class='ocr_carea' id='block_1_81' title="bbox 1905 2158 3496 2232">
    <p class='ocr_par' dir='ltr' id='par_1_81' title="bbox 1905 2158 3496 2232">
     <span class='ocr_line' id='line_1_83' title="bbox 1905 2158 3496 2232; baseline -0.003 -15"><span class='ocrx_word' id='word_1_575' title='bbox 1905 2177 2026 2232; x_wconf 70' lang='lat' dir='ltr'><strong>quae</strong></span> <span class='ocrx_word' id='word_1_576' title='bbox 2052 2162 2118 2217; x_wconf 90' lang='lat' dir='ltr'><strong>ad</strong></span> <span class='ocrx_word' id='word_1_577' title='bbox 2147 2163 2311 2218; x_wconf 89' lang='lat' dir='ltr'><strong>vitam</strong></span> <span class='ocrx_word' id='word_1_578' title='bbox 2341 2162 2506 2217; x_wconf 90' lang='lat' dir='ltr'><strong>ducit.</strong></span> <span class='ocrx_word' id='word_1_579' title='bbox 2535 2162 2667 2230; x_wconf 74' lang='lat' dir='ltr'><strong>Qua:</strong></span> <span class='ocrx_word' id='word_1_580' title='bbox 2693 2176 2816 2217; x_wconf 92' lang='lat' dir='ltr'><strong>cum</strong></span> <span class='ocrx_word' id='word_1_581' title='bbox 2846 2161 2918 2215; x_wconf 90' lang='lat' dir='ltr'><strong>ita</strong></span> <span class='ocrx_word' id='word_1_582' title='bbox 2943 2161 3070 2226; x_wconf 89' lang='lat' dir='ltr'><strong>sint,</strong></span> <span class='ocrx_word' id='word_1_583' title='bbox 3095 2168 3204 2214; x_wconf 92' lang='lat' dir='ltr'><strong>tum</strong></span> <span class='ocrx_word' id='word_1_584' title='bbox 3238 2174 3332 2231; x_wconf 90' lang='lat' dir='ltr'><strong>per</strong></span> <span class='ocrx_word' id='word_1_585' title='bbox 3360 2158 3496 2226; x_wconf 70' lang='lat' dir='ltr'><strong>lucc,</strong></span> 
     </span>
    </p>
   </div>
   <div class='ocr_carea' id='block_1_82' title="bbox 1907 2249 3503 2325">
    <p class='ocr_par' dir='ltr' id='par_1_82' title="bbox 1907 2249 3503 2325">
     <span class='ocr_line' id='line_1_84' title="bbox 1907 2249 3503 2325; baseline -0.003 -16"><span class='ocrx_word' id='word_1_586' title='bbox 1907 2262 2018 2309; x_wconf 89' lang='lat' dir='ltr'><strong>tum</strong></span> <span class='ocrx_word' id='word_1_587' title='bbox 2067 2269 2163 2325; x_wconf 90' lang='lat' dir='ltr'><strong>per</strong></span> <span class='ocrx_word' id='word_1_588' title='bbox 2196 2253 2363 2324; x_wconf 80' lang='lat' dir='ltr'><strong>ipsius</strong></span> <span class='ocrx_word' id='word_1_589' title='bbox 2396 2251 2735 2324; x_wconf 67' lang='lat' dir='ltr'><strong>praesentiam</strong></span> <span class='ocrx_word' id='word_1_590' title='bbox 2781 2250 2974 2306; x_wconf 87' lang='lat' dir='ltr'><strong>solatio</strong></span> <span class='ocrx_word' id='word_1_591' title='bbox 3016 2258 3254 2318; x_wconf 89' lang='lat' dir='ltr'><strong>accepto,</strong></span> <span class='ocrx_word' id='word_1_592' title='bbox 3305 2249 3503 2305; x_wconf 79' lang='lat' dir='ltr'><strong>nubem</strong></span> 
     </span>
    </p>
   </div>
   <div class='ocr_carea' id='block_1_83' title="bbox 1906 2339 3507 2411">
    <p class='ocr_par' dir='ltr' id='par_1_83' title="bbox 1906 2339 3507 2411">
     <span class='ocr_line' id='line_1_85' title="bbox 1906 2339 3507 2411; baseline -0.006 -9"><span class='ocrx_word' id='word_1_593' title='bbox 1906 2360 2122 2402; x_wconf 90' lang='lat' dir='ltr'><strong>omnem</strong></span> <span class='ocrx_word' id='word_1_594' title='bbox 2149 2345 2398 2400; x_wconf 69' lang='lat' dir='ltr'><strong>maeroris</strong></span> <span class='ocrx_word' id='word_1_595' title='bbox 2421 2342 2737 2408; x_wconf 88' lang='lat' dir='ltr'><strong>discutietis,</strong></span> <span class='ocrx_word' id='word_1_596' title='bbox 2768 2341 2839 2397; x_wconf 94' lang='lat' dir='ltr'><strong>ob</strong></span> <span class='ocrx_word' id='word_1_597' title='bbox 2867 2341 3032 2411; x_wconf 89' lang='lat' dir='ltr'><strong>ipsius</strong></span> <span class='ocrx_word' id='word_1_598' title='bbox 3058 2339 3389 2396; x_wconf 88' lang='lat' dir='ltr'><strong>calamitates</strong></span> <span class='ocrx_word' id='word_1_599' title='bbox 3412 2339 3507 2394; x_wconf 60' lang='lat' dir='ltr'><strong>lar.</strong></span> 
     </span>
    </p>
   </div>
   <div class='ocr_carea' id='block_1_84' title="bbox 1910 2429 3505 2505">
    <p class='ocr_par' dir='ltr' id='par_1_84' title="bbox 1910 2429 3505 2505">
     <span class='ocr_line' id='line_1_86' title="bbox 1910 2429 3505 2505; baseline -0.006 -12"><span class='ocrx_word' id='word_1_600' title='bbox 1910 2439 2079 2494; x_wconf 83' lang='lat' dir='ltr'><strong>titiam</strong></span> <span class='ocrx_word' id='word_1_601' title='bbox 2108 2451 2172 2493; x_wconf 90' lang='lat' dir='ltr'><strong>ac</strong></span> <span class='ocrx_word' id='word_1_602' title='bbox 2196 2435 2523 2505; x_wconf 89' lang='lat' dir='ltr'><strong>voluptatem</strong></span> <span class='ocrx_word' id='word_1_603' title='bbox 2553 2433 2736 2488; x_wconf 88' lang='lat' dir='ltr'><strong>animo</strong></span> <span class='ocrx_word' id='word_1_604' title='bbox 2781 2432 3164 2502; x_wconf 86' lang='lat' dir='ltr'><strong>concipientes.</strong></span> <span class='ocrx_word' id='word_1_605' title='bbox 3209 2429 3345 2486; x_wconf 86' lang='lat' dir='ltr'><strong>Nam</strong></span> <span class='ocrx_word' id='word_1_606' title='bbox 3386 2429 3505 2485; x_wconf 83' lang='lat' dir='ltr'><strong>fru-</strong></span> 
     </span>
    </p>
   </div>
   <div class='ocr_carea' id='block_1_85' title="bbox 1908 2520 3509 2594">
    <p class='ocr_par' dir='ltr' id='par_1_85' title="bbox 1908 2520 3509 2594">
     <span class='ocr_line' id='line_1_87' title="bbox 1908 2520 3509 2594; baseline -0.006 -9"><span class='ocrx_word' id='word_1_607' title='bbox 1908 2538 2026 2585; x_wconf 86' lang='lat' dir='ltr'><strong>ctus</strong></span> <span class='ocrx_word' id='word_1_608' title='bbox 2055 2529 2181 2584; x_wconf 89' lang='lat' dir='ltr'><strong>hinc</strong></span> <span class='ocrx_word' id='word_1_609' title='bbox 2210 2524 2582 2584; x_wconf 86' lang='lat' dir='ltr'><strong>inenarrabilis</strong></span> <span class='ocrx_word' id='word_1_610' title='bbox 2607 2533 2663 2581; x_wconf 91' lang='lat' dir='ltr'><strong>et</strong></span> <span class='ocrx_word' id='word_1_611' title='bbox 2689 2522 3049 2594; x_wconf 88' lang='lat' dir='ltr'><strong>corruptionis</strong></span> <span class='ocrx_word' id='word_1_612' title='bbox 3072 2535 3269 2594; x_wconf 79' lang='lat' dir='ltr'><strong>expers</strong></span> <span class='ocrx_word' id='word_1_613' title='bbox 3294 2520 3397 2592; x_wconf 89' lang='lat' dir='ltr'><strong>ipsi</strong></span> <span class='ocrx_word' id='word_1_614' title='bbox 3421 2534 3509 2577; x_wconf 83' lang='lat' dir='ltr'><strong>re-</strong></span> 
     </span>
    </p>
   </div>
   <div class='ocr_carea' id='block_1_86' title="bbox 1910 2620 2191 2678">
    <p class='ocr_par' dir='ltr' id='par_1_86' title="bbox 1910 2620 2191 2678">
     <span class='ocr_line' id='line_1_88' title="bbox 1910 2620 2191 2678; baseline -0.007 0"><span class='ocrx_word' id='word_1_615' title='bbox 1910 2620 2191 2678; x_wconf 88' lang='lat' dir='ltr'><strong>condetur.</strong></span> 
     </span>
    </p>
   </div>
   <div class='ocr_carea' id='block_1_87' title="bbox 1982 2745 3435 2820">
    <p class='ocr_par' dir='ltr' id='par_1_87' title="bbox 1982 2745 3435 2820">
     <span class='ocr_line' id='line_1_89' title="bbox 1982 2745 3435 2820; baseline -0.008 -7"><span class='ocrx_word' id='word_1_616' title='bbox 1982 2755 2137 2814; x_wconf 80' lang='lat' dir='ltr'><strong>LXI.</strong></span> <span class='ocrx_word' id='word_1_617' title='bbox 2166 2754 2423 2811; x_wconf 76' lang='lat' dir='ltr'><strong>Theodoto</strong></span> <span class='ocrx_word' id='word_1_618' title='bbox 2450 2768 2515 2809; x_wconf 75' lang='lat' dir='ltr'><strong>ea:</strong></span> <span class='ocrx_word' id='word_1_619' title='bbox 2551 2749 2904 2808; x_wconf 76' lang='lat' dir='ltr'><strong>consularibus</strong></span> <span class='ocrx_word' id='word_1_620' title='bbox 2930 2748 3031 2820; x_wconf 88' lang='lat' dir='ltr'><strong>(a).</strong></span> <span class='ocrx_word' id='word_1_621' title='bbox 3055 2747 3245 2820; x_wconf 81' lang='lat' dir='ltr'><strong>(Anno</strong></span> <span class='ocrx_word' id='word_1_622' title='bbox 3272 2745 3435 2816; x_wconf 65' lang='lat'><strong>406.)</strong></span> 
     </span>
    </p>
   </div>
   <div class='ocr_carea' id='block_1_88' title="bbox 1982 2875 3512 2958">
    <p class='ocr_par' dir='ltr' id='par_1_88' title="bbox 1982 2875 3512 2958">
     <span class='ocr_line' id='line_1_90' title="bbox 1982 2875 3512 2958; baseline -0.011 -12"><span class='ocrx_word' id='word_1_623' title='bbox 1982 2889 2098 2946; x_wconf 79' lang='lat' dir='ltr'><strong>Hoc</strong></span> <span class='ocrx_word' id='word_1_624' title='bbox 2125 2895 2209 2945; x_wconf 91' lang='lat' dir='ltr'><strong>est</strong></span> <span class='ocrx_word' id='word_1_625' title='bbox 2251 2893 2457 2958; x_wconf 89' lang='lat' dir='ltr'><strong>patrem</strong></span> <span class='ocrx_word' id='word_1_626' title='bbox 2482 2898 2624 2951; x_wconf 88' lang='lat' dir='ltr'><strong>esse,</strong></span> <span class='ocrx_word' id='word_1_627' title='bbox 2665 2896 2774 2937; x_wconf 90' lang='lat' dir='ltr'><strong>non</strong></span> <span class='ocrx_word' id='word_1_628' title='bbox 2801 2879 2963 2936; x_wconf 90' lang='lat' dir='ltr'><strong>modo</strong></span> <span class='ocrx_word' id='word_1_629' title='bbox 2992 2876 3121 2934; x_wconf 91' lang='lat' dir='ltr'><strong>illud</strong></span> <span class='ocrx_word' id='word_1_630' title='bbox 3144 2891 3252 2932; x_wconf 92' lang='lat' dir='ltr'><strong>non</strong></span> <span class='ocrx_word' id='word_1_631' title='bbox 3284 2875 3512 2931; x_wconf 89' lang='lat' dir='ltr'><strong>moleste</strong></span> 
     </span>
    </p>
   </div>
   <div class='ocr_carea' id='block_1_89' title="bbox 1913 2967 3514 3050">
    <p class='ocr_par' dir='ltr' id='par_1_89' title="bbox 1913 2967 3514 3050">
     <span class='ocr_line' id='line_1_91' title="bbox 1913 2967 3514 3050; baseline -0.011 -13"><span class='ocrx_word' id='word_1_632' title='bbox 1913 2981 2076 3047; x_wconf 88' lang='lat' dir='ltr'><strong>ferre,</strong></span> <span class='ocrx_word' id='word_1_633' title='bbox 2133 2977 2276 3050; x_wconf 91' lang='lat' dir='ltr'><strong>quod</strong></span> <span class='ocrx_word' id='word_1_634' title='bbox 2314 2976 2455 3032; x_wconf 81' lang='lat' dir='ltr'><strong>ﬁlius</strong></span> <span class='ocrx_word' id='word_1_635' title='bbox 2483 2987 2666 3030; x_wconf 89' lang='lat' dir='ltr'><strong>veram</strong></span> <span class='ocrx_word' id='word_1_636' title='bbox 2704 2971 3019 3042; x_wconf 72' lang='lat' dir='ltr'><strong>sapientiam</strong></span> <span class='ocrx_word' id='word_1_637' title='bbox 3062 2967 3394 3039; x_wconf 84' lang='lat' dir='ltr'><strong>profiteatur,</strong></span> <span class='ocrx_word' id='word_1_638' title='bbox 3418 2980 3514 3021; x_wconf 78' lang='lat' dir='ltr'><strong>ve-</strong></span> 
     </span>
    </p>
   </div>
   <div class='ocr_carea' id='block_1_90' title="bbox 1914 3058 3508 3139">
    <p class='ocr_par' dir='ltr' id='par_1_90' title="bbox 1914 3058 3508 3139">
     <span class='ocr_line' id='line_1_92' title="bbox 1914 3058 3508 3139; baseline -0.013 -9"><span class='ocrx_word' id='word_1_639' title='bbox 1914 3088 2034 3129; x_wconf 83' lang='lat' dir='ltr'><strong>rum</strong></span> <span class='ocrx_word' id='word_1_640' title='bbox 2062 3072 2223 3128; x_wconf 87' lang='lat' dir='ltr'><strong>etiam</strong></span> <span class='ocrx_word' id='word_1_641' title='bbox 2265 3069 2365 3139; x_wconf 86' lang='lat' dir='ltr'><strong>ipsi</strong></span> <span class='ocrx_word' id='word_1_642' title='bbox 2406 3066 2606 3123; x_wconf 88' lang='lat' dir='ltr'><strong>idcirco</strong></span> <span class='ocrx_word' id='word_1_643' title='bbox 2626 3061 2905 3134; x_wconf 86' lang='lat' dir='ltr'><strong>gratulari,</strong></span> <span class='ocrx_word' id='word_1_644' title='bbox 2932 3058 3172 3130; x_wconf 86' lang='lat' dir='ltr'><strong>nihilque</strong></span> <span class='ocrx_word' id='word_1_645' title='bbox 3198 3072 3305 3112; x_wconf 89' lang='lat' dir='ltr'><strong>non</strong></span> <span class='ocrx_word' id='word_1_646' title='bbox 3328 3070 3508 3126; x_wconf 84' lang='lat' dir='ltr'><strong>agere,</strong></span> 
     </span>
    </p>
   </div>
   <div class='ocr_carea' id='block_1_91' title="bbox 1916 3148 3511 3239">
    <p class='ocr_par' dir='ltr' id='par_1_91' title="bbox 1916 3148 3511 3239">
     <span class='ocr_line' id='line_1_93' title="bbox 1916 3148 3511 3239; baseline -0.015 -16"><span class='ocrx_word' id='word_1_647' title='bbox 1916 3182 2024 3239; x_wconf 91' lang='lat' dir='ltr'><strong>quo</strong></span> <span class='ocrx_word' id='word_1_648' title='bbox 2049 3166 2118 3221; x_wconf 89' lang='lat' dir='ltr'><strong>ad</strong></span> <span class='ocrx_word' id='word_1_649' title='bbox 2160 3163 2326 3235; x_wconf 85' lang='lat' dir='ltr'><strong>ipsius</strong></span> <span class='ocrx_word' id='word_1_650' title='bbox 2362 3174 2544 3216; x_wconf 89' lang='lat' dir='ltr'><strong>arcem</strong></span> <span class='ocrx_word' id='word_1_651' title='bbox 2586 3154 2892 3229; x_wconf 86' lang='lat' dir='ltr'><strong>perveniat;</strong></span> <span class='ocrx_word' id='word_1_652' title='bbox 2931 3167 2996 3209; x_wconf 87' lang='lat' dir='ltr'><strong>ac</strong></span> <span class='ocrx_word' id='word_1_653' title='bbox 3031 3166 3100 3207; x_wconf 89' lang='lat' dir='ltr'><strong>ne</strong></span> <span class='ocrx_word' id='word_1_654' title='bbox 3143 3149 3247 3205; x_wconf 86' lang='lat' dir='ltr'><strong>hoc</strong></span> <span class='ocrx_word' id='word_1_655' title='bbox 3273 3148 3511 3219; x_wconf 87' lang='lat' dir='ltr'><strong>quidem,</strong></span> 
     </span>
    </p>
   </div>
   <div class='ocr_carea' id='block_1_92' title="bbox 1918 3240 3519 3330">
    <p class='ocr_par' dir='ltr' id='par_1_92' title="bbox 1918 3240 3519 3330">
     <span class='ocr_line' id='line_1_94' title="bbox 1918 3240 3519 3330; baseline -0.012 -15"><span class='ocrx_word' id='word_1_656' title='bbox 1918 3256 2061 3330; x_wconf 86' lang='lat' dir='ltr'><strong>quod</strong></span> <span class='ocrx_word' id='word_1_657' title='bbox 2089 3255 2180 3311; x_wconf 90' lang='lat' dir='ltr'><strong>ille</strong></span> <span class='ocrx_word' id='word_1_658' title='bbox 2219 3262 2331 3310; x_wconf 88' lang='lat' dir='ltr'><strong>tum</strong></span> <span class='ocrx_word' id='word_1_659' title='bbox 2366 3267 2398 3307; x_wconf 86' lang='lat' dir='ltr'><strong>a</strong></span> <span class='ocrx_word' id='word_1_660' title='bbox 2435 3251 2623 3322; x_wconf 87' lang='lat' dir='ltr'><strong>patria,</strong></span> <span class='ocrx_word' id='word_1_661' title='bbox 2662 3258 2775 3305; x_wconf 91' lang='lat' dir='ltr'><strong>tum</strong></span> <span class='ocrx_word' id='word_1_662' title='bbox 2815 3261 2845 3301; x_wconf 86' lang='lat' dir='ltr'><strong>a</strong></span> <span class='ocrx_word' id='word_1_663' title='bbox 2882 3244 3065 3313; x_wconf 91' lang='lat' dir='ltr'><strong>domo,</strong></span> <span class='ocrx_word' id='word_1_664' title='bbox 3106 3251 3215 3298; x_wconf 93' lang='lat' dir='ltr'><strong>tum</strong></span> <span class='ocrx_word' id='word_1_665' title='bbox 3251 3241 3320 3295; x_wconf 88' lang='lat' dir='ltr'><strong>ab</strong></span> <span class='ocrx_word' id='word_1_666' title='bbox 3346 3240 3519 3296; x_wconf 85' lang='lat' dir='ltr'><strong>oculis</strong></span> 
     </span>
    </p>
   </div>
   <div class='ocr_carea' id='block_1_93' title="bbox 1920 3338 3519 3421">
    <p class='ocr_par' dir='ltr' id='par_1_93' title="bbox 1920 3338 3519 3421">
     <span class='ocr_line' id='line_1_95' title="bbox 1920 3338 3519 3421; baseline -0.015 -13"><span class='ocrx_word' id='word_1_667' title='bbox 1920 3351 2025 3408; x_wconf 87' lang='lat' dir='ltr'><strong>tuis</strong></span> <span class='ocrx_word' id='word_1_668' title='bbox 2047 3347 2237 3421; x_wconf 88' lang='lat' dir='ltr'><strong>procul</strong></span> <span class='ocrx_word' id='word_1_669' title='bbox 2271 3346 2362 3410; x_wconf 92' lang='lat' dir='ltr'><strong>sit,</strong></span> <span class='ocrx_word' id='word_1_670' title='bbox 2408 3342 2592 3415; x_wconf 90' lang='lat' dir='ltr'><strong>iniquo</strong></span> <span class='ocrx_word' id='word_1_671' title='bbox 2620 3338 2800 3397; x_wconf 88' lang='lat' dir='ltr'><strong>animo</strong></span> <span class='ocrx_word' id='word_1_672' title='bbox 2829 3338 2994 3401; x_wconf 88' lang='lat' dir='ltr'><strong>ferre,</strong></span> <span class='ocrx_word' id='word_1_673' title='bbox 3022 3350 3207 3392; x_wconf 88' lang='lat' dir='ltr'><strong>verum</strong></span> <span class='ocrx_word' id='word_1_674' title='bbox 3244 3347 3385 3388; x_wconf 89' lang='lat' dir='ltr'><strong>nunc</strong></span> <span class='ocrx_word' id='word_1_675' title='bbox 3420 3345 3519 3402; x_wconf 83' lang='lat' dir='ltr'><strong>po-</strong></span> 
     </span>
    </p>
   </div>
   <div class='ocr_carea' id='block_1_94' title="bbox 1921 3423 3518 3504">
    <p class='ocr_par' dir='ltr' id='par_1_94' title="bbox 1921 3423 3518 3504">
     <span class='ocr_line' id='line_1_96' title="bbox 1921 3423 3518 3504; baseline -0.014 -5"><span class='ocrx_word' id='word_1_676' title='bbox 1921 3443 2027 3498; x_wconf 88' lang='lat' dir='ltr'><strong>tius</strong></span> <span class='ocrx_word' id='word_1_677' title='bbox 2052 3455 2121 3497; x_wconf 90' lang='lat' dir='ltr'><strong>eo</strong></span> <span class='ocrx_word' id='word_1_678' title='bbox 2142 3453 2266 3495; x_wconf 86' lang='lat' dir='ltr'><strong>esse</strong></span> <span class='ocrx_word' id='word_1_679' title='bbox 2289 3436 2489 3502; x_wconf 87' lang='lat' dir='ltr'><strong>animo,</strong></span> <span class='ocrx_word' id='word_1_680' title='bbox 2512 3443 2570 3489; x_wconf 90' lang='lat' dir='ltr'><strong>ut</strong></span> <span class='ocrx_word' id='word_1_681' title='bbox 2592 3433 2766 3504; x_wconf 89' lang='lat' dir='ltr'><strong>ipsum</strong></span> <span class='ocrx_word' id='word_1_682' title='bbox 2798 3438 2973 3486; x_wconf 90' lang='lat' dir='ltr'><strong>tecum</strong></span> <span class='ocrx_word' id='word_1_683' title='bbox 2990 3425 3191 3483; x_wconf 85' lang='lat' dir='ltr'><strong>versari</strong></span> <span class='ocrx_word' id='word_1_684' title='bbox 3220 3423 3518 3486; x_wconf 77' lang='lat' dir='ltr'><strong>existimes.</strong></span> 
     </span>
    </p>
   </div>
   <div class='ocr_carea' id='block_1_95' title="bbox 1920 3514 3521 3602">
    <p class='ocr_par' dir='ltr' id='par_1_95' title="bbox 1920 3514 3521 3602">
     <span class='ocr_line' id='line_1_97' title="bbox 1920 3514 3521 3602; baseline -0.014 -13"><span class='ocrx_word' id='word_1_685' title='bbox 1920 3549 2041 3590; x_wconf 90' lang='lat' dir='ltr'><strong>cum</strong></span> <span class='ocrx_word' id='word_1_686' title='bbox 2069 3532 2237 3602; x_wconf 82' lang='lat' dir='ltr'><strong>ipsius</strong></span> <span class='ocrx_word' id='word_1_687' title='bbox 2265 3530 2434 3585; x_wconf 91' lang='lat' dir='ltr'><strong>virtus</strong></span> <span class='ocrx_word' id='word_1_688' title='bbox 2459 3534 2702 3596; x_wconf 88' lang='lat' dir='ltr'><strong>augetur.</strong></span> <span class='ocrx_word' id='word_1_689' title='bbox 2735 3521 2817 3577; x_wconf 87' lang='lat' dir='ltr'><strong>0b</strong></span> <span class='ocrx_word' id='word_1_690' title='bbox 2841 3534 3067 3589; x_wconf 83' lang='lat' dir='ltr'><strong>eamque</strong></span> <span class='ocrx_word' id='word_1_691' title='bbox 3090 3531 3305 3573; x_wconf 89' lang='lat' dir='ltr'><strong>causam</strong></span> <span class='ocrx_word' id='word_1_692' title='bbox 3333 3514 3521 3584; x_wconf 84' lang='lat' dir='ltr'><strong>iugen-</strong></span> 
     </span>
    </p>
   </div>
   <div class='ocr_carea' id='block_1_96' title="bbox 1923 3609 3521 3693">
    <p class='ocr_par' dir='ltr' id='par_1_96' title="bbox 1923 3609 3521 3693">
     <span class='ocr_line' id='line_1_98' title="bbox 1923 3609 3521 3693; baseline -0.015 -12"><span class='ocrx_word' id='word_1_693' title='bbox 1923 3634 2006 3681; x_wconf 90' lang='lat' dir='ltr'><strong>tes</strong></span> <span class='ocrx_word' id='word_1_694' title='bbox 2035 3623 2130 3679; x_wconf 90' lang='lat' dir='ltr'><strong>tibi</strong></span> <span class='ocrx_word' id='word_1_695' title='bbox 2158 3620 2360 3693; x_wconf 90' lang='lat' dir='ltr'><strong>gratias</strong></span> <span class='ocrx_word' id='word_1_696' title='bbox 2391 3617 2650 3673; x_wconf 84' lang='lat' dir='ltr'><strong>habemus</strong></span> <span class='ocrx_word' id='word_1_697' title='bbox 2678 3633 2693 3672; x_wconf 90' lang='lat'><strong>:</strong></span> <span class='ocrx_word' id='word_1_698' title='bbox 2729 3622 2891 3684; x_wconf 86' lang='lat' dir='ltr'><strong>atque</strong></span> <span class='ocrx_word' id='word_1_699' title='bbox 2924 3609 3170 3666; x_wconf 80' lang='lat' dir='ltr'><strong>admirati</strong></span> <span class='ocrx_word' id='word_1_700' title='bbox 3197 3621 3385 3662; x_wconf 89' lang='lat' dir='ltr'><strong>sumus</strong></span> <span class='ocrx_word' id='word_1_701' title='bbox 3411 3619 3521 3676; x_wconf 85' lang='lat' dir='ltr'><strong>quo</strong></span> 
     </span>
    </p>
   </div>
   <div class='ocr_carea' id='block_1_97' title="bbox 1924 3696 3525 3790">
    <p class='ocr_par' dir='ltr' id='par_1_97' title="bbox 1924 3696 3525 3790">
     <span class='ocr_line' id='line_1_99' title="bbox 1924 3696 3525 3790; baseline -0.011 -21"><span class='ocrx_word' id='word_1_702' title='bbox 1924 3727 2100 3790; x_wconf 80' lang='lat' dir='ltr'><strong>pacto,</strong></span> <span class='ocrx_word' id='word_1_703' title='bbox 2128 3729 2254 3770; x_wconf 88' lang='lat' dir='ltr'><strong>cum</strong></span> <span class='ocrx_word' id='word_1_704' title='bbox 2295 3729 2326 3767; x_wconf 92' lang='lat' dir='ltr'><strong>a</strong></span> <span class='ocrx_word' id='word_1_705' title='bbox 2357 3720 2409 3767; x_wconf 92' lang='lat' dir='ltr'><strong>te</strong></span> <span class='ocrx_word' id='word_1_706' title='bbox 2439 3718 2643 3765; x_wconf 90' lang='lat' dir='ltr'><strong>tantum</strong></span> <span class='ocrx_word' id='word_1_707' title='bbox 2680 3720 2877 3763; x_wconf 89' lang='lat' dir='ltr'><strong>munus</strong></span> <span class='ocrx_word' id='word_1_708' title='bbox 2899 3745 2914 3770; x_wconf 93' lang='lat'><strong>,</strong></span> <span class='ocrx_word' id='word_1_709' title='bbox 2946 3702 3049 3757; x_wconf 86' lang='lat' dir='ltr'><strong>hoc</strong></span> <span class='ocrx_word' id='word_1_710' title='bbox 3081 3708 3164 3757; x_wconf 89' lang='lat' dir='ltr'><strong>est</strong></span> <span class='ocrx_word' id='word_1_711' title='bbox 3208 3699 3397 3762; x_wconf 82' lang='lat' dir='ltr'><strong>tilium,</strong></span> <span class='ocrx_word' id='word_1_712' title='bbox 3425 3696 3525 3752; x_wconf 85' lang='lat' dir='ltr'><strong>ha-</strong></span> 
     </span>
    </p>
   </div>
   <div class='ocr_carea' id='block_1_98' title="bbox 1926 3795 3524 3874">
    <p class='ocr_par' dir='ltr' id='par_1_98' title="bbox 1926 3795 3524 3874">
     <span class='ocr_line' id='line_1_100' title="bbox 1926 3795 3524 3874; baseline -0.014 -8"><span class='ocrx_word' id='word_1_713' title='bbox 1926 3808 2220 3874; x_wconf 88' lang='lat' dir='ltr'><strong>buerimus,</strong></span> <span class='ocrx_word' id='word_1_714' title='bbox 2262 3813 2315 3860; x_wconf 92' lang='lat' dir='ltr'><strong>tu</strong></span> <span class='ocrx_word' id='word_1_715' title='bbox 2348 3813 2525 3860; x_wconf 91' lang='lat' dir='ltr'><strong>tamen</strong></span> <span class='ocrx_word' id='word_1_716' title='bbox 2555 3799 2774 3857; x_wconf 79' lang='lat' dir='ltr'><strong>duxeris</strong></span> <span class='ocrx_word' id='word_1_717' title='bbox 2798 3811 2898 3853; x_wconf 90' lang='lat' dir='ltr'><strong>nos</strong></span> <span class='ocrx_word' id='word_1_718' title='bbox 2940 3795 3062 3850; x_wconf 89' lang='lat' dir='ltr'><strong>aliis</strong></span> <span class='ocrx_word' id='word_1_719' title='bbox 3090 3807 3303 3864; x_wconf 86' lang='lat' dir='ltr'><strong>quoque</strong></span> <span class='ocrx_word' id='word_1_720' title='bbox 3334 3804 3524 3844; x_wconf 87' lang='lat' dir='ltr'><strong>mune—</strong></span> 
     </span>
    </p>
   </div>
   <div class='ocr_carea' id='block_1_99' title="bbox 1927 3879 3522 3958">
    <p class='ocr_par' dir='ltr' id='par_1_99' title="bbox 1927 3879 3522 3958">
     <span class='ocr_line' id='line_1_101' title="bbox 1927 3879 3522 3958; baseline -0.015 -1"><span class='ocrx_word' id='word_1_721' title='bbox 1927 3900 2077 3958; x_wconf 92' lang='lat' dir='ltr'><strong>ribus</strong></span> <span class='ocrx_word' id='word_1_722' title='bbox 2101 3895 2371 3953; x_wconf 89' lang='lat' dir='ltr'><strong>ornandos</strong></span> <span class='ocrx_word' id='word_1_723' title='bbox 2390 3908 2533 3950; x_wconf 89' lang='lat' dir='ltr'><strong>esse.</strong></span> <span class='ocrx_word' id='word_1_724' title='bbox 2559 3889 2669 3946; x_wconf 85' lang='lat' dir='ltr'><strong>Nos</strong></span> <span class='ocrx_word' id='word_1_725' title='bbox 2684 3902 2814 3943; x_wconf 91' lang='lat' dir='ltr'><strong>vero</strong></span> <span class='ocrx_word' id='word_1_726' title='bbox 2834 3886 3093 3941; x_wconf 84' lang='lat' dir='ltr'><strong>honorem</strong></span> <span class='ocrx_word' id='word_1_727' title='bbox 3113 3882 3327 3953; x_wconf 91' lang='lat' dir='ltr'><strong>quidem</strong></span> <span class='ocrx_word' id='word_1_728' title='bbox 3350 3879 3522 3944; x_wconf 88' lang='lat' dir='ltr'><strong>illum,</strong></span> 
     </span>
    </p>
   </div>
   <div class='ocr_carea' id='block_1_100' title="bbox 1928 3977 3524 4065">
    <p class='ocr_par' dir='ltr' id='par_1_100' title="bbox 1928 3977 3524 4065">
     <span class='ocr_line' id='line_1_102' title="bbox 1928 3977 3524 4065; baseline -0.013 -18"><span class='ocrx_word' id='word_1_729' title='bbox 1928 3992 2021 4065; x_wconf 91' lang='lat' dir='ltr'><strong>qui</strong></span> <span class='ocrx_word' id='word_1_730' title='bbox 2045 4007 2110 4048; x_wconf 82' lang='lat' dir='ltr'><strong>ex</strong></span> <span class='ocrx_word' id='word_1_731' title='bbox 2137 3986 2447 4046; x_wconf 89' lang='lat' dir='ltr'><strong>muneribus</strong></span> <span class='ocrx_word' id='word_1_732' title='bbox 2471 3984 2650 4041; x_wconf 90' lang='lat' dir='ltr'><strong>missis</strong></span> <span class='ocrx_word' id='word_1_733' title='bbox 2678 3982 2868 4049; x_wconf 89' lang='lat' dir='ltr'><strong>oritur,</strong></span> <span class='ocrx_word' id='word_1_734' title='bbox 2889 3977 3276 4047; x_wconf 87' lang='lat' dir='ltr'><strong>decerpsimus,</strong></span> <span class='ocrx_word' id='word_1_735' title='bbox 3300 3987 3524 4028; x_wconf 86' lang='lat' dir='ltr'><strong>munera</strong></span> 
     </span>
    </p>
   </div>
   <div class='ocr_carea' id='block_1_101' title="bbox 1929 4064 3527 4155">
    <p class='ocr_par' dir='ltr' id='par_1_101' title="bbox 1929 4064 3527 4155">
     <span class='ocr_line' id='line_1_103' title="bbox 1929 4064 3527 4155; baseline -0.015 -14"><span class='ocrx_word' id='word_1_736' title='bbox 1929 4064 2107 4142; x_wconf 85' lang='lat' dir='ltr'><strong>autem</strong></span> <span class='ocrx_word' id='word_1_737' title='bbox 2149 4082 2264 4155; x_wconf 90' lang='lat' dir='ltr'><strong>ipsa</strong></span> <span class='ocrx_word' id='word_1_738' title='bbox 2311 4078 2667 4136; x_wconf 88' lang='lat' dir='ltr'><strong>remisimus:</strong></span> <span class='ocrx_word' id='word_1_739' title='bbox 2718 4086 2824 4129; x_wconf 89' lang='lat' dir='ltr'><strong>non</strong></span> <span class='ocrx_word' id='word_1_740' title='bbox 2872 4070 3015 4142; x_wconf 92' lang='lat' dir='ltr'><strong>quod</strong></span> <span class='ocrx_word' id='word_1_741' title='bbox 3060 4077 3114 4123; x_wconf 91' lang='lat' dir='ltr'><strong>te</strong></span> <span class='ocrx_word' id='word_1_742' title='bbox 3149 4064 3527 4137; x_wconf 77' lang='lat' dir='ltr'><strong>despiciamus,</strong></span> 
     </span>
    </p>
   </div>
   <div class='ocr_carea' id='block_1_102' title="bbox 1936 4157 3529 4250">
    <p class='ocr_par' dir='ltr' id='par_1_102' title="bbox 1936 4157 3529 4250">
     <span class='ocr_line' id='line_1_104' title="bbox 1936 4157 3529 4250; baseline -0.017 -17"><span class='ocrx_word' id='word_1_743' title='bbox 1936 4177 2049 4250; x_wconf 91' lang='lat' dir='ltr'><strong>(qui</strong></span> <span class='ocrx_word' id='word_1_744' title='bbox 2089 4175 2233 4231; x_wconf 94' lang='lat' dir='ltr'><strong>enim</strong></span> <span class='ocrx_word' id='word_1_745' title='bbox 2287 4170 2452 4238; x_wconf 90' lang='lat' dir='ltr'><strong>istud,</strong></span> <span class='ocrx_word' id='word_1_746' title='bbox 2495 4183 2620 4224; x_wconf 88' lang='lat' dir='ltr'><strong>cum</strong></span> <span class='ocrx_word' id='word_1_747' title='bbox 2661 4181 2693 4221; x_wconf 91' lang='lat' dir='ltr'><strong>a</strong></span> <span class='ocrx_word' id='word_1_748' title='bbox 2732 4174 2786 4220; x_wconf 92' lang='lat' dir='ltr'><strong>te</strong></span> <span class='ocrx_word' id='word_1_749' title='bbox 2817 4162 2974 4219; x_wconf 86' lang='lat' dir='ltr'><strong>valde</strong></span> <span class='ocrx_word' id='word_1_750' title='bbox 3010 4157 3314 4226; x_wconf 85' lang='lat' dir='ltr'><strong>amemur)?</strong></span> <span class='ocrx_word' id='word_1_751' title='bbox 3340 4167 3529 4209; x_wconf 89' lang='lat' dir='ltr'><strong>verum</strong></span> 
     </span>
    </p>
   </div>
   <div class='ocr_carea' id='block_1_103' title="bbox 1934 4258 3530 4340">
    <p class='ocr_par' dir='ltr' id='par_1_103' title="bbox 1934 4258 3530 4340">
     <span class='ocr_line' id='line_1_105' title="bbox 1934 4258 3530 4340; baseline -0.017 -15"><span class='ocrx_word' id='word_1_752' title='bbox 1934 4266 2078 4340; x_wconf 91' lang='lat' dir='ltr'><strong>quod</strong></span> <span class='ocrx_word' id='word_1_753' title='bbox 2116 4275 2571 4336; x_wconf 87' lang='lat' dir='ltr'><strong>supervacaneum</strong></span> <span class='ocrx_word' id='word_1_754' title='bbox 2606 4272 2728 4314; x_wconf 90' lang='lat' dir='ltr'><strong>esse</strong></span> <span class='ocrx_word' id='word_1_755' title='bbox 2754 4265 3104 4312; x_wconf 87' lang='lat' dir='ltr'><strong>censeremus</strong></span> <span class='ocrx_word' id='word_1_756' title='bbox 3129 4262 3314 4305; x_wconf 90' lang='lat' dir='ltr'><strong>earum</strong></span> <span class='ocrx_word' id='word_1_757' title='bbox 3349 4258 3530 4302; x_wconf 85' lang='lat' dir='ltr'><strong>rcrtun</strong></span> 
     </span>
    </p>
   </div>
   <div class='ocr_carea' id='block_1_104' title="bbox 1936 4334 3534 4421">
    <p class='ocr_par' dir='ltr' id='par_1_104' title="bbox 1936 4334 3534 4421">
     <span class='ocr_line' id='line_1_106' title="bbox 1936 4334 3534 4421; baseline -0.018 -3"><span class='ocrx_word' id='word_1_758' title='bbox 1936 4334 2166 4418; x_wconf 82' lang='lat' dir='ltr'><strong>fructum</strong></span> <span class='ocrx_word' id='word_1_759' title='bbox 2186 4334 2516 4420; x_wconf 84' lang='lat' dir='ltr'><strong>consectari,</strong></span> <span class='ocrx_word' id='word_1_760' title='bbox 2542 4351 2735 4421; x_wconf 89' lang='lat' dir='ltr'><strong>quibus</strong></span> <span class='ocrx_word' id='word_1_761' title='bbox 2775 4340 3352 4411; x_wconf 85' lang='lat' dir='ltr'><strong>minimeindigemus.</strong></span> <span class='ocrx_word' id='word_1_762' title='bbox 3392 4334 3534 4392; x_wconf 83' lang='lat' dir='ltr'><strong>Sane</strong></span> 
     </span>
    </p>
   </div>
   <div class='ocr_carea' id='block_1_105' title="bbox 1936 4429 3534 4507">
    <p class='ocr_par' dir='ltr' id='par_1_105' title="bbox 1936 4429 3534 4507">
     <span class='ocr_line' id='line_1_107' title="bbox 1936 4429 3534 4507; baseline -0.018 -1"><span class='ocrx_word' id='word_1_763' title='bbox 1936 4450 2133 4507; x_wconf 88' lang='lat' dir='ltr'><strong>bellum</strong></span> <span class='ocrx_word' id='word_1_764' title='bbox 2168 4448 2423 4503; x_wconf 83' lang='lat' dir='ltr'><strong>lectorem</strong></span> <span class='ocrx_word' id='word_1_765' title='bbox 2463 4439 2801 4497; x_wconf 84' lang='lat' dir='ltr'><strong>Theodotum</strong></span> <span class='ocrx_word' id='word_1_766' title='bbox 2847 4432 2989 4505; x_wconf 91' lang='lat' dir='ltr'><strong>apud</strong></span> <span class='ocrx_word' id='word_1_767' title='bbox 3037 4445 3137 4485; x_wconf 90' lang='lat' dir='ltr'><strong>nos</strong></span> <span class='ocrx_word' id='word_1_768' title='bbox 3189 4429 3442 4491; x_wconf 90' lang='lat' dir='ltr'><strong>retinere,</strong></span> <span class='ocrx_word' id='word_1_769' title='bbox 3469 4437 3534 4478; x_wconf 86' lang='lat' dir='ltr'><strong>ac</strong></span> 
     </span>
    </p>
   </div>
   <div class='ocr_carea' id='block_1_106' title="bbox 1938 4516 3532 4613">
    <p class='ocr_par' dir='ltr' id='par_1_106' title="bbox 1938 4516 3532 4613">
     <span class='ocr_line' id='line_1_108' title="bbox 1938 4516 3532 4613; baseline -0.016 -16"><span class='ocrx_word' id='word_1_770' title='bbox 1938 4541 2141 4613; x_wconf 86' lang='lat' dir='ltr'><strong>lingere</strong></span> <span class='ocrx_word' id='word_1_771' title='bbox 2166 4547 2224 4595; x_wconf 84' lang='lat' dir='ltr'><strong>et.</strong></span> <span class='ocrx_word' id='word_1_772' title='bbox 2250 4534 2468 4593; x_wconf 90' lang='lat' dir='ltr'><strong>erudire</strong></span> <span class='ocrx_word' id='word_1_773' title='bbox 2512 4532 2669 4587; x_wconf 90' lang='lat' dir='ltr'><strong>nobis</strong></span> <span class='ocrx_word' id='word_1_774' title='bbox 2702 4527 2853 4585; x_wconf 89' lang='lat' dir='ltr'><strong>cordi</strong></span> <span class='ocrx_word' id='word_1_775' title='bbox 2895 4532 3039 4588; x_wconf 89' lang='lat' dir='ltr'><strong>erat;</strong></span> <span class='ocrx_word' id='word_1_776' title='bbox 3069 4535 3252 4577; x_wconf 90' lang='lat' dir='ltr'><strong>verum</strong></span> <span class='ocrx_word' id='word_1_777' title='bbox 3277 4516 3532 4589; x_wconf 89' lang='lat' dir='ltr'><strong>quoniam</strong></span> 
     </span>
    </p>
   </div>
   <div class='ocr_carea' id='block_1_107' title="bbox 1940 4609 3534 4691">
    <p class='ocr_par' dir='ltr' id='par_1_107' title="bbox 1940 4609 3534 4691">
     <span class='ocr_line' id='line_1_109' title="bbox 1940 4609 3534 4691; baseline -0.018 -2"><span class='ocrx_word' id='word_1_778' title='bbox 1940 4609 2120 4690; x_wconf 66' lang='lat' dir='ltr'><strong>omnia</strong></span> <span class='ocrx_word' id='word_1_779' title='bbox 2149 4629 2236 4685; x_wconf 91' lang='lat' dir='ltr'><strong>hic</strong></span> <span class='ocrx_word' id='word_1_780' title='bbox 2263 4626 2522 4691; x_wconf 63' lang='lat' dir='ltr'><strong>aedibus,</strong></span> <span class='ocrx_word' id='word_1_781' title='bbox 2550 4618 2885 4683; x_wconf 90' lang='lat' dir='ltr'><strong>tumultibus,</strong></span> <span class='ocrx_word' id='word_1_782' title='bbox 2913 4628 3128 4678; x_wconf 90' lang='lat' dir='ltr'><strong>cruore,</strong></span> <span class='ocrx_word' id='word_1_783' title='bbox 3157 4620 3315 4681; x_wconf 85' lang='lat' dir='ltr'><strong>atque</strong></span> <span class='ocrx_word' id='word_1_784' title='bbox 3345 4609 3534 4663; x_wconf 82' lang='lat' dir='ltr'><strong>incen-</strong></span> 
     </span>
    </p>
   </div>
   <div class='ocr_carea' id='block_1_108' title="bbox 1940 4703 3539 4797">
    <p class='ocr_par' dir='ltr' id='par_1_108' title="bbox 1940 4703 3539 4797">
     <span class='ocr_line' id='line_1_110' title="bbox 1940 4703 3539 4797; baseline -0.018 -15"><span class='ocrx_word' id='word_1_785' title='bbox 1940 4727 2046 4783; x_wconf 89' lang='lat' dir='ltr'><strong>diis</strong></span> <span class='ocrx_word' id='word_1_786' title='bbox 2076 4724 2229 4797; x_wconf 89' lang='lat' dir='ltr'><strong>plena</strong></span> <span class='ocrx_word' id='word_1_787' title='bbox 2258 4728 2406 4787; x_wconf 91' lang='lat' dir='ltr'><strong>sunt,</strong></span> <span class='ocrx_word' id='word_1_788' title='bbox 2447 4716 2646 4772; x_wconf 89' lang='lat' dir='ltr'><strong>lsauris</strong></span> <span class='ocrx_word' id='word_1_789' title='bbox 2684 4710 2935 4768; x_wconf 91' lang='lat' dir='ltr'><strong>nimirum</strong></span> <span class='ocrx_word' id='word_1_790' title='bbox 2976 4714 3168 4764; x_wconf 89' lang='lat' dir='ltr'><strong>cuncta</strong></span> <span class='ocrx_word' id='word_1_791' title='bbox 3208 4703 3353 4766; x_wconf 81' lang='lat' dir='ltr'><strong>ferro</strong></span> <span class='ocrx_word' id='word_1_792' title='bbox 3376 4710 3539 4779; x_wconf 82' lang='lat' dir='ltr'><strong>atque</strong></span> 
     </span>
    </p>
   </div>
   <div class='ocr_carea' id='block_1_109' title="bbox 1944 4806 3538 4904">
    <p class='ocr_par' dir='ltr' id='par_1_109' title="bbox 1944 4806 3538 4904">
     <span class='ocr_line' id='line_1_111' title="bbox 1944 4806 3538 4904; baseline -0.019 -17"><span class='ocrx_word' id='word_1_793' title='bbox 1944 4831 2069 4904; x_wconf 88' lang='lat' dir='ltr'><strong>igne</strong></span> <span class='ocrx_word' id='word_1_794' title='bbox 2089 4821 2490 4900; x_wconf 87' lang='lat' dir='ltr'><strong>populantibus,</strong></span> <span class='ocrx_word' id='word_1_795' title='bbox 2524 4830 2732 4888; x_wconf 86' lang='lat' dir='ltr'><strong>nosque</strong></span> <span class='ocrx_word' id='word_1_796' title='bbox 2777 4811 2935 4869; x_wconf 90' lang='lat' dir='ltr'><strong>sedes</strong></span> <span class='ocrx_word' id='word_1_797' title='bbox 2972 4806 3212 4881; x_wconf 90' lang='lat' dir='ltr'><strong>quotidie</strong></span> <span class='ocrx_word' id='word_1_798' title='bbox 3248 4811 3538 4870; x_wconf 78' lang='lat' dir='ltr'><strong>mutamus,</strong></span> 
     </span>
    </p>
   </div>
   <div class='ocr_carea' id='block_1_110' title="bbox 2010 4953 3543 5047">
    <p class='ocr_par' dir='ltr' id='par_1_110' title="bbox 2010 4953 3543 5047">
     <span class='ocr_line' id='line_1_112' title="bbox 2010 4953 3543 5047; baseline 0 0"><span class='ocrx_word' id='word_1_799' title='bbox 2010 4982 2085 5047; x_wconf 84' lang='grc' dir='ltr'><strong>(α)</strong></span> <span class='ocrx_word' id='word_1_800' title='bbox 2112 4988 2225 5031; x_wconf 60' lang='lat' dir='ltr'><strong>nec</strong></span> <span class='ocrx_word' id='word_1_801' title='bbox 2245 4972 3019 5047; x_wconf 57' lang='lat' dir='ltr'><strong>apposite.noete99t222°32§</strong></span> <span class='ocrx_word' id='word_1_802' title='bbox 3036 4953 3543 5047; x_wconf 61' lang='lat' dir='ltr'><strong>E.£.‘££‘i‘.’..‘.&quot;..‘f£i’.&#39;.f:</strong></span> 
     </span>
    </p>
   </div>
   <div class='ocr_carea' id='block_1_111' title="bbox 1947 5020 3543 5100">
    <p class='ocr_par' dir='ltr' id='par_1_111' title="bbox 1947 5020 3543 5100">
     <span class='ocr_line' id='line_1_113' title="bbox 1947 5020 3543 5100; baseline -0.022 -2"><span class='ocrx_word' id='word_1_803' title='bbox 1947 5020 2225 5100; x_wconf 52' lang='lat' dir='ltr'><strong>tetigerat:</strong></span> <span class='ocrx_word' id='word_1_804' title='bbox 2238 5020 2674 5096; x_wconf 55' lang='grc' dir='ltr'><strong>ὅὸἧὲὖίἐὲἰῗὰιφιὶ</strong></span> <span class='ocrx_word' id='word_1_805' title='bbox 3030 5020 3543 5100; x_wconf 42' lang='grc' dir='ltr'><strong>ζηξρξζᾳέρῇιξΞι-ωιξιέ</strong></span> 
     </span>
    </p>
   </div>
   <div class='ocr_carea' id='block_1_112' title="bbox 1948 5079 3545 5160">
    <p class='ocr_par' dir='ltr' id='par_1_112' title="bbox 1948 5079 3545 5160">
     <span class='ocr_line' id='line_1_114' title="bbox 1948 5079 3545 5160; baseline -0.024 1"><span class='ocrx_word' id='word_1_806' title='bbox 1948 5079 2779 5160; x_wconf 68' lang='lat' dir='ltr'><strong>iam</strong></span> <span class='ocrx_word' id='word_1_807' title='bbox 2815 5094 2867 5139; x_wconf 84' lang='lat' dir='ltr'><strong>ut</strong></span> <span class='ocrx_word' id='word_1_808' title='bbox 2889 5079 3117 5160; x_wconf 45' lang='lat' dir='ltr'><strong>tempore;</strong></span> <span class='ocrx_word' id='word_1_809' title='bbox 3132 5079 3418 5160; x_wconf 46' lang='lat' dir='ltr'><strong>reipublic?</strong></span> <span class='ocrx_word' id='word_1_810' title='bbox 3456 5083 3545 5160; x_wconf 53' lang='lat' dir='ltr'><strong>tio;</strong></span> 
     </span>
    </p>
   </div>
   <div class='ocr_carea' id='block_1_113' title="bbox 1950 5134 3551 5262">
    <p class='ocr_par' dir='ltr' id='par_1_113' title="bbox 1950 5134 3551 5262">
     <span class='ocr_line' id='line_1_115' title="bbox 1950 5134 3546 5222; baseline -0.023 0"><span class='ocrx_word' id='word_1_811' title='bbox 2556 5134 2925 5212; x_wconf 49' lang='lat' dir='ltr'><strong>bEiéFéﬁaﬁai</strong></span> <span class='ocrx_word' id='word_1_812' title='bbox 2937 5134 3169 5217; x_wconf 51' lang='lat' dir='ltr'><strong>consules</strong></span> <span class='ocrx_word' id='word_1_813' title='bbox 3211 5134 3421 5214; x_wconf 52' lang='lat' dir='ltr'><strong>ﬂerunt,</strong></span> <span class='ocrx_word' id='word_1_814' title='bbox 3457 5134 3546 5187; x_wconf 74' lang='lat' dir='ltr'><strong>sed</strong></span> 
     </span>
     <span class='ocr_line' id='line_1_116' title="bbox 1955 5204 3551 5262; baseline -0.012 4"><span class='ocrx_word' id='word_1_815' title='bbox 1955 5231 2036 5262; x_wconf 63' lang='lat' dir='ltr'><strong>.m-</strong></span> <span class='ocrx_word' id='word_1_816' title='bbox 2070 5224 2345 5262; x_wconf 61' lang='grc' dir='ltr'><strong>...ιηηεηι-εηι</strong></span> <span class='ocrx_word' id='word_1_817' title='bbox 2383 5219 2621 5262; x_wconf 70' lang='lat' dir='ltr'><strong>mundam</strong></span> <span class='ocrx_word' id='word_1_818' title='bbox 2656 5211 2886 5262; x_wconf 78' lang='lat' dir='ltr'><strong>reaebant</strong></span> <span class='ocrx_word' id='word_1_819' title='bbox 2907 5214 2952 5259; x_wconf 78' lang='lat' dir='ltr'><strong>et</strong></span> <span class='ocrx_word' id='word_1_820' title='bbox 2980 5206 3131 5258; x_wconf 67' lang='lat' dir='ltr'><strong>Italam</strong></span> <span class='ocrx_word' id='word_1_821' title='bbox 3153 5214 3388 5262; x_wconf 64' lang='lat' dir='ltr'><strong>regamus,</strong></span> <span class='ocrx_word' id='word_1_822' title='bbox 3411 5204 3463 5262; x_wconf 69' lang='lat' dir='ltr'><strong>ut</strong></span> <span class='ocrx_word' id='word_1_823' title='bbox 3483 5209 3551 5262; x_wconf 61' lang='lat' dir='ltr'><strong>ego</strong></span> 
     </span>
    </p>
   </div>
   <div class='ocr_carea' id='block_1_114' title="bbox 1953 5219 3551 5376">
    <p class='ocr_par' dir='ltr' id='par_1_114' title="bbox 1953 5219 3551 5376">
     <span class='ocr_line' id='line_1_117' title="bbox 1953 5219 3551 5316; baseline -0.018 -36"><span class='ocrx_word' id='word_1_824' title='bbox 2063 5219 2345 5303; x_wconf 66' lang='lat' dir='ltr'><strong>prouincias</strong></span> <span class='ocrx_word' id='word_1_825' title='bbox 2361 5219 2640 5296; x_wconf 45' lang='lat' dir='ltr'><strong>.quasdam-</strong></span> <span class='ocrx_word' id='word_1_826' title='bbox 2656 5219 2886 5287; x_wconf 67' lang='lat' dir='ltr'><strong>regebant</strong></span> <span class='ocrx_word' id='word_1_827' title='bbox 2902 5219 2952 5281; x_wconf 55' lang='lat' dir='ltr'><strong>et</strong></span> <span class='ocrx_word' id='word_1_828' title='bbox 2972 5219 3131 5280; x_wconf 49' lang='grc' dir='ltr'><strong>,πωπω</strong></span> <span class='ocrx_word' id='word_1_829' title='bbox 3153 5219 3388 5316; x_wconf 55' lang='grc' dir='ltr'><strong>Ἠιωυι,</strong></span> <span class='ocrx_word' id='word_1_830' title='bbox 3411 5219 3463 5248; x_wconf 78' lang='grc' dir='ltr'><strong>ιιι</strong></span> <span class='ocrx_word' id='word_1_831' title='bbox 3483 5219 3551 5265; x_wconf 69' lang='grc' dir='ltr'><strong>τεῦ</strong></span> 
     </span>
     <span class='ocr_line' id='line_1_118' title="bbox 1954 5259 3551 5376; baseline -0.004 0"><span class='ocrx_word' id='word_1_832' title='bbox 1954 5286 2468 5376; x_wconf 51' lang='lat' dir='ltr'><strong>gerebam</strong></span> <span class='ocrx_word' id='word_1_833' title='bbox 2478 5259 3551 5376; x_wconf 52' lang='lat' dir='ltr'><strong>esseszamzzatmamm</strong></span> 
     </span>
    </p>
   </div>
   <div class='ocr_carea' id='block_1_115' title="bbox 1958 5378 3550 5471">
    <p class='ocr_par' dir='ltr' id='par_1_115' title="bbox 1958 5378 3550 5471">
     <span class='ocr_line' id='line_1_119' title="bbox 1958 5378 3499 5410; baseline -0.025 -3"><span class='ocrx_word' id='word_1_834' title='bbox 1958 5378 2180 5410; x_wconf 62' lang='lat' dir='ltr'><strong>Asnaum,</strong></span> <span class='ocrx_word' id='word_1_835' title='bbox 2193 5378 2217 5400; x_wconf 69' lang='grc' dir='ltr'>ι</span> <span class='ocrx_word' id='word_1_836' title='bbox 2228 5378 2410 5400; x_wconf 65' lang='lat' dir='ltr'><strong><em>mauu»</em></strong></span> <span class='ocrx_word' id='word_1_837' title='bbox 2425 5378 2466 5396; x_wconf 77' lang='grc' dir='ltr'><strong>ιο</strong></span> <span class='ocrx_word' id='word_1_838' title='bbox 2480 5378 2739 5397; x_wconf 63' lang='grc' dir='ltr'><strong>υυιηηυνμη</strong></span> <span class='ocrx_word' id='word_1_839' title='bbox 2752 5378 2768 5386; x_wconf 90' lang='grc'><strong>-</strong></span> <span class='ocrx_word' id='word_1_840' title='bbox 2789 5378 3001 5385; x_wconf 53' lang='grc' dir='ltr'><strong>...υ----ην</strong></span> <span class='ocrx_word' id='word_1_841' title='bbox 3233 5386 3246 5398; x_wconf 54' lang='grc'><em>.</em></span> <span class='ocrx_word' id='word_1_842' title='bbox 3489 5378 3499 5387; x_wconf 49' lang='grc'>.</span> 
     </span>
     <span class='ocr_line' id='line_1_120' title="bbox 1958 5378 3550 5471; baseline -0.026 -2"><span class='ocrx_word' id='word_1_843' title='bbox 1958 5430 2038 5468; x_wconf 79' lang='lat' dir='ltr'><strong>res</strong></span> <span class='ocrx_word' id='word_1_844' title='bbox 2049 5411 2241 5466; x_wconf 73' lang='lat' dir='ltr'><strong>Novella</strong></span> <span class='ocrx_word' id='word_1_845' title='bbox 2250 5411 2298 5471; x_wconf 91' lang='lat'><strong>8,</strong></span> <span class='ocrx_word' id='word_1_846' title='bbox 2310 5415 2355 5460; x_wconf 81' lang='lat' dir='ltr'><strong>et</strong></span> <span class='ocrx_word' id='word_1_847' title='bbox 2371 5403 2579 5471; x_wconf 67' lang='lat' dir='ltr'><strong>formula</strong></span> <span class='ocrx_word' id='word_1_848' title='bbox 2590 5378 3550 5471; x_wconf 34' lang='grc' dir='ltr'><strong>εοηευιαῄιαξὶξμᾳνςιῇζαὲεξιῖιέρῃ</strong></span> 
     </span>
    </p>
   </div>
   <div class='ocr_carea' id='block_1_116' title="bbox 1957 5445 3554 5533">
    <p class='ocr_par' dir='ltr' id='par_1_116' title="bbox 1957 5445 3554 5533">
     <span class='ocr_line' id='line_1_121' title="bbox 1957 5445 3554 5533; baseline 0.005 -7"><span class='ocrx_word' id='word_1_849' title='bbox 1957 5445 2298 5531; x_wconf 54' lang='grc' dir='ltr'><strong>ϊῑὲἱιϊέῖιῖὶἰ</strong></span> <span class='ocrx_word' id='word_1_850' title='bbox 2310 5445 2432 5533; x_wconf 62' lang='grc' dir='ltr'><strong>ἱἉὶ</strong></span> <span class='ocrx_word' id='word_1_851' title='bbox 2448 5445 2836 5533; x_wconf 58' lang='grc' dir='ltr'><strong>Ξῗέὲέιῖέῖἔ</strong></span> <span class='ocrx_word' id='word_1_852' title='bbox 2846 5445 2900 5508; x_wconf 65' lang='grc' dir='ltr'><strong>ει</strong></span> <span class='ocrx_word' id='word_1_853' title='bbox 2922 5445 3554 5533; x_wconf 53' lang='grc' dir='ltr'><strong>[φὲέξρῖέεᾶθξέλείέἒευέξί</strong></span> 
     </span>
    </p>
   </div>
   <div class='ocr_carea' id='block_1_117' title="bbox 1963 5503 3556 5602">
    <p class='ocr_par' dir='ltr' id='par_1_117' title="bbox 1963 5503 3556 5602">
     <span class='ocr_line' id='line_1_122' title="bbox 1963 5503 3556 5602; baseline -0.004 7"><span class='ocrx_word' id='word_1_854' title='bbox 1963 5503 2185 5602; x_wconf 62' lang='grc' dir='ltr'><strong>ἓαῗέἑτῒέ</strong></span> <span class='ocrx_word' id='word_1_855' title='bbox 2198 5503 2499 5602; x_wconf 54' lang='grc' dir='ltr'><strong>ἔῖυέἓῐὲὀὲἑ</strong></span> <span class='ocrx_word' id='word_1_856' title='bbox 2520 5503 3556 5602; x_wconf 46' lang='grc' dir='ltr'><strong>ἂὲἓδὲᾷξναῐςέῖξτὲ.εέιί.ἱῧεῖῐῐ³.δξμῇυέεἲίῖξιξ</strong></span> 
     </span>
    </p>
   </div>
   <div class='ocr_carea' id='block_1_118' title="bbox 1962 5565 3558 5661">
    <p class='ocr_par' dir='ltr' id='par_1_118' title="bbox 1962 5565 3558 5661">
     <span class='ocr_line' id='line_1_123' title="bbox 1963 5565 3556 5602; baseline -0.024 -11"><span class='ocrx_word' id='word_1_857' title='bbox 1963 5565 2038 5592; x_wconf 68' lang='lat' dir='ltr'><strong>cur</strong></span> <span class='ocrx_word' id='word_1_858' title='bbox 2051 5565 2183 5602; x_wconf 69' lang='grc' dir='ltr'><strong><em>μωιιι</em></strong></span> <span class='ocrx_word' id='word_1_859' title='bbox 2198 5565 2498 5585; x_wconf 67' lang='grc' dir='ltr'><strong>δαυυῡυιινηυ</strong></span> <span class='ocrx_word' id='word_1_860' title='bbox 2520 5565 2654 5577; x_wconf 60' lang='grc' dir='ltr'><strong>..ν-αν.</strong></span> <span class='ocrx_word' id='word_1_861' title='bbox 2670 5565 2857 5573; x_wconf 48' lang='grc' dir='ltr'><strong>,ππ---ην</strong></span> <span class='ocrx_word' id='word_1_862' title='bbox 2882 5565 2889 5567; x_wconf 54' lang='lat'><strong>.</strong></span> <span class='ocrx_word' id='word_1_863' title='bbox 2926 5565 2942 5577; x_wconf 69' lang='grc'><em>,</em></span> <span class='ocrx_word' id='word_1_864' title='bbox 3101 5575 3110 5584; x_wconf 40' lang='grc' dir='ltr'>ι</span> <span class='ocrx_word' id='word_1_865' title='bbox 3377 5566 3388 5575; x_wconf 80' lang='lat'>_</span> <span class='ocrx_word' id='word_1_866' title='bbox 3446 5565 3453 5567; x_wconf 13' lang='grc' dir='ltr'><em>ἡ</em></span> <span class='ocrx_word' id='word_1_867' title='bbox 3545 5565 3556 5571; x_wconf 85' lang='lat'>_</span> 
     </span>
     <span class='ocr_line' id='line_1_124' title="bbox 1962 5565 3558 5661; baseline -0.011 16"><span class='ocrx_word' id='word_1_868' title='bbox 1962 5608 2091 5661; x_wconf 71' lang='grc' dir='ltr'><strong>νανυν</strong></span> <span class='ocrx_word' id='word_1_869' title='bbox 2116 5598 2408 5661; x_wconf 52' lang='lat' dir='ltr'><strong>mirantur</strong></span> <span class='ocrx_word' id='word_1_870' title='bbox 2428 5586 2739 5661; x_wconf 59' lang='grc' dir='ltr'><strong>επεριςευζεετ</strong></span> <span class='ocrx_word' id='word_1_871' title='bbox 2757 5573 3285 5661; x_wconf 50' lang='grc' dir='ltr'><strong>ἕιεέξεξξέιέέξέκιξέ</strong></span> <span class='ocrx_word' id='word_1_872' title='bbox 3304 5565 3558 5661; x_wconf 53' lang='grc' dir='ltr'><strong>ἝξρᾷΈὲ</strong></span> 
     </span>
    </p>
   </div>
   <div class='ocr_carea' id='block_1_119' title="bbox 1963 5629 3555 5717">
    <p class='ocr_par' dir='ltr' id='par_1_119' title="bbox 1963 5629 3555 5717">
     <span class='ocr_line' id='line_1_125' title="bbox 1963 5629 3555 5717; baseline 0.002 -2"><span class='ocrx_word' id='word_1_873' title='bbox 1963 5629 2105 5715; x_wconf 63' lang='grc' dir='ltr'><strong>Ξεῗῶιί</strong></span> <span class='ocrx_word' id='word_1_874' title='bbox 2119 5629 2405 5709; x_wconf 52' lang='grc' dir='ltr'><strong>τοῖιέῖὶΕὲ</strong></span> <span class='ocrx_word' id='word_1_875' title='bbox 2423 5629 3555 5717; x_wconf 43' lang='grc' dir='ltr'><strong>ιῖἇῖιῦἷιὶῖέᾆδίὲξυιξτῇιέᾑζξξὲἒέεῇδξ’</strong></span> 
     </span>
    </p>
   </div>
   <div class='ocr_carea' id='block_1_120' title="bbox 1967 5705 3557 5776">
    <p class='ocr_par' dir='ltr' id='par_1_120' title="bbox 1967 5705 3557 5776">
     <span class='ocr_line' id='line_1_126' title="bbox 1967 5705 3557 5776; baseline 0.001 -1"><span class='ocrx_word' id='word_1_876' title='bbox 1967 5705 2102 5776; x_wconf 65' lang='grc' dir='ltr'><strong>ῖὰοῖνῖ</strong></span> <span class='ocrx_word' id='word_1_877' title='bbox 2121 5705 2298 5772; x_wconf 47' lang='lat' dir='ltr'><strong>ita»;</strong></span> <span class='ocrx_word' id='word_1_878' title='bbox 2312 5705 2700 5776; x_wconf 59' lang='grc' dir='ltr'><strong>ἁρρειιαῦαηίισ·</strong></span> <span class='ocrx_word' id='word_1_879' title='bbox 2717 5705 2851 5776; x_wconf 52' lang='lat' dir='ltr'><strong>fide</strong></span> <span class='ocrx_word' id='word_1_880' title='bbox 2873 5705 3020 5776; x_wconf 56' lang='lat' dir='ltr'><strong>“id!”</strong></span> <span class='ocrx_word' id='word_1_881' title='bbox 3041 5705 3557 5776; x_wconf 50' lang='grc' dir='ltr'><strong>Είῐὲδέραέτᾘξτξλῗζ</strong></span> 
     </span>
    </p>
   </div>
   <div class='ocr_carea' id='block_1_121' title="bbox 1968 5729 3557 5845">
    <p class='ocr_par' dir='ltr' id='par_1_121' title="bbox 1968 5729 3557 5845">
     <span class='ocr_line' id='line_1_127' title="bbox 1968 5729 3557 5845; baseline -0.023 -8"><span class='ocrx_word' id='word_1_882' title='bbox 1968 5729 2297 5845; x_wconf 50' lang='lat' dir='ltr'><strong>saepe</strong></span> <span class='ocrx_word' id='word_1_883' title='bbox 2313 5729 2700 5843; x_wconf 57' lang='lat' dir='ltr'><strong>‘é’il’é’é‘,ff°3?§i€‘</strong></span> <span class='ocrx_word' id='word_1_884' title='bbox 2715 5729 2852 5829; x_wconf 50' lang='lat' dir='ltr'><strong>ira:</strong></span> <span class='ocrx_word' id='word_1_885' title='bbox 2864 5729 3020 5831; x_wconf 61' lang='lat' dir='ltr'><strong>ast:</strong></span> <span class='ocrx_word' id='word_1_886' title='bbox 3038 5729 3557 5812; x_wconf 56' lang='lat' dir='ltr'><strong>amas-aa:</strong></span> 
     </span>
    </p>
   </div>
   <div class='ocr_carea' id='block_1_122' title="bbox 1971 5844 2322 5912">
    <p class='ocr_par' dir='ltr' id='par_1_122' title="bbox 1971 5844 2322 5912">
     <span class='ocr_line' id='line_1_128' title="bbox 1971 5844 2322 5912; baseline -0.026 -9"><span class='ocrx_word' id='word_1_887' title='bbox 1971 5844 2143 5903; x_wconf 78' lang='lat' dir='ltr'><strong>sularis</strong></span> <span class='ocrx_word' id='word_1_888' title='bbox 2159 5844 2322 5912; x_wconf 58' lang='lat' dir='ltr'><strong>Syria.</strong></span> 
     </span>
    </p>
   </div>
   <div class='ocr_carea' id='block_1_123' title="bbox 1957 5340 3097 5410">
    <p class='ocr_par' dir='ltr' id='par_1_123' title="bbox 1957 5340 3097 5410">
     <span class='ocr_line' id='line_1_129' title="bbox 1957 5340 3097 5410; baseline -0.026 -2"><span class='ocrx_word' id='word_1_889' title='bbox 1957 5340 2180 5410; x_wconf 55' lang='grc' dir='ltr'><strong>ἷέῆἇὶίω,</strong></span> <span class='ocrx_word' id='word_1_890' title='bbox 2193 5344 2468 5410; x_wconf 74' lang='lat' dir='ltr'><strong>consularis</strong></span> <span class='ocrx_word' id='word_1_891' title='bbox 2480 5340 2740 5410; x_wconf 56' lang='lat' dir='ltr'><strong>melicam!</strong></span> <span class='ocrx_word' id='word_1_892' title='bbox 2751 5340 3013 5410; x_wconf 50' lang='lat' dir='ltr'><strong>reumate</strong></span> 
     </span>
    </p>
   </div>
  </div>
