1953 3193
184 190 236 217 613

185 246 365 275 necessarium
379 245 489 280 proinde
498 250 556 270 esse
567 243 691 269 duximus
701 250 762 268 eum
775 241 835 268 hinc
846 242 978 273 eminere,

184 294 294 321 domino
315 299 376 319 meo
398 289 595 325 religiosi~siuto
610 288 723 315 diacono
739 288 878 315 Theodoto
901 287 981 315 etiam

184 346 264 375 atque
275 339 354 366 etiam
363 337 531 368 mandantes,
542 340 571 362 ut
582 335 663 370 ipsius
674 342 764 362 curatn
776 334 883 361 assidue
896 338 980 369 gerat,

185 394 210 412 III
227 386 304 420 idque
318 390 414 418 magno
433 382 521 409 studio
535 390 566 409 ac
588 381 724 416 diligentia
744 381 890 408 incumbat.
905 380 982 415 Quod

185 433 270 466 ipsum
287 436 316 458 ut
331 431 400 458 illius
420 434 480 457 tuus
500 433 689 463 eonseqtiatur,
708 433 735 455 tu
749 435 856 463 quoqtte
876 427 981 454 labores

184 479 261 506 vclim
286 487 292 504 :
317 481 396 512 atque
415 476 525 503 omnino
549 474 689 501 consilium
714 479 835 500 nostrutn
850 473 980 506 laudabis,

184 524 314 558 nobisque
332 521 523 550 admonitionis
543 520 621 555 hujus
636 520 744 547 nomine
766 519 900 555 ingentem
918 526 981 553 gra-

184 570 246 596 tiatn
264 568 385 596 habebis.

184 636 276 664 LXII.
299 636 384 670 Casta,
399 635 510 668 Valerio,
527 633 691 670 Dioplmnma,
707 632 824 668 συνίασι),
837 632 978 659 Antiochum

355 683 517 718 presbyteris.
535 681 650 716 (Cucuso
663 688 734 707 anno
744 679 819 715 405.)

221 752 298 786 Quo]
311 751 553 779 reverendissimus
566 758 596 776 at:
610 749 825 784 religiosissimus
839 748 978 784 presbyter

183 798 358 825 (ii-nstantius
380 805 430 824 nos
454 796 609 831 reliquerit,
626 795 724 822 doleo:
741 794 811 829 quod
833 799 921 821 autem
944 794 978 821 ad

186 853 232 871 ως
248 853 277 872 se
291 843 450 875 contulerit,
466 843 557 875 ludor;
571 850 603 869 ac
617 842 702 876 magis
722 841 784 868 hinc
802 841 887 873 laetor,
900 848 986 875 quam.

187 891 259 917 illinc
273 891 361 917 dolco.
383 890 474 924 Neque
497 889 568 917 enim
592 888 658 916 mihi
670 888 781 916 dubium
797 892 848 921 est,
871 888 934 922 quin
946 887 980 914 ad

185 936 356 971 tranquillum
379 941 501 970 portum,
517 934 569 963 hoc
586 940 628 962 est
643 934 676 962 ad
696 939 813 962 vestram
829 934 978 965 caritatem,

183 983 308 1017 appellat.
329 981 395 1009 Nam
416 981 538 1016 quamvis
561 981 682 1009 sexcenti
706 980 835 1008 tumultus
857 987 905 1007 vos
930 988 981 1006 un-

182 1028 262 1062 dique
276 1028 451 1055 circumstent
461 1048 468 1059 ,
483 1035 651 1062 magnosque
665 1026 763 1053 fluetus
780 1026 899 1053 excitent
914 1034 920 1052 :
938 1029 979 1052 ta-

183 1083 243 1101 men
258 1074 390 1109 ejusmodi
404 1079 474 1101 statu
488 1082 531 1101 res
547 1079 644 1102 vestrae
658 1077 737 1105 sunt,
752 1078 780 1100 ut
794 1073 828 1100 ob
842 1080 912 1104 eam,
927 1079 979 1107 qua

182 1121 285 1155 pra‘diti
301 1121 385 1154 estis,
404 1120 588 1148 fortitudinem
610 1124 638 1146 et
650 1123 817 1146 constantem
840 1119 978 1146 caritatem

181 1167 319 1201 animique
331 1166 501 1194 affectionem
512 1186 518 1198 ,
534 1165 615 1192 ctiatn
632 1165 659 1192 in
672 1164 767 1192 mediis
781 1164 905 1198 procellis
920 1171 978 1190 ma-

181 1221 233 1247 gna
248 1213 443 1247 tranquillitate
463 1212 599 1239 fruamini.
614 1210 794 1245 Quamobrem
807 1218 867 1237 cum
884 1209 918 1237 ad
933 1217 980 1237 ve-

181 1263 265 1286 strum
280 1263 418 1293 aspectum
433 1257 547 1291 venerit,
564 1257 624 1291 ipsi,
638 1261 668 1283 ut
681 1264 729 1290 par
742 1260 793 1289 est,
809 1255 897 1282 omnia
911 1263 977 1290 sup-

180 1306 308 1340 peditato.
320 1305 400 1332 Scitis
411 1305 482 1332 enim
495 1308 592 1339 quanta
606 1311 653 1330 vos
668 1303 730 1329 hinc
745 1311 847 1330 merces
860 1307 976 1334 maneat,

180 1353 202 1379 si
218 1360 279 1379 eum
295 1352 386 1387 inique
398 1355 523 1379 vexatum
540 1351 630 1378 fovere
644 1351 784 1378 studentis.
800 1351 892 1385 Neque
904 1350 976 1378 enim

180 1398 251 1424 aliud
264 1397 410 1433 quidquam
424 1405 438 1423 a
455 1396 531 1424 vobis
542 1397 718 1431 postulamus,
734 1405 812 1431 quam
827 1400 854 1423 ut
868 1404 901 1423 ne
921 1396 977 1430 ipse

179 1453 227 1478 per
242 1444 366 1478 injuriam
379 1447 503 1476 vexetur,
520 1448 674 1478 temereque
685 1442 738 1470 huc
751 1448 831 1478 atque
845 1443 908 1469 illuc
921 1443 976 1469 cir-

179 1493 346 1525 cumagatur,
358 1496 390 1517 ac
402 1497 449 1524 per
459 1488 578 1524 judicum
592 1489 733 1516 tribunalia
746 1496 807 1516 eam
821 1488 856 1516 ob
868 1495 976 1516 causam

179 1536 354 1568 distrahatur,
378 1540 459 1570 atque
478 1535 620 1567 laceretur,
643 1534 679 1562 ob
697 1542 778 1569 quam
798 1541 861 1561 cum
876 1541 976 1561 corona

178 1582 280 1613 ornari,
297 1587 330 1608 ac
349 1580 457 1616 publico
477 1581 612 1615 praeconio
635 1579 766 1608 celebrari
786 1587 836 1614 par
857 1584 924 1607 erat.
937 1580 978 1607 Ae

180 1636 229 1663 pro
243 1635 275 1654 eo
289 1626 397 1662 quidem
413 1626 471 1653 b:ee
487 1626 669 1661 postulamus;
685 1633 733 1660 pro
747 1625 826 1652 nobis
844 1629 934 1652 autem
948 1629 979 1652 ut

178 1680 252 1707 sazpe
265 1673 297 1699 ad
311 1679 360 1699 nos
383 1671 518 1703 seribatis,
533 1677 564 1698 ac
586 1670 621 1697 de
641 1674 730 1698 vestra
750 1670 903 1697 valetudine
915 1677 976 1697 cer-

179 1720 261 1746 tiores
275 1726 324 1746 nos
339 1717 453 1745 faciatis.
469 1717 536 1744 Nam
552 1717 602 1744 etsi
624 1717 704 1751 longo
717 1716 820 1743 itineris
836 1716 976 1743 intervallo

178 1774 192 1793 a
207 1766 283 1793 vobis
307 1764 479 1796 divellimur,
506 1771 554 1791 vos
575 1770 662 1790 tamen
685 1763 775 1789 anitno
803 1762 977 1790 circumferre

178 1812 288 1839 minintc
310 1811 474 1843 desinimus,
494 1817 526 1837 ac
548 1809 684 1836 vobiscum
708 1816 779 1840 esse.
803 1808 976 1843 quotidieque

177 1858 289 1886 versari.
315 1857 453 1893 Ejusmodi
474 1857 547 1884 enim
564 1857 684 1884 caritatis
708 1856 779 1883 oculi
797 1861 860 1883 sunt
882 1855 909 1882 in
930 1855 975 1887 iis,

177 1905 222 1940 qui
237 1905 340 1932 sincere
360 1911 451 1931 amare
465 1907 574 1931 norunt.
595 1902 677 1937 quue
699 1903 748 1937 ipsi
772 1902 913 1937 perspicue
928 1908 976 1928 no-

177 1951 236 1984 stis,
251 1950 469 1985 quandoquidem
483 1950 589 1977 sincere
606 1956 711 1984 quoque
724 1956 816 1975 amare
830 1948 925 1974 nostis.

230 2015 341 2044 LXIII.
362 2016 548 2052 Tranquillino.
578 2015 631 2051 (Ab
645 2023 716 2043 anno
731 2016 780 2043 401
796 2015 828 2042 ad
843 2015 921 2050 407.)

211 2085 315 2111 Caetera
337 2083 445 2118 quidem
469 2083 560 2110 munia
580 2082 694 2116 tetnpori
714 2081 827 2114 cedunt,
848 2089 881 2108 ac
898 2085 975 2109 vetu-

176 2135 274 2158 statem
289 2134 317 2157 ct
338 2129 442 2156 senium
465 2128 639 2162 contrahunt,
657 2128 708 2155 hoc
721 2133 764 2156 est
775 2127 897 2155 ﬂorentia
914 2135 974 2155 cor-

178 2185 252 2214 pora,
268 2177 321 2204 alia
336 2175 459 2208 rit-diﬁcia,
474 2181 560 2210 prata,
575 2180 602 2203 et
615 2175 696 2208 horti,
710 2182 742 2202 ac
751 2174 867 2210 denique
881 2173 971 2201 omnia

177 2232 237 2259 qua:
250 2231 282 2250 ex
302 2227 372 2250 terra
387 2222 511 2249 oriuntur
525 2231 534 2249 ι
547 2222 605 2249 sola
627 2226 716 2248 autem
730 2220 829 2247 caritas
852 2219 886 2247 ab
900 2219 973 2254 ejus-

176 2270 249 2299 modi
262 2269 424 2297 dctrimento
436 2268 563 2296 immunis
572 2272 630 2300 est;
641 2275 673 2295 ac
688 2275 741 2295 non
754 2267 834 2294 modo
848 2268 975 2302 temporis

176 2317 352 2345 diuturnitate
372 2323 426 2344 non
448 2315 605 2345 marcescit.
626 2314 673 2342 sed
699 2322 733 2342 ne
755 2320 842 2342 morte
865 2314 974 2349 quidem

177 2365 234 2402 ipsa
248 2363 462 2398 interrumpitur.
484 2362 577 2397 quue
597 2362 705 2389 nomine
725 2369 774 2388 nos
788 2368 912 2396 quoque,
936 2365 975 2388 ta-

177 2410 256 2440 metsi
268 2410 396 2438 diuturno
411 2415 533 2445 tempore
551 2417 568 2436 a
583 2409 716 2436 suavitate
730 2413 776 2436 tua
790 2407 973 2440 abfuerimus,

176 2458 310 2492 vigentem
331 2461 419 2485 tamen
448 2457 485 2484 tui
507 2463 628 2483 antorem
654 2455 802 2482 retinemus
822 2463 828 2480 :
852 2462 884 2482 ac
904 2461 976 2481 nttnc

175 2502 286 2539 quidem
300 2503 400 2537 lingua,
414 2509 521 2537 semper
533 2506 623 2530 autem
636 2502 737 2529 animo.
749 2500 841 2536 anue
851 2500 884 2528 tle
894 2507 974 2528 causa

176 2556 257 2585 quam
279 2549 428 2587 sa'pissime
439 2548 472 2576 ad
493 2549 620 2583 pietatem
636 2552 709 2575 tuam
726 2547 817 2574 literas
838 2546 973 2574 dedimus.

176 2596 308 2633 Quoniam
330 2600 432 2628 autem,
447 2603 501 2630 quo
516 2600 588 2623 statu
607 2595 732 2623 valetudo
746 2599 789 2621 tua
808 2594 856 2625 sit,
875 2593 975 2621 intelli-

177 2650 241 2679 gere
256 2642 336 2670 valde
348 2641 499 2676 expetimus
510 2639 576 2677 (scis
589 2641 660 2668 enim
677 2641 735 2676 ipse
749 2647 830 2675 quam
845 2644 870 2667 te
883 2640 974 2667 valere

177 2690 338 2725 cupiamus),
353 2688 376 2715 si
390 2687 448 2715 ﬁeri
463 2686 562 2721 possit,
577 2687 707 2722 facileque
726 2687 842 2722 aliquem
856 2685 973 2714 nancisci

178 2742 271 2770 queas,
294 2735 339 2770 qui
360 2735 451 2762 literas
465 2733 498 2760 ad
521 2739 570 2761 nos
591 2733 668 2767 ferat,
682 2734 763 2761 velim
787 2737 825 2766 ut,
845 2732 975 2768 quemad-

178 2783 285 2809 modum
300 2781 381 2810 ofﬁcii
398 2781 435 2808 tui
450 2781 518 2808 ratio
532 2780 668 2815 postulat,
683 2780 718 2808 de
732 2787 766 2807 eo
780 2787 830 2807 nos
843 2781 974 2807 certiores

179 2827 271 2854 facias.
286 2826 352 2855 Nam
367 2835 410 2854 res
427 2832 532 2854 nostras
546 2830 626 2860 atque
637 2833 668 2853 ea
688 2833 747 2860 quas
762 2826 788 2852 in
803 2826 930 2852 Armenia
945 2830 974 2852 et

178 2872 294 2901 Thracia
304 2878 450 2907 geruntur,
463 2873 576 2900 sincera:
590 2876 670 2907 atque
683 2872 787 2899 ardenti
800 2871 905 2900 caritati
921 2877 973 2900 tua)

177 2917 297 2945 narrabit
310 2918 333 2945 is
345 2918 390 2955 qui
404 2918 450 2946 tibi
464 2919 511 2947 has
527 2918 618 2947 literas
633 2918 734 2947 reddet.

560 185 587 213 S.
602 183 740 213 JOANNIS
760 181 994 211 CllllYSOSTOMI
1014 182 1170 211 ARGIIIEP.
1191 184 1457 213 CONSTANTINOP.

1786 187 1838 216 6M

1249 244 1352 271 LXIV.
1368 244 1474 280 Cyriuco
1489 245 1617 281 episcopo.

1074 310 1203 338 Dominus
1221 318 1296 338 mens
1319 311 1449 346 Sopater,
1470 312 1606 340 Armenia:
1632 312 1748 348 hujusce
1762 321 1833 350 pru-

1037 356 1138 390 fectus,
1155 357 1180 384 in
1202 366 1253 392 qua
1272 365 1342 385 nunc
1363 358 1458 386 inclusi
1475 363 1607 392 tenemur,
1622 360 1758 388 Armenia:
1775 361 1834 396 qui

1036 402 1097 429 dem
1112 403 1217 437 praefuit
1230 409 1258 430 ut
1274 408 1365 439 pater,
1381 404 1441 439 plus
1453 410 1543 433 autem
1558 405 1638 433 cilicii
1649 414 1715 442 erga
1726 414 1776 441 nos
1784 415 1834 437 ex-

1037 448 1131 481 hibuit,
1157 457 1236 483 qttatn
1256 457 1270 475 τι
1294 454 1368 484 patre
1387 449 1577 484 postulandum
1598 451 1744 479 videretur.
1767 451 1836 481 "uie

1036 494 1125 530 itaque
1146 496 1255 529 lmjusce
1273 495 1469 523 benevolentiae
1495 497 1579 524 vicem
1599 505 1661 525 cum
1684 499 1836 534 rependere

1035 548 1160 575 cuperem
1184 541 1416 576 et'exquircrem,
1432 542 1560 577 optimam
1581 543 1652 570 viam
1672 544 1741 572 mihi
1759 544 1837 573 inve-

1036 588 1109 614 nisse
1121 587 1224 619 videor,
1242 588 1367 614 nimirum
1385 588 1529 615 sollicitum
1545 592 1618 616 tuum
1631 595 1664 617 ac
1678 590 1834 625 vigilantem

1035 633 1165 666 intimum,
1189 633 1267 668 cujus
1290 641 1373 668 opera
1393 633 1506 668 gratiam
1529 634 1581 669 ipsi
1603 634 1705 663 referre
1725 642 1831 671 potero.

1034 680 1084 712 Qui
1099 680 1206 706 tandem
1219 680 1300 712 istud,
1314 685 1340 708 et
1352 687 1468 714 quonam
1484 681 1582 715 pacto?
1597 680 1682 716 Ipsius
1695 681 1835 718 filiusjam

1034 728 1078 754 diu
1095 727 1154 754 istic
1170 728 1307 754 literarum
1322 734 1402 754 causa
1425 732 1615 755 commoratur.
1635 727 1713 756 Hunc
1727 729 1751 757 si
1771 730 1837 758 ιτω

1034 778 1113 808 atque
1128 772 1209 799 alacri
1222 772 1328 804 animo,
1343 777 1372 799 ut
1387 772 1493 800 caritati
1509 777 1563 800 tua:
1584 774 1726 807 convenit.
1740 774 1836 804 viden

1033 820 1180 852 studueris,
1208 819 1385 853 beneﬁciique
1409 818 1508 854 aliquid
1535 819 1562 846 in
1586 827 1648 848 eum
1670 821 1832 856 contula’is,

1033 866 1122 893 omnia
1140 873 1154 892 a
1168 865 1243 892 nobis
1257 865 1344 893 debita
1360 864 1447 892 ofﬁcia
1463 865 1630 900 rcpcnderis.
1650 866 1833 900 Quamobrem

1034 912 1085 939 hoc
1100 911 1177 939 efﬁce
1190 920 1196 937 :
1211 918 1242 938 ac
1257 916 1311 939 tum
1332 918 1425 938 eorum
1438 911 1483 946 qui
1497 911 1832 948 tnagistratutfungunttlr,

1034 963 1089 984 tmn
1116 962 1220 984 luorutn
1243 956 1424 990 t’aunliarium,
1447 957 1546 992 quique
1563 957 1614 992 ipsi
1628 961 1770 986 externam
1789 966 1834 988 re-

1032 1005 1138 1038 giuttem
1152 1003 1235 1037 patria
1249 1002 1439 1037 jucundiorem
1456 1002 1570 1031 reddere
1583 1007 1695 1038 queunt,
1707 1004 1833 1033 notitiam

1034 1049 1081 1084 ipsi
1097 1049 1220 1076 concilia.
1233 1048 1277 1075 Sic
1293 1049 1375 1081 enim,
1387 1053 1413 1075 et
1427 1049 1461 1076 ab
1474 1055 1516 1082 eo,
1533 1053 1560 1075 et
1572 1055 1588 1076 a
1602 1056 1654 1082 me,
1668 1053 1751 1085 atque
1762 1049 1832 1079 adeo

1032 1105 1046 1122 a
1062 1096 1147 1130 teipso
1160 1095 1273 1130 gratiam
1290 1094 1379 1127 inibis,
1396 1094 1508 1129 probum
1520 1095 1624 1122 scilicet
1637 1103 1670 1123 ac
1683 1095 1833 1132 benignum

1033 1143 1121 1169 virum
1141 1149 1364 1176 communemque
1383 1148 1529 1176 pauperum
1551 1147 1658 1178 portum
1678 1150 1727 1177 per
1744 1142 1833 1172 miunt

1028 1197 1135 1224 juvans.

1043 1256 1089 1283 LX
1100 1257 1128 1284 V.
1144 1256 1277 1283 Marciano
1293 1261 1316 1283 et
1329 1255 1355 1282 Μ
1359 1256 1479 1283 arcellino
1489 1254 1538 1292 (α).
1554 1254 1686 1291 (ὒυουεο,
1697 1264 1771 1287 anno
1783 1262 1816 1288 ut.

1344 1307 1450 1338 putatur
1463 1302 1538 1338 ιρι)

1062 1372 1136 1400 Satis
1147 1372 1265 1407 amplum
1287 1371 1410 1399 maeroris
1426 1371 1514 1404 illius,
1531 1379 1622 1407 quem,
1643 1377 1673 1400 ut
1691 1380 1724 1400 ex
1741 1372 1832 1402 literis

1031 1420 1128 1447 vestris
1147 1419 1248 1453 accepi,
1269 1417 1423 1452 sustinetis,
1438 1417 1561 1445 solatium
1585 1418 1660 1446 vobis
1672 1423 1715 1446 est
1739 1419 1829 1454 philo-

1029 1464 1139 1500 suphica
1155 1463 1213 1491 haec
1228 1468 1316 1491 vestra
1338 1470 1414 1491 mens
1424 1484 1432 1496 ,
1453 1471 1484 1490 ac
1497 1463 1620 1491 sublimis
1634 1468 1662 1491 et
1674 1464 1752 1491 ﬁrma
1762 1472 1830 1493 con-

1029 1516 1157 1545 stansque
1170 1509 1286 1537 atfectio.
1304 1509 1339 1537 Ut
1358 1509 1429 1537 enim
1446 1509 1519 1537 molli
1533 1517 1565 1542 ac
1577 1509 1710 1538 dissoluto
1725 1510 1832 1542 homini.

1029 1566 1064 1584 ne
1080 1556 1258 1592 tranquillitas
1270 1555 1378 1591 quidem
1393 1563 1425 1583 ac
1437 1556 1572 1584 secundus
1587 1564 1683 1584 cursus
1701 1565 1828 1593 magiam

1029 1604 1109 1630 ullam
1121 1603 1261 1630 utilitatem
1275 1601 1370 1629 afferre
1384 1605 1487 1636 potest:
1502 1602 1541 1630 sic
1551 1602 1657 1630 ﬁrmum
1670 1607 1699 1631 et
1709 1603 1826 1632 solidum

1028 1655 1055 1677 et
1071 1649 1226 1684 vigilantem
1239 1648 1326 1676 virutn
1341 1656 1374 1675 ne
1385 1648 1472 1683 gravis
1484 1648 1591 1684 quidem
1608 1653 1754 1684 tempestas
1765 1657 1828 1678 um-

1027 1704 1108 1731 quam
1135 1698 1298 1725 connnovet,
1324 1702 1415 1721 verum
1439 1693 1580 1722 clariorem
1600 1699 1628 1722 et
1651 1695 1827 1725 illustriorem

1028 1742 1125 1769 reddit.
1146 1741 1184 1769 Ea
1205 1741 1276 1768 enim
1298 1741 1474 1768 tcntationum
1489 1745 1583 1767 natura
1603 1745 1656 1774 est,
1677 1745 1706 1768 ut
1723 1741 1757 1769 iis
1777 1742 1828 1778 qui

1028 1788 1088 1815 furti
1103 1788 1194 1815 animo
1205 1795 1252 1815 eas
1264 1786 1368 1818 ferunt,
1385 1786 1468 1814 multa
1484 1786 1594 1821 prsentia
1615 1786 1827 1823 splendidmuo

1027 1842 1140 1862 coronas
1162 1838 1293 1860 accersat.
1316 1832 1378 1859 llaec
1401 1833 1481 1866 igitur
1500 1839 1561 1859 cum
1585 1832 1662 1860 vobis
1685 1838 1826 1869 perspecta

1027 1881 1091 1914 sint,
1107 1879 1325 1907 rcvcrendissimi
1339 1887 1370 1906 ac
1385 1878 1543 1906 nobilissimi
1559 1878 1660 1906 domini
1674 1879 1738 1913 mei,
1750 1887 1827 1907 cum-

1027 1935 1079 1962 que
1092 1927 1163 1954 hanc
1178 1926 1243 1954 satis
1257 1926 1374 1960 amplam
1396 1926 1422 1953 in
1438 1925 1518 1953 rebus
1534 1925 1641 1954 acerbis
1659 1926 1825 1955 consolatio-

1028 1982 1088 2000 nem
1105 1973 1227 2001 habeatis
1242 1981 1249 1999 :
1270 1972 1336 1999 nihil
1358 1972 1452 1999 horum
1462 1992 1469 2005 ,
1484 1980 1543 2007 qua:
1557 1972 1641 2007 fiunt,
1653 1973 1759 2001 animos
1776 1981 1824 2001 ve-

1027 2024 1099 2047 stros
1112 2019 1250 2054 perturbet
1262 2039 1269 2051 ,
1281 2023 1362 2053 atque
1374 2026 1454 2053 quam
1469 2018 1617 2053 sarpissime
1631 2018 1665 2046 ad
1679 2027 1730 2047 nos
1745 2018 1825 2048 velim

1027 2066 1162 2095 scribatis.
1175 2066 1281 2093 Etenim
1297 2065 1323 2092 id
1337 2065 1445 2100 quidem
1460 2065 1577 2094 maxime
1591 2065 1719 2093 vellemus
1729 2086 1738 2100 ,
1754 2072 1826 2102 pra:-

1027 2118 1119 2141 scntes
1134 2120 1182 2140 vos
1197 2112 1293 2139 intueri
1307 2116 1387 2146 atque
1402 2111 1555 2146 complecti.
1572 2110 1704 2145 Quoniam
1715 2116 1823 2147 autem,

1026 2159 1170 2194 quominus
1189 2158 1216 2186 id
1239 2165 1310 2185 nunc
1335 2157 1392 2185 ﬁeri
1404 2157 1500 2193 possit,
1525 2157 1609 2184 multa
1629 2157 1824 2194 impedimento

1027 2210 1099 2239 sunt,
1115 2207 1174 2233 sine
1185 2204 1386 2233 intermissione
1396 2203 1429 2231 ad
1444 2211 1493 2231 nos
1502 2203 1630 2236 scribere,
1643 2211 1676 2231 ac
1687 2202 1722 2231 de
1734 2209 1824 2233 vestra

1027 2251 1181 2279 valetudine
1195 2251 1325 2277 certiores
1348 2256 1398 2277 nos
1413 2249 1502 2276 facere
1518 2256 1551 2276 ne
1567 2249 1728 2286 gravemini.
1743 2249 1824 2279 Scitis

1027 2298 1110 2331 enim,
1126 2301 1264 2332 quantam,
1278 2296 1300 2323 si
1317 2295 1369 2323 hoc
1381 2295 1496 2328 faciatis,
1514 2302 1529 2322 a
1544 2294 1622 2326 nobis
1637 2294 1752 2330 gratiam
1771 2294 1823 2323 ini—

1028 2344 1091 2377 turi,
1106 2347 1259 2378 quautaque
1273 2350 1323 2370 nos
1338 2341 1474 2377 voluptate
1485 2339 1648 2368 cumulaturi
1661 2339 1732 2371 sitis.

1026 2410 1075 2440 LX
1082 2410 1128 2439 γι.
1145 2410 1231 2445 Casta,
1250 2409 1359 2442 ναίει-το,
1372 2407 1668 2444 υίορήαηιωγσῃήαο,
1682 2408 1823 2438 Antiochi.

1344 2455 1506 2490 presbyteris.

1062 2527 1163 2562 Lingua
1176 2524 1284 2561 quidem
1302 2531 1364 2551 raro
1378 2522 1412 2550 ad
1424 2529 1472 2549 vos
1492 2521 1606 2556 scripsi;
1627 2521 1717 2549 animo
1732 2526 1822 2549 autem

1026 2573 1123 2602 crebro
1146 2579 1178 2599 ac
1199 2571 1362 2606 frequenter.
1386 2569 1474 2603 Quare
1490 2575 1525 2596 tte
1548 2567 1659 2595 totidem
1683 2566 1824 2597 dumtaxat

1027 2621 1156 2655 epistolas
1168 2623 1275 2646 nostras
1288 2623 1350 2644 esse
1363 2614 1525 2643 existimetis
1535 2634 1542 2646 ,
1558 2618 1625 2649 quot
1639 2621 1687 2650 per
1700 2613 1822 2646 chartam

1026 2672 1054 2696 et
1065 2669 1243 2694 atramentum
1258 2660 1411 2696 accepistis,
1424 2667 1517 2687 verum
1532 2658 1639 2694 quoted
1655 2666 1703 2686 vos
1715 2659 1823 2688 mittere

1027 2711 1187 2747 cupivimus.
1202 2709 1268 2736 Nam
1281 2707 1302 2735 si
1323 2714 1381 2734 rem
1397 2706 1433 2735 ita
1449 2710 1574 2741 reputare
1588 2704 1747 2738 volueritis,
1763 2712 1822 2733 sex-

1026 2763 1112 2787 centa:
1128 2755 1248 2792 profecto
1261 2755 1347 2782 literae
1357 2752 1391 2780 ad
1403 2759 1451 2779 vos
1465 2759 1480 2779 a
1494 2751 1571 2779 nobis
1586 2751 1676 2778 missae
1686 2755 1762 2779 sunt.
1774 2751 1820 2780 Si!

1027 2809 1116 2832 autem
1131 2809 1210 2830 nemo
1224 2805 1266 2828 est
1283 2800 1330 2835 qui
1348 2797 1476 2834 perferat,
1491 2805 1546 2825 non
1560 2800 1660 2824 nostra:
1671 2795 1818 2829 socordia.

1027 2851 1075 2879 sed
1089 2856 1177 2878 rerqu
1190 2846 1342 2875 difficultati
1356 2844 1492 2873 silentium
1508 2847 1630 2871 nostrum
1643 2841 1761 2870 adscribi
1772 2841 1818 2870 tb-

1065 2916 1102 2947 la)
1114 2915 1226 2944 (loislin.,
1235 2911 1313 2942 \‘atic,
1328 2914 1356 2936 ct
1365 2910 1459 2936 Fabric.
1471 2909 1571 2938 habent,
1580 2903 1740 2931 Marcelliano
