3906 6392
430 358 541 415 6ίεὶ

426 473 774 546 δυσκολίαςὴ
809 472 936 544 σιγή
960 473 1186 542 γίνεται.
1242 473 1426 528 Ταῦτα
1454 475 1513 529 δὲ
1564 470 1737 539 εἷπον,
1776 475 1867 530 ῐνα
1910 475 2008 531 zeal

429 565 751 637 γραφόντων
779 565 956 636 ἡμῶν,
982 566 1075 617 zeal
1101 562 1400 633 σιγώντων,
1422 566 1522 637 τὴν
1548 564 1718 637 αὐτὴν
1753 569 1882 639 περὶ
1909 568 2011 639 τῆς

431 658 707 730 ἡμετέρας
757 656 979 727 ἀγάπης
1024 656 1125 727 τῆς
1179 655 1309 728 περὶ
1362 656 1508 727 ὑμᾶς
1560 656 1765 729 φέρητε
1804 657 2008 728 ψῆφον.

443 750 633 819 Ἡμεῖς
663 748 771 819 γὰρ
794 748 1041 818 ὅπουπερ
1073 747 1142 800 ἂν
1187 740 1360 818 ὦμεν,
1396 745 1802 817 ἐγκολάψαντες
1851 745 2011 818 ἡμῶν

429 843 494 911 τῇ
519 839 725 912 διανοίᾳ
752 839 849 911 τὴν
874 839 1099 911 μνήμην
1123 837 1223 910 τήν
1250 838 1523 910 ὑμετέραν
1550 837 1827 909 πανταχοῦ
1851 854 2012 908 περι-

302 996 320 1010 .
429 932 687 1003 φέρομεν.
728 931 839 983 Kal
878 930 974 984 νῦν
1008 930 1066 984 δὲ
1100 929 1262 1003 χάριν
1322 930 1451 1002 ὑμῖν
1483 928 1643 1000 ίσμεν
1680 928 1902 1001 πολλὴν,
1929 928 2013 983 ὅτι

426 1024 517 1078 τὸν
540 1023 702 1077 καλὸν
729 1023 965 1094 μοναχὸν
996 1022 1091 1076 zeal
1124 1021 1263 1094 μετά
1283 1022 1381 1092 τῆς
1412 1020 1729 1092 πρεπούσης
1767 1020 1895 1091 ὑμῖν
1924 1020 2016 1074 εὑ-

427 1117 576 1181 νοίας
626 1113 981 1182 ὑπεδέξασθε,
1030 1113 1125 1169 zeal
1174 1116 1303 1178 τοὺς
1359 1113 1720 1185 βουλομένους
1767 1112 2014 1184 ἀκαίρως

427 1208 564 1280 πρὸς
584 1206 745 1262 αὑτὸν
772 1206 1098 1277 φιλονεικεῖν
1118 1205 1500 1277 ἡμερωτέρους
1521 1205 1878 1275 πεποιήκατε.
1900 1204 2015 1259 Οὐκ

426 1300 537 1370 ἀρα
565 1299 743 1370 μάτην
763 1297 968 1367 ἔλεγον,
992 1296 1114 1350 οὐδὲ
1134 1295 1448 1351 κολακεύων
1480 1294 1646 1367 ὑμᾶς,
1676 1297 1760 1349 ὅτι
1786 1293 1889 1349 κάν
1914 1292 2015 1367 μυ-

431 1391 523 1462 ρία
539 1389 876 1460 πανταχόθεν
903 1391 1185 1461 ἐγείρηται
1208 1388 1452 1459 κύματα,
1471 1389 1528 1441 ἐν
1554 1386 1762 1459 γαλήνῃ
1782 1385 1852 1440 τά
1876 1386 2015 1456 ὑμέ-

426 1497 582 1554 τερα.
619 1482 681 1536 Ol
719 1481 830 1553 γάρ
857 1479 1003 1534 οὕτω
1038 1479 1239 1553 ῥαδίως
1263 1478 1474 1550 ἑτέροις
1508 1478 1745 1548 ναυάγια
1773 1476 2016 1531 διαλύον-

428 1591 541 1639 τες,
572 1571 795 1644 εὔδηλον
842 1573 924 1626 ὅτι
973 1572 1165 1644 πόρρω
1222 1570 1333 1624 τῶν
1366 1569 1671 1624 κλυδωνίων
1721 1570 2014 1642 ἑστήκατε.

430 1666 679 1739 Γράφετε
729 1666 794 1737 δὴ
827 1664 1066 1735 συνεχῶς
1107 1665 1240 1736 ἡμῖν
1273 1664 1343 1719 τά
1376 1663 1506 1734 περὶ⁵
1533 1662 1636 1734 τῆς
1676 1662 1887 1733 ὑγιείας
1915 1662 2016 1733 τῆς

431 1758 726 1831 ὑμετέρας.
743 1759 888 1811 Ἴστε
914 1757 1022 1828 γὰρ
1046 1757 1196 1820 ὅπως
1212 1757 1346 1828 ἡμῖν
1372 1755 1838 1827 περισπούδαστον
1857 1753 2017 1809 τοῦτο

433 1849 747 1922 μανθάνειν.
783 1847 1063 1918 Τοσαύτην
1095 1848 1206 1920 γάρ
1243 1846 1358 1918 ἔχει
1386 1847 1485 1920 τὴν
1525 1847 1681 1918 ίσχὺν
1724 1845 1794 1901 τὰ
1828 1846 2015 1919 γράμο

434 1956 580 2010 ματα
600 1939 778 2012 ὑμῶν,
805 1940 875 1995 τὰ
903 1939 1003 2012 τήν
1035 1940 1203 2013 ρῶσιν
1230 1939 1385 2012 ὑμῶν
1410 1942 1547 2013 ήμῖν
1579 1938 2015 2010 ἀπαγγέλλοντα,

428 2032 515 2085 ὃτι
536 2032 631 2086 zeal
651 2031 927 2096 τοσούτοις
946 2032 1479 2104 περιεστοιχισμένοι
1498 2032 1714 2097 δεινοῖς,
1736 2031 2014 2104 πολέμοις,

431 2120 702 2193 θορύϐοις,
729 2125 1018 2195 ταραχαῖς,
1041 2122 1294 2188 θανάτοις
1322 2123 1739 2196 καθημερινοῖς,
1764 2123 1930 2197 ἡνίκα
1950 2123 2018 2179 ἀν

429 2213 699 2280 τοσαύτας
726 2213 882 2286 ὑμῶν
905 2213 1189 2288 δεξώμεθα
1219 2214 1533 2282 ἐπιστολὰς,
1564 2216 1660 2269 καὶ
1680 2215 2019 2288 ἀναπτερού-

433 2307 575 2379 μεθα
602 2306 709 2360 ὑπὸ
741 2306 842 2377 τῆς
887 2306 1106 2378 ἡδονῆς,
1146 2307 1243 2361 zeal
1291 2305 1558 2378 μεγίστην
1590 2306 1841 2361 ἐντεῦθεν
1876 2322 2018 2377 καρ-

432 2398 685 2470 πούμεθα
713 2397 811 2469 τὴν
854 2396 1209 2470 παραμυθίαν
1233 2410 1282 2455 ι.
1333 2398 1588 2453 Τοιοῦτον
1619 2397 1730 2470 γάρ
1751 2398 1813 2453 τὸ
1842 2398 2019 2470 φιλεῖν

430 2490 692 2562 γνησίως,
722 2490 801 2554 ὡς
848 2490 944 2544 zeal
994 2489 1084 2544 διὰ
1123 2490 1470 2563 γραμμάτων
1507 2487 1767 2544 δύνασθαι
1815 2489 1926 2544 τῶν
1951 2491 2019 2546 τὰ

428 2581 656 2638 τοιαῦτα
686 2580 980 2651 εὐαγγέλια
1016 2580 1250 2652 ἐχόντων
1278 2582 1409 2646 τοὺς
1439 2580 1518 2654 τῷ
1547 2579 1762 2655 σώματι
1786 2598 2022 2655 κεχωρι-

432 2676 662 2749 σμένους
693 2671 1032 2730 ἀνακτᾶσθαι
1064 2672 1285 2744 ῥᾳδίως.

756 2765 907 2838 [650]
940 2764 1069 2820 EZ’.
1106 2765 1373 2831 Θεοδότῳ
1400 2765 1678 2834 διακόνῳ.

501 2855 675 2920 Αὐτὸς
704 2855 824 2927 μὲν,
866 2853 1025 2926 κύριέ
1056 2870 1158 2926 μου
1191 2854 1490 2927 τιμιώτατε
1514 2856 1612 2910 zeal
1634 2853 2020 2921 εὐλαϐέστατε,

428 2949 540 3004 τῶν
570 2949 703 3019 γοῦν
730 2950 787 3001 ἐν
833 2945 1097 3019 ’Δρμενίᾳ
1129 2945 1456 3019 ἀπηλλάγης
1502 2946 1711 3014 κακῶν,
1761 2948 1908 3019 ἡμᾶς
1962 2945 2023 2999 δέ

434 3039 574 3113 μετά
602 3039 711 3094 τῶν
735 3038 970 3093 ἐνταῦθα
999 3035 1265 3110 θορύϐων,
1300 3036 1501 3110 μᾶλλον
1532 3038 1592 3092 δὲ
1619 3039 1729 3094 τῶν
1775 3037 2024 3093 θανάτων

430 3134 540 3189 τῶν
566 3130 978 3203 καθημερινῶν,
1006 3129 1105 3201 οὐχ
1121 3128 1197 3193 ὡς
1219 3128 1378 3200 ἔτυχε
1404 3129 1569 3184 λυπεῖ
1592 3132 1689 3185 zeal
1706 3130 1770 3184 τὸ
1801 3130 1902 3200 τῆς
1925 3130 2024 3201 σῆς

431 3224 770 3298 κεχωρίσθαι
799 3220 1160 3293 γλυκύτητος,
1185 3221 1282 3274 zeal
1294 3221 1393 3291 τῆς
1420 3221 1648 3291 γνησίας
1677 3223 1772 3276 zeal
1800 3221 2027 3294 είλικρι-

433 3316 558 3380 νοῦς
584 3312 901 3375 διαθέσεως.
946 3310 1145 3378 Γέγονε
1190 3310 1247 3364 δὲ
1271 3311 1368 3363 zeal
1401 3310 1568 3381 ἐτέρα
1614 3310 1795 3383 λύπης
1820 3311 2027 3382 ταύτης

432 3404 724 3480 προσθήκη
743 3404 794 3468 ιι,
825 3405 861 3474 ἡ
887 3401 1076 3474 μακρά
1108 3418 1204 3454 σου
1226 3401 1326 3471 τῆς
1366 3400 1664 3473 ἐμμελείας
1693 3403 1940 3476 σιγή.Ἐξ
1963 3398 2027 3461 οῦ

432 3499 547 3572 γὰρ
573 3496 824 3552 ἐντεῦθεν
869 3495 1126 3567 ἀπῆρας,
1177 3494 1437 3567 δευτέραν
1483 3493 1689 3567 ταύτην
1722 3495 2028 3569 ἐδεξάμεθα

440 3591 610 3663 μόνην
630 3588 950 3659 ἐπιστολήν·
988 3587 1082 3641 zeal
1104 3585 1280 3641 ταῦτα
1312 3586 1415 3642 οὐκ
1435 3586 1686 3657 ἐγκαλῶν
1705 3587 1874 3657 λέγω,
1908 3587 2026 3643 ἀλλ’

435 3681 639 3752 ἀλγῶν.
667 3681 794 3736 Ὅτι
834 3679 934 3752 μὲν
968 3677 1080 3751 γὰρ
1133 3678 1333 3744 ἀϐατος
1378 3679 1682 3751 ὁδοιπόροις
1711 3682 1746 3754 ἡ
1785 3680 2028 3737 ἐνταῦθα

437 3776 680 3848 φέρουσα
707 3773 846 3837 ὁδὸς,
868 3771 1046 3835 οὐδεὶς
1072 3770 1256 3840 ἀγνοεῖ
1282 3784 1300 3802 ο
1323 3771 1460 3826 ἀλλά
1486 3771 1650 3827 τοῦτο
1670 3773 1769 3844 μὲν
1785 3776 1868 3838 είς
1887 3774 2028 3828 ἀπο-

435 3867 623 3936 λογίαν
659 3865 759 3936 σὴν
779 3862 1036 3935 ἀποχρῶν
1065 3862 1131 3917 ἂν
1158 3864 1242 3934 είη
1268 3872 1319 3930 ε,
1347 3865 1426 3926 είς
1462 3863 1520 3917 δὲ
1548 3865 1826 3939 ἡμετέραν
1845 3883 2028 3939 παρα-

441 3956 640 4029 μυθίαν
659 3954 913 4027 οὐδαμῶς
931 3972 945 3987 ·
981 3952 1120 4008 ἀλλὰ
1139 3954 1233 4008 zeal
1254 3954 1321 4009 δι’
1351 3955 1484 4010 αὑτὸ
1503 3958 1604 4027 μὲν
1620 3953 1717 4012 οῦν
1742 3958 1900 4013 τοῦτο
1927 3960 2033 4031 μά-

435 4050 595 4103 λιστα
619 4047 916 4118 ἀλγοῦμεν,
955 4047 1038 4100 ὅτι
1068 4047 1164 4100 zeal
1201 4044 1301 4116 τὴν
1331 4045 1664 4119 λειπομένην
1695 4052 1829 4120 ἡμῖν
1851 4067 2033 4122 παρα-

435 4143 618 4215 ψυχὴν
641 4142 741 4213 τῆς
763 4140 1076 4212 ἀποδημίας
1095 4141 1197 4210 τῆς
1219 4140 1323 4210 σῆς
1343 4141 1435 4194 zeal
1450 4138 1655 4211 ταύτην
1669 4141 2027 4214 ἀφῃρήμεθα,

438 4234 598 4286 Ἐπεὶ
631 4227 727 4286 οῦν
759 4230 919 4284 τοῦτο
949 4229 1177 4298 λυθῆναι
1235 4228 1380 4292 τέως
1432 4229 1534 4282 οὑκ
1564 4227 1647 4281 ένι
1694 4227 1757 4281 τὸ
1803 4230 2030 4303 ἄπορον,

440 4322 557 4377 ἀλλ’
576 4321 907 4376 ἐπιτείνεται
925 4318 1049 4373 καθ’
1069 4318 1307 4390 ἑκάστην
1340 4318 1554 4390 ἡμέραν
1568 4318 1640 4372 τὰ
1670 4319 1841 4386 δεινὰ,
1860 4320 2033 4393 ἑτέρῳ

439 4413 631 4485 τρόπῳ
644 4410 742 4484 τὴν
773 4412 838 4464 ἐκ
866 4409 967 4481 τῆς
995 4410 1212 4482 μακρᾶς
1239 4409 1397 4481 σιγῆς
1413 4409 1651 4482 ἀθυμίαν
1676 4411 2032 4484 ἐγγινομένην

440 4508 587 4579 ἡμῖν
608 4501 1109 4577 παραμυθήσασθαι
1139 4501 1549 4574 παρακλήθητι,
1596 4504 1944 4576 μεμνημένος
1971 4521 2033 4558 τε

439 4597 599 4668 ἡμῶν
635 4595 921 4668 διηνεκῶς,
948 4594 1042 4648 zeal
1065 4592 1231 4666 ἡνίκα
1282 4594 1350 4649 ἂν
1389 4595 1631 4668 γράφῃς,
1686 4588 2035 4670 μακροτέρας

442 4688 613 4743 ποιῶν
640 4687 742 4751 τάς
770 4686 1085 4752 ἐπιστολὰς,
1107 4687 1200 4741 καὶ
1224 4691 1339 4752 τοῖς
1356 4689 1487 4760 περὶ
1512 4687 1615 4758 τῆς
1641 4690 1740 4759 σῆς
1764 4688 1952 4758 ὑγείας
1972 4707 2035 4744 τε

442 4780 537 4832 zeal
556 4778 820 4850 εὐθυμίας
843 4779 940 4833 καὶ
964 4777 1265 4848 ἀσφαλείας
1290 4777 1644 4849 ἐνδιατρίϐων
1671 4777 2030 4851 διηγήμασιν.

445 4868 599 4922 Οὕτω
626 4868 738 4939 γὰρ
772 4868 975 4941 δυνήσῃ
1011 4868 1075 4922 τὸ
1094 4869 1285 4923 λεῖπον
1324 4870 1455 4939 ἡμῖν
1485 4869 1551 4921 ἐκ
1580 4867 1676 4922 τοῦ
1702 4869 1917 4942 χρόνου,
1967 4870 2035 4924 ἐκ

443 4959 538 5014 τοῦ
574 4960 783 5032 μήκους
811 4959 1318 5034 παραμυθήσασθαι
1338 4958 1449 5013 τῶν
1482 4959 1803 5014 ἐπιστολῶν.

994 5053 1131 5107 ΞΗν.
1176 5050 1260 5117 Τῷ
1305 5048 1487 5116 αὐτῷ.

514 5142 629 5197 Kal
650 5142 808 5196 τοῦτο
846 5142 940 5197 σδν
963 5142 1056 5197 τοῦ
1089 5142 1426 5215 θερμοτάτου
1462 5140 1558 5195 zeal
1606 5138 1839 5219 σφοδροῦ
1875 5140 2033 5214 ἡμῶν

447 5233 700 5309 ἐραστοῦ.
732 5234 888 5289 Μετὰ
914 5235 1012 5306 μὲν
1042 5234 1102 5288 τὸ
1130 5235 1230 5307 τὴν
1260 5233 1535 5306 προτέραν
1570 5233 1878 5302 ἀναγνῶναι
1920 5235 2035 5288 ἐπι-

448 5327 662 5391 στολὴν,
710 5324 980 5395 ἐδεξάμην
1036 5324 1130 5378 καὶ
1162 5323 1450 5395 δευτέραν,
1487 5325 1545 5378 ἐν
1581 5323 1680 5394 μιᾷ
1711 5323 2032 5395 ἀμφοτέρας

444 5420 650 5493 ἡμέρᾳ,
678 5419 773 5472 zeal
803 5416 1008 5487 σφόδρα
1034 5416 1230 5489 ἥσθην.
1261 5414 1387 5488 Εἶχε
1414 5416 1523 5488 γάρ
1546 5433 1600 5470 τι
1635 5414 1796 5471 πλέον
1831 5418 1865 5488 ἡ
1910 5415 2032 5471 δευ-

508 5533 530 5596 f‘
561 5530 746 5596 annes
764 5529 1072 5596 καρπούμεθα
1091 5531 1414 5596 παραψυχήν.
1437 5530 1569 5583 Εόὶί.
1593 5532 1909 5596 παραμυθίαν.

506 5592 536 5633 δ
560 5592 762 5657 ροῇειίιιῄ.
785 5592 924 5657 ἑτέρα
955 5592 1078 5657 λύπῃ
1099 5592 1249 5657 ταύτῇ

510 5609 536 5728 ξ
560 5609 1078 5728 ἕίᾶἷῗῖ¹ξὶςεξξιᾟοξῖῗ⁰
1087 5609 1440 5728 Ἕπῖξῷῗςὶ
1458 5654 1633 5728 ἀννεῐη.
1658 5655 2032 5728 Ερὶερίιι.“ἆπο-

443 5716 666 5823 Ξρώντως
705 5714 762 5761 ἀν
785 5716 876 5774 εῐη.
901 5715 1028 5776 Reg.
1058 5717 1158 5786 mh}:-
1170 5714 1462 5779 ἀποχρῶσαν
1502 5718 1637 5793 εἶναι,
1670 5719 1736 5773 εἰς
1758 5718 1827 5766 δέ.
1872 5717 2027 5792 νειμ.

465 5782 601 5822 nium
623 5787 695 5823 sic
715 5775 865 5823 habet
886 5796 898 5807 -
918 5776 1041 5823 ἀλλὰ
1078 5793 1221 5823 τουτο
1238 5780 1377 5823 ίσιιεν
1412 5778 1672 5823 ἀπολογίαν
1691 5780 1780 5823 σὴν
1802 5780 2027 5823 immemo-

465 5775 695 5893 e'zmmm
715 5775 865 5828 habet
886 5796 898 5834 :
918 5775 1041 5828 ἀλλά
1078 5775 1221 5828 τοῦτο
1238 5775 1377 5841 ἴσμεν
1412 5778 1672 5842 ἀπολογίαν
1691 5780 1780 5853 σὴν
1802 5780 2029 5845 ἀποχρῶ-

442 5847 684 5885 meum.
1731 5847 1739 5853 ’

1138 359 1196 414 S.
1235 356 1520 414 JOANNIS
1556 354 2047 416 CHRYSOSTOMI
2088 357 2411 419 ARCHIEP.
2449 361 2994 423 CONSTANTINOP.

3591 379 3695 437 θίϐ

2123 479 2278 552 τέρα,
2301 481 2422 554 οὑχὶ
2447 484 2668 557 ῥήματα
2697 484 2765 539 σά
2802 486 2981 559 μόνον,
3007 485 3143 543 ἀλλά
3173 489 3277 553 zeal
3304 492 3608 565 γράμματα
3630 500 3702 552 σά

2120 569 2253 639 ἡμῖν
2282 570 2631 626 ἐπιδεικνῦσα
2651 588 2666 603 ·
2694 570 2723 626 δ
2754 575 2849 627 zeal
2875 573 3193 646 προσθήκην
3220 577 3352 648 ἡμῖν
3402 583 3703 654 πεποίηκεν

2120 654 2336 727 ἡδονῆς,
2364 657 2446 711 ότι
2470 657 2547 729 μή
2574 658 2674 730 τῆς
2710 658 2889 732 ψυχῆς
2918 677 3012 715 σου
3046 661 3208 731 μόνον
3246 665 3344 736 τῆς
3373 665 3587 738 θερμῆς
3610 669 3705 723 zeal

2121 744 2374 816 γνησίας,
2410 745 2550 799 ἀλλά
2593 747 2689 801 zeal
2735 748 2834 818 τῆς
2865 747 3047 816 δεξιᾶς
3104 752 3246 821 μετά
3293 752 3575 824 δαψιλείας
3603 757 3709 828 τὴν

2121 830 2305 885 είκόνα
2329 831 2692 903 ἐθεασάμεθα.
2725 833 2875 889 Ποίει
2900 836 2964 909 δή
2987 836 3148 891 τοῦτο
3190 839 3453 911 συνεχῶς,
3482 841 3580 895 zeal
3608 841 3708 913 τήν

2122 919 2496 991 παραμυθίαν,
2520 920 2587 993 ἡν
2619 921 2781 984 αὑτὸς
2806 923 2937 994 ἡμῖν
2959 924 3054 977 καὶ
3076 924 3266 978 τοῦτον
3289 927 3596 998 ἐπενόησας
3615 929 3710 983 τὸν

2120 1007 2343 1079 τρόπον,
2393 1008 2531 1079 μετά
2580 1008 2861 1078 δαψιλείας
2908 1011 3137 1082 πάρεχε.
3177 1011 3449 1068 Ἐνταῦθα
3504 1015 3615 1086 γάρ
3649 1030 3711 1069 σε

2123 1094 2347 1150 ἑλκύσαι
2370 1095 2557 1149 λοιπὸν
2585 1098 2645 1150 οὑ
2672 1097 2961 1168 τολμῶμεν
2977 1113 2990 1125 ·
3016 1098 3256 1152 τοσαῦτα
3280 1099 3381 1171 τῆς
3416 1098 3712 1172 Ἀρμενίας

2120 1183 2191 1239 τά
2214 1184 2382 1250 κακά,
2399 1186 2492 1239 zeal
2520 1184 2728 1257 χειμὼν
2757 1185 2945 1257 ἐτερος
2972 1185 3191 1241 ἃπαντα
3209 1185 3503 1253 διεδέξατο.
3530 1188 3712 1243 Ὅπου

2121 1271 2234 1344 γάρ
2268 1272 2334 1327 ἀν
2372 1290 2457 1338 τις
2480 1273 2771 1345 ἀφίκηται,
2798 1274 3138 1346 χειμάρρους
3176 1274 3429 1346 αίμάτων
3450 1315 3466 1340 ,
3503 1275 3714 1347 πλῆθος

2124 1360 2393 1432 σωμάτων
2410 1360 2640 1427 νεκρῶν,
2658 1361 2831 1423 οίκίας
2853 1361 3338 1432 κατεσκαμμένας,
3397 1362 3588 1426 πόλεις
3619 1365 3715 1416 άν-

2120 1462 2230 1522 ῃρη
2238 1447 2404 1519 μένας
2418 1448 2628 1518 ὄψεται.
2644 1448 2709 1502 Ἦ
2716 1450 2837 1519 μεῖς
2848 1447 2907 1502 δέ
2927 1447 3190 1521 δοκοῦμεν
3210 1449 3268 1503 ἐν
3284 1449 3558 1522 ἀσφαλείᾳ
3570 1445 3715 1504 εἶναι

2123 1536 2314 1607 ὥσπερ
2349 1537 2410 1590 ἐν
2439 1536 2801 1610 δεσμωτηρίῳ
2828 1536 3072 1609 χαλεπῷ,
3120 1537 3201 1609 τῷ
3250 1538 3502 1611 φρουρίῳ
3532 1538 3717 1610 τούτῳ

2122 1623 2642 1692 κατακεκλεισμένοι
2661 1642 2672 1654 ·
2693 1624 2755 1678 ού
2775 1625 2884 1696 μὴν
2899 1625 3083 1690 ἀδείας
3094 1624 3391 1680 ἀπολαύειν
3406 1625 3713 1698 δυνάμεθα.

2122 1711 2213 1766 διά
2238 1712 2365 1775 τοὺς
2399 1711 2801 1785 καθημερινοὺς
2841 1711 3062 1781 φόϐους,
3108 1710 3200 1767 διὰ
3234 1711 3336 1777 τάς
3368 1714 3560 1784 φήμας
3601 1714 3715 1767 τῶν

2124 1798 2372 1854 θανάτων
2402 1799 2700 1872 γεμούσας,
2722 1798 2813 1853 διὰ
2835 1799 2936 1871 τήν
2973 1798 3212 1871 συνεχῶς
3249 1800 3713 1872 προσδοκωμένην

2122 1888 2234 1943 τῶν
2275 1888 2533 1961 Ἰσαύρων
2557 1888 2767 1958 ἔφοδον,
2792 1887 2884 1942 διὰ.
2908 1888 3010 1959 τὴν
3041 1889 3137 1942 τοῦ
3167 1886 3441 1960 σώματος,
3550 1887 3712 1961 μέχρι

2125 1976 2219 2033 νῦν
2274 1977 2741 2050 προσπαλαίομεν,
2777 1977 3081 2049 ἀσθένειαν.
3126 1977 3266 2033 Ἀλλ’
3323 1978 3476 2052 ὅμως
3515 1980 3614 2033 zeal
3655 1982 3713 2036 ἐν

2124 2065 2399 2131 τοσούτοις
2447 2066 2599 2130 ὄντες
2643 2069 2856 2131 κακοῖς,
2907 2066 2969 2120 ού
3021 2066 3225 2138 μικρὰν
3255 2067 3351 2120 zeal
3382 2067 3442 2121 ἐν
3469 2068 3712 2141 τοσαύτη

2125 2156 2446 2230 περιστάσει
2475 2155 2838 2228 ηρπούμεθα
2880 2154 3270 2227 παραμυθίαν,
3304 2155 3437 2211 ὅταν
3483 2155 3558 2210 τά
3585 2155 3715 2231 περὶ

2123 2243 2226 2316 τῆς
2257 2243 2466 2315 ὑγιείας
2492 2244 2591 2315 τῆς
2614 2242 2714 2316 σῆς
2741 2241 3206 2315 εὑαγγελιζόμενα
3238 2243 3386 2316 ἡμᾶς
3426 2242 3717 2317 δεχώμεθα

2124 2334 2465 2413 γράμματα.⁹

2384 2440 2535 2515 [651]
2568 2441 2700 2497 ΞΘ.
2739 2440 3018 2507 Νικολάῳ
3043 2439 3443 2512 πρεσϐυτέρῳ.

2196 2534 2309 2589 Καὶ
2335 2533 2495 2589 τοῦτο
2512 2535 2613 2607 τῆς
2639 2535 2867 2605 γνησίας
2891 2551 2986 2587 σου
3015 2533 3112 2588 καὶ
3141 2532 3349 2606 θερμῆς
3381 2533 3634 2605 ἀγάπης,
3657 2533 3716 2588 τὸ

2126 2623 2195 2677 ἐκ
2254 2622 2509 2677 τοσούτου
2568 2621 2880 2694 καθήμενον
2934 2621 3306 2693 διαστήματος
3358 2621 3715 2693 περιτρέμειν

2125 2712 2285 2786 ἡμῶν
2299 2714 2399 2784 τῆς
2416 2712 2688 2787 σωτηρίας
2701 2711 2751 2766 (ι.
2770 2710 2969 2784 Πρώην
2993 2712 3093 2783 μὲν
3112 2707 3205 2766 οὖν
3220 2711 3419 2776 τόπους
3448 2713 3515 2765 ἐκ
3533 2712 3715 2766 τόπων

2126 2801 2449 2874 ἀμείϐοντες
2484 2803 2544 2855 ἐν
2564 2802 2704 2872 αὐτῇ
2739 2798 2834 2854 τοῦ
2863 2798 3134 2871 χειμῶνος
3173 2801 3242 2871 τῇ
3269 2799 3422 2872 ἀκμῇ
3444 2838 3461 2863 ,
3491 2798 3591 2853 νῦν
3623 2799 3719 2871 μὲν

2126 2893 2186 2947 ἐν
2215 2891 2459 2959 πόλεσιν,
2500 2890 2599 2946 νῦν
2624 2890 2683 2945 δὲ
2712 2891 2773 2944 ἐν
2804 2888 3048 2962 φάραγξι
3077 2886 3173 2942 zeal
3204 2888 3406 2953 νάπαις
3449 2888 3716 2961 διετρίϐο·

2131 2996 2254 3051 μεν,
2282 2978 2388 3033 ὑπὸ
2412 2979 2513 3050 τῆς
2533 2975 2642 3031 τῶν
2675 2975 2937 3049 Ἰσαύρων
2961 2974 3153 3047 ἐφόδου
3186 2974 3525 3046 πανταχόθεν
3557 2976 3716 3029 ἐλαυο

2128 3066 2363 3136 νόμενοι.
2391 3065 2519 3134 ’0ψέ
2532 3064 2591 3119 δέ
2610 3080 2744 3118 ποτε
2758 3063 3127 3134 λωφησάντων
3145 3062 3341 3135 μικρὸν
3356 3062 3467 3117 τῶν
3483 3061 3721 3118 ἐνταῦθα

2129 3154 2337 3221 κακῶν,
2394 3153 2495 3218 τὰς
2531 3152 2767 3225 ἐρημίας
2822 3151 3073 3221 ἀφέντες,
3118 3151 3211 3205 ἐπὶ
3254 3150 3354 3222 τὴν
3397 3150 3719 3222 Ἀραϐισσὸν

2130 3244 2569 3317 κατεδράμομεν,
2603 3242 3008 3316 ἀσφαλέστερον
3034 3239 3137 3314 μέν
3167 3240 3277 3295 τῶν
3300 3237 3479 3295 ἄλλων
3503 3240 3719 3312 χωρίων

2130 3334 2191 3388 τὸ
2215 3336 2273 3391 ἐν
2312 3335 2451 3407 αὑτῇ
2477 3333 2739 3406 φρούριον
2763 3333 3015 3405 εὑρόντες
3048 3329 3201 3402 (οὑδὲ
3238 3329 3347 3402 γάρ
3378 3332 3435 3384 ἐν
3471 3332 3538 3402 τῇ
3571 3330 3720 3383 πόλει

2130 3422 2415 3495 διάγομεν,
2443 3421 2748 3494 ἐπειδήπερ
2780 3420 2901 3475 οὑδέ
2923 3418 3085 3474 τοῦτο
3117 3417 3402 3490 ἀσφαλὲς),
3444 3417 3722 3490 δεσμωτη-

2134 3513 2252 3585 ρίου
2280 3511 2340 3566 δέ
2370 3509 2573 3575 παντὸς
2620 3511 2845 3582 χείρονα
2875 3508 3243 3581 ὑπομένοντες
3272 3505 3508 3579 οἴκησιν.
3566 3505 3721 3561 Μετά

2130 3602 2243 3677 γάρ
2272 3601 2367 3657 τοῦ
2405 3600 2530 3655 καθ’
2559 3600 2822 3673 ἑκάστην,
2859 3600 2937 3664 ὡς
2999 3601 3197 3663 είπεῖν,
3233 3597 3331 3671 τήν
3368 3597 3585 3670 ἡμέραν
3633 3598 3723 3654 ἐπὶ

2132 3692 2328 3765 θύραις
2361 3693 2495 3764 ήμῖν
2522 3684 2666 3745 εἶναι
2689 3690 2781 3744 τὸν
2812 3689 3065 3756 θάνατον,
3096 3688 3210 3743 τῶν
3251 3686 3516 3761 Ἱσαύρων
3542 3687 3722 3742 πάντα

2133 3779 2532 3844 ἐπιόντων,καὶ
2560 3778 2697 3850 πυρὶ
2725 3778 2821 3832 zeal
2853 3777 3059 3850 σιδήρῳ
3087 3776 3183 3831 zeal
3207 3776 3435 3849 σώματα
3463 3777 3561 3832 zeal
3577 3779 3722 3831 οἰκο-

2131 3868 2425 3941 δομήματα
2448 3866 2844 3936 ἀφανιζόντων,
2871 3867 2970 3923 zeal
3005 3863 3163 3937 λιμὸν
3190 3864 3505 3937 δεδοίκαμεν
3529 3906 3545 3931 ,
3587 3864 3648 3919 δν
3687 3866 3721 3935 ή

2136 3957 2470 4031 στενοχωρία
2488 3957 2584 4011 zcal
2609 3956 2672 4011 τὺ
2696 3955 2899 4029 πλῆθος
2912 3955 3024 4010 τῶν
3049 3953 3286 4010 ἐνταῦθα
3307 3954 3720 4026 συνδραμόντων

2135 4050 2311 4102 ποιεῖν
2339 4045 2575 4102 ἀπειλεῖ.
2631 4045 2743 4099 Kal
2770 4044 3083 4117 ἀρρωστίαν
3121 4042 3181 4098 δὲ
3233 4041 3454 4115 μακρὰν
3483 4042 3588 4113 τήν
3614 4042 3722 4097 ἀπὺ

2134 4132 2231 4189 τοῦ
2265 4133 2534 4206 χειμῶνος
2562 4133 2658 4186 zeal
2695 4131 2796 4203 τῆς
2827 4130 3084 4202 συνεχοῦς
3129 4132 3310 4201 φυγῆς
3354 4130 3720 4201 ἐγγενομένην

2136 4225 2267 4294 ἡμῖν
2292 4221 2706 4293 ὑπομείναντες,
2737 4220 2834 4275 νῦν
2863 4218 2924 4273 τὸ
2947 4219 3048 4292 μὲν
3075 4218 3313 4291 χαλεπὸν
3338 4218 3510 4288 αὐτῆς
3537 4218 3721 4274 διαπε-

2136 4312 2420 4383 φεύγαμεν
2446 4352 2463 4378 ,
2515 4309 2673 4380 ὀλίγα
2724 4310 2781 4364 δέ
2824 4309 2995 4381 αὑτῆς
3045 4308 3422 4381 περιφέρομεν
3468 4306 3718 4378 λείψανα.

2137 4401 2281 4456 Ἀλλ’
2309 4403 2460 4472 ὅμως
2484 4402 2579 4454 zeal
2602 4402 2660 4453 ἐν
2687 4397 2965 4462 τοσούτοις
2988 4398 3142 4461 ὅντες
3174 4399 3367 4462 κακοῖς
3393 4407 3418 4437 ο
3445 4398 3542 4452 zeal
3567 4396 3721 4469 τηλι-

2139 4489 2366 4554 καύταις
2388 4489 2766 4560 περιστάσεσι,
2789 4488 3054 4560 μεγίστην
3075 4485 3438 4558 καρπούμεθα
3464 4502 3721 4558 παραμυ-

2139 4578 2260 4634 θίαν
2283 4581 2347 4632 ἐκ
2370 4578 2469 4648 τῆς
2497 4577 2772 4648 ὑμετέρας
2799 4575 3042 4645 ἀγάπης,
3070 4574 3171 4645 τῆς
3198 4574 3433 4646 θερμῆς,
3474 4574 3569 4628 zeal
3590 4590 3721 4646 γνη-

2140 4668 2282 4733 σίας,
2306 4668 2402 4721 zeal
2429 4665 2856 4736 ἀπεριτρέπτου.
2888 4664 3054 4719 Ταῦτ’
3080 4659 3174 4718 οὖν
3210 4664 3448 4728 εἰδότες,
3482 4662 3719 4734 συνεχῶς

2139 4756 2271 4828 ἡμῖν
2293 4751 2744 4825 εὐαγγελίζεσθαι
2771 4750 2790 4792 ί
2822 4753 2953 4824 περὶ
2972 4752 3072 4825 τῆς
3099 4751 3312 4823 ὑγιείας
3332 4752 3432 4823 τῆς
3454 4750 3722 4823 ὑμετέρας

2142 4843 2219 4916 μή
2249 4843 2584 4897 κατοκνεῖτε.
2647 4841 2712 4896 Εί
2767 4839 2877 4913 γὰρ
2908 4839 3004 4894 zeal
3059 4841 3124 4893 ἐκ
3151 4839 3403 4895 τοσούτου
3436 4837 3724 4910 καθήμεθα

2139 4931 2531 5001 διαστήματος,
2561 4927 2676 4983 ἀλλ’
2708 4929 2858 4999 ὅμως
2884 4930 2951 5000 τῇ
2974 4927 3077 4998 τῆς
3100 4927 3323 4998 ἀγάπης
3366 4925 3555 4980 ἁλύσει
3588 4925 3725 4997 μετά

2142 5017 2343 5090 πολλῆς
2390 5018 2521 5088 ὑμῖν
2578 5014 2942 5088 συνδεδέμεθα
2965 5014 3068 5085 τῆς
3105 5013 3411 5086 ἀκριϐείας.
3445 5011 3621 5084 Χάριν
3669 5012 3723 5065 δὲ

2141 5105 2250 5179 ἔχω
2277 5122 2369 5160 σου
2398 5102 2598 5175 πολλὴν
2622 5104 2690 5175 τῇ
2732 5102 3027 5175 τιμιότητι,
3053 5102 3135 5155 ὅτι
3175 5102 3271 5156 zeal
3295 5099 3404 5154 τῶν
3427 5101 3485 5154 ἐν
3506 5099 3724 5171 Φοινίκη
3758 5174 3761 5177 _

2142 5194 2505 5266 πραγμάτων,
2538 5193 2633 5247 zeal
2661 5194 2720 5247 ἐν
2756 5191 3049 5255 τοσαύταις
3085 5189 3162 5245 ὢν
3188 5191 3478 5261 ταραχαῖς,
3527 5186 3723 5258 πολλὴν

2142 5287 2268 5356 ποιῇ
2301 5284 2557 5355 σπουδήν.
2587 5283 2686 5337 Ἂν
2717 5277 2812 5337 οὖν
2832 5300 2885 5335 τι
2913 5280 3076 5334 πλέον
3098 5278 3311 5333 ἐκεῖθεν
3337 5276 3720 5346 ἐπαγγελθείη,

2139 5373 2378 5444 δηλῶσαι
2403 5375 2539 5445 ἡμῖν
2571 5372 2648 5445 μὴ
2688 5371 3053 5441 κατοκνήσῃς.
3095 5367 3257 5438 Ἡμῖν
3284 5365 3395 5437 γὰρ
3429 5362 3605 5427 οὐδεὶς
3637 5362 3723 5415 ού-

2139 5461 2373 5534 δαμόθεν
2419 5459 2633 5531 ταχέως
2684 5455 3073 5532 ἐπιχωριάζειν
3108 5453 3406 5526 ἀνέχεται,
3430 5451 3547 5507 τῶν
3591 5448 3722 5504 ὁδῶν

2202 5597 2230 5635 d
2253 5594 2384 5645 Edil.
2408 5594 2700 5670 περιτρέμειν
2722 5592 2859 5665 ἡμῶγ
2878 5595 2963 5702 τήξ
2984 5584 3471 5676 σοπηρίας.γοεοὶειὶη.
3496 5589 3552 5634 et
3576 5581 3718 5655 επεὶ.

2211 5663 2352 5702 lcxlu
2375 5659 2514 5702 ἦιιων
2556 5672 2615 5702 τη
2658 5670 2892 5702 σωτκοια.
2968 5664 3047 5702 εκ.
3073 5659 3127 5701 ει
3156 5648 3309 5700 Sull.
3334 5650 3385 5699 in
3407 5660 3562 5702 marg.
3588 5644 3718 5702 ἢμην

2138 5660 2189 5707 in
2211 5643 2352 5706 lcix
2375 5643 2514 5718 ἡμῶν
2658 5643 2892 5717 σωτὴρίᾳ.
2923 5643 3047 5714 Reg.
3073 5643 3133 5701 ei:
3156 5643 3309 5700 Saiz’il.
3334 5650 3385 5699 in
3407 5660 3562 5710 marg.
3588 5643 3719 5708 ἡμῶν

2139 5722 2224 5778 τήν
2246 5718 2505 5784 ςωτηρίαν.
2558 5779 2578 5784 _
2708 5778 2727 5784 _
2827 5773 2849 5784 _
2900 5752 2903 5755 -

2211 5794 2234 5821 ο
2260 5778 2521 5830 Τιέεωεε.
2553 5779 2683 5834 ὄντες
2704 5778 2891 5830 δεινοῖς.

2209 5841 2233 5885 ί
2259 5842 2457 5901 Coislin.
2479 5845 2605 5918 ήμᾶς
2624 5837 3017 5902 εὐαγγελίζεσθαι.
