3906 6382
197 345 290 402 (ili

195 469 290 523 bet.
321 461 439 520 llaec
471 467 647 515 autem
676 456 813 524 dixi,
854 465 910 512 ut
953 457 1064 514 sive
1095 456 1420 522 scribamus,
1452 456 1566 513 sive
1592 468 1767 512 tacea-

192 574 320 626 mus,
350 554 590 612 eamdem
617 552 687 608 de
713 561 894 607 nostra
919 567 1046 622 erga
1070 566 1166 605 vos
1195 543 1418 606 caritate
1446 549 1764 606 sententiam

195 651 379 707 feratis.
405 645 512 702 Nos
537 644 704 713 enim,
735 659 1075 717 quocumque
1097 644 1148 697 in
1180 643 1300 696 loco
1325 643 1510 707 simus,
1543 642 1766 697 incisam

195 745 241 802 in
280 739 450 794 animo
495 745 680 790 nostro
724 736 891 790 vestri
943 735 1265 790 memoriam
1312 732 1763 789 circumferimus.

198 834 264 886 Ac
302 844 437 884 nunc
465 825 681 898 quidem
712 825 984 897 ingentem
1034 826 1186 880 vobis
1215 826 1438 896 gratiam
1485 825 1766 889 habemus,

195 920 324 992 quod
350 920 570 990 probum
599 919 920 973 monachum
943 931 1064 972 eum
1091 931 1176 984 ea,
1206 933 1326 986 quae
1347 932 1373 970 a
1403 916 1556 972 vobis
1584 926 1768 986 postu-

194 1019 408 1083 labatur,
459 1014 834 1070 benevolentia
886 1013 1221 1083 suscepistis,
1260 1025 1483 1082 eosque,
1530 1012 1620 1082 qui
1665 1011 1766 1065 im-

195 1117 411 1179 portune
448 1105 707 1161 adversus
755 1120 878 1160 eum
931 1104 1094 1159 rixari
1153 1102 1480 1172 cupiebant,
1531 1102 1770 1156 mitiores

193 1199 509 1256 reddidistis.
538 1198 718 1266 Quare
757 1213 863 1252 non
898 1196 1097 1251 frustra
1118 1236 1134 1261 ,
1169 1210 1269 1250 nec
1301 1193 1552 1249 adulandi
1593 1194 1770 1248 studio

194 1291 310 1346 illud
339 1291 603 1354 dicebam,
631 1304 747 1355 vos,
778 1288 988 1344 etiamsi
1020 1287 1286 1341 innumeri
1318 1287 1553 1354 undique
1580 1283 1770 1338 [luctus

191 1383 509 1449 excitentur,
558 1381 612 1436 in
646 1381 1031 1451 tranquillitate
1068 1389 1248 1434 tamen
1291 1393 1434 1434 esse.
1475 1377 1608 1433 Nam
1649 1392 1771 1432 cum

190 1476 249 1530 ab
276 1475 389 1529 aliis
420 1472 699 1544 naufragia
718 1472 881 1527 facile
913 1472 1238 1542 propulsetis
1257 1511 1272 1535 ,
1301 1485 1407 1524 non
1437 1477 1521 1524 est
1548 1468 1769 1523 dubium

189 1566 306 1636 quin
345 1564 445 1636 ipsi
479 1564 664 1636 procul
695 1579 724 1617 a
750 1570 1070 1633 tempestate
1096 1561 1289 1616 remoti
1329 1560 1466 1614 sitis.
1496 1559 1605 1614 Vos
1646 1573 1773 1614 vero

191 1673 339 1729 quam
373 1657 696 1727 saepissime,
729 1671 944 1726 quaeso,
980 1655 1048 1709 de
1075 1663 1252 1708 vestra
1280 1653 1421 1713 bona
1460 1650 1774 1707 valetudine

192 1750 254 1805 ad
284 1765 379 1805 nos
403 1749 593 1805 literas
616 1749 760 1803 date.
788 1746 970 1818 Neque
1010 1747 1152 1801 enim
1185 1745 1353 1816 ignari
1379 1744 1544 1811 estis,
1576 1754 1774 1812 quanto

190 1841 332 1896 nobis
360 1840 540 1896 studio
565 1840 633 1893 sit
662 1839 713 1894 id
740 1840 898 1894 scire.
929 1837 1098 1892 Tanta
1139 1837 1282 1892 enim
1311 1844 1616 1890 vestrarum
1649 1833 1773 1890 lite-

190 1948 375 1998 rarum,
405 1946 535 1987 cum
563 1931 771 1985 ﬁrmam
802 1940 1037 1985 vestram
1067 1927 1431 1984 valetudinem
1458 1926 1613 1984 nobis
1641 1942 1780 1982 nun-

192 2027 333 2090 tiant,
362 2026 442 2080 vis
471 2040 542 2080 ac
593 2023 825 2080 facultas
854 2032 938 2080 est
957 2065 972 2090 ,
1004 2033 1063 2077 ut
1092 2022 1338 2093 quamvis
1381 2029 1457 2076 tot
1486 2021 1775 2087 aerumnis,

189 2116 352 2180 bellis.
392 2117 732 2180 tumultibus,
781 2113 1310 2188 perturbationibus,
1351 2111 1779 2183 quotidiauisque

190 2209 434 2265 mortibus
457 2209 698 2280 undique
723 2210 1024 2279 cingamur,
1057 2217 1233 2262 tamen
1263 2221 1384 2261 cum
1410 2214 1487 2260 tot
1514 2202 1780 2274 ejusmodi

189 2300 378 2356 avobis
402 2301 665 2371 epistolas
703 2299 1016 2370 accipimus,
1065 2313 1176 2368 pne
1215 2297 1410 2368 gaudio
1459 2296 1778 2362 volitemus,

191 2392 587 2463 maximamque
630 2391 756 2447 hinc
794 2388 1558 2458 consolationemsentiamus.
1587 2385 1781 2457 llujus-

191 2482 326 2537 modi
353 2484 556 2555 quippe
580 2492 665 2540 est
695 2484 939 2539 sincerus
968 2497 1155 2550 amor,
1187 2490 1248 2536 ut
1279 2482 1438 2538 etiam
1478 2495 1571 2550 per
1601 2479 1784 2535 literas

193 2573 360 2628 laetum
389 2577 537 2630 hunc
565 2574 812 2630 nuntium
839 2572 1150 2640 afferentes,
1173 2587 1269 2627 eos
1295 2571 1384 2644 qui
1415 2585 1642 2641 corpore
1669 2569 1781 2626 dis-

191 2663 343 2736 iuncti
365 2677 489 2723 sunt
522 2665 779 2738 perfacile
807 2681 1056 2722 recreare
1085 2679 1148 2721 ac
1169 2664 1390 2718 reﬁcere
1421 2662 1610 2734 possit.

255 2806 490 2864 LXVII.
527 2807 784 2865 Theodoto
809 2807 1044 2861 diacono.
1065 2803 1366 2877 (Arabisso,
1389 2809 1448 2858 ut
1471 2809 1712 2874 putatur,

823 2913 966 2955 anno
1002 2897 1155 2968 406).

258 3037 372 3110 Ipse
413 3037 638 3112 quidem
659 3078 673 3104 ,
704 3033 1154 3093 reverendissime
1179 3047 1242 3087 ac
1281 3030 1686 3102 religiosissime
1714 3027 1791 3084 mi

194 3131 426 3199 domine,
473 3134 548 3188 iis
574 3131 763 3187 saltem
812 3129 966 3184 malis
986 3170 1001 3196 ,
1031 3128 1224 3198 quibus
1251 3125 1506 3180 Armenia
1545 3123 1788 3187 laborat,

202 3223 474 3296 defunctus
505 3239 611 3279 cs:
640 3212 739 3278 nos
782 3229 960 3275 autem
992 3228 1187 3288 praeter
1225 3231 1320 3272 eos
1363 3217 1654 3282 tumultus,
1683 3213 1792 3269 imo

200 3315 534 3386 quotidianae.
584 3321 788 3368 mortes
833 3327 952 3382 quan
1000 3309 1087 3364 hic
1115 3308 1315 3380 vigent,
1359 3307 1488 3362 illud
1528 3321 1636 3361 non
1679 3304 1794 3361 vul-

200 3411 390 3480 gariter
412 3409 746 3474 discruciat,
790 3405 932 3477 quod
975 3421 1006 3460 a
1053 3411 1140 3458 tua
1169 3417 1384 3474 quoque
1421 3401 1703 3465 suavitate,
1731 3413 1793 3452 ac

199 3517 312 3558 vera
338 3512 394 3560 et
417 3505 642 3559 sincera
685 3499 1056 3556 benevolentia
1086 3497 1278 3552 divulsi
1313 3511 1518 3551 sumus.
1553 3492 1796 3550 Accessit

198 3593 350 3648 etiam
383 3593 449 3648 ad
479 3593 649 3663 hujus
687 3589 940 3646 maeroris
970 3589 1245 3644 cumulum
1288 3587 1602 3642 diuturnum
1644 3593 1794 3638 tuum

197 3683 482 3741 silentium.
513 3683 650 3738 Nam
674 3698 742 3740 ex
764 3697 869 3752 quo
893 3681 979 3736 die
1005 3680 1131 3735 hinc
1151 3677 1469 3739 discessisti.
1499 3675 1793 3732 secundam

200 3773 330 3831 hanc
355 3775 646 3832 dumtaxat
676 3772 960 3844 epistolam
990 3770 1299 3842 accepimus
1328 3786 1342 3822 :
1383 3781 1484 3823 nec
1524 3781 1654 3821 vero
1681 3765 1797 3818 hinc

199 3870 478 3924 accusandi
530 3871 605 3922 tut
643 3879 808 3922 causa
848 3877 1238 3928 commemoro,
1279 3858 1374 3915 sed
1415 3859 1603 3914 dolore
1643 3872 1793 3912 com-

199 3969 391 4015 motus.
415 3959 561 4016 Nam
584 3957 726 4030 quod
750 3958 851 4013 iter
870 3954 1013 4010 istud
1035 3953 1104 4009 ad
1127 3968 1224 4008 nos
1237 3951 1533 4007 viatoribus
1554 3949 1796 4004 clausum

201 4049 286 4116 sit,
314 4052 600 4107 neminem
629 4047 767 4120 fugit
791 4065 806 4101 :
835 4060 1024 4101 verum
1053 4055 1114 4100 ut
1137 4044 1240 4099 hoc
1271 4042 1365 4099 tibi
1395 4042 1797 4097 excusationem

201 4142 370 4211 allert,
404 4145 480 4199 ita
517 4156 619 4198 nos
660 4155 767 4196 non
797 4138 1024 4211 perinde
1070 4136 1417 4202 consolatur;
1448 4135 1574 4206 quin
1622 4132 1799 4203 potius

202 4233 301 4290 hoc
327 4236 448 4306 ipso
475 4247 698 4306 quoque
732 4232 952 4287 nomine
980 4228 1317 4300 potissimum
1345 4226 1626 4297 angimur,
1659 4222 1801 4294 quod

206 4341 262 4383 ea
289 4343 506 4399 quoque
536 4326 811 4395 digressus
839 4324 913 4378 tui
935 4331 1095 4392 atque
1122 4321 1383 4375 absentiae
1405 4317 1798 4379 consolatione,

211 4434 327 4488 quae
359 4423 520 4475 unica
552 4418 708 4473 nobis
734 4425 872 4483 erat,
903 4429 1168 4468 caremus.
1197 4410 1458 4479 Quoniam
1500 4410 1660 4480 igitur
1687 4408 1804 4461 luec

206 4510 494 4567 difﬁcultas
541 4511 596 4566 in
643 4508 929 4580 prznsentia
978 4506 1172 4561 discuti
1221 4519 1328 4559 non
1371 4511 1568 4573 potest,
1617 4516 1802 4554 verum

205 4603 443 4672 pericula
491 4601 734 4675 quotidie
784 4601 1197 4670 ingravescunt,
1245 4593 1405 4650 velim
1446 4592 1552 4647 alia
1598 4593 1806 4646 ratione

205 4696 526 4750 maestitiam
573 4707 727 4758 eam,
778 4706 938 4762 quam
976 4705 1044 4745 ex
1085 4688 1245 4757 longo
1293 4695 1384 4741 tuo
1427 4685 1644 4740 silentio
1679 4697 1810 4737 con-

206 4786 510 4851 traximus,
535 4783 878 4841 minuendam
901 4794 1066 4837 cures
1086 4821 1101 4845 ,
1124 4779 1378 4834 nimirum
1406 4785 1466 4830 ut
1499 4775 1668 4829 nostri
1697 4789 1810 4828 me-

206 4879 438 4934 moriam
470 4885 764 4948 numquam
802 4873 1148 4937 intermittas,
1180 4879 1236 4926 et
1277 4885 1400 4925 cum
1428 4867 1496 4922 ad
1538 4882 1636 4922 nos
1678 4867 1812 4920 scri-

204 4970 321 5037 hes,
354 4970 637 5040 longiores
679 4966 937 5039 epistolas
981 4964 1174 5026 iacias,
1207 4969 1367 5030 atque
1407 4961 1462 5013 in
1492 4956 1810 5028 exponendo

206 5062 546 5118 valetudinis
599 5069 704 5114 tua:
755 5067 932 5122 statu,
992 5054 1264 5123 animique
1318 5049 1705 5119 tranquillitate
1755 5055 1813 5102 et

207 5155 508 5211 securitate
546 5167 750 5206 moram
785 5150 986 5203 trahas.
1033 5145 1123 5200 Sic
1165 5144 1340 5207 enim,
1369 5140 1512 5209 quod
1557 5138 1713 5192 nobis
1746 5153 1813 5192 ex

207 5257 462 5316 tempore
493 5244 711 5313 deﬁcit,
742 5258 809 5298 ex
850 5238 1200 5311 epistularum
1244 5233 1575 5304 longitudine
1614 5232 1816 5286 sarcire

207 5340 442 5413 poteris.
1221 5416 1223 5418 η

409 5473 514 5529 LI
532 5473 603 5529 V.’
613 5474 669 5529 ιι
680 5513 694 5528 .
738 5471 940 5528 Eidem.
989 5469 1264 5544 (Arabisso
1289 5481 1432 5522 anno
1457 5464 1612 5535 406.)

287 5612 346 5668 Id
379 5626 601 5682 quoque
633 5621 778 5667 tuum
806 5619 924 5677 est,
956 5607 1059 5663 hoc
1080 5616 1162 5662 est
1184 5605 1416 5660 hominis
1446 5603 1641 5658 acriter
1664 5610 1824 5672 atque

217 5705 481 5762 ardenter
529 5720 624 5760 nos
672 5703 918 5759 amantis.
966 5701 1126 5757 Lecta
1167 5699 1310 5754 enim
1348 5697 1526 5768 priore
1573 5693 1824 5767 epistola,

220 5796 529 5852 secundam
581 5797 798 5867 insuper
851 5795 1072 5867 accepi,
1123 5791 1314 5848 eodem
1369 5799 1648 5860 utramque
1683 5791 1768 5845 dic
1809 5802 1826 5852 ;

1620 339 1902 399 EPlSTOL
1913 340 2000 397 Ε.

1873 368 2000 397 μαι..

1873 469 2169 527 magnaque
2197 454 2380 511 laetitia
2408 466 2524 509 sum
2551 451 2792 510 allectus.
2840 458 3080 519 Habebat
3103 466 3247 524 enim

1872 548 1984 604 rior
2014 549 2263 618 quiddam
2304 550 2533 621 amplius
2562 570 2576 607 :
2608 553 2806 625 quippe
2838 571 2948 613 non
2997 557 3152 613 verba
3190 559 3466 619 dumtaxat

1872 647 1962 694 tua
1981 679 1996 702 ,
2025 639 2120 694 sed
2159 639 2322 694 etiam
2350 641 2604 712 scriptum
2634 651 2781 698 tuum
2809 647 2961 703 nobis
2989 648 3292 719 indicabat;
3321 655 3464 722 quod

1872 731 2084 800 quidem
2111 730 2436 801 voluptatem
2466 736 2627 789 etiam
2662 735 2817 792 nobis
2842 741 2991 794 auxit
3019 756 3034 794 :
3060 755 3164 798 nec
3188 745 3328 799 enim
3361 745 3462 800 ler-

1874 821 2054 877 ventis
2085 820 2363 877 dumtaxat
2404 838 2467 878 ac
2505 824 2730 881 sincera:
2758 828 2952 884 animae
2993 839 3130 894 tuae,
3169 831 3263 889 sed
3301 834 3464 890 etiam

1872 909 2090 982 insuper
2117 927 2309 968 manus
2343 914 2628 985 imaginem
2666 920 3062 988 conspeximus.
3103 922 3280 990 Quare
3306 941 3464 996 quam

1873 1004 2169 1073 smpissime
2205 1005 2258 1060 id
2287 1005 2450 1062 facias
2478 1048 2492 1073 ,
2523 1023 2708 1078 quaeso
2731 1047 2750 1077 ,
2777 1024 2841 1064 ac
2871 1011 3119 1068 solatium
3145 1014 3297 1082 illud,
3323 1018 3465 1088 quod

1875 1097 2029 1152 nobis
2074 1097 2173 1152 hac
2216 1113 2429 1168 quoque
2464 1099 2671 1158 ratione
2709 1103 3059 1171 excogitasti,
3110 1106 3314 1175 prolixe
3360 1109 3463 1163 im-

1875 1190 2094 1260 pertias.
2147 1189 2258 1245 lluc
2283 1191 2427 1246 enim
2460 1200 2510 1247 te
2537 1191 2749 1248 trahere
2774 1195 2992 1250 minime
3022 1195 3130 1266 jam
3169 1198 3464 1256 audemus:

1876 1291 1951 1335 tot
1980 1283 2250 1337 Armenia:
2291 1283 2430 1337 mala
2471 1290 2632 1351 sunt,
2662 1300 2727 1340 ac
2765 1295 3056 1356 tempestas
3083 1289 3249 1346 altera
3289 1294 3465 1348 omnia

1877 1373 2108 1443 excepit.
2152 1373 2283 1428 Nam
2312 1389 2648 1446 quocumque
2678 1378 2891 1432 tandem
2937 1380 3202 1451 quispiam
3240 1386 3467 1450 venerit,

1876 1473 2128 1519 cruentos
2157 1473 2421 1522 torrentes
2441 1508 2456 1533 ,
2503 1467 2821 1523 cadaverum
2855 1469 3062 1540 agmina
3089 1514 3103 1538 ,
3135 1473 3325 1529 domos
3353 1478 3469 1532 solo

1876 1565 2142 1625 aequatas,
2187 1556 2348 1612 urbes
2378 1573 2592 1612 eversas
2618 1559 2921 1630 perspiciet.
2951 1559 3062 1617 Nos
3087 1573 3263 1618 autem
3288 1605 3303 1630 ,
3332 1574 3470 1621 tam-

1878 1647 1978 1702 etsi
2027 1647 2263 1716 periculo
2289 1649 2443 1702 vacui
2489 1663 2609 1705 esse
2653 1649 2952 1719 videamur,
2984 1653 3038 1707 in
3065 1653 3168 1710 hoc
3196 1655 3467 1725 prmsidio,

1880 1747 2148 1807 tamquam
2177 1739 2328 1809 gravi
2357 1739 2588 1810 quodam
2617 1757 2835 1798 carcere
2863 1744 3104 1802 conclusi
3130 1785 3144 1810 ,
3193 1757 3371 1803 tamen
3402 1751 3473 1803 ob

1879 1829 2217 1899 quotidianos
2259 1841 2467 1901 metus,
2499 1833 2569 1888 ob
2603 1849 2846 1889 rumores
2879 1835 3116 1891 czndibus
3150 1837 3370 1907 plenos,
3404 1840 3474 1896 ob

1881 1931 2168 1993 perpetuas
2212 1923 2567 1980 lsauricarum
2609 1929 2984 1983 excursionum
3019 1931 3470 2000 exspectationes,

1881 2017 1951 2073 ob
1976 2019 2218 2088 corporis
2238 2019 2470 2090 denique
2491 2019 2930 2088 imbecillitatem,
2957 2037 3081 2078 cum
3107 2038 3211 2093 qua
3239 2025 3306 2080 ad
3334 2025 3476 2080 hanc

1881 2124 2053 2180 usque
2096 2109 2237 2165 diem
2288 2109 2586 2177 luctamur,
2643 2113 3024 2182 tranquillitate
3071 2128 3137 2170 ac
3184 2114 3474 2171 securitate

1884 2200 1987 2257 l'rui
2034 2203 2254 2258 minime
2301 2217 2604 2274 possumus.
2656 2205 2763 2260 Sed
2806 2216 2988 2263 tamen
3018 2207 3180 2264 etiam
3225 2208 3367 2264 inter
3399 2217 3477 2264 tot

1884 2295 2024 2349 mala
2067 2311 2175 2350 non
2219 2311 2444 2366 parvum
2487 2297 2739 2354 solatium
2787 2301 3068 2370 capimus,
3124 2316 3247 2357 cum
3292 2303 3478 2359 literas

1887 2385 2067 2442 laetum
2114 2387 2182 2442 de
2223 2397 2311 2443 tua
2356 2387 2509 2444 ﬁrma
2550 2388 2854 2447 valetudine
2899 2393 3147 2454 nuntium
3193 2391 3479 2452 afferentes

1885 2481 2200 2550 accipimus.

1959 2609 2167 2668 Lxrx.
2211 2611 2432 2669 Nicolao
2457 2614 2768 2688 presbytero.
2800 2613 3081 2688 (Arabisso
3099 2630 3242 2674 anno
3254 2594 3408 2689 eis.)

1961 2744 2107 2803 Istud
2134 2761 2345 2818 quoque
2370 2747 2596 2804 sincerae
2623 2757 2729 2804 tuae
2755 2764 2820 2806 ac
2848 2748 3105 2808 ferventis
3124 2751 3362 2809 caritatis
3377 2760 3485 2820 est,

1889 2838 2032 2910 quod
2057 2855 2179 2894 cum
2211 2847 2360 2895 tanto
2385 2855 2416 2894 a
2439 2839 2594 2896 nobis
2629 2841 2910 2897 intervallo
2933 2842 3154 2899 dissitus
3175 2844 3274 2910 sis,
3306 2853 3484 2901 tamen

1890 2931 1958 2988 de
1995 2932 2166 2988 salute
2202 2942 2384 2988 nostra
2413 2933 2489 2989 sis
2517 2933 2798 2990 sollicitus.
2851 2935 3029 3005 Nuper
3055 2936 3268 3008 quidem
3295 2951 3485 3009 asper-

1891 3026 2028 3079 rima
2078 3024 2260 3080 hieme
2308 3025 2426 3081 loca
2471 3025 2698 3080 subinde
2745 3035 3178 3094 commutantes,
3231 3042 3375 3084 nunc
3429 3031 3484 3085 in

1893 3117 2133 3182 urbibus,
2167 3132 2308 3172 nunc
2339 3118 2391 3172 in
2419 3126 2575 3172 terra:
2601 3116 2842 3173 faucibus
2881 3127 2936 3172 et
2978 3118 3141 3189 sylvis
3169 3119 3489 3176 commorati

1894 3224 2100 3275 sumus,
2129 3209 2198 3265 ab
2218 3208 2516 3265 Isaurorum
2549 3209 2849 3266 incursibus
2868 3209 3237 3282 undecumque
3253 3211 3484 3281 eapulsi.

1895 3301 2135 3358 Tandem
2163 3311 2343 3358 autem
2378 3302 2663 3374 aliquando
2707 3303 2790 3359 his
2820 3303 2974 3386 malis
3001 3304 3241 3360 nonnihil
3270 3303 3489 3372 sedatis,

1897 3395 2015 3451 loca
2057 3394 2269 3451 deserta
2309 3397 2678 3466 relinquentes
2703 3436 2717 3461 ,
2766 3397 3083 3452 Arabissum
3130 3394 3489 3468 confugimus.

1898 3485 2042 3556 quod
2078 3485 2326 3540 videlicet
2366 3485 2509 3539 illius
2554 3485 2736 3556 Oppidi
2775 3501 2954 3542 arcem
3000 3486 3221 3558 reliquis
3247 3485 3380 3542 locis
3407 3495 3492 3541 tu-

1899 3580 2089 3634 tiorem
2119 3577 2508 3632 invenissemus
2531 3595 2545 3632 :
2569 3592 2744 3648 neque
2765 3579 2908 3632 enim
2927 3579 2980 3632 in
3005 3578 3204 3649 Oppido
3223 3578 3489 3649 degimus,

1900 3669 2024 3740 quia
2055 3683 2121 3724 ne
2149 3667 2200 3723 id
2227 3667 2440 3737 quidem
2472 3678 2641 3722 tutum
2681 3677 2797 3734 est;
2844 3678 2927 3724 est
2959 3678 3139 3724 autem
3178 3671 3334 3725 nobis
3379 3671 3494 3725 haec

1901 3760 2059 3816 sedes
2082 3761 2271 3830 quovis
2303 3773 2521 3814 carcere
2553 3758 2808 3817 deterior.
2859 3759 3061 3815 Praeter
3099 3759 3153 3816 id
3178 3760 3322 3816 enim
3349 3761 3494 3832 quod

1902 3852 2141 3924 singulos
2170 3852 2224 3906 in
2253 3850 2398 3918 dies,
2442 3860 2499 3906 ut
2547 3851 2618 3905 ita
2660 3851 2836 3906 dicam
2861 3892 2876 3916 ,
2924 3867 3021 3921 pro
3071 3852 3272 3908 foribus
3301 3854 3498 3909 nostris

1905 3957 2051 3999 mors
2079 3951 2162 3999 est
2181 3985 2196 4010 ,
2251 3942 2444 3998 lsauris
2474 3944 2654 3998 omnia
2679 3943 3052 3999 invadentihus
3071 3986 3086 4010 ,
3117 3953 3276 4015 atque
3302 3944 3409 4016 igni
3443 3957 3497 4002 et

1907 4036 2049 4091 ferro
2075 4042 2184 4089 tum
2215 4048 2439 4104 corpora
2465 4063 2480 4102 ,
2531 4043 2642 4089 tum
2675 4034 2898 4090 aediﬁcia
2930 4033 3232 4091 delentihus
3253 4075 3268 4100 ,
3297 4035 3491 4093 ferirent

1908 4127 2066 4181 etiam
2089 4167 2104 4194 ,
2145 4140 2305 4196 quam
2336 4125 2441 4180 loci
2481 4126 2722 4198 angustia
2750 4134 2804 4181 et
2837 4141 3024 4182 eorum
3053 4127 3143 4195 qui
3184 4125 3288 4183 huc
3313 4128 3498 4183 confu-

1909 4218 2061 4288 giunt
2099 4217 2382 4272 multitudo
2417 4216 2682 4283 minatur,
2737 4217 3184 4288 pertimescimus.
3237 4220 3315 4274 Ac
3365 4233 3502 4288 pra:-

1913 4320 2056 4366 terea
2086 4309 2340 4365 diuturno
2368 4309 2556 4365 morbo
2577 4351 2591 4376 ,
2620 4324 2778 4380 quem
2821 4310 2976 4364 nobis
3017 4309 3187 4366 hiems
3217 4320 3271 4366 et
3300 4325 3495 4383 perpe-

1914 4410 2005 4457 tua
2023 4401 2140 4472 fuga
2161 4401 2388 4472 peperit,
2419 4399 2707 4456 conﬂictati
2732 4443 2748 4470 ,
2776 4401 2874 4456 etsi
2898 4402 3005 4456 vim
3028 4401 3196 4470 ipsius
3216 4411 3270 4457 et
3288 4402 3498 4458 acerbi-

1916 4505 2075 4550 tatem
2104 4509 2248 4549 nunc
2278 4493 2589 4564 eﬁ'ugimus,
2619 4493 2904 4549 nonnullas
2931 4503 3107 4548 tamen
3132 4493 3308 4548 adhuc
3338 4495 3503 4564 ipsius

1915 4584 2171 4656 reliquias
2195 4581 2644 4640 circumlerimus.
2686 4582 2792 4639 Sed
2817 4597 3137 4653 quamquam
3164 4583 3216 4636 in
3246 4591 3322 4638 tot
3349 4586 3504 4638 malis

1917 4690 1980 4731 ac
2007 4675 2168 4731 tantis
2187 4673 2450 4728 molestiis
2474 4687 2778 4738 versamur,
2811 4687 3058 4741 magnam
3091 4679 3264 4727 tamen
3295 4687 3363 4728 ex
3395 4671 3505 4728 ler-

1919 4767 2065 4823 venti
2091 4773 2267 4820 vestra
2295 4772 2350 4820 et
2378 4764 2587 4819 sincera
2614 4771 2773 4834 atque
2810 4763 3078 4818 constanti
3112 4764 3335 4818 caritate
3371 4774 3505 4819 cen-

1922 4856 2237 4913 solationem
2263 4855 2522 4925 capimus.
2568 4852 2699 4920 Quae
2721 4867 2845 4909 cum
2865 4853 3064 4920 sciatis,
3092 4867 3181 4919 ne,
3209 4867 3413 4922 qumso,
3444 4855 3514 4908 de

1922 4961 2099 5006 vestra
2129 4950 2359 5004 Sanitate
2382 4963 2542 5018 quam
2574 4946 2870 5023 saepissime
2905 4944 2971 5000 ad
3001 4961 3102 5002 nos
3129 4945 3366 5002 scribere
3389 4961 3514 5018 gra-

1925 5041 2144 5095 vemini.
2188 5039 2446 5106 Quamvis
2471 5039 2614 5094 enim
2660 5046 2807 5091 tanto
2834 5051 2864 5090 a
2885 5035 3038 5091 vobis
3080 5038 3256 5106 spatio
3284 5037 3510 5095 divella-

1929 5148 2092 5187 mur:
2123 5132 2426 5186 arctissimo
2467 5139 2647 5184 tamen
2691 5127 2933 5182 caritatis
2977 5127 3192 5183 vinculo
3238 5128 3510 5185 vobiscum

1929 5225 2162 5281 devincti
2209 5238 2413 5278 sumus.
2470 5222 2513 5276 T
2519 5221 2587 5276 ibi
2623 5235 2752 5276 vero
2790 5220 3060 5289 ingentem
3101 5221 3323 5288 gratiam
3355 5219 3518 5274 hahe~

1931 5333 2087 5383 mus,
2135 5316 2276 5388 quod
2329 5330 2451 5369 cum
2497 5314 2550 5367 in
2597 5320 2676 5366 tot
2724 5311 2992 5382 tantisque
3033 5310 3518 5381 perturbationibus

1931 5410 2162 5466 verscris
2184 5449 2198 5474 ,
2253 5423 2358 5463 non
2391 5419 2604 5476 parvam
2638 5414 2812 5459 tamen
2857 5402 3190 5472 negotiorum
3231 5400 3520 5456 thnicize

1934 5517 2120 5556 curam
2147 5498 2307 5572 geris.
2336 5499 2677 5568 Quapropter
2702 5495 2747 5552 si
2775 5493 2902 5566 quid
2933 5494 3054 5548 novi
3078 5493 3222 5546 illinc
3247 5491 3519 5559 aﬁeratur,

1934 5612 2003 5652 ne
2046 5595 2199 5650 nobis
2246 5592 2296 5648 id
2338 5592 2640 5662 signiﬁcare
2687 5589 2932 5660 pigraris.
2977 5586 3073 5642 Vix
3116 5585 3259 5640 enim
3304 5585 3410 5640 ulla
3457 5601 3522 5642 ex

1932 5696 2086 5762 parte
2112 5687 2388 5758 quisquam
2411 5683 2477 5739 ad
2501 5697 2599 5739 nos
2617 5695 2924 5738 commeare
2951 5677 3132 5744 audet,
3163 5675 3303 5749 quod
3333 5691 3524 5732 omnes

1935 5800 2037 5841 Via:
2057 5825 2072 5852 ,
2103 5797 2222 5853 quae
2253 5778 2355 5834 huc
2387 5777 2562 5834 lerunt
2585 5815 2601 5846 ,
2628 5772 2862 5844 undique
2887 5771 3082 5828 clausae
3111 5769 3238 5825 siut.
3283 5769 3529 5824 Attamen
