3906 6364
261 343 353 400 διο
1703 353 1813 410 EPI

1924 355 2083 414 )LAS.

258 466 308 512 et
344 457 431 511 tibi
472 457 627 514 facile
665 473 727 513 ac
755 473 982 530 pronum
1007 469 1089 516 est
1113 471 1166 516 ct
1196 462 1462 535 ingentem
1501 465 1653 522 nobis
1682 469 1835 525 volu-

259 560 447 622 ptatem
470 550 644 605 aﬂ‘ert.
675 551 784 607 Nec
809 554 950 607 enim
981 564 1033 610 te
1065 553 1227 625 fugit,
1257 573 1419 628 quam
1449 571 1652 629 gratam
1681 564 1835 620 nobis

257 657 362 696 rem
387 641 618 697 facturus
637 644 733 709 sis,
767 643 866 700 hac
890 645 1215 717 benignitate
1241 663 1305 703 ac
1325 651 1685 708 muniﬁcentia
1705 669 1834 727 erga

256 747 349 788 1108
377 742 544 788 utens.

455 867 682 926 LXXV.
717 869 1007 928 Harmalio.
1043 871 1274 940 (Cucuso
1315 891 1454 932 anno
1482 877 1635 952 404.)

321 1004 456 1073 Quid
501 1004 603 1061 hoc
632 1021 752 1062 esse
774 1006 948 1062 dicam
971 1049 986 1073 ,
1012 1009 1154 1078 quod
1182 1018 1240 1064 ut
1270 1011 1574 1068 hominibus
1605 1015 1709 1070 tuis
1728 1058 1744 1084 ,
1778 1017 1830 1072 in

251 1096 311 1150 iis
339 1096 514 1162 rebus,
547 1097 601 1152 in
645 1097 834 1168 quibus
874 1114 1061 1154 eorum
1094 1114 1256 1170 opera
1287 1103 1442 1157 nobis
1472 1120 1607 1174 opus
1646 1106 1827 1174 fuerit,

247 1188 496 1244 arbitratu
543 1199 729 1244 nostro
769 1190 1132 1259 imperemus,
1187 1193 1342 1249 nobis
1382 1197 1695 1252 concessisti
1729 1216 1743 1251 :
1776 1199 1829 1254 id

248 1290 418 1337 autem
447 1282 591 1352 quod
619 1298 941 1353 magnopere
960 1286 1362 1355 expetebamus,
1387 1288 1541 1344 nobis
1563 1291 1826 1361 eripuisti,

246 1373 343 1429 hoc
378 1381 480 1440 est,
515 1374 697 1430 literas
725 1385 863 1442 tuas,
887 1392 1006 1447 quae
1034 1393 1133 1431 nos
1159 1378 1228 1434 de
1260 1389 1345 1434 tua
1383 1383 1686 1438 valetudine
1704 1400 1827 1440 ccr-

245 1465 399 1520 tiores
441 1465 716 1522 facerent?
754 1467 838 1522 An
883 1471 1058 1524 nescis
1103 1471 1206 1526 hoc
1249 1473 1334 1540 iis,
1392 1475 1480 1544 qui
1522 1476 1824 1533 sincerissi-

243 1573 326 1613 me
354 1567 574 1625 amant,
625 1572 849 1614 summa:
899 1576 1045 1616 curae
1089 1574 1250 1634 atque
1290 1566 1568 1635 cupiditati
1597 1583 1739 1635 esse,
1768 1581 1827 1626 ut

243 1665 376 1705 nunc
401 1667 620 1722 quoque
649 1653 802 1708 nobis
825 1655 960 1709 est?
997 1655 1355 1723 Quamobrem
1393 1659 1439 1714 si
1475 1662 1628 1716 nobis
1659 1664 1826 1733 grati-

241 1741 377 1800 ﬁcari
407 1754 493 1799 est
517 1746 748 1812 animus,
773 1748 1219 1804 reverendissime
1254 1752 1324 1806 mi
1347 1751 1582 1816 domine,
1615 1754 1822 1822 desine,

239 1852 432 1907 quaeso,
461 1838 570 1893 tuis
591 1837 897 1895 hominibus
937 1843 1204 1911 imperare
1227 1884 1242 1909 ,
1277 1851 1338 1899 ut
1377 1844 1531 1899 nobis
1559 1845 1610 1899 in
1640 1847 1704 1900 iis
1732 1861 1823 1902 re-

239 1930 350 1996 bus,
378 1931 572 2000 quibus
600 1945 794 2002 corpus
821 1941 964 2003 eget,
991 1935 1284 1990 inserviant
1315 1953 1328 1988 :
1364 1952 1536 2007 neque
1561 1938 1703 1993 enim
1737 1938 1822 1994 his

239 2022 391 2078 rebus
430 2023 543 2076 ullo
572 2024 730 2078 modo
773 2024 1105 2095 indigemus,
1137 2027 1332 2098 quippe
1369 2044 1492 2084 cum
1523 2032 1703 2086 omnia
1728 2048 1826 2086 no-

239 2113 314 2169 bis
335 2115 558 2185 perinde
587 2124 746 2186 atque
773 2132 802 2170 a
833 2116 981 2172 fonte
1001 2118 1220 2174 afﬂuant
1244 2136 1258 2186 ;
1286 2137 1472 2177 verum
1501 2124 1612 2194 ipse
1639 2125 1816 2179 maxi-

240 2221 374 2259 mum
414 2206 575 2261 nobis
623 2207 965 2277 beneﬁcium,
995 2211 1246 2281 quodque
1289 2215 1547 2284 consequi
1585 2230 1823 2270 summo-

239 2312 358 2366 pere
381 2299 664 2367 cupimus,
696 2315 795 2370 per
822 2301 1070 2371 exiguam
1102 2304 1342 2357 chartam
1373 2313 1429 2359 et
1463 2314 1820 2362 atramentum

237 2389 424 2458 prtebe.
449 2391 508 2445 ld
542 2406 701 2460 porro
728 2401 831 2458 est,
875 2403 933 2446 ut
959 2392 1029 2448 de
1070 2401 1156 2448 tua
1201 2395 1467 2464 totiusque
1497 2405 1601 2450 tuae
1629 2396 1820 2452 domus

239 2484 538 2538 valetudine
565 2498 662 2539 nos
692 2500 848 2554 quam
871 2486 1166 2554 saepissime
1191 2487 1449 2542 certiores
1478 2489 1658 2544 facias.
1687 2489 1818 2544 Nam

236 2575 278 2628 si
306 2575 412 2629 ﬁeri
443 2583 652 2644 posset,
687 2583 744 2629 ut
769 2591 868 2631 nos
896 2592 1110 2647 quoque
1141 2588 1324 2633 mutuo
1354 2595 1645 2650 congressu
1674 2580 1820 2636 frue-

235 2681 426 2735 remur,
456 2669 623 2722 etiam
657 2669 882 2737 teipsum
909 2685 941 2724 e
963 2669 1124 2724 domo
1148 2673 1488 2739 excitassem,
1518 2682 1678 2743 atque
1705 2688 1820 2728 am-

238 2759 447 2827 plissimi
479 2760 732 2815 beneﬁcii
764 2760 884 2814 loco
908 2761 1006 2815 abs
1036 2769 1088 2816 te
1124 2761 1454 2831 petivissem,
1496 2773 1553 2818 ut
1585 2772 1634 2819 te
1671 2774 1818 2820 tanto

236 2852 394 2906 nostri
417 2867 606 2906 amore
637 2851 948 2922 ﬂagrantem
987 2853 1158 2909 oculis
1190 2871 1403 2926 quoque
1427 2871 1653 2912 eernere
1686 2858 1817 2913 mihi

235 2941 426 2999 liceret.
453 2945 720 3012 Quoniam
747 2953 930 2999 autem
959 2945 1260 3002 Isaurorum
1305 2957 1478 3004 metus
1509 2948 1612 3005 hoc
1631 2950 1816 3020 prohi-

234 3034 373 3102 buit,
401 3052 521 3091 eam
560 3037 749 3092 saltem
777 3039 1238 3106 consolationem,
1273 3057 1430 3110 quam
1477 3043 1642 3098 litera:
1688 3046 1818 3100 all‘e-

234 3139 367 3195 runt,
397 3131 618 3200 copiose
645 3130 799 3186 nobis
838 3131 1016 3201 praebe
1052 3147 1066 3184 :
1110 3131 1269 3202 idque
1299 3133 1453 3190 nobis
1494 3135 1663 3191 instar
1692 3151 1813 3192 om-

229 3224 368 3278 nium
400 3233 525 3280 erit.

410 3356 677 3413 LXXVI.
709 3357 1005 3415 Chalcidice.
1039 3359 1271 3433 (Cucuso
1311 3376 1451 3417 anno
1475 3362 1629 3434 404.)

295 3491 558 3563 Equidem
601 3493 876 3549 dominum
919 3510 1096 3550 meum
1124 3497 1634 3554 reverendissimum
1661 3515 1813 3570 pres.

228 3583 458 3655 byterum
487 3587 778 3642 nobiseum
809 3603 930 3642 esse
958 3587 1307 3645 vehementer
1349 3592 1527 3660 cupio.
1567 3593 1660 3648 Sin
1713 3609 1812 3649 au-

229 3688 326 3734 tem
365 3683 545 3751 ipsum
591 3681 730 3736 istuc
775 3682 1038 3752 proﬁcisci
1065 3683 1406 3738 commodum
1433 3699 1553 3740 esse
1582 3700 1770 3741 censes
1793 3729 1808 3754 ,

232 3789 344 3827 eum
390 3775 624 3845 periculi
679 3785 824 3830 metu
867 3791 1092 3844 carere,
1124 3787 1284 3848 atque
1312 3789 1537 3850 urgente
1582 3783 1811 3838 tumultu

233 3866 639 3940 liberari,quam
689 3869 776 3923 hic
823 3884 946 3924 esse
992 3870 1154 3925 malo.
1184 3871 1546 3939 Quamobrem
1584 3890 1652 3928 ne
1679 3875 1810 3931 illud

231 3959 509 4027 existimes,
532 3961 710 4032 ipsum
736 3977 766 4016 a
793 3963 949 4018 nobis
971 3963 1264 4032 prohiberi,
1293 3964 1340 4018 si
1367 3965 1634 4034 proﬁcisci
1659 3968 1807 4024 velit.

229 4048 380 4107 Nobis
401 4054 544 4109 enim
579 4069 702 4108 eum
734 4053 910 4110 adhuc
937 4056 1203 4111 retinendi
1233 4071 1393 4112 causa
1425 4073 1488 4112 ea
1519 4058 1636 4123 fuit,
1666 4061 1808 4131 quod

231 4142 414 4211 negotii
455 4153 652 4198 natura
691 4143 858 4213 ipsius
889 4146 1228 4214 praesentiam
1257 4162 1362 4201 non
1406 4148 1693 4204 admodum
1722 4166 1810 4207 re-

229 4235 449 4301 quireret
479 4254 492 4291 :
525 4244 690 4306 atque
714 4236 841 4291 item
873 4252 959 4305 ea,
987 4238 1129 4308 quod
1160 4254 1228 4294 ne
1253 4239 1306 4294 in
1349 4238 1656 4296 lsaurorum
1696 4257 1809 4296 ma-

230 4339 322 4380 nus
367 4325 506 4382 forte
553 4328 798 4395 caderet,
845 4339 1229 4387 metueremus.
1257 4333 1410 4399 Quod
1442 4335 1486 4389 si
1516 4351 1638 4390 eum
1671 4337 1808 4392 istuc

231 4418 481 4483 proﬁcisci
513 4429 625 4476 tam
653 4422 808 4478 valde
834 4437 1055 4478 necesse
1082 4433 1185 4488 est,
1218 4438 1340 4479 eum
1365 4434 1420 4480 et
1445 4440 1726 4482 monemus
1753 4438 1808 4483 et

230 4505 511 4576 hortamur,
542 4520 603 4566 ut
648 4511 750 4566 iter
787 4514 1062 4583 suscipiat.
1092 4515 1347 4581 Quamvis
1392 4517 1535 4572 enim
1581 4533 1807 4588 corpore

226 4597 578 4670 sejungamur,
614 4611 788 4659 tamen
821 4606 1058 4660 caritatis
1104 4607 1332 4662 vinculis
1358 4624 1572 4678 semper
1591 4624 1713 4664 cum
1740 4626 1806 4666 eo

225 4685 450 4747 devincti
473 4710 680 4750 sumus.
710 4695 786 4751 Te
814 4707 992 4752 autem
1033 4712 1131 4752 oro
1155 4739 1169 4764 ,
1199 4714 1268 4754 ne
1307 4701 1433 4770 quid
1462 4716 1646 4756 earum
1683 4718 1802 4758 mo-

227 4777 511 4852 lestiarum,
539 4802 660 4856 quae
687 4788 959 4852 eveniunt,
1003 4790 1240 4844 animum
1268 4799 1415 4845 tuum
1444 4801 1800 4847 commoveat.

223 4867 345 4926 Nam
375 4891 482 4943 quo
512 4878 697 4946 plures
725 4893 815 4935 res
839 4879 1080 4934 adversae
1108 4889 1250 4948 sunt,
1284 4896 1351 4936 eo
1391 4896 1605 4952 quoque
1633 4883 1804 4952 major

222 4963 311 5018 tibi
353 4979 592 5037 quaestus
637 4981 799 5041 atque
846 4971 1062 5028 uberior
1099 4989 1310 5029 merces
1349 4989 1378 5027 a
1418 4975 1648 5045 benigno
1693 4976 1803 5030 Deo

220 5059 554 5123 rependatur,
581 5062 625 5115 si
657 5076 716 5116 ea
747 5078 868 5132 qua:
912 5063 1198 5129 accidunt,
1230 5072 1386 5134 grato
1431 5080 1496 5120 ac
1533 5080 1801 5136 generoso

221 5146 390 5203 animo
420 5149 583 5209 feras.
613 5152 723 5207 llac
751 5154 893 5208 enim
918 5155 1124 5210 ratione
1144 5165 1197 5211 et
1226 5160 1341 5210 hinc
1371 5155 1578 5212 facilius
1600 5171 1794 5226 super-

224 5240 291 5291 ari
317 5251 583 5308 poterunt,
610 5255 661 5300 et
687 5247 886 5303 fructus
917 5250 964 5303 is
1006 5249 1097 5318 qui
1121 5265 1186 5303 ex
1219 5249 1408 5304 horum
1447 5253 1796 5322 perpessione

225 5343 277 5382 ac
300 5331 579 5388 tolerantia
602 5337 690 5392 tibi
719 5339 770 5392 in
801 5340 945 5394 caelis
977 5352 1337 5410 comparatur,
1362 5341 1588 5411 amplior
1625 5350 1679 5397 et
1703 5357 1798 5398 co-

224 5420 412 5487 piosior
432 5425 556 5490 erit,
603 5428 878 5495 multoque
933 5432 1105 5499 major
1155 5446 1315 5502 quam
1372 5432 1702 5495 calamitates
1743 5444 1797 5490 et

225 5515 497 5584 cruciatus,
528 5532 669 5588 quos
713 5521 941 5576 subiisti.

695 5652 842 5710 LXX
855 5653 926 5708 VI
935 5653 984 5708 1.
1044 5657 1362 5726 Asyncritiaz.

282 5779 446 5840 Etiam
471 5787 708 5843 antehac
736 5787 865 5843 illud
896 5787 989 5844 tibi
1018 5803 1113 5858 per
1137 5789 1320 5846 literas
1347 5789 1788 5862 signiﬁcavnnus,

537 5897 820 5963 PATROL.
871 5905 986 5966 Gn.
1040 5909 1162 5975 Lll.

3433 387 3538 442 650

1945 487 2044 528 nos
2074 483 2146 540 te,
2175 484 2432 545 quantum
2462 480 2529 536 ad
2569 482 2847 541 caritatem
2879 488 3102 558 attinet,
3133 493 3187 548 in
3218 510 3404 554 eorum
3442 503 3533 572 qui

1942 564 2009 618 ad
2041 580 2139 620 nos
2180 583 2440 626 venerunt
2468 589 2694 631 numero
2735 592 3000 648 reponere
3040 598 3056 635 ἶ
3086 593 3142 640 Gl.
3181 603 3324 644 nunc
3348 564 3534 650 τιιτέυε

1942 652 2083 709 istud
2113 655 2287 726 ipsum
2315 660 2565 731 dicimus,
2592 665 2842 723 nimirum
2866 679 2920 726 te
2955 673 3138 730 animo
3167 692 3231 732 ac
3251 679 3530 740 voluntate

1939 749 2173 804 venisse.
2199 751 2354 819 Quod
2399 757 2444 810 si
2470 761 2714 828 corporis
2765 761 3167 833 imbecillitate,
3195 785 3260 826 ac
3291 776 3535 831 tumulti-

1927 840 2039 895 bus
2083 841 2150 897 iis
2179 844 2269 913 qui
2299 847 2608 905 Armeniam
2645 852 2983 924 invaserunt,
3019 859 3284 928 prohibita
3307 877 3366 920 es
3391 883 3406 920 :
3431 883 3534 924 nos

1940 941 2121 990 tamen
2151 952 2220 990 ex
2252 945 2341 992 tua
2373 941 2654 999 voluntate
2691 947 2964 1018 animique
2992 953 3259 1008 sententia
3294 955 3437 1012 idem
3463 959 3535 1015 de

1938 1035 2026 1080 tua
2057 1027 2428 1086 benevolentia
2454 1033 2712 1104 judicium
2745 1037 3025 1108 habemus,
3053 1045 3196 1113 quod
3241 1047 3388 1116 prius
3432 1048 3530 1104 ha-

1937 1119 2170 1175 buimus.
2199 1123 2377 1191 Quare
2426 1142 2494 1182 ne
2531 1143 2690 1198 quam
2737 1133 3036 1202 saepissime
3071 1137 3138 1192 ad
3167 1153 3265 1194 nos
3295 1141 3534 1200 scribere

1935 1213 2197 1285 negligas,
2232 1233 2458 1288 nosque,
2492 1221 2813 1279 morbumne
2842 1225 3138 1296 depuleris,
3171 1240 3226 1286 et
3255 1249 3358 1304 qua
3386 1235 3532 1291 vale-

1935 1304 2117 1362 tudine
2134 1309 2228 1376 sis,
2256 1311 2514 1367 certiores
2535 1311 2734 1370 facere.
2765 1318 3206 1390 Quandoquidem
3237 1339 3381 1381 nunc
3411 1341 3528 1380 ma-

1930 1411 2094 1466 guum
2132 1401 2312 1456 animo
2333 1401 2572 1459 dolorem
2599 1407 2921 1478 accepimus,
2947 1424 3067 1465 cum
3098 1420 3149 1467 te
3178 1429 3376 1484 aegram
3407 1432 3531 1472 esse

1933 1490 2315 1549 intelleximus.
2345 1495 2726 1568 Quamobrem,
2759 1516 2828 1557 ne
2867 1501 2935 1556 de
2963 1502 3063 1558 hac
3105 1521 3166 1560 re
3201 1505 3528 1576 laboremus,

1935 1580 2019 1636 fac
2041 1583 2202 1639 velim
2232 1601 2392 1656 quam
2423 1588 2687 1648 citissime
2732 1593 2968 1653 sciamus
2995 1611 3122 1652 num
3162 1613 3194 1654 e
3245 1601 3436 1658 morbo
3462 1604 3528 1658 ad

1929 1674 2212 1731 sanitatem
2242 1678 2488 1736 redieris.

1930 1809 2084 1866 LXX
2095 1811 2238 1868 VIII
2246 1853 2260 1868 .
2285 1815 2517 1872 Romano
2552 1821 2864 1893 presbytero.
2895 1822 2917 1897 (
2946 1824 3158 1883 Cucuso
3193 1842 3337 1885 anno
3371 1830 3524 1902 405.)

2001 1942 2115 1999 Non
2161 1944 2213 1999 in
2243 1949 2550 2005 Armeniam
2591 1951 2864 2009 dumtaxat
2893 1963 2948 2010 et
2981 1956 3397 2029 Cappadociam,
3428 1962 3523 2017 sed

1925 2033 2089 2087 etiam
2119 2034 2328 2107 longius
2359 2040 2595 2096 Caritatis
2620 2052 2724 2098 tua:
2753 2053 2912 2115 atque
2933 2046 3338 2119 benevolentiae,
3363 2068 3523 2124 quam

1928 2139 2142 2196 semper
2165 2143 2292 2198 erga
2333 2145 2430 2185 nos
2474 2135 2768 2201 prmstitisti
2791 2177 2806 2202 ,
2839 2139 3026 2207 quavis
3052 2141 3177 2196 tuba
3208 2142 3526 2200 luculentior

1927 2216 2067 2271 fama
2082 2222 2338 2288 pervasit.
2360 2223 2721 2291 Quamobrem
2752 2242 2850 2283 nos
2869 2244 3081 2301 quoque
3106 2232 3175 2287 ob
3196 2242 3340 2288 tuam
3366 2236 3522 2290 istam

1933 2307 2367 2368 benevolentiam
2397 2330 2723 2385 magnopere
2750 2319 3062 2389 gloriamur,
3085 2338 3186 2378 nec
3212 2333 3264 2379 te
3309 2325 3526 2381 laudare

1929 2401 2353 2460 intermittimus.
2398 2405 2479 2460 Tu
2509 2423 2636 2462 vero
2660 2409 2727 2463 de
2754 2417 2842 2464 tua
2882 2411 3188 2468 valetudine
3231 2430 3388 2485 quam
3422 2433 3521 2470 sa:-

1926 2493 2163 2562 pissime,
2199 2510 2401 2564 quaeso,
2431 2495 2500 2551 ad
2531 2513 2631 2552 nos
2659 2499 2885 2555 scribas.
2915 2501 3047 2556 Nam
3080 2504 3204 2558 licet
3235 2506 3288 2559 in
3318 2506 3516 2562 Solitu-

1926 2585 2083 2652 dine,
2115 2602 2180 2642 ac
2217 2589 2402 2657 procul
2445 2604 2476 2643 a
2526 2591 2677 2647 vobis
2715 2594 2907 2649 remoti
2949 2596 3149 2663 simus,
3181 2608 3235 2652 at
3279 2600 3518 2655 caritatis

1925 2689 2103 2736 tamen
2133 2690 2321 2737 eatena
2357 2694 2530 2738 tecum
2557 2685 2791 2742 devincti
2821 2704 3026 2756 sumus,
3056 2693 3299 2748 eamdem
3328 2695 3522 2751 videli-

1923 2783 2034 2842 cet,
2054 2790 2212 2844 quam
2243 2776 2368 2830 olim
2403 2786 2563 2847 atque
2585 2779 2653 2834 ab
2683 2781 2833 2836 initio
2862 2798 2985 2852 erga
3013 2793 3064 2838 te
3092 2786 3521 2846 benevolentiam

1923 2881 2034 2937 pra:
2074 2867 2229 2923 nobis
2254 2869 2498 2938 tulimus,
2546 2872 2655 2926 imo
2688 2873 2850 2930 etiam
2900 2877 3162 2948 majorem
3212 2895 3275 2935 ac
3307 2882 3522 2938 ferven-

1925 2959 2114 3013 tiorem
2152 2975 2293 3016 nunc
2335 2961 2610 3018 habentes.
2650 2964 2759 3020 Nec
2808 2967 2952 3022 enim
2996 2980 3088 3025 aut
3119 2974 3372 3042 temporis
3398 2973 3520 3028 diu-

1924 3050 2169 3115 turnitas,
2198 3060 2290 3105 aut
2338 3053 2437 3108 viae
2490 3053 2788 3125 longitudo,
2833 3059 3111 3130 segniores
3159 3062 3225 3118 ad
3256 3079 3372 3119 eam
3402 3082 3518 3122 rem

1922 3157 2022 3197 nos
2078 3141 2330 3209 reddidit,
2374 3144 2482 3199 imo
2532 3147 2692 3202 etiam
2747 3150 2985 3206 acriores
3019 3167 3084 3208 ac
3127 3153 3514 3226 diligentiores.

1921 3231 2049 3287 llaec
2076 3233 2236 3304 igitur
2264 3249 2386 3288 cum
2418 3236 2640 3293 minime
2668 3239 2903 3310 ignores,
2934 3241 3151 3299 domine
3167 3246 3241 3300 mi
3265 3261 3518 3303 revereri-

1919 3322 2139 3377 dissime
2160 3338 2224 3379 ac
2259 3325 2661 3395 religiosissime
2686 3369 2702 3395 ,
2731 3341 2981 3400 quantam
3009 3335 3369 3392 crebrioribus
3415 3339 3518 3394 tuis

1919 3413 2090 3468 literis
2132 3416 2360 3485 gratiam
2405 3432 2436 3471 a
2466 3418 2624 3473 nobis
2650 3419 2881 3476 initurus
2903 3423 2996 3489 sis,
3027 3432 3205 3481 tecum
3235 3437 3510 3498 reputans,

1921 3504 1990 3558 de
2013 3513 2104 3559 tua
2125 3507 2431 3563 valetudine
2459 3509 2527 3564 ad
2556 3525 2654 3566 nos
2680 3513 2884 3568 scribas
2911 3517 3091 3583 velim,
3119 3534 3183 3573 ac
3210 3523 3510 3590 praesertim

1920 3596 1976 3650 in
2007 3597 2112 3652 tuis
2136 3599 2336 3654 sanctis
2371 3601 2618 3669 precibus
2666 3607 2979 3660 memoriam
3017 3611 3188 3664 nostri
3239 3627 3308 3667 ne
3353 3613 3516 3670 inter-

1919 3687 2103 3742 mittas
2137 3704 2151 3740 :
2184 3703 2310 3758 quo,
2340 3689 2465 3745 licet
2496 3699 2643 3747 tanto
2672 3693 2956 3751 intervallo
2995 3697 3092 3753 abs
3137 3709 3192 3754 te
3213 3700 3467 3771 disjuncti
3493 3745 3509 3773 ,

1918 3779 2186 3850 ingentem
2219 3791 2393 3837 tamen
2421 3782 2546 3838 hinc
2565 3799 2721 3855 opem
2749 3795 2802 3842 et
2838 3789 3092 3845 auxilium
3118 3793 3466 3863 accipiamus.

1988 3911 2248 3968 LXXIX.
2283 3913 2532 3972 Gemello.
2578 3916 2823 3990 (Cucuso
2851 3935 2995 3978 anno
3021 3923 3125 3980 404
3151 3924 3232 3980 vel
3260 3926 3417 3999 405.)

1986 4050 2248 4117 Quidnam
2301 4051 2403 4107 hoc
2438 4062 2541 4122 est,
2569 4063 2627 4110 ut
2655 4071 2775 4112 cum
2805 4066 2949 4116 tanta
2996 4070 3208 4135 tamque
3251 4068 3506 4136 prmelara

1915 4141 2102 4196 civitas
2121 4143 2446 4198 luculentum
2468 4144 2663 4201 festum
2684 4158 2808 4220 agat
2829 4150 2848 4222 (
2871 4152 2957 4207 sic
2972 4155 3114 4209 enim
3141 4159 3508 4228 magistratum

1916 4242 2062 4287 tuum
2093 4243 2252 4303 atque
2278 4235 2561 4306 imperium
2588 4239 2771 4310 voco),
2805 4251 2915 4297 tum
2944 4251 3001 4299 tu
3026 4245 3280 4305 diuturno
3317 4259 3410 4307 tuo
3438 4254 3512 4308 si-

1913 4325 2080 4380 lentio
2110 4326 2368 4396 majorem
2397 4330 2552 4385 nobis
2583 4335 2896 4388 maestitiam
2929 4338 3199 4394 attuleris?
3217 4342 3294 4396 Ac
3318 4342 3364 4397 si
3386 4344 3512 4414 qui-

1913 4416 2036 4472 dem
2061 4419 2198 4474 alius
2227 4419 2493 4490 quispiam
2515 4436 2547 4476 e
2575 4423 2736 4494 vulgo
2756 4435 2925 4494 esset,
2961 4429 3047 4483 cui
3074 4429 3177 4485 hoc
3198 4432 3511 4504 accidisset,

1911 4527 2127 4567 causam
2145 4529 2358 4583 quoque
2387 4515 2535 4570 nullo
2562 4520 2779 4587 negotio
2809 4522 3153 4577 invenissem.
3185 4524 3357 4592 Quam
3383 4537 3470 4582 tan
3489 4556 3504 4568 -

1911 4603 2033 4659 dem
2071 4602 2226 4657 istam
2255 4603 2279 4657 Ἰ
2318 4603 2508 4661 Solent
2533 4607 2774 4679 plerique
2804 4612 3128 4680 mortalium,
3151 4628 3273 4669 cum
3297 4616 3362 4670 ad
3385 4633 3505 4672 ma—

1906 4694 2079 4763 jorem
2110 4695 2420 4766 dignitatem
2454 4702 2818 4768 pervenerint,
2854 4703 3063 4760 animos
3107 4721 3319 4778 quoque
3347 4710 3508 4766 simul

1911 4786 2156 4840 attollere
2190 4827 2205 4852 ,
2237 4801 2301 4841 ac
2327 4789 2560 4858 majores
2586 4791 2806 4859 spiritus
2834 4807 3047 4850 sumere
3077 4813 3091 4849 :
3136 4806 3192 4851 at
3233 4799 3288 4852 in
3319 4810 3370 4856 te
3413 4803 3503 4870 qui

1909 4879 2276 4950 philosophari
2317 4880 2444 4949 scis,
2481 4897 2547 4936 ac
2575 4885 2897 4939 caduearum
2926 4886 3114 4942 harum
3153 4897 3208 4944 et
3235 4890 3501 4962 fragilium

1909 4987 2088 5026 rerum
2121 4982 2365 5027 naturam
2387 4975 2628 5045 apprime
2657 4978 2818 5044 nosti,
2841 4993 2943 5034 nec
2971 4979 3108 5036 fucis
3132 4997 3196 5037 ac
3214 4983 3502 5054 pigmentis

1908 5067 2170 5135 deciperis
2194 5107 2210 5131 ,
2237 5081 2426 5122 verum
2471 5083 2564 5123 res
2598 5067 2744 5138 ipsas
2786 5070 2949 5126 larvis
2995 5089 3192 5129 vacuas
3243 5077 3502 5147 perspicis

1906 5167 2064 5227 atque
2084 5157 2485 5223 animadvertis,
2516 5159 2715 5213 silentii
2739 5174 2953 5215 causam
2990 5166 3227 5234 reperire
3267 5182 3495 5236 nequeo.

1908 5249 1976 5303 Et
1999 5249 2213 5320 quidem
2249 5249 2379 5306 illud
2405 5266 2504 5321 pro
2527 5261 2676 5307 certo
2717 5253 2913 5321 habeo,
2945 5271 3032 5311 me
3057 5272 3210 5328 aeque
3231 5273 3295 5313 ac
3327 5260 3494 5328 prius,

1905 5340 2014 5393 imo
2034 5340 2192 5394 etiam
2215 5341 2384 5410 magis
2409 5357 2567 5410 quam
2589 5351 2714 5397 ante
2739 5343 2837 5399 abs
2868 5353 2920 5400 te
2946 5348 3135 5401 amari.
3154 5347 3288 5415 Quid
3318 5358 3496 5405 autem

1903 5432 1993 5495 sit,
2027 5434 2410 5502 quamobrem,
2439 5449 2561 5488 cum
2610 5435 2711 5490 hoc
2741 5451 2868 5506 erga
2895 5453 2983 5493 me
3022 5440 3202 5494 animo
3232 5443 3324 5506 sis,
3358 5453 3497 5496 tam-

1905 5523 1994 5577 diu
2019 5524 2266 5590 tacueris,
2297 5523 2480 5581 dicere
2504 5541 2714 5596 nequeo
2763 5529 2916 5582 :imo
2969 5529 3072 5583 hoc
3121 5545 3333 5600 quoque
3379 5534 3497 5604 ipso

1905 5615 2200 5682 prmsertim
2247 5615 2468 5669 nomine
2525 5616 2723 5672 htereo.
2776 5617 2951 5684 Quare
3012 5620 3156 5674 istud
3225 5622 3493 5693 aenigma,

1903 5706 2004 5759 nisi
2034 5720 2196 5775 grave
2221 5721 2287 5762 ac
2320 5707 2607 5765 molestum
2643 5717 2766 5776 est,
2791 5709 2948 5765 nobis
2986 5711 3142 5766 velim
3176 5728 3272 5783 per
3307 5712 3496 5772 literas

1843 5850 1875 5870 χ
1903 5797 2157 5866 explices.
2181 5799 2357 5871 Atque
2380 5801 2539 5858 etiam
2564 5808 2690 5858 ante
2713 5801 2857 5873 ipsas
2881 5803 3065 5859 literas
3102 5819 3219 5879 eos,
3247 5807 3336 5879 qui
3357 5807 3494 5866 hanc

3056 5912 3133 5971 17
