3906 6380
429 385 524 442 651
1141 370 1199 425 S.
1241 361 1523 424 JOANNIS
1549 351 2028 417 CHRYSOSTOMI
2070 350 2391 409 ARCHIEP.
2433 353 2971 412 CONSTANTINOP.
3126 294 3143 310 Ι
3600 369 3683 426 δερ

426 494 718 566 epistolam
745 489 815 547 ad
844 497 897 545 te
923 483 1235 558 perferunt,
1270 478 1371 533 hoc
1392 483 1505 542 est,
1531 470 1807 528 dominum
1836 481 2016 522 meum

430 561 940 646 reverendissimum
991 586 1048 634 et
1089 567 1549 642 religiosissimum
1601 561 2018 633 presbyterum,

428 684 704 753 ipsiusque
729 675 970 736 comites,
1003 669 1159 734 doce,
1191 664 1245 719 id
1277 660 1420 733 quod
1448 657 1600 753 nobis
1640 653 1770 725 ipsis
1796 665 2021 753 persius-

429 742 546 832 sum
576 742 679 840 est,
710 781 902 837 nempe
944 763 1046 818 hoc
1098 769 1248 814 tuum
1301 751 1574 810 silentium
1623 763 1654 801 a
1698 742 2021 815 negligentia

433 884 544 925 non
571 834 812 921 ﬂuitisse.
840 834 979 914 Nam
1010 855 1054 909 si
1082 853 1184 907 hoc
1208 847 1429 911 dixeris,
1456 847 1586 900 satis
1617 841 1668 896 id
1693 839 1818 906 erit,
1837 844 1899 891 ut
1923 834 2023 905 ipsi

430 960 658 1017 comiter
681 969 743 1011 ac
777 952 1007 1022 benigne
1034 965 1064 1001 a
1093 956 1144 1000 te
1171 942 1521 1012 excipiantur.

607 1065 835 1126 LXXX.
889 1061 1144 1120 Firmino.
1175 1057 1196 1130 (
1220 1054 1432 1112 Cucuso
1458 1064 1600 1106 anno
1619 1045 1771 1116 404.)

509 1189 590 1245 Ad
619 1194 966 1256 congressum
993 1185 1143 1231 tuum
1178 1183 1372 1240 magno
1399 1165 1553 1220 nobis
1580 1160 1777 1217 damno
1803 1153 2024 1212 morbus

440 1294 567 1338 tuus
589 1279 687 1334 fuit
715 1245 833 1331 :vad
880 1271 1157 1326 caritatem
1205 1274 1384 1317 autem
1410 1272 1480 1312 ne
1513 1253 1775 1309 tantillum
1805 1245 2022 1319 quidem

424 1369 738 1434 detrimenti
769 1363 966 1422 attulit.
1000 1359 1133 1416 Nam
1165 1356 1244 1429 (a)
1269 1352 1356 1408 vel
1396 1345 1565 1406 semel
1591 1354 1643 1399 te
1671 1339 1985 1398 convenisse
2005 1378 2022 1404 ,

431 1433 562 1524 'latis
583 1474 853 1534 Superque
889 1453 990 1511 fuit
1026 1451 1094 1507 ad
1129 1448 1500 1505 vehementem
1542 1439 1616 1494 tui
1666 1448 1903 1491 amorem
1969 1433 2024 1484 in

438 1557 627 1618 tnimis
653 1525 855 1609 nostris
881 1544 1155 1604 ciendum.
1185 1537 1356 1608 llujus
1389 1543 1565 1589 autem
1597 1528 1676 1584 rei
1709 1539 1870 1582 causa
1909 1525 2024 1593 ipse

435 1649 600 1714 luisti,
626 1645 715 1717 qui
759 1643 827 1697 ab
864 1639 993 1712 ipsis
1029 1633 1192 1691 initiis
1226 1630 1495 1699 ingentem
1524 1637 1588 1677 ac
1615 1633 1752 1690 pene
1776 1617 2022 1672 insanum

433 1705 604 1796 nostri
631 1705 1012 1802 amorem-pra:
1055 1735 1107 1780 te
1135 1721 1328 1785 tulisti,
1362 1731 1462 1773 nec
1483 1728 1602 1778 nos,
1632 1719 1690 1766 ut
1716 1708 1916 1764 diutius
1946 1705 2024 1760 tui

430 1831 728 1907 periculum
765 1826 1096 1885 faceremus,
1122 1821 1434 1886 exspectare
1480 1820 1669 1878 passus
1718 1817 1812 1868 es,
1837 1813 2024 1854 verum

430 1891 496 1979 ad
523 1924 752 1994 primum
777 1921 1051 1988 aspectum
1084 1924 1184 1963 nos
1220 1903 1431 1976 cepisti,
1463 1895 1883 1963 arctissimisque
1909 1891 2026 1944 vin-

430 1988 567 2072 culis
608 2021 784 2067 tecum
812 2002 1128 2062 astrinxisti.
1167 1998 1291 2054 Ideo
1317 1993 1384 2050 ad
1411 2003 1463 2048 te
1503 1988 1816 2051 scribimus,
1856 1997 2027 2053 eaque

430 2122 548 2178 quae
581 2101 766 2156 audire
801 2097 973 2170 cupis,
1010 2091 1350 2162 exponimus.
1391 2084 1646 2152 Quaanam
1683 2088 1860 2133 autem
1909 2073 2028 2128 hzcc

430 2167 598 2255 sunt?
623 2194 770 2250 Bona
795 2167 1100 2248 valetudine
1121 2195 1308 2240 sumus
1334 2196 1350 2245 ;
1380 2178 1483 2233 iter
1512 2183 1627 2230 tuto
1647 2167 1982 2228 confecimus
2008 2182 2022 2230 ;

431 2290 613 2361 quiete
637 2296 794 2357 atque
815 2283 925 2338 otio
946 2277 1242 2352 gaudemus
1265 2289 1281 2335 ς
1315 2283 1563 2340 magnam
1591 2263 1829 2321 omnium
1857 2260 2026 2315 bene—

432 2355 723 2436 volentiam
743 2374 1083 2433 obtinemus;
1128 2360 1542 2420 inenarrabilem
1579 2355 1809 2424 denique
1837 2365 2030 2406 conso-

436 2473 693 2528 lationem
720 2464 1066 2538 percipimus.
1090 2458 1260 2514 Nemo
1289 2455 1378 2509 hic
1403 2462 1488 2508 est
1515 2449 1603 2520 qui
1642 2463 1740 2502 nos
1768 2444 2022 2514 exagitet,

431 2575 524 2620 aut
550 2562 706 2619 nobis
724 2534 1011 2630 negotium
1038 2553 1283 2608 facessat.
1331 2543 1471 2615 Quid
1521 2550 1698 2596 autem
1730 2537 1884 2592 nobis
1924 2534 2029 2590 hoc

433 2661 486 2714 in
527 2656 659 2712 urbe
683 2668 783 2709 usu
809 2629 1022 2705 venisse
1054 2642 1288 2707 miraris,
1337 2653 1460 2694 cum
1507 2636 1668 2688 etiam
1717 2632 1817 2685 iter
1851 2629 2025 2698 ipsum

431 2748 698 2805 tutissime
735 2739 1165 2799 confecerimus?
1207 2733 1288 2789 Tu
1322 2745 1452 2786 vero
1489 2727 1556 2783 de
1582 2725 1685 2780 tuis
1709 2735 1918 2794 quoque
1943 2734 2028 2774 re-

433 2845 533 2898 bus
559 2855 657 2897 nos
682 2839 765 2893 fac
786 2835 1068 2899 certiores,
1087 2838 1146 2885 ut
1163 2821 1612 2901 quemadmodum
1655 2835 1719 2874 ex
1750 2817 1850 2871 hac
1875 2830 2026 2869 eom-

430 2933 823 2993 memoratione
859 2928 1189 2996 voluptatem
1230 2919 1467 2991 cepisti,
1513 2916 1592 2972 sic
1636 2913 1798 2970 etiam
1841 2911 1910 2966 de
1941 2919 2028 2964 tua

427 3025 738 3084 valetudine
775 3022 1037 3079 certiores
1075 3014 1238 3082 facti,
1266 3025 1513 3082 magnam
1566 3004 1801 3060 lanitiam
1848 3001 2028 3072 capia-

431 3135 569 3176 mus.
603 3117 713 3174 Nec
738 3115 882 3170 enim
931 3121 984 3166 te
1030 3107 1185 3177 fugit,
1223 3111 1476 3176 quantam
1509 3099 1594 3165 iis,
1617 3097 1705 3167 qui
1735 3095 1943 3150 sincere
1972 3107 2031 3144 a-

430 3225 581 3265 mare
609 3213 832 3271 norunt,
870 3201 1203 3270 voluptatem
1230 3195 1334 3248 hoc
1357 3190 1560 3262 injiciat
1584 3230 1598 3254 ,
1627 3201 1751 3242 cum
1790 3183 1898 3239 laeti
1932 3181 2030 3236 ali-

431 3300 560 3373 quid
587 3298 657 3354 de
683 3297 785 3364 iis,
811 3307 947 3365 quos
967 3297 1168 3354 amant,
1195 3285 1488 3356 accipiunt.

457 3411 722 3471 LXXXI.
756 3406 1032 3482 Hymnetio
1055 3403 1348 3459 Archiutro.
1379 3399 1614 3470 (Cucuso
1633 3407 1774 3448 anno
1803 3386 1955 3462 404.)

501 3507 802 3574 Numquam
831 3510 882 3556 te
911 3498 1052 3570 apud
1076 3510 1264 3552 omnes
1289 3491 1530 3549 mirificis
1553 3488 1801 3545 laudibus
1837 3485 2029 3540 efferre

434 3600 767 3663 desinemus,
821 3603 931 3648 tum
972 3601 1030 3647 ut
1071 3588 1297 3659 probum
1322 3586 1514 3650 virum,
1549 3590 1661 3636 tum
1687 3586 2028 3648 utpra~stan~

436 3690 698 3748 tissimum
742 3685 1034 3749 medicum,
1083 3690 1193 3735 tum
1224 3687 1282 3733 ut
1310 3692 1433 3733 eum
1463 3675 1554 3747 qui
1601 3674 1808 3729 sincere
1849 3684 2031 3725 amare

435 3782 602 3838 novit.
624 3779 758 3836 Nam
789 3793 914 3834 cum
942 3776 1029 3831 hic
1052 3774 1120 3829 de
1147 3771 1334 3827 morbo
1360 3777 1550 3824 nostro
1569 3779 1847 3821 sermones
1875 3763 2030 3825 exci-

411 3905 416 3910 -
437 3882 638 3940 tantur,
657 3872 712 3926 in
739 3867 1001 3941 ejusmodi
1028 3860 1567 3923 eommemorationes
1593 3866 1647 3911 tu
1668 3869 1880 3926 quoque
1901 3853 2031 3908 sub-

439 3979 532 4020 eas
576 3975 802 4018 necesse
831 3967 954 4025 est,
995 3968 1224 4024 cumque
1267 3951 1368 4022 ipsi
1411 3949 1623 4005 eximiae
1673 3955 1778 4001 tua:
1826 3944 2031 4015 peritiae

439 4071 506 4110 ac
563 4049 950 4108 benevolentiae
1019 4044 1312 4117 periculum
1388 4039 1713 4105 fecerimus,
1767 4034 2031 4090 beneficia

437 4147 536 4201 abs
564 4154 615 4200 te
639 4150 856 4212 accepta
876 4140 1036 4196 silere
1066 4153 1172 4192 non
1203 4147 1520 4206 possumus,
1538 4145 1722 4185 verum
1747 4127 1889 4198 apud
1916 4142 2035 4181 om-

440 4251 538 4292 nes
563 4250 627 4290 ea
653 4232 1026 4304 praedicamus,
1056 4226 1345 4282 maximam
1372 4238 1404 4278 a
1432 4222 1587 4278 nobis
1607 4221 1738 4291 ipsis
1767 4218 1869 4273 hac
1893 4217 1948 4273 in
1973 4232 2033 4272 re

441 4325 667 4396 gratiam
711 4324 978 4378 ineuntes.
1014 4319 1244 4374 Tantum
1273 4315 1418 4372 enim
1446 4315 1522 4370 tui
1570 4327 1810 4368 amorem
1839 4310 2033 4366 animis

439 4415 636 4472 nostris
677 4412 925 4485 injecisti,
974 4419 1033 4466 ut
1073 4407 1280 4466 etiamsi
1326 4406 1466 4462 belle
1505 4405 1801 4471 valeamus,
1841 4417 2034 4474 magno

443 4521 621 4566 tamen
641 4514 882 4580 emptum
907 4505 1157 4568 velimus,
1195 4510 1255 4557 ut
1286 4513 1338 4555 te
1379 4498 1485 4554 huc
1513 4497 1726 4554 trahere
1751 4511 2031 4568 queamus,

441 4611 499 4658 ut
523 4602 607 4659 vel
631 4610 722 4657 tuo
761 4605 1057 4666 conspectu
1082 4593 1185 4650 frui
1211 4593 1392 4649 liceat.
1424 4589 1624 4646 Verum
1652 4589 1902 4659 quoniam
1933 4585 2035 4640 hoc

442 4692 632 4763 partim
648 4691 718 4746 ob
747 4689 955 4744 itineris
971 4684 1361 4750 difficultatem,
1408 4681 1605 4754 partim
1631 4678 1702 4734 ob
1731 4678 2034 4732 Isaurorum

443 4793 642 4841 metum
672 4782 891 4839 difficile
911 4789 1014 4848 est,
1056 4793 1200 4834 nunc
1225 4776 1445 4848 quidem
1477 4774 1579 4829 hoc
1602 4772 1825 4828 minime
1849 4784 2037 4840 aggre-

441 4877 624 4931 dimur
653 4891 667 4932 :
698 4882 754 4928 at
799 4873 928 4928 illud
958 4871 1210 4943 petimus,
1237 4877 1298 4924 ut
1317 4881 1478 4939 quam
1508 4865 1807 4936 saepissime
1852 4862 2035 4916 literas

443 4971 512 5026 ad
539 4984 638 5025 nos
667 4969 871 5024 mittas.
899 4967 1031 5022 Eam
1056 4964 1223 5030 enim,
1248 4976 1406 5032 quam
1425 4957 1706 5030 praesentia
1730 4956 1846 5027 ipsa
1873 4954 2033 5024 parit,

447 5063 774 5131 voluptatem
801 5058 1165 5129 frequentibus
1205 5052 1560 5118 literisnobis
1587 5049 1782 5105 all'erre
1811 5047 2034 5120 poteris,

445 5168 656 5210 morum
687 5161 898 5207 tuorum
921 5149 1078 5206 melle
1112 5162 1208 5205 eas
1230 5147 1463 5202 illinens.

515 5260 751 5321 LXXXI
759 5261 812 5316 Ι.
839 5260 1093 5332 Cytherio.
1150 5257 1400 5329 (Scripta
1425 5253 1619 5310 Cucusi
1644 5267 1787 5307 anno
1810 5248 1964 5320 404.)

517 5377 704 5433 Brevis
754 5371 969 5445 quidem
1019 5371 1174 5425 nobis
1217 5367 1491 5424 vobiscum
1532 5365 1652 5422 istic
1675 5364 1774 5418 fuit
1807 5376 2038 5417 consue-

451 5469 578 5527 tudo
611 5487 624 5523 :
668 5477 724 5523 at
747 5481 921 5533 amor,
947 5463 1039 5534 qui
1063 5462 1189 5516 hinc
1214 5470 1363 5516 ortus
1396 5468 1501 5526 est,
1529 5472 1753 5529 magnus
1793 5465 1848 5511 et
1874 5454 2042 5509 subli-

452 5562 553 5618 mis
567 5573 630 5616 ac
650 5552 1102 5631 praeclarus.Nam
1127 5550 1203 5626 (ὸ)
1217 5551 1283 5606 iis
1303 5550 1392 5622 qui
1409 5550 1618 5605 sincere
1637 5561 1821 5602 amare
1840 5547 2036 5612 sciunt,

456 5674 595 5788 εὶ(ιι)⁹
618 5683 753 5748 nunc
772 5671 934 5784 Locum
953 5676 1102 5720 antea
1119 5665 1342 5719 mutilum
1356 5665 1664 5717 restinximus
1678 5676 1745 5714 ex
1762 5668 1872 5712 Mss.
1892 5662 2041 5724 Regio

518 5794 594 5860 (li)
624 5802 757 5848 nunc
779 5795 937 5849 locum
956 5801 1026 5848 ste
1046 5793 1349 5849 restituinms
1366 5803 1432 5846 ex
1586 5787 1750 5852 Regio,
1771 5798 1920 5850 quem
1936 5789 2044 5837 uni-

2131 464 2198 520 ad
2227 479 2346 520 eam
2377 479 2488 521 rem
2514 465 2769 522 diuturno
2799 476 3040 538 tempore
3064 469 3284 530 minime
3319 488 3454 547 opus
3491 488 3588 547 est,
3607 496 3686 536 ve-

2131 571 2252 612 rum
2298 556 2447 614 brevi
2479 567 2645 612 totum
2673 559 2725 614 id
2769 559 2953 629 perlici
2979 570 3169 630 potest.
3196 563 3348 631 Quod
3377 567 3531 624 etiam
3557 570 3687 629 nobis

2132 662 2232 702 usu
2250 647 2404 750 venit
2426 662 2441 701 :
2462 648 2660 750 quippe
2676 651 2764 718 qui
2791 652 2953 706 vestri
2971 667 3154 709 amore
3167 656 3387 726 perinde
3406 657 3689 730 ﬂagremus,

2131 754 2195 793 ac
2219 740 2264 793 si
2281 740 2600 809 jampridem
2623 752 2857 796 mutuam
2876 744 3016 799 inter
3043 760 3140 800 nos
3164 750 3591 807 consuetudinem
3607 752 3689 809 ha-

2131 829 2451 886 buissemus.
2485 831 2609 888 Ideo
2652 832 2720 888 ad
2753 849 2848 888 vos
2873 836 3032 890 etiam
3059 837 3342 896 scribimus
3369 881 3386 907 ,
3433 857 3689 914 rerumque

2132 934 2436 978 nostrarum
2463 933 2658 979 statum
2701 927 3041 994 exponimus,
3071 943 3264 1000 nempe
3303 946 3402 986 nos
3438 936 3688 990 commoda

2131 1015 2436 1071 valetudine
2498 1030 2662 1084 esse,
2718 1026 2878 1087 atque
2915 1019 2969 1072 in
3020 1019 3200 1089 quiete
3243 1030 3297 1076 et
3340 1023 3448 1077 otio
3499 1024 3689 1093 degere.

2131 1105 2242 1162 Nec
2264 1108 2406 1162 enim
2443 1107 2600 1162 nobis
2637 1107 2857 1164 dubium
2907 1120 3009 1177 est,
3054 1112 3182 1181 quin
3235 1112 3349 1168 hzec
3391 1117 3691 1184 nuntiantes,

2132 1216 2247 1255 rem
2288 1202 2440 1256 vobis
2477 1211 2680 1273 gratam
2708 1203 2894 1257 facturi
2925 1204 3112 1260 simus.
3146 1204 3362 1262 Vestras
3403 1207 3559 1263 etiam
3587 1209 3690 1265 lite-

2132 1307 2220 1347 ras
2244 1292 2479 1347 vicissim
2509 1295 2757 1364 petimus,
2787 1311 2906 1366 qure
2934 1295 3113 1350 laetum
3139 1297 3385 1354 eumdem
3415 1300 3563 1354 nobis
3583 1316 3690 1355 nun-

2133 1387 2263 1442 tium
2294 1387 2542 1442 afferant.
2579 1387 2744 1458 Igitur
2780 1403 2924 1458 saepe
2966 1389 3034 1444 ad
3058 1404 3154 1444 nos
3177 1390 3411 1447 scribere
3440 1407 3506 1449 ne
3529 1409 3690 1464 grave-

2131 1481 2284 1545 mini,
2314 1480 2484 1552 deque
2513 1481 2829 1537 valetudinis
2868 1491 3060 1537 vestrre
3091 1493 3234 1539 statu
3284 1485 3404 1539 laeta
3450 1488 3688 1542 nuntiare.

2131 1571 2222 1628 Sic
2247 1574 2389 1628 enim
2419 1573 2590 1640 nobis,
2617 1573 2774 1629 etiam
2806 1575 2858 1629 in
2887 1583 3110 1630 externa
3134 1576 3350 1647 regione
3370 1577 3684 1648 degentibus,

2130 1667 2492 1737 gratissimum
2523 1667 2708 1723 facturi
2735 1667 2882 1734 estis,
2908 1684 2970 1722 ea
2989 1669 3301 1736 scribentes,
3325 1685 3445 1741 qua:
3466 1669 3692 1743 frequen-

2133 1765 2216 1813 ter
2239 1757 2425 1813 audire
2449 1757 2711 1830 cupimus.

2309 1889 2514 1945 LXXX
2522 1889 2616 1944 Ill
2624 1932 2637 1946 .
2681 1890 2914 1947 Leontio.
2945 1891 3176 1964 (Cucuso
3200 1907 3345 1950 anno
3368 1892 3515 1966 ιοι.)

2203 2028 2429 2084 Civitate
2454 2028 2672 2099 quidem
2698 2037 2878 2086 vestra
2900 2029 3037 2100 pulsi
3063 2044 3269 2097 sumus,
3294 2044 3322 2084 a
3346 2030 3564 2086 caritate
3583 2045 3689 2084 vero

2134 2128 2223 2175 tua
2246 2137 2350 2176 non
2379 2121 2506 2175 item
2535 2120 2692 2191 pulsi.
2725 2120 2856 2176 Illud
2884 2121 3051 2185 enim,
3085 2121 3186 2176 hoc
3209 2131 3294 2177 est
3315 2131 3374 2176 ut
3400 2123 3515 2176 istic
3535 2136 3688 2176 mane-

2133 2227 2336 2276 remus,
2363 2221 2456 2267 aut
2501 2211 2823 2282 ejiceremur
2845 2253 2860 2279 ,
2895 2213 2946 2267 in
2975 2213 3204 2267 aliorum
3253 2223 3517 2282 petestate
3555 2214 3689 2268 situm

2131 2315 2250 2361 erat
2276 2321 2291 2358 :
2321 2304 2423 2360 hoc
2447 2315 2626 2360 autem
2649 2307 2703 2360 in
2735 2314 2939 2360 nostra.
2970 2305 3232 2373 Quocirca
3278 2319 3439 2359 nemo
3464 2305 3515 2360 id
3557 2305 3688 2359 nobis

2132 2413 2384 2468 umquam
2410 2399 2621 2468 eripere
2652 2400 2876 2468 poterit;
2910 2413 3098 2453 verum
3141 2413 3477 2469 quocumque
3502 2397 3688 2466 profici-

2131 2502 2371 2553 scamur,
2416 2488 2655 2543 caritatis
2707 2497 2812 2543 tute
2866 2488 2970 2542 mel
3022 2503 3236 2556 semper
3269 2486 3688 2550 circnmferimus,

2133 2597 2487 2654 magnamque
2506 2598 2571 2637 ex
2601 2583 2675 2637 tui
2703 2581 3074 2638 recordatione
3101 2583 3431 2650 voluptatem
3452 2579 3686 2649 capimus,

2135 2684 2283 2730 tuum
2304 2689 2431 2745 erga
2449 2689 2549 2730 nos
2573 2687 2836 2740 amorem,
2879 2673 3137 2738 studium,
3166 2672 3525 2741 prudentiam,
3568 2684 3688 2725 com~

2133 2769 2339 2837 itatem,
2368 2768 2808 2839 hospitalitatem,
2852 2767 2953 2820 alia
2998 2765 3229 2837 denique
3253 2767 3434 2820 omnia
3477 2764 3526 2819 in
3551 2777 3689 2819 unum

2132 2867 2408 2931 cogentes,
2441 2869 2650 2928 tuaeque
2675 2858 2887 2912 virtutis
2909 2858 3190 2928 imaginem
3215 2855 3546 2928 eﬂingentes.
3572 2854 3690 2922 Quo-

2131 2951 2276 3006 niam
2306 2951 2467 3021 igitur
2494 2965 2594 3004 nos
2622 2949 2695 3004 ita
2717 2948 3054 3015 demeruisti,
3086 2963 3151 3003 ac
3180 2948 3275 3003 tibi
3307 2947 3611 3012 ceuciliasti,
3642 2955 3689 2998 ut

2132 3042 2294 3097 etiam
2324 3041 2666 3111 praesentiam
2694 3050 2837 3095 tuam
2882 3039 3145 3110 imprimis
3169 3047 3514 3109 appetamus,
3538 3038 3583 3092 id
3608 3052 3689 3091 au-

2136 3143 2243 3188 tem
2276 3148 2417 3188 nunc
2435 3133 2656 3187 minime
2681 3131 2841 3198 licet,
2872 3131 3296 3186 consolationem
3326 3146 3442 3186 eam
3465 3173 3480 3198 ,
3505 3145 3612 3200 quae
3635 3143 3688 3182 ex

2135 3229 2306 3285 literis
2349 3231 2670 3300 percipitur,
2718 3229 2875 3284 velim
2915 3229 3068 3284 nobis
3104 3227 3372 3298 prtebeas.
3426 3226 3551 3281 Nam
3585 3237 3688 3280 cum

2135 3330 2279 3376 tanta
2303 3322 2586 3393 prudentia
2622 3321 2717 3385 sis,
2751 3337 2849 3391 per
2890 3319 3197 3390 frequentes
3223 3319 3410 3374 literas
3435 3320 3482 3374 id
3506 3316 3688 3385 assequi

2137 3415 2339 3485 poteris
2371 3424 2429 3468 ut
2472 3415 2799 3483 voluptatem
2829 3428 2972 3477 eam,
3003 3427 3160 3483 quam
3190 3411 3477 3482 prmsentia
3507 3419 3586 3464 tua
3615 3421 3688 3462 se-

2134 3521 2257 3562 cum
2284 3507 2532 3573 accersit,
2560 3506 2716 3561 nobis
2742 3506 2984 3575 effingas.

2313 3637 2628 3695 LXXXIV.
2671 3638 2938 3694 Faustino.
2970 3637 3202 3709 (Cucuso
3229 3655 3378 3695 anno
3397 3636 3540 3710 404.)

2209 3777 2477 3836 Cucusum
2505 3779 2523 3811 ⁸
2552 3778 2849 3834 incolumes
2890 3776 3132 3831 venimus
3158 3775 3324 3848 (hinc
3369 3775 3508 3830 enim
3535 3771 3685 3828 ordia

2137 3887 2278 3938 mur,
2311 3872 2455 3928 unde
2497 3885 2597 3926 nos
2639 3870 2847 3925 initium
2877 3868 3148 3926 scribendi
3196 3867 3376 3923 facere
3403 3865 3610 3938 cupis),
3639 3876 3689 3917 ac

2137 3969 2314 4024 locum
2344 3967 2657 4022 tumultibus
2686 3981 2907 4021 vacuum
2937 3965 3255 4034 reperimus,
3284 3963 3582 4034 quietisque
3626 3965 3690 4010 at-

2136 4075 2242 4131 que
2265 4060 2361 4116 otii
2390 4059 2781 4130 plenissimum,
2827 4073 2926 4114 nec
2952 4070 3274 4129 quemquam
3323 4056 3593 4111 habentem
3617 4047 3689 4118 qui

2139 4153 2296 4208 nobis
2340 4153 2639 4208 molestiam
2671 4152 2956 4218 exhibeat,
3007 4160 3166 4220 atque
3216 4148 3443 4204 infestus
3470 4147 3552 4202 sit.
3577 4139 3689 4210 Quid

2139 4253 2319 4298 autem
2367 4243 2588 4310 mirum,
2619 4242 2664 4297 si
2696 4242 2799 4297 hoc
2847 4242 3002 4296 nobis
3032 4242 3082 4296 in
3107 4242 3241 4295 urbe
3263 4241 3550 4308 conlingat,
3592 4243 3690 4287 eum

2139 4336 2301 4393 etiam
2344 4334 2773 4392 desertissimum
2801 4349 2865 4389 ac
2905 4333 3260 4404 periculosum
3314 4341 3372 4387 et
3419 4332 3690 4397 suspectum

2140 4429 2264 4494 iter,
2281 4427 2424 4499 quod
2451 4427 2597 4481 illinc
2614 4427 2716 4480 huc
2738 4425 2901 4491 ducit,
2925 4426 3041 4479 sine
3065 4431 3212 4477 metu
3251 4437 3318 4476 ac
3366 4418 3572 4492 negotio
3613 4426 3692 4467 cx-

2138 4521 2428 4591 egerimus,
2460 4520 2762 4590 tutioraque
2814 4517 2996 4572 omnia
3047 4515 3392 4570 habuerimus
3417 4555 3433 4577 ,
3464 4523 3607 4581 quant
3650 4504 3691 4558 in

2139 4613 2360 4669 urbibus
2385 4627 2505 4682 quas
2528 4611 2682 4666 bouis
2713 4609 2921 4680 legibus
2961 4605 3371 4678 gubernantur?
3399 4604 3527 4659 Laeti
3564 4597 3692 4668 igitur

2141 4703 2302 4776 hujus
2325 4701 2498 4758 nuntii
2540 4699 2845 4757 mercedem
2873 4697 3028 4753 nobis
3055 4698 3192 4750 hanc
3228 4695 3404 4769 pende
3423 4737 3437 4762 ,
3464 4701 3521 4748 ut
3539 4691 3602 4745 de
3624 4697 3694 4741 tua

2140 4797 2445 4853 valetudine
2492 4807 2652 4866 quam
2688 4791 3016 4848 creberrime
3041 4790 3108 4844 ad
3148 4803 3250 4844 nos
3278 4790 3499 4845 scribas.
3549 4780 3694 4852 Siqui~

2141 4889 2263 4944 dem
2287 4889 2340 4943 in
2365 4901 2552 4957 magna
2579 4885 2762 4954 quiete
2788 4882 2876 4938 hie
2923 4883 3200 4953 degentes,
3228 4880 3390 4935 animi
3431 4879 3499 4934 tui
3528 4872 3696 4932 nobili-
3731 4915 3739 4928 .

2141 4988 2328 5046 tatem,
2383 4968 2784 5049 ingenuitatem,
2840 4973 3203 5044 improborum
3248 4972 3450 5036 odium,
3477 4959 3696 5039 loquendi

2143 5073 2466 5136 libertatem,
2490 5069 2798 5124 universum
2827 5067 3058 5137 denique
3084 5065 3340 5119 virtutum
3369 5073 3566 5117 tuarum
3591 5069 3694 5127 pra-

2143 5175 2256 5220 tum
2288 5166 2405 5221 sine
2433 5163 2538 5218 ulla
2568 5159 2966 5216 intermissione
2998 5156 3322 5228 cogitatione
3350 5152 3501 5208 nobis
3518 5144 3695 5214 effingi-

2143 5272 2282 5324 mus,
2311 5257 2494 5326 tuique
2531 5255 2794 5309 memoria
2840 5250 3188 5314 delectamur,
3239 5255 3614 5317 quemcumque
3652 5236 3693 5289 in

2144 5427 2255 5488 cum
2277 5408 2590 5488 habemus-ad
2613 5409 2739 5459 hanc
2753 5405 3038 5471 epistolam:
3057 5403 3221 5454 Billius
3240 5403 3441 5466 idipsum
3463 5396 3580 5460 legit
3589 5389 3692 5458 quod

2144 5477 2199 5527 in
2216 5474 2362 5537 Hegio
2380 5474 2606 5522 habetur.

2218 5521 2245 5574 ἶ
2255 5521 2688 5602 ῗὲἐίῖ,νιι,ιίωηιιε
2701 5549 2918 5602 semper.
2934 5537 3212 5602 .009va
3227 5531 3306 5602 γει
3321 5521 3696 5602 σοιςνεενῑέξῐεξξ

2153 5586 2747 5663 κωσόῦῖξνὶιι-Ῐῐὶιιειίέιτίο
2767 5586 3007 5674 Antonini
3033 5608 3062 5674 ς
3063 5598 3143 5654 jus
3180 5586 3472 5674 estJmc'litiO
3494 5586 3697 5674 ἷξεαὲξξῗ

2193 5670 2201 5674 .
2479 5663 2510 5674 Α
2643 5673 2646 5674 ,
2716 5659 2896 5674 1,,n.,,,
2965 5656 3020 5674 13
3068 5671 3084 5674 -
3125 5669 3228 5674 ---Α
3291 5654 3358 5674 ..ἓ
3404 5657 3566 5674 -nn\n

2965 5643 3232 5727 Viideﬂquua
3253 5655 3315 5702 de
3346 5653 3426 5699 illa
3451 5647 3566 5715 urbe
3587 5643 3696 5688 dicat

2155 5724 2384 5787 Nicolaus
2403 5723 2631 5787 Bergier,
2657 5724 2750 5772 Des
2769 5719 3200 5787 gronds_C_hentms
3219 5717 3280 5766 de
3300 5700 3693 5787 [Ἔρωτι-σν

2157 5765 2631 5838 ἰὲὶἷιῖἷξὶόάῖἕῖιὶῦξ
2651 5765 2814 5846 an:
2826 5765 3066 5843 matis;
3076 5765 3308 5833 etiam.
3329 5765 3642 5839 (Κοῑακουᾱόςὶο
