3906 6368
219 402 318 460 653

221 515 386 570 locum
415 507 786 574 abscedamus,
816 514 868 562 te
916 502 1350 562 circumierentes
1386 512 1545 573 atque
1566 500 1800 556 incredi-

221 604 309 660 bili
337 601 562 673 qnodam
603 599 678 654 tui
709 613 895 654 amore
923 596 1231 667 ﬂagrantes.
1263 595 1446 664 anue
1467 593 1534 649 de
1555 608 1716 649 causa
1748 601 1804 648 te

219 712 424 770 quoque
453 695 556 750 huc
601 693 807 757 venire,
837 706 901 746 ac
945 705 1168 746 cernere
1221 688 1486 758 cupimus.
1537 686 1801 755 Quoniam

221 796 389 844 autem
417 785 470 840 id
498 783 714 839 difﬁcile
743 792 847 850 est,
890 782 958 837 ad
983 781 1276 836 secundum
1316 777 1666 849 navigationis
1690 792 1808 832 cur-

219 892 330 934 sum
358 877 619 943 venimus,
647 890 890 941 eamque,
933 888 1090 944 quam
1118 873 1287 926 literae
1335 871 1577 940 pariunt,
1607 883 1801 924 conso-

219 970 460 1024 lationem
491 968 584 1022 abs
615 977 666 1022 te
711 965 1061 1036 postulamus.
1089 963 1376 1018 Maximum
1418 962 1615 1032 quippe
1663 960 1808 1015 sola-

221 1063 344 1117 tium
389 1060 544 1115 nobis
568 1060 692 1125 erit,
744 1057 1054 1128 frequentes
1079 1055 1334 1124 epistolas
1377 1053 1641 1124 accipere,
1684 1067 1804 1122 quae

220 1167 313 1206 nos
333 1150 399 1206 de
429 1158 516 1204 tua
544 1147 850 1203 valetudine
875 1146 1134 1202 certiores
1156 1143 1374 1200 faciant.

327 1284 606 1340 LXXXV.
635 1282 793 1337 Lucio
819 1285 1074 1353 episcopo.
1109 1278 1338 1352 (Scripta
1375 1291 1516 1332 anno
1541 1273 1694 1347 404.)

291 1418 404 1473 Etsi
447 1431 641 1488 magno
667 1415 873 1470 itineris
904 1413 1180 1469 intervallo
1204 1427 1234 1466 a
1267 1422 1318 1467 te
1347 1409 1575 1480 sejuncti
1596 1421 1807 1475 sumus,

223 1521 390 1564 tamen
421 1509 551 1564 illud
601 1508 967 1576 improborum
1018 1505 1220 1571 odium,
1275 1518 1380 1572 quo
1424 1503 1634 1555 animus
1682 1509 1804 1554 tuus

223 1603 464 1672 praeditus
501 1610 605 1664 est,
639 1601 860 1654 minime
902 1597 1054 1653 nobis
1081 1598 1368 1652 obscurum
1394 1593 1804 1662 fuit,.dolorque

223 1696 324 1762 ille,
352 1710 508 1765 quem
544 1704 760 1763 propter
779 1707 874 1748 eos
895 1694 985 1762 qui
1013 1699 1154 1745 tanta
1186 1689 1381 1760 ﬂagitia
1404 1693 1802 1758 perpetrarunt,

225 1795 396 1855 totque
425 1784 696 1839 scandalis
725 1784 912 1839 orbem
947 1783 1324 1852 impleverunt,
1355 1780 1534 1834 animo
1553 1777 1804 1848 concepi-

221 1880 303 1932 sti.
329 1879 617 1947 Propterea
653 1877 744 1930 tibi
771 1877 968 1947 gratias
991 1875 1216 1946 agimus,
1257 1872 1602 1942 miriﬁcisque
1631 1871 1800 1926 laudi-

225 1969 316 2026 bus
341 1969 455 2026 sine
493 1970 608 2025 ulla
656 1969 1052 2024 intermissione
1095 1978 1149 2023 te
1173 1967 1528 2032 celebramus,
1580 1964 1802 2036 quodin

224 2073 355 2117 tanta
385 2063 648 2117 malorum
674 2061 922 2126 colluvie,
954 2068 1139 2130 totque
1169 2057 1477 2114 hominibus
1516 2057 1568 2110 in
1613 2055 1808 2126 pracci-

222 2154 340 2224 pitia
368 2164 421 2209 et
465 2153 718 2223 scopulos
762 2152 1056 2212 ruentibus,
1109 2159 1164 2205 tu
1222 2157 1426 2205 rectum
1480 2148 1586 2203 iter.
1624 2158 1806 2202 tenere

224 2246 428 2301 minime
479 2245 754 2311 destitisti,
803 2260 864 2298 ea
909 2260 1026 2314 quae
1056 2243 1193 2298 facta
1219 2251 1344 2298 sunt
1383 2240 1807 2310 reprehendens,

221 2353 430 2408 eosque,
458 2353 486 2390 a
519 2337 716 2408 quibus
759 2335 898 2391 facta
944 2345 1088 2399 sunt,
1135 2348 1414 2400 aversaris,
1458 2341 1518 2387 ut
1563 2332 1720 2386 etiam
1755 2340 1807 2386 te

223 2425 386 2482 facere
415 2443 508 2498 par
537 2437 639 2482 est.
689 2427 870 2496 anue
910 2425 978 2480 de
1024 2440 1183 2480 causa
1231 2434 1282 2480 te
1313 2423 1610 2486 hortamur,
1648 2432 1704 2476 ut
1751 2421 1804 2476 in

222 2519 418 2588 egregia
459 2518 564 2572 hac
611 2517 775 2571 animi
817 2513 1093 2570 alacritate
1146 2527 1390 2585 perstes,
1438 2514 1805 2584 maioremque

223 2610 367 2662 etiam
404 2609 578 2663 zelum
609 2623 716 2678 prae
756 2618 809 2662 te
833 2609 990 2663 feras.
1026 2607 1143 2662 Scis
1179 2609 1322 2662 enim
1342 2622 1462 2678 quae
1486 2606 1637 2662 vobis
1661 2622 1805 2660 mer-

223 2713 306 2753 ces
346 2699 516 2753 futura
573 2699 662 2764 sit,
714 2713 833 2768 qn:e
889 2697 1128 2766 praemia,
1183 2711 1302 2765 qua:
1351 2711 1589 2763 coronae,
1642 2696 1687 2750 si
1729 2705 1808 2750 tot

223 2790 330 2845 aliis
351 2791 806 2860 perturbantibus,
835 2791 1161 2846 contrarium
1181 2797 1359 2843 tamen
1377 2789 1478 2844 iter
1500 2788 1802 2853 tenueritis,

225 2881 490 2937 maximam
521 2882 880 2953 praesentibus
907 2880 1392 2936 malismedicinam
1428 2879 1552 2934 hinc
1572 2878 1800 2934 aﬂ'eren-

225 2981 313 3025 tes.
342 2972 470 3027 Nam
498 2973 668 3043 quod,
702 2973 913 3027 etiamsi
952 2973 1150 3042 alioqui
1180 2973 1372 3042 exiguo
1413 2985 1636 3026 numero
1664 2971 1802 3036 sitis,

225 3071 385 3118 tamen
415 3065 456 3119 si
510 3073 738 3120 strenuo
763 3080 826 3120 ac
876 3066 996 3119 forti
1025 3066 1207 3119 animo
1249 3065 1302 3119 in
1343 3073 1623 3134 procmctn
1663 3074 1806 3118 stare

225 3154 502 3224 volueritis,
540 3158 774 3228 majores
804 3158 986 3228 copias
1027 3158 1096 3213 ob
1144 3157 1540 3228 improbitatem
1569 3157 1809 3227 glorian-

224 3251 618 3322 tessuperaturi
667 3250 808 3316 sitis,
859 3265 1018 3306 nemo
1062 3249 1268 3306 inﬁcias
1298 3251 1439 3306 ierit.
1481 3250 1624 3305 Nihil
1659 3250 1812 3306 enim

225 3344 397 3400 fortius
418 3357 497 3401 est
525 3346 729 3400 virtute
754 3357 1047 3408 earumque
1073 3358 1249 3398 rerum
1281 3343 1662 3413 perquisitione
1688 3344 1807 3413 qui-

225 3433 316 3490 bus
366 3437 680 3508 praesidium
735 3437 989 3493 Ecclesiis
1039 3446 1400 3508 comparatur.
1460 3435 1595 3491 Cum
1646 3437 1807 3506 igitur

224 3527 440 3582 animum
493 3530 566 3584 ad
622 3524 890 3600 ingentem
933 3530 1023 3584 Dei
1077 3545 1234 3600 Opem
1283 3530 1661 3586 accersendam
1691 3529 1806 3585 itlo-

225 3631 368 3672 neum
396 3619 657 3686 habeatis,
712 3635 831 3689 qua:
857 3631 1151 3674 vestrarum
1194 3621 1423 3690 partium
1454 3631 1598 3685 sunt,
1646 3622 1809 3675 velim

225 3710 486 3778 expleatis,
513 3727 722 3782 vosque
753 3727 848 3781 per
871 3711 1172 3782 hujusmudi
1211 3721 1536 3768 mentemac
1563 3713 1806 3769 volunta-

227 3809 320 3856 tem
347 3803 637 3861 ﬁrmissimi
679 3802 956 3874 cujusdam
997 3805 1136 3861 muri
1175 3806 1342 3861 instar
1380 3807 1630 3872 omnibus
1658 3808 1824 3864 orbis-

228 3893 461 3954 Ecclesiis
491 3898 778 3969 praibeatis
792 3936 807 3952 .

295 4029 492 4088 LXXX
506 4031 608 4088 Vl.
641 4032 780 4087 Mari
808 4035 1067 4104 episcopo.
1123 4033 1353 4105 (Scripta
1381 4048 1524 4090 anno
1548 4035 1712 4109 404.)

289 4163 506 4221 Etcum
549 4177 843 4238 tempeStas
873 4183 956 4234 ea,
1004 4183 1107 4239 qna
1154 4167 1394 4224 Ecclesia
1446 4169 1658 4225 turbata
1699 4179 1803 4235 est,

226 4260 527 4327 exoriretur,
579 4262 744 4316 animi
801 4262 876 4316 tui
929 4262 1287 4332 integritatem
1333 4271 1493 4334 atque
1548 4272 1805 4319 constan-

228 4347 341 4404 tiam
383 4353 756 4422 perspeximus
807 4363 908 4409 :et
955 4367 1098 4409 nunc
1137 4355 1265 4410 item
1313 4354 1807 4425 ingravescentibus

227 4441 366 4496 tnalis
389 4444 643 4512 pietatem
673 4453 818 4500 tuam
858 4446 914 4501 in
963 4445 1154 4502 iisdem
1191 4463 1376 4503 rursus
1403 4447 1657 4504 institutis
1687 4465 1808 4519 per-

229 4544 460 4591 severare
508 4538 880 4606 cognovimus.
943 4537 1128 4608 quue
1179 4539 1432 4604 nomine,
1491 4548 1597 4594 tam
1648 4540 1806 4612 longe

229 4621 341 4679 licet
374 4643 409 4683 a
445 4639 496 4684 te
525 4630 723 4697 dissiti,
788 4631 1028 4686 debitum
1088 4631 1180 4687 tibi
1234 4633 1572 4688 salutationis
1611 4648 1807 4689 munus

229 4719 594 4789 persolvimus,
653 4732 811 4792 teque
865 4723 1106 4778 miriﬁcis
1159 4723 1404 4780 laudibus
1453 4725 1808 4792 extollimus,

229 4809 358 4874 Quod
383 4827 504 4867 cum
534 4813 751 4882 plurimi
798 4830 893 4885 per
919 4829 980 4869 ea
1010 4816 1238 4882 scelera,
1266 4831 1387 4886 quac
1415 4817 1673 4872 adversus
1700 4816 1806 4870 Ec-

229 4901 409 4959 clesias
447 4907 816 4977 designarunt,
837 4923 958 4963 sese
984 4909 1036 4962 in
1068 4911 1287 4965 exitium
1317 4911 1617 4980 praecipites
1644 4909 1808 4965 dede-

229 4994 346 5060 rint,
377 4997 488 5065 ipse
514 5009 691 5054 tamen
718 5000 860 5053 viam
901 5000 1128 5054 aliorum
1181 5002 1286 5056 viae
1306 5000 1596 5056 adversam
1615 5010 1806 5056 tenue-

227 5083 316 5149 ris,
342 5087 593 5144 nimirum
619 5099 672 5145 ct
697 5106 908 5160 eorum,
941 5093 1030 5161 qui
1081 5094 1196 5147 haec
1221 5094 1336 5148 ausi
1371 5103 1526 5159 sunt,
1559 5108 1813 5164 congres-

229 5187 335 5230 sum
360 5178 656 5251 defugiens,
684 5194 740 5238 et
761 5200 904 5251 eam,
933 5201 1052 5254 qua:
1075 5193 1126 5241 te
1151 5187 1308 5256 digna
1337 5196 1474 5251 erat,
1505 5187 1808 5241 libertatem

228 5266 475 5326 retinens.
520 5274 770 5345 Cogitans
810 5278 1008 5347 itaque,
1040 5287 1234 5347 quanta
1290 5278 1534 5348 praeclari
1587 5278 1810 5348 hujusce

229 5359 294 5410 tui
324 5359 445 5417 facti
471 5368 778 5436 magnitudo
806 5369 895 5434 sit,
931 5379 1250 5440 quantaeque
1298 5369 1493 5438 laudis,
1545 5370 1807 5439 improbis

227 5449 438 5508 minime
465 5455 879 5528 obsecundasse,
902 5471 1064 5532 atque
1084 5461 1214 5516 illud
1240 5469 1521 5531 praeterea,
1549 5471 1806 5517 constan-

230 5550 330 5598 tem
382 5549 520 5606 hanc
548 5564 779 5611 vestram
811 5557 1127 5628 ﬁrmamque
1177 5560 1498 5614 sententiam
1524 5560 1805 5631 depellen-

228 5633 406 5696 dorum
423 5643 682 5704 malorum
700 5649 838 5704 viam
864 5665 926 5706 ac
949 5650 1267 5722 praeludium
1289 5652 1404 5707 fore
1424 5693 1439 5717 ,
1471 5651 1805 5722 fac,_qnaeso,

231 5737 282 5782 ιιι
307 5737 748 5803 quemadmodum
788 5761 818 5798 a
864 5755 914 5800 te
945 5745 1261 5816 postulatur,
1296 5755 1517 5802 strenuo
1545 5747 1805 5804 animoin

236 5825 500 5886 Procinctu
528 5841 659 5902 stes,
703 5845 862 5908 atque
892 5836 1025 5894 alios
1051 5854 1148 5910 pro
1179 5838 1314 5895 virili
1365 5847 1453 5894 tua
1484 5837 1802 5896 cohortcris.

1722 386 2100 444 EPIS’I‘OLE.
2113 435 2116 438 .

3391 369 3491 425 65‘

1910 502 1999 558 Sic
2023 501 2166 557 enim
2195 499 2264 557 ad
2289 499 2546 556 auxilium
2577 507 2816 555 nostrum
2846 497 2963 555 hanc
3010 497 3220 554 occasio
3269 495 3490 552 sulfece—

1910 595 2000 660 rit,
2029 593 2138 649 Deo
2164 609 2359 664 nempe
2401 602 2636 648 mentem
2677 600 2932 658 vestram,
2979 608 3098 661 quae
3127 591 3182 645 in
3223 597 3368 645 tanta
3409 604 3498 644 re-

1909 701 2030 740 rum
2062 685 2462 756 perturbatione
2484 694 2627 740 recta
2648 684 2818 756 eligit,
2859 683 3267 754 comprobante,
3313 697 3499 738 suam-

1910 792 2015 848 que
2039 792 2196 846 openi
2219 775 2497 833 aﬁerente.

1980 889 2188 945 LXXX
2202 888 2270 944 Vl
2279 889 2332 944 1.
2359 889 2576 962 Eulogio
2595 891 2846 960 episcopo.
2874 887 3108 960 (Scripta
3123 901 3267 942 anno
3285 884 3436 956 404.)

1981 1003 2234 1071 Quamvis
2261 1003 2326 1058 ad
2351 1007 2620 1059 extremos
2662 1017 2831 1074 usque
2865 1002 3013 1058 orbis
3038 1016 3285 1058 recessus
3330 1015 3500 1056 vene-

1910 1095 2098 1163 rimus,
2129 1106 2306 1151 tamen
2336 1103 2439 1150 tuae
2489 1094 2729 1150 caritatis
2767 1093 3016 1150 oblivisci
3059 1094 3280 1150 minime
3308 1107 3504 1164 possu-

1913 1205 2051 1255 mns,
2075 1204 2265 1245 verum
2298 1205 2415 1246 eam
2440 1190 2637 1260 passim
2667 1187 3095 1245 circumferimus
3123 1205 3138 1245 :
3166 1204 3334 1260 usque
3364 1189 3501 1244 adeo

1911 1297 2009 1336 nos
2038 1322 2055 1348 ,
2125 1281 2577 1338 reverendissime
2643 1296 2707 1338 ac
2762 1282 3163 1353 religiosissime
3237 1281 3496 1346 domine,

1911 1374 2006 1430 tibi
2031 1373 2316 1430 devinxisti
2359 1390 2422 1429 ac
2467 1375 2745 1445 subegisti.
2775 1373 3050 1445 Siquidem
3103 1389 3248 1429 nunc
3283 1388 3496 1444 quoque

1908 1466 2107 1522 Cucusi
2131 1477 2429 1534 manentes,
2460 1465 2564 1522 hoc
2592 1475 2675 1522 est
2704 1467 2757 1521 in
2805 1466 3170 1522 desertissimo
3197 1464 3366 1520 nostri
3411 1480 3502 1518 or-

1908 1556 1992 1612 bis
2034 1556 2192 1624 loco,
2234 1556 2612 1626 benignitatem
2670 1565 2837 1621 tuam,
2899 1556 3239 1622 suavitatem,
3293 1569 3503 1610 morum

1909 1647 2238 1714 facilitatem,
2267 1646 2535 1702 sinceram
2583 1647 2747 1701 animi
2781 1647 3216 1717 propensionem,
3271 1643 3506 1700 acrimo-

1911 1739 2074 1805 niam,
2102 1739 2275 1794 zelum
2306 1740 2493 1810 quovis
2524 1740 2643 1810 igne
2674 1739 3076 1806 ferventiorem,
3106 1747 3331 1794 caeteras
3354 1736 3506 1792 deni-

1912 1846 2018 1901 que
2042 1846 2232 1886 omnes
2259 1841 2377 1886 tuas
2397 1832 2624 1886 virtutes
2643 1847 2764 1886 cum
2790 1830 2984 1886 animis
3013 1828 3211 1885 nostris
3232 1836 3505 1898 reputare,

1909 1932 2069 1993 atque
2103 1921 2366 1993 ejusmodi
2391 1923 2772 1994 cogitationum
2800 1921 3112 1977 memoriam
3141 1922 3350 1975 summa
3379 1933 3502 1974 cum

1908 2014 2181 2084 voluptate
2206 2029 2487 2085 usurpare,
2528 2015 2828 2084 mentisque
2859 2022 2964 2067 tuae
2995 2011 3303 2067 ﬁrmitatem
3331 2019 3494 2080 atque

1910 2107 2284 2174 constantiam,
2315 2123 2476 2179 quam
2501 2107 2791 2164 exhibuisti
2832 2105 3088 2162 adversus
3111 2119 3210 2161 eos
3236 2104 3327 2174 qui
3355 2103 3501 2159 veri-

1912 2199 2002 2253 tati
2025 2199 2220 2255 bellum
2248 2199 2559 2264 intulerunt,
2587 2197 2882 2267 orbemque
2910 2205 2988 2252 tot
3010 2195 3279 2252 scandalis
3309 2195 3504 2266 imple-

1909 2297 2117 2355 verunt,
2152 2288 2292 2359 apud
2337 2303 2528 2344 omnes
2574 2289 2866 2358 praedicare
2908 2287 3128 2343 minime
3175 2285 3505 2349 desinimus;

1910 2382 2124 2438 etiamsi
2174 2381 2374 2452 alioqui
2424 2380 2529 2436 hoc
2555 2381 2746 2451 linguae
2777 2388 2975 2435 nostrae
3003 2377 3237 2433 ofﬁcium
3288 2376 3509 2432 minime

1911 2475 2174 2545 requiras,
2216 2489 2337 2530 cum
2369 2483 2423 2529 tu
2468 2474 2656 2545 quavis
2702 2473 2829 2528 tuba
2877 2472 3096 2538 clarius,
3142 2470 3283 2542 apud
3321 2485 3509 2525 omnes

1910 2567 2243 2633 Orientales,
2275 2577 2328 2623 et
2351 2582 2511 2638 quam
2540 2567 2853 2638 longissime
2873 2565 3090 2621 dissitos
3115 2563 3382 2632 homines,
3413 2578 3508 2632 per

1910 2674 1998 2713 res
2027 2659 2170 2728 ipsas
2197 2658 2250 2713 id
2275 2658 2650 2728 promulgaris.
2681 2657 2799 2724 Quo
2825 2656 3038 2727 quidem
3065 2655 3280 2710 nomine
3304 2654 3505 2724 gratias

1912 2751 2006 2806 tibi
2026 2751 2256 2820 agimus,
2284 2759 2444 2820 teque
2464 2751 2677 2806 beatum
2701 2749 3056 2819 praedicamus
3081 2763 3144 2803 ac
3161 2747 3503 2817 suspicimus,

1909 2852 2070 2912 atque
2090 2843 2386 2909 hortamur,
2417 2849 2476 2897 ut.
2504 2841 2751 2897 eumdem
2777 2841 2949 2896 zelum
2979 2855 3086 2910 prae
3129 2847 3182 2894 te
3209 2839 3354 2894 ferre
3383 2853 3508 2908 per-

1911 2949 2026 3002 gas.
2055 2933 2240 3004 Neque
2286 2933 2430 2988 enim
2477 2933 2618 3003 paris
2669 2931 2840 2986 laudis
2866 2940 2970 2995 est,
3021 2931 3183 2986 rebus
3235 2944 3304 2984 ex
3344 2927 3508 2983 animi

1909 3026 2172 3080 sententia
2198 3024 2505 3090 fluentibus,
2563 3023 2886 3093 integritatis
2931 3022 3201 3092 specimen
3227 3019 3504 3086 exhibere,

1909 3126 1962 3172 et
1991 3131 2112 3170 cum
2141 3115 2292 3170 multi
2334 3116 2443 3171 sint
2467 3115 2556 3187 qui
2607 3113 2874 3170 Ecclesias
2930 3123 3172 3169 evertere
3214 3120 3506 3178 conentur,

1911 3223 2019 3265 non
2049 3217 2229 3264 tamen
2257 3207 2431 3278 decipi
2462 3223 2525 3263 ac
2551 3207 2939 3272 circumscribi,
2985 3206 3080 3262 sed
3129 3205 3344 3262 ﬁrmum
3395 3220 3509 3260 ma-

1911 3315 2059 3365 nere,
2092 3315 2188 3356 eos
2212 3314 2316 3370 qua
2345 3298 2500 3354 decet
2540 3299 2703 3353 animi
2734 3297 3099 3370 magnitudine
3142 3305 3506 3354 aversantem.

1912 3392 2098 3463 Neque
2123 3392 2269 3448 enim
2292 3406 2478 3462 parva,
2513 3406 2698 3446 verum
2728 3405 2986 3460 perquam
3029 3389 3218 3460 ingens
3244 3389 3507 3444 malorum

1909 3483 2179 3538 medicina
2210 3483 2328 3538 haec
2355 3491 2456 3538 est.
2503 3481 2658 3548 Quod
2684 3491 2883 3547 autem,
2909 3483 3107 3552 pietate
3135 3490 3222 3536 tua
3267 3481 3334 3537 ad
3367 3481 3509 3538 hunc

1911 3574 2126 3630 modum
2149 3588 2208 3628 se
2229 3584 2470 3644 gerente,
2495 3589 2684 3628 omnes
2706 3573 2912 3628 domini
2929 3575 3032 3628 mei
3065 3573 3502 3630 reverendissimi

1907 3675 1963 3721 et
1989 3665 2376 3736 religiosissimi
2407 3665 2707 3720 Palaestinae
2745 3665 2980 3735 episcopi
3010 3665 3242 3736 vestigiis
3274 3665 3378 3719 tuis
3405 3665 3510 3720 hze-

1917 3759 2027 3814 suri
2059 3760 2186 3825 sint,
2218 3757 2437 3812 minime
2465 3758 2558 3812 tibi
2587 3757 2806 3813 dubium
2834 3772 2955 3813 esse
2981 3757 3163 3812 credo.
3205 3757 3340 3813 lllud
3364 3759 3508 3814 enim

1911 3851 2043 3905 mihi
2073 3849 2563 3921 exploratissimum
2588 3860 2691 3917 est,
2723 3849 2838 3905 fore
2866 3858 2923 3903 ut
2951 3849 3005 3904 in
3029 3849 3301 3919 praeclaris
3328 3848 3506 3919 hujus-

1910 3940 2055 3996 modi
2108 3941 2290 4008 factis,
2310 3942 2448 3995 sicut
2489 3956 2685 4011 corpus
2723 3939 2882 4010 capiti
2926 3939 3233 4010 adjunctum
3273 3948 3380 4007 est,
3429 3941 3508 3995 sic

1909 4047 2004 4087 eos
2025 4033 2140 4102 ipse
2167 4046 2288 4086 cum
2333 4031 2569 4086 caritatis
2601 4039 2704 4085 tuae
2726 4031 2990 4085 suavitate
3015 4039 3304 4084 connectas
3327 4044 3392 4086 ac
3414 4045 3506 4086 ve«

1911 4125 1989 4180 lut
2016 4123 2220 4180 catenis
2249 4107 2553 4194 adstringas
2587 4142 2600 4178 :
2634 4123 2777 4196 quod
2806 4123 3024 4194 quidem
3051 4124 3344 4179 maximum
3373 4139 3508 4194 quo-

1909 4234 2014 4289 que
2045 4228 2152 4274 tuae
2177 4219 2389 4273 virtutis
2424 4228 2798 4288 argumentum
2827 4227 2930 4272 est.

1911 4331 2298 4390 LXXXVIII.
2323 4333 2518 4389 Ιοαηηὶ
2556 4335 2790 4406 episcOpo
2823 4333 3308 4406 Ilierosolymitano.
3339 4332 3508 4404 (Scri-

2336 4431 2428 4497 'pta
2482 4426 2678 4482 Cucusi
2715 4441 2857 4481 anno
2911 4425 3077 4496 404.)

1983 4535 2256 4594 Cucusum
2283 4537 2504 4608 relegati
2540 4552 2750 4604 sumus,
2775 4551 2874 4592 nec
2913 4546 3090 4592 tamen
3113 4550 3144 4590 a
3170 4544 3349 4590 vestra
3373 4533 3511 4590 cari-

1913 4640 2022 4686 tate
2058 4629 2269 4686 semoti.
2309 4627 2445 4684 lllud
2494 4629 2694 4685 etenim
2723 4629 2777 4684 in
2805 4627 3030 4682 aliorum
3058 4635 3319 4697 potestate
3347 4627 3506 4680 situm

1913 4734 2047 4791 erat,
2071 4723 2174 4780 hoc
2193 4733 2373 4779 autem
2399 4724 2451 4778 in
2479 4732 2684 4778 nostra.
2715 4721 3072 4790 Quamobrem
3117 4718 3203 4777 hic
3229 4720 3511 4792 degentes,

1913 4833 1978 4873 ac
2021 4826 2169 4872 tanto
2196 4816 2475 4871 intervallo
2502 4815 2695 4880 dissiti,
2734 4812 3067 4869 venerationi
3098 4822 3287 4867 vestrae
3316 4811 3511 4867 scribi-

1915 4925 2070 4976 mus;
2099 4925 2304 4980 vosque
2332 4909 2628 4972 hortamur,
2669 4919 2726 4962 ut
2748 4905 3116 4962 fortitudinem
3157 4921 3302 4971 eam,
3350 4920 3511 4976 quam

1913 5004 1983 5058 ab
2011 5002 2162 5056 initio
2192 5001 2533 5072 praestitistis,
2583 4999 2652 5053 ab
2695 5013 2882 5053 eorum
2915 4997 3167 5052 nimirum
3212 5005 3376 5064 ccetu,
3420 4997 3513 5066 qui

1915 5095 2181 5150 Ecclesias
2200 5104 2276 5148 tot
2299 5093 2610 5149 tumultibus
2627 5092 3001 5162 impleverunt,
3028 5105 3126 5146 vos
3146 5099 3512 5152 removentes,

1915 5201 2056 5240 nunc
2109 5201 2322 5256 quoque
2371 5183 2667 5250 retineatis,
2712 5197 3002 5253 paremque
3048 5181 3357 5252 praeludiis,
3404 5180 3514 5236 imo

1915 5283 2076 5337 etiam
2133 5280 2290 5351 longe
2318 5277 2731 5350 splendidiorem
2773 5276 2932 5332 ﬁnem
2982 5276 3287 5347 imponatis.
3327 5270 3514 5343 Neque

1916 5375 2060 5429 enim
2092 5387 2252 5443 parva
2279 5372 2403 5426 hinc
2428 5371 2580 5426 vobis
2607 5384 2814 5426 merces
2837 5369 3125 5424 constituta
3165 5367 3284 5432 erit,
3333 5365 3378 5419 si
3416 5379 3512 5419 eos

1916 5471 2004 5541 qui
2031 5477 2233 5524 tantam
2283 5474 2653 5538 tempestatem
2701 5465 3044 5528 invexerunt,
3097 5461 3512 5530 universumque

1917 5578 2054 5634 pene
2099 5571 2360 5618 terrarum
2388 5559 2574 5616 orbem
2622 5567 2702 5613 tot
2731 5556 2994 5613 scandalis
3035 5554 3410 5625 impleverunt,
3455 5561 3516 5606 ut

1919 5673 2015 5728 par
2041 5665 2144 5720 est,
2173 5653 2518 5719 aversemini,
2547 5666 2646 5708 nec
2661 5650 2949 5721 quidquam
2968 5662 3088 5702 cum
3111 5648 3214 5702 illis
3227 5653 3511 5700 eommtme

1921 5751 2184 5806 habeatis.
2219 5748 2334 5804 Hoc
2378 5747 2745 5804 Ecclesiarum
2773 5743 3074 5815 praesidium
3121 5751 3224 5808 est,
3267 5740 3368 5796 hoc
3393 5756 3514 5795 mn-

1921 5859 2034 5914 rus,
2066 5843 2167 5899 hoc
2207 5857 2420 5900 coronae
2461 5848 2651 5897 vestrae
2688 5847 2848 5910 atque
2893 5837 3132 5910 praemia.
3178 5835 3300 5892 llaec
3356 5833 3513 5906 igitur
