3906 6384
373 403 476 458 655

371 528 490 569 cum
520 511 614 567 tibi
637 514 913 581 perspecta
940 506 1067 574 sint,
1095 502 1312 560 domine
1342 502 1411 554 mi
1439 499 1887 555 reverendissime
1907 511 1972 552 ac

373 604 807 677 religiosissime,
834 601 900 655 da
929 613 1188 669 operam,
1243 605 1299 649 ut
1345 593 1614 648 Ecclesias
1663 592 1765 647 hoc
1818 591 1979 646 modo

375 697 726 755 communias,
747 691 1126 762 amplissimam
1149 687 1276 742 hinc
1292 687 1598 742 mercedem
1616 693 1938 755 exspectans
1961 704 1975 741 :

381 788 674 857 nostrique,
703 786 791 856 qui
835 785 1087 854 pietatem
1139 792 1284 836 tuam
1313 779 1470 833 valde
1507 793 1771 845 amamus,
1819 787 1980 846 atque

377 897 442 934 ex
469 889 557 934 tua
581 877 952 934 benevolentia
982 874 1301 946 pendemus,
1329 870 1414 928 fac
1442 879 1699 942 perpetuo
1717 869 1979 924 memine-

380 974 476 1026 ris.
500 971 630 1025 Nam
668 970 796 1040 ipsis
823 968 1076 1038 operibus
1098 965 1380 1021 didicimus
1401 1005 1414 1030 ,
1443 971 1696 1035 quantam
1719 975 1844 1032 erga
1875 973 1974 1014 nos

379 1062 658 1115 caritatem
681 1075 792 1132 prae
817 1069 866 1114 te
895 1058 1102 1112 tuleris.

381 1193 694 1249 LXXXIX.
752 1192 1036 1248 Theodosio
1079 1189 1410 1263 Scythopolis
1448 1191 1704 1260 ερίεςορο.
1751 1188 1985 1259 (Cucuso

1025 1300 1168 1340 anno
1195 1284 1349 1354 405.)

456 1420 566 1476 Nos
586 1420 823 1492 quidem,
868 1419 910 1473 si
941 1419 1041 1474 loci
1070 1419 1207 1473 ratio
1234 1418 1516 1486 habeatur,
1554 1417 1735 1488 procul
1776 1433 1807 1472 a
1837 1415 1988 1472 vobis

391 1515 699 1568 distamus:
743 1513 786 1568 si
829 1521 1006 1567 autem
1057 1512 1315 1577 caritatis,
1367 1526 1532 1583 prope
1567 1526 1772 1578 sumus,
1829 1522 1988 1579 atque

389 1606 571 1662 animo
600 1605 715 1674 ipso
743 1604 1175 1674 constringimur.
1200 1601 1331 1657 Nam
1350 1619 1411 1657 ea
1438 1602 1637 1656 amoris
1659 1612 1849 1656 natura
1880 1609 1986 1668 est,

396 1706 450 1753 ut
475 1711 576 1752 nec
600 1696 719 1751 loco
747 1694 1086 1765 prohibeatur
1107 1737 1123 1761 ,
1155 1709 1254 1749 nec
1283 1695 1382 1749 via:
1412 1692 1799 1765 longinquitate
1829 1707 1988 1748 coer.

394 1797 597 1854 ceatur,
626 1802 809 1842 verum
838 1801 934 1857 per
971 1786 1277 1841 universum
1330 1794 1592 1841 terrarum
1622 1788 1808 1839 orbem
1840 1785 1992 1840 facile

396 1877 658 1948 provolet,
688 1885 850 1948 atque
884 1892 1005 1933 cum
1046 1877 1111 1932 iis
1130 1877 1220 1948 qui
1246 1886 1510 1940 amantur,
1553 1876 1992 1931 consuetudinem

397 1971 606 2027 habeat.
639 1972 791 2040 Quod
815 1971 978 2027 etiam
1024 1987 1165 2026 nunc
1214 1971 1460 2037 facimus,
1483 1970 1572 2040 qui
1605 1985 1702 2024 vos
1733 1970 1782 2024 in
1813 1970 1994 2024 animo

395 2065 834 2122 circumfcritnus.
870 2067 945 2120 Ac
986 2080 1254 2136 rogamus,
1308 2073 1362 2119 ut
1395 2061 1850 2134 quemadmodum
1891 2079 1990 2117 an-

400 2159 552 2214 tehac
573 2159 770 2230 vosipsi
793 2158 946 2214 vobis
973 2167 1370 2224 ornamentum,
1395 2169 1558 2229 atque
1579 2155 1837 2214 Ecclesiis
1853 2171 1992 2227 prm-

397 2251 591 2306 sidium
613 2251 886 2317 attulistis,
911 2251 990 2307 sic
1016 2251 1176 2306 etiam
1215 2265 1358 2306 nunc
1403 2249 1608 2304 faciatis
1637 2267 1649 2303 :
1679 2265 1880 2320 eosque
1905 2250 1995 2320 qui

401 2353 477 2397 tot
523 2343 781 2398 tumultus
829 2343 882 2397 in
917 2350 1182 2398 terrarum
1230 2342 1418 2396 orbem
1471 2341 1788 2411 injeccuunt,
1839 2351 1998 2410 atque

403 2433 670 2490 Ecclesias
696 2434 1095 2504 perturbarunt,
1124 2449 1184 2488 ea
1215 2448 1374 2503 quam
1408 2432 1648 2486 muneris
1675 2433 1840 2487 vestri
1863 2433 1999 2486 ratio

406 2527 640 2596 postulat
683 2525 846 2580 animi
897 2524 1261 2597 magnitudine
1305 2525 1642 2581 averscmini.
1699 2525 1812 2581 Hoc
1855 2527 1997 2582 enim

401 2617 735 2688 depellenda:
762 2618 1093 2688 tempestatis
1124 2618 1329 2672 initium
1359 2628 1441 2673 est
1465 2661 1478 2684 ,
1506 2616 1609 2675 hoc
1639 2619 1998 2675 Ecclesiarum

402 2710 681 2776 securitas,
731 2707 832 2764 hoc
857 2709 1123 2764 malorum
1151 2711 1437 2777 medicina,
1470 2726 1590 2766 cum
1619 2711 1872 2767 nimirum
1905 2725 2000 2765 vos

402 2801 492 2870 qui
519 2801 635 2857 sani
675 2802 825 2865 estis,
870 2816 1058 2857 eorum
1084 2802 1173 2872 qui
1221 2802 1526 2872 hujusmodi
1563 2803 1764 2859 scelera
1807 2817 1997 2874 perpe-

406 2902 564 2962 trant,
595 2904 869 2966 aspectum
907 2892 1175 2966 defugitis,
1204 2894 1444 2966 nihilque
1469 2910 1590 2951 cum
1621 2895 1700 2952 eis
1728 2910 1996 2953 commer-

405 2988 472 3042 cii
493 2986 719 3044 habetis.
751 2988 882 3057 Quae
906 3004 1027 3044 cum
1050 2989 1122 3044 ita
1148 2989 1276 3056 sint,
1307 2990 1384 3044 rei
1417 2990 1638 3061 hujusce
1670 2994 1996 3060 mercedem,

405 3090 460 3137 et
483 3096 712 3137 coronas
731 3082 802 3136 ob
825 3097 944 3137 eam
974 3097 1190 3137 causam
1221 3084 1541 3137 constitutas
1573 3124 1590 3149 ,
1619 3087 1801 3138 animo
1828 3091 1882 3137 et
1904 3099 1999 3139 co-

406 3173 661 3244 gitatione
697 3174 1083 3244 complectens,
1135 3173 1202 3227 ad
1244 3173 1348 3229 hoc
1389 3175 1562 3244 ipsum
1587 3216 1602 3241 ,
1631 3190 1834 3246 quaeso,
1881 3190 2000 3231 eam

408 3281 568 3335 quam
594 3279 691 3334 par
710 3273 813 3330 est,
835 3264 1000 3319 animi
1018 3265 1437 3336 magnitudinem
1465 3276 1680 3335 praesta,
1704 3269 1997 3338 nostrique,

406 3356 498 3427 qui
527 3365 577 3412 te
603 3370 864 3422 amamus,
888 3356 1196 3411 meminisse
1221 3372 1288 3410 ne
1317 3356 1656 3413 intermittas.
1680 3358 1833 3427 Quod
1854 3362 1898 3416 si
1920 3361 2000 3416 fe-

407 3448 568 3516 ceris,
597 3461 714 3503 rem
738 3445 890 3502 nobis
917 3446 1273 3518 gratissimam
1297 3447 1505 3502 feceris.

581 3581 696 3640 XC.
727 3582 900 3655 Moysi
941 3583 1196 3656 episcopo.
1231 3582 1462 3655 (Scripta
1501 3598 1644 3640 anno
1667 3585 1823 3658 404.)

479 3719 616 3787 Etsi,
644 3729 703 3776 ut
728 3733 868 3785 eam,
899 3733 1059 3791 quam
1081 3723 1350 3785 convenit,
1378 3722 1544 3776 animi
1567 3720 1994 3792 magnitudinem

409 3823 652 3884 prmstes,
691 3829 899 3884 eosque
929 3814 1018 3884 qui
1062 3822 1141 3868 tot
1188 3815 1342 3869 malis
1371 3815 1638 3870 Ecclesias
1681 3811 1998 3883 affecerunt,

410 3923 474 3963 ac
505 3917 763 3964 terrarum
801 3909 987 3964 orbem
1018 3909 1331 3965 tumultibus
1361 3910 1752 3980 impleverunt,
1780 3926 2002 3967 averse-

412 4001 504 4067 ris,
538 4010 590 4058 te
618 4001 790 4056 literis
811 4001 1007 4058 nostris
1035 4002 1282 4074 indigere
1303 4004 1524 4058 minime
1561 4003 1845 4070 existimo;
1878 4019 2002 4057 nam

413 4095 467 4150 id
513 4095 674 4152 rebus
716 4096 846 4166 ipsis
871 4095 1197 4152 declarasti:
1245 4107 1421 4152 tamen
1453 4097 1704 4168 quoniam
1745 4106 1797 4153 te
1843 4112 2002 4168 quam

413 4185 730 4256 saepissime,
759 4195 815 4242 et
841 4187 1028 4256 quavis
1050 4187 1229 4242 oblata
1249 4187 1556 4253 occasione,
1579 4188 1833 4252 salutare,
1869 4186 2007 4242 atati-

413 4276 676 4346 quissimo
690 4276 820 4330 mihi
833 4275 1011 4331 studio
1031 4285 1135 4342 est,
1161 4292 1305 4331 nunc
1327 4291 1540 4347 quoque
1564 4276 1703 4331 idem
1727 4293 1757 4331 a
1782 4285 1832 4333 te
1858 4288 2003 4347 peto,

416 4376 471 4424 ut
497 4369 565 4424 ad
611 4382 798 4424 eorum
849 4378 1025 4423 coetus
1053 4368 1351 4437 fugiendos,
1380 4384 1522 4435 eam,
1567 4384 1726 4439 quam
1782 4383 1877 4440 par
1901 4379 2005 4436 est,

423 4461 585 4517 animi
632 4459 995 4517 fortitudinem
1034 4459 1311 4529 adhibeas,
1359 4460 1601 4532 aliosque
1624 4461 1784 4516 etiam
1815 4461 1880 4516 ad
1907 4463 2009 4516 hoc

418 4557 591 4627 ipsum
614 4554 933 4612 cohorteris.
964 4554 1148 4626 Neque
1176 4555 1318 4610 enim
1348 4555 1473 4610 hinc
1501 4570 1664 4626 parva
1686 4555 1838 4611 vobis
1858 4570 2006 4610 mer-

414 4663 506 4705 ces
544 4650 834 4706 constituta
875 4649 1000 4714 erit,
1027 4650 1074 4704 si
1116 4663 1216 4705 eos
1247 4649 1339 4720 qui
1379 4657 1582 4704 tantam
1636 4658 2009 4719 tempestatem

417 4743 736 4811 excitarunt,
781 4753 942 4815 atque
991 4743 1287 4798 innumeris
1319 4743 1586 4798 scandalis
1616 4750 1784 4796 totum
1824 4742 2010 4797 orbem

417 4837 793 4908 impleverunt,
845 4835 1296 4907 quemadmodum
1327 4835 1502 4900 decet,
1544 4836 1830 4890 averseris.
1873 4833 2010 4890 Nam

420 4930 522 4984 hac
547 4929 756 4985 ratione
780 4943 870 4986 res
894 4931 978 4985 vel
996 4932 1227 4986 maxime
1249 4931 1599 4987 sanabuntur.
1626 4929 1805 4985 Nostri
1827 4930 2008 4990 etiam.

418 5020 508 5087 qui
558 5028 609 5075 te
653 5021 991 5075 carissimum
1039 5021 1299 5077 habemus
1330 5062 1345 5086 ,
1387 5029 1654 5091 perpetuo
1705 5019 2014 5075 memineris

421 5112 600 5166 velim.
627 5110 746 5168 Scis
779 5111 924 5167 enim
951 5127 1058 5182 quo
1085 5114 1266 5168 animo
1305 5127 1430 5183 erga
1467 5120 1522 5168 te
1561 5110 1821 5166 hactenus
1845 5109 2012 5166 fueri-

419 5217 561 5270 mus,
585 5212 646 5260 et
672 5217 888 5274 semper
913 5203 1101 5260 simus.

501 5335 651 5394 XCI.
680 5335 916 5392 Romano
934 5337 1221 5412 presbytero
1246 5339 1286 5394 ³.
1317 5337 1560 5409 (Cucuso
1589 5350 1731 5390 anno
1761 5333 1926 5405 404.)

494 5470 551 5526 Id
578 5485 794 5542 quoque
824 5480 972 5527 tuum
1001 5479 1106 5538 est,
1135 5473 1420 5544 magnique
1461 5473 1538 5528 tui
1577 5481 1634 5528 et
1669 5472 1912 5527 sublimis
1953 5485 2020 5526 ac

424 5565 778 5636 philosophici
804 5567 991 5632 animi,
1038 5580 1109 5620 ne
1153 5567 1205 5620 in
1241 5576 1390 5621 tanta
1436 5566 1652 5637 quidem
1697 5573 2019 5638 tempestate

427 5663 628 5711 nostra:
673 5658 912 5713 caritatis
933 5658 1198 5724 oblivisci,
1235 5672 1422 5714 verum
1469 5657 1684 5713 firmum
1713 5666 1877 5728 atque
1915 5658 2019 5710 im-

430 5757 636 5805 motum
660 5765 972 5816 permanere
998 5766 1346 5823 amoremque
1371 5765 1496 5821 erga
1523 5765 1622 5806 nos
1653 5760 1802 5805 tuum
1831 5750 2020 5817 vigen-

497 5859 517 5895 ³
550 5859 803 5914 Vaticanus
821 5865 989 5928 habet,
1020 5873 1227 5918 somno
1254 5863 1531 5931 presbytero
1553 5861 1802 5916 monacho.

1124 394 1181 447 S.
1221 389 1501 445 JUANNIS
1538 381 2019 444 CIIRYSOSTOMI
2058 377 2374 435 AllCHlEP.
2415 374 2954 434 CONSTANTINOP.

3564 360 3652 415 636

2089 507 2196 551 tem
2244 494 2495 549 retinere.
2532 491 2664 547 Nam
2698 495 2800 546 hoc
2837 506 2904 546 ex
2935 490 3000 544 iis
3027 501 3254 558 quoque.
3279 488 3370 557 qui
3399 483 3546 540 istinc
3568 501 3646 539 ve-

2085 591 2262 656 niunt,
2307 595 2492 656 aperte
2519 585 2900 656 cognovimus,
2929 597 2994 636 ac
3029 582 3179 652 prius
3204 580 3386 646 etiam,
3426 593 3577 650 quam
3604 577 3648 634 id

2084 683 2152 735 ah
2169 681 2287 734 aliis
2307 680 2631 748 acciperem,
2653 675 2989 746 exploratum
3013 672 3293 728 habebam.
3318 668 3505 725 Notam
3528 669 3654 724 enim

2089 773 2260 827 habeo
2285 770 2450 824 animi
2479 771 2551 824 tui
2575 769 2885 822 firmitatem
2905 773 3068 835 atque
3088 761 3464 826 constantiam,
3489 759 3656 814 fixam-

2086 880 2192 936 que
2230 873 2289 918 et
2338 863 2615 917 immotam
2642 871 2785 914 tuam
2816 858 3158 913 sententiam.
3185 856 3370 926 quue
3393 853 3550 908 etiam
3575 869 3660 906 no-

2088 957 2232 1010 mine
2271 955 2514 1025 ingentes
2543 951 2725 1022 pietati
2759 959 2864 1004 tua:
2892 949 3094 1020 gratias
3124 946 3298 1001 habeo
3329 961 3344 999 :
3374 955 3527 1014 teque
3556 957 3658 1006 oro,

2087 1065 2150 1104 ac
2170 1051 2359 1104 summi
2389 1047 2632 1102 beneficii
2657 1045 2779 1100 loco
2805 1043 2861 1098 id
2882 1045 2978 1097 abs
3009 1052 3061 1096 te
3083 1051 3228 1110 peto,
3247 1048 3308 1094 ut
3333 1054 3452 1092 cum
3471 1037 3661 1093 licuerit

2089 1141 2154 1196 ad
2182 1155 2280 1195 nos
2327 1139 2552 1194 scribas.
2585 1138 2707 1192 Scis
2733 1137 2880 1190 enim
2925 1145 3150 1204 quanta,
3197 1131 3360 1186 etiam
3414 1129 3468 1183 in
3506 1127 3661 1182 aliena

2092 1233 2312 1302 regione
2333 1231 2611 1302 degentes,
2643 1227 3014 1284 consolatione
3049 1223 3372 1286 afliciamur,
3400 1234 3518 1274 cum
3554 1219 3662 1272 lite-

2094 1338 2182 1377 ras
2209 1338 2327 1392 qua:
2351 1335 2450 1376 nos
2478 1321 2547 1375 de
2573 1332 2661 1374 tua
2693 1317 2997 1374 valetudine
3035 1313 3294 1370 certiores
3327 1309 3519 1364 faciant
3543 1308 3664 1361 acci-

2094 1417 2288 1485 pimus.
2314 1413 2389 1468 Te
2426 1415 2624 1483 quippe
2656 1412 2862 1480 integra
2888 1419 3050 1478 atque
3099 1403 3355 1460 incolumi
3383 1401 3663 1456 valetudine

2093 1524 2214 1564 esse
2261 1507 2608 1563 vehementer
2659 1504 2904 1574 cupinms
2927 1542 2944 1569 ,
2998 1496 3429 1572 quandoquidem
3491 1492 3668 1548 sanitas

2094 1613 2307 1669 quoque
2339 1609 2426 1652 tua
2472 1596 2652 1652 multis
2681 1594 2981 1650 subsidium
3031 1601 3087 1646 et
3123 1599 3308 1661 portus
3331 1602 3396 1642 ac
3441 1585 3667 1640 bacillum

2096 1701 2197 1759 est,
2227 1701 2386 1762 atque
2417 1690 2820 1744 innumerorum
2848 1697 3194 1742 successuum
3233 1679 3474 1736 materia.

2170 1824 2350 1884 XCII.
2379 1823 2550 1896 Moysi
2577 1821 2914 1894 presbytero‘.
2933 1817 3037 1892 (Ab
3065 1833 3209 1873 anno
3234 1815 3341 1872 404
3367 1814 3433 1870 ad
3457 1812 3607 1882 407.)

2170 1961 2411 2017 Laudum
2441 1974 2650 2026 earum,
2679 1973 2812 2029 quas
2841 1956 2998 2012 nobis
3025 1954 3195 2011 literis
3223 1953 3331 2008 tuis
3357 1951 3558 2012 tribuis,
3577 1964 3672 2003 ma-

2099 2055 2318 2125 gnitudo
2361 2053 2672 2108 tenuitatem
2729 2060 2968 2105 nostram
3023 2048 3182 2118 longe
3221 2054 3460 2117 superat.
3498 2045 3672 2110 Quam-

2100 2147 2286 2200 obrem
2311 2143 2393 2199 his
2412 2145 2646 2208 omissis,
2675 2142 2834 2196 velim
2877 2151 2986 2196 tum
3028 2153 3127 2210 pro
3172 2137 3400 2208 publicis
3435 2134 3672 2190 Ecclesia-

2101 2254 2219 2294 rum
2259 2237 2587 2300 commodis,
2618 2247 2730 2290 tum
2775 2251 2874 2306 pro
2905 2250 2990 2290 me
3016 2234 3104 2287 vili
3153 2229 3476 2286 homunculo
3515 2231 3672 2297 preces

2101 2331 2167 2385 ad
2203 2331 2368 2384 Deum
2399 2329 2656 2384 adhibere
2686 2343 2755 2382 ne
2782 2327 3018 2392 desinas,
3047 2325 3273 2395 ejusque
3319 2321 3670 2392 benignitatem

2104 2425 2392 2495 implorare
2430 2434 2590 2492 atque
2639 2420 2921 2484 obtestari,
2953 2426 3010 2472 ut
3051 2432 3115 2471 ea
3147 2415 3286 2469 mala
3311 2457 3327 2483 ,
3372 2429 3489 2484 qua:
3511 2411 3671 2466 orbem

2105 2526 2369 2572 terrarum
2402 2515 2737 2579 invaserunt,
2765 2511 3016 2582 depellat.
3045 2508 3178 2564 Nam
3215 2507 3501 2578 praesentia
3529 2519 3671 2573 nego-

2105 2611 2176 2664 tia
2209 2622 2394 2680 preces
2433 2607 2713 2662 dumtaxat
2759 2605 3057 2674 requirunt,
3104 2617 3167 2657 ac
3207 2611 3327 2656 tuas
3382 2598 3670 2670 prtesertim,

2103 2710 2193 2772 qut
2243 2714 2491 2770 magnam
2535 2699 2676 2768 apud
2726 2698 2891 2752 Deum
2921 2695 3171 2750 fiduciam
3214 2710 3276 2748 es
3320 2702 3670 2761 consequutus.

2105 2792 2464 2862 Quamobrem
2491 2790 2687 2844 obnixe
2715 2787 2853 2844 istud
2880 2801 2943 2841 ac
2973 2786 3183 2857 prolixe
3227 2783 3409 2838 facere
3439 2797 3504 2837 ne
3529 2782 3671 2834 inter-

2105 2889 2289 2941 mittas
2337 2903 2351 2939 :
2404 2884 2665 2954 uobisque
2718 2883 2899 2946 etiam,
2948 2880 3158 2950 quoties
3220 2876 3445 2932 facultas
3489 2873 3672 2929 dabitur

2107 2979 2327 3049 (neque
2365 2976 2508 3031 enim
2557 2986 2748 3045 magna
2789 2968 2997 3027 itineris
3035 2970 3316 3040 longitudo
3353 2980 3437 3024 est
3460 2966 3500 3039 ),
3537 2978 3670 3036 quam

2105 3073 2403 3144 saepissime
2429 3069 2666 3126 scribere
2690 3083 2759 3123 ne
2781 3067 3042 3139 graveris.
3079 3063 3358 3134 Siquidem
3385 3063 3452 3117 de
3480 3069 3559 3113 tua
3593 3072 3670 3109 va-

2107 3165 2349 3220 letudine
2377 3176 2704 3234 magnopere
2725 3158 2924 3230 aliquid
2966 3159 3108 3213 scire
3136 3157 3390 3226 cupimus
3414 3173 3429 3209 :
3457 3150 3670 3223 quando-

2105 3261 2323 3332 quidem
2352 3257 2602 3313 valetudo
2622 3265 2708 3310 tua
2730 3254 2930 3308 multos
2957 3251 3109 3307 fulcit
3136 3261 3191 3304 et
3214 3248 3538 3304 consolatur.
3561 3243 3668 3298 Nam

2109 3355 2219 3410 vita
2243 3362 2330 3408 tua
2355 3366 2572 3422 semper
2593 3349 2896 3405 necessaria
2924 3355 3029 3412 est,
3056 3359 3199 3398 nunc
3225 3356 3360 3398 vero
3389 3339 3603 3394 maxime
3627 3335 3670 3386 in

2109 3456 2252 3501 tanta
2299 3452 2616 3515 tempestate
2653 3450 2708 3496 et
2749 3440 2997 3510 caligine,
3045 3449 3102 3490 ut
3141 3436 3260 3504 puri
3299 3433 3489 3488 sideris
3524 3430 3672 3499 instar

2107 3538 2398 3609 splendens
2424 3537 2509 3601 iis,
2545 3534 2636 3605 qui
2663 3527 2981 3603 tempestate
3027 3543 3090 3583 ac
3136 3527 3389 3582 fluctibus
3417 3525 3670 3594 iactantur,

2107 3631 2422 3702 praeluceas.
2452 3625 2834 3696 Quamobrem,
2867 3631 2927 3677 ut
2970 3635 3069 3676 nos
3113 3633 3331 3690 quoque
3374 3617 3495 3671 laeto
3537 3619 3672 3677 atque

2107 3726 2273 3782 alacri
2296 3725 2478 3780 animo
2503 3723 2692 3784 simus,
2721 3719 2939 3775 crebras
2965 3715 3032 3771 ad
3073 3729 3171 3770 nos
3195 3714 3264 3768 de
3289 3722 3379 3768 tua
3405 3703 3672 3764 valetudine

2108 3819 2293 3874 literas
2325 3817 2479 3871 mitte
2508 3832 2522 3868 :
2548 3829 2648 3869 nec
2674 3813 2818 3869 enim
2866 3823 3084 3881 parvam
3118 3807 3242 3861 hinc
3280 3799 3671 3860 consolationem

2109 3915 2405 3985 capiemus,
2423 3911 2468 3967 si
2490 3909 2542 3966 id
2572 3909 2641 3964 de
2663 3907 2814 3963 vobis
2834 3919 2994 3976 quam
3013 3901 3316 3972 saepissime
3339 3899 3610 3954 discamus.

2109 4043 2329 4101 XCIII.
2358 4043 2674 4114 Aphthonio,
2707 4039 2988 4104 Theodoto,
3027 4037 3273 4099 Chrerere,
3316 4027 3602 4102 presbyteris
3635 4029 3672 4076 et

2183 4136 2462 4202 monachis,
2493 4136 2824 4205 universaque
2844 4139 3001 4186 vestro
3015 4126 3274 4184 sodalitio.
3297 4127 3536 4198 (Cucuso
3559 4128 3674 4173 anno

2189 4230 2336 4301 tos.)

2185 4365 2340 4438 Apud
2371 4379 2486 4433 eos,
2509 4365 2595 4434 qui
2625 4371 2826 4428 amant,
2849 4372 3114 4430 corporea
3151 4370 3337 4411 eorum
3372 4365 3503 4424 quos
3525 4350 3676 4402 amant

2115 4461 2399 4533 praesentia
2427 4459 2546 4529 plus
2568 4457 2633 4512 ad
2657 4455 2938 4512 levandum
2966 4451 3209 4507 dolorem
3235 4445 3489 4502 momenti
3523 4439 3674 4496 habet.

2115 4555 2248 4610 Nam
2273 4563 2330 4609 et
2358 4554 2546 4608 beatus
2572 4549 2788 4614 Paulus,
2813 4545 2903 4617 qui
2925 4542 3172 4607 subinde,
3199 4539 3285 4595 vel
3315 4543 3565 4609 perpetuo
3593 4544 3679 4597 po-

2118 4649 2242 4714 tius,
2268 4647 2579 4702 universmn
2603 4641 2842 4696 ﬁdelium
2869 4639 3054 4693 orbem
3078 4649 3259 4688 annuo
3276 4621 3675 4714 circumferebat.

2117 4757 2180 4797 ac
2207 4757 2276 4796 ne
2301 4741 2441 4794 inter
2465 4737 2676 4792 vincula
2702 4732 2915 4805 quidem
2950 4739 3004 4785 et
3038 4724 3334 4796 compedes
3369 4731 3424 4777 et
3449 4721 3501 4776 in
3523 4713 3695 4789 defert-1

2119 4831 2312 4888 sione'
2339 4844 2434 4885 eos
2484 4828 2757 4897 deponere
2800 4821 3141 4884 sustinebat,
3197 4815 3251 4871 id
3287 4811 3428 4885 quod
3471 4807 3677 4900 indicat-1's

2119 4925 2369 4981 dicebat:
2401 4919 2479 4974 Eo
2508 4893 2644 4988 quod
2672 4916 2884 4970 habeant
2927 4929 3012 4966 vos
3037 4912 3090 4964 in
3129 4907 3310 4972 corde,
3343 4913 3390 4960 et
3421 4904 3475 4956 in
3500 4893 3680 4992 υἱιιοιιιξξ

2118 5016 2264 5080 meis,
2307 5023 2356 5069 et
2409 5014 2464 5067 in
2504 5009 2796 5082 defensione
2850 5015 2895 5061 et
2937 5006 2994 5059 in
3042 5002 3423 5072 conﬁrmatione
3471 4983 3680 5086 evangelii

2123 5109 2142 5179 (
2169 5107 2364 5178 Philip.
2392 5107 2446 5161 l.
2483 5104 2514 5157 7
2544 5103 2564 5174 )
2599 5098 2879 5170 :corporis
2915 5110 3130 5166 quoque
3173 5090 3506 5162 praesentiam
3553 5091 3680 5179 cupi-

2121 5173 2340 5255 dissime
2367 5193 2694 5266 requirebat,
2724 5191 2809 5246 his
2829 5188 3008 5244 verbis
3031 5197 3186 5241 utens
3218 5205 3232 5239 :
3258 5181 3370 5236 Nos
3393 5193 3504 5233 vero
3526 5173 3678 5266 aliter.

2124 5305 2196 5349 tes
2225 5292 2347 5367 farti
2387 5307 2421 5344 ιι
2448 5263 2594 5343 pobis
2623 5286 2689 5340 ad
2718 5287 2858 5338 hora:
2881 5292 3099 5350 tempus,
3132 5287 3356 5348 aspectu,
3384 5289 3484 5367 non
3519 5263 3680 5367 crde.

2124 5359 2466 5440 abundantius
2495 5380 2779 5436 studuimus
2805 5376 2986 5445 [aciem
3011 5384 3229 5427 vestram
3259 5367 3419 5424 videre
3437 5365 3509 5435 (l.
3526 5359 3678 5414 Thesi-

2122 5479 2321 5549 2.17).
2350 5476 2502 5544 Quod
2555 5474 2718 5530 etiam
2757 5471 2913 5526 nobis
2959 5482 3103 5524 nunc
3132 5481 3234 5522 usu
3280 5463 3440 5526 venit,
3481 5455 3562 5529 qui
3585 5460 3679 5549 tum

2123 5545 2312 5628 eorum
2359 5569 2452 5640 qui
2491 5567 2603 5638 jam
2653 5580 2753 5621 nos
2791 5564 3059 5628 viderunt,
3105 5570 3220 5616 tum
3273 5570 3474 5618 eorum,
3517 5545 3679 5619 quibus

2126 5666 2363 5724 nondum
2393 5663 2461 5718 de
2488 5661 2622 5717 facie
2653 5659 2763 5714 noti
2806 5670 2993 5713 sumus
3013 5694 3028 5722 ,
3059 5651 3401 5726 prmsentiam
3436 5640 3581 5700 avida
3604 5648 3677 5691 re-

2193 5803 2218 5866 ξ
2247 5797 2390 5848 Addit
2412 5789 2943 5866 Regiusnmonnstica‘m
2965 5783 3349 5866 vitatn_qgenff"_
3372 5843 3467 5866 ..-..-

2197 5861 2222 5895 ⁸
2251 5870 2379 5922 tunc,
2404 5867 2449 5912 et
2471 5849 2522 5910 in
2547 5849 2837 5923 defrnsimw,
2864 5855 3038 5903 absunt
3061 5867 3085 5902 ιι
3114 5849 3228 5914 Reg.
3256 5857 3306 5899 et
3325 5859 3352 5895 a
3372 5849 3515 5894 \‘attc.
