3906 6400
340 397 453 456 655

344 513 523 568 σποτά
559 530 662 584 μου
690 513 989 585 τιμιώτατε
1024 514 1118 570 καὶ
1150 514 1539 579 εὑλαὸέστατε,
1569 514 1669 577 τάς
1706 530 1761 566 τε
1804 513 1930 567 Ἑκ-

342 603 576 674 κλησίας
607 603 934 673 ἀσφαλίζου,
967 604 1067 675 τὴν
1112 604 1289 676 τούτῳ
1320 603 1399 674 τῷ
1443 603 1632 676 τρόπῳ
1667 602 1934 674 μεγίστην

341 696 594 752 ἐντεῦθεν
624 697 945 769 προσδοκῶν
970 698 1264 764 ἀντίδοσιν,
1293 697 1454 769 ἡμῶν
1483 714 1545 752 τε
1579 696 1688 749 τῶν
1723 695 1934 765 σφόδρα

339 788 685 859 ἀγαπώντων
721 791 823 863 τήν
873 791 973 862 σὴν
1023 791 1332 857 εὑλάὃειαν,
1361 791 1457 844 καὶ
1499 787 1935 861 ἐκκρεμαμένων

343 899 440 937 σου
491 886 594 955 τῆς
630 883 946 949 διαθέσεως,
996 882 1263 954 διηνεκῶς
1293 881 1774 954 μέμνησο.¹¹1σμεν
1821 878 1935 950 γάρ

340 977 479 1047 ὅσην
506 978 635 1049 περὶ
661 978 811 1048 ἡμᾶς
839 976 1061 1047 ἀγάπην
1095 975 1493 1039 ἐπιδείκνυσαι,
1522 972 1613 1027 διὰ
1648 972 1760 1026 τῶν
1791 989 1936 1043 πρα-

341 1068 574 1139 γμάτων
601 1069 780 1123 αὐτῶν
812 1069 1095 1137 μαθόντες.

471 1184 609 1237 110'.
654 1182 957 1247 Θεοδοσίῳ
994 1183 1315 1248 ἐπισκόπῳ
1355 1182 1811 1246 Σκυθοπόλεως.

416 1274 511 1344 Τῷ
557 1275 657 1346 μὲν
694 1276 845 1348 τόπῳ
886 1275 1106 1348 μακρὰν
1151 1275 1310 1347 ὑμῶν
1347 1275 1732 1346 διεστήκαμεν,
1759 1275 1826 1345 τῇ
1877 1272 1936 1326 δέ

342 1365 535 1437 ἀγάπῃ
564 1367 732 1435 ἐγγὺς
759 1365 913 1433 ὑμῶν
937 1367 1105 1437 ἐσμεν
1131 1366 1225 1419 καὶ
1246 1365 1499 1437 πλησίον,
1527 1365 1621 1418 καὶ
1644 1364 1782 1435 αὐτῇ
1812 1381 1934 1417 συν-

341 1457 607 1528 δεδέμεθα
642 1457 797 1529 ὑμῶν
821 1460 887 1529 τῇ
919 1458 1086 1529 ψυχῇ.
1120 1456 1375 1510 Τοιοῦτον
1407 1455 1519 1528 γὰρ
1544 1455 1607 1509 τδ
1637 1455 1841 1524 φιλεῖν
1872 1454 1935 1508 οὐ

344 1549 619 1604 κωλύεται
650 1551 821 1621 τόπῳ,
851 1551 911 1604 οὑ
946 1550 1245 1621 διείργεται
1268 1548 1391 1602 όδοῦ
1430 1550 1625 1621 μήκει,
1653 1546 1793 1602 ἀλλά
1826 1549 1935 1602 πᾶ-

346 1659 449 1696 σαν
480 1642 682 1715 ῥᾳδίως
719 1642 1077 1715 περιίπταται
1104 1643 1207 1712 τὴν
1238 1642 1588 1715 οἰκουμένην,
1621 1642 1716 1697 καὶ
1741 1641 1939 1711 συγγί-

344 1711 499 1787 νεται
526 1711 662 1796 ’τοῖς
697 1711 1193 1805 ἀγάπωμένοις.αο
1233 1733 1298 1805 δὴ
1350 1711 1446 1788 κώ
1476 1711 1638 1805 ἡμεῖς
1672 1733 1937 1806 ποιοῦμεν
2410 1711 2534 1764 HE.
2572 1711 2801 1762 Μωυσῃ
2836 1711 3276 1763 πρεσουτερῳυ.

344 1825 466 1881 νῦν.
497 1825 556 1881 ἐν
584 1824 795 1880 διανοία
827 1826 972 1881 ὑμᾶς
1000 1826 1412 1881 περιφέροντες.
1444 1822 1555 1880 Καὶ
1586 1826 1936 1881 παρακαλοῦ-
2006 1813 2037 1835 δ’
2122 1810 2186 1865 Ἦ
2209 1810 2310 1881 μὲν
2339 1808 2618 1880 ὑπερῦολὴ
2643 1806 2753 1861 τῶν
2777 1805 3076 1877 ἐγκωμίων
3101 1803 3217 1857 τῶν
3240 1805 3354 1866 τοῖς
3377 1801 3636 1872 γράμμα·

343 1825 466 1890 νῦν,
497 1825 556 1881 ἐν
584 1824 795 1896 διανοίᾳ
827 1826 972 1896 ὑμᾶς
1000 1826 1412 1898 περιφέροντες.
1444 1822 1555 1880 Καὶ
1586 1826 1936 1897 παρακαλοῦ-

348 1936 449 1990 μεν
497 1919 665 1990 ὑμᾶς,
698 1919 951 1992 καθάπερ
994 1920 1090 1973 καὶ
1121 1919 1430 1993 ἔμπροσθεν
1480 1922 1795 1992 ἐποιήσατε,
1839 1939 1936 1975 κο-

346 2012 615 2085 σμοῦντές
638 2029 699 2065 τε
729 2013 980 2078 ἑαυτοὺς,
1013 2013 1233 2078 καὶτὰς
1269 2014 1600 2086 Ἑκκλησίας
1642 2013 1938 2084 ἀσφαλιζό-

348 2121 529 2173 μενοι,
559 2103 705 2159 οῦτω
747 2105 844 2158 καὶ
883 2104 979 2161 νῦν
1032 2106 1317 2175 ποιήσατε,
1361 2107 1457 2161 καὶ
1496 2107 1625 2170 τοὺς
1666 2106 1938 2172 τοσαύτας

343 2197 595 2269 ταραχὰς
623 2196 965 2268 ἐμϐαλόντας
997 2198 1078 2262 εἰς
1105 2197 1202 2269 τὴν
1230 2198 1557 2268 οἰκουμένην
1587 2199 1827 2265 ἃπασαν,
1844 2201 1938 2252 καὶ

342 2291 449 2355 τὰς
485 2290 811 2363 Ἐκκλησίας
862 2291 1294 2363 διαταράξαντας
1339 2291 1752 2364 ἀποστρέφεσθε
1801 2292 1939 2365 μετὰ

343 2384 450 2455 τῆς
480 2382 864 2455 προσηκούσης
892 2384 1021 2454 ὑμῖν
1051 2381 1326 2455 ἀνδρείας.
1341 2383 1514 2437 Τοῦτο
1540 2383 1649 2457 γὰρ
1670 2383 1813 2457 ἀρχὴ
1838 2385 1940 2455 τῆς

345 2473 559 2539 λύσεως
600 2473 695 2529 τοῦ
741 2476 1030 2546 χειμῶνος,
1061 2472 1221 2529 τοῦτο
1257 2476 1527 2545 ἀσφάλεια
1555 2478 1676 2539 ταῖς
1708 2475 1940 2548 Ἐκκλη-

350 2565 516 2631 σίαις,
557 2565 717 2620 τοῦτο
741 2566 853 2621 τῶν
881 2567 1069 2621 κακῶν
1093 2567 1400 2641 διόρθωσις,
1425 2568 1554 2623 ὅταν
1581 2568 1708 2631 τοὺς
1738 2567 1801 2620 τά
1836 2585 1947 2622 τοι·

347 2657 492 2713 αῦτα
516 2660 1031 2731 πονηρευσαμένους
1054 2660 1211 2732 ὑμεῖς
1228 2662 1279 2714 οἱ
1306 2660 1642 2729 ὑγιαίνοντες
1668 2660 1941 2730 ἀποστρέ-

350 2750 552 2822 φησθε,
590 2753 685 2805 καὶ
722 2752 890 2823 μηδὲν
921 2753 1099 2806 κοινὸν
1125 2752 1289 2824 ἔχητε
1311 2752 1450 2823 πρὸς
1476 2751 1694 2816 αὐτούς.
1712 2752 1942 2806 Ἐννοῶν

350 2842 536 2897 τοίνυν
566 2844 661 2897 τοῦ
692 2845 1020 2917 πράγματος
1040 2846 1140 2916 τὴν
1173 2844 1463 2909 ἀντίδοσιν,
1496 2844 1591 2899 καὶ
1620 2845 1746 2907 τοὺς
1767 2842 1946 2899 ἐντεῦ-

350 2931 447 2986 θεν
481 2933 768 3004 κειμένους
793 2935 1113 3003 στεφάνους,
1144 2934 1245 3007 τὴν
1278 2936 1665 3007 προσήκουσαν
1688 2934 1944 3005 ἀνδρείαν

351 3026 730 3093 ἐπιδείξασθαι
769 3028 1156 3100 παρακλήθητι
1192 3030 1272 3092 είς
1298 3027 1460 3081 τοῦτο
1487 3027 1640 3093 αὐτὸ,
1667 3027 1763 3079 καὶ
1786 3025 1944 3098 ήμῶν

349 3117 464 3170 τῶν
487 3117 827 3187 ἀγαπώντων
854 3136 916 3172 σε
950 3120 1262 3192 μεμνῆσθαι
1290 3119 1577 3193 διηνεκῶς,
1611 3118 1683 3174 τά
1713 3118 1947 3191 μέγιστα

350 3212 491 3283 ἡμῖν
528 3210 910 3283 χαριζόμενος.

612 3324 765 3399 [6H]
804 3330 875 3395 Lf.
915 3325 1146 3396 Μωῢσῇ
1181 3326 1513 3394 ἐπισκόπφ.

429 3410 600 3487 Οἶμαι
630 3417 729 3488 μὲν
759 3417 895 3488 μηδὲ
923 3418 1271 3491 γραμμάτων
1295 3436 1354 3472 σε
1380 3403 1588 3472 δεῖσθαι
1617 3416 1728 3471 τῶν
1747 3416 1946 3488 ἡμετέ-

355 3523 471 3579 ρων
508 3507 588 3568 είς
619 3504 680 3559 τὸ
705 3504 805 3576 τὴν
835 3508 1223 3578 προσήκουσαν
1252 3506 1507 3578 ἀνδρείαν
1548 3504 1944 3570 ἐπιδείξασθαι,

353 3593 455 3646 καὶ
486 3593 906 3663 ἀποστραφῆναι
936 3595 1062 3657 τοὺς
1085 3594 1323 3649 τοσαῦτα
1354 3593 1502 3650 κακὰ
1532 3592 1947 3665 ἐργασαμένους

353 3681 481 3744 ταῖς
518 3680 890 3754 Ἐκκλησίαις,
920 3682 1030 3735 ’καὶ
1061 3681 1159 3753 τὴν
1197 3682 1523 3755 οἰκουμένην
1555 3680 1814 3753 ταραχῶν
1846 3682 1949 3750 ἐμ·
1990 3694 1995 3697 ’

353 3768 702 3839 πλήσανταςο
737 3768 828 3823 διὰ
872 3768 982 3841 γὰρ
1025 3762 1101 3822 ὧν
1142 3769 1429 3841 ἐποίησας,
1470 3768 1766 3840 ἐδήλωσας.
1803 3766 1947 3821 Ἀλλ’

351 3856 545 3928 ἐπειδὴ
582 3857 843 3927 συνεχῶς,
885 3857 981 3911 καὶ
1018 3857 1087 3911 δι’
1111 3857 1352 3929 ἑκάστης
1399 3857 1729 3928 προφάσεως
1777 3872 1948 3929 προσ-

353 3944 695 4015 φθέγγεσθαί
722 3962 816 3999 σου
845 3944 946 4017 τὴν
974 3944 1265 3999 εὐλάϐειαν
1296 3945 1423 4016 ἐμοὶ
1454 3943 1944 4016 περισπούδαστον,

355 4033 457 4085 καὶ
488 4031 580 4086 νῦν
610 4032 681 4086 τά
710 4032 850 4088 αὑτά
878 4032 1208 4105 παρακαλῶ,
1237 4031 1380 4086 ὥστε
1409 4031 1572 4087 αὐτόν
1596 4048 1658 4085 τε
1680 4034 1746 4104 τῇ
1774 4047 1949 4102 προσ-

351 4119 568 4193 ηκούσῃ
628 4120 852 4193 ἀνδρείᾳ
902 4119 1210 4192 χρήσασθαι
1257 4122 1339 4185 είς
1386 4119 1448 4175 τὸ
1502 4118 1946 4191 ἀποστρέφεσθαι

353 4207 625 4273 ἐκείνους,
649 4207 778 4272 τούς
808 4225 870 4262 τε
895 4208 1092 4272 ἀλλους
1120 4207 1370 4272 ἅπαντας
1390 4209 1471 4271 είς
1492 4205 1653 4261 τοῦτο
1676 4207 1942 4279 ἀλείφειν.

354 4298 439 4350 Ού
468 4296 577 4369 γὰρ
615 4297 813 4369 μικρὸς
853 4295 985 4367 ὑμῖν
1014 4294 1261 4350 κείσεται
1292 4295 1322 4348 ό
1352 4294 1566 4367 μισθὸς,
1595 4296 1645 4348 εί
1671 4295 1801 4358 τοὺς
1833 4312 1948 4365 χει-

357 4383 518 4457 μῶνα
536 4384 792 4438 τοσοῦτον
813 4384 1151 4454 ἀνάψαντας,
1176 4384 1272 4437 καὶ
1293 4382 1357 4437 τὸ
1379 4384 1490 4437 πᾶν
1508 4381 1897 4454 ἐμπλήσαντας
1917 4395 1943 4424 ι

357 4472 576 4545 μυρίων
598 4474 936 4540 σκανδάλων,
958 4471 1204 4543 μέλλοιτε
1225 4470 1669 4542 ἀποστρέφεσθαι
1686 4470 1764 4535 ὡς
1786 4487 1949 4543 προσ·

356 4561 497 4633 ῆκόν
523 4562 658 4615 ἐστι.
687 4562 797 4615 Καὶ
825 4562 932 4633 γάρ
966 4560 1234 4632 μεγίστην
1262 4558 1519 4613 ἐντεῦθεν
1547 4558 1618 4613 τά
1641 4562 1949 4630 πράγματα

355 4651 592 4722 λήψεται
622 4652 928 4723 διόρθωσιν.
959 4651 1069 4705 Καὶ
1100 4648 1257 4722 ήμῶν
1279 4649 1336 4703 δὲ
1369 4648 1478 4703 τῶν
1511 4647 1852 4718 ἀγαπώντων
1887 4667 1948 4704 σε

356 4741 572 4814 σφόδρα
608 4741 877 4813 διηνεκῶς
928 4740 1240 4812 μεμνῆσθαι
1285 4739 1742 4811 παρακαλοῦμεν.
1778 4736 1949 4796 Οἶσθα

355 4830 473 4902 γὰρ
497 4832 645 4894 ὅπως
677 4830 998 4903 διετέθημεν
1019 4846 1080 4884 τε
1109 4830 1205 4889 καὶ
1230 4828 1554 4901 διακείμεθα
1582 4829 1672 4884 ἀεὶ
1696 4830 1827 4901 περ).
1848 4830 1948 4900 τὴν

359 4919 467 4992 σὴν
496 4918 691 4975 εύλάδε
699 4937 805 4974 ιαν.

689 5038 813 5101 ιιΑ’.
857 5032 1131 5103 Ῥωμανῷ
1168 5032 1553 5103 πρεσϐυτέρῳ
1584 5034 1631 5087 δ.

436 5125 551 5180 Καὶ
591 5125 753 5179 τοῦτο
801 5124 914 5186 σὺν,
955 5123 1051 5178 καὶ
1082 5124 1182 5190 τῆς
1217 5123 1459 5194 μεγάλης
1494 5140 1590 5176 σου
1621 5122 1716 5177 καὶ
1740 5121 1954 5192 ὑψηλῆς

359 5218 465 5276 καὶ
490 5216 778 5288 φιλοσόφου
808 5217 1054 5287 γνώμης,
1084 5215 1147 5271 τὸ
1172 5214 1305 5285 μηδὲ
1339 5215 1399 5267 ἐν
1431 5213 1664 5284 χειμῶνι
1682 5215 1954 5269 τοσούτων

360 5310 712 5383 πραγμάτων
743 5308 1097 5364 ἐπιλαθέσθαι
1124 5307 1225 5378 τῆς
1255 5307 1533 5379 ἡμετέρας
1563 5307 1804 5379 ἀγάπης,
1820 5306 1956 5361 ἀλλά

361 5404 559 5476 μένειν
608 5402 865 5473 ἀκίνητον
895 5402 991 5455 καὶ
1039 5398 1397 5471 ἀκμάζουσαν
1442 5397 1806 5469 διατηροῦντα
1859 5398 1957 5470 τὴν

361 5496 509 5569 πρὸς
538 5496 689 5567 ἡμᾶς
722 5493 927 5565 φιλίαν.
961 5491 1135 5546 Τοῦτο
1176 5491 1286 5564 γάρ
1327 5489 1501 5560 ἔγνων
1539 5491 1635 5560 μὲν
1677 5491 1773 5544 καὶ
1796 5492 1956 5561 κπαρά

357 5589 478 5645 τῶν
504 5587 715 5641 ἐκεῖθεν
745 5584 1160 5656 ἀφικνουμένων
1188 5582 1398 5653 σαφῶς,
1437 5580 1586 5657 ᾔδειν
1609 5581 1667 5635 δὲ
1696 5582 1792 5638 καὶ
1826 5581 1956 5652 πρὶν

434 5703 459 5732 ⁸
484 5702 612 5753 Tres
632 5712 752 5751 mss.
771 5700 853 5748 καὶ
873 5698 1051 5761 πάντας
1070 5697 1417 5761 ἐμπλήσαντας.

433 5763 464 5805 1³
488 5764 753 5814 Vaticanus
793 5762 944 5810 habet
969 5752 1533 5823 ’Βωμξανῷπρεσᾷυτέρερ
1564 5756 1780 5823 μοναχῷ.
1823 5752 1955 5806 Infra

435 5773 464 5805 D
491 5773 753 5814 valicanus
793 5773 944 5810 nabel.
970 5773 1203 5822 Ῥωμανῳ
1225 5773 1462 5823 πρεσῦυτε
1564 5773 1780 5819 μοναχῳ.
1825 5773 1955 5806 mira

357 5828 470 5895 ᾀιιρ
488 5838 607 5874 mss.
630 5823 753 5895 ἀλλά
774 5823 943 5886 μένειν.
981 5821 1108 5873 Edit.
1136 5821 1258 5870 ἀλλὰ
1282 5773 1638 5883 μεῖναιμρίειιυιο
1680 5824 1789 5882 post
1829 5831 1985 5869 unua~

359 5889 546 5952 ἐτέρων
565 5887 747 5948 μαθεῖν.

1803 392 2190 452 EPISTOLIE.

3522 386 3629 444 656

2039 508 2073 579 ἢ
2112 508 2240 578 παρ’
2275 505 2483 576 ἐτέρων
2513 502 2691 574 μάθω.
2722 497 2855 558 Οἶδα
2897 501 3007 572 γάρ
3052 518 3145 555 σου
3174 498 3236 554 τὸ
3268 499 3493 572 στερρὸν
3533 498 3631 555 καὶ

2035 599 2442 671 ἀπερίτρεπτον
2467 594 2569 664 τῆς
2589 594 2850 658 διανοίας,
2882 592 2944 646 τὸ
2971 591 3221 663 πεπηγὸς
3252 590 3348 645 καῖ
3372 591 3632 663 ἀκίνητον

2035 691 2138 762 τῆς
2162 689 2409 761 γνώμης.
2448 687 2542 743 Διὸ
2570 686 2668 742 καὶ
2701 684 2905 747 πολλὰς
2933 683 3045 754 ἕχω
3087 682 3317 755 χάριτας
3354 683 3421 753 τῇ
3448 681 3633 736 θεοσεο

2038 781 2163 854 ϐείᾳ
2207 784 2275 854 τῇ
2307 783 2397 853 σῇ,
2439 779 2536 834 καὶ
2585 775 2896 850 παρακαλῶ
2945 792 3038 829 σου
3069 774 3168 846 τὴν
3194 773 3505 839 εὐλάϐειαν,
3536 775 3635 830 καὶ

2038 877 2097 928 ἐν
2132 875 2401 945 μεγίστης
2444 871 2583 927 αίτῶ
2624 870 2849 942 χάριτος
2888 867 3046 940 μέρει
3065 878 3114 933 ε,
3143 866 3206 920 τὸ
3231 866 3471 937 συνεχῶς
3500 869 3634 938 ἡμῖν

2038 966 2398 1031 ἐπιστέλλειν,
2422 964 2591 1038 ήνίκα
2622 963 2688 1019 ἂν
2717 961 2835 1033 ἐξῇ.
2868 958 3039 1016 Οἶσθα
3068 958 3177 1030 γὰρ
3201 959 3332 1031 ὅσην
3363 957 3634 1029 δεχόμεθα

2039 1057 2389 1129 παράκλησιν
2419 1055 2517 1111 καὶ⁸
2558 1056 2617 1109 ἐν
2647 1052 2909 1125 ἀλλοτρίᾳ
2935 1050 3327 1122 διατρίϐοντες,
3362 1050 3490 1104 ὅταν
3536 1050 3633 1104 καὶ⁹

2038 1150 2348 1222 γράμματα
2375 1146 2658 1218 δεξώμεθα
2702 1145 2774 1201 τά
2818 1144 2951 1215 περὶ
2995 1143 3099 1213 τῆς
3149 1142 3343 1211 ὑγείας
3385 1142 3485 1213 τῆς
3532 1142 3634 1211 σῆς

2038 1242 2188 1312 ἡμᾶς
2214 1239 2698 1310 εὑαγγελιζόμενα.
2735 1235 2949 1306 Σφόδρα
2990 1233 3099 1304 γὰρ
3129 1231 3508 1304 ἐπιθυμοῦμεν
3537 1232 3634 1285 καὶ

2039 1329 2317 1401 ἐρρῶσθαι
2359 1329 2454 1384 καὶ
2482 1326 2754 1397 ὑγιαίνειν
2782 1323 2881 1395 τὴν
2910 1323 3010 1394 σὴν
3046 1321 3380 1387 θεοσέϐειαν,
3411 1322 3632 1391 ἐπειδή-

2040 1439 2147 1492 περ
2172 1424 2206 1493 ή
2234 1420 2395 1491 ὑγεία
2432 1422 2468 1493 ή
2502 1420 2570 1491 σὴ
2602 1417 2821 1487 πολλοῖς
2851 1414 3167 1495 στηριγμὸςλ
3198 1415 3295 1470 καὶ
3331 1412 3495 1488 λιμὴν
3538 1415 3635 1468 καὶ

2041 1513 2315 1586 βακτηρία
2336 1512 2619 1585 τυγχάνει,
2651 1510 2747 1567 καὶ
2771 1509 2981 1581 μυρίων
3016 1507 3456 1579 κατορθωμάτων
3501 1506 3636 1561 ὑπό-

2040 1605 2211 1669 θεσις.

2410 1698 2534 1764 1-,Β¹.
2572 1691 2803 1762 Μωϋσῇ
2836 1688 3276 1763 πρεσϐυτέρῳδ.

2041 1920 2128 1959 σιν
2168 1902 2510 1973 ἐγκειμένων
2556 1900 2655 1970 τῆς
2704 1898 2805 1969 σῆς
2855 1896 3194 1968 τιμιότητος,
3223 1893 3431 1964 σφόδρα
3473 1892 3635 1963 ήμῶν

2041 1994 2364 2067 ὑπερϐαίνει
2405 1993 2506 2064 τὴν
2549 1990 2848 2045 οὑθένειαν.
2885 1987 2977 2042 Διὸ
2998 1987 3205 2042 τούτων
3233 1986 3525 2059 ἀφέμενος,
3557 1985 3633 2056 μὴ

2040 2085 2295 2157 διαλίπῃς
2327 2082 2624 2154 εὐχόμενος
2653 2077 2795 2148 ὑπέρ
2819 2093 2879 2130 τε
2910 2076 3006 2131 τοῦ
3042 2075 3223 2131 κοινοῦ
3253 2073 3363 2129 τῶν
3404 2072 3635 2143 Ἐκκλη-

2044 2177 2200 2244 σιῶν,
2237 2177 2381 2249 ὑπέρ
2414 2192 2476 2229 τε
2515 2174 2617 2245 τῆς
2662 2169 3049 2234 ταπεινώσεως
3078 2169 3181 2240 τῆς
3209 2167 3507 2243 ἡμετέρας,
3540 2165 3637 2220 καὶ

2040 2270 2134 2325 τὸν
2163 2267 2546 2341 φιλάνθρωπον
2579 2266 2915 2343 παρακαλῶν
2942 2264 3075 2320 Θεὸν
3102 2262 3285 2318 δοῦναι
3326 2260 3481 2315 λύσιν
3520 2261 3635 2324 τοῖς

2044 2360 2414 2417 καταλαδοῦσι
2445 2360 2546 2432 τὴν
2569 2360 2895 2432 οἰκουμένην
2921 2359 3132 2421 κακοῖς.
3164 2354 3355 2426 Εύχῶν
3388 2352 3498 2425 γὰρ
3534 2353 3637 2424 μό-

2042 2469 2149 2507 νων
2177 2451 2248 2509 τά
2271 2450 2513 2522 παρόντα
2528 2450 2700 2505 δεῖται
2728 2450 3052 2521 πράγματα,
3076 2446 3172 2501 καὶ
3196 2443 3371 2515 εὐχῶν
3398 2443 3638 2513 μάλιστα

2043 2546 2153 2601 τῶν
2183 2545 2488 2617 ὑμετέρων,
2513 2543 2622 2598 τῶν
2645 2543 2848 2614 πολλὴν
2881 2542 3020 2615 πρὸς
3039 2541 3130 2595 τὸν
3158 2538 3293 2594 Θεὸν
3322 2536 3639 2609 παρρησίαν

2045 2636 2426 2707 κεκτημένων.
2450 2635 2545 2707 Μὴ
2575 2635 2639 2707 δὴ
2671 2634 2961 2706 διαλίπητε
2994 2632 3151 2687 τοῦτο
3171 2630 3406 2692 ἐκτενῶς
3427 2627 3639 2685 ποιοῦν-

2043 2748 2136 2795 τες
2155 2745 2169 2763 ο
2202 2730 2298 2784 καὶ
2323 2731 2454 2801 ἡμῖν
2479 2728 2560 2793 δὲ,
2588 2727 2752 2799 ήνίκα
2775 2726 2842 2782 ἂν
2874 2725 2993 2797 ἐξῇ,
3028 2722 3268 2793 συνεχῶς
3299 2719 3636 2776 ἐπιστέλλειν

2049 2824 2126 2894 μὴ
2153 2823 2495 2876 κατοκνεῖτεο
2526 2821 2589 2873 οὐ
2614 2819 2723 2890 γάρ
2746 2819 2882 2872 πολὺ
2905 2819 3006 2889 τῆς
3029 2815 3148 2871 ὁδοῦ
3170 2814 3233 2868 τὸ
3258 2815 3452 2885 μῆκος.
3480 2810 3635 2884 [642]

2047 2914 2259 2986 Σφόδρα
2283 2913 2393 2984 γὰρ
2422 2909 2799 2982 ἐπιθυμοῦμεν
2835 2907 3128 2980 μανθάνειν
3160 2906 3290 2976 περὶ
3313 2904 3412 2977 τῆς
3446 2903 3640 2977 ὑμετέ-

2051 3023 2151 3076 ρας
2182 3004 2389 3074 ὑγείας,
2411 3003 2645 3073 ἐπείπερ
2666 3000 2820 3073 ὑμῶν
2843 3002 2878 3072 ή
2905 2998 3062 3068 ὑγεία
3088 2995 3304 3060 πολλοῖς
3330 2993 3639 3065 στηριγμός

2047 3097 2145 3155 καὶ
2164 3096 2509 3169 παράκλησις
2527 3094 2756 3163 γίνεται.
2773 3092 2886 3147 Ἀεὶ
2916 3090 3014 3163 μὲν
3043 3088 3154 3160 γὰρ
3183 3086 3339 3158 ὑμῶν
3360 3084 3519 3159 χρεία
3536 3084 3638 3155 τῆς

2049 3192 2218 3262 ζωῆς,
2256 3189 2490 3260 μάλιστα
2522 3187 2580 3241 δὲ
2603 3184 2698 3240 νῦν
2732 3186 2791 3239 ἐν
2817 3181 3057 3252 τοσούτῳ
3085 3177 3315 3251 χειμῶνι
3341 3174 3439 3231 καὶ
3465 3172 3636 3244 ζόφῳ,

2050 3282 2328 3353 ἶν’ῶσπερ
2378 3278 2612 3350 καθαροὶ
2663 3276 2951 3347 φωστῆρες
2996 3270 3332 3342 φαινόμενοι.
3381 3265 3640 3353 λάμπητε

2046 3375 2161 3437 τοῖς
2198 3351 2618 3444 χειμαζομένοις
2656 3366 2752 3421 καὶ
2786 3357 3399 3432 κλυδωνιζομένοις.⁰’ῐν’
3425 3351 3517 3415 οὖν
3544 3354 3642 3408 καὶ

2049 3466 2211 3536 ἡμεῖς
2248 3463 2598 3534 εὑθυμῶμεν,
2646 3458 2831 3515 πυκνά
2865 3455 3114 3527 πέμπετε
3145 3454 3281 3524 ἡμῖν
3309 3449 3637 3522 γράμματα,

2049 3555 2178 3627 περὶ
2204 3554 2305 3625 τῆς
2335 3552 2525 3622 ὑγείας
2556 3551 2655 3622 τῆς
2690 3546 2966 3621 ὑμετέρας
2996 3541 3489 3613 εὑαγγελιζόμενα,
3541 3539 3640 3593 καὶ

2048 3647 2109 3701 οὐ
2143 3644 2345 3717 μικράν
2377 3639 2788 3713 καρπωσόμεθα
2816 3634 3186 3708 παράκλησιν,
3219 3632 3285 3686 ἂν
3312 3629 3485 3684 ταῦτα
3514 3646 3643 3683 συντ

2048 3736 2189 3809 εχῶς
2223 3734 2583 3809 μανθάνωμεν
2628 3732 2757 3803 περὶ
2800 3729 2902 3799 τῆς
2951 3725 3267 3797 τιμιότητος
3307 3722 3410 3793 τῆς
3443 3720 3641 3792 ὑμετέ-

2053 3848 2174 3903 ρας.

2049 3886 2175 3993 .
2229 3920 2533 3993 Ἂςρθογτζῳ,
2582 3915 2885 3993 Θεοδότῳζ
2913 3912 3129 3993 Χαιρέᾳ
3154 3950 3170 3974 ,
3214 3886 3642 3993 πρεσϐυτέρρνς

2121 3976 2618 4073 καὶ-ᾖονάζοὶισι,
2666 3985 2767 4043 καὶ
2803 3976 2957 4042 ,πᾶσι
2998 3976 3124 4049 ἑοῖς
3165 3976 3278 4049 τῆς·
3320 3976 3642 4044 συνζοικίας

2119 4067 2348 4135 ὐμῶνο.

2118 4156 2278 4228 Φέρει
2327 4154 2426 4226 μέν
2478 4170 2531 4206 τι
2582 4150 2745 4206 πλέον
2788 4149 2871 4214 είς
2917 4143 3274 4218 παραμυθίας
3326 4142 3484 4210 λόγον
3528 4143 3639 4204 τοϊς

2048 4247 2309 4316 ἀγαπῶσι
2351 4246 2447 4299 καὶ
2480 4246 2515 4316 ή
2555 4240 2844 4314 σωματικὴ
2874 4236 3145 4310 παρουσία
3188 4233 3297 4289 τῶν
3339 4230 3642 4301 ἀγαπωμέ-

2048 4338 2346 4397 νων.“Ἐπεὶ
2375 4335 2470 4393 καὶ
2501 4337 2530 4390 ό
2562 4332 2832 4406 μακάριος
2869 4329 3081 4394 Παῦλος
3129 4325 3401 4398 συνεχῶς,
3440 4321 3640 4395 μᾶλλον

2048 4432 2105 4489 δὲ
2134 4429 2419 4503 διηνεκῶς,
2441 4428 2538 4502 τὴν
2568 4426 2897 4497 οἰκουμένην
2927 4423 3146 4478 ἃπασαν
3177 4418 3288 4472 τῶν
3316 4415 3524 4470 πιστῶν
3547 4415 3645 4469 ἐπὶ

2048 4523 2149 4594 τῆς
2177 4521 2343 4577 αὑτοῦ
2374 4520 2608 4584 διανοίας
2646 4515 2980 4588 περιφέρων,
3020 4513 3116 4567 καὶ
3141 4510 3263 4565 οὐδὲ
3285 4510 3342 4561 ἐν
3362 4510 3484 4571 ταῖς
3508 4504 3641 4559 ἀλύ-

2053 4634 2224 4681 σεσιν,
2261 4615 2383 4670 οὑδέ
2413 4616 2470 4669 ἐν
2498 4615 2610 4677 τοῖς
2639 4611 2876 4682 δεσμοῖς,
2903 4607 2999 4661 καὶ
3028 4607 3087 4659 ἐν
3119 4606 3185 4675 τῇ
3218 4600 3486 4671 ἀπολογία
3508 4598 3528 4638 ί
3555 4599 3643 4652 ἀνρ

2051 4710 2308 4782 εχόμενος
2329 4708 2526 4770 αὐτοὺς
2561 4702 2857 4761 ἀποθέσθαι
2873 4718 2889 4733 ο
2918 4699 2949 4754 δ
2975 4699 3069 4755 καὶ
3093 4695 3290 4767 δηλῶν,
3323 4692 3477 4759 ἔλεγε
3499 4708 3513 4722 ο
3540 4690 3645 4745 Διά

2052 4804 2119 4858 τὸ
2152 4803 2318 4873 ἔχειν
2337 4818 2417 4875 με
2443 4800 2512 4855 ὲν
2535 4797 2611 4867 τῇ
2637 4796 2851 4867 καρδίᾳ
2879 4792 3053 4864 ὑμᾶς,
3072 4791 3142 4846 ἐν
3162 4807 3227 4844 τε
3248 4787 3372 4853 τοῖς
3398 4782 3645 4854 δεσμοῖς

2048 4914 2189 4968 μου,
2208 4894 2308 4949 καὶ
2334 4895 2407 4950 ἐν
2425 4891 2501 4961 τῇ
2528 4890 2827 4961 ἀπολογίᾳ
2857 4887 2957 4942 καί
2978 4880 3299 4954 βεϐαιώσει
3325 4879 3432 4936 τοῦ
3453 4880 3647 4950 Ebur-

2056 4986 2263 5057 γελίου
2289 5001 2304 5015 ⁸
2341 4982 2481 5055 μετὰ
2515 4980 2717 5052 πολλῆς
2745 4979 2844 5051 τῆς
2884 4975 3122 5046 σπουδῆς
3157 4972 3252 5027 καὶ
3280 4971 3383 5043 τὴν
3412 4970 3508 5024 τοῦ
3536 4970 3646 5023 σώ-

2059 5094 2229 5151 ματος
2260 5076 2515 5146 ἐπεζήτει
2549 5071 2875 5144 παρουσίαν,
2921 5067 3063 5125 οὑτω
3106 5067 3301 5136 λέγων·
3347 5065 3547 5137 Ἡμεῖς
3577 5064 3647 5119 δὲ

2056 5167 2612 5240 ἀπορφανισθέντες
2675 5165 2774 5235 ἀφ’
2808 5161 2978 5234 ὑμῶν
3022 5160 3173 5230 πρὸς
3216 5161 3429 5230 καιρὸν
3466 5159 3646 5227 ὥρας,

2058 5261 2378 5335 προσώπῳ,
2408 5261 2479 5314 οὐ
2511 5257 2746 5328 καρδίᾳ,
2778 5254 3221 5325 περισσοτέρως
3256 5250 3648 5308 ἐσπουδάσα·

2052 5371 2172 5426 μεν
2196 5352 2267 5407 τὸ
2289 5352 2618 5421 πρόσωπον
2649 5346 2817 5418 ὑμῶν
2845 5345 3089 5402 ἰδεῖν-,Ὃ
3122 5344 3188 5416 δὴ
3232 5344 3327 5397 καὶ
3357 5344 3518 5416 ήμεῖς
3544 5342 3651 5397 πά-

2061 5444 2262 5519 σχομεν
2290 5444 2407 5509 νῦν,
2435 5442 2545 5496 τῶν
2586 5458 2647 5496 τε
2689 5438 3014 5512 ἑωρακότων
3060 5437 3230 5507 ἡμᾶς,
3277 5434 3388 5489 τῶν
3437 5450 3497 5486 τε
3546 5433 3647 5503 οὐχ

2060 5537 2388 5610 ἑωρακότων
2425 5534 2564 5606 μετά
2596 5532 2805 5603 πολλῆς
2846 5533 2946 5604 τῆς
2992 5529 3231 5599 σπουδῆς
3259 5525 3647 5600 ἐπιζητοῦντες

2124 5632 2147 5662 ε
2172 5629 2283 5680 Dun
2308 5641 2427 5677 mss.
2454 5627 2502 5697 ἐν
2529 5625 2737 5688 μεγίστῳ
2758 5640 2816 5672 σε
2839 5624 2959 5671 αἰτῶ
2976 5620 3167 5686 χάριτος
3186 5620 3333 5733 page!"

2120 5690 2147 5731 εί
2172 5690 2324 5740 Addit.
2366 5690 2553 5751 Regius
2592 5687 2857 5750 μονάζοντι.
2899 5685 3056 5734 Paulo
3097 5689 3213 5744 post.
3295 5689 3333 5730 al

2059 5756 2252 5805 δένειαν.

2123 5829 2147 5856 o
2175 5811 2329 5863 Vatic.
2355 5818 2439 5871 τῆς
2460 5811 2676 5866 συνοδίας
2696 5810 2846 5871 ὑμῶν.

2135 5876 2155 5917 ί
2186 5875 2321 5938 Haec,
2354 5865 2482 5938 ἐν’τῇ
2504 5865 2758 5937 nomen},
2783 5871 2956 5920 absunt
2979 5882 3008 5917 a
3029 5865 3155 5929 Reg.
3180 5874 3235 5918 et
3255 5881 3284 5918 ιι
3302 5867 3556 5918 Vatlcano.

3295 5682 3408 5731 alio.
3452 5680 3542 5739 τὴν
3564 5680 3649 5729 ού-
