3906 6380
251 402 349 458 657

249 517 533 587 quirimus.
561 519 824 589 Quoniam
847 529 1024 577 autem
1053 520 1103 577 id
1134 537 1275 578 nunc
1305 523 1524 581 minime
1552 525 1673 580 licet
1691 526 1836 596 (nam

249 611 427 665 etviae
475 611 774 682 longitudo,
819 622 875 668 et
923 623 1155 684 tempus,
1209 625 1264 670 et
1309 618 1623 686 prmdonum
1667 629 1841 674 metus

252 703 638 772 impedimento
690 717 854 773 sunt,
891 722 957 762 ac
1000 715 1254 777 prieterea
1305 726 1374 765 ne
1425 711 1581 766 nobis
1627 713 1842 782 quidem

249 794 416 849 domo
461 796 744 864 excedere,
786 812 850 852 ac
879 798 1064 869 longas
1115 801 1574 870 peregrinationes
1607 804 1742 858 inire
1769 803 1844 856 fa-

249 889 354 942 cile
386 890 512 956 est),
557 890 702 959 quod
729 891 1024 946 secundum
1053 900 1136 947 est
1157 934 1172 957 ,
1205 893 1438 948 debitam
1470 895 1621 948 vobis
1648 896 1847 950 saluta-

251 978 453 1033 tionem
498 981 858 1049 persolvimus
889 1002 904 1038 :
935 989 1095 1052 atque
1147 991 1273 1037 ante
1320 984 1490 1053 ipsam
1530 985 1691 1038 etiam
1740 999 1839 1038 vos

250 1089 502 1143 rogamus
547 1085 602 1130 et
638 1077 1006 1145 obsecramus,
1055 1087 1213 1148 atque
1253 1092 1283 1132 a
1326 1077 1477 1134 vobis
1533 1079 1844 1148 amplissimi

249 1165 495 1220 beneﬁcii
516 1166 638 1221 loco
659 1169 910 1237 petimus,
940 1178 999 1222 ut
1026 1168 1078 1222 in
1107 1168 1563 1240 vestrisprecibus
1590 1178 1848 1239 perpetuo

252 1257 423 1311 nostri
453 1273 722 1314 memores
771 1260 911 1325 sitis,
941 1259 1266 1330 obuixeque,
1315 1270 1370 1316 et
1415 1278 1536 1316 eum
1568 1262 1842 1333 lacrymis,

251 1347 318 1401 ad
347 1348 559 1418 benigni
601 1350 693 1404 Dei
733 1351 898 1420 pedes
929 1353 1143 1406 vilitatis
1175 1363 1375 1407 nostra:
1402 1368 1562 1408 causa
1603 1356 1847 1425 vosipsos

253 1440 606 1508 provolvatis.
631 1441 763 1496 Nam
786 1457 907 1497 cum
931 1445 1266 1513 negotiorum
1290 1443 1447 1513 hujus
1463 1447 1584 1500 vita:
1604 1447 1844 1514 euripum

250 1531 568 1600 ell'ugeritis,
595 1533 848 1603 fumoque
875 1550 938 1590 ac
991 1545 1305 1605 tempestate
1339 1537 1596 1590 malorum
1627 1552 1844 1602 eorum,

251 1638 374 1693 quae
398 1623 451 1676 in
475 1623 653 1678 medio
683 1635 984 1690 versantur,
1009 1627 1218 1681 liberati
1247 1628 1385 1692 sitis,
1415 1631 1728 1698 animasque
1759 1644 1850 1682 ve-

251 1727 394 1771 stras
421 1719 473 1771 in
511 1718 974 1786 praeclarissimum
1022 1719 1244 1788 hujusce
1296 1720 1644 1789 pltilttsolillltl:
1683 1721 1844 1786 litus,

251 1823 361 1862 non
381 1823 537 1864 secus
565 1820 725 1879 atque
753 1811 803 1864 in
821 1812 1162 1881 tranquillum
1186 1813 1470 1880 quemdam
1499 1813 1848 1881 fluctibusque

251 1915 479 1954 vacuum
504 1911 712 1969 portum
743 1903 1075 1971 appuleritis,
1102 1917 1390 1973 noctesque
1417 1920 1512 1973 per
1540 1919 1723 1957 sacras
1755 1919 1848 1957 ex—

251 1989 442 2045 cubias
486 1990 538 2044 in
592 1991 709 2046 (lies
762 1994 1114 2057 mutaveritis,
1174 1995 1225 2047 in
1275 1994 1445 2063 iiSque
1491 1994 1844 2062 Splendidius,

250 2097 414 2152 quam
437 2083 525 2136 alii
556 2083 809 2150 interdiu,
833 2087 1064 2139 cernatis
1093 2107 1106 2142 :
1139 2102 1349 2156 aequum
1378 2103 1509 2142 sane
1551 2088 1708 2142 fuerit
1754 2101 1848 2142 vos

253 2187 473 2241 precum
520 2183 816 2229 vestrarum
863 2177 1118 2230 auxilium
1145 2178 1299 2231 nobis
1348 2179 1637 2247 impertire.
1678 2176 1846 2232 Nobis

253 2267 400 2321 enim
435 2269 594 2322 etiam
626 2284 655 2322 e
683 2269 1123 2324 tantointervallo
1153 2269 1236 2324 his
1258 2269 1356 2324 frui
1389 2271 1510 2325 licet
1541 2288 1553 2324 :
1583 2272 1848 2325 neclocus

251 2358 397 2412 ullus
424 2369 524 2424 est,
553 2369 645 2414 aut
689 2369 898 2429 tempus
929 2363 1119 2428 ullum,
1167 2363 1309 2432 quod
1349 2362 1650 2430 hujusmodi
1691 2378 1846 2432 opem

252 2449 648 2520 interrumpere
709 2460 887 2521 queat.
936 2452 1295 2520 Quamobrem
1365 2454 1639 2523 suppetias
1695 2455 1850 2508 nobis

252 2537 412 2604 ferte,
445 2554 509 2594 ac
560 2556 656 2609 per
689 2552 894 2596 vestras
931 2557 1119 2612 preces
1169 2559 1382 2598 manum
1413 2546 1688 2614 porrigite.
1715 2545 1847 2599 Nam

253 2630 358 2686 hoc
388 2632 681 2686 maximum
713 2634 956 2688 caritatis
977 2651 1149 2704 genus
1178 2647 1280 2690 est.
1322 2637 1398 2690 Ac
1425 2647 1624 2706 praeter
1657 2640 1854 2691 oratio-

253 2738 374 2787 nes,
397 2723 464 2777 de
486 2735 663 2778 vestra
685 2740 898 2794 quoque
928 2727 1232 2780 valetudine
1251 2729 1511 2781 certiores
1549 2742 1645 2780 nos
1672 2729 1848 2782 facere

254 2831 324 2870 ne
349 2817 672 2886 gravemini,
702 2833 807 2887 quo
825 2818 948 2872 hinc
974 2834 1186 2888 quoque
1215 2819 1445 2872 maxima
1477 2819 1848 2874 consolatione

250 2907 574 2971 afficiamur,
606 2909 892 2978 quamdam
931 2924 999 2964 ex
1044 2921 1218 2964 vestra
1249 2911 1477 2965 caritate
1519 2912 1846 2980 voluptatem

251 2999 551 3068 capientes,
583 3001 940 3071 absentesque
969 3016 1086 3066 vos,
1119 3018 1222 3056 non
1248 3017 1404 3056 secus
1430 3017 1494 3057 ac
1522 3013 1843 3072 praesentes,

253 3091 326 3144 ob
353 3092 538 3146 oculos
567 3102 781 3147 nostros
814 3105 1176 3163 proponentes
1205 3113 1218 3148 :
1251 3095 1517 3164 siquidem
1559 3110 1622 3148 ea
1652 3094 1848 3148 sinceri

252 3183 456 3237 atnoris
483 3184 561 3238 vis
585 3193 688 3246 est,
725 3194 780 3238 ut
801 3183 961 3238 etiam
994 3184 1300 3254 hujusmodi
1322 3186 1609 3240 simulacra
1641 3187 1844 3255 pingat.

256 3276 331 3329 Ita
352 3276 461 3340 fiet,
491 3286 548 3330 ut
573 3278 782 3332 etiamsi
816 3279 866 3331 in
913 3279 1200 3332 solitudine
1233 3279 1391 3349 longe
1444 3279 1543 3333 hac
1571 3279 1848 3334 acerbiore

253 3368 411 3422 nobis
437 3370 646 3423 versari
697 3373 994 3442 contingat,
1035 3386 1282 3441 magnam
1314 3381 1491 3428 tamen
1519 3372 1846 3427 consolatio-

252 3477 381 3518 nem
411 3465 706 3533 capiamus.

325 3597 453 3654 XCI
469 3597 528 3652 V.
575 3597 843 3655 Pentadiw
869 3602 1183 3657 diaconisste.
1209 3600 1388 3675 (Anno
1416 3602 1518 3657 401
1546 3603 1629 3658 vel
1649 3603 1798 3678 405.)

325 3731 661 3804 Quamquam
688 3734 816 3787 mihi
856 3743 942 3788 tua
974 3751 1099 3804 erga
1129 3751 1215 3790 me
1243 3735 1440 3790 caritas
1467 3735 1696 3790 antehac
1733 3737 1842 3806 jam

250 3825 530 3893 explorata
560 3835 696 3892 erat,
723 3827 918 3896 quippe
957 3829 1046 3897 qui
1089 3843 1149 3883 re
1178 3828 1288 3896 ipsa
1317 3831 1432 3896 ejus
1461 3828 1844 3882 documentum

248 3917 518 3986 cepissem
552 3939 564 3974 :
596 3927 777 3974 tamen
817 3934 936 3972 eam
967 3921 1203 3988 apertius
1240 3934 1307 3973 ex
1339 3920 1440 3973 tuis
1465 3920 1530 3972 ad
1562 3935 1647 3974 me
1677 3919 1843 3974 literis

247 4008 500 4077 cognovi.
551 4011 629 4064 Ac
670 4021 951 4080 prepterea
998 4026 1341 4080 summopere
1386 4019 1438 4065 te
1489 4011 1647 4065 laudo
1686 4020 1843 4080 atque

247 4099 510 4167 admiror,
563 4117 669 4156 non
727 4118 792 4157 eo
839 4103 1116 4157 dumtaxat
1166 4105 1400 4167 nomine,
1459 4103 1601 4173 quod
1648 4103 1715 4158 ad
1757 4120 1843 4159 me

247 4191 556 4260 scripseris,
589 4193 683 4248 sed
712 4195 872 4249 etiam
903 4196 1042 4264 quod
1072 4210 1133 4249 ea
1161 4196 1338 4248 omnia
1360 4210 1478 4265 qua:
1506 4195 1844 4265 contigerunt

246 4287 590 4355 exposueris.
622 4287 732 4342 Hoc
769 4289 912 4342 enim
941 4287 1154 4342 femina:
1181 4298 1264 4342 est
1300 4297 1352 4342 et
1392 4288 1460 4342 de
1486 4304 1608 4343 meo
1633 4304 1756 4358 erga
1783 4303 1842 4344 se

245 4377 433 4431 animo
455 4379 672 4434 minime
700 4379 1010 4441 dubitantis,
1041 4389 1097 4434 et
1123 4381 1191 4434 de
1219 4397 1397 4434 rerum
1431 4395 1670 4434 mearum
1699 4389 1839 4434 statu

244 4468 564 4523 laborantis.
590 4471 822 4526 Proinde
847 4471 1052 4541 gaudeo
1075 4482 1130 4526 et
1157 4474 1387 4539 exsulto,
1423 4474 1836 4542 maximamque,

243 4561 412 4614 etiam
461 4562 514 4614 in
566 4571 672 4616 tam
727 4563 942 4618 deserto
995 4564 1112 4618 loco
1155 4565 1375 4634 degens,
1416 4566 1838 4620 consolationem

242 4651 383 4704 mihi
407 4653 631 4720 positam
662 4669 783 4708 esse
817 4656 954 4710 duco
995 4657 1045 4709 in
1069 4673 1152 4720 ea,
1199 4674 1358 4727 quam
1401 4659 1454 4712 in
1480 4659 1729 4713 omnibus
1756 4675 1842 4714 re-

239 4743 348 4796 bus
368 4743 614 4812 adhibes,
641 4746 968 4810 fortitudine,
997 4750 1260 4803 constanti
1307 4751 1591 4810 sententia,
1639 4750 1837 4820 ingenti

241 4836 550 4905 prudentia,
599 4837 792 4909 lingua:
823 4840 1092 4907 libertate,
1137 4857 1200 4896 ac
1237 4843 1450 4896 sublimi
1494 4841 1709 4908 fiducia,
1745 4860 1840 4913 per

239 4945 408 4998 quam
437 4939 491 4984 et
518 4931 860 4988 adversarios
889 4935 1178 5015 ignominia
1211 4936 1486 5005 perfodisti
1514 4945 1567 4990 et
1599 4939 1836 4991 mortife-

241 5036 365 5075 ram
395 5021 607 5079 diabolo
635 5027 842 5096 plagam
878 5026 1139 5093 iuﬂixisti,
1169 5039 1223 5082 et
1248 5044 1341 5083 eos
1370 5030 1458 5099 qui
1490 5044 1588 5099 pro
1611 5033 1836 5085 veritate

237 5117 600 5174 decertabant
651 5121 718 5174 ad
777 5121 1138 5176 dimicandum
1176 5123 1384 5190 acuisti,
1438 5139 1502 5180 ac
1558 5124 1833 5179 fortissimi

239 5211 430 5266 militis
457 5211 624 5266 instar
647 5214 961 5281 praeclarum
1007 5213 1059 5266 in
1104 5213 1246 5268 bello
1293 5224 1551 5283 tropzeum
1594 5217 1832 5282 erexisti,

245 5299 687 5374 luculentamque
737 5303 1013 5358 victoriam
1057 5303 1247 5372 adepta
1288 5320 1386 5370 es,
1438 5321 1630 5375 meque
1673 5309 1833 5361 etiam

242 5400 391 5444 tanta
416 5393 688 5462 voluptate
708 5394 1064 5464 complevisti,
1094 5405 1150 5449 ut
1171 5410 1238 5448 ne
1269 5395 1319 5449 in
1348 5396 1518 5450 aliena
1540 5397 1754 5466 quidem
1784 5407 1838 5452 ct

243 5485 526 5554 peregrina
558 5487 796 5554 regione.
827 5502 928 5542 nec
956 5487 1006 5540 in
1037 5487 1346 5552 solitudine,
1386 5504 1570 5542 verum
1595 5489 1714 5543 istic
1743 5507 1835 5544 vo-

242 5576 450 5632 biscum
477 5594 563 5634 me
583 5593 703 5634 esse
730 5581 1051 5646 existimem,
1080 5597 1448 5652 summamque
1468 5598 1534 5638 ex
1570 5583 1732 5637 animi
1762 5585 1834 5638 tui

240 5669 439 5724 virtute
469 5672 794 5738 voluptatem
819 5671 1048 5740 capiam.

327 5759 412 5814 Vis
440 5761 683 5815 veritatis.
716 5791 786 5800 —
805 5761 1161 5828 Quamobrem
1183 5763 1354 5833 gaude
1382 5773 1432 5818 et
1454 5763 1660 5828 lzetare,
1693 5763 1832 5834 quod

249 5851 550 5923 hujusmodi
582 5853 856 5910 victoriam
899 5863 1180 5926 asscquuta
1225 5856 1318 5923 sis,
1345 5866 1503 5927 atque
1529 5855 1828 5927 hujusuiudi

1219 5983 1246 6004 ο

1751 410 2122 469 El’lSTOLxﬁ.

3440 421 3544 476 658

1953 528 2254 582 belluarum
2282 543 2374 584 ora
2404 529 2542 586 facili
2576 532 2786 600 negotio
2815 533 3235 601 compresseris,
3265 533 3543 604 impuden-

1950 625 2140 688 tesque
2169 635 2353 675 eorum
2381 622 2586 692 linguas
2613 632 2667 678 et
2689 625 2870 679 rabida
2893 640 2987 679 ora
3013 625 3364 682 obstruxeris.
3391 628 3544 684 Veri-

1949 717 2031 763 tas
2053 711 2219 776 enim,
2242 727 2363 766 cum
2391 729 2494 782 qua
2524 717 2766 785 pugnasti
2791 759 2805 780 ,
2841 726 2893 771 et
2919 731 3016 786 pro
3059 734 3160 789 qua
3189 718 3426 789 jugulata
3457 736 3538 786 es,

1952 799 2088 855 hanc
2113 802 2219 856 vim
2249 802 2431 870 habet,
2459 813 2520 860 ut
2546 807 2728 875 paucis
2757 822 2902 877 saepe
2929 809 3112 864 verbis
3136 809 3204 865 de
3233 811 3538 882 syc0phan-

1952 895 2018 946 tis
2064 894 2482 965 triumphetzut
2531 901 2861 954 econtrario
2909 901 3282 968 mendacium,
3334 903 3543 958 etiamsi

1954 984 2174 1040 infinitis
2196 1000 2502 1042 sermonum
2537 989 2776 1044 artificiis
2805 991 3140 1060 obvolvatur,
3179 991 3336 1048 facile
3367 1003 3544 1048 tamen

1952 1077 2145 1132 diffluit
2168 1087 2222 1134 et
2248 1080 2568 1146 collabitur,
2607 1098 2924 1152 aranezeque
2976 1084 3135 1138 telam
3186 1084 3548 1140 imbecillitate

1953 1181 2189 1240 superat.
2238 1170 2423 1228 Gaude
2476 1174 2634 1244 igitur
2679 1183 2734 1230 et
2789 1174 2974 1228 laetare
3011 1174 3208 1247 (neque
3243 1177 3388 1231 enim
3432 1175 3548 1228 han;

1955 1261 2116 1314 verba
2167 1261 2392 1316 subinde
2438 1274 2684 1331 repetere
2723 1263 3032 1336 desinam),
3079 1265 3309 1320 viriliter
3355 1281 3453 1336 age
3494 1279 3543 1320 et

1953 1351 2278 1419 confortare,
2311 1369 2607 1424 omnesque
2652 1355 2720 1409 ab
2763 1356 2892 1426 ipsis
2941 1355 3010 1410 ibi
3037 1368 3380 1426 comparatas
3415 1356 3538 1410 insi-

1953 1443 2070 1498 dias
2098 1445 2277 1499 irride.
2303 1445 2433 1500 Nam
2460 1462 2566 1516 quo
2594 1448 2828 1502 atrocius
2853 1448 3100 1512 saeviunt,
3140 1463 3205 1502 eo
3236 1447 3551 1517 profundio-

1954 1551 2041 1590 res
2068 1536 2250 1606 plagas
2275 1537 2374 1591 sibi
2407 1539 2534 1606 ipsis
2566 1540 2801 1594 inierunt
2830 1541 2883 1594 in
2911 1556 3083 1611 eaque
3107 1554 3268 1596 causa
3290 1551 3433 1605 sunt,
3467 1553 3544 1604 ut,

1953 1640 2074 1680 cum
2104 1637 2154 1681 te
2184 1643 2252 1681 ne
2277 1630 2538 1682 tantultnn
2570 1630 2784 1698 quidem
2831 1631 3050 1694 lzedant,
3091 1631 3543 1701 quemadmodum

1955 1733 2052 1772 nec
2069 1717 2260 1772 fluctus
2282 1734 2491 1787 rupem,
2510 1721 2717 1789 seipsos
2733 1719 3040 1791 infringant,
3062 1721 3548 1791 imbecillioresqne

1955 1807 2196 1870 reddant,
2220 1818 2378 1878 atque
2407 1809 2679 1864 horribilia
2726 1813 2962 1881 sibiipsis
3014 1813 3271 1882 supplicia
3323 1827 3548 1868 coacer-

1956 1906 2100 1951 vent.
2131 1898 2259 1966 Qua:
2287 1914 2408 1952 cum
2443 1901 2513 1955 ita
2537 1902 2665 1967 sint,
2715 1917 2845 1958 cave
2873 1903 3165 1972 quidquam
3195 1919 3400 1967 eorum,
3427 1920 3547 1972 qu:e

1957 1989 2246 2055 minantur,
2284 1992 2653 2060 pertimescas,
2678 1994 2970 2063 quamlibet
2985 1994 3237 2050 dentibus
3258 1996 3544 2063 strideant,

1955 2081 2246 2150 quamlibet
2273 2083 2561 2139 iracundiae
2610 2086 2919 2141 temulentia
2951 2096 3213 2154 testuent,
3255 2089 3547 2160 quamlibet

1959 2174 2319 2228 truculentum
2347 2176 2634 2244 quemdam
2657 2178 2861 2232 vultum
2885 2194 2997 2249 pra:
3021 2193 3080 2234 se
3111 2179 3278 2235 ferant
3302 2221 3316 2244 ,
3349 2196 3412 2236 ac
3440 2196 3547 2250 pra:

1956 2263 2295 2334 improbitate
2319 2267 2371 2320 in
2395 2267 2628 2322 ferarum
2658 2269 3044 2326 immanitatem
3065 2271 3392 2342 proruerint.
3412 2271 3544 2326 Nam

1953 2357 2042 2425 qui
2086 2365 2138 2412 te
2173 2373 2238 2412 ex
2277 2361 2459 2414 multis
2504 2369 2558 2416 et
2599 2362 2760 2418 variis
2811 2378 2997 2417 eorum
3048 2363 3254 2417 insidiis
3292 2364 3356 2417 ad
3409 2365 3549 2418 hunc

1955 2464 2125 2518 usque
2143 2450 2287 2506 diem
2332 2453 2549 2522 eripuit,
2584 2454 2722 2508 idem
2775 2465 2826 2510 te
2865 2455 3108 2525 poSIhac,
3138 2457 3183 2511 si
3212 2455 3402 2512 fortem
3431 2459 3551 2512 ani-

1955 2555 2099 2593 mum
2151 2543 2492 2610 praestiteris,
2526 2545 2577 2597 in
2627 2545 2828 2615 majore
2882 2547 3169 2601 securitate
3209 2549 3546 2603 constituet:

1955 2631 2174 2701 ipsaque
2201 2633 2367 2688 etiam
2409 2635 2614 2690 dictura
2650 2652 2710 2691 es
2742 2656 2754 2690 :
2788 2638 3002 2708 Sagittae
3045 2640 3370 2709 parvulorum
3400 2642 3551 2707 facta:

1952 2733 2068 2776 sunt
2098 2725 2267 2795 plaga;
2291 2743 2484 2791 eorum,
2532 2737 2578 2780 et
2605 2729 2879 2796 inﬁrmata:
2901 2740 3019 2783 sunt
3052 2742 3228 2784 contra
3257 2748 3342 2786 eos
3363 2731 3551 2803 litigare

1953 2832 2126 2870 eorum
2152 2817 2326 2887 (Psal.
2351 2819 2438 2874 65.
2465 2821 2518 2873 8.
2552 2820 2630 2888 9).
2659 2820 2812 2888 Quod
2843 2822 3054 2889 quidem
3087 2833 3139 2875 et
3167 2823 3272 2892 jam
3303 2825 3545 2892 contigit,

1953 2917 2006 2961 et
2031 2924 2242 2963 rursum
2269 2911 2539 2980 continget
2563 2929 2576 2965 :
2603 2912 2738 2965 adeo
2762 2921 2816 2965 ut
2847 2922 2902 2966 et
2939 2921 2993 2965 tu
3040 2913 3295 2982 majorem
3337 2929 3546 2970 mercc-

1953 2997 2074 3052 dem
2127 2999 2352 3066 referas,
2402 3001 2827 3071 illustrioresque
2854 3016 3082 3056 coronas
3110 3003 3359 3074 accipias,
3392 3013 3446 3058 et
3471 3005 3544 3058 illi

1955 3090 2143 3144 morbo
2181 3093 2512 3160 paenitentia;
2551 3103 2771 3162 experte
2822 3093 3130 3148 laborantes
3185 3094 3372 3164 majori
3415 3111 3544 3166 sup-

1955 3179 2114 3250 plicio
2163 3183 2496 3238 addicantur.
2544 3184 2761 3255 Ecquod
2811 3185 2952 3238 enim
3009 3185 3322 3240 insidiarum
3378 3203 3546 3258 genus

1953 3275 2464 3342 praetermiserunt?
2512 3276 2721 3345 ecquod
2777 3277 3145 3332 machinarum
3205 3295 3374 3349 genus
3438 3296 3543 3334 non

1953 3375 2254 3433 moverunt,
2279 3367 2403 3421 dum
2422 3367 2605 3422 solidae
2625 3378 2748 3432 tuae,
2767 3383 2831 3424 ac
2853 3369 2961 3423 Deo
2985 3367 3146 3434 fideli,
3165 3385 3546 3440 generosaeque

1952 3469 2005 3510 et
2032 3457 2336 3512 fortissima:
2367 3461 2563 3514 animae
2609 3459 2834 3514 insidias
2884 3471 3095 3516 struere
3141 3462 3444 3516 conantur?
3488 3464 3542 3516 In

1952 3547 2122 3602 forum
2151 3559 2224 3613 te,
2255 3566 2376 3619 qua:
2401 3560 2595 3619 praeter
2619 3551 2907 3605 ecclesiam
2957 3559 3014 3606 et
3055 3553 3362 3608 cubiculum
3410 3555 3540 3608 nihil

1951 3655 2132 3706 noras,
2159 3650 2558 3713 pertraxerunt,
2587 3658 2616 3695 a
2641 3640 2759 3696 foro
2789 3641 2857 3696 ad
2885 3642 3192 3711 tribunalia,
3238 3661 3268 3698 a
3303 3646 3542 3700 tribuna-

1951 3730 2091 3785 libus
2110 3733 2175 3785 ad
2194 3746 2486 3786 carcerem.
2507 3733 2784 3787 Falsoruni
2800 3736 3012 3789 testium
3031 3734 3238 3806 linguas
3262 3745 3539 3799 acncrunt.

1952 3823 2312 3890 impudentem
2339 3824 2658 3878 calumniam
2699 3825 3109 3892 concinuarunt,
3142 3827 3319 3882 czedcs
3350 3843 3539 3898 perpe-

1952 3925 2179 3981 trarunt,
2214 3917 2421 3973 cruoris
2453 3927 2718 3973 torrentes
2747 3917 3117 3988 profuderunt,
3152 3920 3256 3990 igni
3298 3934 3362 3976 ac
3396 3920 3540 3976 ferro

1945 4008 2202 4076 juvenum
2229 4024 2456 4078 corpora
2485 4019 2956 4078 consumpserunt,
2979 4010 3159 4064 multis
3186 4025 3248 4065 ac
3270 4011 3540 4081 prteclaris

1949 4101 2078 4154 viris
2107 4101 2416 4155 innumeras
2446 4102 2627 4171 plagas
2653 4109 2708 4156 et
2733 4104 2998 4156 cruciatus
3046 4102 3376 4169 intulerunt,
3423 4105 3541 4158 nul-

1950 4191 2059 4245 lum
2105 4191 2336 4262 denique
2376 4191 2604 4262 lapidem
2657 4209 2762 4246 non
2814 4206 3117 4259 tnoverttnt,
3148 4209 3254 4264 quo
3303 4202 3355 4250 te
3393 4205 3538 4248 metu

1949 4283 2286 4350 perterritam
2315 4282 2419 4336 huc
2445 4283 2742 4353 adigerent,
2776 4291 2834 4336 ut
2861 4284 2945 4347 iis,
2975 4299 3097 4354 quze
3144 4284 3374 4349 videras,
3404 4297 3538 4340 eon-

1950 4376 2112 4428 traria
2147 4375 2379 4429 diceres.
2407 4377 2476 4429 At
2506 4386 2582 4442 tu,
2615 4376 2784 4431 instar
2807 4378 3002 4445 aquilae
3029 4376 3258 4431 sublime
3288 4376 3536 4440 volantis,

1948 4479 2132 4519 eorum
2161 4465 2365 4519 retibus
2411 4465 2594 4520 fractis
2649 4466 2716 4520 ad
2763 4467 3025 4522 libertatis
3059 4467 3325 4537 fastigium
3355 4465 3540 4521 virtuti

1948 4566 2052 4611 tute
2073 4567 2498 4612 consentaneum
2526 4557 2814 4612 ascendisti
2847 4558 2966 4613 :sic
3010 4567 3062 4611 te
3101 4572 3438 4626 comparans,
3482 4569 3539 4612 ut

1947 4646 2016 4701 ab
2044 4648 2172 4716 ipsis
2198 4648 2415 4702 minime
2436 4648 2986 4711 circumscribereris;
3021 4648 3128 4702 imo
3151 4647 3337 4713 etiam,
3364 4662 3538 4718 quan-

1947 4750 2058 4795 tum
2087 4744 2155 4796 ad
2186 4740 2343 4810 hujus
2368 4741 2817 4796 incendiierimen
2848 4741 3124 4805 attinebat,
3151 4739 3304 4808 cujus
3319 4744 3540 4796 nomine

1947 4836 2128 4890 miseri
2156 4847 2314 4906 atque
2341 4834 2580 4889 infelices
2602 4834 2847 4887 homines
2872 4833 3169 4903 praesertim
3195 4830 3416 4901 gloriari
3458 4833 3536 4886 vi-

1946 4930 2244 4993 debantur,
2301 4943 2396 4984 eos
2439 4927 2719 4982 calumniaa
2782 4926 3155 4980 convinceres.
3207 4925 3352 4991 Qum.
3378 4924 3540 4994 igitur

1951 5023 2320 5092 praeterierunt
2375 5027 2547 5074 tecum
2601 5026 2888 5087 reputans;
2945 5032 3138 5086 nempe
3177 5027 3307 5083 quot
3345 5015 3540 5072 ﬂuctus

1946 5114 2049 5167 orti
2082 5114 2208 5172 sint.
2237 5113 2325 5181 qui
2352 5123 2526 5165 tamen
2547 5118 2918 5178 tempestatem
2936 5110 3027 5164 tibi
3055 5123 3160 5163 non
3179 5108 3538 5176 invexerunt;

1947 5216 2077 5275 quot
2106 5205 2380 5273 procellae,
2413 5218 2534 5271 quae
2582 5212 2759 5254 tamen
2814 5199 3149 5270 naufragium
3194 5200 3414 5255 minime
3442 5215 3527 5270 pc-

1948 5304 2223 5365 pererunt,
2254 5297 2324 5348 ita
2355 5304 2412 5348 ut
2451 5293 2660 5348 furente
2685 5293 2819 5346 mari
2847 5291 3132 5362 tranquilla
3163 5292 3495 5362 navigaveris
3525 5305 3542 5354 ;

1947 5405 2156 5462 portum
2183 5393 2344 5446 etiam
2375 5405 2478 5444 una
2519 5405 2641 5443 cum
2691 5387 2935 5457 plurimis
2959 5385 3178 5441 coronis
3229 5384 3540 5455 propediem

1944 5495 2216 5554 exspecta.
2261 5483 2524 5551 Quoniam
2554 5490 2734 5535 autem
2777 5481 2845 5534 de
2896 5479 3050 5534 nobis
3087 5491 3300 5548 quoque
3335 5476 3539 5545 aliquid

1943 5578 2128 5632 audire
2159 5577 2330 5644 cupis,
2365 5575 2616 5638 vivimus,
2648 5572 2908 5639 valemus,
2939 5572 3127 5626 morbo
3155 5570 3300 5625 omni
3326 5569 3536 5628 liberati

1945 5685 2148 5724 sumus.
2178 5669 2332 5737 Quod
2361 5669 2404 5722 si
2433 5669 2593 5723 etiam
2625 5676 2967 5736 aegrotamus,
2997 5663 3248 5720 idoneum
3277 5663 3431 5717 nobis
3467 5665 3534 5719 ad

1946 5761 2366 5832 recuperandam
2409 5761 2690 5815 sanitatem
2745 5757 3043 5816 remedium
3096 5764 3180 5811 est
3221 5754 3426 5810 sincera
3482 5772 3533 5811 et

1946 5856 2178 5925 fervens,
2206 5870 2269 5911 ac
2315 5855 2468 5911 firma
2513 5862 2566 5908 ct
2608 5861 2858 5908 constans
2899 5861 2986 5906 tua
3029 5865 3154 5920 erga
3187 5864 3273 5904 me
3311 5846 3538 5905 caritas.
