3906 6376
418 380 523 439 659

412 506 548 570 Qum
574 498 681 554 iam
710 496 875 570 igitur
894 514 998 554 non
1020 497 1221 569 vulgari
1259 495 1530 566 voluptate
1557 491 1844 557 efficimur,
1873 505 1996 546 cum

412 594 482 646 de
510 599 599 644 tua
627 592 928 648 valetudine
945 605 1010 647 ac
1036 590 1190 662 plena
1215 589 1506 645 securitate
1531 601 1690 657 quam
1707 585 2005 655 saepissime

414 681 613 753 aliquid
640 681 907 747 audimus,
933 690 1005 745 te,
1038 681 1088 736 id
1110 678 1254 751 quod
1284 675 1450 735 etiam
1473 693 1581 734 non
1610 688 1795 747 rogata
1820 676 2005 732 facere

416 776 581 839 soles.
612 790 885 846 rogamus,
911 785 969 830 ut
992 774 1062 831 de
1084 784 1193 841 tua,
1217 773 1747 842 domesticorumque
1787 779 2003 826 tuorum

416 867 653 923 omnium
698 883 763 924 ac
790 868 1217 923 necessariorum
1244 864 1556 921 valetudine
1601 864 1798 933 sacpius
1817 861 1883 917 ad
1907 875 2008 915 nos

412 960 619 1018 scribas
650 980 665 1016 :
695 975 803 1016 non
830 960 974 1014 enim
1007 959 1241 1029 ignoras,
1272 964 1471 1028 quanta
1504 955 1578 1010 tui
1607 955 1875 1025 totiusque
1900 959 2009 1008 tua:

415 1054 710 1113 benedictae
725 1055 919 1111 domus
941 1070 1069 1111 cura
1099 1063 1406 1110 teneamur.

984 1188 1082 1245 XC
1092 1188 1155 1244 V.
1196 1187 1431 1243 Paeonia.

483 1326 678 1383 Gravia
708 1336 833 1382 sunt
861 1342 923 1381 ea
949 1343 1069 1397 quae
1094 1324 1435 1394 contigerunt
1465 1330 1558 1380 :at
1579 1337 1682 1378 non
1713 1319 1785 1375 oh
1806 1315 2010 1387 eosqui

414 1418 558 1487 passi
583 1428 729 1485 sunt,
777 1417 1091 1487 fortiterque
1144 1416 1196 1470 in
1240 1416 1355 1470 acie
1410 1420 1694 1475 steterunt,
1731 1425 1914 1465 verum
1940 1407 2012 1461 ob

413 1525 510 1563 eos
531 1510 621 1580 qui
671 1525 734 1565 ea
775 1515 1176 1578 perpetrarunt,
1203 1506 1489 1577 lugendum
1516 1516 1618 1560 est.
1646 1499 2010 1571 Quemadmo-

414 1600 543 1655 dmn
573 1601 715 1656 enim
745 1616 865 1670 qum
892 1600 1156 1653 difficilius
1177 1607 1470 1652 enccantur
1497 1594 1647 1660 [ιιι-ω,
1672 1606 1864 1663 magno
1888 1604 2011 1645 cum

416 1692 600 1747 furore
647 1691 700 1745 in
753 1680 1024 1745 hastarum
1071 1688 1322 1759 cuspides
1362 1689 1668 1750 irruentes,
1729 1686 1781 1739 in
1827 1683 2012 1738 intima

414 1783 622 1835 viscera
644 1781 851 1851 gladios
881 1780 1200 1851 protrudunt
1230 1798 1244 1836 :
1269 1779 1458 1835 eodem
1510 1777 1672 1833 modo
1716 1776 1750 1830 ii
1778 1787 2010 1845 quoque,

416 1873 507 1941 qui
537 1872 654 1927 haec
695 1873 901 1929 scelera
926 1872 1209 1942 designare
1253 1886 1359 1925 non
1400 1870 1685 1936 dubitant,
1712 1881 1931 1938 gravem
1959 1875 2014 1920 et

419 1965 672 2020 acerbum
726 1965 987 2034 gehennae
1028 1966 1204 2035 ignem
1244 1963 1502 2019 adversus
1531 1961 1705 2031 capita
1744 1975 1839 2017 sua
1867 1958 2016 2014 colli-

415 2066 567 2125 gunt.
593 2055 747 2123 Quod
794 2056 842 2112 si
888 2057 1051 2113 etiam
1082 2057 1239 2112 obea
1286 2071 1408 2126 qua:
1448 2054 1651 2110 faciunt
1697 2052 2010 2123 gloriantur.

426 2148 529 2205 hoc
549 2149 665 2218 ipso
691 2150 909 2204 nomine
939 2150 1276 2218 potissimum
1303 2147 1483 2202 miseri
1502 2157 1647 2212 sunt,
1669 2144 2016 2215 pluribusque

424 2241 681 2314 lacrymis
719 2242 883 2311 digni,
916 2242 1057 2313 quod
1111 2242 1212 2297 hac
1253 2257 1469 2311 quoque
1497 2240 1704 2296 ratione
1741 2238 2017 2309 graviores

419 2334 657 2405 sibiipsis
689 2349 874 2403 ptenas
893 2344 1191 2389 accersam.
1235 2334 1597 2402 Quamobrem
1629 2332 1728 2387 bos
1757 2338 2016 2400 perpetuo

423 2427 553 2481 fletu
585 2427 836 2497 prosapii
868 2442 965 2495 par
988 2435 1070 2482 est
1101 2446 1115 2482 :
1146 2427 1210 2480 iis
1235 2434 1445 2491 contra,
1482 2425 1572 2494 qni
1615 2423 1685 2478 ab
1716 2422 1846 2492 ipsis
1879 2420 2017 2475 adeo

423 2518 716 2573 crudeliter
745 2527 1068 2585 mactantur,
1098 2518 1168 2571 ob
1193 2517 1408 2586 prmmia
1434 2530 1769 2584 coronasque
1794 2513 1846 2568 in
1873 2513 2019 2568 caalis

426 2609 735 2665 reconditas
759 2610 1013 2680 gratulari
1038 2608 1312 2674 convenit,
1344 2617 1503 2678 atque
1532 2607 1637 2662 hoc
1653 2605 1942 2659 maximum
1963 2611 2021 2658 et

427 2701 909 2756 lnculenlissimum
946 2701 1120 2755 letalis
1151 2702 1318 2770 plagm
1361 2698 1576 2753 diabolo
1606 2697 1823 2752 inflicta:
1854 2711 2016 2764 argu-

428 2804 665 2847 mentum
693 2793 1025 2848 existimare.
1050 2790 1184 2846 Nam
1214 2790 1312 2844 nisi
1338 2790 1427 2846 ille
1463 2790 1622 2846 letale
1649 2788 1841 2842 vulnus
1864 2801 2020 2840 acce-

428 2888 615 2955 pisset,
643 2885 1056 2956 haudquaquam
1088 2901 1183 2952 per
1206 2898 1320 2948 eos,
1349 2883 1439 2953 qui
1485 2883 1582 2954 ipsi
1623 2881 2020 2949 obtemperant,

427 2987 606 3031 tantos
626 2975 781 3031 ﬂatus
806 2975 1085 3034 edidisset.
1112 2976 1240 3032 llaec
1268 2975 1429 3045 igitur
1448 2973 1630 3029 omnia
1656 2981 1833 3028 tecum
1859 2986 2020 3040 repu-

429 3079 570 3137 tans,
597 3068 813 3127 domine
841 3068 912 3122 mi
953 3082 1295 3138 summopere
1332 3064 1647 3122 admirande
1667 3105 1685 3131 ,
1732 3062 2021 3117 maximam

426 3163 557 3218 hinc
579 3160 1004 3216 consolationem
1035 3174 1188 3231 cape,
1211 3158 1387 3228 deque
1420 3168 1506 3212 tua
1536 3154 1843 3211 valetudine
1862 3167 2024 3223 quam

428 3253 728 3322 saepissime
757 3251 824 3306 ad
844 3266 943 3307 nos
970 3252 1167 3306 scribe.
1191 3250 1403 3305 Etenim
1438 3258 1490 3304 te
1513 3246 1732 3318 quidem
1762 3260 1987 3301 cernere
2005 3285 2022 3313 ,

429 3356 592 3415 atque
620 3343 761 3399 istud
805 3343 962 3398 nobis
998 3357 1182 3397 carum
1223 3349 1384 3411 caput
1421 3338 1709 3409 complecti
1738 3336 2023 3406 cupimus:

429 3436 684 3507 quoniam
711 3445 891 3491 autem
921 3434 972 3489 id
992 3434 1212 3488 minime
1235 3433 1379 3496 licet,
1403 3442 1455 3488 te
1479 3447 1577 3487 oro
1600 3439 1762 3501 atque
1778 3431 2026 3497 obsecro,

426 3539 494 3585 .ut
514 3541 569 3587 et
590 3531 707 3601 ipse
730 3530 801 3586 de
831 3539 918 3585 tua
952 3527 1261 3585 valetudine
1300 3541 1401 3583 nos
1427 3526 1620 3583 crebro
1651 3524 1915 3581 certiores
1950 3524 2030 3577 fa-

433 3625 566 3690 cias,
596 3632 651 3679 et
669 3624 735 3680 iis
760 3623 850 3694 qui
877 3623 1029 3678 valde
1046 3638 1146 3679 nos
1170 3630 1387 3689 amant,
1414 3634 1664 3692 magnam
1693 3618 1761 3699 ad
1782 3616 2032 3676 eamdem

434 3733 549 3772 rem
572 3714 878 3771 facultatem
904 3714 1098 3771 afferas
1120 3714 1162 3768 ί.

432 3871 635 3929 XCVI.
676 3873 967 3945 Ampruclw
993 3872 1294 3927 diaconissa:
1317 3878 1468 3939 atque
1508 3867 1614 3922 illis
1640 3881 1754 3938 qua:
1781 3881 1896 3921 cum
1924 3864 2037 3935 ipsa

863 3974 1004 4022 sunt.
1026 3964 1046 4041 (
1060 3964 1268 4020 Cucuso
1290 3977 1432 4018 anno
1445 3956 1611 4034 404.)

511 4099 728 4155 Fluctus
750 4139 768 4164 ,
808 4098 1029 4166 rupibus
1068 4097 1230 4163 illisi,
1258 4111 1349 4151 eas
1376 4094 1591 4164 quidem
1629 4107 1730 4147 nec
1774 4088 2038 4146 tantillum

432 4205 784 4247 commovere
812 4196 1075 4260 possunt,
1105 4188 1208 4257 ipsi
1232 4195 1412 4241 autem
1434 4200 1552 4239 sese
1578 4183 1754 4253 potius
1777 4182 1846 4236 ob
1870 4179 2039 4249 vehea

435 4292 675 4338 mentem
701 4283 958 4351 impetum
990 4280 1245 4349 frangunt
1265 4291 1327 4332 ac
1355 4276 1424 4333 de
1446 4276 1622 4331 medio
1646 4274 1861 4329 tollunt.
1889 4271 2043 4339 Quod

435 4377 600 4432 etiam
634 4388 775 4428 nunc
804 4372 858 4428 in
883 4371 1057 4438 vobis,
1082 4380 1139 4426 et
1161 4371 1212 4425 in
1238 4370 1303 4424 iis
1321 4372 1408 4441 qni
1433 4369 1584 4424 vobis
1607 4367 1825 4423 insidias
1850 4366 2042 4420 frustm

436 4468 753 4534 moliuntur,
777 4464 1003 4536 perspici
1027 4469 1219 4533 potest.
1242 4462 1451 4517 Etenim
1474 4460 1600 4516 hinc
1626 4457 1778 4516 vobis
1798 4465 1856 4515 et
1875 4456 2047 4527 major

441 4559 585 4633 apud
612 4560 776 4614 Deum
807 4557 998 4612 fiducia
1022 4564 1080 4611 et
1097 4554 1266 4626 major
1284 4553 1423 4624 apud
1448 4551 1692 4608 homines
1711 4552 1876 4621 gloria
1898 4563 2047 4604 com-

447 4662 709 4722 paratur,
762 4651 868 4705 illis
904 4660 1093 4704 contra
1134 4647 1510 4703 condemnatio
1549 4654 1607 4700 et
1649 4642 1942 4714 ignominia
1992 4648 2049 4695 et

444 4744 722 4814 probrum.
743 4742 1184 4813 Quandoquidem
1205 4756 1269 4797 ea
1299 4753 1512 4810 quoque
1535 4738 1748 4793 virtutis
1771 4745 1827 4791 et
1849 4737 2050 4806 impro-

442 4834 632 4891 lntatis
660 4845 847 4890 natura
872 4844 972 4900 est,
997 4843 1057 4889 ut
1077 4833 1166 4889 illa
1194 4840 1306 4887 tum
1337 4831 1508 4902 magis
1531 4830 1739 4896 floreat,
1760 4843 1881 4883 eum
1906 4827 2049 4883 bello

443 4937 675 4983 vexatur
702 4945 716 4981 :
748 4926 865 4982 haec
883 4937 1091 4995 contra,
1118 4928 1279 4982 etiam
1301 4941 1425 4980 cum
1454 4924 1648 4980 bellum
1668 4923 1851 4987 infert,
1882 4922 2049 4976 imbe-

443 5018 909 5086 rilliorreddatur,
924 5031 1083 5091 atque
1102 5019 1203 5075 hac
1222 5018 1452 5074 maxime
1470 5017 1677 5072 ratione
1696 5016 2047 5086 opprimatur.

444 5112 582 5168 Cum
626 5110 789 5183 igitur
823 5127 889 5165 ex
932 5111 999 5166 iis
1022 5127 1143 5182 quae
1187 5110 1322 5166 fiunt
1359 5110 1628 5180 ingentem
1668 5105 2051 5161 consolationis

447 5219 639 5261 ansam
688 5204 929 5260 habeatis
954 5243 974 5272 ,
1018 5204 1245 5275 gaudete
1288 5218 1352 5258 ac
1393 5201 1647 5257 laetemini
1676 5241 1693 5268 ,
1742 5199 2054 5268 fortiterque

454 5298 614 5368 agite.
658 5295 845 5367 Neque
892 5297 1033 5349 enim
1059 5310 1157 5350 vos
1181 5294 1353 5364 fugit,
1401 5293 1720 5364 quibusnam
1768 5288 2053 5361 propositis

456 5390 692 5462 prtemiis
720 5389 788 5445 ad
819 5397 928 5443 tam
969 5403 1130 5458 grave
1158 5397 1429 5442 certamen
1482 5401 1578 5439 vos
1617 5382 1925 5439 accinxistis
1953 5422 1968 5446 ,
2000 5388 2056 5434 et

424 5548 429 5553 ι
456 5498 705 5555 quaenam
736 5496 854 5550 vos,
884 5480 930 5536 si
956 5495 1019 5536 ea
1045 5495 1165 5551 quae
1191 5477 1437 5535 accidunt
1466 5475 1678 5532 fortiter
1700 5482 1903 5530 etcum
1927 5487 2053 5543 gra-

523 5617 540 5649 ¹
576 5624 780 5675 neg.....
804 5613 1004 5665 obsecro
1025 5618 1077 5675 ut
1095 5619 1141 5663 et
1158 5624 1261 5675 ipse
1283 5609 1451 5675 crebro
1473 5608 1540 5659 ad
1562 5620 1647 5657 nos
1678 5605 1870 5675 scribas
1882 5603 1946 5674 {te
1974 5609 2059 5675 tua

523 5630 540 5649 ³
576 5630 642 5665 ne
684 5649 780 5666 ...η
804 5630 1004 5665 00886Γο
1025 5630 1076 5663 ιιι
1095 5630 1141 5663 ει
1158 5630 1261 5675 Ipse
1283 5630 1451 5661 σνευγυ
1473 5630 1539 5659 (ια
1562 5630 1647 5657 uua
1678 5630 1744 5656 διῑι
1762 5630 1862 5655 uiuo
1886 5630 1944 5653 ut;
1974 5630 2059 5655 usu

460 5630 818 5745 valetmgneﬂ
840 5676 1033 5745 φιᾳιεηε
1052 5673 1327 5745 vitam
1350 5671 1582 5745 (tegam-et
1600 5683 1695 5745 quo
1707 5664 2060 5745 {catapotia-

460 5751 518 5787 ηρ
541 5749 585 5788 et
608 5729 864 5789 ahwritaté
883 5737 988 5789 sis:
1011 5737 1063 5788 in
1083 5734 1174 5787 tali
1191 5733 1319 5797 eniti:
1339 5729 1598 5797 solitudine
1615 5729 1824 5797 liventes
1846 5740 1939 5778 non
1956 5740 2059 5797 m1}-

449 5801 679 5850 tdiocrem
700 5801 1066 5869 conversionem
1089 5796 1404 5859 tucrabimur,
1432 5793 1476 5847 si
1498 5793 1586 5846 has
1611 5793 1673 5844 de
1689 5799 1773 5842 tua
1794 5793 2059 5841 reverentia

459 5868 632 5914 literas
654 5871 998 5921 παρέθηκας.

1124 372 1189 435 Si
1224 373 1502 434 JOANNIS
1538 367 2015 429 CIIRYSOSTOII
2052 366 2373 427 ARCIIIEP.
2411 370 2951 430 CONSTANTINOP.

3574 378 3665 440 660

2118 490 2310 547 tiaram
2340 491 2553 549 actione
2579 492 2803 549 tuleritis
2825 534 2842 559 ,
2884 493 3019 549 bona
3050 503 3334 561 maneant,
3363 509 3424 552 ea
3449 496 3629 552 scilicet
3650 530 3664 556 ο

2110 600 2232 655 qua)
2258 599 2358 641 nec
2396 584 2585 641 oculus
2607 586 2739 641 vidit
2760 626 2776 649 .
2823 603 2921 641 nec
2956 587 3105 643 auris
3139 587 3377 654 audivit,
3401 602 3497 644 nec
3522 588 3570 644 in
3590 604 3668 645 cor

2111 673 2345 732 hominis
2369 676 2726 733 ascenderunt
2757 676 2851 748 (1.
2880 676 3000 733 Cor.
3022 676 3076 734 2.
3106 678 3201 748 9).
3230 678 3402 751 Atque
3439 680 3668 736 molestia:

2111 768 2327 839 quidem
2350 769 2455 825 illae
2476 768 2669 835 fluunt,
2697 785 2760 826 ac
2785 771 2940 827 simul
2963 786 3084 829 cum
3103 774 3347 841 prtesesti
3371 774 3468 829 vita
3490 776 3672 831 exstin-

2111 868 2344 929 guuntur
2370 876 2386 914 :
2414 860 2632 930 praemia
2660 876 2790 916 vero
2816 875 2878 918 ea
2900 902 2916 927 ,
2946 877 3065 932 qum
3092 862 3217 919 hinc
3237 874 3624 934 comparantur,
3645 881 3671 919 a

2113 963 2289 1009 morte
2326 952 2500 1011 aliena
2542 963 2686 1011 sunt.
2717 952 2858 1024 Quin
2884 956 3047 1013 etiam
3077 964 3203 1013 ante
3244 972 3307 1013 ea
3350 958 3555 1027 prmmia
3579 974 3674 1013 non

2116 1060 2336 1118 parvam
2365 1045 2493 1104 hinc
2535 1062 2747 1117 quoque
2778 1047 3106 1119 voluptatem
3152 1051 3417 1120 percipitis
3441 1090 3458 1114 ,
3499 1050 3676 1121 quippe

2113 1153 2250 1208 quas
2275 1139 2429 1195 bona:
2470 1139 2812 1197 conscientia:
2836 1155 2960 1211 spes
2982 1183 3000 1207 ,
3050 1157 3116 1198 ac
3142 1158 3456 1199 coronarum
3485 1143 3669 1199 illarum

2114 1230 2445 1300 exspectatio
2466 1239 2666 1299 pascat.
2698 1230 2824 1286 Haec
2844 1247 3003 1301 porro
3025 1232 3118 1288 tibi
3137 1242 3263 1289 ante
3283 1232 3464 1288 literas
3491 1243 3678 1288 nostras

2114 1327 2243 1376 nota
2268 1335 2411 1387 esse,
2440 1337 2545 1375 non
2573 1337 2660 1377 me
2683 1321 2813 1392 fugit
2837 1340 2852 1376 :
2879 1338 3088 1389 verum,
3109 1333 3169 1380 ut
3196 1324 3481 1394 longiorem
3503 1323 3678 1392 episto-

2118 1412 2224 1471 lam
2268 1414 2539 1471 elficerem
2571 1455 2588 1482 ,
2633 1414 3059 1471 cohortationem
3104 1415 3347 1485 produxi.
3395 1414 3524 1470 illud
3551 1414 3674 1469 enim
3762 1478 3765 1481 _

2119 1506 2277 1577 plane
2309 1506 2424 1562 scio
2450 1547 2467 1571 ,
2500 1514 2553 1563 te
2580 1506 2780 1576 ingenti
2807 1505 3039 1576 quodam
3070 1506 3345 1562 literarum
3396 1517 3671 1563 nostrarum

2119 1596 2388 1652 desiderio
2428 1598 2596 1652 teneri
2623 1614 2640 1664 ;
2672 1597 2831 1667 idque
2856 1612 3032 1653 causae
3060 1612 3181 1653 esse
3220 1606 3349 1666 puto
3371 1637 3387 1663 ,
3430 1611 3523 1653 cur
3547 1596 3679 1652 nobis

2119 1705 2186 1746 eo
2210 1691 2426 1746 nomine
2462 1689 2654 1745 crebro
2683 1704 3002 1745 succenseas
3031 1730 3048 1756 ,
3090 1688 3232 1757 quod
3263 1687 3437 1743 minus
3463 1702 3595 1757 saepe
3624 1687 3681 1742 ad

2122 1790 2173 1837 te
2192 1782 2589 1852 scripserimus.
2608 1781 2791 1852 Neque
2806 1782 2950 1839 enim
2970 1782 3316 1852 cupiditatem
3338 1792 3475 1838 tuam
3494 1781 3681 1851 explere

2120 1888 2443 1945 possumus,
2484 1874 2730 1943 quamvis
2770 1874 2931 1929 etiam
2979 1873 3216 1943 quotidie
3256 1873 3442 1929 literas
3480 1872 3678 1928 dernus:

2121 1968 2245 2034 quia
2266 1981 2331 2021 ex
2349 1965 2592 2035 epistolis
2615 1966 2809 2020 nostris
2832 1965 3067 2035 pendere
3088 1965 3303 2021 videris.
3327 1965 3465 2020 Deus
3484 1963 3570 2020 tibi
3590 1973 3685 2019 tum

2124 2058 2177 2112 in
2211 2059 2310 2114 hac
2334 2060 2441 2113 vita
2464 2101 2480 2122 .
2509 2067 2618 2113 tum
2660 2059 2711 2114 in
2744 2059 2923 2114 futuro
2944 2074 3059 2113 mvo
3085 2058 3312 2127 hujusce
3341 2073 3463 2129 erga
3493 2073 3582 2113 nos
3604 2073 3681 2112 ca-

2123 2151 2296 2207 ritatis
2317 2149 2620 2206 mercedem
2647 2149 2924 2221 rependat.
2951 2149 3061 2206 Nos
3080 2149 3298 2219 quidem
3318 2161 3484 2215 certe,
3506 2149 3686 2219 quoties

2124 2243 2315 2311 quibus
2337 2242 2529 2297 demus
2544 2250 2852 2306 occurrunt,
2883 2240 2950 2296 ad
2979 2249 3030 2295 te
3049 2240 3286 2296 scribere
3313 2240 3524 2296 minime
3542 2241 3684 2294 inter-

2123 2336 2385 2391 mittimus
2409 2352 2423 2391 :
2451 2349 2517 2390 ac
2556 2348 2688 2389 sane
2723 2348 2823 2387 nos
2859 2331 3006 2402 ipsos
3027 2347 3236 2387 summo
3264 2330 3518 2387 beneficio
3541 2328 3682 2383 afﬁci-

2130 2443 2249 2482 mns
2271 2468 2289 2495 ,
2316 2443 2440 2484 cum
2469 2422 2540 2483 id
2579 2426 2805 2482 facimus
2826 2465 2844 2489 ,
2875 2434 3032 2495 teque
3074 2439 3233 2495 quam
3264 2424 3575 2480 creberrime
3608 2436 3686 2491 per

2127 2521 2310 2575 literas
2334 2518 2648 2576 salutamus.
2672 2517 2943 2589 Siquidem
2962 2519 3240 2572 caritatem
3266 2531 3410 2582 eam,
3437 2530 3583 2585 quam
3601 2528 3682 2567 no-

2128 2611 2211 2665 bis
2239 2613 2466 2680 primum
2493 2608 2722 2680 iniecisti
2746 2648 2763 2675 ,
2806 2617 3066 2679 perpetuo
3092 2607 3360 2677 vigentem
3387 2606 3685 2665 retinemus;

2127 2711 2189 2758 ut
2211 2702 2419 2758 etiamsi
2452 2701 2606 2757 nobis
2634 2699 2834 2756 diutius
2860 2699 3037 2757 adhuc
3060 2714 3090 2753 a
3119 2698 3277 2754 vobis
3303 2699 3490 2755 abesse
3506 2696 3685 2753 contin-

2129 2806 2238 2865 gat,
2271 2812 2338 2851 ne
2364 2796 2443 2851 sic
2462 2794 2674 2865 quidem
2698 2803 2874 2849 tamen
2901 2793 3014 2863 ipsa
3040 2791 3359 2849 imbecillior
3378 2790 3511 2845 efiici
3536 2794 3687 2858 queat.

2131 2889 2341 2944 Etenim
2367 2887 2564 2957 ubique
2592 2900 2687 2941 vos
2713 2885 2893 2940 animo
2919 2882 3379 2949 circumferimus,
3406 2880 3586 2939 mentis
3605 2893 3683 2933 ve-

2131 2990 2257 3037 stra:
2282 2978 2641 3035 constantiam
2684 2976 3060 3044 ingentemque
3086 2972 3456 3028 fortitudinem
3497 2968 3558 3024 ad
3594 2975 3688 3022 stu-

2133 3086 2316 3142 porem
2341 3083 2510 3139 usque
2529 3068 2807 3123 mirantes.
2823 3062 3180 3132 Quamobrem
3201 3062 3318 3132 ipsa
3340 3061 3520 3117 crebro
3534 3059 3595 3115 ad
3611 3070 3693 3111 uos

2139 3163 2207 3219 de
2234 3173 2319 3218 tua
2344 3161 2866 3228 domesticorumque
2902 3165 3113 3212 tuorum
3153 3155 3395 3211 omnium
3430 3149 3691 3209 valetudine

2134 3255 2310 3312 scribe
2329 3296 2344 3320 ,
2374 3267 2482 3324 quo
2512 3250 2639 3308 hinc
2675 3262 2889 3321 quoque
2914 3261 3162 3317 magnam
3188 3245 3594 3302 consolationem
3614 3254 3684 3295 car

2138 3362 2364 3420 ptumus.

2209 3480 2446 3539 XCVII.
2481 3479 2710 3552 Hypatio
2735 3474 3043 3550 presbytero.
3070 3474 3325 3548 (Cucuso
3348 3486 3485 3528 anno
3506 3464 3637 3538 405.)

2213 3619 2361 3675 Nosti
2381 3661 2398 3686 ,
2445 3617 2660 3674 domine
2689 3616 2761 3670 mi
2791 3611 3234 3670 reverendissime
3256 3650 3278 3675 ,
3308 3614 3549 3681 quantam
3573 3599 3694 3654 vobis

2141 3714 2469 3769 calamitates
2489 3727 2591 3778 cae,
2617 3725 2734 3779 qua:
2764 3707 2856 3763 Dei
2876 3720 3037 3763 causa
3061 3705 3386 3767 subeuntur,
3409 3693 3692 3755 mercedem.

2142 3814 2445 3876 quantaque
2471 3801 2689 3873 praemia
2713 3807 2764 3853 et
2791 3803 3019 3867 (luantas
3045 3808 3272 3847 coronas
3304 3792 3473 3846 ferant
3497 3805 3510 3842 :
3537 3796 3691 3876 quaut-

2143 3871 2330 3952 ourem
2359 3871 2500 3949 nihil
2526 3907 2712 3947 eormn
2749 3904 2869 3959 quae
2893 3888 3027 3941 fiunt
3057 3895 3109 3939 te
3133 3881 3453 3945 conturbet,
3477 3871 3696 3945 siquidem

2143 3998 2239 4039 eos
2267 3981 2505 4045 demum,
2536 3978 2623 4049 qui
2650 3975 2908 4031 scelerate
2932 3969 3131 4043 aliquid
3158 3968 3379 4031 faciunt,
3406 3964 3577 4034 lugere
3596 3970 3694 4011 con-

2148 4074 2315 4130 venit.
2346 4072 2475 4127 Nam
2500 4072 2533 4128 ii
2559 4080 2704 4126 certe
2732 4075 2858 4122 sunt
2880 4065 2970 4138 qui
2996 4072 3277 4118 sescentas
3304 4059 3552 4114 adversus
3571 4052 3697 4117 caput

2146 4183 2304 4226 suum
2334 4181 2522 4236 ptenas
2548 4170 2863 4233 congerunt.
2892 4160 2972 4213 Tu
3002 4158 3160 4227 igitur
3182 4195 3200 4222 ,
3229 4162 3288 4207 ut
3313 4162 3366 4209 te
3388 4145 3696 4236 dignum

2148 4278 2267 4319 eam
2296 4231 2453 4331 quam
2478 4231 2755 4323 convenit,
2783 4251 3143 4309 fortitudinem
3171 4256 3364 4316 praesta
3393 4260 3407 4296 :
3436 4250 3582 4310 atque
3607 4231 3697 4331 illo-

2151 4371 2268 4411 rom
2298 4351 2515 4409 teclmas
2544 4359 2597 4404 et
2622 4346 2846 4402 insidias
2883 4341 3090 4398 facilius
3109 4379 3123 4407 ,
3154 4352 3320 4408 quam
3345 4343 3548 4389 aranea;
3574 4322 3701 4411 telant

2153 4408 2399 4514 discerpe
2431 4460 2444 4496 :
2473 4441 2648 4509 deque
2691 4448 2776 4491 tua
2808 4432 3112 4490 valetudine
3144 4444 3306 4501 quam
3345 4420 3617 4514 saepissime
3641 4408 3703 4514 ad

2153 4554 2252 4595 nos
2295 4502 2489 4593 scribe.
2521 4534 2705 4602 Magna
2737 4528 2882 4585 enim
2907 4567 2923 4591 ,
2953 4527 3005 4579 in
3031 4524 3203 4577 aliena
3249 4518 3379 4575 licet
3406 4513 3603 4584 regione
3626 4502 3698 4600 de:

2151 4643 2339 4704 gentes
2367 4645 2433 4684 ac
2451 4629 2849 4683 commorantes
2872 4661 2888 4688 ,
2919 4615 3340 4674 consolationem
3365 4606 3646 4678 capiemus,
3668 4605 3699 4645 SI

2155 4721 2464 4796 hujasmodi
2490 4721 2588 4775 abs
2617 4727 2671 4774 te
2695 4716 2880 4771 literas
2900 4707 3248 4780 accipiamus.

2329 4853 2599 4914 XCVIII.
2629 4850 2925 4909 Chalcidia'.
2968 4844 3217 4918 (Cucuso
3244 4852 3387 4893 anno
3410 4829 3571 4900 104.)
3624 4908 3633 4916 .

2227 4999 2344 5055 Non
2375 4994 2579 5065 vulgari
2599 4991 2787 5048 dolore
2814 4986 2989 5041 affecti
3015 4997 3222 5045 sumus,
3248 4993 3370 5035 cum
3398 4985 3449 5030 te
3471 4981 3568 5065 tam
3587 4959 3718 5037 8ηνὶ

2158 5090 2350 5147 morbo
2376 5061 2546 5143 teneri
2576 5081 2900 5152 accepimus.
2928 5077 3046 5133 Seis
3065 5073 3207 5129 enim
3224 5112 3239 5137 ,
3267 5061 3590 5122 ornatissima
3616 5066 3709 5152 me:

2158 5200 2222 5242 ac
2236 5174 2636 5253 religiosissima
2649 5173 2886 5238 domina,
2908 5177 3106 5239 quanto
3119 5157 3434 5253 valetudinis
3443 5161 3547 5253 tua:
3564 5141 3712 5253 stud-0

2161 5243 2457 5339 teneamur.
2489 5267 2844 5341 Quamobrem
2867 5278 2935 5318 ne
2956 5275 3082 5316 cura
3103 5265 3156 5311 et
3176 5246 3601 5342 sollicitudine-cr
3627 5243 3730 5342 ςιοῐξ

2162 5390 2303 5435 mur,
2329 5387 2422 5442 per
2449 5324 2759 5438 qu‘emdam,
2780 5357 2869 5429 qui
2896 5353 3100 5426 primus
3125 5348 3279 5403 istinc
3306 5341 3411 5396 huc
3432 5324 3706 5446 veniatin:
3732 5370 3739 5377 .

2162 5426 2421 5535 ipsnm'ut
2458 5426 2690 5513 sciamus
2715 5449 2873 5506 velim
2908 5457 3068 5502 eures
3088 5481 3105 5508 ,
3136 5438 3239 5493 hoc
3266 5426 3703 5535 estutunrprgt'fzf

2399 5550 2641 5607 sublatus
2658 5545 2751 5611 sit,
2770 5556 2831 5597 ac
2852 5549 2904 5594 tu
2926 5538 3145 5605 integrae
3164 5524 3371 5583 sanitati
3393 5516 3704 5613 ι-εδιίωωξξξ·

2167 5652 2275 5707 Nec
2302 5647 2444 5703 enim
2471 5643 2715 5712 exiguam
2739 5678 2752 5702 ,
2783 5633 2946 5691 etiam
2973 5629 3027 5685 in
3052 5635 3158 5680 tam
3184 5622 3395 5712 deserto
3421 5606 3703 5712 Incorpoiljl:

2167 5743 2492 5813 voluptatem
2536 5732 2778 5802 capimus
2797 5737 2984 5826 ,ucum
3012 5719 3083 5822 de
3109 5726 3213 5822 .tua
3233 5719 3521 5826 ,Lh'ochc‘s:

2176 5784 2492 5813 ......,,.η-----
2543 5784 2669 5802 --Γ
2800 5784 2811 5790 ,
3302 5800 3313 5811 .
3399 5796 3412 5808 .
3591 5784 3600 5793 Ι

2176 5851 2276 5893 nos
2322 5828 2589 5896 amantis,
2633 5817 2936 5880 valetudine
2959 5811 3231 5880 animique
3264 5800 3521 5858 hilaritate
3543 5784 3664 5849 allii“
