3906 6380
259 500 419 571 φέρει
436 497 498 552 τὸ
519 500 761 571 συνεχῶς
786 501 1076 572 μανθάνειν
1095 501 1165 558 τά
1191 503 1443 575 περὶτῆς
1468 502 1688 576 ῥώσεως
1728 526 1847 574 σου,

255 590 356 645 καὶ
398 592 500 662 τῆς
537 592 841 661 ἀσφαλείας
896 595 1152 666 ἀπάσης,
1205 597 1666 670 παρακαλοῦμεν,
1692 599 1722 654 ὃ
1755 602 1850 655 καὶ

255 681 429 769 χωρὶς
476 685 877 756 παρακλήσεως
941 685 1141 751 εἴωθας
1195 691 1369 742 ποιεῖν
1391 729 1408 750 ,
1463 691 1849 764 συνεχέστερον

258 773 599 828 ἐπιστέλλειν
651 776 722 828 τὰ
767 794 833 830 πε
846 778 898 848 ρὶ
929 780 1029 849 τῆς
1063 779 1255 847 ὑγείας
1300 798 1415 846 σου,
1447 782 1541 835 καὶ
1572 781 1666 836 τοῦ
1695 782 1848 838 οἴκου

257 882 354 920 σου
405 869 625 933 παντὸς,
662 870 757 923 καὶ
800 870 912 925 τῶν
955 874 1344 944 προσηκόντων
1389 893 1472 929 σοι
1505 891 1519 906 ·
1550 870 1707 930 οἶσθα
1739 878 1849 951 γὰρ

253 958 405 1023 ὅπως
429 960 527 1015 καὶ
557 961 619 1015 σὲ
652 961 748 1017 καὶ
795 964 888 1019 τὸν
929 965 1294 1038 εὐλογημένον
1336 984 1431 1021 σου
1482 963 1631 1023 οἷκον
1671 970 1850 1024 πάντα

258 1052 635 1125 μεριμνῶμεν.

827 1151 949 1216 HE’.
990 1151 1272 1219 Παιανίφ.

324 1258 557 1312 Χαλεπά
592 1259 663 1314 τὰ
707 1262 1052 1333 γεγενημένα
1076 1279 1090 1294 ⁸
1122 1263 1236 1318 ἀλλ’
1265 1265 1362 1336 οὐχ
1396 1266 1538 1333 ὑπὲρ
1582 1266 1692 1320 τῶν
1735 1285 1847 1323 πα-

257 1348 462 1403 θόντων
493 1350 590 1404 καὶ
627 1351 871 1406 στάντων
896 1352 1181 1422 γενναίως,
1219 1352 1334 1406 ἀλλ’
1377 1354 1517 1425 ὑπὲρ
1544 1355 1653 1408 τῶν
1684 1373 1846 1429 ποιη-

255 1442 468 1497 σάντων
492 1442 712 1513 θρηνεῖν
736 1445 1055 1513 ἀναγκαῖον.
1089 1445 1360 1518 Καθάπερ
1397 1446 1507 1518 γὰρ
1536 1446 1604 1500 τά
1642 1448 1844 1504 δυσθά-

249 1550 392 1590 νατα
418 1536 529 1589 τῶν
563 1537 771 1608 θηρίων
819 1537 999 1608 πολλῴ
1039 1536 1117 1609 τῷ
1162 1537 1320 1609 θυμῷ
1353 1542 1475 1602 ταῖς
1505 1541 1712 1610 ἀκμαῖς
1735 1541 1846 1594 τῶν

250 1627 496 1698 δοράτων
526 1628 890 1699 ἐμπίπτοντα,
934 1630 1071 1702 πρὸς
1102 1629 1172 1684 τὰ
1196 1630 1471 1702 βαθύτερα
1498 1625 1609 1686 τῶν
1639 1633 1846 1703 σπλάγ-

251 1737 397 1789 χνων
444 1719 647 1774 ὠθοῦσι
696 1720 766 1775 τά
798 1720 954 1793 ξίφηο
989 1721 1132 1776 οὐτω
1171 1722 1235 1796 δὴ
1274 1725 1370 1777 καὶ
1396 1724 1447 1776 οἱ
1470 1723 1569 1789 τὰς
1596 1741 1841 1796 παρανο-

254 1810 387 1879 μίας
405 1809 612 1874 ταύτας
643 1811 975 1882 τολμῶντες,
999 1814 1061 1866 τὸ
1088 1813 1323 1884 χαλεπὸν
1349 1814 1449 1885 τῆς
1474 1816 1701 1887 γεέννης
1732 1816 1845 1889 πῦρ

251 1902 395 1955 κατά
425 1904 528 1972 τῆς
556 1901 767 1956 ἑαυτῶν
823 1903 1117 1973 συνάγουσι
1164 1904 1430 1976 κεφαλῆς.
1466 1907 1530 1959 El
1555 1906 1612 1959 δέ
1644 1907 1844 1976 ἐγκαλο

249 1994 751 2068 λωπίζονται[645]
771 1991 852 2060 οἷς
885 1994 1120 2061 ποιοῦσι,
1154 1997 1249 2049 καὶ
1291 1996 1379 2050 διά
1411 1996 1570 2050 τοῦτο
1605 1997 1844 2068 μάλιστά

249 2088 387 2140 εἰσιν
420 2086 669 2152 ἐλεεινοὶ,
704 2087 802 2141 καὶ
833 2087 1099 2141 πλειόνων
1142 2087 1285 2153 ἄξιοι
1318 2087 1595 2159 δακρύων,
1632 2090 1713 2142 ὅτι
1746 2089 1843 2143 καὶ

249 2177 425 2251 ταύτῃ
445 2176 836 2248 χαλεπωτέρας
864 2178 1081 2241 ἑαυτοῖς
1111 2176 1210 2241 τάς
1234 2177 1471 2242 εὐθύνας
1502 2180 1843 2234 κατασκευά-

247 2269 423 2334 ζουσι.
453 2269 688 2333 Τούτους
708 2265 803 2324 οὐν
831 2269 912 2323 δεῖ
942 2270 1164 2342 θρηνεῖν
1195 2270 1481 2341 διηνεκῶς,
1518 2274 1631 2335 τοῖς
1661 2272 1717 2325 δὲ
1749 2289 1839 2326 mc

247 2361 397 2433 κρῶς
425 2360 569 2416 οὕτω
598 2361 994 2433 σφαττομένοις
1035 2363 1128 2415 ὑπ’
1162 2362 1344 2417 αὐτῶν
1378 2363 1702 2434 συνήδεσθαι
1731 2365 1840 2418 τῶν

249 2455 544 2526 βραϐείων,
578 2455 686 2510 τῶν
711 2456 994 2525 στεφάνων
1024 2456 1133 2509 τῶν
1164 2457 1222 2510 ἐν
1264 2458 1378 2520 τοῖς
1419 2457 1670 2527 οὐρανοῖς
1699 2457 1838 2511 ἀπο-

244 2547 537 2618 κειμένων,
569 2548 665 2602 καὶ
691 2547 899 2620 ταύτην
951 2549 1218 2620 μεγίστην
1251 2549 1524 2603 ποιεῖσθαι
1553 2550 1649 2604 καὶ
1677 2567 1840 2619 σαφε-

244 2642 452 2712 στάτην
480 2639 755 2705 ἀπόδειξιν
785 2641 889 2712 τῆς
929 2641 1151 2712 καιρίας
1184 2640 1279 2695 τοῦ
1314 2641 1561 2695 διαϐόλου
1597 2642 1836 2712 πληγῆς.

241 2734 307 2788 Εἰ
341 2733 453 2804 γὰρ
482 2733 557 2804 μὴ
586 2732 810 2805 καιρίαν
859 2733 1032 2805 αὐτὴν
1071 2731 1311 2800 ἐδέξατο,
1354 2733 1455 2786 οὐκ
1486 2732 1553 2786 ἂν
1582 2732 1838 2786 τοσοῦτον

241 2825 474 2878 ἔπνευσε
494 2823 584 2877 διά
608 2822 718 2876 τῶν
750 2822 1088 2894 πειθομένων
1112 2821 1282 2892 αὐτῷ.
1306 2822 1453 2876 Ταῦτ
1470 2821 1484 2840 ‘
1503 2817 1594 2876 οὖν
1619 2823 1839 2877 ἅπαντα

239 2913 464 2977 ἐννοῶν,
497 2912 738 2968 δέσποτά
770 2930 874 2985 μου
911 2911 1353 2985 θαυμασιώτατε,
1379 2913 1645 2983 μεγίστην
1677 2912 1836 2983 δέχου

239 3005 617 3078 παράκλησιν,
645 3006 740 3059 καὶ
788 3005 968 3076 γράφε
1015 3004 1258 3076 συνεχῶς
1310 3006 1445 3076 ἡμῖν
1474 3004 1543 3058 τὰ
1582 3006 1837 3077 περὶτῆς

239 3099 437 3167 ὑγείας
469 3099 567 3169 τῆς
586 3098 724 3169 -σῆς,
781 3095 1190 3168 Ἐπιθυμοῦμεν
1230 3099 1339 3168 γάρ
1380 3097 1506 3150 ἰδεῖν
1552 3096 1647 3150 καὶ
1680 3114 1839 3167 περι-

239 3186 552 3255 πτύξατθαι
599 3189 696 3261 τὴν
756 3189 921 3261 φίλην
971 3190 1104 3259 ἡμῖν
1152 3188 1398 3259 κεφαλήν
1433 3203 1447 3217 ·
1478 3187 1593 3242 ἀλλ’
1645 3187 1837 3261 ἐπειδὴ

236 3286 403 3341 τοῦτο
431 3287 526 3342 νῦν
550 3288 651 3342 οὐκ
674 3286 776 3352 ἔνι,
809 3286 1117 3360 παρακαλῶ
1148 3305 1243 3342 σου
1273 3288 1373 3359 τὴν
1402 3289 1712 3357 εὐγένειαν.
1741 3290 1838 3343 αὐ-

235 3380 335 3434 τόν
358 3397 419 3433 τε
440 3381 570 3452 ἡμῖν
600 3378 842 3451 συνεχῶς
867 3379 1203 3434 ἐπιστέλλειν
1235 3382 1305 3435 τὰ
1327 3381 1457 3449 περὶ
1486 3382 1583 3452 τῆς
1614 3382 1837 3456 ῥώσεως

235 3473 342 3543 τῆς
370 3472 491 3543 σῆς,
518 3472 614 3526 καὶ
651 3474 764 3535 τοῖς
793 3470 998 3544 σφόδρα
1034 3474 1184 3544 ἡμᾶς
1213 3473 1475 3542 ἀγαπῶσι
1527 3474 1727 3547 πολλὴν
1756 3477 1836 3541 είς

233 3562 401 3620 τοῦτο
429 3562 873 3635 παρασκευάζειν
898 3562 999 3633 τὴν
1030 3563 1279 3617 εὐκολίαν
1314 3576 1364 3621 ⁸.

304 3704 437 3772 ιιςι.
453 3702 828 3775 Ἇμπρούκλῃ
854 3703 1114 3773 διακόνῳ
1146 3702 1244 3759 καὶ
1271 3704 1402 3772 ταῖς
1435 3703 1559 3760 σὺν
1583 3704 1760 3775 αὐτῇ.

311 3831 396 3885 Τά
431 3830 676 3903 κύματα,
697 3833 819 3893 ταῖς
849 3830 1077 3901 πέτραις
1101 3830 1586 3902 προσρηγνύμενα,
1621 3831 1834 3895 ὲκείνας

234 3915 343 3987 μὲν
365 3914 484 3968 οὐδὲ
520 3916 716 3986 μικρὸν
756 3913 1108 3968 διασαλεῦσαι
1140 3913 1384 3975 δύναται,
1419 3914 1591 3968 ἐαυτά
1625 3914 1682 3968 δέ
1716 3932 1836 3985 μει-

233 4002 410 4067 ζόνως
450 4001 529 4072 τῷ
582 4000 824 4073 ῥαγδαίῳ
870 4002 970 4073 τῆς
1003 3999 1181 4073 ῥύμης
1229 4001 1514 4055 διαλύοντα
1557 4003 1830 4072 ἀφανίζει.

233 4084 413 4139 Τοῦτο
440 4085 469 4125 b
501 4086 596 4138 καὶ
634 4086 720 4155 ἐφ’
759 4084 913 4156 ὑμῶν
958 4083 1105 4140 ἔστιν
1139 4085 1267 4140 ἰδεῖν
1293 4085 1413 4149 νῦν,
1449 4087 1545 4140 καὶ
1573 4086 1683 4139 τῶν
1710 4088 1833 4140 ἐπι-

230 4167 602 4222 ϐουλευόντων
628 4168 757 4239 ὑμῖν
785 4169 907 4239 είκῆ
934 4170 1029 4222 καὶ
1054 4168 1254 4240 μάτην.
1283 4168 1447 4241 Ὑμῖν
1479 4171 1579 4240 μὲν
1607 4169 1718 4241 γάρ
1740 4169 1834 4223 καὶ

229 4253 271 4323 ἡ
304 4252 456 4321 παρὰ
483 4252 559 4324 τῷ
588 4250 708 4322 Θεῷ
737 4252 1021 4325 παρρησία
1052 4251 1146 4306 καὶ
1173 4256 1206 4325 ὴ
1234 4256 1362 4325 παρ’
1376 4252 1689 4327 ἀνθρώποις
1705 4253 1834 4320 δόξα

231 4337 439 4391 πλείων
461 4335 713 4391 ἐντεῦθεν
727 4337 957 4406 γίνεται,
975 4338 1206 4402 ἐκείνοις
1228 4337 1285 4392 δέ
1307 4339 1505 4409 κρῖμα,
1524 4338 1620 4392 καὶ
1640 4338 1834 4408 αἰσχύ-

231 4436 331 4490 νη,
358 4421 454 4474 καὶ
481 4420 702 4485 ὄνειδος.
735 4420 889 4475 Ἐπεὶ
912 4422 1006 4476 καὶ
1018 4421 1315 4493 τοιοῦτονὴ
1344 4422 1535 4492 ἁρετὴ,
1551 4421 1646 4474 καὶ
1664 4420 1835 4475 τοιοῦ·

229 4521 331 4558 τον
361 4506 396 4574 ὴ
444 4504 613 4559 κακία
648 4520 662 4534 °
693 4506 728 4577 ἡ
764 4505 863 4576 μὲν
897 4505 993 4558 καὶ
1029 4504 1410 4576 πολεμουμένη
1449 4503 1714 4575 μειζόνως
1746 4506 1835 4557 ἀν-

229 4589 355 4653 θεῖ,
389 4588 529 4661 αὐτὴ
555 4589 612 4643 δέ
646 4591 741 4643 καὶ
761 4587 1075 4658 πολεμοῦσα
1093 4588 1463 4658 ἀσθενεστέρα
1482 4588 1716 4656 γίνεται,
1738 4590 1833 4643 καὶ

226 4673 411 4748 ταύτῃ
443 4674 681 4746 μάλιστα
710 4672 1062 4728 καταλύεται.
1086 4672 1368 4743 Μεγίστην
1396 4671 1576 4725 τοίνυν
1606 4671 1831 4742 ἔχουσαι

228 4757 586 4829 παράκλησιν
633 4756 744 4812 τῶν
796 4758 1100 4828 γινομένων
1143 4756 1240 4827 τὴν
1292 4755 1575 4820 ὑπόθεσιν,
1607 4755 1833 4827 χαίρετε

226 4841 332 4895 καὶ
384 4840 763 4914 εὐφραίνεσθε,
819 4842 915 4894 καὶ
952 4838 1510 4913 κραταιοῦσθε.¹’1στε
1568 4839 1682 4911 γάρ
1743 4841 1832 4909 ἐφ’

224 4921 316 4988 οἷς
343 4925 688 4980 ἀπεδύσασθε
708 4924 968 4989 ἐπάθλοις
1002 4927 1085 4989 είς
1110 4925 1200 4977 τὸν
1225 4924 1329 4994 τῆς
1347 4923 1601 4997 ἀνδρείας
1625 4926 1831 4996 ταύτης

224 5010 446 5079 ἀγῶνα,
479 5010 574 5065 καὶ
607 5013 735 5063 ποῖα
772 5010 919 5081 ὑμᾶς
953 5008 1328 5081 καρτερούσας
1356 5009 1454 5063 καὶ
1490 5008 1832 5080 εὐχαρίστως

226 5094 510 5167 φερούσας
546 5094 619 5149 τὰ
662 5095 1051 5165 συμπίπτοντα
1087 5094 1351 5163 ἀναμένει
1383 5093 1587 5162 ἀγαθὰ,
1635 5095 1672 5148 ἃ
1705 5093 1830 5147 οὐτε

223 5178 521 5251 ὀφθαλμὸς·
553 5177 717 5246 εἶδεν,
748 5177 874 5232 οὐτε
910 5173 1004 5242 οὖς
1039 5177 1301 5247 ἤκουσεν,
1333 5176 1459 5229 οὐτε
1480 5178 1574 5230 ἐπὶ
1602 5178 1830 5251 καρδίαν

175 5266 189 5279 ⁸
225 5264 527 5337 ἀνθρώπου
563 5264 752 5337 ἀνέϐη.
786 5263 896 5319 Καὶ
915 5262 985 5316 τὰ
1015 5262 1116 5332 μὲν
1157 5260 1377 5333 λυπηρὰ
1427 5262 1655 5316 τοιαῦτα
1683 5279 1827 5334 παρ-

295 5453 324 5482 ³
350 5452 475 5515 Reg.
497 5452 696 5564 gécw;
711 5456 796 5510 τῆς
821 5457 929 5511 σῆς,
946 5450 1028 5499 καὶ
1047 5448 1155 5512 περὶ
1176 5453 1262 5507 τῆς
1277 5447 1518 5510 διατριϐῆς
1540 5452 1625 5506 τῆς
1646 5447 1827 5507 αὐτόθι,

295 5516 418 5564 ὶτῆς
443 5514 494 5562 εὐ
525 5515 798 5564 οκιμήσεώς
831 5530 920 5561 σου
944 5513 1026 5561 καὶ
1050 5517 1135 5564 τῆς
1165 5510 1401 5564 εὐθυμίας·
1427 5509 1481 5557 οὐ
1500 5510 1590 5564 γὰρ
1609 5510 1695 5564 τήν
1742 5526 1827 5557 τυ-

226 5516 318 5583 καεὶ-
330 5519 418 5573 τῆς
435 5513 798 5583 ἐὐδοκ-ιμήόίεώς
831 5530 920 5583 σου
944 5513 1033 5583 καί
1050 5513 1401 5583 τῆςέὑθνμίας·
1427 5513 1481 5557 οὐ
1500 5513 1590 5583 γὰρ
1609 5513 1695 5583 τῂν
1742 5526 1828 5557 τυ-

228 5575 418 5647 χοῦσαν
453 5578 537 5625 καὶ
782 5575 979 5647 τοιαύτῃ
1008 5573 1323 5647 διατρίϐοντες
1344 5573 1699 5647 καρπωσόμεθα
1732 5588 1830 5647 πα-

230 5635 489 5704 ἕάκληεινν
510 5635 713 5704 τοιάῦέᾳ
728 5635 859 5704 λιτριρά
881 5635 968 5704 τῆς
987 5643 1088 5704 εξῆς.
1109 5635 1381 5704 τιμιότητες
1406 5635 1653 5704 δεχόμενρρ
1673 5636 1827 5697 γράμ-
1850 5666 1854 5671 -

303 5718 379 5749 τα.
407 5701 640 5761 Sequens
666 5697 838 5761 mullis
856 5699 927 5748 sic
947 5697 1161 5761 habebat
1191 5697 1436 5761 in_codict_a
1460 5697 1662 5761 Cujacii,
1697 5704 1826 5761 lcsge

303 5718 379 5749 τα.
407 5718 640 5761 aequens
666 5718 838 5748 nlulus
856 5718 927 5748 su:
947 5718 1161 5748 nauem".
1194 5718 1241 5745 Ill
1267 5718 1436 5747 cuulw
1460 5718 1662 5755 bulacu,
1697 5718 1825 5745 [usus

231 5718 490 5813 Frontone
518 5763 719 5819 Ducam,
754 5760 1087 5825 _’Ap.1:po§x).q>
1118 5759 1325 5825 διακόνῳ
1350 5759 1432 5806 καὶ
1468 5760 1569 5818 ταῖς
1610 5757 1699 5807 σὺν
1745 5759 1825 5807 αὐ·

233 5830 314 5888 τῆς
334 5825 593 5888 mendose.
617 5836 732 5888 nam
752 5820 1113 5888 hic‘minAIierQ‘m
1136 5820 1423 5888 alloqg'igur.

300 5884 329 5925 1³
349 5886 505 5939 Valic.
535 5884 803 5935 διαλύονται
823 5886 901 5934 καὶ
921 5884 1235 5949 ἀφορίζονται.
1256 5881 1427 5934 Τοῦτο.

1707 389 2099 451 ΕΡῘΞΤΟΙΛΕ.

3431 395 3536 451 660

1954 511 2216 577 οδεύεται,
2251 513 2449 584 καὶτῷ
2479 512 2708 587 παρόντι
2742 513 3173 584 συγκαταλύεται
3209 511 3309 585 βίῳ
3328 530 3342 544 ·
3373 515 3443 568 τὰ
3478 518 3535 568 δὲ

1950 603 2201 660 ἐντεῦθεν
2217 605 2428 662 ἔπαθλα
2442 607 2685 663 ἀθάνατα
2710 609 2883 681 μένει.
2898 608 3008 662 Καὶ
3031 607 3138 679 πρὸ
3157 608 3264 661 τῶν
3285 607 3536 663 ἐπάθλων

1949 694 2007 747 δὲ
2037 696 2282 761 ἐκείνων,
2319 699 2381 751 οὐ
2410 699 2615 770 μικρὰν
2663 700 2756 754 καὶ
2780 699 3031 754 ἐντεῦθεν
3073 698 3384 770 καρποῦσθε
3408 699 3536 769 ἡδο-

1951 785 2068 856 νὴν,
2098 789 2166 858 τῇ
2197 789 2374 843 ἐλπίδι
2404 790 2499 844 τοῦ
2544 791 2784 862 χρηστοῦ
2820 790 3151 854 συνειδότος,
3175 791 3271 844 καὶ
3306 790 3538 862 προσδο-

1952 878 2049 952 κίᾳ
2072 880 2352 949 στεφάνων
2372 881 2596 936 ἐκείνων
2623 883 2975 954 τρεφόμεναι.
3004 883 3189 937 Ταῦτα
3209 879 3305 936 οἷδ’
3327 884 3408 937 ὅτι
3439 883 3535 937 καὶ

1951 971 2058 1041 πρὸ
2078 971 2189 1025 τῶν
2216 972 2501 1044 ἡμετέρων
2534 968 2695 1028 οἶσθα
2736 975 3078 1046 γραμμάτων
3115 991 3130 1005 ⁸
3164 975 3279 1030 ἀλλ’
3314 975 3400 1029 ἵνα
3435 992 3534 1045 μα-

1953 1061 2093 1134 κράν
2131 1064 2450 1132 ποιήσωμεν
2479 1064 2580 1133 τὴν
2611 1064 2919 1136 ἐπιστολὴν,
2958 1064 3198 1129 ἐξέτεινα
3221 1064 3321 1134 τὴν
3350 1062 3534 1134 παρά-

1951 1154 2166 1224 κλησιν.
2195 1150 2268 1209 Εὖ
2299 1173 2362 1225 γε
2387 1157 2494 1227 γάρ
2524 1153 2619 1210 οἷδ’
2645 1158 2728 1210 ὃτι
2763 1158 2967 1229 σφόδρα
3009 1157 3167 1227 ήμῶν
3214 1156 3321 1210 τῶν
3352 1173 3536 1227 γραμο

1956 1245 2143 1316 μάτων
2189 1247 2352 1317 ἐρᾷς,
2402 1247 2497 1299 καὶ
2554 1248 2674 1318 μεθ’
2731 1248 3035 1320 ὑπερϐολῆς
3084 1248 3290 1319 σφόδρα
3326 1259 3348 1286 ο
3377 1264 3392 1277 ·
3440 1247 3533 1301 καὶ

1950 1335 2113 1390 τοῦτο
2138 1332 2293 1408 οἶμαι
2319 1340 2493 1391 αῖτιον
2517 1336 2658 1392 εἶναι
2686 1339 2780 1392 τοῦ
2831 1339 3073 1409 συνεχῶς
3099 1340 3229 1410 ἡμῖν
3258 1338 3530 1408 ἐγκαλεῖν,

1947 1431 2030 1485 ὅτι
2067 1432 2145 1503 μὴ
2171 1431 2436 1496 πολλάκις
2482 1433 2921 1505 ἐπεστάλκαμεν.
2948 1433 3098 1507 [ϐόθ]
3136 1435 3211 1488 Οὐ
3238 1435 3348 1513 γάρ
3371 1434 3534 1489 δυνά-

1952 1524 2095 1595 μεθά
2128 1542 2223 1580 σου
2256 1526 2482 1600 κορέσαι
2510 1527 2611 1598 τὴν
2648 1528 2968 1600 ἐπιθυμίαν,
3001 1526 3103 1582 κᾶν
3143 1528 3265 1582 καθ’
3293 1528 3533 1596 ἑκάστην

1947 1618 2264 1691 πέμπωμεν
2296 1622 2625 1693 γράμματα,
2646 1621 2739 1676 διὰ
2785 1620 2849 1674 τὸ
2893 1621 3100 1694 σφόδρα
3139 1620 3299 1693 ήμῶν
3332 1620 3533 1693 ἐκκρέ-

1950 1708 2158 1780 μασθαι
2197 1710 2308 1766 τῶν
2338 1712 2662 1769 ἐπιστολῶν.
2708 1714 2768 1768 '0
2795 1713 2928 1778 Θεός
2970 1730 3054 1767 σοι
3100 1713 3193 1767 τὸν
3246 1713 3436 1784 μισθὸν
3461 1712 3536 1783 δῷ

1945 1803 2041 1856 καὶ¹
2073 1802 2173 1875 τὴν
2207 1804 2448 1877 ἀμοιϐὴν
2491 1806 2593 1879 τῆς
2623 1805 2896 1877 τοσαύτης
2930 1807 3060 1876 περὶ
3093 1807 3241 1877 ἡμᾶς
3292 1805 3533 1875 ἀγάπης,

1945 1895 2039 1948 καὶ
2085 1897 2145 1951 ἐν
2182 1896 2263 1968 τῷ
2306 1898 2537 1969 παρόντι
2582 1897 2683 1970 βίῳ
2716 1899 2810 1952 καὶ
2841 1900 2899 1952 ἐν
2940 1897 3019 1969 τῷ
3056 1898 3305 1968 μέλλοντι
3354 1896 3533 1951 αίῶνι.

1957 1988 2149 2058 Ἡμεῖς
2176 1991 2359 2062 μέντοι
2382 1992 2443 2043 οὐ
2470 1990 2796 2063 διαλιμπάνο
2803 2008 2902 2062 μεν
2921 1990 3009 2046 διὰ
3028 1992 3138 2044 τῶν
3154 1988 3535 2060 ἐμπιπτόντων

1946 2081 2190 2154 συνεχῶς
2210 2083 2619 2150 ἐπιστέλλοντες
2639 2102 2652 2116 °
2684 2087 2815 2157 ἡμῖν
2850 2084 2958 2156 γὰρ
2984 2085 3168 2148 αὐτοῖς
3199 2084 3268 2137 τά
3302 2082 3536 2153 μέγιστα

1944 2176 2290 2248 χαριούμεθα
2323 2179 2483 2233 τοῦτο
2515 2178 2798 2243 ποιοῦντες
2825 2220 2840 2245 ,
2869 2178 2964 2232 καί⁸
3011 2181 3077 2249 τῇ
3119 2179 3186 2248 σῇ
3227 2175 3372 2245 ψυχῇ
3410 2192 3537 2227 συν-

1943 2267 2082 2338 εχῶς
2110 2269 2199 2323 διὰ
2229 2269 2340 2324 τῶν
2372 2270 3261 2343 γραμμάτωνπροσαγορεύοντες.
3294 2267 3403 2322 Καὶ
3424 2266 3537 2339 γάρ

1940 2359 2040 2429 τὴν
2066 2361 2311 2432 ἀγάπην,
2341 2364 2408 2431 ἢν
2429 2364 2695 2435 ἐνέθηκας
2721 2365 2853 2434 ἡμῖν
2882 2362 2942 2428 ἐξ
2973 2362 3175 2432 ἀρχῆς,
3192 2359 3396 2431 ταύτην
3418 2360 3538 2430 διη-

1941 2452 2116 2515 νεκῶς
2149 2453 2500 2525 ἀκμάζουσαν
2533 2455 2930 2527 διατηροῦμεν·
2968 2454 3070 2508 κᾶν
3093 2452 3315 2506 πλείονα
3341 2450 3533 2504 τούτου

1942 2544 2105 2597 πάλιν
2131 2545 2549 2618 ἀπολειφθῶμεν
2574 2548 2703 2618 ὑμῖν
2728 2548 2942 2619 χρόνον,
2965 2545 3086 2599 οὐδὲ
3118 2542 3369 2597 ἐντεῦθεν
3395 2543 3532 2614 αὐτὴ

1940 2634 2294 2708 ἁμαυροτέρα
2310 2637 2543 2705 γίνεται.
2589 2639 2678 2691 Ἐν
2703 2638 2814 2710 γὰρ
2846 2637 3056 2708 διανοίᾳ
3079 2634 3356 2705 πανταχοῦ
3384 2650 3535 2705 περι-

1940 2725 2180 2796 φέρομεν
2250 2728 2427 2797 ὑμᾶς,
2500 2727 2937 2799 ἐκπληττόμενοι
3003 2727 3066 2781 τὸ
3130 2727 3533 2798 ἀπερίτρεπτιν

1939 2816 2094 2887 ὑμῶν
2122 2817 2223 2888 τῆς
2263 2817 2489 2890 γνώμης
2539 2820 2635 2873 καὶ
2669 2823 2770 2892 τὴν
2816 2820 3019 2893 πολλὴν
3044 2820 3314 2892 ἀνδρείαν.
3349 2820 3535 2892 Γράφε

1939 2910 2003 2983 δὴ
2040 2912 2136 2963 καὶ
2165 2911 2305 2983 αὐτὴ
2354 2912 2595 2983 συνεχῶς
2622 2916 2776 2985 ἡμῖν,
2807 2915 2875 2968 τά
2915 2915 3046 2986 περὶ
3078 2913 3181 2984 τῆς
3217 2913 3407 2982 ὑγείας
3436 2913 3534 2981 τῆς

1941 3004 2039 3073 σῆς
2088 3004 2553 3077 εὑαγγελιζομένη
2592 3009 2686 3060 καὶ
2732 3006 2827 3060 τοῦ
2869 3007 3019 3060 οἴκου
3069 3024 3164 3060 σου
3195 3004 3418 3070 παντὸς,
3446 3005 3532 3057 ἵνα

1939 3095 2142 3170 πολλὴν
2172 3099 2267 3152 καὶ
2293 3097 2543 3154 ἐντεῦθεν
2572 3098 3000 3173 καρπωσώμεθα
3030 3099 3129 3172 τὴν
3163 3098 3536 3171 παράκλησιν.

2301 3252 2422 3318 ι,Ζ’.
2468 3251 2719 3315 Ὑπατίφ
2771 3251 3183 3321 πρεσϐυτέρῳ.

2013 3381 2178 3452 Οἶδας
2198 3388 2293 3441 καὶ
2317 3387 2482 3452 αὐτὸς
2502 3429 2515 3451 ,
2549 3387 2711 3462 κύριέ
2745 3406 2846 3459 μου
2890 3388 3215 3459 τιμιώτατε,
3251 3387 3375 3440 ὅσον
3406 3386 3535 3458 ὑμῖν

1939 3479 2097 3552 φέρει
2122 3480 2314 3551 μισθὸν
2336 3480 2407 3534 τὰ
2435 3479 2524 3535 διά
2559 3482 2652 3536 τὸν
2682 3481 2814 3535 Θεὸν
2848 3482 3169 3553 παθήματα,
3201 3480 3367 3552 ἡλίκα
3398 3478 3534 3551 βρα-
3588 3472 3599 3477 ”

1940 3568 2083 3635 θεῖα,
2119 3571 2265 3636 οῖους
2305 3572 2638 3642 στεφάνους*
2679 3573 2847 3644 μηδὲν
2875 3569 2971 3627 οὖν
3002 3591 3060 3625 σε
3092 3573 3391 3644 θορυδείτω
3425 3571 3534 3625 τῶν

1939 3656 2261 3735 γινομένων,
2296 3664 2528 3737 ἐπείπερ
2573 3667 2703 3731 τοὺς
2745 3666 3036 3731 ποιοῦντας
3082 3667 3271 3730 κακῶς
3315 3666 3534 3738 θρηνεῖν

1937 3756 2038 3809 δεῖ.
2098 3757 2329 3810 Ἐκεῖνοι
2358 3757 2469 3826 γάρ
2512 3758 2652 3810 εἰσιν
2686 3760 2735 3811 οἱ
2782 3758 2984 3829 μυρίαν
3022 3757 3162 3811 κατά
3192 3759 3291 3828 τῆς
3321 3759 3531 3812 ἑαυτῶν

1939 3850 2186 3921 κεφαλῆς
2212 3849 2646 3921 ἐπισωρεύοντες
2665 3851 2905 3905 κόλασιν.
2925 3850 3096 3915 Αὐτὸς
3128 3850 3328 3913 τοίνυν,
3347 3851 3530 3917 καθώς

1939 3960 2022 3997 σοι
2051 3943 2258 4016 πρέπον
2282 3945 2421 4009 ἐστὶ,
2446 3948 2512 4016 τῇ
2537 3945 2890 4017 προσηκούσῃ
2923 3947 3261 4018 κεχρημένος
3283 3947 3529 4020 ἀνδρεία,

1938 4034 2184 4107 ἀράχνης
2226 4035 2612 4107 εὐτελέστερον
2656 4036 2862 4091 διάσπα
2888 4037 2958 4090 τά
2999 4039 3224 4091 ἐκείνων
3277 4039 3530 4108 μηχανή-

1941 4146 2090 4199 ματα
2136 4129 2232 4182 καὶ
2262 4128 2362 4192 τὰς
2411 4129 2740 4195 ἐπιϐουλὰς,
2770 4130 2866 4184 καὶ
2902 4130 3083 4202 γράφε
3120 4131 3359 4203 συνεχῶς
3399 4132 3530 4201 ἡμῖν
3606 4142 3611 4143 ⁷

1937 4222 2068 4293 περὶ
2108 4222 2210 4293 τῆς
2244 4222 2436 4291 ὑγείας
2479 4224 2578 4295 τῆς
2619 4222 2720 4294 σῆς
2764 4223 3269 4294 εὐαγγελιζόμενος.
3320 4224 3530 4296 Πολλὴν

1937 4314 2047 4387 γὰρ
2097 4314 2364 4385 δεξόμεθα
2408 4316 2780 4388 παράκλησιν,
2822 4317 2918 4369 καὶ
2953 4318 3011 4370 ἐν
3039 4316 3298 4390 ἀλλοτρίᾳ
3324 4318 3532 4389 διατρί‹

1937 4410 2145 4478 ὁοντες,
2176 4410 2405 4464 τοιαῦτα
2444 4412 2597 4484 παρά
2630 4413 2730 4484 τῆς
2762 4413 3081 4486 τιμιότητός
3123 4431 3218 4467 σου
3249 4415 3528 4486 δεχόμενοι

1938 4501 2266 4574 γράμματα.

2503 4597 2627 4663 ιιηο.
2658 4596 2967 4664 Χαλκιδίᾳ.

2007 4704 2121 4777 Οὐχ
2150 4707 2228 4770 ὡς
2271 4705 2464 4779 ἔτυχεν
2514 4708 2858 4780 ¹ιγλγήσαμεν,
2889 4708 3156 4780 μαθόντες
3189 4717 3252 4769 ὲν
3282 4712 3525 4786 τοσαύτη

1936 4821 1995 4860 σε
2026 4808 2313 4879 ἀρρωστίᾳ
2344 4803 2504 4862 εἶναι.
2530 4805 2704 4863 Οἶσθα
2741 4810 2852 4882 γάρ
2885 4812 3036 4875 ὅπως
3065 4812 3407 4885 άντεχόμεθά
3434 4833 3529 4869 σου

1932 4907 2034 4979 τῆς
2062 4907 2295 4976 ὑγιείας,
2318 4909 2484 4981 κυρία
2504 4927 2607 4980 μου
2635 4910 2988 4983 κοσμιωτάτῃ
3012 4912 3104 4966 καὶ
3133 4912 3526 4989 εὐλαϐεστάτη.

1936 5004 2153 5064 Ἰνόὖν
2184 5009 2261 5083 μὴ
2287 5010 2740 5082 κατατεινώμεθα
2762 5013 2827 5084 τῇ
2863 5013 3126 5084 φροντίδι,
3149 5014 3239 5069 διά
3256 5033 3401 5082 τινος
3433 5019 3529 5073 τοῦ

1936 5111 2159 5185 πρώτου
2201 5112 2413 5167 ἐκεῖθεν
2455 5115 2861 5185 άφικνουμένου
2909 5114 3070 5169 τοῦτο
3102 5116 3235 5171 αὐτὸ
3289 5118 3528 5190 δηλῶσαι

1934 5216 2066 5288 ἡμῖν
2131 5217 2469 5282 σπούδασον,
2503 5219 2557 5272 εῐ
2593 5237 2674 5273 σοι
2722 5218 2905 5273 τέλεον
2950 5218 3021 5273 τά
3070 5220 3172 5291 τῆς
3215 5223 3526 5295 ἀρρωστίας

1935 5317 2341 5391 ἀνῄρηται,καὶ
2369 5320 2506 5392 πρὸς
2532 5321 2780 5394 καθαράν
2814 5322 3119 5391 ἐπανῆλθες
3140 5323 3370 5391 ὑγίειαν.
3391 5326 3526 5379 Οὐδὲ

1933 5418 2043 5490 γὰρ
2070 5418 2170 5490 τὴν
2226 5421 2501 5491 τυχοῦσαν
2541 5421 2905 5493 καρπούμεθα
2937 5423 3310 5496 εὐφροσύνην,
3343 5427 3437 5481 καὶ
3468 5430 3526 5481 ἐν

1930 5520 2141 5593 ἐρημίᾳ
2176 5522 2417 5596 τοσαύτῃ
2465 5523 2807 5594 καθήμενοι,
2864 5526 2993 5580 ὅταν
3028 5527 3182 5598 ὑμῶν
3225 5528 3335 5583 τῶν
3388 5529 3525 5598 ἁγα-

1930 5623 2159 5677 πὼντων
2182 5624 2334 5696 ἡμᾶς
2366 5625 2605 5698 γνησίως
2632 5628 2882 5701 περὶτῆς
2911 5630 3099 5700 ὑγείας
3134 5632 3229 5685 καὶ
3257 5630 3519 5702 εὐθυμίας

1992 5824 2016 5853 ε
2044 5825 2229 5899 Σφόδρα
2245 5827 2391 5899 d‘gest
2406 5828 2465 5899 _in
2489 5829 2643 5899 Valiq.
2662 5831 2788 5899 Infra
2808 5831 2964 5899 Yatic.
2980 5835 3006 5883 ό
3028 5833 3079 5882 δὲ
3097 5834 3463 5899 Θεὸςπαράσκοι

1932 5900 2008 5934 σοι
2036 5889 2120 5945 τήν
2143 5889 2348 5951 ἀμοιϐὴν
2371 5897 2454 5951 τῆς
2473 5893 2707 5953 τοσαύτης
2731 5894 2932 5957 ἀγάπης.
