3906 6384
454 411 551 469 661

456 520 836 593 μανθάνωμεν.
859 519 1044 573 Εἰδυῖα
1064 517 1241 571 τοίνυν
1270 516 1433 586 ἡλίκα
1462 517 1594 586 ἡμῖν
1625 515 1825 586 χαρίζῃ
1848 511 2030 565 τοιαύ-

452 630 553 684 την
578 613 868 682 πέμπουσα
890 607 1192 679 ἐπιστολὴν,
1210 606 1284 677 μὴ
1316 606 1609 677 μελλήσῃς,
1634 605 1769 676 μηδὲ
1794 603 2028 674 ὑπερθῇ,

454 703 569 757 ἀλλ’
612 703 813 766 εὐθέως
854 701 1010 755 τοῦτο
1049 702 1272 770 ποιῆσαι
1308 697 1711 770 παρακλήθητι,
1745 697 1812 750 τιν’
1842 695 2031 766 ὥσπερ

452 795 548 848 νῦν
580 794 682 848 ὑπὸ
711 794 810 865 τῆς
853 793 1090 863 ἀθυμίας
1120 792 1379 863 συνέχεας
1406 791 1555 862 ἡμᾶς
1585 790 1684 862 τὴν
1718 789 2034 860 ἀρρωστίαν

451 886 703 946 εἰποῦσα,
756 885 930 948 οὕτως
971 885 1068 955 τὴν
1112 886 1302 953 ὑγείαν
1342 883 1722 952 ἁπαγγείλασα
1768 882 1868 953 τὴν
1907 881 2029 951 σὴν,

452 977 654 1048 πολλῆς
687 977 834 1048 ἡμᾶς
873 975 1253 1046 ἐμπλησθῆναι
1292 976 1524 1047 ποιήσῃς
1555 975 1655 1045 τῆς
1683 973 1895 1045 ἡδονῆς.

851 1087 1003 1162 [647]
1043 1090 1158 1155 ιβ.
1215 1089 1613 1157 Ἀσυγκριτίᾳ.

532 1182 688 1253 Ἐμοὶ
724 1182 826 1253 μὲν
874 1181 1343 1253 περισπούδαστον
1376 1180 1437 1234 τὸ
1471 1179 1708 1251 συνεχῶς
1739 1180 1867 1252 ὑμῖν
1904 1180 2030 1233 ἐπι-

452 1273 694 1326 στέλλειν
719 1289 733 1305 ο
770 1272 870 1342 τῆς
904 1272 1013 1344 γὰρ
1045 1272 1342 1334 διαθέσεως
1371 1270 1546 1341 ὑμῶν,
1576 1272 1673 1325 καὶ
1697 1272 1796 1342 τῆς
1823 1272 2027 1335 αἰδοῦς,

451 1366 547 1419 καὶ
570 1365 670 1433 τῆς
698 1364 887 1435 τιμῆς,
918 1365 983 1433 ἡν
1013 1364 1100 1417 ἀεὶ
1135 1364 1262 1435 περὶ
1287 1364 1434 1434 ἡμᾶς
1458 1362 1827 1430 ἐπεδείξασθε,
1862 1364 2029 1417 ὄπου-

452 1473 559 1527 περ
592 1455 657 1509 ἂν
694 1453 1046 1525 ἀφικώμεθα,
1087 1453 1443 1508 ἐπιλαθέσθαι
1482 1454 1542 1507 ού
1586 1453 1880 1525 δυνάμεθα,
1912 1455 2035 1509 ἀλλ’

452 1546 647 1616 ἔχομεν
679 1544 829 1616 ὑμῶν
862 1544 1124 1615 διηνεκῶς
1145 1545 1243 1614 τὴν
1271 1546 1491 1615 μνήμην
1517 1543 1868 1615 ἀκμάζουσαν
1895 1564 2032 1599 παν-

450 1638 616 1708 ταχοῦ
670 1638 1072 1710 περιφέροντες.
1129 1638 1192 1690 Εί
1239 1637 1297 1690 δὲ
1346 1638 1420 1709 μὴ
1470 1638 1658 1702 ὁσάκις
1700 1638 2030 1709 ἐϐουλόμεθα

450 1728 891 1799 ἐπεστάλκαμεν,
918 1728 1054 1781 ἀλλά
1101 1729 1415 1793 σπανιάκις,
1451 1729 1610 1782 τοῦτο
1637 1730 1698 1783 οὑ
1731 1730 1828 1800 τῆς
1861 1729 2029 1802 ρᾳθυ-

451 1821 581 1889 uia;
598 1819 698 1890 τῆς
723 1820 1019 1892 ἡμετέρας,
1056 1819 1190 1874 ἀλλά
1216 1820 1318 1890 τῆς
1337 1820 1448 1875 τῶν
1475 1822 1820 1893 πραγμάτων
1851 1823 2027 1891 ἀνάγ-

448 1928 573 1981 κης,
608 1910 822 1964 καὶτοῦ
853 1910 952 1982 τὴν
980 1912 1096 1965 όδὸν
1122 1910 1322 1966 ἄϐατον
1369 1912 1671 1984 ὁδοιπόροις
1724 1908 1864 1967 εἶναι
1909 1914 2025 1970 νῦν.

445 2001 612 2053 Ταῦτ’
637 1997 730 2055 οὖν
757 2002 951 2065 είδυῖα,
985 2003 1153 2074 κυρία
1185 2019 1287 2074 μου
1320 2004 1674 2075 κοσμιωτάτη
1697 2005 1792 2059 καὶ⁵
1814 2007 2029 2074 εὐγενε-

445 2092 635 2163 στάτη,
671 2093 766 2147 κα)⁸
796 2093 1119 2165 γραφόντων
1150 2093 1330 2165 ἡμῶν,
1353 2095 1449 2148 καὶ
1485 2095 1787 2164 σιγώντων,
1824 2099 2030 2169 ὁμοίως

441 2182 681 2237 διάκεισο
730 2185 858 2257 περὶ
900 2184 1001 2255 τῆς
1044 2184 1357 2252 διαθέσεως,
1382 2186 1451 2258 ἡν
1468 2188 1555 2241 ἀεὶ
1592 2191 1721 2261 περὶ
1753 2193 1895 2262 ὑμᾶς
1936 2196 2030 2247 ἐπ’

440 2271 785 2344 εδειξάμεθα.

690 2402 775 2461 P'.
816 2407 1137 2475 Μαρκιανῷ
1168 2411 1267 2465 καί
1304 2414 1759 2481 Μαρκελλίνῳα.

513 2492 686 2547 Τοῦτο
715 2496 806 2549 καὶ
839 2500 971 2568 ἡμῖν
1001 2500 1101 2570 τῆς
1132 2505 1350 2574 μακρᾶς
1381 2506 1540 2577 σιγης
1575 2505 1747 2560 αἴτιον
1787 2507 2021 2577 γίνεται,

442 2582 471 2636 ὃ
502 2585 594 2637 καὶ
628 2589 694 2657 τῇ
746 2588 997 2661 εὐγενείᾳ
1046 2595 1112 2662 τῇ
1178 2594 1441 2667 ὑμετέρᾳο
1475 2597 1611 2652 ἀλλά
1647 2600 1805 2670 σιγῆς
1836 2600 1894 2654 οὐ
1924 2602 2024 2673 τῆς

442 2677 584 2730 κατά
622 2677 721 2749 τὴν
754 2679 1000 2752 γνώμην,
1026 2683 1161 2737 ἀλλά
1188 2686 1286 2756 τῆς
1321 2689 1458 2741 κατά
1485 2690 1583 2760 τὴν
1615 2689 1881 2759 γλῶτταν.
1935 2694 2022 2759 Ὠς

438 2771 506 2839 τῇ
540 2768 748 2841 διανοίᾳ
792 2773 883 2824 καὶ
922 2774 1329 2848 ἑπιστέλλομεν,
1375 2781 1468 2833 καὶ
1526 2782 2024 2856 προσφθεγγόμεθα

440 2859 700 2928 συνεχῶς,
732 2862 933 2930 μᾶλλον
962 2864 1020 2917 δὲ
1052 2865 1334 2937 διηνεκῶς,
1366 2870 1463 2941 τὴν
1501 2873 1896 2948 εύγενεστάτην
1928 2878 2023 2931 καὶ

436 2949 852 3023 ἐμμελεστάτην
900 2954 1054 3025 ὑμῶν
1082 2955 1286 3028 ψυχὴν,
1318 2961 1412 3013 καὶ
1444 2963 1847 3035 ἐγκολάψαντες
1875 2968 2021 3038 ὑμᾶς

436 3044 514 3115 τῷ
548 3045 833 3110 συνειδότι,
866 3048 1140 3118 πανταχοῦ
1176 3051 1545 3122 περιφέρομεν
1566 3070 1579 3083 ⁸
1618 3055 1860 3110 τοιοῦτον
1912 3060 2020 3129 γὰρ

434 3140 498 3189 τὸ
532 3137 704 3204 φιλεῖν
734 3138 994 3207 γνησίως.
1017 3140 1060 3190 Τ
1064 3140 1184 3193 αὖτ’
1217 3137 1309 3194 οὖν
1338 3144 1556 3210 εἰδότες,
1589 3145 1768 3218 κύριοί
1794 3166 1896 3219 μου
1924 3167 2020 3203 πο-

436 3230 728 3284 θεινότατοι
774 3232 868 3284 καὶ
917 3232 1261 3303 τιμιώτατοι,
1298 3236 1646 3292 ἐπιστέλλετε
1699 3241 1820 3312 μέν,
1855 3243 2020 3312 ἡνίκα

434 3318 503 3372 ἂν
542 3319 662 3391 ἐξῇ,
680 3319 751 3373 τὰ
779 3320 1027 3391 περὶτῆς
1055 3322 1268 3391 ὑγιείας
1303 3324 1401 3395 τῆς
1424 3327 1694 3399 ὑμετέρας
1711 3330 2018 3401 δηλοῦντες.

435 3413 706 3483 Θαρῤεῖτε
733 3412 809 3474 δὲ,
842 3414 924 3466 ὅτι
950 3415 1045 3467 καὶ
1073 3414 1348 3484 σιγώντων
1379 3418 1532 3490 ὑμῶν
1560 3421 1659 3493 τὴν
1692 3423 1861 3495 αὐτὴν
1891 3427 2020 3497 περὶ

434 3501 536 3572 τῆς
560 3503 779 3574 ἀγάπης
800 3504 952 3576 ὑμῶν
981 3505 1160 3577 ψῆφον
1189 3508 1425 3580 οἴσομεν,
1452 3512 1519 3584 ἡν
1544 3512 1639 3566 καὶ
1674 3517 2015 3585 γραφόντων,

432 3592 544 3646 ἀπὸ
570 3594 669 3665 τῆς
700 3594 925 3667 γνώμης
949 3596 1121 3651 ταῦτα
1146 3597 1505 3673 ψηφιζόμενοι
1527 3604 1629 3676 τῆς
1654 3606 1944 3680 ὑμετέρας.

811 3738 945 3790 PA'.
976 3736 1219 3806 Σευήρῳ
1241 3739 1643 3810 πρεσϐυτέρῳ.

514 3848 706 3920 Ἡμεῖς
752 3847 851 3919 μὲν
885 3850 1062 3903 καίτοι
1109 3851 1307 3923 χωρίον
1350 3853 1689 3925 ἐρημότατον
1714 3855 2015 3929 οίκοῦντες,

432 3948 527 4004 καὶ
553 3949 966 4021 ἐπεστάλκαμεν
992 3950 1253 4016 πολλάκις
1286 3953 1423 4024 πρὸς
1453 3958 1553 4025 τὴν
1576 3954 1674 4026 σὴν
1697 3957 2014 4028 ἐμμέλειαν,

432 4048 671 4112 καὶτοὺς
689 4049 897 4102 ἐκεῖθεν
922 4049 1351 4121 ἀφικνουμένους
1374 4054 1435 4106 οὑ
1457 4055 1745 4126 παυόμεθα
1777 4058 2016 4129 συνεχῶς

431 4149 747 4218 ἐρωτῶντες
781 4151 909 4221 περὶ
961 4151 1059 4221 τῆς
1110 4152 1298 4218 ὑγείας
1326 4153 1425 4223 τῆς
1466 4155 1590 4224 σῆς.
1634 4157 1807 4223 Αὐτὸς
1835 4160 1891 4213 δὲ
1915 4162 2016 4215 οὑκ

429 4242 577 4311 οἶδα,
602 4248 719 4303 ἀνθ’
739 4249 862 4302 ὅτου
895 4251 1123 4320 μανικὸς
1154 4252 1311 4322 ἡμῶν
1338 4253 1510 4318 οὑτως
1536 4257 1770 4329 ἐραστὴς
1796 4259 1893 4324 ῶν,
1921 4263 2016 4315 καὶ⁸

433 4352 634 4425 πολλὴν
684 4352 938 4408 εὐκολίαν
974 4353 1114 4425 ἔχων
1151 4356 1258 4409 τῶν
1309 4358 1545 4412 ἐνταῦθα
1589 4361 2014 4433 διακομιζόντων

427 4453 498 4508 τὰ
524 4454 844 4525 γράμματα,
875 4456 1034 4526 σιγᾷς
1054 4453 1197 4509 οὕτω
1226 4457 1444 4530 μακρὰν
1462 4461 1641 4532 σιγήν.
1690 4463 1830 4517 Ἀλλ’
1853 4468 2014 4538 ἡμεῖς

424 4556 488 4609 τὸ
517 4555 717 4628 θερμόν
742 4573 836 4611 σου
872 4558 967 4611 καὶ
995 4558 1239 4628 γνήσιον,
1265 4558 1326 4613 τὸ
1354 4560 1646 4632 εἰλικρινὲς
1685 4564 1786 4635 τῆς
1829 4565 2012 4620 διαθέ-

427 4675 585 4725 σεως,
620 4658 649 4712 δ
683 4661 812 4734 περὶ
842 4661 992 4732 ἡμᾶς
1027 4659 1116 4714 ἀεὶ
1158 4661 1439 4729 ἐπεδείξω,
1469 4664 1797 4730 ἐννοοῦντες,
1827 4669 1921 4722 καὶ¹
1953 4669 2012 4721 ἐν

424 4763 491 4831 τῇ
525 4762 650 4832 σιγῇ
668 4764 733 4832 τῇ
760 4764 947 4834 μακρᾷ
972 4763 1234 4835 μεγίστην
1252 4764 1614 4836 καρπούμεθα
1641 4768 2008 4841 παράκλησιν.

427 4858 574 4929 Πλὴν
598 4860 735 4913 ἀλλά
761 4861 1065 4934 βουλόμεθα
1097 4865 1188 4917 καὶ
1228 4867 1570 4937 γραμμάτων
1610 4870 1847 4940 συνεχῶς
1876 4872 2012 4924 ἀπο-

425 4956 610 5010 λαύειν
652 4959 759 5013 τῶν
809 4961 942 5027 σῶν,
971 4963 1036 5018 τὰ
1065 4965 1318 5037 περὶτῆς
1349 4967 1559 5035 ὑγιείας
1599 4969 1696 5040 τῆς
1743 4970 1842 5039 σῆς
1878 4972 2008 5041 ἡμῖν

424 5060 897 5128 ἀπαγγελλόντων,
957 5067 1050 5119 καὶ
1106 5066 1142 5121 ἃ
1196 5069 1325 5139 παρ’
1381 5069 1582 5141 ἐτέρων
1639 5071 2004 5143 μανθάνομεν,

422 5159 599 5214 ταῦτα
631 5160 782 5232 παρὰ
826 5162 926 5233 τῆς
978 5164 1226 5236 γλώττης
1264 5169 1364 5238 τῆς
1400 5169 1520 5239 σῆς,
1547 5170 1640 5223 καὶ
1674 5170 1773 5241 τῆς
1824 5173 2007 5242 χειρὸς

421 5261 757 5333 ἐϐουλόμεθα
787 5264 1098 5333 μανθάνειν.
1140 5268 1288 5322 Ποίει
1324 5269 1389 5341 δὴ
1417 5270 1577 5324 τοῦτο
1607 5271 1702 5325 νῦν
1741 5272 1889 5341 γοῦν.
1919 5274 2007 5326 δέ-

424 5361 599 5415 σποτά
644 5380 749 5430 μου
788 5363 1115 5434 τιμιώτατεο
1150 5364 1305 5422 οἶσθα
1330 5371 1439 5442 γὰρ
1467 5372 1633 5443 ἡλίκα
1659 5375 1793 5443 ἡμῖν
1815 5378 2001 5447 χαριῇ.

434 5458 522 5526 Ὦς
567 5464 729 5534 ἡμεῖς
775 5466 870 5518 καὶ
909 5465 1233 5535 γράφοντες,
1283 5472 1376 5525 καὶ
1429 5473 1504 5543 μὴ
1558 5476 1880 5545 γράφοντες,
1940 5477 2002 5529 οὑ

423 5562 710 5635 παυόμεθα
743 5566 1102 5638 μεμνημένοι,
1137 5569 1232 5622 καὶ
1261 5570 1357 5642 τὴν
1390 5572 1629 5644 ἀγάπην,
1657 5576 1723 5646 ἡν
1754 5576 1842 5630 ἀεὶ
1875 5576 2003 5647 περὶ

487 5716 1097 5802 ξκΐξιξεηιεερκελιοαιῑίτε
1135 5720 1295 5802 ξειξιο
1336 5731 1444 5802 vos}
1480 5726 1689 5802 βοίςρίη-
1721 5734 1789 5802 ,τῇ
1818 5729 2002 5802 διιεινοέοι

425 5778 603 5853 μᾶλλον
624 5778 849 5853 διηνεκῶς
871 5785 956 5853 τῂν
994 5778 1433 5853 εὐγενεστάτῃνααὶ
1456 5778 1823 5853 Αέμμελεστάτῆν
1868 5778 2001 5853 ὑμῶν

426 5837 599 5902 ψυχὴν,
619 5841 699 5888 καὶ
720 5837 1213 5908 ἐγκολάψαντεςὺμῶν
1230 5837 1301 5911 τῷ
1322 5837 1568 5898 συνειδότί.

1093 407 1154 464 S.
1196 404 1481 463 JOANNIS
1517 398 2011 460 CHRYSOSTOMI
2049 398 2369 456 ARCIIIEP.
2409 397 2957 458 CONSTANTINOP.

3595 397 3690 457 662

2137 510 2236 582 τὴν
2255 512 2353 584 σὴν
2373 511 2764 583 ἐπεδειξάμεθα
2792 508 3098 573 εὐλάϐειαν,
3126 508 3531 581 διατηροῦντες,
3550 509 3694 565 ὃπω-

2136 619 2243 673 περ
2287 602 2354 656 ἂν
2385 596 2555 673 ὦμεν.
2596 603 2758 673 Ἡμῖν
2777 602 2886 674 γὰρ
2918 603 3101 666 αὐτοῖς
3126 602 3201 656 τὰ
3242 601 3473 673 μέγιστα
3497 605 3695 677 χαριού-

2146 692 2286 763 μεθα
2312 691 2472 745 τοῦτο
2503 690 2802 756 ποιοῦντες.

2407 848 2562 921 [648]
2596 852 2731 904 PB'.
2773 848 3035 916 Θεοδότῳ
3060 850 3441 921 ἀναγνώστῃ.

2206 1007 2271 1061 Τί
2301 1008 2446 1079 φήςς
2479 1008 2708 1064 Πλείονά
2756 1026 2840 1063 σοι
2870 1009 2979 1064 τῶν
3006 1009 3483 1081 προσδοκηθέντων
3518 1010 3586 1065 τά
3613 1010 3702 1066 κύ-

2140 1119 2287 1171 ματα
2317 1102 2591 1173 ἐναπέστη
2620 1101 2735 1166 νῦν,
2761 1104 2855 1156 καὶ
2878 1101 2967 1156 διά
3000 1101 3158 1156 τοῦτο
3189 1103 3404 1171 ἀλγεῖς;
3434 1104 3531 1157 Διά
3557 1103 3700 1158 τοῦτο

2139 1193 2241 1265 μέν
2278 1187 2370 1246 οῦν
2412 1193 2545 1246 αὐτὸ
2575 1192 2785 1263 χαίρειν
2815 1193 2921 1267 χρὴ
2957 1195 3054 1249 καὶ
3088 1196 3333 1266 σκιρτᾷν.
3386 1196 3541 1249 Ἐπεὶ
3565 1196 3651 1250 καὶ
3674 1200 3700 1251 ὸ

2140 1288 2407 1358 μακάριος
2435 1285 2646 1351 Παῦλος
2674 1286 2847 1352 οὕτως
2891 1289 3083 1352 ἐποίει,
3117 1288 3213 1343 νῦν
3267 1289 3366 1360 μὲν
3391 1289 3596 1357 λέγων·
3625 1291 3700 1345 Οὐ

2131 1380 2326 1447 μόνον
2357 1376 2445 1441 δὲ,
2478 1378 2641 1432 ἀλλὰ
2663 1378 2760 1432 καὶ
2794 1379 3146 1449 καυχώμεθα
3173 1382 3243 1434 ὲν
3274 1380 3405 1446 ταῖς
3437 1382 3695 1451 θλίψις-σι·

2135 1467 2231 1520 νῦν
2256 1467 2336 1535 δέ,
2375 1469 2456 1522 ὃτι
2490 1471 2680 1539 Χαίρω
2706 1469 2917 1537 ἐντοῖς
2949 1470 3263 1541 παθήμασί
3290 1473 3699 1543 μου.’οσῳγὰρ

2134 1560 2203 1615 ἂν
2240 1562 2442 1632 μείζων
2477 1563 2571 1617 καὶ⁵
2597 1564 2930 1635 τραχύτερος
2957 1565 2986 1617 δ
3015 1563 3221 1635 χειμὼν
3264 1565 3510 1633 γένηται,
3538 1564 3700 1619 τοσού-

2134 1666 2214 1720 τῳ
2244 1650 2444 1704 πλείων
2470 1653 2502 1723 ἡ
2545 1654 2805 1723 ἐμπορία,
2831 1654 3202 1726 λαμπρότεροι
3225 1655 3323 1725 τῆς
3355 1655 3629 1726 ὑπομονῆς
3655 1657 3698 1708 οἱ

2136 1743 2413 1812 στέφανοι,
2433 1744 2605 1799 πολλά
2626 1746 2695 1798 τά
2713 1746 2961 1818 βραϐεῖα.
3010 1747 3161 1800 Ἐπεὶ
3189 1747 3283 1799 καὶ
3304 1745 3470 1810 αὐτὸς
3499 1746 3586 1800 σοῦ
3612 1747 3698 1818 μέν

2134 1835 2320 1889 ἕνεκεν
2346 1835 2564 1909 θαρρῶ·
2600 1834 2715 1891 οῖδα
2745 1838 2853 1910 γάρ
2891 1855 2983 1891 σου
3012 1838 3075 1891 τὸ
3121 1838 3521 1910 ἀπερίτρεπτον
3537 1839 3584 1903 δ,
3618 1841 3698 1893 καί

2133 1927 2369 1993 ἀκλινὲς,
2394 1928 2488 1982 καὶ
2528 1929 2784 2000 στερρόν·
2814 1928 2925 1982 τῶν
2961 1928 3017 1982 δὲ
3042 1928 3502 1983 ἐπιϐουλευόντων
3530 1929 3697 1983 ἕνεκεν

2132 2015 2282 2084 ἀλγῶ
2327 2018 2422 2070 καὶ
2469 2017 2708 2089 δακρύω,
2742 2018 2824 2071 ότι
2874 2017 2969 2082 οὒς
3015 2017 3118 2090 χρὴ
3165 2020 3222 2071 ἐν
3261 2017 3416 2083 τάξει
3446 2015 3699 2072 εἶναιτῶν

2132 2106 2566 2178 θεραπευόντων,
2616 2109 2687 2162 τά
2733 2109 2844 2162 τῶν
2908 2109 3121 2181 ἐχθρῶν
3166 2108 3584 2164 ἐπιδείκνυνται.
3612 2110 3695 2163 Ἕν

2135 2215 2203 2268 με
2231 2199 2394 2253 λυπεῖ
2429 2201 2685 2271 μόνον,τὺ
2711 2205 2806 2272 τῆς
2834 2201 2941 2256 τῶν
2969 2201 3262 2274 ὀφθαλμῶν
3292 2220 3391 2257 σου
3408 2203 3690 2266 ἀσθενείας,

2133 2281 2210 2342 ὧν
2241 2290 2338 2342 καὶ
2364 2290 2571 2361 σφόδρα
2606 2289 2742 2354 ἀξιῶ
2773 2290 2941 2344 πολύν
2997 2308 3057 2345 σε
3093 2292 3366 2346 ποιεῖσθαι
3410 2291 3580 2361 λόγον,
3621 2293 3697 2344 ία-

2127 2383 2279 2451 τροίς
2305 2397 2365 2434 τε
2391 2381 2789 2453 διαλεγόμενον,
2819 2382 2915 2436 καὶ
2961 2382 3028 2436 τά
3059 2382 3210 2455 παρά
3247 2383 3450 2438 σαυτοῦ
3503 2400 3695 2438 σύνεισι

2131 2475 2388 2545 φέροντα.
2430 2475 2517 2539 Ὠς
2562 2475 2670 2528 τῶν
2718 2492 2781 2544 γε
2833 2475 3062 2545 θλίψεων
3096 2476 3204 2530 τῶν
3250 2476 3600 2549 ἐπαγομένων
3622 2493 3693 2528 σοι

2129 2566 2300 2637 (ὅπερ
2327 2566 2423 2618 καὶ
2455 2565 2766 2639 ἔμπροσθεν
2795 2563 2993 2637 εἷπον),
3030 2568 3191 2622 αὑτόν
3217 2585 3276 2621 τε
3303 2570 3521 2641 χαίρειν
3550 2568 3685 2635 ἀξιῶ,

2127 2658 2224 2712 καὶ
2267 2658 2377 2728 ἐγὼ
2408 2658 2466 2712 δέ
2500 2675 2583 2712 σοι
2618 2660 2939 2732 συνήδομαι.
2958 2656 3089 2714 Οἶδα
3121 2661 3229 2733 γάρ
3264 2662 3395 2725 ὅσος
3423 2662 3490 2714 ἐκ
3513 2660 3679 2715 τούτου

2124 2752 2369 2805 τίκτεται
2405 2768 2487 2805 σοι
2531 2750 2633 2820 τῆς
2677 2752 2957 2822 ὑπομονῆς
2985 2754 3013 2806 ὁ
3038 2752 3269 2824 καρπός.
3307 2753 3497 2824 Μηδὲν
3532 2749 3616 2806 οὖν
3638 2769 3693 2804 σε

2129 2841 2448 2915 θορυϐείτω,
2484 2843 2619 2915 μηδὲ
2665 2843 2983 2913 ταραττέτω
3031 2842 3141 2897 τῶν
3192 2844 3683 2915 παρεμπιπτόντων.

2131 2937 2227 2989 Ἓν
2265 2937 2374 3007 γάρ
2402 2936 2518 2989 ἐστι
2546 2935 2780 3007 χαλεπὸν
2809 2936 3049 3008 ἁμαρτία
3083 2937 3261 3008 μόνον.
3294 2938 3388 3001 '0;
3410 2938 3478 2991 τά
3491 2955 3550 3006 γε
3573 2937 3694 2991 ἀλλα

2126 3028 2305 3082 πάντα
2338 3029 2707 3100 ἀγρυπνοῦντί
2738 3046 2821 3082 σοι
2848 3030 2942 3083 καὶ
2963 3029 3184 3100 νήφοντι
3218 3030 3311 3082 καὶ
3348 3029 3549 3103 κερδῶν
3572 3027 3685 3081 01:6-

2127 3119 2275 3183 θεσις
2303 3121 2456 3173 ἐσται
2486 3122 2742 3192 μεγίστη,
2772 3121 2863 3174 καὶ
2885 3120 2953 3173 τά
2971 3121 3260 3194 ἀπόρρητα
3289 3123 3476 3175 ἐκεῖνα
3507 3119 3689 3189 ἀγαθὰ,

2125 3214 2193 3268 τά
2220 3214 2278 3266 ἐν
2312 3214 2427 3277 τοῖς
2452 3215 2720 3286 οὐρανοῖς,
2748 3214 2885 3286 μετά
2915 3212 3115 3283 πολλῆς
3139 3212 3275 3266 οίσει
3306 3230 3396 3266 σοι
3428 3212 3525 3283 τῆς
3548 3211 3681 3280 δαψι-

2124 3305 2296 3370 λείας.
2324 3305 2593 3377 Τοιαύτην
2642 3305 2823 3360 τοίνυν
2868 3304 2991 3360 καθ’
3015 3305 3254 3375 ἑκάστην
3306 3306 3522 3378 ἡμέραν
3563 3321 3682 3375 πρα-

2124 3398 2533 3469 γματευόμενος
2568 3398 2973 3470 πραγματείαν.
2997 3400 3152 3467 χαῖρε
3170 3397 3264 3451 καὶ
3279 3398 3590 3470 εὐφραίνου,
3606 3394 3689 3448 καὶ

2127 3490 2368 3561 συνεχῶς
2407 3492 2541 3561 ἡμῖν
2568 3488 2904 3543 ἐπιστέλλειν
2940 3488 3015 3561 μὴ
3051 3490 3330 3544 κατόκνει.
3373 3488 3559 3560 Ἡμεῖς
3601 3488 3694 3559 μὲν

2124 3581 2235 3652 γάρ
2264 3599 2325 3635 σε
2371 3580 2672 3652 βουλόμεθα
2705 3582 2802 3635 καὶ
2849 3580 2970 3652 μεθ’
2997 3580 3156 3652 ἡμῶν
3176 3576 3351 3633 εἶναι·
3376 3581 3490 3635 ἀλλ’
3521 3578 3687 3644 ἐπειδὴ

2123 3674 2222 3745 οὑχ
2254 3675 2289 3744 ἡ
2315 3672 2411 3726 τοῦ
2444 3673 2713 3745 χειμῶνος
2743 3672 2862 3745 ῶρα
2893 3671 3079 3744 μόνον,
3116 3671 3252 3726 ἀλλὰ
3298 3673 3398 3727 καὶ
3424 3674 3459 3745 ἡ
3494 3670 3581 3725 τοῦ
3610 3667 3681 3723 θέ-

2128 3783 2254 3836 ρους
2278 3767 2479 3838 ὁμοίως
2505 3766 2654 3819 ἐστὶν
2694 3765 2960 3837 ἐπαχθὴς,
3003 3766 3289 3837 ἐδείσαμεν
3319 3768 3405 3831 εἰς
3440 3766 3603 3837 ἀέρων
3632 3778 3681 3813 σε

2121 3857 2458 3929 δυσκρασίαν
2487 3858 2769 3930 ἐμϐαλεῖν,
2806 3858 3041 3929 μάλιστα
3068 3858 3157 3912 διὰ
3181 3857 3241 3913 τὸ
3272 3860 3388 3913 τῶν
3412 3854 3681 3930 ὀφθαλμῶν

2124 3950 2318 4015 πάθος.
2355 3951 2555 4023 Ἔργον
2583 3952 2761 4005 τοίνυν
2788 3951 3155 4022 ποιησάμενος
3182 3952 3243 4006 τὸ
3268 3951 3473 4025 πολλὴν
3498 3950 3679 4009 τούτοκ

2125 4045 2422 4116 προσάγειν
2453 4045 2553 4116 τὴν
2594 4045 2935 4116 ἐπιμέλειαν,
2969 4047 3063 4099 καὶ
3108 4047 3238 4117 περὶ
3283 4046 3514 4111 τούτων,
3542 4043 3682 4116 ἡνίκα

2122 4135 2190 4191 ἂν
2221 4134 2461 4205 συνεχῶς
2497 4138 2630 4207 ἡμῖν
2658 4136 2997 4210 ἐπιστέλλῃς,
3030 4136 3213 4209 δήλου,
3236 4136 3355 4207 είγε
3381 4137 3484 4193 κᾶν
3511 4134 3677 4209 μικρὸν

2122 4225 2343 4298 ἄμεινόν
2365 4243 2443 4280 σοι
2466 4226 2803 4290 διατεθεῖειν,
2828 4228 2913 4281 ἵνα
2934 4229 3026 4283 καὶ
3047 4229 3112 4282 ἐκ
3130 4228 3389 4284 τοσούτου
3410 4230 3683 4300 καθήμενοι

2119 4316 2506 4388 διαστήματος,
2542 4317 2743 4388 πολλὴν
2767 4318 2862 4371 καὶ
2892 4316 3140 4373 ἐντεῦθεν
3165 4318 3581 4392 καρπωσώμεθα
3597 4314 3675 4387 τὴν

2119 4409 2481 4483 εὐφροσύνην.

2170 4573 2306 4627 PI”.
2350 4574 2723 4647 Ἆμπρούκλῃ
2754 4574 3013 4645 διακόνῳ
3038 4577 3140 4632 καί
3163 4577 3294 4645 ταῖς
3322 4578 3447 4634 σὺν
3469 4574 3633 4646 αὐτῇ.

2190 4730 2407 4804 Μακρῷ
2442 4732 2540 4804 μὲν
2569 4730 2868 4804 διῴκισμαι
2893 4731 2972 4803 τῷ
3002 4733 3169 4804 μήκει
3189 4733 3287 4805 τῆς
3301 4733 3423 4788 ὁδοῦ
3440 4733 3532 4804 τῆς
3559 4730 3672 4800 ὑμε-

2118 4822 2285 4892 τέρας
2314 4823 2646 4892 τιμιότητος,
2676 4822 2775 4886 τάς
2794 4824 2853 4877 δέ
2889 4824 3256 4895 ἀνδραγαθίας
3285 4825 3439 4896 ὑμῶν
3463 4825 3553 4877 καὶ
3590 4819 3671 4880 τὰς

2117 4913 2399 4982 ἀριστείας
2446 4914 2556 4967 τῶν
2588 4915 2872 4986 παρόντων
2925 4919 3027 4971 οὑκ
3064 4918 3284 4973 ἔλαττον
3341 4917 3559 4987 ἔμαθον,
3594 4911 3672 4965 καὶ

2118 5007 2324 5077 σφόδρα
2348 5007 2620 5078 συνήσθην
2660 5010 2789 5079 ὑμῖν
2821 5009 2919 5079 τῆς
2954 5010 3226 5079 ἀνδρείας,
3258 5010 3360 5079 τῆς
3396 5005 3667 5078 ὑπομονῆς.

2111 5100 2213 5169 τῆς
2233 5099 2639 5171 ἀπεριτρέπτου
2660 5099 2908 5171 γνώμης,
2941 5102 3037 5154 καὶ
3064 5105 3298 5174 στερρᾶς
3324 5103 3419 5156 καὶ
3451 5100 3667 5168 ἀδαμαν-

2112 5191 2264 5261 τίνης
2294 5192 2552 5255 διανοίας,
2569 5193 2668 5261 τῆς
2706 5192 3211 5265 ἐλευθεροστομίας,
3238 5194 3334 5265 τῆς
3355 5190 3662 5264 παρρησίας-

2113 5283 2213 5336 Διά
2247 5282 2420 5336 ταῦτα
2457 5283 2778 5354 μακαρίζων
2805 5285 2949 5354 ὑμᾶς
2967 5286 3027 5338 οὐ
3061 5284 3300 5356 παύομαι
3329 5285 3470 5354 ὑπέρ
3495 5299 3546 5335 τε
3572 5277 3664 5331 τῶν

2113 5376 2417 5446 παρόντων,
2462 5377 2603 5447 ὑπέρ
2642 5360 2705 5430 τε
2754 5378 2863 5431 τῶν
2922 5377 3221 5446 μελλόντων
3254 5379 3397 5449 ὑμᾶς
3437 5369 3664 5434 ὑποδέξσν

2114 5467 2236 5520 σθαι
2288 5467 2509 5537 ἀγαθῶν
2535 5469 2593 5522 ἐν
2627 5468 2704 5540 τῷ
2738 5469 2983 5540 μέλλοντι
3009 5470 3165 5524 αἰῶνι
3217 5469 3325 5523 τῶν
3358 5467 3663 5538 ἀπορρήτων

2109 5562 2355 5628 ἐκείνων,
2401 5563 2497 5616 καὶ
2545 5566 2726 5618 πάντα
2756 5562 2881 5618 νοῦν
2908 5565 3002 5618 καὶ
3038 5560 3194 5633 λόγον
3230 5560 3654 5634 ὑπερϐαινόντων.

2109 5654 2323 5725 Σφόδρα
2361 5654 2419 5707 δὲ
2463 5657 2612 5727 ἡμᾶς
2654 5655 2933 5728 ἐλύπησας
2970 5659 3034 5711 ἐκ
3060 5657 3313 5713 τοσούτου
3344 5652 3654 5727 καθημένους

2170 5850 2199 5891 ι’
2220 5852 2421 5907 Coislin.
2441 5854 2497 5904 τὸ
2517 5854 2762 5922 ἄτρεπτον.
