3906 6378
271 356 372 414 661

266 471 538 530 audimus.
569 475 705 532 Cum
748 477 941 548 igitur,
986 488 1239 551 quantam
1282 496 1313 535 a
1357 481 1543 548 nobis,
1583 482 1864 552 epistolam

269 564 573 634 huiusmodi
595 569 834 636 mittens,
849 571 1071 641 gratiam
1099 573 1269 640 ineas,
1290 572 1382 627 tibi
1409 575 1475 626 sil
1504 574 1860 643 exploratum,

267 655 472 726 ahjeCIa
523 659 670 714 omni
714 677 862 716 mora
910 671 967 717 et
1010 663 1347 718 cunctatione
1383 665 1540 719 velim
1587 664 1866 719 confestim

265 761 486 814 operam
528 749 665 816 des,
709 761 766 806 ut
805 753 1256 823 quemadmodum
1299 770 1442 810 nunc
1491 757 1732 812 nuntiato
1776 765 1868 812 tuo

265 840 480 908 morbo,
505 842 701 912 ingenti
740 846 991 901 maestitia
1021 863 1118 902 nos
1157 850 1477 918 perturbasti
1501 891 1518 915 ,
1549 850 1628 904 sic
1652 865 1865 905 rursum

265 935 509 990 nuntiata
539 936 788 1004 sanitate,
816 938 1014 1009 ingenti
1042 955 1140 995 nos
1169 941 1440 1012 voluptate
1461 941 1751 1011 compleas.

265 1066 469 1126 XCIX.
509 1076 826 1145 Asyncrititz.
876 1074 896 1148 (
914 1075 1127 1133 Cncuso
1151 1091 1315 1149 anno,
1345 1085 1404 1134 ut
1429 1087 1662 1151 putatur,
1694 1078 1862 1150 405.)

336 1203 480 1261 Nihil
505 1208 719 1277 quidem
745 1219 827 1264 est
855 1209 996 1279 quod
1029 1211 1246 1291 malim,
1263 1226 1422 1282 quam
1453 1213 1644 1268 crebro
1669 1212 1737 1267 ad
1766 1227 1862 1267 vos

261 1297 504 1354 scribere
534 1315 547 1350 :
577 1313 750 1368 neque
775 1300 915 1354 enim
947 1301 1329 1357 benevolentiae
1355 1313 1548 1358 vestrae
1569 1315 1622 1359 et
1644 1305 1861 1360 honoris

263 1401 329 1440 ac
358 1391 694 1457 reverentiae,
717 1407 874 1461 quam
897 1407 1110 1462 semper
1126 1393 1280 1448 nobis
1307 1395 1651 1462 praestitistis,
1674 1410 1863 1465 quern-

263 1495 497 1552 cumque
518 1483 570 1537 in
603 1483 786 1538 locum
816 1486 1236 1555 proficiscamur,
1270 1489 1509 1542 oblivisci
1540 1503 1855 1558 possumus,

263 1589 450 1630 verum
481 1578 793 1632 memoriam
825 1580 986 1633 vestri
1017 1591 1323 1650 perpetuam
1344 1591 1606 1647 tenemus,
1634 1597 1860 1652 eamque

261 1674 537 1724 recentem
568 1684 782 1738 semper
803 1686 867 1727 ac
889 1671 1173 1728 florentem
1199 1674 1394 1744 ubique
1413 1674 1855 1730 circumferimus.

258 1759 417 1827 Quod
438 1761 490 1816 si
516 1776 620 1817 non
649 1764 858 1832 quoties
887 1765 1164 1834 voluimus,
1193 1767 1284 1821 sed
1315 1780 1438 1822 raro
1464 1767 1531 1822 ad
1553 1782 1652 1822 vos
1680 1767 1859 1822 literas

265 1854 535 1919 dedimus,
555 1854 658 1910 hoc
673 1873 778 1912 non
801 1859 1116 1930 negligentia
1137 1870 1339 1929 nostra,
1363 1861 1456 1916 sed
1471 1877 1647 1916 rerum
1672 1876 1862 1916 neces-

257 1946 420 2000 sitate
448 1946 648 2003 factum
670 1959 781 2014 est,
805 1961 861 2006 et
889 1954 1010 2022 quia
1029 1954 1319 2009 viatoribus
1337 1955 1576 2010 clausum
1604 1955 1705 2010 iter
1721 1970 1860 2009 nunc

255 2037 348 2091 sit.
383 2037 509 2092 llzec
534 2039 692 2108 igitur
720 2056 840 2095 cum
869 2042 961 2096 tibi
986 2085 1001 2110 ,
1032 2043 1376 2099 ornatissima
1415 2061 1532 2100 mea
1559 2054 1614 2100 et
1642 2044 1860 2100 nobilis-

255 2131 395 2185 sima
425 2131 665 2201 domina,
693 2145 973 2205 perspecta
1001 2136 1124 2203 sint,
1156 2137 1271 2191 sive
1293 2136 1615 2205 scribamus,
1646 2137 1757 2192 sive
1785 2138 1860 2193 si-

261 2223 490 2290 leamus,
517 2224 586 2280 de
612 2240 674 2280 ea
704 2226 1098 2293 benevolentia,
1124 2244 1284 2299 quam
1315 2245 1532 2300 semper
1551 2231 1702 2286 vobis
1730 2246 1858 2300 prte-

252 2313 510 2380 stitimus,
546 2316 738 2373 eodem
775 2319 936 2374 modo
961 2321 1238 2377 existimes
1264 2323 1443 2377 velim.

366 2447 425 2504 ε.
455 2448 796 2508 Marciano-et
822 2452 1124 2508 Marcellino
1151 2455 1193 2510 ¹.
1223 2454 1243 2526 (
1267 2455 1476 2512 Cncuso
1501 2471 1662 2524 anno,
1693 2466 1750 2512 ut

855 2554 1092 2617 putatur,
1121 2548 1247 2603 404.
1271 2547 1292 2620 )

329 2681 531 2737 Eadem
560 2684 1069 2756 nebisperdiuturni
1099 2687 1295 2742 silentii
1324 2689 1494 2742 nostri
1525 2703 1684 2743 causa
1730 2698 1850 2754 est,

251 2791 378 2844 qua)
401 2777 561 2830 etiam
586 2778 737 2832 vobis
759 2796 772 2833 ε
792 2794 977 2834 verum
1001 2779 1304 2849 hujusmodi
1333 2781 1552 2848 silentii,
1577 2782 1715 2853 quod
1749 2798 1854 2838 non

254 2867 310 2919 in
343 2869 522 2922 animo
546 2911 561 2934 ,
593 2868 686 2922 sed
717 2869 767 2923 in
797 2870 972 2940 lingua
1008 2871 1236 2941 positum
1282 2873 1372 2925 sit.
1421 2872 1554 2927 Nam
1585 2875 1764 2928 animo
1794 2889 1858 2928 ac

250 2959 532 3016 voluntate
556 2961 911 3018 nobilissimas
944 2978 1007 3018 ac
1050 2964 1392 3020 suavissimas
1411 2966 1622 3022 animas
1654 2976 1856 3022 vestras

251 3056 476 3116 crebro,
509 3054 616 3109 imo
637 3063 899 3124 perpetuo
932 3056 1225 3110 salutamus
1254 3098 1268 3122 ,
1302 3071 1506 3127 vosque
1537 3058 1590 3112 in
1633 3070 1851 3127 pectore

249 3154 445 3200 nostro
470 3146 768 3216 insculptos
794 3147 991 3215 passim
1015 3147 1443 3203 circumfer-imus
1468 3166 1480 3201 :
1507 3164 1628 3203 nam
1657 3164 1721 3204 ea
1741 3151 1855 3204 veri

247 3254 320 3294 ac
367 3240 564 3295 sinceri
607 3242 805 3295 amoris
834 3250 1020 3296 natura
1050 3249 1153 3296 est.
1188 3241 1317 3297 llaec
1347 3242 1506 3311 igitur
1542 3258 1663 3297 cum
1701 3242 1855 3298 vobis

247 3333 540 3403 explorata
571 3335 710 3399 sint,
741 3334 943 3388 domini
973 3335 1077 3390 mei
1121 3336 1384 3391 carissimi
1424 3351 1486 3390 ac
1514 3337 1854 3391 reverendis-

250 3425 410 3490 .simi,
440 3425 658 3480 scribite
687 3425 925 3496 quidem,
953 3427 1162 3496 quoties
1191 3426 1412 3482 facultas
1437 3427 1669 3494 dabitur,
1700 3443 1763 3482 ac
1788 3427 1856 3482 de

251 3526 432 3573 vestra
485 3519 787 3573 valetudine
831 3519 1093 3574 certiores
1120 3534 1219 3574 nos
1265 3520 1445 3574 facile.
1496 3518 1628 3574 Illud
1675 3528 1853 3574 autem

253 3609 410 3664 vobis
447 3609 764 3681 persuadete
783 3653 798 3677 ,
830 3625 949 3677 nos,
981 3612 1190 3666 etiamsi
1221 3612 1440 3666 tacentis
1460 3652 1474 3675 ,
1506 3611 1644 3666 idem
1675 3619 1854 3665 tamen

250 3702 324 3756 de
350 3713 523 3758 vestra
552 3705 773 3758 caritate
799 3704 1056 3772 judicium
1088 3705 1362 3762 habituros
1385 3720 1505 3761 esse
1525 3747 1540 3771 ,
1580 3705 1722 3775 quod
1755 3704 1850 3759 ha-

255 3793 504 3849 bebimus
532 3838 548 3862 ,
578 3797 622 3851 si
653 3798 903 3854 scribatis
929 3815 942 3852 :
972 3799 1043 3854 ab
1066 3800 1248 3855 animo
1296 3800 1504 3854 scilicet
1529 3809 1709 3854 vestro
1739 3798 1854 3853 hazc

254 3886 673 3954 perpendentes.

356 4018 450 4073 CI.
489 4019 675 4075 Severo
709 4022 1013 4093 presbytero.
1048 4023 1067 4094 (
1096 4024 1179 4080 Ab
1205 4038 1345 4079 anno
1369 4024 1474 4080 404
1502 4024 1566 4078 ad
1597 4024 1701 4080 407
1725 4023 1768 4095 ).

325 4153 454 4218 Nos,
487 4155 584 4209 etsi
629 4155 1056 4212 desertissimum
1109 4158 1284 4213 locum
1336 4159 1650 4220 incolentes,
1709 4172 1852 4226 saepe

257 4254 440 4300 tamen
469 4251 534 4299 ad
564 4256 614 4301 te
645 4247 977 4317 scripsimus,
1009 4264 1206 4320 eosque
1233 4251 1324 4321 qui
1357 4253 1512 4306 istinc
1540 4252 1763 4305 veniunt
1784 4252 1851 4306 de

249 4348 342 4391 tua
377 4338 682 4395 valetudine
704 4342 963 4396 sciscitari
992 4344 1211 4398 minime
1236 4345 1552 4400 desinimus.
1583 4344 1700 4399 Tibi
1725 4361 1850 4401 vero

246 4430 381 4500 quid
411 4445 585 4488 causae
615 4434 684 4488 sit
711 4435 893 4489 nescio
917 4476 932 4500 ,
962 4436 1309 4505 quamobrem
1337 4479 1352 4502 ,
1381 4453 1502 4492 cum
1531 4448 1636 4492 tam
1661 4438 1851 4492 insano

246 4526 424 4580 nostri
451 4542 632 4582 amore
659 4527 850 4598 ﬂagres
876 4569 890 4594 ,
922 4539 1081 4599 atque
1113 4529 1362 4598 perfacile
1397 4530 1629 4587 nancisci
1677 4532 1850 4600 possis

245 4617 446 4687 quibus
474 4618 656 4674 literas
685 4619 800 4684 des,
825 4620 1170 4688 perdiuturno
1198 4631 1373 4678 tamen
1397 4632 1638 4694 tempore
1665 4623 1846 4680 sileas.

251 4713 328 4764 At
355 4724 477 4764 cum
505 4725 604 4765 nos
628 4711 1014 4766 benevolentia:
1043 4713 1204 4779 illius,
1229 4728 1386 4782 quam
1412 4729 1536 4783 erga
1567 4730 1666 4770 nos
1701 4731 1848 4770 sern-

249 4819 353 4872 per
386 4819 492 4871 prre
522 4811 576 4858 te
616 4803 781 4858 tulisti
808 4844 821 4868 ,
867 4803 1130 4858 fervorem
1171 4819 1234 4860 ac
1263 4805 1620 4860 sinceritatem
1669 4808 1850 4863 animo

243 4893 697 4963 complectimur,
744 4894 987 4948 etiamin
1039 4895 1198 4964 longo
1244 4897 1457 4951 silentio
1507 4913 1849 4968 permagnam

242 4985 675 5040 c0iisolationem
736 4986 998 5055 capimus.
1061 4987 1327 5043 Caeterum
1391 4988 1562 5044 literis
1631 5006 1848 5060 quoque

243 5078 359 5130 tuis
388 5091 626 5146 persaepe
657 5075 756 5130 frui
787 5077 1031 5146 cupimus
1055 5117 1069 5140 ,
1099 5079 1291 5148 quibus
1321 5078 1388 5134 de
1431 5087 1520 5133 tua
1547 5080 1849 5136 valetudine

239 5169 510 5222 certiores
538 5169 726 5222 fiamus
759 5185 772 5220 :
805 5183 997 5238 eaque,
1033 5183 1153 5237 quze
1181 5169 1406 5225 aliorum
1433 5185 1683 5228 sermone
1708 5175 1848 5229 acci-

245 5261 428 5328 pimus
447 5298 462 5324 ,
495 5275 560 5314 ex
591 5270 676 5314 tua
705 5259 904 5330 lingua,
933 5269 1132 5330 tuaque
1157 5277 1316 5316 manu
1339 5262 1523 5319 audire
1548 5264 1844 5323 studemus.

240 5352 630 5418 Quamobrem,
663 5351 880 5408 domine
905 5354 978 5408 mi
1004 5354 1467 5420 reverendissime,
1492 5373 1632 5412 nunc
1658 5361 1846 5414 saltem

247 5445 356 5498 hoc
397 5441 560 5498 facias
603 5459 785 5512 quaso
819 5463 833 5500 :
862 5445 968 5500 scis
996 5447 1141 5500 enim
1171 5462 1329 5516 quam
1361 5449 1517 5502 nobis
1563 5449 1662 5504 hac
1691 5451 1744 5504 in
1788 5466 1848 5506 re

193 5543 204 5554 ‘
240 5544 460 5605 gratum
489 5537 719 5590 facturus
747 5537 842 5590 sis.
886 5535 1015 5590 Nam
1047 5539 1188 5606 quod
1228 5538 1294 5593 ad
1327 5553 1422 5593 nos
1461 5541 1686 5603 attinet,
1728 5542 1846 5597 sive

237 5626 549 5699 scribamus
578 5669 593 5694 ,
625 5628 738 5682 sive
778 5636 1046 5684 taceamus
1071 5669 1086 5695 ,
1115 5645 1404 5700 numquam
1437 5633 1508 5686 tui
1541 5633 1848 5689 meminisse

241 5719 544 5778 desinimus
568 5760 582 5785 ,
629 5733 854 5789 eamque
883 5721 1159 5778 caritatem
1185 5764 1201 5791 ,
1247 5723 1398 5794 cujus
1439 5724 1532 5780 tibi
1571 5726 1844 5796 specimen

312 5834 333 5865 ι
369 5833 538 5894 vatic.,
559 5835 884 5902 Morcellumo.

1729 367 2109 428 EPISTOLIE.

3469 387 3575 442 (369

1979 489 2302 557 praebuimus
2323 533 2338 559 ,
2384 507 2722 564 quocumque
2748 493 2800 548 in
2842 494 2962 550 loco
2988 495 3156 552 simus
3179 538 3196 566 ,
3227 512 3572 556 conservare.

1973 583 2029 639 id
2057 585 2200 640 enim
2225 601 2346 641 cum
2376 584 2602 643 facimus
2627 629 2643 656 ,
2673 586 2742 643 de
2775 587 2931 644 nobis
2973 589 3136 646 etiam
3167 591 3382 662 ipsimet
3409 609 3568 665 qnam

1972 679 2174 745 optime
2201 694 2486 734 meremur.

2133 814 2262 871 CII.
2302 815 2565 873 Theodoto
2596 819 2788 876 lectori.
2818 822 2836 892 (
2863 823 3016 877 Anno
3047 823 3182 879 forte
3211 825 3386 894 406.)

2041 951 2177 1021 Quid
2194 953 2308 1008 ais?
2325 954 2512 1010 Plures
2531 957 2581 1010 in
2601 965 2652 1012 te
2668 973 2811 1013 nunc
2825 976 2982 1028 quam
3005 963 3352 1030 exspectabas
3373 963 3568 1021 fluctus

1968 1046 2182 1099 excitati
2210 1057 2370 1113 sunt,
2405 1049 2474 1104 ob
2517 1049 2675 1119 idque
2719 1051 3101 1107 discruciaris‘l
3141 1053 3254 1110 lmo
3280 1073 3411 1111 vero
3440 1058 3562 1114 ideo

1967 1136 2206 1204 gaudere
2253 1146 2308 1192 et
2354 1140 2623 1196 exsultare
2668 1143 2937 1198 convenit.
2989 1144 3122 1200 Nam
3167 1148 3326 1202 etiam
3373 1149 3563 1206 beatus

1967 1228 2163 1284 Paulus
2193 1229 2260 1283 ad
2304 1229 2444 1286 hunc
2473 1232 2689 1288 modum
2735 1233 3004 1304 faciebat,
3042 1252 3185 1293 nunc
3231 1240 3445 1310 quidem
3479 1240 3564 1298 his

1966 1322 2145 1377 verbis
2174 1333 2328 1389 ulcus
2361 1341 2374 1376 :
2407 1323 2527 1378 Non
2557 1326 2723 1380 solum
2747 1337 2913 1381 autem
2932 1368 2948 1392 ,
2975 1330 3064 1383 sed
3090 1331 3241 1384 etiam
3280 1333 3562 1403 gloriamur

1963 1418 2017 1471 in
2045 1417 2443 1472 tribulationibus
2466 1419 2485 1489 (
2506 1419 2659 1491 Rom.
2689 1421 2741 1475 5.
2773 1422 2807 1480 5
2827 1420 2844 1492 )
2865 1438 2880 1488 ;
2905 1438 3046 1478 nunc
3070 1433 3246 1478 autem
3279 1425 3380 1490 his,
3414 1425 3559 1480 Gau-

1964 1511 2059 1566 deo
2076 1512 2132 1566 in
2155 1512 2472 1580 passionibus
2493 1516 2613 1568 meis
2635 1515 2654 1584 (
2666 1514 2858 1570 Coloss.
2885 1517 2934 1570 1.
2961 1515 3088 1589 24).
3113 1517 3242 1571 Nam
3265 1534 3369 1587 quo
3393 1520 3565 1588 major

1965 1605 2264 1660 etatroeior
2294 1614 2581 1675 tempestas
2609 1606 2792 1674 fuerit,
2823 1624 2888 1663 eo
2906 1625 3115 1680 quoque
3132 1611 3304 1680 major
3331 1624 3564 1682 quaestus

1966 1697 2106 1762 erit,
2160 1707 2214 1751 et
2257 1697 2574 1752 illustriores
2625 1700 2892 1768 patientia:
2938 1716 3186 1767 coronae,
3239 1704 3564 1774 praemiaque

1964 1791 2244 1862 ampliora.
2288 1792 2559 1862 Siquidem
2606 1793 2721 1862 ipse
2762 1809 2976 1863 quoque
3019 1795 3086 1849 de
3117 1805 3167 1851 te
3193 1796 3336 1851 bono
3381 1799 3564 1853 animo

1965 1897 2080 1936 sum
2110 1924 2124 1948 ,
2155 1892 2214 1937 ut
2253 1884 2342 1953 qui
2373 1884 2537 1938 animi
2565 1885 2639 1938 tui
2671 1887 2977 1940 firmitatem
3008 1897 3168 1957 atque
3195 1891 3554 1946 constantiam

1965 1975 2290 2044 exploratam
2320 1974 2542 2032 habeam
2570 1994 2583 2031 :
2608 1991 2662 2031 at
2687 1992 2872 2032 eorum
2892 1993 3074 2044 causa,
3107 1980 3195 2049 qui
3219 1981 3314 2035 tibi
3342 1981 3563 2038 insidias

1964 2080 2197 2140 struunt,
2235 2070 2392 2126 doleo
2422 2081 2476 2126 et
2502 2071 2846 2143 collacrymo,
2878 2073 3128 2127 nimirum
3162 2073 3304 2143 quod
3335 2075 3368 2128 ii
3397 2074 3562 2130 hosti-

1965 2163 2070 2218 lem
2102 2165 2154 2218 in
2183 2173 2235 2218 fe
2258 2165 2490 2226 animum
2517 2175 2726 2235 gerant,
2755 2181 2784 2219 a
2811 2166 3004 2235 quibus
3035 2175 3086 2221 te
3113 2166 3216 2220 coli
3257 2168 3559 2236 oportebat.

1968 2255 2139 2312 Unum
2167 2265 2249 2311 est
2273 2257 2416 2323 quod
2444 2273 2677 2312 maerore
2720 2273 2806 2313 me
2832 2258 2996 2314 afficit
3019 2301 3036 2327 ,
3064 2276 3256 2332 nempe
3281 2261 3560 2316 oculorum

1959 2357 2174 2404 tuorum
2198 2351 2518 2414 invaletudo,
2546 2365 2773 2422 quorum
2804 2353 2963 2409 velim
3005 2369 3265 2408 summam
3296 2355 3559 2410 rationem

1965 2442 2183 2508 habeas,
2211 2443 2557 2515 medicosque
2585 2446 2832 2500 consulas
2854 2487 2866 2510 ,
2896 2456 3055 2516 atque
3083 2463 3146 2502 ea
3174 2464 3292 2517 qua:
3322 2449 3562 2503 muneris

1963 2535 2041 2589 tui
2068 2545 2194 2591 sunt
2217 2537 2373 2591 simul
2407 2545 2647 2606 praestes.
2675 2537 2806 2592 Nam
2831 2539 2900 2594 de
2921 2539 2986 2594 iis
3000 2540 3412 2604 calamitatibus,
3441 2557 3562 2610 qua:

1966 2627 2058 2681 tibi
2103 2627 2403 2682 inferuntur
2427 2670 2440 2693 ,
2471 2638 2581 2683 tmn
2620 2639 2672 2684 te
2695 2671 2710 2696 ,
2743 2639 2802 2683 ut
2831 2630 2976 2699 prius
2999 2630 3110 2700 jam
3139 2630 3248 2684 dixi
3275 2672 3289 2696 ,
3328 2631 3562 2700 gaudere

1962 2723 2140 2788 cupio,
2172 2728 2280 2772 tum
2305 2719 2400 2774 tibi
2430 2720 2546 2789 ipse
2569 2720 2824 2790 gratulor.
2856 2721 2980 2776 Scio
3006 2721 3148 2774 enim
3180 2730 3410 2790 quantus
3433 2721 3560 2776 hinc

1965 2813 2054 2868 tibi
2085 2813 2354 2882 patientiae
2376 2812 2577 2867 fructus
2599 2813 2822 2867 oriatur.
2845 2814 3204 2880 Quamobrem
3226 2816 3292 2869 da
3316 2829 3557 2884 operam,

1957 2923 2032 2962 ne
2060 2907 2182 2977 quid
2211 2923 2277 2962 ex
2305 2908 2368 2961 iis
2393 2922 2512 2977 qua:
2540 2906 2788 2961 accidunt
2817 2916 2867 2961 te
2897 2916 3231 2962 commoveat
3255 2922 3319 2962 ac
3347 2917 3561 2976 pertur-

1963 2998 2073 3053 bet.
2120 2998 2236 3054 Una
2281 3000 2423 3053 enim
2470 2999 2748 3052 dumtaxat
2779 3015 2864 3053 res
2902 2999 3124 3053 molesta
3156 3006 3276 3065 est,
3307 2999 3558 3054 nimirum

1961 3098 2259 3160 peccatum.
2307 3089 2438 3144 Nam
2484 3100 2677 3145 cratera
2716 3089 2891 3144 omnia
2917 3133 2933 3157 ,
2963 3091 3006 3144 si
3054 3089 3214 3143 modo
3243 3090 3555 3160 vigilantem

1960 3197 2025 3238 ac
2051 3183 2288 3237 sobrium
2335 3185 2570 3238 animum
2599 3185 2838 3255 praebeas
2862 3228 2876 3250 ,
2910 3185 3044 3240 lucri
3086 3199 3299 3254 quoque
3332 3183 3558 3253 amplis-

1961 3275 2150 3330 simam
2201 3276 2476 3330 materiam
2526 3277 2980 3346 suppeditabunt,
3031 3285 3189 3346 atque
3232 3291 3423 3330 arcana
3469 3275 3558 3330 illa

1966 3368 2098 3420 bona
2130 3409 2145 3433 ,
2173 3383 2290 3437 quae
2321 3369 2374 3422 in
2401 3369 2548 3424 caelis
2575 3370 2848 3424 recondita
2875 3379 3018 3434 sunt,
3051 3369 3419 3439 copiosiSsime
3461 3368 3557 3423 tibi

1960 3469 2256 3515 accersent.
2287 3459 2410 3515 Ideo
2431 3477 2551 3514 cum
2575 3461 2627 3515 in
2654 3462 2915 3532 ejusmodi
2943 3473 3149 3531 quaestu
3176 3459 3413 3531 quotidie
3435 3475 3558 3514 ver-

1960 3551 2095 3606 seris
2119 3593 2132 3616 ,
2163 3551 2336 3620 gaude
2361 3567 2424 3606 ac
2449 3553 2631 3607 laetare
2664 3570 2678 3606 :
2709 3562 2867 3622 atque
2897 3553 2963 3605 ad
3002 3567 3100 3607 nos
3129 3567 3273 3620 saepe
3318 3551 3557 3606 scribere

1960 3661 2027 3698 ne
2055 3645 2312 3714 graveris.
2345 3645 2505 3699 Certe
2547 3645 2822 3699 nobiscum
2857 3659 2978 3699 esse
3025 3655 3077 3700 te
3109 3646 3356 3713 cupimus
3385 3661 3399 3705 ;
3429 3645 3554 3714 quia

1961 3745 2138 3791 tamen
2168 3752 2273 3789 non
2308 3737 2478 3790 hiems
2505 3736 2820 3803 dumtaxat,
2872 3737 2963 3790 sed
2996 3737 3156 3790 etiam
3201 3747 3359 3792 testas
3405 3754 3556 3807 teque

1960 3827 2052 3882 tibi
2080 3827 2256 3896 gravis
2283 3843 2344 3881 ac
2367 3827 2591 3880 molesta
2623 3837 2704 3882 est
2725 3869 2737 3892 ,
2773 3827 2900 3882 illud
2925 3828 3078 3882 veriti
3106 3843 3293 3882 sumus
3319 3869 3332 3891 ,
3366 3844 3433 3883 ne
3461 3837 3512 3883 te
3535 3868 3554 3896 ,

1957 3921 2028 3976 ob
2058 3921 2332 3975 oculorum
2376 3922 2673 3989 przcscrtim
2707 3923 2950 3976 morbum
2979 3964 2993 3990 ,
3024 3923 3074 3976 in
3100 3925 3240 3977 aeris
3280 3923 3554 3992 intempe-

1957 4015 2090 4068 riem
2120 4013 2531 4083 conjiceremns.
2562 4013 2690 4081 Quae
2735 4029 2855 4068 cum
2889 4015 2956 4068 ita
2982 4017 3086 4069 sint
3112 4056 3126 4081 ,
3151 4015 3215 4070 ad
3243 4031 3427 4070 eorum
3456 4033 3554 4070 cu-

1957 4121 2069 4160 ram
2097 4107 2253 4159 velim
2281 4120 2496 4174 operam
2525 4121 2736 4160 omnem
2767 4107 3024 4162 adhibeas
3056 4125 3068 4161 :
3100 4107 3168 4163 de
3192 4124 3363 4178 eoque
3384 4153 3396 4174 ,
3427 4126 3551 4166 cum

1957 4195 2180 4250 facultas
2206 4197 2329 4262 erit,
2361 4197 2552 4252 crebro
2579 4197 2644 4250 ad
2677 4213 2772 4250 nos
2799 4197 3033 4262 scribas,
3075 4209 3235 4269 atque
3272 4217 3396 4254 num
3442 4219 3554 4257 me-

1955 4289 2179 4343 liuscule
2197 4303 2314 4343 sese
2334 4289 2583 4355 habeant,
2605 4289 2894 4360 significes,
2917 4306 3043 4361 quo,
3061 4291 3388 4362 licetalioqui
3406 4303 3553 4348 tanto

1955 4382 2050 4435 abs
2080 4391 2129 4434 Ie
2157 4382 2392 4436 locorum
2417 4381 2696 4435 intervallo
2726 4381 2918 4448 dissiti,
2953 4397 3195 4454 magnam
3221 4393 3396 4439 tamen
3429 4384 3551 4441 hinc

1954 4473 2276 4543 voluptatem
2307 4473 2598 4542 capiamus.

1955 4586 2114 4642 CIII.
2157 4586 2447 4655 Ampruclm
2481 4586 2778 4640 diaconissa:
2806 4586 3060 4657 ipsiusque
3103 4587 3384 4640 comitibus.
3410 4586 3548 4660 (Cu-

2502 4693 2631 4734 cuso
2659 4694 2800 4734 anno
2823 4678 2948 4734 404.
2973 4681 2992 4750 )

2027 4816 2143 4871 Etsi
2183 4816 2345 4884 longo
2398 4814 2602 4869 itineris
2643 4813 2926 4868 intervallo
2979 4828 3009 4867 a
3054 4813 3205 4868 vobis
3252 4813 3552 4885 disjnnctns

1953 4923 2074 4964 sum
2100 4949 2114 4972 ,
2161 4916 2337 4960 tamen
2370 4906 2622 4975 prmclara
2648 4914 2703 4959 et
2735 4904 2886 4958 fortia
2916 4913 3089 4958 vestra
3122 4904 3356 4960 facinora
3379 4948 3394 4972 ,
3443 4923 3548 4961 non

1953 5001 2133 5054 minus
2159 5013 2318 5068 quam
2349 4997 2439 5067 qui
2465 4996 2682 5062 adsunt,
2711 4996 2922 5065 cognita
2949 5005 3004 5050 et
3027 4997 3300 5066 explorata
3328 4997 3502 5053 habeo
3536 5015 3548 5051 :

1953 5094 2407 5161 vehementerque
2433 5090 2586 5144 vobis
2621 5089 2688 5143 de
2718 5088 2818 5141 hac
2860 5087 3172 5143 fortitudine
3195 5128 3212 5155 ,
3255 5090 3508 5158 patientia
3531 5130 3549 5154 ,

1954 5184 2278 5248 constantia,
2302 5190 2462 5250 atque
2482 5180 2817 5234 adamantina
2835 5179 3062 5248 quadam
3085 5179 3248 5234 animi
3271 5180 3549 5247 firmitate,

1954 5275 2311 5344 loquendique
2341 5273 2587 5328 libertate
2615 5286 2678 5326 ac
2721 5270 2912 5325 fiducia
2942 5273 3198 5340 gratulor.
3227 5271 3414 5341 quue
3449 5288 3547 5325 no-

1952 5368 2097 5422 mine
2125 5367 2313 5422 beatas
2343 5381 2438 5419 vos
2461 5364 2754 5431 praedicare
2781 5379 2885 5417 non
2911 5364 3100 5420 desino
3123 5405 3136 5427 ,
3173 5373 3284 5417 tum
3307 5365 3380 5419 ob
3408 5378 3546 5434 prte-

1952 5460 2121 5514 sentia
2143 5499 2158 5523 ,
2189 5467 2298 5511 tum
2323 5457 2393 5512 ob
2422 5470 2482 5511 ea
2516 5455 2652 5508 bona
2674 5471 2794 5524 qua:
2839 5470 2933 5509 vos
2964 5455 3015 5508 in
3060 5454 3240 5508 futuro
3283 5470 3401 5510 aevo
3448 5470 3544 5510 cx-

1952 5563 2171 5623 ceptura
2200 5561 2358 5616 sunt,
2393 5565 2588 5605 arcana
2618 5550 2704 5604 illa
2726 5589 2740 5612 ,
2787 5559 2842 5603 et
2861 5563 3075 5603 omnem
3108 5549 3303 5602 mentis
3330 5556 3542 5618 captum

1952 5659 2016 5699 ac
2037 5642 2301 5699 sermonis
2322 5640 2626 5697 facultatem
2650 5638 2980 5696 excedentia.
3007 5638 3195 5709 Magno
3214 5647 3392 5693 autem
3420 5655 3538 5707 nos,

1955 5736 2044 5805 qui
2070 5743 2174 5789 tam
2202 5735 2360 5804 longe
2394 5749 2421 5786 a
2455 5741 2506 5788 te
2531 5733 2757 5802 sejuncti
2784 5745 2990 5798 sumus,
3019 5743 3251 5784 mcerore
3275 5727 3496 5783 effecisti
3522 5771 3537 5792 ,
3597 5801 3610 5812 __

1955 5830 2098 5902 quod
2128 5847 2196 5887 ne
2221 5831 2456 5888 scribere
2483 5829 2698 5903 quidem
2723 5827 2789 5884 ad
2816 5841 2913 5882 nos
2951 5825 3164 5898 dignata
3198 5824 3293 5880 sis.
3337 5823 3540 5891 Quam-
