3906 6378
424 390 527 444 663

422 519 583 573 quam
611 501 743 557 illud
765 501 877 557 scio
899 541 916 569 ,
959 499 1094 554 istud
1125 498 1438 567 negligentia
1472 507 1559 550 tua
1592 496 1810 550 minime
1840 494 2014 548 conti-

425 600 571 662 gisse
608 609 623 658 ;
654 608 774 647 nam
815 593 931 646 sive
970 591 1171 644 scribas
1196 629 1212 655 ,
1261 590 1374 644 sive
1404 599 1610 651 taceas,
1661 588 1938 642 ardentem
1965 594 2020 641 et

429 686 698 739 sinceram
746 681 956 750 lucique
987 691 1302 749 expertem,
1353 694 1416 731 ac
1457 679 1661 731 ﬁrmam
1710 687 1766 732 et
1794 677 2017 730 solidam

427 787 570 829 tuam
601 789 723 843 erga
748 789 834 828 mc
851 773 1127 826 caritatem
1154 774 1273 825 novi
1296 787 1310 836 ;
1344 787 1525 825 verum
1552 770 1715 841 quod,
1743 769 2022 825 cuidicta-

427 881 514 922 res
535 909 550 932 ,
581 881 738 921 nemo
769 865 860 920 tibi
901 873 1096 933 praisto
1125 873 1285 918 esset.
1337 862 1665 932 Quamquam
1706 861 1783 914 sic
1812 874 2023 930 quoque

430 961 597 1030 patria
614 959 790 1028 lingua
811 958 1149 1012 scribendum
1171 956 1288 1023 fuit,
1312 971 1372 1010 ac
1395 966 1478 1009 tua
1499 971 1679 1009 manu.
1705 955 2022 1025 lllaguopere

428 1055 569 1107 enim
593 1097 606 1117 ,
641 1065 697 1108 ut
720 1056 830 1122 ipsa
858 1069 1070 1123 quoque
1101 1055 1262 1117 nosti,
1295 1054 1513 1106 crebras
1535 1067 1560 1104 a
1589 1061 1639 1106 te
1668 1051 1850 1103 literas
1876 1048 2017 1102 accio

431 1161 559 1216 pere
588 1146 866 1200 studemus
891 1187 905 1212 ,
947 1160 1057 1215 quo
1086 1146 1153 1199 de
1185 1154 1270 1197 tua
1301 1143 1606 1197 valetudine
1635 1141 1873 1211 quotidie
1902 1155 2023 1193 cer-

436 1239 601 1292 tiores
634 1238 821 1292 ﬁamus
854 1255 866 1291 :
903 1237 1132 1306 hincque
1165 1245 1270 1290 tam
1312 1245 1476 1290 vasta:
1514 1235 1736 1304 hujusce
1781 1232 2025 1287 solitudi-

431 1330 536 1396 nis,
565 1345 628 1385 ac
657 1346 834 1384 rerum
864 1330 1227 1392 adversarum,
1255 1342 1374 1382 cum
1408 1328 1598 1396 quibus
1631 1326 1716 1379 hic
1739 1325 2021 1387 luctamur,

432 1420 575 1474 haud
621 1422 864 1490 exiguam
893 1420 1316 1475 consolationem
1357 1418 1618 1487 capimus.
1670 1419 1800 1471 Cum
1848 1416 2024 1485 igitur,

435 1513 890 1570 reverendissitna
919 1524 975 1567 et
1010 1513 1410 1583 religiosissima
1448 1513 1659 1564 domina
1681 1551 1696 1571 ,
1733 1518 1929 1580 quanta
1954 1510 2030 1563 rei

439 1607 666 1677 hujusce
694 1607 983 1676 cupiditate
1028 1614 1228 1672 tenear,
1281 1606 1498 1658 minime
1535 1613 1586 1658 te
1633 1603 1842 1673 fugiat,
1895 1603 2033 1655 hanc

442 1700 599 1752 nobis
627 1699 849 1768 gratiam
883 1698 1156 1765 impertire
1183 1739 1196 1762 ,
1227 1712 1409 1766 qua-so
1430 1736 1444 1758 ,
1479 1710 1543 1748 ne
1565 1694 1906 1748 intermittas.
1948 1693 2033 1747 Si-

439 1790 652 1859 quidem
701 1790 848 1843 multi
882 1790 1037 1843 isttnc
1080 1789 1242 1843 variis
1288 1803 1320 1843 e
1365 1789 1496 1842 locis
1523 1787 1588 1840 ad
1620 1801 1718 1840 nos
1747 1796 2030 1841 venerunt.

444 1880 640 1934 Verum
669 1895 732 1935 ea
757 1880 826 1934 de
856 1895 1012 1934 causa
1061 1880 1279 1934 minime
1320 1888 1493 1934 tet-tun
1538 1879 1853 1947 espoStulo,
1891 1877 2034 1946 quod

445 1974 629 2028 literas
654 1975 750 2028 abs
773 1984 823 2028 te
851 1974 1006 2028 nobis
1049 1988 1155 2028 non
1195 1972 1528 2026 attulerunt:
1560 1970 1850 2026 verisimile
1889 1970 2032 2024 enim

441 2075 523 2119 est
543 2081 636 2121 eos
668 2066 761 2120 tibi
793 2067 998 2136 ignotos
1039 2081 1180 2120 esse.
1227 2065 1380 2119 Nunc
1401 2073 1576 2118 autem
1601 2105 1616 2128 ,
1662 2079 1782 2117 cum
1827 2077 2035 2116 summa

441 2159 668 2213 facultas
693 2158 871 2224 datur,
907 2160 1110 2214 scribas
1131 2159 1290 2214 velim
1324 2176 1338 2216 :
1369 2173 1432 2213 ac
1461 2160 1758 2228 praesertim
1789 2171 1909 2211 cum
1948 2172 2036 2212 res

448 2248 754 2318 hujusmodi
781 2251 899 2304 istic
925 2251 1307 2320 contigissent,
1346 2250 1526 2303 literas
1565 2250 1660 2304 abs
1704 2259 1754 2302 te
1793 2248 2038 2316 accipere

445 2340 711 2410 inprimis
741 2342 1076 2411 expetebam.
1129 2343 1267 2395 Cura
1319 2343 1476 2411 igitur
1516 2351 1571 2394 ut
1621 2340 1764 2410 quod
1813 2339 2037 2393 antehac

447 2433 544 2487 abs
575 2442 626 2486 te
650 2447 749 2503 per
773 2433 1030 2488 incuriam
1059 2433 1477 2502 prmtermissum
1506 2440 1587 2486 est
1607 2433 1826 2494 sarcias,
1862 2431 2040 2499 pristi-

449 2522 611 2591 nique
655 2524 853 2578 silentii
897 2525 1298 2580 diuturnitatem
1329 2525 1602 2578 literarqu
1651 2523 1948 2593 frequentia
1985 2532 2041 2578 et

447 2615 762 2670 assiduitate
788 2631 1124 2686 compenses.

521 2749 589 2805 Cl
607 2749 670 2807 V.
700 2749 966 2806 Pentadio:
1002 2753 1316 2806 diaizonissw.
1347 2756 1524 2822 (Anno
1545 2753 1646 2808 404
1675 2753 1760 2808 vel
1788 2752 1943 2823 405.)

522 2883 854 2938 Coronarum
885 2886 1101 2940 nomine
1121 2927 1136 2951 ,
1167 2901 1300 2956 quas
1330 2886 1422 2941 tibi
1468 2887 1763 2941 conciliasti
1785 2928 1798 2949 ,
1831 2887 2040 2942 beatam

453 2983 507 3029 te
535 2977 700 3041 duco,
744 2992 807 3031 ac
838 2993 976 3031 nunc
995 2993 1226 3047 quoque,
1254 2993 1374 3032 cum
1405 2994 1500 3048 per
1527 2979 1689 3032 animi
1721 2978 2043 3049 magnitudi-

458 3084 580 3122 nem
609 3069 818 3138 quidvis
847 3086 943 3139 pro
973 3071 1196 3126 veritate
1221 3071 1456 3140 perferre
1485 3073 1536 3126 in
1562 3074 1797 3126 animum
1824 3073 2045 3128 induxe-

453 3159 546 3213 ris.
598 3159 786 3213 Merito
833 3162 1056 3230 proinde
1099 3162 1263 3216 Deum
1315 3161 1509 3228 habes,
1563 3165 1651 3232 qui
1701 3172 1818 3219 tuas
1866 3175 2046 3235 partes

450 3250 714 3306 acerrime
759 3259 991 3306 tueatur.
1047 3252 1217 3322 Usque
1267 3253 1334 3306 ad
1380 3263 1590 3308 mortem
1636 3255 1777 3309 enim
1805 3296 1819 3319 ,
1874 3253 2048 3325 inquit

455 3343 732 3411 Scriptura
757 3383 772 3405 ,
821 3360 912 3410 pro
957 3345 1163 3397 veritate
1207 3356 1342 3398 certa
1372 3364 1390 3399 :
1417 3355 1466 3399 et
1507 3345 1760 3402 Dominus
1804 3349 2045 3418 pugnabit

456 3451 548 3504 pro
574 3446 620 3488 te
647 3435 832 3506 (Eccli.
863 3438 917 3491 4.
947 3438 1058 3508 55).
1087 3438 1239 3505 Quod
1263 3440 1420 3493 etiam
1447 3441 1648 3496 evenit.
1675 3441 1806 3495 Nam
1834 3458 1953 3496 cum
1980 3457 2046 3496 eo

455 3540 623 3594 usque
651 3527 965 3595 prwclarum
996 3531 1097 3584 hoc
1125 3539 1394 3585 certamen
1424 3531 1622 3587 obieris
1643 3573 1658 3599 ,
1705 3534 1869 3588 multa
1912 3533 2048 3588 divi-

457 3618 602 3672 nitus
625 3621 842 3689 praemia
868 3623 1095 3676 retulisti
1123 3640 1137 3676 :
1169 3623 1288 3678 ideo
1308 3639 1496 3694 magna
1520 3625 1792 3694 voluptate
1817 3624 2042 3680 afﬁcior.

458 3709 589 3776 Quia
621 3721 798 3764 autem
831 3712 1067 3767 intellexi
1101 3727 1151 3768 te
1187 3715 1254 3768 de
1293 3715 1530 3770 discessu
1568 3717 1838 3786 cogitare,
1889 3727 2048 3787 atque

457 3801 614 3855 istinc
643 3801 872 3872 migrare
904 3805 1038 3859 velle
1068 3809 1272 3876 accepi,
1299 3816 1421 3875 peto
1440 3807 1536 3861 abs
1563 3815 1636 3872 te,
1669 3823 1735 3860 ne
1760 3807 2047 3876 quidquam

459 3895 761 3964 hujusmodi
794 3899 1014 3967 cogites,
1047 3907 1140 3952 aut
1170 3900 1220 3952 in
1249 3900 1428 3955 animo
1456 3899 1677 3955 habeas.
1710 3901 1946 3954 Primum
1979 3902 2048 3956 ob

458 3986 560 4042 hoc
589 3989 759 4058 ipsum
787 4031 801 4056 ,
831 3992 972 4060 quod
1000 3992 1203 4046 civibus
1240 3993 1343 4047 tuis
1372 3993 1666 4047 subsidium
1693 4009 1753 4048 es
1779 4035 1794 4058 ,
1823 3995 2044 4063 amplis-

461 4082 736 4152 simusque
766 4096 970 4152 portus.
1001 4096 1055 4139 et
1082 4085 1485 4148 adminiculum,
1517 4101 1580 4140 ac
1603 4094 1745 4140 tutus
1773 4101 1956 4141 murus
1987 4087 2051 4140 iis

461 4177 550 4244 qui
599 4175 870 4230 laboribus
908 4187 964 4231 et
991 4179 1245 4232 aerumnis
1287 4179 1662 4234 conﬁciuntur.
1709 4179 1889 4245 Quare
1937 4180 2048 4234 noli

461 4268 824 4330 committere,
858 4278 915 4322 ut
945 4278 1146 4322 tantum
1170 4279 1428 4339 qttazstum
1454 4271 1522 4324 de
1551 4270 1797 4326 manibus
1822 4272 2006 4340 ejicias
2031 4289 2047 4338 ;

460 4357 595 4419 noli,
623 4348 862 4426 inquam,
885 4359 1244 4425 committere,
1271 4370 1328 4412 ut
1357 4368 1557 4414 tantum
1581 4360 1786 4416 lucrum
1807 4362 2048 4430 abjicias,

458 4465 582 4503 cum
616 4458 790 4504 tantos
813 4451 1047 4520 quotidie
1078 4451 1355 4506 thesauros
1382 4467 1447 4507 ex
1471 4463 1556 4506 tua
1583 4454 1864 4522 prazsetttia
1892 4455 2050 4508 colli-

461 4557 575 4611 gas.
603 4541 732 4596 Nam
769 4544 857 4613 qui
884 4543 1138 4612 prmclara
1169 4553 1254 4597 tua
1288 4544 1520 4598 facinora
1547 4553 1810 4610 cernunt,
1841 4545 1923 4600 vel
1950 4561 2052 4598 au-

464 4633 634 4695 diunt,
664 4651 769 4688 non
795 4650 976 4704 parum
1007 4635 1132 4689 hinc
1153 4637 1282 4689 lucri
1306 4645 1722 4706 consequuntur.
1755 4638 1872 4692 Scis
1894 4652 2054 4706 porro

459 4732 710 4792 quantam
742 4726 879 4779 istud
909 4727 1208 4781 mercedem
1241 4727 1332 4780 tibi
1361 4728 1633 4782 ceuciliet.
1676 4727 1912 4782 Primum
1957 4730 2056 4782 ita-

462 4829 588 4883 que,
618 4823 676 4869 ut
703 4815 831 4882 dixi,
865 4818 964 4871 hac
991 4818 1056 4872 dc
1081 4833 1239 4872 causa
1270 4827 1321 4872 te
1346 4834 1474 4888 rogo
1503 4819 1620 4872 istic
1649 4834 1906 4885 maneas;
1955 4837 2053 4874 ue-

463 4919 570 4974 que
599 4905 742 4958 enim
769 4906 1013 4974 exiguum
1048 4908 1287 4962 utilitatis
1333 4909 1472 4964 illius
1499 4949 1512 4970 .
1559 4925 1720 4978 quam
1773 4911 1890 4964 istic
1935 4925 2057 4980 per-

467 4996 734 5050 manendo
775 4999 1035 5063 attulisti,
1084 4999 1458 5053 documentum
1507 5000 1602 5053 abs
1631 5008 1685 5054 te
1722 5000 1904 5055 datum
1950 5011 2051 5056 est.

471 5087 690 5150 Deinde,
719 5101 787 5141 ne
806 5090 931 5142 anni
955 5091 1170 5158 quidem
1195 5100 1403 5160 tempus
1427 5091 1526 5145 hoc
1556 5102 1606 5146 te
1637 5091 1811 5147 facere
1839 5093 2053 5162 patitur.

467 5178 655 5249 Neque
675 5177 851 5245 enim,
880 5193 980 5248 qua
1023 5182 1263 5249 corporis
1292 5180 1657 5236 imbecillitate
1686 5182 1787 5245 sis,
1822 5183 2052 5250 ignoras,

469 5287 642 5343 neque
673 5271 765 5326 tibi
789 5269 943 5325 facile
967 5287 1088 5326 esse
1119 5273 1170 5325 in
1199 5281 1341 5326 tanta
1367 5273 1416 5326 vi
1447 5274 1660 5343 frigoris
1685 5282 1844 5344 atque
1867 5275 2055 5330 hiemis

468 5364 658 5435 pedem
703 5378 939 5419 movere.
988 5365 1100 5420 lluc
1139 5367 1342 5420 accedit
1383 5367 1566 5436 quod,
1620 5378 1679 5421 ut
1729 5383 1912 5422 rumor
1939 5379 2056 5435 est,

469 5454 772 5511 lsaurorum
801 5471 888 5511 res
919 5471 1059 5510 nunc
1086 5457 1264 5525 vigent
1287 5458 1327 5508 ι.
1358 5457 1484 5512 Haec
1525 5457 1706 5527 itaque
1746 5461 1954 5525 omnia,
2002 5469 2060 5514 ut

473 5549 707 5616 prudens
757 5549 954 5603 mulier
987 5557 1161 5602 tecum
1207 5556 1459 5615 reputans
1485 5588 1499 5613 ,
1541 5563 1639 5610 ne,
1691 5565 1906 5619 quaeso,
1957 5550 2059 5605 hoc

469 5647 714 5708 tempere
753 5643 860 5696 ullo
894 5651 1049 5712 pacto
1079 5640 1264 5711 pedem
1301 5641 1458 5696 istinc
1497 5657 1712 5697 movere
1753 5645 2056 5699 sustineas:

468 5734 644 5804 deque
692 5736 793 5790 hac
842 5751 901 5791 re
935 5735 1095 5789 velim
1142 5749 1242 5789 nos
1270 5734 1659 5804 quamprimum
1689 5737 1944 5792 certiores
1976 5736 2058 5795 fa-

531 5846 548 5879 ι
583 5844 800 5906 ausim,
820 5853 1016 5907 propter
1040 5856 1230 5897 Isauros
1253 5845 1342 5896 iter
1361 5847 1422 5898 sit
1444 5845 1742 5910 impervium.

1168 386 1226 442 S.
1266 383 1546 442 JOANNIS
1583 375 2062 437 Clll’lYSOSTOMl
2101 373 2420 430 ARCIIIEP.
2459 373 2998 430 CONSTANTINOP.
3585 380 3667 434 664

2126 491 2258 557 cias,
2291 505 2354 546 ac
2384 491 2454 546 de
2478 499 2564 545 tua
2594 489 2896 546 valetudine
2934 505 3079 562 saepe
3124 490 3344 557 scribas.
3389 490 3510 545 Nam
3555 509 3669 548 nunc

2128 596 2340 650 quoque
2365 595 2463 636 nos
2505 581 2678 634 nullas
2715 580 2813 634 abs
2860 591 2912 636 te
2955 581 3138 636 literas
3183 581 3448 652 accepisse
3482 583 3674 639 moleste

2127 674 2349 728 tulimus
2381 690 2396 727 :
2427 688 2512 735 ac,
2545 689 2612 727 ne
2643 673 2779 727 forte
2806 672 3026 727 morbus
3061 671 3163 728 hoc
3189 671 3528 742 impediverit,
3551 674 3671 728 labo-

2128 779 2330 819 ramus.
2360 762 2430 820 Ut
2474 765 2610 818 hanc
2657 765 2815 833 igitur
2855 763 3264 818 sollicitudinem
3293 765 3443 819 uobis
3470 764 3666 831 eximas,

2128 857 2236 913 cito
2256 858 2321 912 ad
2353 873 2451 912 nos
2483 857 2692 921 literas,
2726 873 2844 924 qua:
2869 858 2983 911 hare
3013 857 3274 922 iudicent,
3308 858 3470 910 mitte.

2201 950 2241 1003 (ἰ
2256 947 2313 1000 ν.
2345 947 2640 1003 εΙιαιεὶάίαι.
2674 948 2919 1019 (Scripta
2950 964 3110 1014 anno,
3138 959 3195 1002 ut
3223 961 3450 1018 putatur,
3476 947 3622 1019 406.)

2205 1042 2345 1096 Deus
2378 1041 2471 1095 tibi
2513 1058 2608 1111 pro
2641 1052 2726 1095 tua
2755 1057 2880 1112 erga
2912 1056 3012 1096 nos
3035 1043 3368 1106 reverentia,
3399 1042 3608 1107 honore,
3631 1057 3682 1098 ac

2132 1133 2338 1186 sinet-ma
2367 1134 2588 1187 caritate
2618 1139 2725 1186 tum
2752 1135 2872 1200 hic,
2921 1141 3031 1186 tum
3065 1132 3118 1186 in
3142 1131 3317 1186 futuro
3351 1148 3462 1185 :evo
3505 1148 3678 1187 merce-

2131 1225 2254 1280 dem
2286 1225 2499 1294 pendat.
2542 1224 2647 1279 Nec
2674 1227 2816 1278 enim
2846 1241 2984 1277 lllltlc
3013 1225 3318 1288 dumtaxat,
3362 1223 3452 1278 sed
3488 1226 3681 1292 primum

2133 1321 2291 1373 etiam
2322 1326 2479 1388 atque
2517 1319 2584 1372 ab
2631 1319 2810 1379 initio,
2851 1332 2957 1386 quo
2983 1333 3105 1386 erga
3131 1332 3227 1370 nos
3253 1316 3428 1368 animo
3457 1331 3512 1368 ac
3537 1315 3685 1368 studio

2137 1411 2344 1476 fueris,
2398 1420 2734 1480 perspectum
2785 1408 2975 1462 habeo.
3032 1411 3108 1462 Ac
3159 1417 3433 1476 prepterea
3480 1407 3685 1475 quamvis

2137 1505 2294 1573 longo
2322 1502 2532 1557 itineris
2564 1501 2738 1570 spatio
2759 1501 2853 1554 abs
2885 1511 2935 1554 te
2962 1500 3180 1554 dissitus
3217 1500 3316 1552 sim
3340 1541 3355 1562 ,
3403 1510 3550 1566 atque
3582 1497 3684 1560 hic,

2140 1604 2250 1648 tttut
2282 1595 2351 1649 ob
2380 1593 2535 1661 hujus
2561 1593 2661 1647 loci
2688 1592 3049 1656 solitudinem,
3080 1601 3188 1644 tum
3217 1591 3285 1644 ob
3315 1601 3553 1662 perpetua
3575 1591 3687 1659 peri-

2137 1689 2253 1740 cula
2278 1727 2292 1748 ,
2321 1685 2648 1753 crebrosque
2679 1683 3006 1754 prmdonum-
3024 1683 3252 1752 impetus
3274 1725 3288 1747 ,
3322 1694 3428 1735 tum
3457 1682 3521 1735 ob
3547 1679 3688 1734 rnedi-

2137 1791 2321 1830 rorum
2377 1777 2692 1845 penuriam,
2741 1775 2795 1828 in
2841 1773 3023 1828 multis
3067 1775 3452 1829 calamitatibus
3495 1789 3685 1828 verser:

2142 1867 2272 1921 nihil
2307 1879 2481 1921 tamen
2517 1867 2704 1921 horum
2737 1867 2978 1920 omnium
3009 1866 3271 1936 impedit,
3319 1866 3587 1936 quatuinus
3609 1874 3690 1919 tua:

2139 1960 2417 2013 suavitatis
2443 1969 2704 2030 perpetuo
2728 1957 2982 2012 recorder
3011 1975 3023 2011 :
3057 1960 3181 2026 quin
3217 1958 3391 2026 potius
3436 1972 3544 2011 eam
3576 1957 3690 2010 cari-

2141 2058 2304 2106 tatem
2329 2091 2344 2115 ,
2372 2065 2531 2119 quam
2561 2064 2590 2102 a
2620 2048 2880 2119 principio
2903 2055 3011 2100 tum
3044 2062 3170 2116 erga
3194 2056 3266 2110 te,
3299 2053 3408 2100 tum
3436 2061 3552 2116 erga
3575 2055 3688 2099 tuam

2141 2139 2361 2194 domum
2391 2140 2587 2206 habui,
2621 2139 2886 2208 vigentem
2926 2139 3168 2201 retineo;
3213 2152 3386 2207 neque
3409 2153 3520 2192 eam
3544 2137 3614 2191 vel
3638 2137 3690 2190 ob

2142 2231 2401 2300 temporis
2431 2231 2870 2296 diuturnitatem,
2918 2229 3000 2284 vel
3023 2229 3091 2284 ob
3134 2229 3341 2284 itineris
3368 2229 3685 2299 longinquita-

2147 2333 2253 2376 tem
2280 2337 2670 2377 conscuescere
2697 2323 2888 2392 patiar.
2919 2321 3049 2375 Nam
3072 2337 3134 2375 ea
3160 2322 3375 2375 demum
3399 2321 3602 2374 sincere
3623 2332 3693 2372 ca-

2147 2414 2319 2467 ritatis
2359 2422 2550 2466 natura
2588 2423 2690 2468 est.
2725 2413 2799 2467 'l‘e
2829 2429 2955 2466 vero
2985 2427 3082 2482 pro
3124 2422 3209 2465 tua
3241 2412 3509 2481 prudentia
3536 2420 3582 2463 ct
3603 2410 3692 2478 pie-

2146 2513 2253 2557 tate
2295 2519 2394 2556 oro
2420 2513 2580 2572 atque
2607 2503 2834 2557 obsecro
2861 2543 2875 2568 ,
2909 2511 2965 2556 ut
2993 2518 3053 2556 ea
3085 2503 3286 2567 omnia,
3320 2518 3434 2571 qua:
3459 2500 3690 2558 accidunt,

2145 2601 2368 2648 strenuo
2396 2595 2580 2648 animo
2609 2596 2767 2648 feras.
2819 2593 2935 2648 Scis
2964 2595 3107 2647 enim
3140 2604 3190 2648 te
3219 2595 3289 2648 ab
3330 2594 3533 2648 ineunte
3571 2602 3693 2646 a-tate

2146 2700 2316 2754 usque
2343 2684 2411 2738 ad
2440 2685 2540 2739 hoc
2569 2695 2780 2754 tempus
2810 2701 2904 2755 per
2934 2686 3104 2738 varias
3128 2694 3289 2753 atque
3318 2685 3486 2739 euntis
3511 2682 3606 2737 fere
3624 2696 3694 2750 ge-

2146 2778 2290 2830 neris
2330 2778 2648 2830 tentationes
2696 2777 3017 2843 incessisse;
3066 2787 3226 2846 atque
3267 2777 3526 2846 patientiae
3553 2781 3690 2828 certa-

2146 2885 2269 2924 tnen
2298 2869 2434 2924 facili
2463 2870 2677 2939 negotio
2705 2869 2855 2923 obire
2881 2879 3032 2938 potes
3058 2911 3072 2933 ,
3101 2868 3539 2938 quemadmodum
3561 2866 3687 2920 etiam

2147 2979 2290 3034 smpe
2318 2964 2492 3018 obiisti
2518 3005 2533 3030 ,
2565 2971 2620 3018 et
2669 2962 2903 3017 illustres
2927 2961 3063 3016 viude
3091 2977 3324 3016 coronas
3351 2959 3537 3029 tibiipsi
3564 2959 3606 3011 in
3633 2959 3692 3009 tu-

2159 3067 2332 3110 turum
2364 3054 2670 3110 condidisti.
2720 3054 2871 3122 Quod
2917 3055 2960 3107 si
3011 3053 3126 3107 hate
3170 3054 3395 3106 tentatio
3437 3049 3694 3120 superiores

2153 3148 2396 3212 excedit,
2426 3154 2482 3200 at
2500 3148 2659 3201 etiam
2690 3160 2884 3200 corona
2919 3145 3257 3214 praestantior
3289 3143 3457 3197 futura
3481 3151 3571 3195 est.
3590 3139 3693 3205 Qum

2150 3258 2273 3297 cum
2302 3243 2371 3296 ita
2399 3242 2526 3308 sint,
2559 3240 2692 3294 nihil
2717 3254 2781 3294 ex
2816 3240 2878 3292 iis
2907 3237 3312 3297 acerbitatibus,
3340 3252 3455 3306 qua:
3481 3234 3562 3289 tibi
3587 3232 3690 3286 inle-

2152 3343 2344 3389 runtur
2365 3374 2380 3398 ,
2420 3323 2476 3387 te
2518 3331 2794 3402 perturbet
2821 3348 2834 3384 :
2865 3345 3048 3383 verum
3077 3343 3184 3398 quo
3215 3329 3384 3397 magis
3411 3325 3582 3380 fluctus
3605 3335 3694 3376 cre-

2151 3437 2324 3492 scunt,
2361 3435 2759 3494 tempestasque
2786 3423 2954 3493 magis
2984 3421 3328 3492 ingravescit,
3350 3435 3414 3475 eo
3442 3420 3584 3474 etiam
3610 3428 3692 3468 nta-

2145 3522 2320 3594 jorem
2343 3530 2626 3593 quaastum,
2645 3536 2709 3574 ac
2729 3519 2945 3588 praemia
2965 3517 3250 3571 sudoribus
3271 3517 3426 3585 longe
3444 3508 3695 3582 cepiosiora

2151 3624 2207 3670 et
2257 3613 2516 3683 ampliora
2562 3619 2618 3665 et
2657 3611 3006 3664 loculentiora
3049 3615 3323 3676 exspecta.
3374 3606 3544 3672 Neque
3583 3610 3694 3652 enttn

2150 3707 2429 3777 Condigna:
2471 3715 2586 3757 sunt
2624 3703 2881 3773 passiones
2924 3701 3075 3772 hujus
3117 3699 3361 3766 temporis
3404 3696 3468 3749 ad
3514 3697 3695 3764 futuram

2153 3799 2371 3871 gloriam
2396 3839 2410 3863 ,
2447 3811 2561 3866 qua:
2585 3795 2888 3848 revelabitur
2915 3794 2968 3846 in
2998 3791 3138 3846 nobis
3173 3789 3364 3861 (Rom.
3395 3790 3447 3844 8.
3473 3783 3586 3854 18).
3616 3780 3696 3833 Via:

2153 3889 2294 3942 enim
2327 3889 2493 3940 instar
2518 3894 2642 3940 sunt
2680 3895 2969 3955 praesentes
3015 3881 3170 3951 hujus
3189 3883 3315 3934 vita:
3353 3875 3695 3949 jucunditales,

2152 3991 2208 4034 et
2251 3979 2512 4033 molestia:
2537 4019 2550 4040 ,
2599 3976 2877 4044 amb-mque
2915 3973 3103 4028 eodem
3149 3972 3314 4026 modo
3347 3971 3587 4031 efﬂuunt,
3624 3973 3697 4014 nec

2154 4072 2442 4142 quidquam
2474 4072 2528 4124 in
2559 4070 2621 4123 iis
2651 4080 2856 4123 certum
2896 4082 2959 4120 ac
3002 4065 3191 4120 stabile
3231 4074 3315 4118 est
3341 4106 3354 4127 ,
3400 4075 3569 4116 verum
3606 4070 3697 4108 utn-

2158 4165 2266 4218 bra:
2295 4164 2372 4234 (α)
2406 4175 2648 4216 naturam
2680 4161 2985 4225 imitantur,
3031 4169 3088 4212 ut
3114 4173 3230 4228 quae
3261 4155 3587 4223 simulatque
3608 4160 3699 4202 sese

2154 4257 2503 4320 ostenderint,
2533 4255 2710 4309 statim
2733 4261 3072 4324 praetereant.
3098 4248 3550 4319 Quemadmodum
3578 4243 3700 4311 igitur

2156 4350 2410 4415 viatores,
2436 4349 2550 4402 sive
2571 4363 2667 4417 per
2689 4357 2860 4418 prata,
2893 4346 3003 4400 sive
3031 4361 3125 4415 per
3151 4344 3424 4400 salebrosa
3450 4350 3501 4395 et
3519 4339 3699 4401 abrupta

2158 4440 2274 4494 loca
2299 4442 2401 4494 iter
2429 4438 2662 4504 faciant,
2713 4452 2810 4492 nec
2841 4437 3001 4489 ullam
3036 4437 3181 4488 illinc
3211 4435 3526 4503 voluptatem
3569 4421 3704 4494 perci-

2157 4533 2333 4603 piunt,
2367 4546 2465 4585 nec
2497 4532 2658 4584 ullam
2682 4531 2806 4584 hinc
2836 4529 3142 4583 maestitiam
3190 4526 3464 4589 sentiunt;
3510 4520 3702 4573 viatores

2157 4625 2298 4677 enim
2329 4633 2472 4686 sunt,
2520 4638 2628 4677 non
2655 4623 2829 4685 cives,
2879 4629 3102 4689 utraque
3133 4623 3544 4686 praetereuntes,
3577 4614 3704 4671 atque

2161 4715 2228 4770 ad
2257 4717 2480 4785 patriam
2506 4728 2658 4768 suam
2683 4710 3066 4767 contendentes
3099 4726 3113 4762 :
3141 4707 3329 4763 eodem
3360 4703 3512 4760 modo
3537 4710 3582 4753 te
3604 4704 3704 4759 r0110

2159 4814 2318 4875 atque
2345 4806 2571 4859 obsecro
2595 4845 2610 4870 ,
2641 4813 2695 4857 ut
2721 4817 2820 4861 nec
2861 4799 3142 4872 praesentis
3172 4799 3292 4852 vitae
3326 4786 3705 4866 jucunditatibtu

2160 4898 2333 4952 iuhies
2356 4937 2370 4959 ,
2419 4911 2520 4950 nec
2562 4910 2775 4950 rursum
2805 4894 3149 4948 molestarum
3177 4905 3355 4945 rerum
3383 4886 3598 4957 pondere
3633 4877 3705 4930 de-

2161 4988 2432 5059 primaris,
2461 5001 2644 5041 verum
2672 4987 2772 5040 hoc
2798 4999 2959 5038 unum
2985 4993 3217 5052 spectes,
3246 4993 3472 5050 quonam
3500 4980 3634 5043 pacto
3654 4961 3702 5016 ad

2163 5092 2502 5135 communem
2535 5079 2757 5146 patriam
2786 5086 3022 5130 nostram
3052 5089 3174 5127 cum
3202 5069 3403 5141 ingenti
3426 5063 3596 5120 ﬁducia
3617 5071 3705 5126 pcr-

2163 5173 2367 5226 venias.
2401 5169 2842 5239 Quandoquidem
2871 5168 2973 5221 hoc
2997 5167 3212 5221 demum
3241 5166 3398 5220 ﬁxum
3425 5170 3476 5214 et
3494 5159 3705 5211 constans

2165 5275 2324 5334 atque
2362 5262 2664 5317 immortale
2720 5261 2916 5314 bonum
2947 5267 3032 5313 est
3064 5275 3077 5310 :
3107 5269 3298 5311 castora
3329 5263 3499 5308 autem
3526 5241 3703 5300 omnia,

2167 5355 2268 5409 llos
2298 5355 2424 5409 {teni
2463 5361 2519 5407 et
2548 5351 2760 5415 fumus,
2789 5350 2912 5405 etsi
2942 5347 3067 5418 quid
3106 5345 3192 5400 his
3219 5346 3371 5399 vilius
3402 5341 3516 5408 ﬁngi
3545 5335 3701 5406 ροῐθεῑ-

2165 5468 2206 5523 C
2220 5467 2310 5522 Vl.
2353 5467 2651 5536 Asyncritt'te
2689 5465 2944 5534 ipsiusque
2967 5460 3246 5515 sodalibus.
3275 5455 3512 5530 (Scripta
3545 5437 3702 5502 Cucusi

2795 5571 2935 5609 anno
2965 5552 3128 5622 404.)

2235 5672 2348 5739 Qua
2383 5685 2509 5739 erga
2538 5684 2634 5724 nos
2664 5670 2884 5724 caritate
2913 5681 2975 5720 ac
3015 5661 3380 5720 benevolentia
3405 5657 3514 5713 sitis
3537 5695 3551 5718 ,
3595 5645 3696 5703 mihi

2229 5784 2309 5847 ((ι)
2333 5783 2412 5847 _Si_::
2437 5781 2617 5847 Billius,
2639 5781 2730 5847 qui
2765 5779 2986 5847 umbram
3010 5775 3208 5840 supplet
3232 5787 3295 5827 ex
3314 5777 3595 5832 conjectura;
3615 5767 3698 5808 πων

2166 5843 2347 5908 aliquid
2369 5845 2549 5894 deesse
2573 5843 2764 5892 videtur
2789 5843 2839 5890 in
2863 5848 3041 5889 Graeco.
