  <div class='ocr_page' id='page_1' title='image "/cluster/home/n/w/nwhite01/storage/ocr_20150623/52:no.3:pt.2/coo.31924054869510/282.png"; bbox 0 0 3906 6386; ppageno 0'>
   <div class='ocr_carea' id='block_1_1' title="bbox 252 365 361 422">
    <p class='ocr_par' dir='ltr' id='par_1_1' title="bbox 252 365 361 422">
     <span class='ocr_line' id='line_1_1' title="bbox 252 365 361 422; baseline -0.009 0"><span class='ocrx_word' id='word_1_1' title='bbox 252 365 361 422; x_wconf 73' lang='lat'>665</span> 
     </span>
    </p>
   </div>
   <div class='ocr_carea' id='block_1_2' title="bbox 246 477 1817 553">
    <p class='ocr_par' dir='ltr' id='par_1_2' title="bbox 246 477 1817 553">
     <span class='ocr_line' id='line_1_2' title="bbox 246 477 1817 553; baseline -0.001 -17"><span class='ocrx_word' id='word_1_2' title='bbox 246 477 400 551; x_wconf 66' lang='grc'>(649]</span> <span class='ocrx_word' id='word_1_3' title='bbox 426 478 812 551; x_wconf 82' lang='grc' dir='ltr'>διαστήματος,</span> <span class='ocrx_word' id='word_1_4' title='bbox 860 479 983 535; x_wconf 84' lang='grc' dir='ltr'>οὐδέ</span> <span class='ocrx_word' id='word_1_5' title='bbox 1045 479 1346 534; x_wconf 73' lang='grc' dir='ltr'>ἐπιστεῖλαι</span> <span class='ocrx_word' id='word_1_6' title='bbox 1390 480 1817 553; x_wconf 82' lang='grc' dir='ltr'>καταδεξαμένη.</span> 
     </span>
    </p>
   </div>
   <div class='ocr_carea' id='block_1_3' title="bbox 247 565 1824 643">
    <p class='ocr_par' dir='ltr' id='par_1_3' title="bbox 247 565 1824 643">
     <span class='ocr_line' id='line_1_3' title="bbox 247 565 1824 643; baseline 0 -18"><span class='ocrx_word' id='word_1_7' title='bbox 247 571 360 626; x_wconf 76' lang='grc' dir='ltr'>Καὶ</span> <span class='ocrx_word' id='word_1_8' title='bbox 382 565 499 624; x_wconf 76' lang='grc' dir='ltr'>οἶδα</span> <span class='ocrx_word' id='word_1_9' title='bbox 546 571 647 642; x_wconf 85' lang='grc' dir='ltr'>μὲν</span> <span class='ocrx_word' id='word_1_10' title='bbox 678 572 759 624; x_wconf 83' lang='grc' dir='ltr'>ὅτι</span> <span class='ocrx_word' id='word_1_11' title='bbox 804 570 906 625; x_wconf 89' lang='grc' dir='ltr'>οὐκ</span> <span class='ocrx_word' id='word_1_12' title='bbox 954 571 1019 625; x_wconf 84' lang='grc' dir='ltr'>ἐκ</span> <span class='ocrx_word' id='word_1_13' title='bbox 1075 572 1347 643; x_wconf 80' lang='grc' dir='ltr'>ῥᾳθυμίας</span> <span class='ocrx_word' id='word_1_14' title='bbox 1375 572 1531 626; x_wconf 91' lang='grc' dir='ltr'>τοῦτο</span> <span class='ocrx_word' id='word_1_15' title='bbox 1568 573 1824 643; x_wconf 79' lang='grc' dir='ltr'>γέγονεν’</span> 
     </span>
    </p>
   </div>
   <div class='ocr_carea' id='block_1_4' title="bbox 248 660 1826 733">
    <p class='ocr_par' dir='ltr' id='par_1_4' title="bbox 248 660 1826 733">
     <span class='ocr_line' id='line_1_4' title="bbox 248 660 1826 733; baseline 0 -19"><span class='ocrx_word' id='word_1_16' title='bbox 248 662 547 731; x_wconf 84' lang='grc' dir='ltr'>ἐπίσταμαι</span> <span class='ocrx_word' id='word_1_17' title='bbox 572 660 681 732; x_wconf 86' lang='grc' dir='ltr'>γὰρ</span> <span class='ocrx_word' id='word_1_18' title='bbox 706 660 801 715; x_wconf 70' lang='grc' dir='ltr'>καὶ</span> <span class='ocrx_word' id='word_1_19' title='bbox 822 661 1140 732; x_wconf 78' lang='grc' dir='ltr'>γραφούσης</span> <span class='ocrx_word' id='word_1_20' title='bbox 1159 664 1310 733; x_wconf 77' lang='grc' dir='ltr'>ἡμῖν,</span> <span class='ocrx_word' id='word_1_21' title='bbox 1330 662 1424 715; x_wconf 76' lang='grc' dir='ltr'>καὶ</span> <span class='ocrx_word' id='word_1_22' title='bbox 1445 661 1706 733; x_wconf 82' lang='grc' dir='ltr'>σιγώσης,</span> <span class='ocrx_word' id='word_1_23' title='bbox 1726 663 1826 731; x_wconf 84' lang='grc' dir='ltr'>τὴν</span> 
     </span>
    </p>
   </div>
   <div class='ocr_carea' id='block_1_5' title="bbox 247 750 1823 824">
    <p class='ocr_par' dir='ltr' id='par_1_5' title="bbox 247 750 1823 824">
     <span class='ocr_line' id='line_1_5' title="bbox 247 750 1823 824; baseline 0.001 -20"><span class='ocrx_word' id='word_1_24' title='bbox 247 750 459 823; x_wconf 79' lang='grc' dir='ltr'>θερμὴν</span> <span class='ocrx_word' id='word_1_25' title='bbox 497 753 592 805; x_wconf 73' lang='grc' dir='ltr'>καὶ</span> <span class='ocrx_word' id='word_1_26' title='bbox 618 750 849 822; x_wconf 76' lang='grc' dir='ltr'>γνησίαν</span> <span class='ocrx_word' id='word_1_27' title='bbox 876 753 1116 822; x_wconf 87' lang='grc' dir='ltr'>ἀγάπην,</span> <span class='ocrx_word' id='word_1_28' title='bbox 1152 753 1250 824; x_wconf 83' lang='grc' dir='ltr'>τὴν</span> <span class='ocrx_word' id='word_1_29' title='bbox 1278 753 1547 824; x_wconf 79' lang='grc' dir='ltr'>εἰλικρινῆ</span> <span class='ocrx_word' id='word_1_30' title='bbox 1579 755 1675 807; x_wconf 77' lang='grc' dir='ltr'>καὶ</span> <span class='ocrx_word' id='word_1_31' title='bbox 1700 754 1823 808; x_wconf 73' lang='grc' dir='ltr'>ἀδοο</span> 
     </span>
    </p>
   </div>
   <div class='ocr_carea' id='block_1_6' title="bbox 245 841 1824 918">
    <p class='ocr_par' dir='ltr' id='par_1_6' title="bbox 245 841 1824 918">
     <span class='ocr_line' id='line_1_6' title="bbox 245 841 1824 918; baseline 0.002 -23"><span class='ocrx_word' id='word_1_32' title='bbox 245 841 359 907; x_wconf 84' lang='grc' dir='ltr'>λον,</span> <span class='ocrx_word' id='word_1_33' title='bbox 388 843 487 913; x_wconf 82' lang='grc' dir='ltr'>τὴν</span> <span class='ocrx_word' id='word_1_34' title='bbox 515 844 741 915; x_wconf 83' lang='grc' dir='ltr'>ῖσχυράν</span> <span class='ocrx_word' id='word_1_35' title='bbox 782 846 876 899; x_wconf 80' lang='grc' dir='ltr'>καὶ</span> <span class='ocrx_word' id='word_1_36' title='bbox 922 845 1188 918; x_wconf 77' lang='grc' dir='ltr'>στερράνο</span> <span class='ocrx_word' id='word_1_37' title='bbox 1213 846 1349 901; x_wconf 87' lang='grc' dir='ltr'>ἀλλά</span> <span class='ocrx_word' id='word_1_38' title='bbox 1378 847 1468 901; x_wconf 80' lang='grc' dir='ltr'>διὰ</span> <span class='ocrx_word' id='word_1_39' title='bbox 1508 847 1569 900; x_wconf 71' lang='grc' dir='ltr'>τὸ</span> <span class='ocrx_word' id='word_1_40' title='bbox 1621 846 1824 917; x_wconf 77' lang='grc' dir='ltr'>μηδένα</span> 
     </span>
    </p>
   </div>
   <div class='ocr_carea' id='block_1_7' title="bbox 246 927 1824 1005">
    <p class='ocr_par' dir='ltr' id='par_1_7' title="bbox 246 927 1824 1005">
     <span class='ocr_line' id='line_1_7' title="bbox 246 927 1824 1005; baseline 0.002 -21"><span class='ocrx_word' id='word_1_41' title='bbox 246 927 389 985; x_wconf 74' lang='grc' dir='ltr'>εἶναι</span> <span class='ocrx_word' id='word_1_42' title='bbox 421 933 512 985; x_wconf 85' lang='grc' dir='ltr'>τὸν</span> <span class='ocrx_word' id='word_1_43' title='bbox 550 933 958 1002; x_wconf 82' lang='grc' dir='ltr'>ὑπογράφοντα.</span> <span class='ocrx_word' id='word_1_44' title='bbox 1002 934 1147 1004; x_wconf 82' lang='grc' dir='ltr'>Πλὴν</span> <span class='ocrx_word' id='word_1_45' title='bbox 1170 934 1303 987; x_wconf 89' lang='grc' dir='ltr'>ἀλλὰ</span> <span class='ocrx_word' id='word_1_46' title='bbox 1332 935 1426 987; x_wconf 80' lang='grc' dir='ltr'>καὶ</span> <span class='ocrx_word' id='word_1_47' title='bbox 1462 933 1633 996; x_wconf 73' lang='grc' dir='ltr'>οὕτως</span> <span class='ocrx_word' id='word_1_48' title='bbox 1658 935 1824 1005; x_wconf 91' lang='grc' dir='ltr'>ἐχρῆν</span> 
     </span>
    </p>
   </div>
   <div class='ocr_carea' id='block_1_8' title="bbox 244 1023 1823 1097">
    <p class='ocr_par' dir='ltr' id='par_1_8' title="bbox 244 1023 1823 1097">
     <span class='ocr_line' id='line_1_8' title="bbox 244 1023 1823 1097; baseline 0.001 -21"><span class='ocrx_word' id='word_1_49' title='bbox 244 1025 312 1093; x_wconf 76' lang='grc' dir='ltr'>τῇ</span> <span class='ocrx_word' id='word_1_50' title='bbox 330 1024 583 1095; x_wconf 76' lang='grc' dir='ltr'>ἐγχωρίῳ</span> <span class='ocrx_word' id='word_1_51' title='bbox 608 1042 702 1077; x_wconf 91' lang='grc' dir='ltr'>σου</span> <span class='ocrx_word' id='word_1_52' title='bbox 728 1023 940 1096; x_wconf 81' lang='grc' dir='ltr'>γλώττῃ</span> <span class='ocrx_word' id='word_1_53' title='bbox 960 1027 1092 1096; x_wconf 79' lang='grc' dir='ltr'>ἡμῖν</span> <span class='ocrx_word' id='word_1_54' title='bbox 1117 1026 1439 1088; x_wconf 88' lang='grc' dir='ltr'>ἐπιστεῖλαι,</span> <span class='ocrx_word' id='word_1_55' title='bbox 1460 1026 1556 1079; x_wconf 65' lang='grc' dir='ltr'>κα.)⁸</span> <span class='ocrx_word' id='word_1_56' title='bbox 1584 1029 1651 1097; x_wconf 83' lang='grc' dir='ltr'>τῇ</span> <span class='ocrx_word' id='word_1_57' title='bbox 1679 1026 1823 1097; x_wconf 82' lang='grc' dir='ltr'>χειρὶ</span> 
     </span>
    </p>
   </div>
   <div class='ocr_carea' id='block_1_9' title="bbox 244 1116 1821 1190">
    <p class='ocr_par' dir='ltr' id='par_1_9' title="bbox 244 1116 1821 1190">
     <span class='ocr_line' id='line_1_9' title="bbox 244 1116 1821 1190; baseline 0 -20"><span class='ocrx_word' id='word_1_58' title='bbox 244 1118 311 1187; x_wconf 79' lang='grc' dir='ltr'>τῇ</span> <span class='ocrx_word' id='word_1_59' title='bbox 349 1118 439 1187; x_wconf 85' lang='grc' dir='ltr'>σῇ.</span> <span class='ocrx_word' id='word_1_60' title='bbox 467 1116 700 1187; x_wconf 78' lang='grc' dir='ltr'>-Σφόδρα</span> <span class='ocrx_word' id='word_1_61' title='bbox 740 1116 849 1187; x_wconf 91' lang='grc' dir='ltr'>γάρ</span> <span class='ocrx_word' id='word_1_62' title='bbox 884 1117 1242 1189; x_wconf 82' lang='grc' dir='ltr'>ἀντεχόμεθα,</span> <span class='ocrx_word' id='word_1_63' title='bbox 1273 1117 1524 1190; x_wconf 85' lang='grc' dir='ltr'>καθάπερ</span> <span class='ocrx_word' id='word_1_64' title='bbox 1559 1117 1655 1170; x_wconf 59' lang='grc' dir='ltr'>καὶ⁸</span> <span class='ocrx_word' id='word_1_65' title='bbox 1682 1116 1821 1188; x_wconf 83' lang='grc' dir='ltr'>αὐτὴ</span> 
     </span>
    </p>
   </div>
   <div class='ocr_carea' id='block_1_10' title="bbox 241 1203 1821 1282">
    <p class='ocr_par' dir='ltr' id='par_1_10' title="bbox 241 1203 1821 1282">
     <span class='ocr_line' id='line_1_10' title="bbox 241 1203 1821 1282; baseline 0.001 -21"><span class='ocrx_word' id='word_1_66' title='bbox 241 1203 423 1274; x_wconf 79' lang='grc' dir='ltr'>οἶσθα,</span> <span class='ocrx_word' id='word_1_67' title='bbox 465 1209 561 1262; x_wconf 91' lang='grc' dir='ltr'>τοῦ</span> <span class='ocrx_word' id='word_1_68' title='bbox 607 1208 849 1280; x_wconf 89' lang='grc' dir='ltr'>συνεχῶς</span> <span class='ocrx_word' id='word_1_69' title='bbox 901 1210 1191 1271; x_wconf 83' lang='grc' dir='ltr'>ἐπιστολάς</span> <span class='ocrx_word' id='word_1_70' title='bbox 1234 1210 1486 1282; x_wconf 85' lang='grc' dir='ltr'>δέχεσθαι</span> <span class='ocrx_word' id='word_1_71' title='bbox 1535 1209 1686 1279; x_wconf 90' lang='grc' dir='ltr'>παρά</span> <span class='ocrx_word' id='word_1_72' title='bbox 1721 1209 1821 1280; x_wconf 86' lang='grc' dir='ltr'>τῆς</span> 
     </span>
    </p>
   </div>
   <div class='ocr_carea' id='block_1_11' title="bbox 243 1302 1823 1375">
    <p class='ocr_par' dir='ltr' id='par_1_11' title="bbox 243 1302 1823 1375">
     <span class='ocr_line' id='line_1_11' title="bbox 243 1302 1823 1375; baseline 0.001 -21"><span class='ocrx_word' id='word_1_73' title='bbox 243 1302 531 1366; x_wconf 69' lang='grc' dir='ltr'>εὐλαϐείας</span> <span class='ocrx_word' id='word_1_74' title='bbox 558 1303 656 1375; x_wconf 88' lang='grc' dir='ltr'>τῆς</span> <span class='ocrx_word' id='word_1_75' title='bbox 690 1303 808 1374; x_wconf 87' lang='grc' dir='ltr'>σῆς,</span> <span class='ocrx_word' id='word_1_76' title='bbox 849 1302 989 1357; x_wconf 82' lang='grc' dir='ltr'>ὥστε</span> <span class='ocrx_word' id='word_1_77' title='bbox 1022 1303 1143 1357; x_wconf 86' lang='grc' dir='ltr'>καθ’</span> <span class='ocrx_word' id='word_1_78' title='bbox 1178 1304 1414 1375; x_wconf 79' lang='grc' dir='ltr'>ἑκάστην</span> <span class='ocrx_word' id='word_1_79' title='bbox 1442 1302 1658 1375; x_wconf 79' lang='grc' dir='ltr'>ἡμέραν</span> <span class='ocrx_word' id='word_1_80' title='bbox 1688 1319 1823 1373; x_wconf 85' lang='grc' dir='ltr'>μαν-</span> 
     </span>
    </p>
   </div>
   <div class='ocr_carea' id='block_1_12' title="bbox 242 1391 1823 1464">
    <p class='ocr_par' dir='ltr' id='par_1_12' title="bbox 242 1391 1823 1464">
     <span class='ocr_line' id='line_1_12' title="bbox 242 1391 1823 1464; baseline -0.001 -19"><span class='ocrx_word' id='word_1_81' title='bbox 242 1391 425 1445; x_wconf 88' lang='grc' dir='ltr'>θάνειν</span> <span class='ocrx_word' id='word_1_82' title='bbox 451 1393 602 1462; x_wconf 80' lang='grc' dir='ltr'>ἡμᾶς</span> <span class='ocrx_word' id='word_1_83' title='bbox 633 1392 703 1445; x_wconf 83' lang='grc' dir='ltr'>τὰ</span> <span class='ocrx_word' id='word_1_84' title='bbox 732 1394 859 1464; x_wconf 75' lang='grc' dir='ltr'>περὶ</span> <span class='ocrx_word' id='word_1_85' title='bbox 883 1392 984 1463; x_wconf 88' lang='grc' dir='ltr'>τῆς</span> <span class='ocrx_word' id='word_1_86' title='bbox 1023 1393 1212 1461; x_wconf 79' lang='grc' dir='ltr'>ὑγείας</span> <span class='ocrx_word' id='word_1_87' title='bbox 1242 1392 1343 1462; x_wconf 89' lang='grc' dir='ltr'>τῆς</span> <span class='ocrx_word' id='word_1_88' title='bbox 1372 1394 1503 1464; x_wconf 78' lang='grc' dir='ltr'>σῆς⁸</span> <span class='ocrx_word' id='word_1_89' title='bbox 1534 1392 1628 1447; x_wconf 79' lang='grc' dir='ltr'>καὶ</span> <span class='ocrx_word' id='word_1_90' title='bbox 1647 1392 1709 1445; x_wconf 90' lang='grc' dir='ltr'>οὐ</span> <span class='ocrx_word' id='word_1_91' title='bbox 1733 1409 1823 1462; x_wconf 88' lang='grc' dir='ltr'>μι-</span> 
     </span>
    </p>
   </div>
   <div class='ocr_carea' id='block_1_13' title="bbox 241 1484 1823 1556">
    <p class='ocr_par' dir='ltr' id='par_1_13' title="bbox 241 1484 1823 1556">
     <span class='ocr_line' id='line_1_13' title="bbox 241 1484 1823 1556; baseline 0.001 -20"><span class='ocrx_word' id='word_1_92' title='bbox 241 1484 381 1556; x_wconf 86' lang='grc' dir='ltr'>κράν</span> <span class='ocrx_word' id='word_1_93' title='bbox 411 1485 510 1554; x_wconf 89' lang='grc' dir='ltr'>τῆς</span> <span class='ocrx_word' id='word_1_94' title='bbox 550 1484 820 1556; x_wconf 82' lang='grc' dir='ltr'>τοσαύτης</span> <span class='ocrx_word' id='word_1_95' title='bbox 866 1485 1103 1556; x_wconf 76' lang='grc' dir='ltr'>ἐρημίας</span> <span class='ocrx_word' id='word_1_96' title='bbox 1132 1486 1226 1539; x_wconf 59' lang='grc' dir='ltr'>καὶ¹</span> <span class='ocrx_word' id='word_1_97' title='bbox 1258 1485 1367 1538; x_wconf 86' lang='grc' dir='ltr'>τῶν</span> <span class='ocrx_word' id='word_1_98' title='bbox 1394 1485 1629 1539; x_wconf 87' lang='grc' dir='ltr'>ἐνταῦθα</span> <span class='ocrx_word' id='word_1_99' title='bbox 1666 1503 1823 1556; x_wconf 89' lang='grc' dir='ltr'>περι-</span> 
     </span>
    </p>
   </div>
   <div class='ocr_carea' id='block_1_14' title="bbox 242 1577 1815 1650">
    <p class='ocr_par' dir='ltr' id='par_1_14' title="bbox 242 1577 1815 1650">
     <span class='ocr_line' id='line_1_14' title="bbox 242 1577 1815 1650; baseline 0.001 -20"><span class='ocrx_word' id='word_1_100' title='bbox 242 1578 487 1631; x_wconf 85' lang='grc' dir='ltr'>στάσεων</span> <span class='ocrx_word' id='word_1_101' title='bbox 526 1577 876 1649; x_wconf 88' lang='grc' dir='ltr'>παράκλησιν</span> <span class='ocrx_word' id='word_1_102' title='bbox 921 1577 1126 1649; x_wconf 87' lang='grc' dir='ltr'>ταύτην</span> <span class='ocrx_word' id='word_1_103' title='bbox 1155 1578 1371 1650; x_wconf 77' lang='grc' dir='ltr'>ἔχομεν.</span> <span class='ocrx_word' id='word_1_104' title='bbox 1406 1580 1593 1632; x_wconf 82' lang='grc' dir='ltr'>Εἰδυῖα</span> <span class='ocrx_word' id='word_1_105' title='bbox 1617 1579 1815 1645; x_wconf 85' lang='grc' dir='ltr'>τοίνυν,</span> 
     </span>
    </p>
   </div>
   <div class='ocr_carea' id='block_1_15' title="bbox 239 1669 1817 1745">
    <p class='ocr_par' dir='ltr' id='par_1_15' title="bbox 239 1669 1817 1745">
     <span class='ocr_line' id='line_1_15' title="bbox 239 1669 1817 1745; baseline 0.003 -23"><span class='ocrx_word' id='word_1_106' title='bbox 239 1669 498 1723; x_wconf 90' lang='grc' dir='ltr'>δέσποινά</span> <span class='ocrx_word' id='word_1_107' title='bbox 526 1686 627 1740; x_wconf 89' lang='grc' dir='ltr'>μου</span> <span class='ocrx_word' id='word_1_108' title='bbox 651 1672 953 1743; x_wconf 80' lang='grc' dir='ltr'>τιμιωτάτη</span> <span class='ocrx_word' id='word_1_109' title='bbox 989 1673 1083 1727; x_wconf 79' lang='grc' dir='ltr'>καὶ</span> <span class='ocrx_word' id='word_1_110' title='bbox 1110 1672 1499 1745; x_wconf 80' lang='grc' dir='ltr'>εὐλαϐεστάτη.</span> <span class='ocrx_word' id='word_1_111' title='bbox 1536 1674 1668 1744; x_wconf 84' lang='grc' dir='ltr'>ὅσην</span> <span class='ocrx_word' id='word_1_112' title='bbox 1696 1676 1817 1726; x_wconf 82' lang='grc' dir='ltr'>ἐπι-</span> 
     </span>
    </p>
   </div>
   <div class='ocr_carea' id='block_1_16' title="bbox 241 1761 1820 1837">
    <p class='ocr_par' dir='ltr' id='par_1_16' title="bbox 241 1761 1820 1837">
     <span class='ocr_line' id='line_1_16' title="bbox 241 1761 1820 1837; baseline 0.004 -23"><span class='ocrx_word' id='word_1_113' title='bbox 241 1761 443 1832; x_wconf 88' lang='grc' dir='ltr'>θυμίαν</span> <span class='ocrx_word' id='word_1_114' title='bbox 473 1762 668 1832; x_wconf 75' lang='grc' dir='ltr'>ἔχομεν</span> <span class='ocrx_word' id='word_1_115' title='bbox 696 1763 910 1827; x_wconf 88' lang='grc' dir='ltr'>τούτου,</span> <span class='ocrx_word' id='word_1_116' title='bbox 941 1764 1014 1836; x_wconf 82' lang='grc' dir='ltr'>μὴ</span> <span class='ocrx_word' id='word_1_117' title='bbox 1043 1766 1295 1837; x_wconf 80' lang='grc' dir='ltr'>διαλίπῃς</span> <span class='ocrx_word' id='word_1_118' title='bbox 1320 1766 1416 1837; x_wconf 85' lang='grc' dir='ltr'>τὴν</span> <span class='ocrx_word' id='word_1_119' title='bbox 1466 1766 1635 1836; x_wconf 63' lang='grc' dir='ltr'>καλὴν</span> <span class='ocrx_word' id='word_1_120' title='bbox 1687 1766 1820 1819; x_wconf 91' lang='grc' dir='ltr'>ταύ-</span> 
     </span>
    </p>
   </div>
   <div class='ocr_carea' id='block_1_17' title="bbox 237 1853 1820 1934">
    <p class='ocr_par' dir='ltr' id='par_1_17' title="bbox 237 1853 1820 1934">
     <span class='ocr_line' id='line_1_17' title="bbox 237 1853 1820 1934; baseline 0.003 -26"><span class='ocrx_word' id='word_1_121' title='bbox 237 1872 339 1925; x_wconf 90' lang='grc' dir='ltr'>την</span> <span class='ocrx_word' id='word_1_122' title='bbox 368 1856 501 1925; x_wconf 80' lang='grc' dir='ltr'>ἡμῖν</span> <span class='ocrx_word' id='word_1_123' title='bbox 535 1853 871 1927; x_wconf 77' lang='grc' dir='ltr'>χαριζομένη</span> <span class='ocrx_word' id='word_1_124' title='bbox 904 1857 1087 1927; x_wconf 80' lang='grc' dir='ltr'>χάριν.</span> <span class='ocrx_word' id='word_1_125' title='bbox 1125 1859 1236 1911; x_wconf 75' lang='grc' dir='ltr'>Καὶ</span> <span class='ocrx_word' id='word_1_126' title='bbox 1272 1857 1381 1929; x_wconf 86' lang='grc' dir='ltr'>γὰρ</span> <span class='ocrx_word' id='word_1_127' title='bbox 1411 1857 1597 1911; x_wconf 77' lang='grc' dir='ltr'>πολλοὶ</span> <span class='ocrx_word' id='word_1_128' title='bbox 1622 1858 1820 1934; x_wconf 86' lang='grc' dir='ltr'>πολλα-</span> 
     </span>
    </p>
   </div>
   <div class='ocr_carea' id='block_1_18' title="bbox 240 1942 1822 2017">
    <p class='ocr_par' dir='ltr' id='par_1_18' title="bbox 240 1942 1822 2017">
     <span class='ocr_line' id='line_1_18' title="bbox 240 1942 1822 2017; baseline 0.003 -20"><span class='ocrx_word' id='word_1_129' title='bbox 240 1945 397 2016; x_wconf 87' lang='grc' dir='ltr'>χόθεν</span> <span class='ocrx_word' id='word_1_130' title='bbox 444 1946 653 1999; x_wconf 87' lang='grc' dir='ltr'>ἐκεῖθεν</span> <span class='ocrx_word' id='word_1_131' title='bbox 682 1942 865 2017; x_wconf 80' lang='grc' dir='ltr'>ἦλθον.</span> <span class='ocrx_word' id='word_1_132' title='bbox 903 1947 1044 2000; x_wconf 84' lang='grc' dir='ltr'>Ἀλλ’</span> <span class='ocrx_word' id='word_1_133' title='bbox 1075 1948 1175 2000; x_wconf 83' lang='grc' dir='ltr'>οὐκ</span> <span class='ocrx_word' id='word_1_134' title='bbox 1206 1947 1422 2016; x_wconf 79' lang='grc' dir='ltr'>ἐγκαλῶ</span> <span class='ocrx_word' id='word_1_135' title='bbox 1453 1949 1675 2003; x_wconf 86' lang='grc' dir='ltr'>ἐκείνων</span> <span class='ocrx_word' id='word_1_136' title='bbox 1703 1949 1822 2002; x_wconf 80' lang='grc' dir='ltr'>’ἑνε-</span> 
     </span>
    </p>
   </div>
   <div class='ocr_carea' id='block_1_19' title="bbox 238 2037 1819 2114">
    <p class='ocr_par' dir='ltr' id='par_1_19' title="bbox 238 2037 1819 2114">
     <span class='ocr_line' id='line_1_19' title="bbox 238 2037 1819 2114; baseline 0.004 -23"><span class='ocrx_word' id='word_1_137' title='bbox 238 2054 352 2102; x_wconf 88' lang='grc' dir='ltr'>κεν,</span> <span class='ocrx_word' id='word_1_138' title='bbox 404 2037 495 2090; x_wconf 80' lang='grc' dir='ltr'>διὰ</span> <span class='ocrx_word' id='word_1_139' title='bbox 532 2038 585 2091; x_wconf 92' lang='grc' dir='ltr'>τί</span> <span class='ocrx_word' id='word_1_140' title='bbox 621 2039 696 2111; x_wconf 84' lang='grc' dir='ltr'>μὴ</span> <span class='ocrx_word' id='word_1_141' title='bbox 722 2039 1026 2110; x_wconf 89' lang='grc' dir='ltr'>γράμματα</span> <span class='ocrx_word' id='word_1_142' title='bbox 1073 2041 1203 2111; x_wconf 81' lang='grc' dir='ltr'>ἡμῖν</span> <span class='ocrx_word' id='word_1_143' title='bbox 1249 2041 1512 2111; x_wconf 77' lang='grc' dir='ltr'>ἐκόμισαν</span> <span class='ocrx_word' id='word_1_144' title='bbox 1543 2043 1693 2114; x_wconf 85' lang='grc' dir='ltr'>παρά</span> <span class='ocrx_word' id='word_1_145' title='bbox 1721 2046 1819 2113; x_wconf 83' lang='grc' dir='ltr'>τῆς</span> 
     </span>
    </p>
   </div>
   <div class='ocr_carea' id='block_1_20' title="bbox 240 2128 1818 2206">
    <p class='ocr_par' dir='ltr' id='par_1_20' title="bbox 240 2128 1818 2206">
     <span class='ocr_line' id='line_1_20' title="bbox 240 2128 1818 2206; baseline 0.006 -27"><span class='ocrx_word' id='word_1_146' title='bbox 240 2128 340 2194; x_wconf 82' lang='grc' dir='ltr'>σῆς</span> <span class='ocrx_word' id='word_1_147' title='bbox 366 2128 725 2200; x_wconf 89' lang='grc' dir='ltr'>κοσμιότητος</span> <span class='ocrx_word' id='word_1_148' title='bbox 743 2145 759 2161; x_wconf 73' lang='grc' dir='ltr'><strong>ο</strong></span> <span class='ocrx_word' id='word_1_149' title='bbox 790 2129 937 2193; x_wconf 86' lang='grc' dir='ltr'>είκὺς</span> <span class='ocrx_word' id='word_1_150' title='bbox 973 2128 1083 2201; x_wconf 82' lang='grc' dir='ltr'>γὰρ</span> <span class='ocrx_word' id='word_1_151' title='bbox 1112 2132 1309 2195; x_wconf 82' lang='grc' dir='ltr'>αὐτοὺς</span> <span class='ocrx_word' id='word_1_152' title='bbox 1333 2132 1643 2200; x_wconf 77' lang='grc' dir='ltr'>ἀγνοεῖσθαι</span> <span class='ocrx_word' id='word_1_153' title='bbox 1667 2134 1818 2206; x_wconf 86' lang='grc' dir='ltr'>παρά</span> 
     </span>
    </p>
   </div>
   <div class='ocr_carea' id='block_1_21' title="bbox 235 2214 1819 2295">
    <p class='ocr_par' dir='ltr' id='par_1_21' title="bbox 235 2214 1819 2295">
     <span class='ocr_line' id='line_1_21' title="bbox 235 2214 1819 2295; baseline 0.006 -25"><span class='ocrx_word' id='word_1_154' title='bbox 235 2218 335 2290; x_wconf 86' lang='grc' dir='ltr'>τῆς</span> <span class='ocrx_word' id='word_1_155' title='bbox 355 2218 642 2284; x_wconf 76' lang='grc' dir='ltr'>εὐλαὸείας</span> <span class='ocrx_word' id='word_1_156' title='bbox 673 2220 773 2292; x_wconf 89' lang='grc' dir='ltr'>τῆς</span> <span class='ocrx_word' id='word_1_157' title='bbox 796 2214 915 2290; x_wconf 74' lang='grc' dir='ltr'>σῆς.</span> <span class='ocrx_word' id='word_1_158' title='bbox 946 2221 1060 2274; x_wconf 94' lang='grc' dir='ltr'>Νῦν</span> <span class='ocrx_word' id='word_1_159' title='bbox 1090 2221 1274 2293; x_wconf 86' lang='grc' dir='ltr'>μέντοι</span> <span class='ocrx_word' id='word_1_160' title='bbox 1303 2224 1390 2276; x_wconf 84' lang='grc' dir='ltr'>ὅτε</span> <span class='ocrx_word' id='word_1_161' title='bbox 1424 2223 1552 2295; x_wconf 84' lang='grc' dir='ltr'>ἐξῆν</span> <span class='ocrx_word' id='word_1_162' title='bbox 1581 2225 1698 2294; x_wconf 85' lang='grc' dir='ltr'>μετ’</span> <span class='ocrx_word' id='word_1_163' title='bbox 1725 2227 1819 2279; x_wconf 80' lang='grc' dir='ltr'>εὐ-</span> 
     </span>
    </p>
   </div>
   <div class='ocr_carea' id='block_1_22' title="bbox 237 2312 1818 2384">
    <p class='ocr_par' dir='ltr' id='par_1_22' title="bbox 237 2312 1818 2384">
     <span class='ocr_line' id='line_1_22' title="bbox 237 2312 1818 2384; baseline 0.001 -18"><span class='ocrx_word' id='word_1_164' title='bbox 237 2312 431 2375; x_wconf 88' lang='grc' dir='ltr'>κολίας</span> <span class='ocrx_word' id='word_1_165' title='bbox 469 2313 652 2384; x_wconf 85' lang='grc' dir='ltr'>πάσης</span> <span class='ocrx_word' id='word_1_166' title='bbox 694 2312 1018 2376; x_wconf 85' lang='grc' dir='ltr'>ἐπιστεῖλαι,</span> <span class='ocrx_word' id='word_1_167' title='bbox 1053 2314 1147 2366; x_wconf 78' lang='grc' dir='ltr'>καὶ</span> <span class='ocrx_word' id='word_1_168' title='bbox 1186 2313 1421 2383; x_wconf 80' lang='grc' dir='ltr'>μάλιστα</span> <span class='ocrx_word' id='word_1_169' title='bbox 1442 2314 1698 2369; x_wconf 86' lang='grc' dir='ltr'>τοιούτων</span> <span class='ocrx_word' id='word_1_170' title='bbox 1727 2332 1818 2384; x_wconf 92' lang='grc' dir='ltr'>γε-</span> 
     </span>
    </p>
   </div>
   <div class='ocr_carea' id='block_1_23' title="bbox 233 2401 1819 2475">
    <p class='ocr_par' dir='ltr' id='par_1_23' title="bbox 233 2401 1819 2475">
     <span class='ocr_line' id='line_1_23' title="bbox 233 2401 1819 2475; baseline 0.001 -18"><span class='ocrx_word' id='word_1_171' title='bbox 233 2402 554 2474; x_wconf 89' lang='grc' dir='ltr'>γενημένων</span> <span class='ocrx_word' id='word_1_172' title='bbox 580 2401 785 2465; x_wconf 88' lang='grc' dir='ltr'>αὐτόθι,</span> <span class='ocrx_word' id='word_1_173' title='bbox 811 2402 1023 2474; x_wconf 67' lang='grc' dir='ltr'>σφόδρα</span> <span class='ocrx_word' id='word_1_174' title='bbox 1033 2401 1339 2473; x_wconf 84' lang='grc' dir='ltr'>ἐπεθύμουν</span> <span class='ocrx_word' id='word_1_175' title='bbox 1368 2402 1620 2467; x_wconf 81' lang='grc' dir='ltr'>δέξασθαι</span> <span class='ocrx_word' id='word_1_176' title='bbox 1640 2405 1819 2475; x_wconf 88' lang='grc' dir='ltr'>γράμ-</span> 
     </span>
    </p>
   </div>
   <div class='ocr_carea' id='block_1_24' title="bbox 235 2493 1818 2569">
    <p class='ocr_par' dir='ltr' id='par_1_24' title="bbox 235 2493 1818 2569">
     <span class='ocr_line' id='line_1_24' title="bbox 235 2493 1818 2569; baseline 0.001 -20"><span class='ocrx_word' id='word_1_177' title='bbox 235 2513 404 2569; x_wconf 88' lang='grc' dir='ltr'>ματα.</span> <span class='ocrx_word' id='word_1_178' title='bbox 442 2494 771 2563; x_wconf 83' lang='grc' dir='ltr'>Ἀνάκτησαι</span> <span class='ocrx_word' id='word_1_179' title='bbox 798 2493 975 2547; x_wconf 85' lang='grc' dir='ltr'>τοίνυν</span> <span class='ocrx_word' id='word_1_180' title='bbox 1006 2494 1068 2547; x_wconf 85' lang='grc' dir='ltr'>τὸ</span> <span class='ocrx_word' id='word_1_181' title='bbox 1095 2496 1152 2547; x_wconf 87' lang='grc' dir='ltr'>ἐν</span> <span class='ocrx_word' id='word_1_182' title='bbox 1178 2493 1256 2566; x_wconf 82' lang='grc' dir='ltr'>τῷ</span> <span class='ocrx_word' id='word_1_183' title='bbox 1286 2494 1606 2565; x_wconf 84' lang='grc' dir='ltr'>παρελθόντι</span> <span class='ocrx_word' id='word_1_184' title='bbox 1641 2497 1818 2569; x_wconf 84' lang='grc' dir='ltr'>χρόνῳ</span> 
     </span>
    </p>
   </div>
   <div class='ocr_carea' id='block_1_25' title="bbox 235 2585 1818 2660">
    <p class='ocr_par' dir='ltr' id='par_1_25' title="bbox 235 2585 1818 2660">
     <span class='ocr_line' id='line_1_25' title="bbox 235 2585 1818 2660; baseline 0.002 -20"><span class='ocrx_word' id='word_1_185' title='bbox 235 2585 574 2660; x_wconf 77' lang='grc' dir='ltr'>ῥᾳθυμηθέν,</span> <span class='ocrx_word' id='word_1_186' title='bbox 620 2585 716 2640; x_wconf 68' lang='grc' dir='ltr'>καὶ</span> <span class='ocrx_word' id='word_1_187' title='bbox 744 2585 1065 2656; x_wconf 89' lang='grc' dir='ltr'>πυκνότητι,</span> <span class='ocrx_word' id='word_1_188' title='bbox 1098 2586 1192 2640; x_wconf 69' lang='grc' dir='ltr'>καὶ</span> <span class='ocrx_word' id='word_1_189' title='bbox 1229 2587 1409 2654; x_wconf 79' lang='grc' dir='ltr'>νιφάδι</span> <span class='ocrx_word' id='word_1_190' title='bbox 1438 2588 1737 2642; x_wconf 82' lang='grc' dir='ltr'>ἐπιστολῶν</span> <span class='ocrx_word' id='word_1_191' title='bbox 1756 2590 1818 2643; x_wconf 88' lang='grc' dir='ltr'>τὸ</span> 
     </span>
    </p>
   </div>
   <div class='ocr_carea' id='block_1_26' title="bbox 234 2678 1637 2752">
    <p class='ocr_par' dir='ltr' id='par_1_26' title="bbox 234 2678 1637 2752">
     <span class='ocr_line' id='line_1_26' title="bbox 234 2678 1637 2752; baseline 0.001 -19"><span class='ocrx_word' id='word_1_192' title='bbox 234 2680 410 2752; x_wconf 80' lang='grc' dir='ltr'>μῆκος</span> <span class='ocrx_word' id='word_1_193' title='bbox 434 2679 534 2750; x_wconf 90' lang='grc' dir='ltr'>τῆς</span> <span class='ocrx_word' id='word_1_194' title='bbox 554 2678 863 2750; x_wconf 77' lang='grc' dir='ltr'>ἔμπροσθεν</span> <span class='ocrx_word' id='word_1_195' title='bbox 893 2680 1022 2750; x_wconf 78' lang='grc' dir='ltr'>ἡμῖν</span> <span class='ocrx_word' id='word_1_196' title='bbox 1041 2678 1433 2751; x_wconf 89' lang='grc' dir='ltr'>παραμύθησαι</span> <span class='ocrx_word' id='word_1_197' title='bbox 1458 2680 1637 2750; x_wconf 86' lang='grc' dir='ltr'>σιγῆς.</span> 
     </span>
    </p>
   </div>
   <div class='ocr_carea' id='block_1_27' title="bbox 648 2770 1416 2838">
    <p class='ocr_par' dir='ltr' id='par_1_27' title="bbox 648 2770 1416 2838">
     <span class='ocr_line' id='line_1_27' title="bbox 648 2770 1416 2838; baseline 0.001 -14"><span class='ocrx_word' id='word_1_198' title='bbox 648 2773 771 2825; x_wconf 78' lang='grc' dir='ltr'>ΡΔ¹⁸</span> <span class='ocrx_word' id='word_1_199' title='bbox 811 2770 1107 2837; x_wconf 78' lang='grc' dir='ltr'>Πενταδίᾳ</span> <span class='ocrx_word' id='word_1_200' title='bbox 1140 2770 1416 2838; x_wconf 82' lang='grc' dir='ltr'>διακόνῳ.</span> 
     </span>
    </p>
   </div>
   <div class='ocr_carea' id='block_1_28' title="bbox 299 2861 1818 2934">
    <p class='ocr_par' dir='ltr' id='par_1_28' title="bbox 299 2861 1818 2934">
     <span class='ocr_line' id='line_1_28' title="bbox 299 2861 1818 2934; baseline 0.001 -18"><span class='ocrx_word' id='word_1_201' title='bbox 299 2862 426 2917; x_wconf 88' lang='grc' dir='ltr'>Τῶν</span> <span class='ocrx_word' id='word_1_202' title='bbox 457 2862 555 2932; x_wconf 84' lang='grc' dir='ltr'>μὲν</span> <span class='ocrx_word' id='word_1_203' title='bbox 589 2861 871 2931; x_wconf 86' lang='grc' dir='ltr'>στεφάνων</span> <span class='ocrx_word' id='word_1_204' title='bbox 893 2878 948 2913; x_wconf 90' lang='grc' dir='ltr'>σε</span> <span class='ocrx_word' id='word_1_205' title='bbox 989 2862 1299 2932; x_wconf 78' lang='grc' dir='ltr'>μακαρίζω,</span> <span class='ocrx_word' id='word_1_206' title='bbox 1329 2861 1422 2926; x_wconf 81' lang='grc' dir='ltr'>οὓς</span> <span class='ocrx_word' id='word_1_207' title='bbox 1455 2862 1699 2934; x_wconf 88' lang='grc' dir='ltr'>ἀνεδήσω</span> <span class='ocrx_word' id='word_1_208' title='bbox 1721 2864 1818 2918; x_wconf 75' lang='grc' dir='ltr'>καὶ</span> 
     </span>
    </p>
   </div>
   <div class='ocr_carea' id='block_1_29' title="bbox 225 2951 1817 3024">
    <p class='ocr_par' dir='ltr' id='par_1_29' title="bbox 225 2951 1817 3024">
     <span class='ocr_line' id='line_1_29' title="bbox 225 2951 1817 3024; baseline 0 -17"><span class='ocrx_word' id='word_1_209' title='bbox 225 2952 350 3016; x_wconf 85' lang='grc' dir='ltr'>νῦν,</span> <span class='ocrx_word' id='word_1_210' title='bbox 377 2952 464 3005; x_wconf 85' lang='grc' dir='ltr'>διὰ</span> <span class='ocrx_word' id='word_1_211' title='bbox 485 2953 584 3023; x_wconf 88' lang='grc' dir='ltr'>τῆς</span> <span class='ocrx_word' id='word_1_212' title='bbox 608 2951 862 3023; x_wconf 85' lang='grc' dir='ltr'>ἀνδρείας</span> <span class='ocrx_word' id='word_1_213' title='bbox 886 2952 1064 3004; x_wconf 86' lang='grc' dir='ltr'>πάντα</span> <span class='ocrx_word' id='word_1_214' title='bbox 1086 2952 1314 3022; x_wconf 81' lang='grc' dir='ltr'>ἑλομένη</span> <span class='ocrx_word' id='word_1_215' title='bbox 1340 2952 1534 3007; x_wconf 83' lang='grc' dir='ltr'>παθεῖν</span> <span class='ocrx_word' id='word_1_216' title='bbox 1552 2954 1694 3024; x_wconf 83' lang='grc' dir='ltr'>ὑπὲρ</span> <span class='ocrx_word' id='word_1_217' title='bbox 1716 2956 1817 3024; x_wconf 88' lang='grc' dir='ltr'>τῆς</span> 
     </span>
    </p>
   </div>
   <div class='ocr_carea' id='block_1_30' title="bbox 228 3041 1813 3115">
    <p class='ocr_par' dir='ltr' id='par_1_30' title="bbox 228 3041 1813 3115">
     <span class='ocr_line' id='line_1_30' title="bbox 228 3041 1813 3115; baseline 0.001 -17"><span class='ocrx_word' id='word_1_218' title='bbox 228 3042 510 3115; x_wconf 87' lang='grc' dir='ltr'>ἀληθείας.</span> <span class='ocrx_word' id='word_1_219' title='bbox 539 3041 638 3095; x_wconf 88' lang='grc' dir='ltr'>Διά</span> <span class='ocrx_word' id='word_1_220' title='bbox 660 3041 821 3095; x_wconf 84' lang='grc' dir='ltr'>τοῦτο</span> <span class='ocrx_word' id='word_1_221' title='bbox 842 3044 937 3094; x_wconf 78' lang='grc' dir='ltr'>καὶ</span> <span class='ocrx_word' id='word_1_222' title='bbox 965 3042 1057 3095; x_wconf 83' lang='grc' dir='ltr'>τὸν</span> <span class='ocrx_word' id='word_1_223' title='bbox 1090 3042 1220 3094; x_wconf 83' lang='grc' dir='ltr'>Θεὸν</span> <span class='ocrx_word' id='word_1_224' title='bbox 1256 3043 1699 3115; x_wconf 79' lang='grc' dir='ltr'>ύπερασπίζοντά</span> <span class='ocrx_word' id='word_1_225' title='bbox 1721 3063 1813 3099; x_wconf 91' lang='grc' dir='ltr'>σου</span> 
     </span>
    </p>
   </div>
   <div class='ocr_carea' id='block_1_31' title="bbox 226 3135 1816 3208">
    <p class='ocr_par' dir='ltr' id='par_1_31' title="bbox 226 3135 1816 3208">
     <span class='ocr_line' id='line_1_31' title="bbox 226 3135 1816 3208; baseline -0.004 -18"><span class='ocrx_word' id='word_1_226' title='bbox 226 3138 376 3208; x_wconf 74' lang='grc' dir='ltr'>ἔχεις</span> <span class='ocrx_word' id='word_1_227' title='bbox 407 3136 544 3207; x_wconf 86' lang='grc' dir='ltr'>μετά</span> <span class='ocrx_word' id='word_1_228' title='bbox 564 3135 763 3206; x_wconf 87' lang='grc' dir='ltr'>πολλῆς</span> <span class='ocrx_word' id='word_1_229' title='bbox 782 3135 883 3205; x_wconf 87' lang='grc' dir='ltr'>τῆς</span> <span class='ocrx_word' id='word_1_230' title='bbox 916 3135 1300 3207; x_wconf 82' lang='grc' dir='ltr'>σφοδρότητος.</span> <span class='ocrx_word' id='word_1_231' title='bbox 1325 3136 1474 3203; x_wconf 86' lang='grc' dir='ltr'>Ἕως</span> <span class='ocrx_word' id='word_1_232' title='bbox 1494 3138 1605 3207; x_wconf 81' lang='grc' dir='ltr'>γὰρ</span> <span class='ocrx_word' id='word_1_233' title='bbox 1635 3140 1816 3194; x_wconf 78' lang='grc' dir='ltr'>θανά-</span> 
     </span>
    </p>
   </div>
   <div class='ocr_carea' id='block_1_32' title="bbox 227 3226 1817 3300">
    <p class='ocr_par' dir='ltr' id='par_1_32' title="bbox 227 3226 1817 3300">
     <span class='ocr_line' id='line_1_32' title="bbox 227 3226 1817 3300; baseline 0.003 -18"><span class='ocrx_word' id='word_1_234' title='bbox 227 3247 362 3293; x_wconf 75' lang='grc' dir='ltr'>του,</span> <span class='ocrx_word' id='word_1_235' title='bbox 398 3229 584 3300; x_wconf 73' lang='grc' dir='ltr'>φησὶν,</span> <span class='ocrx_word' id='word_1_236' title='bbox 611 3227 898 3298; x_wconf 72' lang='grc' dir='ltr'>ἀγώνισαι</span> <span class='ocrx_word' id='word_1_237' title='bbox 933 3227 1086 3297; x_wconf 83' lang='grc' dir='ltr'>ὑπὲρ</span> <span class='ocrx_word' id='word_1_238' title='bbox 1131 3226 1241 3298; x_wconf 81' lang='grc' dir='ltr'>τῆς</span> <span class='ocrx_word' id='word_1_239' title='bbox 1294 3229 1604 3298; x_wconf 76' lang='grc' dir='ltr'>ἀληθείας,</span> <span class='ocrx_word' id='word_1_240' title='bbox 1648 3234 1747 3287; x_wconf 80' lang='grc' dir='ltr'>καὶ</span> <span class='ocrx_word' id='word_1_241' title='bbox 1782 3236 1817 3287; x_wconf 85' lang='grc' dir='ltr'><em>ὁ</em></span> 
     </span>
    </p>
   </div>
   <div class='ocr_carea' id='block_1_33' title="bbox 229 3319 1816 3393">
    <p class='ocr_par' dir='ltr' id='par_1_33' title="bbox 229 3319 1816 3393">
     <span class='ocr_line' id='line_1_33' title="bbox 229 3319 1816 3393; baseline 0.003 -17"><span class='ocrx_word' id='word_1_242' title='bbox 229 3323 447 3390; x_wconf 80' lang='grc' dir='ltr'>Κύριος</span> <span class='ocrx_word' id='word_1_243' title='bbox 479 3320 811 3392; x_wconf 45' lang='grc' dir='ltr'>πολεμήσει</span> <span class='ocrx_word' id='word_1_244' title='bbox 861 3319 1014 3387; x_wconf 78' lang='grc' dir='ltr'>ὑπὲρ</span> <span class='ocrx_word' id='word_1_245' title='bbox 1065 3320 1203 3375; x_wconf 84' lang='grc' dir='ltr'>σοῦ.</span> <span class='ocrx_word' id='word_1_246' title='bbox 1252 3321 1433 3393; x_wconf 77' lang='grc' dir='ltr'>Ὅπερ</span> <span class='ocrx_word' id='word_1_247' title='bbox 1477 3324 1572 3376; x_wconf 73' lang='grc' dir='ltr'>καὶ</span> <span class='ocrx_word' id='word_1_248' title='bbox 1604 3325 1816 3393; x_wconf 86' lang='grc' dir='ltr'>γέγονε.</span> 
     </span>
    </p>
   </div>
   <div class='ocr_carea' id='block_1_34' title="bbox 224 3411 1815 3485">
    <p class='ocr_par' dir='ltr' id='par_1_34' title="bbox 224 3411 1815 3485">
     <span class='ocr_line' id='line_1_34' title="bbox 224 3411 1815 3485; baseline 0.003 -17"><span class='ocrx_word' id='word_1_249' title='bbox 224 3416 411 3484; x_wconf 81' lang='grc' dir='ltr'>Μέχρι</span> <span class='ocrx_word' id='word_1_250' title='bbox 464 3413 571 3485; x_wconf 84' lang='grc' dir='ltr'>γὰρ</span> <span class='ocrx_word' id='word_1_251' title='bbox 609 3411 862 3466; x_wconf 87' lang='grc' dir='ltr'>τοσούτου</span> <span class='ocrx_word' id='word_1_252' title='bbox 916 3411 1200 3484; x_wconf 77' lang='grc' dir='ltr'>δραμοῦσα</span> <span class='ocrx_word' id='word_1_253' title='bbox 1257 3413 1349 3467; x_wconf 82' lang='grc' dir='ltr'>τὸν</span> <span class='ocrx_word' id='word_1_254' title='bbox 1413 3415 1576 3469; x_wconf 86' lang='grc' dir='ltr'>καλὸν</span> <span class='ocrx_word' id='word_1_255' title='bbox 1628 3418 1815 3472; x_wconf 88' lang='grc' dir='ltr'>τοῦτον</span> 
     </span>
    </p>
   </div>
   <div class='ocr_carea' id='block_1_35' title="bbox 225 3502 1813 3577">
    <p class='ocr_par' dir='ltr' id='par_1_35' title="bbox 225 3502 1813 3577">
     <span class='ocr_line' id='line_1_35' title="bbox 225 3502 1813 3577; baseline 0.004 -19"><span class='ocrx_word' id='word_1_256' title='bbox 225 3503 445 3574; x_wconf 85' lang='grc' dir='ltr'>ἀγῶνα,</span> <span class='ocrx_word' id='word_1_257' title='bbox 489 3502 662 3557; x_wconf 88' lang='grc' dir='ltr'>πολλά</span> <span class='ocrx_word' id='word_1_258' title='bbox 690 3503 898 3557; x_wconf 81' lang='grc' dir='ltr'>ἀνωθεν</span> <span class='ocrx_word' id='word_1_259' title='bbox 926 3504 1225 3559; x_wconf 88' lang='grc' dir='ltr'>ἐπεσπάσω</span> <span class='ocrx_word' id='word_1_260' title='bbox 1240 3506 1307 3559; x_wconf 89' lang='grc' dir='ltr'>τά</span> <span class='ocrx_word' id='word_1_261' title='bbox 1345 3505 1574 3577; x_wconf 73' lang='grc' dir='ltr'>βραδεῖα</span> <span class='ocrx_word' id='word_1_262' title='bbox 1591 3526 1603 3540; x_wconf 88' lang='grc'><strong>·</strong></span> <span class='ocrx_word' id='word_1_263' title='bbox 1624 3509 1813 3563; x_wconf 85' lang='grc' dir='ltr'>τούτου</span> 
     </span>
    </p>
   </div>
   <div class='ocr_carea' id='block_1_36' title="bbox 228 3590 1814 3675">
    <p class='ocr_par' dir='ltr' id='par_1_36' title="bbox 228 3590 1814 3675">
     <span class='ocr_line' id='line_1_36' title="bbox 228 3590 1814 3675; baseline 0.005 -28"><span class='ocrx_word' id='word_1_264' title='bbox 228 3597 335 3668; x_wconf 87' lang='grc' dir='ltr'>μὲν</span> <span class='ocrx_word' id='word_1_265' title='bbox 356 3590 448 3649; x_wconf 87' lang='grc' dir='ltr'>οῦν</span> <span class='ocrx_word' id='word_1_266' title='bbox 475 3595 661 3648; x_wconf 70' lang='grc' dir='ltr'>ἕνεκεν</span> <span class='ocrx_word' id='word_1_267' title='bbox 682 3594 882 3666; x_wconf 88' lang='grc' dir='ltr'>χαίρω.</span> <span class='ocrx_word' id='word_1_268' title='bbox 931 3596 1148 3668; x_wconf 81' lang='grc' dir='ltr'>Ἐπειδὴ</span> <span class='ocrx_word' id='word_1_269' title='bbox 1177 3597 1232 3651; x_wconf 84' lang='grc' dir='ltr'>δὲ</span> <span class='ocrx_word' id='word_1_270' title='bbox 1250 3599 1444 3666; x_wconf 82' lang='grc' dir='ltr'>ἔγνων,</span> <span class='ocrx_word' id='word_1_271' title='bbox 1472 3600 1553 3653; x_wconf 83' lang='grc' dir='ltr'>δτι</span> <span class='ocrx_word' id='word_1_272' title='bbox 1587 3600 1814 3675; x_wconf 81' lang='grc' dir='ltr'>βουλεύῃ</span> 
     </span>
    </p>
   </div>
   <div class='ocr_carea' id='block_1_37' title="bbox 223 3686 1815 3765">
    <p class='ocr_par' dir='ltr' id='par_1_37' title="bbox 223 3686 1815 3765">
     <span class='ocr_line' id='line_1_37' title="bbox 223 3686 1815 3765; baseline 0.003 -22"><span class='ocrx_word' id='word_1_273' title='bbox 223 3689 363 3760; x_wconf 76' lang='grc' dir='ltr'>περὶ</span> <span class='ocrx_word' id='word_1_274' title='bbox 388 3686 715 3759; x_wconf 87' lang='grc' dir='ltr'>ἀποδημίας,</span> <span class='ocrx_word' id='word_1_275' title='bbox 732 3688 825 3742; x_wconf 76' lang='grc' dir='ltr'>καὶ</span> <span class='ocrx_word' id='word_1_276' title='bbox 848 3689 1182 3760; x_wconf 83' lang='grc' dir='ltr'>μεταστῆναι</span> <span class='ocrx_word' id='word_1_277' title='bbox 1199 3690 1408 3744; x_wconf 87' lang='grc' dir='ltr'>ἐκεῖθεν</span> <span class='ocrx_word' id='word_1_278' title='bbox 1423 3691 1621 3760; x_wconf 86' lang='grc' dir='ltr'>βούλει,</span> <span class='ocrx_word' id='word_1_279' title='bbox 1638 3711 1815 3765; x_wconf 87' lang='grc' dir='ltr'>παρα-</span> 
     </span>
    </p>
   </div>
   <div class='ocr_carea' id='block_1_38' title="bbox 224 3780 1812 3855">
    <p class='ocr_par' dir='ltr' id='par_1_38' title="bbox 224 3780 1812 3855">
     <span class='ocr_line' id='line_1_38' title="bbox 224 3780 1812 3855; baseline 0.002 -19"><span class='ocrx_word' id='word_1_280' title='bbox 224 3780 386 3836; x_wconf 85' lang='grc' dir='ltr'>καλῶ</span> <span class='ocrx_word' id='word_1_281' title='bbox 434 3797 528 3834; x_wconf 92' lang='grc' dir='ltr'>σου</span> <span class='ocrx_word' id='word_1_282' title='bbox 571 3781 671 3851; x_wconf 80' lang='grc' dir='ltr'>τὴν</span> <span class='ocrx_word' id='word_1_283' title='bbox 716 3782 1007 3852; x_wconf 89' lang='grc' dir='ltr'>τιμιότητα</span> <span class='ocrx_word' id='word_1_284' title='bbox 1062 3783 1231 3853; x_wconf 87' lang='grc' dir='ltr'>μηδὲν</span> <span class='ocrx_word' id='word_1_285' title='bbox 1272 3783 1515 3839; x_wconf 87' lang='grc' dir='ltr'>τοιοῦτον</span> <span class='ocrx_word' id='word_1_286' title='bbox 1558 3786 1812 3855; x_wconf 90' lang='grc' dir='ltr'>ἐννοῆσαι</span> 
     </span>
    </p>
   </div>
   <div class='ocr_carea' id='block_1_39' title="bbox 224 3870 1813 3944">
    <p class='ocr_par' dir='ltr' id='par_1_39' title="bbox 224 3870 1813 3944">
     <span class='ocr_line' id='line_1_39' title="bbox 224 3870 1813 3944; baseline 0.005 -22"><span class='ocrx_word' id='word_1_287' title='bbox 224 3871 369 3943; x_wconf 76' lang='grc' dir='ltr'>μηδὲ</span> <span class='ocrx_word' id='word_1_288' title='bbox 418 3870 830 3940; x_wconf 89' lang='grc' dir='ltr'>βουλεύσασθαι.</span> <span class='ocrx_word' id='word_1_289' title='bbox 869 3872 1092 3944; x_wconf 87' lang='grc' dir='ltr'>Πρῶτον</span> <span class='ocrx_word' id='word_1_290' title='bbox 1134 3875 1230 3943; x_wconf 87' lang='grc' dir='ltr'>μὲν</span> <span class='ocrx_word' id='word_1_291' title='bbox 1261 3875 1329 3928; x_wconf 84' lang='grc' dir='ltr'>δι’</span> <span class='ocrx_word' id='word_1_292' title='bbox 1358 3875 1489 3928; x_wconf 83' lang='grc' dir='ltr'>αὐτὸ</span> <span class='ocrx_word' id='word_1_293' title='bbox 1533 3875 1707 3939; x_wconf 88' lang='grc' dir='ltr'>τοῦτο,</span> <span class='ocrx_word' id='word_1_294' title='bbox 1731 3878 1813 3930; x_wconf 83' lang='grc' dir='ltr'>ὅτι</span> 
     </span>
    </p>
   </div>
   <div class='ocr_carea' id='block_1_40' title="bbox 218 3960 1812 4039">
    <p class='ocr_par' dir='ltr' id='par_1_40' title="bbox 218 3960 1812 4039">
     <span class='ocr_line' id='line_1_40' title="bbox 218 3960 1812 4039; baseline 0.003 -22"><span class='ocrx_word' id='word_1_295' title='bbox 218 3964 289 4033; x_wconf 84' lang='grc' dir='ltr'>δὴ</span> <span class='ocrx_word' id='word_1_296' title='bbox 322 3966 603 4035; x_wconf 77' lang='grc' dir='ltr'>στήριγμα</span> <span class='ocrx_word' id='word_1_297' title='bbox 631 3965 729 4033; x_wconf 92' lang='grc' dir='ltr'>τῆς</span> <span class='ocrx_word' id='word_1_298' title='bbox 761 3964 969 4028; x_wconf 88' lang='grc' dir='ltr'>πόλεως</span> <span class='ocrx_word' id='word_1_299' title='bbox 1003 3960 1054 4017; x_wconf 80' lang='grc' dir='ltr'>εἶ</span> <span class='ocrx_word' id='word_1_300' title='bbox 1095 3965 1196 4035; x_wconf 82' lang='grc' dir='ltr'>τῆς</span> <span class='ocrx_word' id='word_1_301' title='bbox 1248 3964 1461 4030; x_wconf 83' lang='grc' dir='ltr'>αὐτόθι,</span> <span class='ocrx_word' id='word_1_302' title='bbox 1508 3967 1604 4021; x_wconf 75' lang='grc' dir='ltr'>καὶ</span> <span class='ocrx_word' id='word_1_303' title='bbox 1646 3967 1812 4039; x_wconf 82' lang='grc' dir='ltr'>λιμὴν</span> 
     </span>
    </p>
   </div>
   <div class='ocr_carea' id='block_1_41' title="bbox 216 4056 1812 4130">
    <p class='ocr_par' dir='ltr' id='par_1_41' title="bbox 216 4056 1812 4130">
     <span class='ocr_line' id='line_1_41' title="bbox 216 4056 1812 4130; baseline 0.002 -19"><span class='ocrx_word' id='word_1_304' title='bbox 216 4059 415 4130; x_wconf 81' lang='grc' dir='ltr'>εὐρὺς.</span> <span class='ocrx_word' id='word_1_305' title='bbox 467 4059 562 4111; x_wconf 79' lang='grc' dir='ltr'>καὶ</span> <span class='ocrx_word' id='word_1_306' title='bbox 610 4056 901 4128; x_wconf 81' lang='grc' dir='ltr'>βακτηρία,</span> <span class='ocrx_word' id='word_1_307' title='bbox 934 4060 1028 4111; x_wconf 77' lang='grc' dir='ltr'>καὶ</span> <span class='ocrx_word' id='word_1_308' title='bbox 1081 4061 1257 4129; x_wconf 85' lang='grc' dir='ltr'>τεῖχος</span> <span class='ocrx_word' id='word_1_309' title='bbox 1302 4059 1542 4129; x_wconf 85' lang='grc' dir='ltr'>ἀσφαλὲς</span> <span class='ocrx_word' id='word_1_310' title='bbox 1568 4064 1680 4123; x_wconf 81' lang='grc' dir='ltr'>τοῖς</span> <span class='ocrx_word' id='word_1_311' title='bbox 1713 4077 1812 4114; x_wconf 81' lang='grc' dir='ltr'>κα·</span> 
     </span>
    </p>
   </div>
   <div class='ocr_carea' id='block_1_42' title="bbox 213 4147 1811 4221">
    <p class='ocr_par' dir='ltr' id='par_1_42' title="bbox 213 4147 1811 4221">
     <span class='ocr_line' id='line_1_42' title="bbox 213 4147 1811 4221; baseline 0.001 -20"><span class='ocrx_word' id='word_1_312' title='bbox 213 4148 676 4218; x_wconf 79' lang='grc' dir='ltr'>ταπονουμένοις.</span> <span class='ocrx_word' id='word_1_313' title='bbox 738 4147 891 4218; x_wconf 83' lang='grc' dir='ltr'>Μηδὲ</span> <span class='ocrx_word' id='word_1_314' title='bbox 941 4148 1212 4220; x_wconf 85' lang='grc' dir='ltr'>τοσαύτην</span> <span class='ocrx_word' id='word_1_315' title='bbox 1274 4150 1385 4202; x_wconf 85' lang='grc' dir='ltr'>ἀπὺ</span> <span class='ocrx_word' id='word_1_316' title='bbox 1437 4150 1549 4203; x_wconf 85' lang='grc' dir='ltr'>τῶν</span> <span class='ocrx_word' id='word_1_317' title='bbox 1611 4150 1811 4221; x_wconf 81' lang='grc' dir='ltr'>χειρῶν</span> 
     </span>
    </p>
   </div>
   <div class='ocr_carea' id='block_1_43' title="bbox 214 4237 1805 4313">
    <p class='ocr_par' dir='ltr' id='par_1_43' title="bbox 214 4237 1805 4313">
     <span class='ocr_line' id='line_1_43' title="bbox 214 4237 1805 4313; baseline 0.003 -22"><span class='ocrx_word' id='word_1_318' title='bbox 214 4239 500 4309; x_wconf 75' lang='grc' dir='ltr'>ἐμπορίαν</span> <span class='ocrx_word' id='word_1_319' title='bbox 544 4237 727 4309; x_wconf 73' lang='grc' dir='ltr'>ῥίψῃς,</span> <span class='ocrx_word' id='word_1_320' title='bbox 757 4238 895 4308; x_wconf 86' lang='grc' dir='ltr'>μηδὲ</span> <span class='ocrx_word' id='word_1_321' title='bbox 921 4238 1173 4292; x_wconf 88' lang='grc' dir='ltr'>τοσοῦτον</span> <span class='ocrx_word' id='word_1_322' title='bbox 1200 4240 1343 4313; x_wconf 84' lang='grc' dir='ltr'>πρόῃ</span> <span class='ocrx_word' id='word_1_323' title='bbox 1384 4241 1594 4313; x_wconf 85' lang='grc' dir='ltr'>κέρδος,</span> <span class='ocrx_word' id='word_1_324' title='bbox 1619 4242 1805 4296; x_wconf 89' lang='grc' dir='ltr'>τοσού-</span> 
     </span>
    </p>
   </div>
   <div class='ocr_carea' id='block_1_44' title="bbox 211 4326 1811 4404">
    <p class='ocr_par' dir='ltr' id='par_1_44' title="bbox 211 4326 1811 4404">
     <span class='ocr_line' id='line_1_44' title="bbox 211 4326 1811 4404; baseline 0.003 -23"><span class='ocrx_word' id='word_1_325' title='bbox 211 4343 359 4391; x_wconf 83' lang='grc' dir='ltr'>τους</span> <span class='ocrx_word' id='word_1_326' title='bbox 405 4326 526 4380; x_wconf 85' lang='grc' dir='ltr'>καθ⁹</span> <span class='ocrx_word' id='word_1_327' title='bbox 579 4326 817 4399; x_wconf 82' lang='grc' dir='ltr'>ἑκάστην</span> <span class='ocrx_word' id='word_1_328' title='bbox 877 4328 1089 4399; x_wconf 82' lang='grc' dir='ltr'>ἡμέραν</span> <span class='ocrx_word' id='word_1_329' title='bbox 1143 4330 1449 4397; x_wconf 84' lang='grc' dir='ltr'>συνάγουσα</span> <span class='ocrx_word' id='word_1_330' title='bbox 1503 4330 1811 4404; x_wconf 81' lang='grc' dir='ltr'>θησαυροὺς</span> 
     </span>
    </p>
   </div>
   <div class='ocr_carea' id='block_1_45' title="bbox 211 4418 1816 4494">
    <p class='ocr_par' dir='ltr' id='par_1_45' title="bbox 211 4418 1816 4494">
     <span class='ocr_line' id='line_1_45' title="bbox 211 4418 1816 4494; baseline 0.003 -22"><span class='ocrx_word' id='word_1_331' title='bbox 211 4418 338 4473; x_wconf 84' lang='grc' dir='ltr'>ἀπὸ</span> <span class='ocrx_word' id='word_1_332' title='bbox 366 4419 464 4488; x_wconf 88' lang='grc' dir='ltr'>τῆς</span> <span class='ocrx_word' id='word_1_333' title='bbox 485 4419 790 4489; x_wconf 84' lang='grc' dir='ltr'>παρουσίας</span> <span class='ocrx_word' id='word_1_334' title='bbox 815 4419 916 4489; x_wconf 85' lang='grc' dir='ltr'>τῆς</span> <span class='ocrx_word' id='word_1_335' title='bbox 944 4418 1151 4474; x_wconf 87' lang='grc' dir='ltr'>αὐτόθι.</span> <span class='ocrx_word' id='word_1_336' title='bbox 1170 4422 1239 4474; x_wconf 74' lang='grc' dir='ltr'>Οἵ</span> <span class='ocrx_word' id='word_1_337' title='bbox 1262 4438 1323 4474; x_wconf 91' lang='grc' dir='ltr'>τε</span> <span class='ocrx_word' id='word_1_338' title='bbox 1336 4422 1444 4494; x_wconf 89' lang='grc' dir='ltr'>γάρ</span> <span class='ocrx_word' id='word_1_339' title='bbox 1459 4422 1713 4493; x_wconf 81' lang='grc' dir='ltr'>ὁρῶντες,</span> <span class='ocrx_word' id='word_1_340' title='bbox 1761 4425 1816 4477; x_wconf 75' lang='grc' dir='ltr'>οἵ</span> 
     </span>
    </p>
   </div>
   <div class='ocr_carea' id='block_1_46' title="bbox 206 4510 1814 4586">
    <p class='ocr_par' dir='ltr' id='par_1_46' title="bbox 206 4510 1814 4586">
     <span class='ocr_line' id='line_1_46' title="bbox 206 4510 1814 4586; baseline 0.001 -19"><span class='ocrx_word' id='word_1_341' title='bbox 206 4530 277 4567; x_wconf 86' lang='grc' dir='ltr'>τε</span> <span class='ocrx_word' id='word_1_342' title='bbox 306 4510 602 4575; x_wconf 79' lang='grc' dir='ltr'>ἀκούοντές</span> <span class='ocrx_word' id='word_1_343' title='bbox 631 4528 725 4563; x_wconf 91' lang='grc' dir='ltr'>σου</span> <span class='ocrx_word' id='word_1_344' title='bbox 756 4510 825 4563; x_wconf 85' lang='grc' dir='ltr'>τὰ</span> <span class='ocrx_word' id='word_1_345' title='bbox 846 4510 1275 4583; x_wconf 83' lang='grc' dir='ltr'>κατορθώματα,</span> <span class='ocrx_word' id='word_1_346' title='bbox 1302 4513 1363 4566; x_wconf 89' lang='grc' dir='ltr'>οὐ</span> <span class='ocrx_word' id='word_1_347' title='bbox 1388 4512 1561 4584; x_wconf 86' lang='grc' dir='ltr'>μικρά</span> <span class='ocrx_word' id='word_1_348' title='bbox 1592 4515 1814 4586; x_wconf 84' lang='grc' dir='ltr'>κερδαί-</span> 
     </span>
    </p>
   </div>
   <div class='ocr_carea' id='block_1_47' title="bbox 208 4600 1808 4675">
    <p class='ocr_par' dir='ltr' id='par_1_47' title="bbox 208 4600 1808 4675">
     <span class='ocr_line' id='line_1_47' title="bbox 208 4600 1808 4675; baseline 0 -17"><span class='ocrx_word' id='word_1_349' title='bbox 208 4620 433 4659; x_wconf 85' lang='grc' dir='ltr'>νουσιν.</span> <span class='ocrx_word' id='word_1_350' title='bbox 458 4600 629 4657; x_wconf 80' lang='grc' dir='ltr'>Οἶσθα</span> <span class='ocrx_word' id='word_1_351' title='bbox 673 4603 730 4656; x_wconf 82' lang='grc' dir='ltr'>δέ</span> <span class='ocrx_word' id='word_1_352' title='bbox 762 4602 949 4674; x_wconf 85' lang='grc' dir='ltr'>ἡλίκον</span> <span class='ocrx_word' id='word_1_353' title='bbox 994 4601 1151 4656; x_wconf 87' lang='grc' dir='ltr'>τοῦτο</span> <span class='ocrx_word' id='word_1_354' title='bbox 1183 4604 1339 4675; x_wconf 82' lang='grc' dir='ltr'>φέρει</span> <span class='ocrx_word' id='word_1_355' title='bbox 1367 4621 1449 4657; x_wconf 91' lang='grc' dir='ltr'>σοι</span> <span class='ocrx_word' id='word_1_356' title='bbox 1480 4604 1572 4658; x_wconf 83' lang='grc' dir='ltr'>τὸν</span> <span class='ocrx_word' id='word_1_357' title='bbox 1597 4605 1808 4675; x_wconf 90' lang='grc' dir='ltr'>μισθόν,</span> 
     </span>
    </p>
   </div>
   <div class='ocr_carea' id='block_1_48' title="bbox 206 4692 1812 4767">
    <p class='ocr_par' dir='ltr' id='par_1_48' title="bbox 206 4692 1812 4767">
     <span class='ocr_line' id='line_1_48' title="bbox 206 4692 1812 4767; baseline -0.001 -17"><span class='ocrx_word' id='word_1_358' title='bbox 206 4695 453 4767; x_wconf 83' lang='grc' dir='ltr'>Πρῶτον</span> <span class='ocrx_word' id='word_1_359' title='bbox 479 4694 598 4765; x_wconf 78' lang='grc' dir='ltr'>μὲν,</span> <span class='ocrx_word' id='word_1_360' title='bbox 625 4696 761 4765; x_wconf 83' lang='grc' dir='ltr'>ὅπερ</span> <span class='ocrx_word' id='word_1_361' title='bbox 785 4695 941 4765; x_wconf 79' lang='grc' dir='ltr'>ἔφην,</span> <span class='ocrx_word' id='word_1_362' title='bbox 973 4694 1061 4747; x_wconf 77' lang='grc' dir='ltr'>διὰ</span> <span class='ocrx_word' id='word_1_363' title='bbox 1081 4692 1242 4747; x_wconf 86' lang='grc' dir='ltr'>τοῦτο</span> <span class='ocrx_word' id='word_1_364' title='bbox 1273 4694 1696 4765; x_wconf 81' lang='grc' dir='ltr'>παρακαλοῦμεν</span> <span class='ocrx_word' id='word_1_365' title='bbox 1715 4695 1812 4748; x_wconf 88' lang='grc' dir='ltr'>αὐ-</span> 
     </span>
    </p>
   </div>
   <div class='ocr_carea' id='block_1_49' title="bbox 206 4783 1813 4855">
    <p class='ocr_par' dir='ltr' id='par_1_49' title="bbox 206 4783 1813 4855">
     <span class='ocr_line' id='line_1_49' title="bbox 206 4783 1813 4855; baseline 0.021 -22"><span class='ocrx_word' id='word_1_366' title='bbox 206 4786 343 4839; x_wconf 76' lang='grc' dir='ltr'>τόθι</span> <span class='ocrx_word' id='word_1_367' title='bbox 377 4783 589 4854; x_wconf 70' lang='grc' dir='ltr'>μιίνειν⁸</span> <span class='ocrx_word' id='word_1_368' title='bbox 617 4785 710 4839; x_wconf 72' lang='grc' dir='ltr'>καὶ</span> <span class='ocrx_word' id='word_1_369' title='bbox 727 4784 836 4855; x_wconf 76' lang='grc' dir='ltr'>γὰρ</span> <span class='ocrx_word' id='word_1_370' title='bbox 866 4785 1065 4855; x_wconf 79' lang='grc' dir='ltr'>πεῖραν</span> <span class='ocrx_word' id='word_1_371' title='bbox 1089 4784 1149 4839; x_wconf 73' lang='grc' dir='ltr'>οὗ</span> <span class='ocrx_word' id='word_1_372' title='bbox 1194 4785 1397 4855; x_wconf 67' lang='grc' dir='ltr'>μικρὰν</span> <span class='ocrx_word' id='word_1_373' title='bbox 1429 4783 1668 4847; x_wconf 71' lang='grc' dir='ltr'>δέδωκας</span> <span class='ocrx_word' id='word_1_374' title='bbox 1710 4785 1813 4855; x_wconf 65' lang='grc' dir='ltr'>τῆς</span> 
     </span>
    </p>
   </div>
   <div class='ocr_carea' id='block_1_50' title="bbox 205 4871 1807 4944">
    <p class='ocr_par' dir='ltr' id='par_1_50' title="bbox 205 4871 1807 4944">
     <span class='ocr_line' id='line_1_50' title="bbox 205 4871 1807 4944; baseline 0 -17"><span class='ocrx_word' id='word_1_375' title='bbox 205 4871 518 4942; x_wconf 78' lang='grc' dir='ltr'>ὠφελείας,</span> <span class='ocrx_word' id='word_1_376' title='bbox 545 4872 614 4942; x_wconf 78' lang='grc' dir='ltr'>ἢν</span> <span class='ocrx_word' id='word_1_377' title='bbox 646 4872 922 4944; x_wconf 86' lang='grc' dir='ltr'>παρέσχες</span> <span class='ocrx_word' id='word_1_378' title='bbox 950 4873 1040 4926; x_wconf 86' lang='grc' dir='ltr'>διὰ</span> <span class='ocrx_word' id='word_1_379' title='bbox 1080 4874 1184 4944; x_wconf 86' lang='grc' dir='ltr'>τῆς</span> <span class='ocrx_word' id='word_1_380' title='bbox 1219 4872 1408 4927; x_wconf 87' lang='grc' dir='ltr'>αὐτόθι</span> <span class='ocrx_word' id='word_1_381' title='bbox 1459 4872 1807 4943; x_wconf 85' lang='grc' dir='ltr'>παραμονῆς.</span> 
     </span>
    </p>
   </div>
   <div class='ocr_carea' id='block_1_51' title="bbox 165 4958 1808 5036">
    <p class='ocr_par' dir='ltr' id='par_1_51' title="bbox 165 4958 1808 5036">
     <span class='ocr_line' id='line_1_51' title="bbox 165 4958 1808 5036; baseline -0.002 -20"><span class='ocrx_word' id='word_1_382' title='bbox 165 5020 183 5036; x_wconf 32' lang='grc' dir='ltr'><strong>κ</strong></span> <span class='ocrx_word' id='word_1_383' title='bbox 211 4963 468 5016; x_wconf 84' lang='grc' dir='ltr'>Ἔπειτα</span> <span class='ocrx_word' id='word_1_384' title='bbox 495 4958 553 5012; x_wconf 79' lang='grc' dir='ltr'>δὲ</span> <span class='ocrx_word' id='word_1_385' title='bbox 577 4959 698 5012; x_wconf 83' lang='grc' dir='ltr'>οὐδέ</span> <span class='ocrx_word' id='word_1_386' title='bbox 745 4961 779 5029; x_wconf 83' lang='grc' dir='ltr'><strong>ἡ</strong></span> <span class='ocrx_word' id='word_1_387' title='bbox 812 4960 908 5013; x_wconf 84' lang='grc' dir='ltr'>τοῦ</span> <span class='ocrx_word' id='word_1_388' title='bbox 953 4960 1111 5025; x_wconf 80' lang='grc' dir='ltr'>ἔτους</span> <span class='ocrx_word' id='word_1_389' title='bbox 1154 4960 1272 5033; x_wconf 86' lang='grc' dir='ltr'>ὥρα</span> <span class='ocrx_word' id='word_1_390' title='bbox 1314 4959 1603 5031; x_wconf 88' lang='grc' dir='ltr'>ἐπιτρέπει</span> <span class='ocrx_word' id='word_1_391' title='bbox 1630 4960 1808 5013; x_wconf 81' lang='grc' dir='ltr'>τοῦτο.</span> 
     </span>
    </p>
   </div>
   <div class='ocr_carea' id='block_1_52' title="bbox 179 5039 1813 5120">
    <p class='ocr_par' dir='ltr' id='par_1_52' title="bbox 179 5039 1813 5120">
     <span class='ocr_line' id='line_1_52' title="bbox 179 5039 1813 5120; baseline -0.004 -14"><span class='ocrx_word' id='word_1_392' title='bbox 179 5039 400 5106; x_wconf 69' lang='grc' dir='ltr'>Ὀἶσθα</span> <span class='ocrx_word' id='word_1_393' title='bbox 426 5049 535 5120; x_wconf 90' lang='grc' dir='ltr'>γάρ</span> <span class='ocrx_word' id='word_1_394' title='bbox 571 5065 665 5100; x_wconf 89' lang='grc' dir='ltr'>σου</span> <span class='ocrx_word' id='word_1_395' title='bbox 698 5047 794 5100; x_wconf 89' lang='grc' dir='ltr'>τοῦ</span> <span class='ocrx_word' id='word_1_396' title='bbox 824 5046 1076 5119; x_wconf 89' lang='grc' dir='ltr'>σώματος</span> <span class='ocrx_word' id='word_1_397' title='bbox 1099 5049 1198 5120; x_wconf 82' lang='grc' dir='ltr'>τὴν</span> <span class='ocrx_word' id='word_1_398' title='bbox 1227 5048 1537 5110; x_wconf 87' lang='grc' dir='ltr'>ἀσθένειαν,</span> <span class='ocrx_word' id='word_1_399' title='bbox 1559 5049 1655 5101; x_wconf 74' lang='grc' dir='ltr'>καὶ</span> <span class='ocrx_word' id='word_1_400' title='bbox 1695 5049 1813 5111; x_wconf 85' lang='grc' dir='ltr'>πῶς</span> 
     </span>
    </p>
   </div>
   <div class='ocr_carea' id='block_1_53' title="bbox 196 5137 1812 5211">
    <p class='ocr_par' dir='ltr' id='par_1_53' title="bbox 196 5137 1812 5211">
     <span class='ocr_line' id='line_1_53' title="bbox 196 5137 1812 5211; baseline -0.003 -16"><span class='ocrx_word' id='word_1_401' title='bbox 196 5142 273 5195; x_wconf 85' lang='grc' dir='ltr'>οὐ</span> <span class='ocrx_word' id='word_1_402' title='bbox 328 5139 512 5211; x_wconf 74' lang='grc' dir='ltr'>ῥᾴδιόν</span> <span class='ocrx_word' id='word_1_403' title='bbox 540 5138 691 5211; x_wconf 73' lang='grc'>[650]</span> <span class='ocrx_word' id='word_1_404' title='bbox 724 5156 805 5192; x_wconf 85' lang='grc' dir='ltr'>σοι</span> <span class='ocrx_word' id='word_1_405' title='bbox 839 5137 1110 5191; x_wconf 83' lang='grc' dir='ltr'>κινεῖσθαι</span> <span class='ocrx_word' id='word_1_406' title='bbox 1130 5140 1188 5190; x_wconf 78' lang='grc' dir='ltr'>ἐν</span> <span class='ocrx_word' id='word_1_407' title='bbox 1221 5137 1417 5209; x_wconf 83' lang='grc' dir='ltr'>κρυμῷ</span> <span class='ocrx_word' id='word_1_408' title='bbox 1451 5137 1690 5208; x_wconf 86' lang='grc' dir='ltr'>τοσούτῳ</span> <span class='ocrx_word' id='word_1_409' title='bbox 1716 5140 1812 5190; x_wconf 79' lang='grc' dir='ltr'>καὶ</span> 
     </span>
    </p>
   </div>
   <div class='ocr_carea' id='block_1_54' title="bbox 198 5224 1813 5301">
    <p class='ocr_par' dir='ltr' id='par_1_54' title="bbox 198 5224 1813 5301">
     <span class='ocr_line' id='line_1_54' title="bbox 198 5224 1813 5301; baseline -0.004 -19"><span class='ocrx_word' id='word_1_410' title='bbox 198 5226 481 5301; x_wconf 84' lang='grc' dir='ltr'>χειμῶνι.</span> <span class='ocrx_word' id='word_1_411' title='bbox 507 5225 652 5298; x_wconf 79' lang='grc' dir='ltr'>Πρὸς</span> <span class='ocrx_word' id='word_1_412' title='bbox 680 5226 913 5289; x_wconf 86' lang='grc' dir='ltr'>τούτοις,</span> <span class='ocrx_word' id='word_1_413' title='bbox 954 5224 1029 5288; x_wconf 83' lang='grc' dir='ltr'>ὡς</span> <span class='ocrx_word' id='word_1_414' title='bbox 1062 5225 1355 5296; x_wconf 82' lang='grc' dir='ltr'>ἀκούομεν,</span> <span class='ocrx_word' id='word_1_415' title='bbox 1389 5226 1486 5278; x_wconf 59' lang='grc' dir='ltr'>καλ⁵</span> <span class='ocrx_word' id='word_1_416' title='bbox 1518 5225 1587 5278; x_wconf 86' lang='grc' dir='ltr'>τά</span> <span class='ocrx_word' id='word_1_417' title='bbox 1636 5225 1813 5277; x_wconf 78' lang='grc' dir='ltr'>Ἰσαυο</span> 
     </span>
    </p>
   </div>
   <div class='ocr_carea' id='block_1_55' title="bbox 202 5313 1816 5391">
    <p class='ocr_par' dir='ltr' id='par_1_55' title="bbox 202 5313 1816 5391">
     <span class='ocr_line' id='line_1_55' title="bbox 202 5313 1816 5391; baseline -0.004 -21"><span class='ocrx_word' id='word_1_418' title='bbox 202 5316 359 5391; x_wconf 83' lang='grc' dir='ltr'>ρικά</span> <span class='ocrx_word' id='word_1_419' title='bbox 382 5313 555 5368; x_wconf 88' lang='grc' dir='ltr'>ἀνθεῖ.</span> <span class='ocrx_word' id='word_1_420' title='bbox 571 5313 755 5368; x_wconf 87' lang='grc' dir='ltr'>Πάντα</span> <span class='ocrx_word' id='word_1_421' title='bbox 777 5327 802 5355; x_wconf 78' lang='grc' dir='ltr'>ιι</span> <span class='ocrx_word' id='word_1_422' title='bbox 831 5314 1010 5368; x_wconf 90' lang='grc' dir='ltr'>τοίνυν</span> <span class='ocrx_word' id='word_1_423' title='bbox 1030 5313 1203 5368; x_wconf 90' lang='grc' dir='ltr'>ταῦτα</span> <span class='ocrx_word' id='word_1_424' title='bbox 1231 5313 1559 5384; x_wconf 88' lang='grc' dir='ltr'>λογισαμένη</span> <span class='ocrx_word' id='word_1_425' title='bbox 1583 5313 1658 5376; x_wconf 84' lang='grc' dir='ltr'>ὡς</span> <span class='ocrx_word' id='word_1_426' title='bbox 1690 5330 1816 5365; x_wconf 87' lang='grc' dir='ltr'>συν-</span> 
     </span>
    </p>
   </div>
   <div class='ocr_carea' id='block_1_56' title="bbox 197 5399 1812 5474">
    <p class='ocr_par' dir='ltr' id='par_1_56' title="bbox 197 5399 1812 5474">
     <span class='ocr_line' id='line_1_56' title="bbox 197 5399 1812 5474; baseline -0.004 -16"><span class='ocrx_word' id='word_1_427' title='bbox 197 5401 345 5474; x_wconf 81' lang='grc' dir='ltr'>ετὴ,</span> <span class='ocrx_word' id='word_1_428' title='bbox 380 5399 629 5472; x_wconf 82' lang='grc' dir='ltr'>μηδαμοῦ</span> <span class='ocrx_word' id='word_1_429' title='bbox 669 5400 808 5466; x_wconf 87' lang='grc' dir='ltr'>τέως</span> <span class='ocrx_word' id='word_1_430' title='bbox 862 5401 1130 5455; x_wconf 85' lang='grc' dir='ltr'>κινεῖσθαι</span> <span class='ocrx_word' id='word_1_431' title='bbox 1163 5400 1484 5471; x_wconf 84' lang='grc' dir='ltr'>καταδέχου,</span> <span class='ocrx_word' id='word_1_432' title='bbox 1538 5402 1634 5453; x_wconf 65' lang='grc' dir='ltr'>καὶ⁵</span> <span class='ocrx_word' id='word_1_433' title='bbox 1683 5418 1748 5454; x_wconf 86' lang='grc' dir='ltr'>πε</span> <span class='ocrx_word' id='word_1_434' title='bbox 1759 5402 1812 5471; x_wconf 81' lang='lat'>91</span> 
     </span>
    </p>
   </div>
   <div class='ocr_carea' id='block_1_57' title="bbox 195 5486 1812 5562">
    <p class='ocr_par' dir='ltr' id='par_1_57' title="bbox 195 5486 1812 5562">
     <span class='ocr_line' id='line_1_57' title="bbox 195 5486 1812 5562; baseline -0.005 -15"><span class='ocrx_word' id='word_1_435' title='bbox 195 5491 420 5547; x_wconf 78' lang='grc' dir='ltr'>τούτου</span> <span class='ocrx_word' id='word_1_436' title='bbox 466 5490 678 5562; x_wconf 78' lang='grc' dir='ltr'>γράψαι</span> <span class='ocrx_word' id='word_1_437' title='bbox 719 5491 858 5560; x_wconf 85' lang='grc' dir='ltr'>ἡμῖν</span> <span class='ocrx_word' id='word_1_438' title='bbox 898 5488 987 5543; x_wconf 83' lang='grc' dir='ltr'>διὰ</span> <span class='ocrx_word' id='word_1_439' title='bbox 1024 5489 1235 5559; x_wconf 85' lang='grc' dir='ltr'>ταχέων</span> <span class='ocrx_word' id='word_1_440' title='bbox 1278 5486 1683 5561; x_wconf 85' lang='grc' dir='ltr'>παρακλήθητι,</span> <span class='ocrx_word' id='word_1_441' title='bbox 1716 5489 1812 5541; x_wconf 79' lang='grc' dir='ltr'>καὶ</span> 
     </span>
    </p>
   </div>
   <div class='ocr_carea' id='block_1_58' title="bbox 195 5574 1811 5652">
    <p class='ocr_par' dir='ltr' id='par_1_58' title="bbox 195 5574 1811 5652">
     <span class='ocr_line' id='line_1_58' title="bbox 195 5574 1811 5652; baseline -0.001 -18"><span class='ocrx_word' id='word_1_442' title='bbox 195 5578 359 5652; x_wconf 77' lang='grc' dir='ltr'>περὶ</span> <span class='ocrx_word' id='word_1_443' title='bbox 382 5577 484 5647; x_wconf 84' lang='grc' dir='ltr'>τῆς</span> <span class='ocrx_word' id='word_1_444' title='bbox 512 5577 701 5645; x_wconf 82' lang='grc' dir='ltr'>ὑγείας</span> <span class='ocrx_word' id='word_1_445' title='bbox 728 5578 969 5648; x_wconf 83' lang='grc' dir='ltr'>συνεχῶς</span> <span class='ocrx_word' id='word_1_446' title='bbox 983 5577 1144 5649; x_wconf 84' lang='grc' dir='ltr'>δήλου</span> <span class='ocrx_word' id='word_1_447' title='bbox 1159 5578 1261 5647; x_wconf 81' lang='grc' dir='ltr'>τῆς</span> <span class='ocrx_word' id='word_1_448' title='bbox 1280 5576 1399 5646; x_wconf 82' lang='grc' dir='ltr'>σῆς.</span> <span class='ocrx_word' id='word_1_449' title='bbox 1435 5575 1588 5629; x_wconf 68' lang='grc' dir='ltr'>Ἐπεὶ</span> <span class='ocrx_word' id='word_1_450' title='bbox 1602 5576 1697 5629; x_wconf 74' lang='grc' dir='ltr'>καὶ</span> <span class='ocrx_word' id='word_1_451' title='bbox 1714 5574 1811 5632; x_wconf 88' lang='grc' dir='ltr'>νῦν</span> 
     </span>
    </p>
   </div>
   <div class='ocr_carea' id='block_1_59' title="bbox 267 5705 1810 5776">
    <p class='ocr_par' dir='ltr' id='par_1_59' title="bbox 267 5705 1810 5776">
     <span class='ocr_line' id='line_1_59' title="bbox 267 5705 1810 5776; baseline -0.007 -10"><span class='ocrx_word' id='word_1_452' title='bbox 267 5717 302 5748; x_wconf 74' lang='grc'><strong><em>⁸</em></strong></span> <span class='ocrx_word' id='word_1_453' title='bbox 328 5712 536 5765; x_wconf 81' lang='lat' dir='ltr'>Coislin.</span> <span class='ocrx_word' id='word_1_454' title='bbox 562 5714 644 5762; x_wconf 84' lang='grc' dir='ltr'>καὶ</span> <span class='ocrx_word' id='word_1_455' title='bbox 682 5713 742 5762; x_wconf 76' lang='grc' dir='ltr'>τὰ</span> <span class='ocrx_word' id='word_1_456' title='bbox 772 5710 1014 5776; x_wconf 78' lang='grc' dir='ltr'>Ἰσαυρικὰ</span> <span class='ocrx_word' id='word_1_457' title='bbox 1045 5709 1148 5768; x_wconf 78' lang='grc' dir='ltr'>ἐθνη</span> <span class='ocrx_word' id='word_1_458' title='bbox 1190 5707 1395 5765; x_wconf 78' lang='grc' dir='ltr'>ἀϐάτους</span> <span class='ocrx_word' id='word_1_459' title='bbox 1437 5706 1520 5762; x_wconf 81' lang='grc' dir='ltr'>τὰς</span> <span class='ocrx_word' id='word_1_460' title='bbox 1554 5705 1693 5761; x_wconf 79' lang='grc' dir='ltr'>ὁδοὺς</span> <span class='ocrx_word' id='word_1_461' title='bbox 1725 5722 1810 5755; x_wconf 85' lang='grc' dir='ltr'>πε-</span> 
     </span>
    </p>
   </div>
   <div class='ocr_carea' id='block_1_60' title="bbox 193 5776 685 5837">
    <p class='ocr_par' dir='ltr' id='par_1_60' title="bbox 193 5776 685 5837">
     <span class='ocr_line' id='line_1_60' title="bbox 193 5776 685 5837; baseline -0.006 -8"><span class='ocrx_word' id='word_1_462' title='bbox 193 5780 474 5837; x_wconf 76' lang='grc' dir='ltr'>ποιήκασι.</span> <span class='ocrx_word' id='word_1_463' title='bbox 503 5776 685 5826; x_wconf 78' lang='grc' dir='ltr'>Πάντα.</span> 
     </span>
    </p>
   </div>
   <div class='ocr_carea' id='block_1_61' title="bbox 1702 362 2083 419">
    <p class='ocr_par' dir='ltr' id='par_1_61' title="bbox 1702 362 2083 419">
     <span class='ocr_line' id='line_1_61' title="bbox 1702 362 2083 419; baseline 0.005 -2"><span class='ocrx_word' id='word_1_464' title='bbox 1702 362 2083 419; x_wconf 72' lang='lat' dir='ltr'>Ei’lSTOL/E.</span> 
     </span>
    </p>
   </div>
   <div class='ocr_carea' id='block_1_62' title="bbox 3402 377 3509 434">
    <p class='ocr_par' dir='ltr' id='par_1_62' title="bbox 3402 377 3509 434">
     <span class='ocr_line' id='line_1_62' title="bbox 3402 377 3509 434; baseline 0 0"><span class='ocrx_word' id='word_1_465' title='bbox 3402 377 3509 434; x_wconf 66' lang='lat'>664</span> 
     </span>
    </p>
   </div>
   <div class='ocr_carea' id='block_1_63' title="bbox 1934 482 3511 564">
    <p class='ocr_par' dir='ltr' id='par_1_63' title="bbox 1934 482 3511 564">
     <span class='ocr_line' id='line_1_63' title="bbox 1934 482 3511 564; baseline 0.006 -29"><span class='ocrx_word' id='word_1_466' title='bbox 1934 482 2273 555; x_wconf 83' lang='grc' dir='ltr'>ἡλγήσαμεν,</span> <span class='ocrx_word' id='word_1_467' title='bbox 2305 484 2378 555; x_wconf 84' lang='grc' dir='ltr'>μὴ</span> <span class='ocrx_word' id='word_1_468' title='bbox 2413 484 2695 556; x_wconf 77' lang='grc' dir='ltr'>δεξάμενοι</span> <span class='ocrx_word' id='word_1_469' title='bbox 2730 487 3034 558; x_wconf 87' lang='grc' dir='ltr'>γράμματά</span> <span class='ocrx_word' id='word_1_470' title='bbox 3070 505 3164 564; x_wconf 76' lang='grc' dir='ltr'>σου</span> <span class='ocrx_word' id='word_1_471' title='bbox 3193 489 3293 559; x_wconf 87' lang='grc' dir='ltr'>τῆς</span> <span class='ocrx_word' id='word_1_472' title='bbox 3334 494 3511 562; x_wconf 78' lang='grc' dir='ltr'>τιμιόο</span> 
     </span>
    </p>
   </div>
   <div class='ocr_carea' id='block_1_64' title="bbox 1930 578 3516 653">
    <p class='ocr_par' dir='ltr' id='par_1_64' title="bbox 1930 578 3516 653">
     <span class='ocr_line' id='line_1_64' title="bbox 1930 578 3516 653; baseline 0.005 -26"><span class='ocrx_word' id='word_1_473' title='bbox 1930 592 2114 645; x_wconf 89' lang='grc' dir='ltr'>τητος,</span> <span class='ocrx_word' id='word_1_474' title='bbox 2149 578 2241 631; x_wconf 71' lang='grc' dir='ltr'>καὶ</span> <span class='ocrx_word' id='word_1_475' title='bbox 2261 580 2318 630; x_wconf 86' lang='grc' dir='ltr'>ἐν</span> <span class='ocrx_word' id='word_1_476' title='bbox 2350 578 2589 648; x_wconf 88' lang='grc' dir='ltr'>φροντίδι</span> <span class='ocrx_word' id='word_1_477' title='bbox 2613 578 3050 651; x_wconf 87' lang='grc' dir='ltr'>καθεστήκαμεν,</span> <span class='ocrx_word' id='word_1_478' title='bbox 3095 581 3303 651; x_wconf 81' lang='grc' dir='ltr'>μήποτε</span> <span class='ocrx_word' id='word_1_479' title='bbox 3332 582 3516 653; x_wconf 82' lang='grc' dir='ltr'>άρρω-</span> 
     </span>
    </p>
   </div>
   <div class='ocr_carea' id='block_1_65' title="bbox 1934 667 3512 745">
    <p class='ocr_par' dir='ltr' id='par_1_65' title="bbox 1934 667 3512 745">
     <span class='ocr_line' id='line_1_65' title="bbox 1934 667 3512 745; baseline 0.004 -26"><span class='ocrx_word' id='word_1_480' title='bbox 1934 667 2056 720; x_wconf 87' lang='grc' dir='ltr'>στία</span> <span class='ocrx_word' id='word_1_481' title='bbox 2087 668 2246 722; x_wconf 88' lang='grc' dir='ltr'>τοῦτο</span> <span class='ocrx_word' id='word_1_482' title='bbox 2290 668 2636 724; x_wconf 83' lang='grc' dir='ltr'>διεκώλυσεν.</span> <span class='ocrx_word' id='word_1_483' title='bbox 2675 671 2772 723; x_wconf 85' lang='grc' dir='ltr'>Ἴν’</span> <span class='ocrx_word' id='word_1_484' title='bbox 2820 668 2913 724; x_wconf 86' lang='grc' dir='ltr'>οῦν</span> <span class='ocrx_word' id='word_1_485' title='bbox 2967 672 3060 724; x_wconf 80' lang='grc' dir='ltr'>καὶ</span> <span class='ocrx_word' id='word_1_486' title='bbox 3087 671 3291 743; x_wconf 87' lang='grc' dir='ltr'>ταύτην</span> <span class='ocrx_word' id='word_1_487' title='bbox 3317 673 3512 745; x_wconf 76' lang='grc' dir='ltr'>ἀνέλῃς</span> 
     </span>
    </p>
   </div>
   <div class='ocr_carea' id='block_1_66' title="bbox 1929 760 3510 837">
    <p class='ocr_par' dir='ltr' id='par_1_66' title="bbox 1929 760 3510 837">
     <span class='ocr_line' id='line_1_66' title="bbox 1929 760 3510 837; baseline 0.003 -24"><span class='ocrx_word' id='word_1_488' title='bbox 1929 760 2089 830; x_wconf 83' lang='grc' dir='ltr'>ἡμῶν</span> <span class='ocrx_word' id='word_1_489' title='bbox 2139 762 2236 833; x_wconf 86' lang='grc' dir='ltr'>τὴν</span> <span class='ocrx_word' id='word_1_490' title='bbox 2266 762 2541 833; x_wconf 87' lang='grc' dir='ltr'>φροντίδα,</span> <span class='ocrx_word' id='word_1_491' title='bbox 2567 763 2779 833; x_wconf 88' lang='grc' dir='ltr'>ταχέως</span> <span class='ocrx_word' id='word_1_492' title='bbox 2822 766 2953 834; x_wconf 79' lang='grc' dir='ltr'>ἡμῖν</span> <span class='ocrx_word' id='word_1_493' title='bbox 2979 763 3194 834; x_wconf 73' lang='grc' dir='ltr'>πέμψον</span> <span class='ocrx_word' id='word_1_494' title='bbox 3221 765 3510 837; x_wconf 75' lang='grc' dir='ltr'>ἐπιστολὴν</span> 
     </span>
    </p>
   </div>
   <div class='ocr_carea' id='block_1_67' title="bbox 1928 850 2721 924">
    <p class='ocr_par' dir='ltr' id='par_1_67' title="bbox 1928 850 2721 924">
     <span class='ocr_line' id='line_1_67' title="bbox 1928 850 2721 924; baseline 0.008 -22"><span class='ocrx_word' id='word_1_495' title='bbox 1928 850 2101 905; x_wconf 89' lang='grc' dir='ltr'>ταῦτα</span> <span class='ocrx_word' id='word_1_496' title='bbox 2120 851 2407 924; x_wconf 89' lang='grc' dir='ltr'>δηλοῦσαν.</span> <span class='ocrx_word' id='word_1_497' title='bbox 2716 854 2721 859; x_wconf 78' lang='grc'><em>’</em></span> 
     </span>
    </p>
   </div>
   <div class='ocr_carea' id='block_1_68' title="bbox 2481 945 2962 1013">
    <p class='ocr_par' dir='ltr' id='par_1_68' title="bbox 2481 945 2962 1013">
     <span class='ocr_line' id='line_1_68' title="bbox 2481 945 2962 1013; baseline -0.004 -14"><span class='ocrx_word' id='word_1_498' title='bbox 2481 948 2612 999; x_wconf 78' lang='lat' dir='ltr'>PE&#39;.</span> <span class='ocrx_word' id='word_1_499' title='bbox 2655 945 2962 1013; x_wconf 69' lang='grc' dir='ltr'>Χαλκιδίᾳ.</span> 
     </span>
    </p>
   </div>
   <div class='ocr_carea' id='block_1_69' title="bbox 2012 1036 3505 1109">
    <p class='ocr_par' dir='ltr' id='par_1_69' title="bbox 2012 1036 3505 1109">
     <span class='ocr_line' id='line_1_69' title="bbox 2012 1036 3505 1109; baseline 0.001 -20"><span class='ocrx_word' id='word_1_500' title='bbox 2012 1036 2073 1089; x_wconf 79' lang='grc' dir='ltr'>Ὀ</span> <span class='ocrx_word' id='word_1_501' title='bbox 2102 1036 2234 1099; x_wconf 85' lang='grc' dir='ltr'>Θεός</span> <span class='ocrx_word' id='word_1_502' title='bbox 2257 1054 2341 1089; x_wconf 90' lang='grc' dir='ltr'>σοι</span> <span class='ocrx_word' id='word_1_503' title='bbox 2372 1036 2463 1091; x_wconf 74' lang='grc' dir='ltr'>τὸν</span> <span class='ocrx_word' id='word_1_504' title='bbox 2494 1037 2685 1108; x_wconf 81' lang='grc' dir='ltr'>μισθὸν</span> <span class='ocrx_word' id='word_1_505' title='bbox 2711 1037 2820 1109; x_wconf 82' lang='grc' dir='ltr'>δῴη</span> <span class='ocrx_word' id='word_1_506' title='bbox 2847 1040 2873 1077; x_wconf 79' lang='lat' dir='ltr'><strong>b</strong></span> <span class='ocrx_word' id='word_1_507' title='bbox 2906 1039 2998 1091; x_wconf 73' lang='grc' dir='ltr'>καὶ</span> <span class='ocrx_word' id='word_1_508' title='bbox 3028 1037 3284 1094; x_wconf 86' lang='grc' dir='ltr'>ἐνταῦθα.</span> <span class='ocrx_word' id='word_1_509' title='bbox 3320 1038 3416 1091; x_wconf 74' lang='grc' dir='ltr'>καὶ</span> <span class='ocrx_word' id='word_1_510' title='bbox 3446 1039 3505 1090; x_wconf 85' lang='grc' dir='ltr'>ἐν</span> 
     </span>
    </p>
   </div>
   <div class='ocr_carea' id='block_1_70' title="bbox 1926 1125 3502 1198">
    <p class='ocr_par' dir='ltr' id='par_1_70' title="bbox 1926 1125 3502 1198">
     <span class='ocr_line' id='line_1_70' title="bbox 1926 1125 3502 1198; baseline 0.001 -19"><span class='ocrx_word' id='word_1_511' title='bbox 1926 1125 2006 1196; x_wconf 84' lang='grc' dir='ltr'>τῷ</span> <span class='ocrx_word' id='word_1_512' title='bbox 2036 1125 2284 1196; x_wconf 85' lang='grc' dir='ltr'>μέλλοντι</span> <span class='ocrx_word' id='word_1_513' title='bbox 2315 1127 2470 1179; x_wconf 75' lang='grc' dir='ltr'>αἰῶνι</span> <span class='ocrx_word' id='word_1_514' title='bbox 2500 1126 2602 1197; x_wconf 87' lang='grc' dir='ltr'>τῆς</span> <span class='ocrx_word' id='word_1_515' title='bbox 2628 1126 2755 1193; x_wconf 78' lang='grc' dir='ltr'>περὶ</span> <span class='ocrx_word' id='word_1_516' title='bbox 2790 1129 2935 1197; x_wconf 78' lang='grc' dir='ltr'>ἡμᾶς</span> <span class='ocrx_word' id='word_1_517' title='bbox 2958 1128 3158 1191; x_wconf 81' lang='grc' dir='ltr'>αἰδοῦς,</span> <span class='ocrx_word' id='word_1_518' title='bbox 3189 1127 3284 1181; x_wconf 76' lang='grc' dir='ltr'>καὶ</span> <span class='ocrx_word' id='word_1_519' title='bbox 3315 1130 3502 1198; x_wconf 84' lang='grc' dir='ltr'>τιμῆς,</span> 
     </span>
    </p>
   </div>
   <div class='ocr_carea' id='block_1_71' title="bbox 1927 1216 3507 1288">
    <p class='ocr_par' dir='ltr' id='par_1_71' title="bbox 1927 1216 3507 1288">
     <span class='ocr_line' id='line_1_71' title="bbox 1927 1216 3507 1288; baseline 0 -20"><span class='ocrx_word' id='word_1_520' title='bbox 1927 1216 2022 1269; x_wconf 77' lang='grc' dir='ltr'>καὶ</span> <span class='ocrx_word' id='word_1_521' title='bbox 2049 1216 2275 1286; x_wconf 86' lang='grc' dir='ltr'>γνησίας</span> <span class='ocrx_word' id='word_1_522' title='bbox 2304 1217 2545 1287; x_wconf 86' lang='grc' dir='ltr'>ἀγάπης.</span> <span class='ocrx_word' id='word_1_523' title='bbox 2573 1216 2708 1269; x_wconf 90' lang='grc' dir='ltr'>Οὐδέ</span> <span class='ocrx_word' id='word_1_524' title='bbox 2737 1217 2844 1286; x_wconf 91' lang='grc' dir='ltr'>γάρ</span> <span class='ocrx_word' id='word_1_525' title='bbox 2877 1216 2971 1273; x_wconf 88' lang='grc' dir='ltr'>νῦν</span> <span class='ocrx_word' id='word_1_526' title='bbox 3017 1218 3195 1288; x_wconf 84' lang='grc' dir='ltr'>μόνον,</span> <span class='ocrx_word' id='word_1_527' title='bbox 3228 1216 3365 1271; x_wconf 86' lang='grc' dir='ltr'>ἀλλά</span> <span class='ocrx_word' id='word_1_528' title='bbox 3411 1217 3507 1270; x_wconf 69' lang='grc' dir='ltr'>καὶ</span> 
     </span>
    </p>
   </div>
   <div class='ocr_carea' id='block_1_72' title="bbox 1926 1303 3506 1381">
    <p class='ocr_par' dir='ltr' id='par_1_72' title="bbox 1926 1303 3506 1381">
     <span class='ocr_line' id='line_1_72' title="bbox 1926 1303 3506 1381; baseline -0.001 -18"><span class='ocrx_word' id='word_1_529' title='bbox 1926 1308 2155 1372; x_wconf 81' lang='grc' dir='ltr'>ἄνωθεν,</span> <span class='ocrx_word' id='word_1_530' title='bbox 2195 1309 2291 1363; x_wconf 73' lang='grc' dir='ltr'>καὶ</span> <span class='ocrx_word' id='word_1_531' title='bbox 2333 1308 2391 1373; x_wconf 80' lang='grc' dir='ltr'>ἐξ</span> <span class='ocrx_word' id='word_1_532' title='bbox 2419 1310 2593 1381; x_wconf 87' lang='grc' dir='ltr'>ἀρχῆς</span> <span class='ocrx_word' id='word_1_533' title='bbox 2621 1303 2741 1363; x_wconf 83' lang='grc' dir='ltr'>οἴδα</span> <span class='ocrx_word' id='word_1_534' title='bbox 2776 1308 2983 1378; x_wconf 87' lang='grc' dir='ltr'>σαφῶς,</span> <span class='ocrx_word' id='word_1_535' title='bbox 3013 1310 3160 1373; x_wconf 84' lang='grc' dir='ltr'>ὅπως</span> <span class='ocrx_word' id='word_1_536' title='bbox 3193 1308 3320 1380; x_wconf 80' lang='grc' dir='ltr'>περὶ</span> <span class='ocrx_word' id='word_1_537' title='bbox 3358 1310 3506 1379; x_wconf 78' lang='grc' dir='ltr'>ἡμᾶς</span> 
     </span>
    </p>
   </div>
   <div class='ocr_carea' id='block_1_73' title="bbox 1923 1400 3503 1472">
    <p class='ocr_par' dir='ltr' id='par_1_73' title="bbox 1923 1400 3503 1472">
     <span class='ocr_line' id='line_1_73' title="bbox 1923 1400 3503 1472; baseline 0 -18"><span class='ocrx_word' id='word_1_538' title='bbox 1923 1400 2232 1472; x_wconf 88' lang='grc' dir='ltr'>διατεθῆναι</span> <span class='ocrx_word' id='word_1_539' title='bbox 2283 1401 2644 1465; x_wconf 86' lang='grc' dir='ltr'>ἐσπούδακας.</span> <span class='ocrx_word' id='word_1_540' title='bbox 2683 1400 2782 1455; x_wconf 87' lang='grc' dir='ltr'>Διά</span> <span class='ocrx_word' id='word_1_541' title='bbox 2822 1400 2979 1455; x_wconf 86' lang='grc' dir='ltr'>τοῦτο</span> <span class='ocrx_word' id='word_1_542' title='bbox 3015 1400 3109 1455; x_wconf 76' lang='grc' dir='ltr'>καὶ</span> <span class='ocrx_word' id='word_1_543' title='bbox 3150 1403 3215 1455; x_wconf 80' lang='grc' dir='ltr'>ἐκ</span> <span class='ocrx_word' id='word_1_544' title='bbox 3251 1401 3503 1455; x_wconf 88' lang='grc' dir='ltr'>τοσούτου</span> 
     </span>
    </p>
   </div>
   <div class='ocr_carea' id='block_1_74' title="bbox 1926 1492 3503 1565">
    <p class='ocr_par' dir='ltr' id='par_1_74' title="bbox 1926 1492 3503 1565">
     <span class='ocr_line' id='line_1_74' title="bbox 1926 1492 3503 1565; baseline -0.001 -18"><span class='ocrx_word' id='word_1_545' title='bbox 1926 1494 2236 1563; x_wconf 76' lang='grc' dir='ltr'>καθήμενος</span> <span class='ocrx_word' id='word_1_546' title='bbox 2270 1493 2656 1565; x_wconf 84' lang='grc' dir='ltr'>διαστήματος,</span> <span class='ocrx_word' id='word_1_547' title='bbox 2691 1493 2786 1546; x_wconf 81' lang='grc' dir='ltr'>καὶ</span> <span class='ocrx_word' id='word_1_548' title='bbox 2817 1492 2998 1563; x_wconf 88' lang='grc' dir='ltr'>πολλῷ</span> <span class='ocrx_word' id='word_1_549' title='bbox 3028 1493 3128 1562; x_wconf 87' lang='grc' dir='ltr'>τῆς</span> <span class='ocrx_word' id='word_1_550' title='bbox 3161 1492 3282 1545; x_wconf 83' lang='grc' dir='ltr'>ὁδοῦ</span> <span class='ocrx_word' id='word_1_551' title='bbox 3322 1493 3503 1564; x_wconf 74' lang='grc' dir='ltr'>εἰργό-</span> 
     </span>
    </p>
   </div>
   <div class='ocr_carea' id='block_1_75' title="bbox 1928 1584 3503 1657">
    <p class='ocr_par' dir='ltr' id='par_1_75' title="bbox 1928 1584 3503 1657">
     <span class='ocr_line' id='line_1_75' title="bbox 1928 1584 3503 1657; baseline -0.001 -18"><span class='ocrx_word' id='word_1_552' title='bbox 1928 1603 2087 1656; x_wconf 89' lang='grc' dir='ltr'>μενος</span> <span class='ocrx_word' id='word_1_553' title='bbox 2125 1584 2204 1657; x_wconf 84' lang='grc' dir='ltr'>τῷ</span> <span class='ocrx_word' id='word_1_554' title='bbox 2239 1586 2408 1657; x_wconf 83' lang='grc' dir='ltr'>μέσῳ,</span> <span class='ocrx_word' id='word_1_555' title='bbox 2434 1585 2529 1639; x_wconf 75' lang='lat' dir='ltr'><strong>m1</strong></span> <span class='ocrx_word' id='word_1_556' title='bbox 2560 1588 2617 1640; x_wconf 86' lang='grc' dir='ltr'>ἐν</span> <span class='ocrx_word' id='word_1_557' title='bbox 2652 1585 2875 1649; x_wconf 87' lang='grc' dir='ltr'>πολλαῖς</span> <span class='ocrx_word' id='word_1_558' title='bbox 2904 1584 2980 1639; x_wconf 83' lang='grc' dir='ltr'>ὢν</span> <span class='ocrx_word' id='word_1_559' title='bbox 3007 1584 3240 1637; x_wconf 89' lang='grc' dir='ltr'>ἐνταῦθα</span> <span class='ocrx_word' id='word_1_560' title='bbox 3269 1584 3503 1656; x_wconf 79' lang='grc' dir='ltr'>θλίψεσι,</span> 
     </span>
    </p>
   </div>
   <div class='ocr_carea' id='block_1_76' title="bbox 1924 1676 3505 1749">
    <p class='ocr_par' dir='ltr' id='par_1_76' title="bbox 1924 1676 3505 1749">
     <span class='ocr_line' id='line_1_76' title="bbox 1924 1676 3505 1749; baseline 0.001 -19"><span class='ocrx_word' id='word_1_561' title='bbox 1924 1676 2014 1730; x_wconf 89' lang='grc' dir='ltr'>διά</span> <span class='ocrx_word' id='word_1_562' title='bbox 2050 1693 2111 1729; x_wconf 88' lang='grc' dir='ltr'>τε</span> <span class='ocrx_word' id='word_1_563' title='bbox 2143 1678 2241 1748; x_wconf 84' lang='grc' dir='ltr'>τὴν</span> <span class='ocrx_word' id='word_1_564' title='bbox 2268 1677 2507 1749; x_wconf 85' lang='grc' dir='ltr'>ἐρημίαν</span> <span class='ocrx_word' id='word_1_565' title='bbox 2542 1677 2635 1731; x_wconf 90' lang='grc' dir='ltr'>τοῦ</span> <span class='ocrx_word' id='word_1_566' title='bbox 2672 1678 2875 1749; x_wconf 88' lang='grc' dir='ltr'>χωρίου</span> <span class='ocrx_word' id='word_1_567' title='bbox 2907 1676 3119 1741; x_wconf 88' lang='grc' dir='ltr'>τούτου,</span> <span class='ocrx_word' id='word_1_568' title='bbox 3157 1678 3246 1731; x_wconf 90' lang='grc' dir='ltr'>διά</span> <span class='ocrx_word' id='word_1_569' title='bbox 3283 1694 3345 1731; x_wconf 91' lang='grc' dir='ltr'>τε</span> <span class='ocrx_word' id='word_1_570' title='bbox 3378 1678 3505 1740; x_wconf 79' lang='grc' dir='ltr'>τοὺς</span> 
     </span>
    </p>
   </div>
   <div class='ocr_carea' id='block_1_77' title="bbox 1926 1768 3502 1841">
    <p class='ocr_par' dir='ltr' id='par_1_77' title="bbox 1926 1768 3502 1841">
     <span class='ocr_line' id='line_1_77' title="bbox 1926 1768 3502 1841; baseline 0.001 -19"><span class='ocrx_word' id='word_1_571' title='bbox 1926 1771 2172 1840; x_wconf 86' lang='grc' dir='ltr'>συνεχεῖς</span> <span class='ocrx_word' id='word_1_572' title='bbox 2203 1769 2499 1833; x_wconf 90' lang='grc' dir='ltr'>κινδύνους,</span> <span class='ocrx_word' id='word_1_573' title='bbox 2528 1770 2625 1824; x_wconf 71' lang='grc' dir='ltr'>καὶ</span> <span class='ocrx_word' id='word_1_574' title='bbox 2651 1769 2751 1833; x_wconf 75' lang='grc' dir='ltr'>τὰς</span> <span class='ocrx_word' id='word_1_575' title='bbox 2783 1769 3120 1841; x_wconf 84' lang='grc' dir='ltr'>ἐπαλλήλους</span> <span class='ocrx_word' id='word_1_576' title='bbox 3150 1769 3259 1822; x_wconf 90' lang='grc' dir='ltr'>τῶν</span> <span class='ocrx_word' id='word_1_577' title='bbox 3290 1768 3502 1839; x_wconf 83' lang='grc' dir='ltr'>λῃστῶν</span> 
     </span>
    </p>
   </div>
   <div class='ocr_carea' id='block_1_78' title="bbox 1922 1859 3501 1934">
    <p class='ocr_par' dir='ltr' id='par_1_78' title="bbox 1922 1859 3501 1934">
     <span class='ocr_line' id='line_1_78' title="bbox 1922 1859 3501 1934; baseline -0.003 -19"><span class='ocrx_word' id='word_1_578' title='bbox 1922 1863 2167 1932; x_wconf 88' lang='grc' dir='ltr'>ἐφόδους,</span> <span class='ocrx_word' id='word_1_579' title='bbox 2211 1862 2300 1915; x_wconf 90' lang='grc' dir='ltr'>διά</span> <span class='ocrx_word' id='word_1_580' title='bbox 2344 1879 2404 1915; x_wconf 91' lang='grc' dir='ltr'>τε</span> <span class='ocrx_word' id='word_1_581' title='bbox 2455 1861 2554 1933; x_wconf 82' lang='grc' dir='ltr'>τὴν</span> <span class='ocrx_word' id='word_1_582' title='bbox 2593 1862 2790 1934; x_wconf 78' lang='grc' dir='ltr'>ἰατρῶν</span> <span class='ocrx_word' id='word_1_583' title='bbox 2824 1862 3042 1928; x_wconf 88' lang='grc' dir='ltr'>σπάνιν,</span> <span class='ocrx_word' id='word_1_584' title='bbox 3083 1860 3256 1914; x_wconf 73' lang='grc' dir='ltr'>οὐδενὶ</span> <span class='ocrx_word' id='word_1_585' title='bbox 3295 1859 3501 1914; x_wconf 90' lang='grc' dir='ltr'>τούτων</span> 
     </span>
    </p>
   </div>
   <div class='ocr_carea' id='block_1_79' title="bbox 1923 1952 3497 2025">
    <p class='ocr_par' dir='ltr' id='par_1_79' title="bbox 1923 1952 3497 2025">
     <span class='ocr_line' id='line_1_79' title="bbox 1923 1952 3497 2025; baseline -0.003 -16"><span class='ocrx_word' id='word_1_586' title='bbox 1923 1956 2202 2025; x_wconf 88' lang='grc' dir='ltr'>κωλύομαι</span> <span class='ocrx_word' id='word_1_587' title='bbox 2240 1952 2546 2025; x_wconf 80' lang='grc' dir='ltr'>μεμνῆσθαί</span> <span class='ocrx_word' id='word_1_588' title='bbox 2586 1970 2679 2006; x_wconf 90' lang='grc' dir='ltr'>σου</span> <span class='ocrx_word' id='word_1_589' title='bbox 2716 1953 2978 2025; x_wconf 89' lang='grc' dir='ltr'>διηνεκῶς</span> <span class='ocrx_word' id='word_1_590' title='bbox 3016 1954 3115 2024; x_wconf 87' lang='grc' dir='ltr'>τῆς</span> <span class='ocrx_word' id='word_1_591' title='bbox 3158 1953 3457 2025; x_wconf 80' lang='grc' dir='ltr'>ἐμμελείας</span> <span class='ocrx_word' id='word_1_592' title='bbox 3481 1969 3497 1985; x_wconf 75' lang='grc' dir='ltr'><strong><em>ο</em></strong></span> 
     </span>
    </p>
   </div>
   <div class='ocr_carea' id='block_1_80' title="bbox 1921 2041 3503 2115">
    <p class='ocr_par' dir='ltr' id='par_1_80' title="bbox 1921 2041 3503 2115">
     <span class='ocr_line' id='line_1_80' title="bbox 1921 2041 3503 2115; baseline -0.001 -18"><span class='ocrx_word' id='word_1_593' title='bbox 1921 2043 2058 2097; x_wconf 88' lang='grc' dir='ltr'>ἀλλά</span> <span class='ocrx_word' id='word_1_594' title='bbox 2090 2043 2186 2114; x_wconf 84' lang='grc' dir='ltr'>τὴν</span> <span class='ocrx_word' id='word_1_595' title='bbox 2221 2045 2463 2114; x_wconf 86' lang='grc' dir='ltr'>ἀγάπην,</span> <span class='ocrx_word' id='word_1_596' title='bbox 2502 2043 2569 2115; x_wconf 78' lang='grc' dir='ltr'>ἢν</span> <span class='ocrx_word' id='word_1_597' title='bbox 2604 2041 2663 2109; x_wconf 79' lang='grc' dir='ltr'>ἐξ</span> <span class='ocrx_word' id='word_1_598' title='bbox 2688 2042 2865 2113; x_wconf 82' lang='grc' dir='ltr'>ἀρχῆς</span> <span class='ocrx_word' id='word_1_599' title='bbox 2892 2043 2987 2096; x_wconf 74' lang='grc' dir='ltr'>καὶ</span> <span class='ocrx_word' id='word_1_600' title='bbox 3010 2042 3139 2114; x_wconf 74' lang='grc' dir='ltr'>περὶ</span> <span class='ocrx_word' id='word_1_601' title='bbox 3167 2043 3229 2096; x_wconf 85' lang='grc' dir='ltr'>σέ</span> <span class='ocrx_word' id='word_1_602' title='bbox 3254 2043 3347 2097; x_wconf 74' lang='grc' dir='ltr'>καὶ</span> <span class='ocrx_word' id='word_1_603' title='bbox 3374 2042 3503 2114; x_wconf 60' lang='grc' dir='ltr'>περὶ¹</span> 
     </span>
    </p>
   </div>
   <div class='ocr_carea' id='block_1_81' title="bbox 1919 2129 3500 2204">
    <p class='ocr_par' dir='ltr' id='par_1_81' title="bbox 1919 2129 3500 2204">
     <span class='ocr_line' id='line_1_81' title="bbox 1919 2129 3500 2204; baseline -0.001 -17"><span class='ocrx_word' id='word_1_604' title='bbox 1919 2133 2012 2187; x_wconf 79' lang='grc' dir='ltr'>τὸν</span> <span class='ocrx_word' id='word_1_605' title='bbox 2055 2129 2203 2187; x_wconf 80' lang='grc' dir='ltr'>οἶκόν</span> <span class='ocrx_word' id='word_1_606' title='bbox 2248 2150 2343 2186; x_wconf 92' lang='grc' dir='ltr'>σου</span> <span class='ocrx_word' id='word_1_607' title='bbox 2385 2132 2615 2203; x_wconf 74' lang='grc' dir='ltr'>ἔσχηκα,</span> <span class='ocrx_word' id='word_1_608' title='bbox 2651 2131 2853 2203; x_wconf 89' lang='grc' dir='ltr'>ταύτην</span> <span class='ocrx_word' id='word_1_609' title='bbox 2879 2131 3233 2203; x_wconf 73' lang='grc' dir='ltr'>ἀκμάζουσαν</span> <span class='ocrx_word' id='word_1_610' title='bbox 3258 2132 3500 2204; x_wconf 84' lang='grc' dir='ltr'>διατηρῶ</span> 
     </span>
    </p>
   </div>
   <div class='ocr_carea' id='block_1_82' title="bbox 1922 2221 3501 2293">
    <p class='ocr_par' dir='ltr' id='par_1_82' title="bbox 1922 2221 3501 2293">
     <span class='ocr_line' id='line_1_82' title="bbox 1922 2221 3501 2293; baseline -0.001 -15"><span class='ocrx_word' id='word_1_611' title='bbox 1922 2226 2016 2279; x_wconf 77' lang='grc' dir='ltr'>καὶ</span> <span class='ocrx_word' id='word_1_612' title='bbox 2061 2225 2176 2286; x_wconf 92' lang='grc' dir='ltr'>νῦν,</span> <span class='ocrx_word' id='word_1_613' title='bbox 2218 2225 2368 2278; x_wconf 84' lang='grc' dir='ltr'>οὐδὲν</span> <span class='ocrx_word' id='word_1_614' title='bbox 2411 2224 2533 2277; x_wconf 80' lang='grc' dir='ltr'>οὐδὲ</span> <span class='ocrx_word' id='word_1_615' title='bbox 2573 2224 2682 2277; x_wconf 86' lang='grc' dir='ltr'>ἀπὸ</span> <span class='ocrx_word' id='word_1_616' title='bbox 2708 2221 2803 2276; x_wconf 88' lang='grc' dir='ltr'>τοῦ</span> <span class='ocrx_word' id='word_1_617' title='bbox 2840 2225 3056 2293; x_wconf 89' lang='grc' dir='ltr'>χρόνου,</span> <span class='ocrx_word' id='word_1_618' title='bbox 3091 2223 3212 2276; x_wconf 82' lang='grc' dir='ltr'>οὐδὲ</span> <span class='ocrx_word' id='word_1_619' title='bbox 3261 2225 3368 2277; x_wconf 81' lang='grc' dir='ltr'>ἀπὸ</span> <span class='ocrx_word' id='word_1_620' title='bbox 3406 2222 3501 2277; x_wconf 86' lang='grc' dir='ltr'>τοῦ</span> 
     </span>
    </p>
   </div>
   <div class='ocr_carea' id='block_1_83' title="bbox 1924 2313 3503 2389">
    <p class='ocr_par' dir='ltr' id='par_1_83' title="bbox 1924 2313 3503 2389">
     <span class='ocr_line' id='line_1_83' title="bbox 1924 2313 3503 2389; baseline -0.003 -18"><span class='ocrx_word' id='word_1_621' title='bbox 1924 2318 2132 2389; x_wconf 85' lang='grc' dir='ltr'>μήκους</span> <span class='ocrx_word' id='word_1_622' title='bbox 2161 2316 2261 2385; x_wconf 86' lang='grc' dir='ltr'>τῆς</span> <span class='ocrx_word' id='word_1_623' title='bbox 2294 2315 2415 2368; x_wconf 88' lang='grc' dir='ltr'>ὁδοῦ</span> <span class='ocrx_word' id='word_1_624' title='bbox 2450 2313 2808 2388; x_wconf 84' lang='grc' dir='ltr'>μαραίνεσθαι</span> <span class='ocrx_word' id='word_1_625' title='bbox 2838 2315 3010 2384; x_wconf 78' lang='grc' dir='ltr'>αὐτὴν</span> <span class='ocrx_word' id='word_1_626' title='bbox 3029 2315 3208 2383; x_wconf 82' lang='grc' dir='ltr'>ἀφείς.</span> <span class='ocrx_word' id='word_1_627' title='bbox 3250 2313 3503 2367; x_wconf 88' lang='grc' dir='ltr'>Τοιοῦτον</span> 
     </span>
    </p>
   </div>
   <div class='ocr_carea' id='block_1_84' title="bbox 1920 2405 3503 2481">
    <p class='ocr_par' dir='ltr' id='par_1_84' title="bbox 1920 2405 3503 2481">
     <span class='ocr_line' id='line_1_84' title="bbox 1920 2405 3503 2481; baseline -0.001 -19"><span class='ocrx_word' id='word_1_628' title='bbox 1920 2409 2030 2481; x_wconf 88' lang='grc' dir='ltr'>γάρ</span> <span class='ocrx_word' id='word_1_629' title='bbox 2054 2412 2168 2461; x_wconf 88' lang='grc' dir='ltr'>ἐστι</span> <span class='ocrx_word' id='word_1_630' title='bbox 2196 2408 2256 2460; x_wconf 89' lang='grc' dir='ltr'>τὸ</span> <span class='ocrx_word' id='word_1_631' title='bbox 2284 2408 2502 2478; x_wconf 82' lang='grc' dir='ltr'>ἀγαπᾷν</span> <span class='ocrx_word' id='word_1_632' title='bbox 2533 2407 2790 2476; x_wconf 88' lang='grc' dir='ltr'>γνησίως.</span> <span class='ocrx_word' id='word_1_633' title='bbox 2820 2405 2928 2459; x_wconf 83' lang='grc' dir='ltr'>Καί</span> <span class='ocrx_word' id='word_1_634' title='bbox 2946 2423 3005 2458; x_wconf 91' lang='grc' dir='ltr'>σε</span> <span class='ocrx_word' id='word_1_635' title='bbox 3032 2407 3332 2477; x_wconf 85' lang='grc' dir='ltr'>παρακαλῶ</span> <span class='ocrx_word' id='word_1_636' title='bbox 3361 2409 3503 2460; x_wconf 81' lang='grc' dir='ltr'>κατά</span> 
     </span>
    </p>
   </div>
   <div class='ocr_carea' id='block_1_85' title="bbox 1920 2498 3503 2572">
    <p class='ocr_par' dir='ltr' id='par_1_85' title="bbox 1920 2498 3503 2572">
     <span class='ocr_line' id='line_1_85' title="bbox 1920 2498 3503 2572; baseline -0.001 -19"><span class='ocrx_word' id='word_1_637' title='bbox 1920 2500 2018 2572; x_wconf 83' lang='grc' dir='ltr'>τὴν</span> <span class='ocrx_word' id='word_1_638' title='bbox 2058 2499 2272 2554; x_wconf 88' lang='grc' dir='ltr'>σύνεσίν</span> <span class='ocrx_word' id='word_1_639' title='bbox 2310 2517 2405 2553; x_wconf 90' lang='grc' dir='ltr'>σου</span> <span class='ocrx_word' id='word_1_640' title='bbox 2449 2500 2544 2553; x_wconf 76' lang='grc' dir='ltr'>καὶ</span> <span class='ocrx_word' id='word_1_641' title='bbox 2574 2499 2673 2569; x_wconf 85' lang='grc' dir='ltr'>τὴν</span> <span class='ocrx_word' id='word_1_642' title='bbox 2702 2498 3011 2563; x_wconf 77' lang='grc' dir='ltr'>εὐλάϐειαν,</span> <span class='ocrx_word' id='word_1_643' title='bbox 3049 2499 3236 2569; x_wconf 87' lang='grc' dir='ltr'>φέρειν</span> <span class='ocrx_word' id='word_1_644' title='bbox 3267 2499 3334 2552; x_wconf 81' lang='grc' dir='ltr'>τὰ</span> <span class='ocrx_word' id='word_1_645' title='bbox 3362 2516 3503 2570; x_wconf 91' lang='grc' dir='ltr'>συμ-</span> 
     </span>
    </p>
   </div>
   <div class='ocr_carea' id='block_1_86' title="bbox 1920 2585 3503 2662">
    <p class='ocr_par' dir='ltr' id='par_1_86' title="bbox 1920 2585 3503 2662">
     <span class='ocr_line' id='line_1_86' title="bbox 1920 2585 3503 2662; baseline 0 -19"><span class='ocrx_word' id='word_1_646' title='bbox 1920 2591 2188 2644; x_wconf 86' lang='grc' dir='ltr'>πίπτοντα</span> <span class='ocrx_word' id='word_1_647' title='bbox 2214 2591 2430 2645; x_wconf 83' lang='grc' dir='ltr'>ἆπαντα</span> <span class='ocrx_word' id='word_1_648' title='bbox 2453 2590 2738 2659; x_wconf 88' lang='grc' dir='ltr'>γενναίως.</span> <span class='ocrx_word' id='word_1_649' title='bbox 2763 2585 2935 2643; x_wconf 75' lang='grc' dir='ltr'>Οἶσθα</span> <span class='ocrx_word' id='word_1_650' title='bbox 2958 2590 3068 2661; x_wconf 75' lang='grc' dir='ltr'>γὰρ</span> <span class='ocrx_word' id='word_1_651' title='bbox 3093 2590 3174 2643; x_wconf 79' lang='grc' dir='ltr'>ὃτι</span> <span class='ocrx_word' id='word_1_652' title='bbox 3194 2593 3257 2643; x_wconf 91' lang='grc' dir='ltr'>ἐκ</span> <span class='ocrx_word' id='word_1_653' title='bbox 3277 2590 3503 2662; x_wconf 81' lang='grc' dir='ltr'>πρώτης</span> 
     </span>
    </p>
   </div>
   <div class='ocr_carea' id='block_1_87' title="bbox 1919 2680 3503 2757">
    <p class='ocr_par' dir='ltr' id='par_1_87' title="bbox 1919 2680 3503 2757">
     <span class='ocr_line' id='line_1_87' title="bbox 1919 2680 3503 2757; baseline -0.001 -21"><span class='ocrx_word' id='word_1_654' title='bbox 1919 2684 2138 2757; x_wconf 85' lang='grc' dir='ltr'>ἡλικίας</span> <span class='ocrx_word' id='word_1_655' title='bbox 2169 2683 2333 2753; x_wconf 85' lang='grc' dir='ltr'>μέχρι</span> <span class='ocrx_word' id='word_1_656' title='bbox 2357 2681 2452 2735; x_wconf 90' lang='grc' dir='ltr'>τοῦ</span> <span class='ocrx_word' id='word_1_657' title='bbox 2480 2681 2576 2735; x_wconf 91' lang='grc' dir='ltr'>νῦν</span> <span class='ocrx_word' id='word_1_658' title='bbox 2602 2680 2691 2734; x_wconf 89' lang='grc' dir='ltr'>διά</span> <span class='ocrx_word' id='word_1_659' title='bbox 2723 2680 2982 2737; x_wconf 87' lang='grc' dir='ltr'>ποικίλων</span> <span class='ocrx_word' id='word_1_660' title='bbox 3011 2682 3108 2735; x_wconf 80' lang='grc' dir='ltr'>καὶ</span> <span class='ocrx_word' id='word_1_661' title='bbox 3144 2682 3503 2736; x_wconf 84' lang='grc' dir='ltr'>παντοδαπῶν</span> 
     </span>
    </p>
   </div>
   <div class='ocr_carea' id='block_1_88' title="bbox 1920 2771 3503 2845">
    <p class='ocr_par' dir='ltr' id='par_1_88' title="bbox 1920 2771 3503 2845">
     <span class='ocr_line' id='line_1_88' title="bbox 1920 2771 3503 2845; baseline -0.001 -18"><span class='ocrx_word' id='word_1_662' title='bbox 1920 2773 2108 2845; x_wconf 83' lang='grc' dir='ltr'>σχεδὸν</span> <span class='ocrx_word' id='word_1_663' title='bbox 2152 2773 2395 2834; x_wconf 85' lang='grc' dir='ltr'>ὣδευσας</span> <span class='ocrx_word' id='word_1_664' title='bbox 2446 2771 2791 2841; x_wconf 87' lang='grc' dir='ltr'>πειρασμῶν,</span> <span class='ocrx_word' id='word_1_665' title='bbox 2844 2773 2941 2824; x_wconf 79' lang='grc' dir='ltr'>καὶ</span> <span class='ocrx_word' id='word_1_666' title='bbox 2987 2771 3211 2825; x_wconf 87' lang='grc' dir='ltr'>δύνασαι</span> <span class='ocrx_word' id='word_1_667' title='bbox 3266 2773 3381 2842; x_wconf 84' lang='grc' dir='ltr'>μετ’</span> <span class='ocrx_word' id='word_1_668' title='bbox 3412 2773 3503 2825; x_wconf 83' lang='grc' dir='ltr'>εὐ-</span> 
     </span>
    </p>
   </div>
   <div class='ocr_carea' id='block_1_89' title="bbox 1919 2858 3502 2935">
    <p class='ocr_par' dir='ltr' id='par_1_89' title="bbox 1919 2858 3502 2935">
     <span class='ocr_line' id='line_1_89' title="bbox 1919 2858 3502 2935; baseline -0.002 -16"><span class='ocrx_word' id='word_1_669' title='bbox 1919 2865 2104 2928; x_wconf 85' lang='grc' dir='ltr'>κολίας</span> <span class='ocrx_word' id='word_1_670' title='bbox 2134 2864 2226 2917; x_wconf 80' lang='grc' dir='ltr'>τὺν</span> <span class='ocrx_word' id='word_1_671' title='bbox 2261 2863 2361 2934; x_wconf 87' lang='grc' dir='ltr'>τῆς</span> <span class='ocrx_word' id='word_1_672' title='bbox 2392 2863 2667 2932; x_wconf 85' lang='grc' dir='ltr'>ὑπομονῆς</span> <span class='ocrx_word' id='word_1_673' title='bbox 2698 2858 2861 2916; x_wconf 85' lang='grc' dir='ltr'>ἆθλον</span> <span class='ocrx_word' id='word_1_674' title='bbox 2890 2861 3274 2931; x_wconf 79' lang='grc' dir='ltr'>ἀγωνίζεσθαι,</span> <span class='ocrx_word' id='word_1_675' title='bbox 3314 2864 3502 2935; x_wconf 81' lang='grc' dir='ltr'>ὥσπερ</span> 
     </span>
    </p>
   </div>
   <div class='ocr_carea' id='block_1_90' title="bbox 1918 2950 3501 3025">
    <p class='ocr_par' dir='ltr' id='par_1_90' title="bbox 1918 2950 3501 3025">
     <span class='ocr_line' id='line_1_90' title="bbox 1918 2950 3501 3025; baseline -0.001 -17"><span class='ocrx_word' id='word_1_676' title='bbox 1918 2950 2010 3008; x_wconf 85' lang='grc' dir='ltr'>οῦν</span> <span class='ocrx_word' id='word_1_677' title='bbox 2039 2956 2132 3008; x_wconf 77' lang='grc' dir='ltr'>καὶ</span> <span class='ocrx_word' id='word_1_678' title='bbox 2162 2953 2418 3024; x_wconf 81' lang='grc' dir='ltr'>ἠγωνίσω</span> <span class='ocrx_word' id='word_1_679' title='bbox 2444 2952 2726 3016; x_wconf 89' lang='grc' dir='ltr'>πολλάκις,</span> <span class='ocrx_word' id='word_1_680' title='bbox 2761 2953 2856 3006; x_wconf 70' lang='grc' dir='ltr'>καὶ</span> <span class='ocrx_word' id='word_1_681' title='bbox 2886 2952 3170 3023; x_wconf 83' lang='grc' dir='ltr'>λαμπροὺς</span> <span class='ocrx_word' id='word_1_682' title='bbox 3208 2954 3345 3025; x_wconf 79' lang='grc' dir='ltr'>ὑπὲρ</span> <span class='ocrx_word' id='word_1_683' title='bbox 3373 2955 3501 3007; x_wconf 86' lang='grc' dir='ltr'>τού-</span> 
     </span>
    </p>
   </div>
   <div class='ocr_carea' id='block_1_91' title="bbox 1917 3046 3503 3119">
    <p class='ocr_par' dir='ltr' id='par_1_91' title="bbox 1917 3046 3503 3119">
     <span class='ocr_line' id='line_1_91' title="bbox 1917 3046 3503 3119; baseline 0.001 -17"><span class='ocrx_word' id='word_1_684' title='bbox 1917 3066 2024 3102; x_wconf 90' lang='grc' dir='ltr'>των</span> <span class='ocrx_word' id='word_1_685' title='bbox 2056 3051 2256 3119; x_wconf 81' lang='grc' dir='ltr'>σεαυτῇ</span> <span class='ocrx_word' id='word_1_686' title='bbox 2288 3046 2601 3117; x_wconf 90' lang='grc' dir='ltr'>προαπέθου</span> <span class='ocrx_word' id='word_1_687' title='bbox 2630 3048 2755 3109; x_wconf 74' lang='grc' dir='ltr'>τοὺς</span> <span class='ocrx_word' id='word_1_688' title='bbox 2778 3047 3098 3114; x_wconf 86' lang='grc' dir='ltr'>στεφάνους.</span> <span class='ocrx_word' id='word_1_689' title='bbox 3131 3047 3193 3099; x_wconf 76' lang='lat' dir='ltr'>El</span> <span class='ocrx_word' id='word_1_690' title='bbox 3214 3047 3270 3100; x_wconf 87' lang='grc' dir='ltr'>δέ</span> <span class='ocrx_word' id='word_1_691' title='bbox 3303 3046 3503 3119; x_wconf 78' lang='grc' dir='ltr'>μείζων</span> 
     </span>
    </p>
   </div>
   <div class='ocr_carea' id='block_1_92' title="bbox 1917 3132 3499 3210">
    <p class='ocr_par' dir='ltr' id='par_1_92' title="bbox 1917 3132 3499 3210">
     <span class='ocr_line' id='line_1_92' title="bbox 1917 3132 3499 3210; baseline -0.002 -16"><span class='ocrx_word' id='word_1_692' title='bbox 1917 3132 2068 3203; x_wconf 69' lang='grc' dir='ltr'>οὗτος</span> <span class='ocrx_word' id='word_1_693' title='bbox 2093 3138 2201 3192; x_wconf 90' lang='grc' dir='ltr'>τῶν</span> <span class='ocrx_word' id='word_1_694' title='bbox 2224 3136 2622 3210; x_wconf 83' lang='grc' dir='ltr'>παρελθόντων,</span> <span class='ocrx_word' id='word_1_695' title='bbox 2648 3135 2784 3189; x_wconf 85' lang='grc' dir='ltr'>ἀλλά</span> <span class='ocrx_word' id='word_1_696' title='bbox 2815 3137 2907 3189; x_wconf 82' lang='grc' dir='ltr'>καὶ</span> <span class='ocrx_word' id='word_1_697' title='bbox 2932 3137 2960 3187; x_wconf 91' lang='grc' dir='ltr'>ὁ</span> <span class='ocrx_word' id='word_1_698' title='bbox 2985 3136 3247 3206; x_wconf 86' lang='grc' dir='ltr'>στέφανος</span> <span class='ocrx_word' id='word_1_699' title='bbox 3278 3137 3499 3193; x_wconf 89' lang='grc' dir='ltr'>πλείων.</span> 
     </span>
    </p>
   </div>
   <div class='ocr_carea' id='block_1_93' title="bbox 1917 3226 3499 3301">
    <p class='ocr_par' dir='ltr' id='par_1_93' title="bbox 1917 3226 3499 3301">
     <span class='ocr_line' id='line_1_93' title="bbox 1917 3226 3499 3301; baseline -0.001 -17"><span class='ocrx_word' id='word_1_700' title='bbox 1917 3231 2100 3301; x_wconf 81' lang='grc' dir='ltr'>Μηδὲν</span> <span class='ocrx_word' id='word_1_701' title='bbox 2144 3226 2236 3283; x_wconf 82' lang='grc' dir='ltr'>οῦν</span> <span class='ocrx_word' id='word_1_702' title='bbox 2285 3246 2345 3282; x_wconf 90' lang='grc' dir='ltr'>σε</span> <span class='ocrx_word' id='word_1_703' title='bbox 2393 3228 2706 3299; x_wconf 85' lang='grc' dir='ltr'>ταραττέτω</span> <span class='ocrx_word' id='word_1_704' title='bbox 2752 3227 2860 3280; x_wconf 92' lang='grc' dir='ltr'>τῶν</span> <span class='ocrx_word' id='word_1_705' title='bbox 2909 3228 3264 3298; x_wconf 87' lang='grc' dir='ltr'>ἐπαγομένων</span> <span class='ocrx_word' id='word_1_706' title='bbox 3292 3228 3499 3282; x_wconf 86' lang='grc' dir='ltr'>δεινῶν·</span> 
     </span>
    </p>
   </div>
   <div class='ocr_carea' id='block_1_94' title="bbox 1917 3319 3496 3393">
    <p class='ocr_par' dir='ltr' id='par_1_94' title="bbox 1917 3319 3496 3393">
     <span class='ocr_line' id='line_1_94' title="bbox 1917 3319 3496 3393; baseline -0.002 -16"><span class='ocrx_word' id='word_1_707' title='bbox 1917 3323 2033 3378; x_wconf 78' lang='grc' dir='ltr'>ἀλλ’</span> <span class='ocrx_word' id='word_1_708' title='bbox 2072 3324 2290 3393; x_wconf 83' lang='grc' dir='ltr'>ὅσῳπερ</span> <span class='ocrx_word' id='word_1_709' title='bbox 2322 3321 2388 3375; x_wconf 82' lang='grc' dir='ltr'>ἂν</span> <span class='ocrx_word' id='word_1_710' title='bbox 2423 3320 2653 3391; x_wconf 75' lang='grc' dir='ltr'>αὔξηται</span> <span class='ocrx_word' id='word_1_711' title='bbox 2692 3319 2761 3372; x_wconf 87' lang='grc' dir='ltr'>τά</span> <span class='ocrx_word' id='word_1_712' title='bbox 2791 3319 3031 3390; x_wconf 83' lang='grc' dir='ltr'>κύματα,</span> <span class='ocrx_word' id='word_1_713' title='bbox 3059 3321 3153 3374; x_wconf 77' lang='grc' dir='ltr'>καὶ</span> <span class='ocrx_word' id='word_1_714' title='bbox 3185 3321 3368 3392; x_wconf 76' lang='grc' dir='ltr'>μεῖζον</span> <span class='ocrx_word' id='word_1_715' title='bbox 3397 3322 3496 3390; x_wconf 85' lang='grc' dir='ltr'>γέ-</span> 
     </span>
    </p>
   </div>
   <div class='ocr_carea' id='block_1_95' title="bbox 1917 3411 3503 3486">
    <p class='ocr_par' dir='ltr' id='par_1_95' title="bbox 1917 3411 3503 3486">
     <span class='ocr_line' id='line_1_95' title="bbox 1917 3411 3503 3486; baseline -0.004 -17"><span class='ocrx_word' id='word_1_716' title='bbox 1917 3412 2076 3486; x_wconf 76' lang='grc' dir='ltr'>νηται</span> <span class='ocrx_word' id='word_1_717' title='bbox 2127 3414 2187 3467; x_wconf 74' lang='grc' dir='ltr'>τὸ</span> <span class='ocrx_word' id='word_1_718' title='bbox 2223 3411 2533 3477; x_wconf 84' lang='grc' dir='ltr'>κλυδώνιον,</span> <span class='ocrx_word' id='word_1_719' title='bbox 2574 3413 2814 3483; x_wconf 78' lang='grc' dir='ltr'>τοσούτῳ</span> <span class='ocrx_word' id='word_1_720' title='bbox 2862 3413 3087 3483; x_wconf 82' lang='grc' dir='ltr'>μείζονα</span> <span class='ocrx_word' id='word_1_721' title='bbox 3131 3414 3370 3485; x_wconf 88' lang='grc' dir='ltr'>ἀνάμενε</span> <span class='ocrx_word' id='word_1_722' title='bbox 3403 3413 3503 3483; x_wconf 81' lang='grc' dir='ltr'>τὴν</span> 
     </span>
    </p>
   </div>
   <div class='ocr_carea' id='block_1_96' title="bbox 1919 3503 3504 3577">
    <p class='ocr_par' dir='ltr' id='par_1_96' title="bbox 1919 3503 3504 3577">
     <span class='ocr_line' id='line_1_96' title="bbox 1919 3503 3504 3577; baseline -0.001 -18"><span class='ocrx_word' id='word_1_723' title='bbox 1919 3504 2210 3577; x_wconf 86' lang='grc' dir='ltr'>ἐμπορίαν,</span> <span class='ocrx_word' id='word_1_724' title='bbox 2238 3505 2332 3557; x_wconf 77' lang='grc' dir='ltr'>καὶ</span> <span class='ocrx_word' id='word_1_725' title='bbox 2364 3503 2544 3573; x_wconf 85' lang='grc' dir='ltr'>πολλῷ</span> <span class='ocrx_word' id='word_1_726' title='bbox 2577 3504 2800 3558; x_wconf 88' lang='grc' dir='ltr'>πλείονα</span> <span class='ocrx_word' id='word_1_727' title='bbox 2835 3503 2904 3556; x_wconf 86' lang='grc' dir='ltr'>τὰ</span> <span class='ocrx_word' id='word_1_728' title='bbox 2937 3503 3148 3557; x_wconf 76' lang='grc' dir='ltr'>ἔπαθλα</span> <span class='ocrx_word' id='word_1_729' title='bbox 3186 3503 3295 3557; x_wconf 90' lang='grc' dir='ltr'>τῶν</span> <span class='ocrx_word' id='word_1_730' title='bbox 3345 3503 3504 3576; x_wconf 66' lang='lat' dir='ltr'>169d;-</span> 
     </span>
    </p>
   </div>
   <div class='ocr_carea' id='block_1_97' title="bbox 1917 3594 3504 3668">
    <p class='ocr_par' dir='ltr' id='par_1_97' title="bbox 1917 3594 3504 3668">
     <span class='ocr_line' id='line_1_97' title="bbox 1917 3594 3504 3668; baseline -0.003 -15"><span class='ocrx_word' id='word_1_731' title='bbox 1917 3617 2045 3667; x_wconf 86' lang='grc' dir='ltr'>των,</span> <span class='ocrx_word' id='word_1_732' title='bbox 2079 3598 2175 3652; x_wconf 71' lang='grc' dir='ltr'>καὶ</span> <span class='ocrx_word' id='word_1_733' title='bbox 2213 3594 2454 3668; x_wconf 77' lang='grc' dir='ltr'>μείζονα,</span> <span class='ocrx_word' id='word_1_734' title='bbox 2486 3596 2579 3648; x_wconf 79' lang='grc' dir='ltr'>καὶ</span> <span class='ocrx_word' id='word_1_735' title='bbox 2611 3594 2986 3666; x_wconf 87' lang='grc' dir='ltr'>λαμπρότερα.</span> <span class='ocrx_word' id='word_1_736' title='bbox 3008 3596 3089 3647; x_wconf 82' lang='grc' dir='ltr'>οὐ</span> <span class='ocrx_word' id='word_1_737' title='bbox 3128 3594 3236 3665; x_wconf 81' lang='grc' dir='ltr'>γὰρ</span> <span class='ocrx_word' id='word_1_738' title='bbox 3265 3595 3406 3655; x_wconf 80' lang='grc' dir='ltr'>ἄξια</span> <span class='ocrx_word' id='word_1_739' title='bbox 3429 3598 3504 3649; x_wconf 79' lang='grc' dir='ltr'>τὰ</span> 
     </span>
    </p>
   </div>
   <div class='ocr_carea' id='block_1_98' title="bbox 1917 3683 3503 3757">
    <p class='ocr_par' dir='ltr' id='par_1_98' title="bbox 1917 3683 3503 3757">
     <span class='ocr_line' id='line_1_98' title="bbox 1917 3683 3503 3757; baseline -0.003 -16"><span class='ocrx_word' id='word_1_740' title='bbox 1917 3687 2237 3757; x_wconf 78' lang='grc' dir='ltr'>παθήματα</span> <span class='ocrx_word' id='word_1_741' title='bbox 2268 3685 2374 3740; x_wconf 88' lang='grc' dir='ltr'>τοῦ</span> <span class='ocrx_word' id='word_1_742' title='bbox 2412 3685 2529 3738; x_wconf 76' lang='grc' dir='ltr'>νῦν</span> <span class='ocrx_word' id='word_1_743' title='bbox 2556 3685 2765 3753; x_wconf 82' lang='grc' dir='ltr'>καιροῦ</span> <span class='ocrx_word' id='word_1_744' title='bbox 2808 3684 2962 3753; x_wconf 79' lang='grc' dir='ltr'>πρὸς</span> <span class='ocrx_word' id='word_1_745' title='bbox 3000 3684 3118 3752; x_wconf 76' lang='grc' dir='ltr'>τὴν</span> <span class='ocrx_word' id='word_1_746' title='bbox 3145 3683 3503 3751; x_wconf 73' lang='grc' dir='ltr'>μέλλουσαν</span> 
     </span>
    </p>
   </div>
   <div class='ocr_carea' id='block_1_99' title="bbox 1918 3776 3503 3847">
    <p class='ocr_par' dir='ltr' id='par_1_99' title="bbox 1918 3776 3503 3847">
     <span class='ocr_line' id='line_1_99' title="bbox 1918 3776 3503 3847; baseline -0.002 -14"><span class='ocrx_word' id='word_1_747' title='bbox 1918 3780 2108 3844; x_wconf 77' lang='grc' dir='ltr'>δόξαν</span> <span class='ocrx_word' id='word_1_748' title='bbox 2159 3780 2693 3833; x_wconf 74' lang='grc' dir='ltr'>ἀποκαλύπτεσθαι</span> <span class='ocrx_word' id='word_1_749' title='bbox 2746 3778 2836 3841; x_wconf 82' lang='grc' dir='ltr'>εὶς</span> <span class='ocrx_word' id='word_1_750' title='bbox 2880 3776 3060 3844; x_wconf 74' lang='grc' dir='ltr'>ἡμᾶς.</span> <span class='ocrx_word' id='word_1_751' title='bbox 3095 3776 3243 3839; x_wconf 85' lang='grc' dir='ltr'>Ὁδὸς</span> <span class='ocrx_word' id='word_1_752' title='bbox 3280 3776 3389 3847; x_wconf 90' lang='grc' dir='ltr'>γάρ</span> <span class='ocrx_word' id='word_1_753' title='bbox 3432 3777 3503 3830; x_wconf 88' lang='grc' dir='ltr'>τά</span> 
     </span>
    </p>
   </div>
   <div class='ocr_carea' id='block_1_100' title="bbox 1918 3866 3501 3942">
    <p class='ocr_par' dir='ltr' id='par_1_100' title="bbox 1918 3866 3501 3942">
     <span class='ocr_line' id='line_1_100' title="bbox 1918 3866 3501 3942; baseline -0.003 -18"><span class='ocrx_word' id='word_1_754' title='bbox 1918 3872 2181 3942; x_wconf 86' lang='grc' dir='ltr'>παρόντα.</span> <span class='ocrx_word' id='word_1_755' title='bbox 2229 3871 2324 3923; x_wconf 70' lang='grc' dir='ltr'>καὶ</span> <span class='ocrx_word' id='word_1_756' title='bbox 2375 3868 2443 3922; x_wconf 82' lang='grc' dir='ltr'>τὰ</span> <span class='ocrx_word' id='word_1_757' title='bbox 2492 3867 2725 3940; x_wconf 85' lang='grc' dir='ltr'>χρηστὰ,</span> <span class='ocrx_word' id='word_1_758' title='bbox 2773 3868 2866 3921; x_wconf 76' lang='grc' dir='ltr'>καὶ</span> <span class='ocrx_word' id='word_1_759' title='bbox 2894 3868 2964 3920; x_wconf 82' lang='grc' dir='ltr'>τὰ</span> <span class='ocrx_word' id='word_1_760' title='bbox 2998 3866 3220 3938; x_wconf 82' lang='grc' dir='ltr'>λυπηρὰ</span> <span class='ocrx_word' id='word_1_761' title='bbox 3257 3867 3352 3919; x_wconf 90' lang='grc' dir='ltr'>τοῦ</span> <span class='ocrx_word' id='word_1_762' title='bbox 3382 3866 3501 3937; x_wconf 87' lang='grc' dir='ltr'>βίου</span> 
     </span>
    </p>
   </div>
   <div class='ocr_carea' id='block_1_101' title="bbox 1917 3957 3500 4028">
    <p class='ocr_par' dir='ltr' id='par_1_101' title="bbox 1917 3957 3500 4028">
     <span class='ocr_line' id='line_1_101' title="bbox 1917 3957 3500 4028; baseline -0.001 -15"><span class='ocrx_word' id='word_1_763' title='bbox 1917 3961 2129 4027; x_wconf 87' lang='grc' dir='ltr'>τούτου,</span> <span class='ocrx_word' id='word_1_764' title='bbox 2163 3962 2257 4012; x_wconf 77' lang='grc' dir='ltr'>καὶ</span> <span class='ocrx_word' id='word_1_765' title='bbox 2288 3957 2527 4028; x_wconf 84' lang='grc' dir='ltr'>ἑκάτερα</span> <span class='ocrx_word' id='word_1_766' title='bbox 2558 3958 2759 4028; x_wconf 88' lang='grc' dir='ltr'>ὁμοίως</span> <span class='ocrx_word' id='word_1_767' title='bbox 2803 3957 3178 4028; x_wconf 82' lang='grc' dir='ltr'>παροδεύεται,</span> <span class='ocrx_word' id='word_1_768' title='bbox 3216 3957 3312 4011; x_wconf 74' lang='grc' dir='ltr'>καὶ</span> <span class='ocrx_word' id='word_1_769' title='bbox 3348 3957 3500 4012; x_wconf 80' lang='grc' dir='ltr'>οὐδὲν</span> 
     </span>
    </p>
   </div>
   <div class='ocr_carea' id='block_1_102' title="bbox 1918 4048 3500 4121">
    <p class='ocr_par' dir='ltr' id='par_1_102' title="bbox 1918 4048 3500 4121">
     <span class='ocr_line' id='line_1_102' title="bbox 1918 4048 3500 4121; baseline -0.004 -14"><span class='ocrx_word' id='word_1_770' title='bbox 1918 4053 2097 4107; x_wconf 88' lang='grc' dir='ltr'>αὐτῶν</span> <span class='ocrx_word' id='word_1_771' title='bbox 2152 4051 2368 4120; x_wconf 90' lang='grc' dir='ltr'>πάγιον,</span> <span class='ocrx_word' id='word_1_772' title='bbox 2412 4050 2533 4103; x_wconf 88' lang='grc' dir='ltr'>οὐδέ</span> <span class='ocrx_word' id='word_1_773' title='bbox 2584 4049 2814 4121; x_wconf 78' lang='grc' dir='ltr'>βεϐηκὸς</span> <span class='ocrx_word' id='word_1_774' title='bbox 2850 4060 2899 4112; x_wconf 76' lang='grc' dir='ltr'>ο,</span> <span class='ocrx_word' id='word_1_775' title='bbox 2943 4048 3080 4102; x_wconf 83' lang='grc' dir='ltr'>ἀλλὰ</span> <span class='ocrx_word' id='word_1_776' title='bbox 3110 4052 3360 4119; x_wconf 89' lang='grc' dir='ltr'>μιμεῖται</span> <span class='ocrx_word' id='word_1_777' title='bbox 3401 4050 3500 4119; x_wconf 85' lang='grc' dir='ltr'>τὴν</span> 
     </span>
    </p>
   </div>
   <div class='ocr_carea' id='block_1_103' title="bbox 1921 4138 3502 4213">
    <p class='ocr_par' dir='ltr' id='par_1_103' title="bbox 1921 4138 3502 4213">
     <span class='ocr_line' id='line_1_103' title="bbox 1921 4138 3502 4213; baseline -0.002 -17"><span class='ocrx_word' id='word_1_778' title='bbox 1921 4142 2099 4213; x_wconf 82' lang='grc' dir='ltr'>φύσιν,</span> <span class='ocrx_word' id='word_1_779' title='bbox 2123 4143 2256 4213; x_wconf 86' lang='grc' dir='ltr'>ὁμοῦ</span> <span class='ocrx_word' id='word_1_780' title='bbox 2284 4159 2342 4196; x_wconf 90' lang='grc' dir='ltr'>τε</span> <span class='ocrx_word' id='word_1_781' title='bbox 2373 4141 2695 4212; x_wconf 87' lang='grc' dir='ltr'>φαινόμενα,</span> <span class='ocrx_word' id='word_1_782' title='bbox 2736 4140 2833 4193; x_wconf 79' lang='grc' dir='ltr'>καὶ</span> <span class='ocrx_word' id='word_1_783' title='bbox 2854 4140 3287 4211; x_wconf 77' lang='grc' dir='ltr'>παρα-τρέχοντα.</span> <span class='ocrx_word' id='word_1_784' title='bbox 3319 4138 3502 4193; x_wconf 83' lang='grc' dir='ltr'>Καθά-</span> 
     </span>
    </p>
   </div>
   <div class='ocr_carea' id='block_1_104' title="bbox 1921 4232 3499 4309">
    <p class='ocr_par' dir='ltr' id='par_1_104' title="bbox 1921 4232 3499 4309">
     <span class='ocr_line' id='line_1_104' title="bbox 1921 4232 3499 4309; baseline -0.004 -18"><span class='ocrx_word' id='word_1_785' title='bbox 1921 4256 2026 4309; x_wconf 83' lang='grc' dir='ltr'>περ</span> <span class='ocrx_word' id='word_1_786' title='bbox 2062 4234 2155 4290; x_wconf 78' lang='grc' dir='ltr'>οὖν</span> <span class='ocrx_word' id='word_1_787' title='bbox 2199 4237 2368 4290; x_wconf 84' lang='grc' dir='ltr'>ὁδῖται</span> <span class='ocrx_word' id='word_1_788' title='bbox 2417 4235 2512 4288; x_wconf 78' lang='grc' dir='ltr'>καὶ</span> <span class='ocrx_word' id='word_1_789' title='bbox 2543 4234 2810 4306; x_wconf 83' lang='grc' dir='ltr'>ὁδοιπόροι</span> <span class='ocrx_word' id='word_1_790' title='bbox 2856 4234 2921 4287; x_wconf 81' lang='grc' dir='ltr'>ἄν</span> <span class='ocrx_word' id='word_1_791' title='bbox 2964 4250 3026 4286; x_wconf 92' lang='grc' dir='ltr'>τε</span> <span class='ocrx_word' id='word_1_792' title='bbox 3073 4233 3163 4286; x_wconf 81' lang='grc' dir='ltr'>διὰ</span> <span class='ocrx_word' id='word_1_793' title='bbox 3221 4232 3499 4304; x_wconf 89' lang='grc' dir='ltr'>λειμώνων</span> 
     </span>
    </p>
   </div>
   <div class='ocr_carea' id='block_1_105' title="bbox 1918 4324 3501 4397">
    <p class='ocr_par' dir='ltr' id='par_1_105' title="bbox 1918 4324 3501 4397">
     <span class='ocr_line' id='line_1_105' title="bbox 1918 4324 3501 4397; baseline -0.003 -15"><span class='ocrx_word' id='word_1_794' title='bbox 1918 4330 2192 4390; x_wconf 85' lang='grc' dir='ltr'>όδεύωσιν,</span> <span class='ocrx_word' id='word_1_795' title='bbox 2220 4327 2285 4381; x_wconf 78' lang='grc' dir='ltr'>ἄν</span> <span class='ocrx_word' id='word_1_796' title='bbox 2302 4344 2361 4379; x_wconf 89' lang='grc' dir='ltr'>τε</span> <span class='ocrx_word' id='word_1_797' title='bbox 2378 4326 2466 4380; x_wconf 85' lang='grc' dir='ltr'>διὰ</span> <span class='ocrx_word' id='word_1_798' title='bbox 2495 4328 2810 4397; x_wconf 88' lang='grc' dir='ltr'>φαράγγων,</span> <span class='ocrx_word' id='word_1_799' title='bbox 2834 4326 3090 4396; x_wconf 89' lang='grc' dir='ltr'>οὐδεμίαν</span> <span class='ocrx_word' id='word_1_800' title='bbox 3113 4325 3232 4379; x_wconf 86' lang='grc' dir='ltr'>οὐδὲ</span> <span class='ocrx_word' id='word_1_801' title='bbox 3251 4324 3501 4378; x_wconf 88' lang='grc' dir='ltr'>ἐντεῦθεν</span> 
     </span>
    </p>
   </div>
   <div class='ocr_carea' id='block_1_106' title="bbox 1918 4416 3494 4490">
    <p class='ocr_par' dir='ltr' id='par_1_106' title="bbox 1918 4416 3494 4490">
     <span class='ocr_line' id='line_1_106' title="bbox 1918 4416 3494 4490; baseline -0.003 -16"><span class='ocrx_word' id='word_1_802' title='bbox 1918 4419 2258 4490; x_wconf 84' lang='grc' dir='ltr'>καρποῦνται</span> <span class='ocrx_word' id='word_1_803' title='bbox 2289 4417 2387 4488; x_wconf 82' lang='grc' dir='ltr'>τὴν</span> <span class='ocrx_word' id='word_1_804' title='bbox 2418 4417 2630 4489; x_wconf 82' lang='grc' dir='ltr'>ἡδονὴν,</span> <span class='ocrx_word' id='word_1_805' title='bbox 2657 4418 2776 4471; x_wconf 87' lang='grc' dir='ltr'>οὐδὲ</span> <span class='ocrx_word' id='word_1_806' title='bbox 2808 4416 3018 4470; x_wconf 84' lang='grc' dir='ltr'>ἐκεῖθεν</span> <span class='ocrx_word' id='word_1_807' title='bbox 3042 4417 3375 4486; x_wconf 85' lang='grc' dir='ltr'>ὑπομένουσι</span> <span class='ocrx_word' id='word_1_808' title='bbox 3403 4417 3494 4469; x_wconf 88' lang='grc' dir='ltr'>λύ-</span> 
     </span>
    </p>
   </div>
   <div class='ocr_carea' id='block_1_107' title="bbox 1919 4509 3499 4582">
    <p class='ocr_par' dir='ltr' id='par_1_107' title="bbox 1919 4509 3499 4582">
     <span class='ocr_line' id='line_1_107' title="bbox 1919 4509 3499 4582; baseline -0.004 -16"><span class='ocrx_word' id='word_1_809' title='bbox 1919 4529 2048 4582; x_wconf 75' lang='grc' dir='ltr'>πηνο</span> <span class='ocrx_word' id='word_1_810' title='bbox 2085 4512 2256 4565; x_wconf 82' lang='grc' dir='ltr'>ὁδῖται</span> <span class='ocrx_word' id='word_1_811' title='bbox 2289 4509 2399 4581; x_wconf 89' lang='grc' dir='ltr'>γάρ</span> <span class='ocrx_word' id='word_1_812' title='bbox 2434 4510 2594 4575; x_wconf 82' lang='grc' dir='ltr'>εἰσιν,</span> <span class='ocrx_word' id='word_1_813' title='bbox 2626 4511 2747 4579; x_wconf 83' lang='grc' dir='ltr'>οὐχὶ</span> <span class='ocrx_word' id='word_1_814' title='bbox 2788 4510 3023 4571; x_wconf 88' lang='grc' dir='ltr'>πολῖται,</span> <span class='ocrx_word' id='word_1_815' title='bbox 3053 4510 3290 4579; x_wconf 77' lang='grc' dir='ltr'>ἑκάτερα</span> <span class='ocrx_word' id='word_1_816' title='bbox 3319 4525 3499 4578; x_wconf 85' lang='grc' dir='ltr'>παρα-</span> 
     </span>
    </p>
   </div>
   <div class='ocr_carea' id='block_1_108' title="bbox 1915 4598 3502 4674">
    <p class='ocr_par' dir='ltr' id='par_1_108' title="bbox 1915 4598 3502 4674">
     <span class='ocr_line' id='line_1_108' title="bbox 1915 4598 3502 4674; baseline -0.004 -19"><span class='ocrx_word' id='word_1_817' title='bbox 1915 4602 2223 4674; x_wconf 85' lang='grc' dir='ltr'>τρέχοντες,</span> <span class='ocrx_word' id='word_1_818' title='bbox 2255 4601 2350 4655; x_wconf 77' lang='grc' dir='ltr'>καὶ</span> <span class='ocrx_word' id='word_1_819' title='bbox 2388 4600 2526 4671; x_wconf 77' lang='grc' dir='ltr'>πρὸς</span> <span class='ocrx_word' id='word_1_820' title='bbox 2552 4598 2651 4670; x_wconf 79' lang='grc' dir='ltr'>τὴν</span> <span class='ocrx_word' id='word_1_821' title='bbox 2676 4599 2909 4671; x_wconf 88' lang='grc' dir='ltr'>πατρίδα</span> <span class='ocrx_word' id='word_1_822' title='bbox 2938 4599 3036 4667; x_wconf 86' lang='grc' dir='ltr'>τὴν</span> <span class='ocrx_word' id='word_1_823' title='bbox 3065 4598 3272 4650; x_wconf 84' lang='grc' dir='ltr'>ἐαυτῶν</span> <span class='ocrx_word' id='word_1_824' title='bbox 3295 4598 3502 4665; x_wconf 79' lang='grc' dir='ltr'>ἐπειγό-</span> 
     </span>
    </p>
   </div>
   <div class='ocr_carea' id='block_1_109' title="bbox 1921 4685 3502 4763">
    <p class='ocr_par' dir='ltr' id='par_1_109' title="bbox 1921 4685 3502 4763">
     <span class='ocr_line' id='line_1_109' title="bbox 1921 4685 3502 4763; baseline -0.003 -19"><span class='ocrx_word' id='word_1_825' title='bbox 1921 4706 2088 4763; x_wconf 90' lang='grc' dir='ltr'>μενοι·</span> <span class='ocrx_word' id='word_1_826' title='bbox 2115 4689 2257 4744; x_wconf 77' lang='grc' dir='ltr'>οὕτω</span> <span class='ocrx_word' id='word_1_827' title='bbox 2278 4688 2580 4761; x_wconf 87' lang='grc' dir='ltr'>παρακαλῶ</span> <span class='ocrx_word' id='word_1_828' title='bbox 2602 4689 2696 4742; x_wconf 70' lang='grc' dir='ltr'>καὶ</span> <span class='ocrx_word' id='word_1_829' title='bbox 2720 4688 2865 4759; x_wconf 83' lang='grc' dir='ltr'>ὑμᾶς</span> <span class='ocrx_word' id='word_1_830' title='bbox 2890 4688 3027 4758; x_wconf 85' lang='grc' dir='ltr'>μήτε</span> <span class='ocrx_word' id='word_1_831' title='bbox 3047 4686 3181 4756; x_wconf 82' lang='grc' dir='ltr'>πρὸς</span> <span class='ocrx_word' id='word_1_832' title='bbox 3206 4685 3275 4738; x_wconf 81' lang='grc' dir='ltr'>τὰ</span> <span class='ocrx_word' id='word_1_833' title='bbox 3298 4686 3502 4758; x_wconf 77' lang='grc' dir='ltr'>φαιδρὰ</span> 
     </span>
    </p>
   </div>
   <div class='ocr_carea' id='block_1_110' title="bbox 1915 4779 3501 4853">
    <p class='ocr_par' dir='ltr' id='par_1_110' title="bbox 1915 4779 3501 4853">
     <span class='ocr_line' id='line_1_110' title="bbox 1915 4779 3501 4853; baseline -0.003 -17"><span class='ocrx_word' id='word_1_834' title='bbox 1915 4783 2009 4836; x_wconf 87' lang='grc' dir='ltr'>τοῦ</span> <span class='ocrx_word' id='word_1_835' title='bbox 2056 4782 2323 4853; x_wconf 88' lang='grc' dir='ltr'>παρόντος</span> <span class='ocrx_word' id='word_1_836' title='bbox 2371 4780 2525 4852; x_wconf 78' lang='grc'>[651]</span> <span class='ocrx_word' id='word_1_837' title='bbox 2570 4780 2855 4851; x_wconf 74' lang='grc' dir='ltr'>κεχηνέναι</span> <span class='ocrx_word' id='word_1_838' title='bbox 2900 4780 3038 4850; x_wconf 89' lang='grc' dir='ltr'>βίου,</span> <span class='ocrx_word' id='word_1_839' title='bbox 3086 4780 3221 4849; x_wconf 85' lang='grc' dir='ltr'>μήτε</span> <span class='ocrx_word' id='word_1_840' title='bbox 3257 4779 3361 4832; x_wconf 81' lang='grc' dir='ltr'>ὐπὸ</span> <span class='ocrx_word' id='word_1_841' title='bbox 3393 4779 3501 4832; x_wconf 90' lang='grc' dir='ltr'>τῶν</span> 
     </span>
    </p>
   </div>
   <div class='ocr_carea' id='block_1_111' title="bbox 1917 4873 3499 4946">
    <p class='ocr_par' dir='ltr' id='par_1_111' title="bbox 1917 4873 3499 4946">
     <span class='ocr_line' id='line_1_111' title="bbox 1917 4873 3499 4946; baseline -0.002 -17"><span class='ocrx_word' id='word_1_842' title='bbox 1917 4874 2176 4946; x_wconf 85' lang='grc' dir='ltr'>λυπηρῶν</span> <span class='ocrx_word' id='word_1_843' title='bbox 2229 4873 2756 4937; x_wconf 79' lang='grc' dir='ltr'>καταϐαπτίζεσθαι,</span> <span class='ocrx_word' id='word_1_844' title='bbox 2799 4873 2914 4927; x_wconf 87' lang='grc' dir='ltr'>ἀλλ’</span> <span class='ocrx_word' id='word_1_845' title='bbox 2953 4873 3011 4926; x_wconf 83' lang='grc' dir='ltr'>ἓν</span> <span class='ocrx_word' id='word_1_846' title='bbox 3048 4874 3208 4943; x_wconf 92' lang='grc' dir='ltr'>μόνον</span> <span class='ocrx_word' id='word_1_847' title='bbox 3253 4878 3499 4938; x_wconf 88' lang='grc' dir='ltr'>σκοπεῖν,</span> 
     </span>
    </p>
   </div>
   <div class='ocr_carea' id='block_1_112' title="bbox 1916 4966 3501 5039">
    <p class='ocr_par' dir='ltr' id='par_1_112' title="bbox 1916 4966 3501 5039">
     <span class='ocr_line' id='line_1_112' title="bbox 1916 4966 3501 5039; baseline 0 -19"><span class='ocrx_word' id='word_1_848' title='bbox 1916 4966 2063 5031; x_wconf 82' lang='grc' dir='ltr'>ὅπως</span> <span class='ocrx_word' id='word_1_849' title='bbox 2114 4969 2196 5030; x_wconf 89' lang='grc' dir='ltr'>εἰς</span> <span class='ocrx_word' id='word_1_850' title='bbox 2234 4967 2332 5039; x_wconf 86' lang='grc' dir='ltr'>τὴν</span> <span class='ocrx_word' id='word_1_851' title='bbox 2369 4966 2553 5038; x_wconf 80' lang='grc' dir='ltr'>κοινὴν</span> <span class='ocrx_word' id='word_1_852' title='bbox 2605 4966 2858 5020; x_wconf 87' lang='grc' dir='ltr'>ἁπάντων</span> <span class='ocrx_word' id='word_1_853' title='bbox 2887 4966 3044 5037; x_wconf 78' lang='grc' dir='ltr'>ἡμῶν</span> <span class='ocrx_word' id='word_1_854' title='bbox 3079 4967 3314 5035; x_wconf 84' lang='grc' dir='ltr'>πατρίδα</span> <span class='ocrx_word' id='word_1_855' title='bbox 3364 4967 3501 5036; x_wconf 85' lang='grc' dir='ltr'>μετά</span> 
     </span>
    </p>
   </div>
   <div class='ocr_carea' id='block_1_113' title="bbox 1918 5057 3500 5130">
    <p class='ocr_par' dir='ltr' id='par_1_113' title="bbox 1918 5057 3500 5130">
     <span class='ocr_line' id='line_1_113' title="bbox 1918 5057 3500 5130; baseline 0.001 -19"><span class='ocrx_word' id='word_1_856' title='bbox 1918 5059 2118 5129; x_wconf 86' lang='grc' dir='ltr'>πολλῆς</span> <span class='ocrx_word' id='word_1_857' title='bbox 2171 5059 2556 5128; x_wconf 88' lang='grc' dir='ltr'>παραγένησθε</span> <span class='ocrx_word' id='word_1_858' title='bbox 2602 5059 2700 5128; x_wconf 84' lang='grc' dir='ltr'>τῆς</span> <span class='ocrx_word' id='word_1_859' title='bbox 2763 5057 3098 5130; x_wconf 76' lang='grc' dir='ltr'>παρρησίας.</span> <span class='ocrx_word' id='word_1_860' title='bbox 3175 5058 3500 5128; x_wconf 79' lang='grc' dir='ltr'>Ἐπειδήπερ</span> 
     </span>
    </p>
   </div>
   <div class='ocr_carea' id='block_1_114' title="bbox 1916 5148 3499 5219">
    <p class='ocr_par' dir='ltr' id='par_1_114' title="bbox 1916 5148 3499 5219">
     <span class='ocr_line' id='line_1_114' title="bbox 1916 5148 3499 5219; baseline -0.001 -18"><span class='ocrx_word' id='word_1_861' title='bbox 1916 5150 2076 5203; x_wconf 88' lang='grc' dir='ltr'>τοῦτό</span> <span class='ocrx_word' id='word_1_862' title='bbox 2128 5152 2244 5202; x_wconf 90' lang='grc' dir='ltr'>ἐστι</span> <span class='ocrx_word' id='word_1_863' title='bbox 2292 5149 2353 5202; x_wconf 82' lang='grc' dir='ltr'>τὸ</span> <span class='ocrx_word' id='word_1_864' title='bbox 2406 5149 2567 5219; x_wconf 88' lang='grc' dir='ltr'>μένον</span> <span class='ocrx_word' id='word_1_865' title='bbox 2622 5150 2715 5202; x_wconf 79' lang='grc' dir='ltr'>καὶ</span> <span class='ocrx_word' id='word_1_866' title='bbox 2773 5148 3020 5218; x_wconf 87' lang='grc' dir='ltr'>πεπηγὸς</span> <span class='ocrx_word' id='word_1_867' title='bbox 3084 5149 3180 5203; x_wconf 75' lang='grc' dir='ltr'>καὶ</span> <span class='ocrx_word' id='word_1_868' title='bbox 3237 5148 3499 5202; x_wconf 88' lang='grc' dir='ltr'>ἀθάνατον</span> 
     </span>
    </p>
   </div>
   <div class='ocr_carea' id='block_1_115' title="bbox 1917 5236 3496 5309">
    <p class='ocr_par' dir='ltr' id='par_1_115' title="bbox 1917 5236 3496 5309">
     <span class='ocr_line' id='line_1_115' title="bbox 1917 5236 3496 5309; baseline -0.004 -16"><span class='ocrx_word' id='word_1_869' title='bbox 1917 5240 2141 5309; x_wconf 84' lang='grc' dir='ltr'>ἀγαθὸν,</span> <span class='ocrx_word' id='word_1_870' title='bbox 2166 5239 2235 5292; x_wconf 83' lang='grc' dir='ltr'>τά</span> <span class='ocrx_word' id='word_1_871' title='bbox 2266 5239 2323 5291; x_wconf 82' lang='grc' dir='ltr'>δὲ</span> <span class='ocrx_word' id='word_1_872' title='bbox 2349 5237 2485 5292; x_wconf 84' lang='grc' dir='ltr'>ἄλλα</span> <span class='ocrx_word' id='word_1_873' title='bbox 2518 5238 2721 5299; x_wconf 85' lang='grc' dir='ltr'>πάντα,</span> <span class='ocrx_word' id='word_1_874' title='bbox 2754 5236 2913 5302; x_wconf 77' lang='grc' dir='ltr'>ἄνθος</span> <span class='ocrx_word' id='word_1_875' title='bbox 2935 5238 3132 5308; x_wconf 87' lang='grc' dir='ltr'>χόρτου</span> <span class='ocrx_word' id='word_1_876' title='bbox 3154 5238 3247 5291; x_wconf 82' lang='grc' dir='ltr'>καὶ</span> <span class='ocrx_word' id='word_1_877' title='bbox 3272 5237 3496 5299; x_wconf 87' lang='grc' dir='ltr'>καπνὸς,</span> 
     </span>
    </p>
   </div>
   <div class='ocr_carea' id='block_1_116' title="bbox 1919 5327 2826 5399">
    <p class='ocr_par' dir='ltr' id='par_1_116' title="bbox 1919 5327 2826 5399">
     <span class='ocr_line' id='line_1_116' title="bbox 1919 5327 2826 5399; baseline 0 -17"><span class='ocrx_word' id='word_1_878' title='bbox 1919 5332 2012 5382; x_wconf 72' lang='grc' dir='ltr'>καὶ</span> <span class='ocrx_word' id='word_1_879' title='bbox 2038 5329 2092 5381; x_wconf 85' lang='grc' dir='ltr'>εί</span> <span class='ocrx_word' id='word_1_880' title='bbox 2112 5346 2164 5381; x_wconf 90' lang='grc' dir='ltr'>τι</span> <span class='ocrx_word' id='word_1_881' title='bbox 2186 5327 2390 5382; x_wconf 88' lang='grc' dir='ltr'>τούτων</span> <span class='ocrx_word' id='word_1_882' title='bbox 2428 5327 2826 5399; x_wconf 81' lang='grc' dir='ltr'>εὐτελέστερον.</span> 
     </span>
    </p>
   </div>
   <div class='ocr_carea' id='block_1_117' title="bbox 2129 5436 3295 5509">
    <p class='ocr_par' dir='ltr' id='par_1_117' title="bbox 2129 5436 3295 5509">
     <span class='ocr_line' id='line_1_117' title="bbox 2129 5436 3295 5509; baseline -0.003 -16"><span class='ocrx_word' id='word_1_883' title='bbox 2129 5442 2271 5507; x_wconf 65' lang='lat' dir='ltr'>PG’.</span> <span class='ocrx_word' id='word_1_884' title='bbox 2292 5441 2663 5509; x_wconf 77' lang='grc' dir='ltr'>Ἀσυγκριτίᾳ</span> <span class='ocrx_word' id='word_1_885' title='bbox 2694 5441 2792 5494; x_wconf 72' lang='grc' dir='ltr'>καί</span> <span class='ocrx_word' id='word_1_886' title='bbox 2816 5439 2946 5506; x_wconf 85' lang='grc' dir='ltr'>ταῖς</span> <span class='ocrx_word' id='word_1_887' title='bbox 2972 5439 3095 5495; x_wconf 79' lang='grc' dir='ltr'>σὺν</span> <span class='ocrx_word' id='word_1_888' title='bbox 3120 5436 3295 5506; x_wconf 72' lang='grc' dir='ltr'>αὐτῇ.</span> 
     </span>
    </p>
   </div>
   <div class='ocr_carea' id='block_1_118' title="bbox 1988 5550 3507 5627">
    <p class='ocr_par' dir='ltr' id='par_1_118' title="bbox 1988 5550 3507 5627">
     <span class='ocr_line' id='line_1_118' title="bbox 1988 5550 3507 5627; baseline -0.003 -18"><span class='ocrx_word' id='word_1_889' title='bbox 1988 5551 2120 5609; x_wconf 77' lang='grc' dir='ltr'>Οἶδα</span> <span class='ocrx_word' id='word_1_890' title='bbox 2146 5554 2246 5626; x_wconf 81' lang='grc' dir='ltr'>τὴν</span> <span class='ocrx_word' id='word_1_891' title='bbox 2280 5553 2501 5623; x_wconf 82' lang='grc' dir='ltr'>ἀγάπην</span> <span class='ocrx_word' id='word_1_892' title='bbox 2545 5554 2700 5623; x_wconf 79' lang='grc' dir='ltr'>ὑμῶν</span> <span class='ocrx_word' id='word_1_893' title='bbox 2732 5556 2825 5609; x_wconf 78' lang='grc' dir='ltr'>καὶ</span> <span class='ocrx_word' id='word_1_894' title='bbox 2862 5555 2963 5627; x_wconf 76' lang='grc' dir='ltr'>τὴν</span> <span class='ocrx_word' id='word_1_895' title='bbox 2995 5553 3234 5608; x_wconf 81' lang='grc' dir='ltr'>διάθεσιν</span> <span class='ocrx_word' id='word_1_896' title='bbox 3275 5553 3345 5625; x_wconf 77' lang='grc' dir='ltr'>ἢν</span> <span class='ocrx_word' id='word_1_897' title='bbox 3380 5550 3507 5624; x_wconf 78' lang='grc' dir='ltr'>περὶ</span> 
     </span>
    </p>
   </div>
   <div class='ocr_carea' id='block_1_119' title="bbox 1978 5704 2621 5767">
    <p class='ocr_par' dir='ltr' id='par_1_119' title="bbox 1978 5704 2621 5767">
     <span class='ocr_line' id='line_1_119' title="bbox 1978 5704 2621 5767; baseline 0.011 -21"><span class='ocrx_word' id='word_1_898' title='bbox 1978 5706 2006 5746; x_wconf 77' lang='grc'>1)</span> <span class='ocrx_word' id='word_1_899' title='bbox 2039 5705 2164 5753; x_wconf 67' lang='grc' dir='ltr'>Τι’ρς</span> <span class='ocrx_word' id='word_1_900' title='bbox 2197 5716 2310 5751; x_wconf 80' lang='lat' dir='ltr'>mss.</span> <span class='ocrx_word' id='word_1_901' title='bbox 2341 5704 2506 5767; x_wconf 84' lang='grc' dir='ltr'>μισθὸν</span> <span class='ocrx_word' id='word_1_902' title='bbox 2532 5705 2621 5767; x_wconf 85' lang='grc' dir='ltr'>δῷ.</span> 
     </span>
    </p>
   </div>
   <div class='ocr_carea' id='block_1_120' title="bbox 1986 5765 2435 5827">
    <p class='ocr_par' dir='ltr' id='par_1_120' title="bbox 1986 5765 2435 5827">
     <span class='ocr_line' id='line_1_120' title="bbox 1986 5765 2435 5827; baseline -0.009 -11"><span class='ocrx_word' id='word_1_903' title='bbox 1986 5771 2007 5798; x_wconf 70' lang='grc' dir='ltr'><strong><em>ο</em></strong></span> <span class='ocrx_word' id='word_1_904' title='bbox 2034 5767 2185 5816; x_wconf 73' lang='lat' dir='ltr'>Savil.</span> <span class='ocrx_word' id='word_1_905' title='bbox 2211 5765 2435 5827; x_wconf 78' lang='grc' dir='ltr'>πεπηγός.</span> 
     </span>
    </p>
   </div>
  </div>
