3906 6374
426 364 539 424 668

1131 363 1187 421 S.
1227 359 1512 419 JOANMS
1548 355 2046 415 CHRYSOSTOMI
2079 356 2407 414 ARCHIEP.
2444 357 2999 416 CONSTANTINOP.
3586 358 3672 415 668

430 487 582 559 ἡμᾶς
631 484 778 556 ἐχειν
824 480 1220 536 ἐσπουδάκατε.
1270 479 1381 532 Καὶ
1425 478 1665 549 συνεχῶς
1712 476 2014 546 ἐϐουλόμην
2118 476 2521 549 αριθμούμενος
2539 478 2631 532 τὸν
2652 479 2892 550 ὀρμαθὺν
2910 478 3020 532 τῶν
3042 476 3317 553 βραϐείων
3335 476 3431 549 τῆς
3451 473 3672 544 θλίψεως,

433 573 791 631 ἐπιστέλλειν·
826 573 941 627 ἀλλ’
964 574 993 625 6
1020 570 1128 625 τῶν
1165 570 1425 641 Ἰσαύρων
1462 570 1646 638 φόϐος,
1678 572 1860 624 πᾶσαν
1883 570 2019 622 ἀπο-

434 660 678 733 τειχίσας
714 659 852 726 ὁδὸν,
881 661 982 712 οὑκ
1009 658 1233 729 ἀφίησιν
1276 661 1526 729 εὐπορεῖν
1556 658 1667 713 τῶν
1696 659 1834 730 πρὸς
1860 658 2020 713 τοῦτο

435 752 903 823 διακονησομένων
942 751 1093 820 ἡμῖν.
1149 749 1344 803 Ἦνίκα
1381 750 1512 818 γοῦν
1555 750 1622 804 ἂν
1674 749 2021 820 ἐπιτύχωμεν

436 844 659 907 τούτων,
688 844 789 914 τὴν
816 841 1174 913 ὀφειλομένην
1213 841 1571 910 ἀποδιδόαμεν
1616 842 1746 912 ὑμῖν
1776 841 2021 912 πρόσρη-

439 952 544 999 σιν,
574 934 644 988 τὰ
678 934 880 1005 συνήθη
916 931 1356 1002 παρακαλοῦντες
1383 933 1546 1003 ὑμᾶς,
1581 932 1749 1003 μηδὲν
1775 932 2025 1003 θορυϐεῖ-

438 1027 565 1082 σθαι
597 1027 733 1098 μηδέ
760 1025 1128 1097 ταράττεσθαι
1155 1024 1263 1078 ὑπὸ
1294 1024 1403 1077 τῶν
1440 1024 1679 1095 συνεχῶν
1702 1024 1908 1079 τούτων
1929 1024 2025 1078 καὶ

441 1118 758 1189 ἐπαλλήλοιν
799 1116 1144 1189 πειρασμῶν.
1183 1116 1248 1169 Et
1285 1115 1396 1188 γὰρ
1434 1116 1670 1188 ἔμποροι
1708 1116 1806 1170 καὶ
1833 1116 2026 1170 ναῦται

440 1211 679 1282 φορτίων
723 1209 919 1279 ὀλίγων
947 1208 1133 1263 ἕνεκεν
1169 1207 1312 1262 οὑτω
1344 1209 1532 1281 μακρά
1558 1208 1893 1263 διαϐαίνουσι
1925 1225 2025 1261 πε-

442 1301 607 1371 λάγη,
670 1300 766 1355 καὶ
813 1299 1082 1354 τοσούτων
1146 1299 1527 1370 κατατολμῶσι
1587 1299 1868 1369 κυμάτων·
1932 1298 2028 1352 καὶ

445 1391 777 1463 στρατιῶται
830 1392 889 1445 δὲ
932 1391 1027 1445 καὶ
1069 1391 1238 1462 αὑτῆς
1281 1391 1681 1463 καταφρονοῦσι
1732 1392 1832 1461 τῆς
1882 1388 2029 1461 ζωῆς

444 1483 586 1556 ὑπὲρ
622 1483 890 1555 ἐπικήρου
918 1483 1014 1537 καὶ
1047 1482 1277 1555 βραχέος
1310 1481 1527 1554 μισθοῦ,
1565 1481 1659 1535 καὶ
1693 1480 1893 1546 ζῶντες
1930 1480 2029 1551 μὲν

444 1575 541 1627 καὶ
587 1572 732 1645 λιμῷ
776 1572 1038 1644 μάχονται
1081 1573 1365 1638 πολλάκις,
1400 1573 1496 1628 καὶ
1537 1572 1868 1644 ὁδοιπορίαις
1920 1589 2029 1643 μα-

445 1666 608 1736 κραῖς
641 1664 1066 1731 κατατείνονται,
1095 1666 1188 1719 καὶ
1214 1664 1479 1736 διηνεκῶς
1506 1664 1599 1718 ἐπὶ
1619 1664 1719 1734 τῆς
1742 1663 2030 1734 ἀλλοτρίας

442 1756 744 1826 διάγουσιν,
792 1754 1019 1828 ὕστερον
1061 1756 1119 1810 δὲ
1152 1756 1245 1810 καὶ
1287 1755 1469 1828 ἄωρον
1508 1756 1603 1809 καὶ
1638 1756 1812 1826 βίαιον
1845 1754 2032 1808 πολλοὶ

442 1845 651 1900 τούτων
698 1846 1031 1918 ὑπομένουσι
1084 1846 1334 1910 θάνατον,
1377 1846 1530 1900 οὐδὲν
1562 1845 1811 1899 ἐντεῦθεν
1844 1844 1906 1897 οὑ
1940 1862 2032 1914 μι-

444 1938 599 2009 κρὸν,
631 1938 694 1991 οὑ
731 1937 877 2009 μέγα
905 1938 1355 2009 καρπωσάμενοι·
1387 1939 1517 1993 ὃταν
1541 1937 1792 2009 οὐράνιος
1813 1938 1843 1990 6
1871 1933 2032 2000 ἆθλος

446 2029 774 2102 προκέηται,
811 2029 905 2083 καὶ
953 2028 1094 2100 μετά
1139 2028 1240 2101 τὴν
1282 2029 1542 2100 τελευτὴν
1583 2027 1786 2099 μείζων
1817 2030 1850 2099 ἡ
1885 2026 2035 2081 ἀντί-

443 2121 592 2185 δοσις
623 2121 718 2175 καὶ
746 2120 928 2192 πολλῷ
949 2120 1176 2185 πλείων,
1206 2119 1367 2185 ποίας
1395 2119 1673 2185 τεύξονται
1698 2118 2034 2190 συγγνώμης

444 2216 493 2267 οί
533 2211 1132 2284 καταμαλακιζόμενοι,
1173 2211 1265 2264 καὶ
1298 2211 1372 2283 μὴ
1415 2211 1508 2264 καὶ
1544 2210 1716 2281 αὑτῆς
1753 2225 2035 2279 καταφρο-

446 2307 668 2370 νοῦντες
716 2306 819 2377 τῆς
858 2305 1043 2375 ζωῆς;
1086 2303 1250 2357 Ταῦτ’
1283 2297 1376 2356 οὖν
1422 2301 1640 2356 ἅπαντα
1684 2300 2033 2373 λογιζομένη,

447 2400 545 2454 καὶ
597 2399 680 2452 ὅτι
729 2396 938 2462 καπνὸς
984 2397 1054 2451 τά
1093 2396 1361 2468 παρόντα,
1415 2393 1512 2448 καὶ
1545 2393 1701 2464 ὄναρ,
1736 2395 1831 2447 καὶ
1886 2395 2037 2447 πᾶσα

447 2491 724 2564 εὑημερία
764 2489 1082 2561 ἀνθρωπίνη
1130 2486 1346 2558 φύλλων
1389 2484 1595 2557 ὴρινῶν
1631 2484 1781 2539 οὑδέν
1815 2484 2037 2556 ἄμεινον

430 2583 723 2639 διάκειται
742 2622 758 2647 ,
808 2578 1111 2651 γινομένων
1163 2594 1223 2630 τε
1276 2575 1412 2648 ὁμοῦ
1472 2576 1569 2629 καὶ
1623 2576 2038 2647 μαραινομένων

450 2675 679 2738 εὐθέως,
707 2671 1017 2744 ὑψηλοτέρα
1033 2670 1250 2724 πάντων
1269 2667 1378 2722 τῶν
1398 2667 1657 2721 τοιούτων
1673 2668 1827 2737 γίνου
1846 2667 2036 2739 βελῶν.

454 2766 674 2833 Ἔξεστι
699 2765 831 2837 γὰρ,
861 2764 957 2818 ἐὰν
981 2763 1163 2835 θέλῃς,
1191 2763 1287 2817 καὶ
1312 2762 1412 2833 τὴν
1437 2760 1697 2834 βιωτικὴν
1728 2763 2042 2834 καταπατῆέ

449 2875 541 2912 σαι
575 2854 896 2926 φαντασίαν.
932 2854 1028 2907 Ἐν
1069 2852 1262 2907 σκόπει
1299 2852 1478 2925 μόνον,
1505 2853 1653 2917 ὅπως
1679 2851 1818 2922 μετά
1838 2850 2040 2923 πολλῆς

446 2947 548 3019 τῆς
571 2946 808 3016 σπουδῆς
836 2945 937 3015 τὴν
966 2941 1336 3016 τεθλιμμένην
1364 2943 1482 2999 ὁδὸν
1502 2942 1754 2998 διανύσαι
1778 2941 2037 3015 δυνηθῇς,

446 3038 549 3109 τὴν
575 3037 713 3108 πρὸς
736 3035 902 3090 αὑτὸν
929 3033 1239 3103 ἀνάγουσαν
1269 3046 1318 3089 ι.

449 3146 586 3205 PH'.
621 3147 859 3211 Κάστῳ,
898 3145 1225 3213 Οὐαλερίῳ,
1267 3144 1591 3213 Διοφάντῳ,
1623 3144 1722 3199 καί
1745 3144 2037 3213 Κυριακῷ,

1030 3214 1476 3284 πρεσϐυτέροις.

525 3334 595 3390 Ὃ
634 3331 926 3403 συμϐαίνει
972 3328 1050 3400 τῷ
1077 3329 1289 3400 χρυσίῳ
1330 3325 1740 3398 βασανιζομένῳ
1783 3326 2042 3393 πολλάκις

452 3426 561 3480 ὑπὸ
616 3424 809 3496 πυρὸς,
864 3422 1024 3476 τοῦτο
1077 3420 1172 3474 καὶ
1225 3422 1349 3483 ταῖς
1401 3436 1630 3491 χρυσας
1667 3418 1830 3473 είωθε
1873 3437 2045 3492 προσ-

452 3517 699 3589 γίνεσθαι
720 3517 920 3588 ψυχαῖς
944 3515 1051 3568 ὑπὸ
1070 3513 1180 3567 τῶν
1200 3511 1544 3583 πειρασμῶν.
1585 3512 1831 3584 Ἐκείνην
1851 3530 1912 3566 τε
1934 3513 2044 3586 γάρ

451 3612 554 3682 τὴν
602 3609 736 3682 ὓλην
775 3606 1168 3680 λαμπροτέραν
1216 3603 1398 3676 πολλῷ
1439 3604 1534 3659 καὶ
1574 3602 1967 3676 καθαρωτέραν
2009 3607 2042 3677 ἡ

453 3703 554 3773 τῆς
585 3702 781 3771 φλογὸς
812 3700 1108 3770 ἀποφαίνει
1150 3698 1334 3769 φύσις,
1371 3695 1637 3768 ὁμιλοῦσα
1671 3697 1809 3769 αὐτῇ
1854 3697 2045 3768 χρόνον

453 3790 730 3859 τοσοῦτον,
761 3791 887 3844 ὅσον
912 3790 980 3844 ἂν
1003 3791 1032 3843 6
1057 3788 1158 3859 τῆς
1185 3787 1382 3860 τέχνης
1406 3786 1692 3857 ἐπιτρέπει
1714 3786 1895 3857 νόμος·
1920 3787 2046 3851 τούς

453 3900 517 3936 τε
562 3883 641 3954 τῷ
691 3882 900 3954 χρυσίῳ
943 3879 1086 3934 κατὰ
1126 3880 1368 3934 διάνοιαν
1410 3878 1656 3941 ἐοικότας
1699 3877 2042 3950 ἀνθρώπους,

456 3975 682 4045 χρυσίου
731 3973 933 4036 παντὸς
974 3971 1365 4044 φαιδροτέρους
1421 3971 1517 4024 καὶ
1554 3969 2046 4042 πολυτελεστέρους

460 4064 602 4137 μετά
642 4065 842 4135 πολλῆς
868 4065 966 4135 τῆς
1001 4063 1321 4131 περιουσίας
1362 4063 1395 4133 ή
1425 4063 1535 4115 τῶν
1563 4061 1883 4134 ἐπαλλήλων
1928 4080 2048 4117 πει-

460 4154 688 4224 ρασμῶν
715 4154 1011 4225 ἐργάζεται
1041 4152 1292 4221 κάμινος.
1319 4150 1474 4222 [652]
1501 4150 1601 4204 Διά
1632 4150 1697 4223 δὴ
1728 4152 1908 4218 τοῦτο,
1949 4153 2046 4205 καὶ

456 4252 525 4303 ἐκ
577 4245 834 4300 τοσούτου
881 4244 1182 4315 καθήμενοι
1238 4243 1629 4314 διαστήματος,
1666 4241 1728 4294 οὑ
1758 4242 2044 4313 παυόμεθα

457 4336 722 4410 διηνεκῶς
744 4335 1136 4407 μακαρίζοντες
1161 4334 1324 4404 ὑμᾶς.
1365 4335 1505 4386 Ἴστε
1534 4333 1663 4404 γὰρ,
1695 4333 1807 4387 ίστε
1833 4335 2040 4404 σαφῶς,

456 4433 582 4487 ὅσον
612 4430 722 4484 τῶν
749 4429 1006 4483 τοιούτων
1039 4428 1339 4483 ἐπιϐουλῶν
1368 4429 1431 4482 τὸ
1473 4429 1685 4501 κέρδος,
1725 4431 1820 4484 καὶ
1858 4430 1975 4495 πῶς
2009 4433 2044 4502 ἡ

456 4522 552 4579 τοῦ
586 4523 850 4595 παρόντος
885 4521 1155 4594 εὑημερία
1178 4521 1296 4592 βίου
1323 4522 1496 4594 ὄνομα
1532 4523 1692 4594 μόνον
1720 4523 1837 4576 ἐστὶ
1865 4522 2040 4593 ψιλὸν,

458 4619 782 4689 πράγματος
802 4616 1029 4687 ἔρημον,
1051 4616 1120 4670 τὰ
1138 4617 1196 4670 δέ
1218 4615 1479 4687 μέλλοντα
1503 4615 1706 4685 ἀγαθὰ,
1733 4617 2044 4689 πεπηγότα,

458 4708 687 4780 ἀκίνητα
717 4708 941 4778 μόνιμα,
975 4707 1238 4762 ἀθάνατα.
1280 4709 1392 4762 Καὶ
1419 4709 1482 4761 οὑ
1522 4707 1685 4762 τοῦτο
1732 4709 1893 4780 μόνον
1931 4710 2047 4763 ἐστὶ

457 4801 520 4854 τὺ
549 4799 735 4870 θαῦμα
771 4799 873 4870 τῆς
901 4799 1122 4871 ἀρετῆς,
1168 4800 1250 4853 ὅτι
1299 4799 1525 4853 τοιαῦτα
1565 4802 1700 4871 ἡμῖν
1728 4800 1797 4855 τά
1834 4800 2048 4855 ἔπαθλα

462 4890 783 4962 παρέχεται,
809 4891 923 4945 ἀλλ’
954 4892 1037 4946 ὅτι
1073 4892 1171 4946 καὶ
1206 4872 1312 4963 πρὸ
1339 4892 1450 4945 τῶν
1475 4892 1728 4946 ἐπάθλων
1756 4894 1807 4946 οί
1839 4894 2050 4961 ἀγῶνες

462 4988 636 5058 αὑτῆς
663 4987 873 5042 ἔπαθλα
898 4989 1158 5057 γίνονται,
1184 4989 1281 5043 καὶ⁸
1299 4989 1361 5042 οὐ
1392 4988 1551 5059 μόνον
1582 4988 1676 5042 τοῦ
1707 4989 1937 5062 θεάτρου
1963 4992 2053 5046 λυ-

465 5079 651 5144 θέντος
681 5079 750 5133 τὰ
773 5079 998 5151 βραϐεῖα
1030 5083 1144 5144 τοῖς
1170 5080 1513 5151 νενικηκόσιν
1530 5080 1752 5151 ἔρχεται
1783 5082 2047 5154 φέρουσα,

462 5170 600 5227 ἀλλά
636 5171 733 5226 καὶ
769 5175 826 5225 ἐν
852 5172 1002 5243 αὐτῷ
1032 5172 1182 5244 μέσῳ
1202 5171 1280 5243 τῷ
1310 5173 1598 5244 σκάμματι
1625 5172 1910 5245 λαμπροὺς
1939 5178 2052 5239 τοῖς

462 5264 887 5335 ἀγωνιζομένοις
922 5263 1113 5317 πλέκει
1134 5265 1261 5327 τοὺς
1294 5265 1612 5334 στεφάνους.
1646 5265 1744 5318 Διά
1768 5264 1927 5319 τοῦτο
1957 5267 2050 5319 καὶ

465 5356 680 5421 Παῦλος
701 5357 804 5411 οὑκ
836 5356 930 5409 ἐπὶ
961 5358 1081 5419 ταῖς
1120 5356 1418 5410 ἀντιδόσεσι
1451 5356 1559 5410 τῶν
1600 5356 1832 5427 θλίψεων
1865 5360 2051 5430 χαίρει

465 5450 558 5504 καὶ
603 5449 953 5520 εὐφραίνεται
1006 5449 1186 5518 μόνον,
1238 5448 1374 5503 ἀλλά
1415 5450 1511 5503 καὶ
1563 5451 1650 5502 ἐπ’
1694 5451 1886 5515 αὑταῖς
1932 5453 2053 5513 ταῖς

465 5540 675 5611 θλίψεσι
718 5539 1141 5606 καλλωπίζεται,
1183 5538 1327 5594 οὑτω
1363 5540 1561 5609 λέγων·
1600 5544 1683 5596 Οὐ
1720 5544 1917 5609 μόνον
1959 5541 2047 5608 δὲ,

465 5632 626 5688 ἀλλὰ
657 5633 755 5688 καὶ
786 5632 1141 5703 καυχώμεθα
1180 5631 1250 5685 ἐν
1284 5631 1415 5700 ταῖς
1443 5635 1751 5703 θλίψεσιν.
1785 5632 1918 5688 Εἶτα
1941 5635 2051 5688 ἀπ-

526 5831 545 5851 ·
566 5831 774 5896 Legisse
808 5835 1008 5887 videtur
1025 5835 1282 5898 Interpres
1308 5835 1425 5898 πρὸς
1445 5837 1641 5900 οὐρανὸν
1664 5839 1949 5901 ἀνάγουσαν.

2121 574 2308 641 φησὶν,
2338 571 2421 624 ὅτι
2451 571 2774 640 ὑπομονὴν
2802 572 2956 640 αὓτη
2979 572 3184 637 τίκτει,
3222 570 3325 643 τὴν
3361 569 3563 643 μητέρα
3584 569 3675 625 τῶν

2121 660 2365 730 ἀγαθῶν,
2391 662 2485 716 τὸν
2507 662 2818 734 ἀκύμαντον
2843 663 3061 735 λιμένα,
3090 665 3194 736 τὴν
3220 666 3279 718 ἐν
3303 663 3507 735 γαλήνῃ
3536 663 3676 736 ζωήν,

2121 752 2221 823 τὴν
2260 753 2470 825 πέτρας
2516 754 2895 825 ἰσχυροτέραν,
2945 756 3039 809 καὶ
3077 755 3391 827 ἀδάμαντος
3428 757 3678 827 στερροτέ-

2126 860 2247 914 ραν,
2294 844 2395 914 τὴν
2446 843 2613 898 ὅπλου
2660 846 2864 910 παντὸς
2909 846 3313 918 δυνατωτέραν,
3370 847 3464 900 καὶ
3513 847 3680 917 τειχῶν

2125 937 2558 1010 ἀσφαλεστέραν.
2587 936 2737 1009 Αὕτη
2766 938 2824 992 δὲ
2863 938 3283 1012 κατορθωθεῖσα
3324 938 3569 1010 δοκίμους
3605 941 3682 993 καὶ

2125 1028 2407 1097 γενναίους
2467 1030 2617 1082 ποιεῖ
2671 1029 2799 1093 τοὺς
2851 1029 3024 1101 αὐτῆς
3068 1030 3397 1101 τροφίμους,
3443 1029 3533 1083 καὶ
3583 1029 3681 1100 μεθ’

2129 1119 2439 1190 ὑπερϐολῆς
2462 1119 2817 1192 ἀχειρώτους.
2853 1120 3043 1175 Οὑδενὶ
3066 1121 3176 1192 γὰρ
3200 1121 3397 1193 ἀφίησι
3419 1121 3523 1175 τῶν
3545 1136 3686 1193 προσ-

2129 1211 2439 1266 πιπτόντων
2485 1212 2672 1276 αὑτοῖς
2710 1212 3057 1285 θορυϐεῖσθαι
3096 1213 3382 1285 λυπηρῶν,
3419 1214 3535 1268 οὑδὲ
3569 1213 3684 1267 ὑπο-

2131 1303 2496 1368 σκελίζεσθαι·
2534 1304 2651 1359 ἀλλ’
2692 1304 2884 1377 ὥσπερ
2931 1309 2964 1377 ή
3013 1307 3187 1379 πέτρα
3233 1308 3451 1380 ὅσῳπερ
3499 1306 3560 1360 ἂν
3597 1305 3685 1360 ὑπὸ

2130 1395 2393 1450 πλειόνων
2426 1396 2657 1467 παίηται
2692 1399 2973 1469 κυμάτων,
3003 1399 3141 1470 αὔτη
3190 1398 3292 1469 μὲν
3331 1399 3684 1470 ἐκκαθαίρεται

2135 1488 2419 1559 μειζόνως,
2451 1489 2572 1544 οὐδὲ
2597 1491 2793 1561 μικρὸν
2819 1489 3133 1563 κινουμένη,
3154 1491 3265 1544 τῶν
3294 1491 3352 1545 δὲ
3383 1507 3685 1563 προσρηγνυ-

2136 1580 2313 1651 μένων
2341 1581 2480 1652 αὐτῇ
2510 1581 2602 1634 τὸν
2633 1581 2797 1650 ὄγκον
2825 1582 3033 1637 ὑδάτων
3067 1582 3371 1654 διαφθείρει
3411 1583 3611 1655 ῥᾳδίως,
3634 1581 3683 1634 οὐ

2131 1670 2211 1742 τῷ
2239 1671 2447 1737 παίειν,
2486 1672 2624 1726 ἀλλά
2665 1672 2745 1744 τῷ
2773 1673 3033 1728 παίεσθαι
3079 1675 3442 1744 ἀφανίζουσα·
3473 1674 3601 1728 οὕτω
3633 1673 3684 1742 δὴ

2132 1764 2228 1817 καὶ
2258 1764 2287 1816 ὁ
2311 1763 2533 1835 δόκιμος
2558 1765 2618 1830 ἐξ
2648 1766 2929 1837 ὑπομονῆς
2957 1767 3272 1838 γενόμενος,
3310 1767 3486 1838 πάσης
3510 1765 3682 1820 ἀνώτε-

2138 1873 2228 1928 ρος
2259 1857 2492 1928 ἕστηκεν
2527 1858 2841 1929 ἐπιϐουλῆς.
2887 1860 2998 1913 Καὶ
3048 1860 3106 1914 τὸ
3149 1861 3215 1932 δὴ
3265 1860 3582 1929 θαυμαστὸν,
3619 1860 3684 1912 ότι

2140 1951 2485 2022 ἰσχυρότερος
2519 1951 2748 2019 γίνεται,
2799 1951 2861 2005 οὑ
2898 1952 2978 2023 τῷ
3014 1957 3190 2008 ποιεῖν
3228 1954 3433 2018 κακῶς,
3473 1952 3596 2008 ἀλλά
3623 1951 3684 2022 τῷ
3794 1951 3801 2023 j

2138 2042 2371 2114 πάσχειν
2390 2042 2578 2106 κακῶς
2591 2043 2719 2107 τοὺς
2735 2044 3023 2109 ποιοῦντας
3046 2045 3281 2100 διαλύων
3306 2046 3514 2117 ῥᾳδίως.
3533 2045 3683 2099 Ταῦτα
3788 2042 3798 2117 |

2136 2137 2238 2207 οὐχ
2275 2137 2351 2201 ὠς
2394 2136 2667 2208 δεομένοις
2704 2139 2833 2210 παρ’
2860 2138 3020 2209 ἡμῶν
3063 2140 3356 2211 μανθάνειν
3395 2138 3681 2193 ἐπέσταλκα·

2136 2222 2258 2282 οἶδα
2300 2228 2412 2301 γάρ
2455 2229 2607 2299 ὑμῶν
2641 2230 2740 2302 τὴν
2775 2229 3010 2295 σύνεσιν,
3048 2233 3115 2304 ἥν
3156 2233 3248 2287 καὶ
3290 2232 3379 2286 διά
3414 2232 3516 2285 τῶν
3537 2231 3686 2301 ἔργων

2138 2308 2319 2375 αὐτῶν
2340 2322 2704 2388 ἐπεδείξασθε·
2736 2324 2773 2379 ἀ
2795 2324 2903 2397 γάρ
2930 2326 3020 2381 διὰ
3049 2328 3312 2399 ῥημάτων
3340 2326 3685 2397 ἐφιλοσοφήσα·

2143 2429 2243 2483 μεν
2270 2413 2367 2468 νῦν
2394 2415 2576 2485 ἡμεῖς,
2610 2416 2781 2470 ταῦτα
2808 2420 2965 2490 ὑμεῖς
2995 2419 3062 2473 δι’
3084 2415 3160 2475 ὧν
3190 2420 3421 2475 ἐπάθετε
3452 2417 3684 2489 ἀνεκηρύ-

2140 2503 2290 2569 ξατε.
2333 2505 2408 2558 Οὐ
2441 2507 2621 2561 τοίνυν
2649 2508 2726 2573 ὡς
2762 2508 3038 2580 δεομένοις
3075 2513 3371 2582 μανθάνειν
3408 2511 3529 2582 παρ’
3557 2508 3684 2581 ήμῶν

2137 2596 2313 2652 ταῦτα
2377 2598 2708 2665 ἐπέσταλκα,
2765 2602 2882 2657 ἀλλ’
2918 2605 3106 2677 ἐπειδὴ
3161 2605 3377 2678 μακρὸν
3434 2605 3683 2674 ἐσιγήσατε

2140 2690 2353 2761 χρόνον,
2385 2691 2589 2764 μᾶλλον
2630 2693 2688 2748 δέ
2726 2698 2878 2767 κοινῇ
2912 2702 3133 2768 μακράν
3173 2698 3503 2770 ἐσιγήσαμεν
3536 2691 3680 2763 σιγὴν»

2140 2781 2442 2855 ἐϐουλήθην
2500 2784 2596 2838 καὶ
2658 2785 2757 2857 τὴν
2809 2788 3101 2860 ἐπιστολὴν
3173 2789 3427 2861 γενέσθαι
3483 2786 3681 2858 μακράν.

2155 2872 2439 2945 Ἀθληταῖς
2463 2875 2519 2929 δὲ
2550 2877 2830 2950 ὑπομονῆς
2852 2879 2995 2935 οὕτω
3023 2884 3297 2951 γενναίοις
3326 2881 3679 2942 ἐπιστέλλοντα,

2142 2968 2272 3038 περὶ
2295 2969 2439 3033 τίνος
2465 2970 2655 3042 ἐτέρου
2680 2971 3022 3043 διαλέγεσθαι
3053 2976 3246 3048 ἐχρῆν,
3278 2978 3310 3049 ἢ
3353 2977 3473 3049 περὶ
3495 2974 3680 3033 τούτων,

2141 3059 2208 3114 δι’
2245 3054 2320 3114 ὧν
2376 3062 2551 3129 οὑτως
2602 3066 2908 3139 ἀνεφάνητε
2960 3068 3209 3143 λαμπροὶ
3272 3074 3366 3126 καὶ
3417 3070 3681 3139 εὐδόκιμοιὶ

2157 3152 2297 3207 Ἀλλ’
2327 3155 2448 3209 ούδέ
2483 3157 2716 3211 ἐνταῦθα
2752 3160 2967 3215 ῖσταται
2991 3163 3092 3234 τῆς
3123 3163 3405 3236 ἀθλήσεως
3430 3164 3457 3216 6
3490 3158 3678 3232 καρπὺςι

2144 3245 2281 3299 ἀλλά
2321 3247 2536 3316 πρόεισι
2565 3248 2874 3321 περαιτέρω
2897 3250 3098 3322 βρύων.
3142 3254 3208 3310 Ἡ
3229 3255 3338 3329 γάρ
3364 3251 3578 3323 δοκιμὴ,
3604 3267 3682 3319 φησ

2147 3297 2728 3401 ἇινέλσὶιδᾶὲίλέἓιῗ
2743 3297 3202 3410 ἷίτᾶδῖξτξνέωξ
3210 3297 3682 3416 εᾘτξνηῖιῖρέιζίιέο

2143 3443 2253 3481 των
2292 3427 2692 3505 ἐκϐησομένην,
2729 3432 2791 3486 οὐ
2819 3434 2961 3490 κατά
2992 3437 3092 3508 τὴν
3127 3439 3470 3512 ἀνθρωπίνην
3498 3435 3679 3503 ταύτην,

2145 3521 2180 3592 ἢ
2239 3522 2607 3578 κατατείνασα
2673 3525 2934 3592 πολλάκις
2999 3533 3112 3596 τοῖς
3177 3535 3363 3598 πόνοις
3419 3532 3533 3595 τοὺς
3577 3526 3683 3597 πρὸς
3772 3518 3812 3598 Ι

2145 3616 2313 3688 αὐτὴν
2334 3619 2653 3691 κεχηνότας,
2678 3621 2779 3676 οὑκ
2803 3621 2989 3695 ἴσχυσε
3017 3626 3143 3690 τοὺς
3162 3629 3408 3700 καρποὺς
3436 3620 3680 3680 ἀποδοῦναι

2145 3709 2256 3766 τῶν
2314 3710 2491 3765 πόνων
2543 3713 2747 3779 αὐτοῖς,
2810 3714 2945 3771 ἀλλὰ
3011 3720 3149 3789 μετά
3206 3722 3310 3793 τῆς
3363 3718 3566 3791 ζημίας,
3616 3709 3685 3763 καὶ

2146 3814 2380 3888 αἰσχύνῃ
2411 3815 2508 3869 καὶ
2534 3817 2800 3884 κινδύνοις
2840 3820 3035 3886 αὐτοὺς
3070 3823 3413 3895 περιέϐαλεν.
3457 3818 3576 3873 Ἀλλ’
3605 3814 3680 3867 οὐκ
3776 3793 3832 3895 ἓ

2148 3918 2286 3989 αὑτὴ
2341 3918 2588 3992 τοιαύτη,
2644 3920 2830 3994 ἐπειδὴ
2883 3922 3004 3976 οὑδέ
3054 3923 3390 3998 ἀνθρωπίνη.
3441 3923 3595 3989 Ὅπερ
3623 3913 3682 3966 ἐνὶ
3780 3913 3832 4004 Ε

2150 4017 2304 4092 [655]
2335 4020 2543 4091 ῥήματι
2581 4021 2759 4093 δηλῶν
2812 4024 2842 4076 6
2880 4024 3093 4090 Παῦλος
3127 4026 3334 4097 ἔλεγεν·
3376 4021 3522 4081 Ἡδὲ
3546 4013 3683 4079 ἐλπὶς
3782 4013 3832 4104 ἓ

2148 4120 2222 4174 οὐ
2252 4120 2667 4189 καταισχύνει.
2702 4122 2779 4175 Οὐ
2814 4121 2923 4195 γὰρ
2944 4125 3008 4193 δὴ
3049 4126 3209 4196 μόνον
3240 4128 3302 4181 οὑ
3335 4124 3511 4197 ζημιοῖ
3536 4118 3611 4172 τὸν
3632 4112 3683 4167 τὰ

2150 4219 2376 4274 τοιαῦτα
2400 4219 2822 4293 ἀγωνιζόμενον,
2846 4223 2968 4278 οὑδὲ
2992 4226 3054 4278 οὐ
3084 4226 3249 4297 μόνον
3279 4228 3339 4281 οὑ
3367 4216 3680 4289 καταισχύνεις
3788 4199 3832 4297 ἓ

2154 4323 2291 4377 ἀλλά
2327 4325 2423 4377 καὶ
2448 4323 2629 4396 πολλῷ
2657 4324 2878 4380 πλείονα
2907 4325 3003 4381 καὶ
3036 4327 3269 4385 πλοῦτον
3289 4323 3544 4389 καὶδόξαν
3568 4312 3684 4386 αὐτῷ

2153 4424 2262 4478 τῶν
2287 4425 2464 4480 πόνων
2484 4425 2712 4480 καὶτῶν
2737 4427 2977 4498 ἱδρώτων
3005 4428 3227 4501 ἔρχεται
3251 4433 3500 4504 φέρουσα.
3524 4418 3682 4478 Τοιαύ-

2149 4542 2218 4596 τη
2257 4526 2366 4597 γὰρ
2410 4528 2444 4597 ἠ
2483 4527 2815 4600 χαριζομένη
2864 4531 2986 4603 χεὶρ
3028 4532 3235 4589 τούτων
3285 4534 3391 4589 τῶν
3418 4530 3575 4585 πόνων
3607 4521 3683 4580 τὰς

2150 4621 2405 4692 ἀμοιϐάς.
2434 4624 2587 4694 Τάχα
2617 4626 2965 4699 ὑπερέϐημεν
2992 4629 3054 4683 τὸ
3076 4633 3277 4705 μέτρον
3300 4636 3398 4704 τῆς
3423 4619 3680 4688 ἐπιστολῆςν

2150 4721 2267 4775 ἀλλ’
2290 4723 2351 4775 οὑ
2375 4725 2505 4794 παρ’
2529 4725 2657 4796 ὑμῖν
2683 4727 2796 4790 τοῖς
2821 4725 2963 4782 οὕτω
2995 4731 3247 4804 σφοδροῖς
3269 4732 3421 4806 ήμῶν
3448 4721 3679 4798 ἐρασταῖς·

2150 4824 2228 4878 Οὐ
2295 4826 2405 4897 γὰρ
2465 4827 2891 4900 ἐπιστολιμαίων
2961 4836 3308 4905 γραμμάτων
3363 4834 3519 4903 νόμῳ,
3578 4817 3682 4876 ἀλλὰ

2153 4927 2340 5001 θεσμῷ
2391 4929 2576 4998 φιλίας
2621 4931 2690 4984 τὰ
2734 4932 2960 4988 τοιαῦτα
2998 4936 3293 5007 κρίνοντες,
3331 4932 3388 4991 εὖ
3408 4929 3584 4987 οἶδ’ὃτι
3610 4919 3682 4975 καὶ

2154 5028 2416 5102 βραχεῖαν
2446 5027 2584 5086 εἶναι
2605 5031 2811 5106 ταύτην
2832 5035 3103 5106 ἡγήσεσθε
3132 5037 3232 5110 τὴν
3251 5033 3538 5104 ἐπιστολήν.
3576 5016 3681 5078 Ἀλλ.

2153 5131 2302 5201 ὅμως
2331 5134 2380 5185 εί
2414 5132 2509 5188 καὶ
2547 5133 2777 5205 βραχεῖα
2817 5137 2946 5207 ὑμῖν
2981 5133 3120 5193 εῖναι
3151 5140 3318 5207 δοκεῖ,
3357 5138 3413 5192 οὐ
3450 5128 3682 5192 παύσομαι

2154 5234 2249 5289 καὶ
2264 5236 2467 5307 ταύτης
2487 5237 2735 5319 ἀπαιτῶν
2754 5239 2897 5310 ὑμᾶς
2911 5242 3038 5306 τοὺς
3057 5243 3300 5313 μισθοὺς,
3314 5243 3370 5297 οὐ
3386 5240 3443 5294 τὸ
3457 5226 3684 5307 φιλεῖσθαι

2155 5337 2288 5407 παρ’
2304 5338 2479 5409 ὑμῶν·
2510 5338 2573 5391 ού
2595 5338 2707 5411 γὰρ
2732 5339 2908 5394 δεῖσθε
2928 5343 3009 5405 είς
3030 5341 3189 5397 τοῦτο
3207 5343 3299 5399 τοῦ
3320 5336 3678 5405 ἀπαιτήσοντοςν

2154 5437 2365 5491 οἴκοθεν
2414 5438 2546 5492 αὐτὸ
2592 5439 2731 5509 μετά
2791 5441 2995 5513 πολλῆς
3038 5444 3125 5497 ἀεὶ
3176 5443 3277 5515 τῆς
3316 5434 3568 5510 δαψιλείας
3609 5418 3681 5476 καὶ

2154 5537 2540 5602 κατατιθέντες
2588 5541 2682 5594 καὶ
2739 5540 3068 5610 ὀφείλοντες·
3123 5545 3244 5598 οὑδὲ
3296 5545 3352 5598 τὸ
3402 5521 3678 5601 ἀντιγράψαι

2156 5638 2308 5707 ἡμῖν·
2338 5632 2456 5691 οῖδα
2488 5640 2598 5709 γάρ
2620 5640 2704 5692 ὅτι
2732 5641 2853 5693 οὑδὲ
2884 5643 2963 5706 είς
2995 5642 3154 5696 τοῦτο
3183 5645 3364 5716 ἐτέρου
3409 5634 3537 5693 τινὸς
3580 5619 3680 5716 ὑμῖΫ

2154 5738 2236 5791 δεῖ
2272 5735 2367 5790 τοῦ
2400 5737 2807 5810 ἀναμνήσοντος
2848 5742 3013 5813 ὑμᾶς·
3050 5742 3188 5797 ἀλλά
3216 5714 3297 5808 τίς
3333 5744 3360 5795 ό
3398 5728 3589 5809 μισθάςῖ

2157 5836 2317 5907 δῆλον
2356 5838 2489 5909 ἡμῖν
2534 5839 2778 5911 ποιῆσαι,
2824 5811 2904 5896 ὅτι
2949 5843 3229 5914 σκιρτᾶτε,
3273 5843 3350 5898 ὅτι
3386 5832 3576 5908 χαίρετε
3605 5811 3678 5873 καί

3795 2045 3798 2058 Ι

3821 2595 3826 2604 ι

3825 2665 3828 2674 .

3817 2721 3828 2743 ⁸.

3819 2763 3832 2786 ι1

3825 2850 3832 2870 .'

3813 2875 3832 2896 .'.‘

3813 2903 3832 2924 πί

3813 2927 3824 2948 _.

3803 2961 3831 2978 .,.

3813 3035 3831 3055 ξ.

3811 3053 3832 3080 ."x‘

3815 3079 3832 3130 gi

3816 3131 3832 3160 ’1.

3805 3167 3814 3188 ιι
3821 3163 3832 3176 Δ

3811 3220 3834 3290 ·

3817 3297 3832 3308 Cl

3808 3355 3820 3374 -.
3828 3350 3829 3361 \

3801 3395 3804 3400 _
3822 3386 3828 3395 ι

3803 3465 3833 3528 ;

3801 3577 3812 3594 ¹.

3807 3579 3832 3626 ἕ

3806 3627 3820 3652 ,ι

3794 3661 3796 3664 μ
3806 3657 3812 3666 .

3807 3703 3818 3720 ι
3832 3692 3833 3695 η

3808 3735 3828 3748 ιι

3799 3751 3830 3788 ιδεμ

3799 3795 3802 3800 .
3810 3793 3814 3802 .

3799 3805 3832 3844 at?

3791 4037 3798 4042 .
3805 4017 3832 4040 ’,ἑ

3795 4043 3832 4082 ⁵.·ἶςῖ

3789 4093 3794 4104 ,z
3811 4085 3816 4094 ρ

3792 4119 3796 4140 ί
3809 4115 3832 4156 τι

3807 4151 3832 4180 -δ-,β

3811 4199 3831 4226 ’γῖ

3813 4231 3831 4248 πρ

3811 4256 3832 4276 "1

3795 4287 3800 4290 Ι
3827 4301 3831 4312 1

3819 4347 3830 4368 ἰ

3819 4389 3824 4398 .
