3906 6390
260 345 374 400 G55

262 452 604 520 exploratum
634 463 737 512 est.
761 455 838 513 Ac
857 455 1043 515 literas
1062 458 1276 531 quidem
1301 461 1510 518 assidue
1527 461 1594 517 ad
1617 477 1709 519 vos
1730 464 1858 520 dare

259 561 518 614 cuperem
552 566 566 602 :
596 565 779 605 verum
821 550 1123 608 lsaurorum
1163 562 1336 610 metus
1358 555 1460 611 viis
1480 556 1728 612 omnibus
1771 557 1857 612 in-

263 636 513 694 terclusis
542 656 647 695 non
679 657 766 697 me
793 645 1027 700 nancisci
1055 645 1216 711 sinit,
1265 647 1356 717 qui
1378 647 1444 703 ad
1475 663 1592 703 eam
1621 665 1734 704 rem
1762 664 1858 704 no-

259 727 346 783 bis
393 729 761 810 administrant
806 749 1022 804 operam
1073 737 1367 807 praebeant.
1413 740 1632 806 Quoties
1674 750 1856 796 autem

257 821 499 876 nancisci
527 837 812 892 possumus
831 867 844 892 ,
874 827 1109 882 debitam
1136 829 1287 885 vobis
1313 831 1688 886 salutationem
1720 848 1854 901 pen-

256 911 463 980 dimus,
515 929 610 969 vos
638 931 737 986 pro
767 928 950 975 nostro
972 936 1122 978 more
1151 922 1522 992 admonentes,
1551 940 1619 980 ne
1645 924 1714 981 ob
1738 940 1854 982 cre-

256 1001 384 1058 bras
406 1002 501 1060 has
523 1014 578 1061 et
593 1009 876 1087 continuas
898 1013 1220 1070 tentationes
1240 1015 1404 1070 animi
1425 1017 1586 1073 vestri
1609 1013 1851 1072 commo-

256 1105 486 1152 veantur
527 1113 590 1154 ac
632 1103 1034 1171 perturbentur.
1081 1107 1213 1163 Nam
1256 1123 1378 1164 cum
1431 1121 1756 1168 mercatores
1798 1121 1854 1168 et

254 1199 434 1245 nautte
475 1194 787 1264 exiguarum
835 1198 1096 1254 mercium
1135 1216 1295 1256 causa
1342 1211 1448 1258 tam
1493 1205 1648 1274 longa
1683 1206 1850 1262 maria

255 1280 556 1349 trajiciant,
588 1299 652 1339 ac
679 1294 754 1340 tot
784 1285 977 1344 ﬂuctus
1005 1291 1272 1362 intrepido
1297 1295 1478 1349 animo
1500 1295 1714 1361 adeant,
1743 1297 1849 1351 mi-

254 1370 484 1444 litesque
513 1377 688 1450 exigui
717 1380 970 1450 stipendii
990 1398 1155 1462 causa
1177 1386 1339 1442 vitam
1365 1370 1534 1457 ipsam
1556 1403 1654 1458 pro
1677 1389 1846 1445 nihilo

251 1462 484 1534 ducant,
516 1483 580 1523 ac
608 1469 735 1525 dum
759 1471 893 1528 lucis
921 1473 1080 1546 hujus
1109 1491 1269 1532 usura
1299 1478 1575 1545 fruuntur,
1605 1495 1847 1552 persaepe

253 1565 306 1608 et
335 1553 477 1613 fame
503 1561 894 1632 conﬂictentur,
928 1576 980 1622 et
1007 1569 1210 1640 magnis
1250 1570 1527 1627 itineribus
1563 1582 1842 1640 vexentur,

251 1659 622 1721 perpetuoque
645 1653 698 1708 in
725 1657 926 1712 exteris
952 1659 1260 1729 regionibus
1290 1661 1504 1732 degant,
1536 1672 1656 1734 post
1680 1666 1842 1720 etiam

251 1741 458 1798 nullum
485 1743 609 1801 hinc
632 1748 712 1802 vel
741 1753 988 1819 exiguum
1016 1753 1099 1807 vel
1128 1767 1376 1823 magnum
1409 1753 1640 1810 fructum
1663 1771 1846 1812 conse-

250 1833 439 1902 quuti,
495 1851 687 1908 magna
731 1854 797 1894 ex
840 1849 992 1910 parte
1034 1855 1409 1912 prtematuram
1453 1861 1517 1901 ac
1553 1847 1842 1904 violentam

249 1935 480 1981 mortem
519 1940 777 2000 oppetant
811 1951 822 1987 :
856 1949 976 1989 cum
1023 1937 1237 1994 eaaleste
1280 1939 1556 2008 pramium
1585 1943 1841 2012 proponi-

249 2023 361 2083 tur,
388 2032 450 2073 ac
473 2030 592 2088 post
618 2031 844 2080 mortem
868 2026 1038 2096 major
1061 2029 1336 2100 multoque
1358 2030 1638 2086 sublimior
1662 2048 1843 2088 remu-

247 2111 454 2166 neratio
471 2152 488 2177 ,
511 2129 670 2183 quam
697 2117 909 2174 tandem
935 2122 1143 2178 veniam
1165 2123 1514 2194 obtinebunt,
1541 2128 1631 2198 qui
1663 2131 1836 2186 molli-

245 2201 321 2255 tie
345 2210 505 2274 atque
531 2205 736 2276 ignavia
764 2219 997 2283 torpent,
1027 2229 1090 2271 ac
1116 2231 1222 2272 non
1252 2216 1422 2288 ipsam
1443 2235 1654 2292 quoque
1674 2222 1836 2277 vitam

245 2302 599 2352 contemnunt
622 2313 686 2355 ac
710 2316 810 2371 pro
835 2303 1003 2361 nihilo
1040 2308 1271 2376 putant?
1298 2309 1426 2366 Haec
1466 2310 1626 2382 igitur
1659 2315 1840 2370 omnia

246 2393 424 2441 tecum
451 2391 830 2462 considerans,
860 2395 1097 2468 illudque
1123 2399 1251 2456 item
1270 2443 1286 2469 ,
1319 2417 1408 2459 res
1435 2413 1728 2474 praesentes
1757 2407 1840 2461 ni-

245 2477 320 2532 hil
346 2494 377 2536 a
405 2481 553 2538 fumo
578 2494 633 2540 et
659 2486 938 2544 insomniis
959 2491 1205 2561 diﬂ'erre,
1233 2494 1620 2570 ﬂorentemque
1664 2499 1842 2557 homi-

244 2583 376 2624 num
403 2580 598 2628 statum
624 2579 806 2634 vernis
834 2578 976 2637 foliis
999 2623 1016 2650 ,
1059 2599 1180 2655 qum
1207 2586 1368 2641 simul
1407 2596 1566 2660 atque
1594 2592 1838 2649 oriuntur

245 2659 426 2716 statim
472 2678 831 2739 exarescunt,
874 2673 1042 2730 nihilo
1086 2659 1517 2747 praestantiorem
1561 2699 1716 2752 esse,
1765 2686 1834 2742 da

240 2764 462 2820 operam
486 2795 504 2825 ,
545 2767 604 2812 ut
641 2762 890 2818 omnibus
913 2765 1216 2836 hujusmodi
1248 2771 1366 2826 telis
1408 2775 1739 2844 superiorem
1781 2787 1835 2836 te

240 2844 501 2912 praebeas.
534 2848 682 2906 Licet
709 2853 887 2920 enim,
937 2857 982 2912 si
1021 2859 1182 2916 modo
1211 2862 1380 2932 velis,
1421 2864 1588 2935 ipsam
1622 2882 1834 2940 quoque

238 2934 366 2990 vitae
404 2953 652 3011 pompam
699 2953 1044 3005 contemnere
1075 2965 1139 3007 ac
1179 2934 1506 3022 proculcare.
1549 2934 1831 3016 Unum'id

242 3039 422 3123 specta
443 3071 459 3096 ,
498 3047 730 3103 quonam
767 3049 923 3108 pacto
947 3056 1140 3113 magno
1165 3059 1284 3100 cum
1311 3047 1489 3104 studio
1512 3030 1577 3105 ac
1601 3051 1830 3123 diligen-

241 3118 312 3172 tia
358 3120 495 3176 viam
538 3135 780 3196 arctam,
834 3146 954 3201 quae
999 3134 1066 3190 ad
1105 3135 1296 3193 caelum
1339 3139 1516 3210 vehit,
1563 3143 1830 3202 conficere

237 3224 425 3280 queas.

237 3345 418 3402 CVII.
448 3349 619 3421 Casta,
660 3353 860 3412 Valerio
881 3399 897 3426 ,
923 3359 1236 3433 Diophanto,
1269 3376 1315 3420 et
1341 3368 1553 3439 Cyriaco
1576 3415 1589 3440 ,
1621 3377 1828 3446 presby-

626 3450 765 3506 teris.
805 3451 1046 3522 (Cucuso
1088 3472 1229 3514 anno
1264 3460 1435 3534 405.)
1475 3529 1478 3535 η

305 3577 460 3645 Quod
489 3595 656 3649 auro,
700 3599 821 3639 cum
852 3587 958 3658 igni
989 3605 1133 3661 saepe
1160 3595 1436 3665 probatur,
1473 3601 1687 3666 accidit,
1722 3603 1826 3660 hoc

233 3670 394 3724 etiam
422 3674 599 3729 aureis
627 3676 820 3732 animis
848 3693 878 3733 a
908 3683 1292 3742 tentationibus
1320 3689 1538 3746 evenire
1565 3693 1723 3749 solet.
1755 3695 1825 3752 Ut

231 3762 376 3814 enim
409 3761 638 3820 ﬂammae
667 3777 854 3824 natura
885 3773 1164 3829 materiam
1197 3777 1340 3833 illam
1368 3818 1383 3843 ,
1416 3765 1538 3836 cum
1570 3784 1823 3853 quamdiu

230 3854 364 3908 artis
387 3854 471 3910 lex
499 3859 759 3926 permittit
783 3877 904 3917 cum
934 3879 998 3920 ea
1028 3875 1309 3940 versatur,
1341 3871 1495 3943 longe
1524 3875 1820 3944 splendidi-

231 3959 380 4000 orem
410 3961 473 4003 ac
503 3951 771 4018 puriorem
803 3954 981 4012 reddit
1013 3975 1028 4012 :
1059 3960 1247 4016 eodem
1276 3963 1436 4019 modo
1466 3965 1819 4037 frequentium

232 4039 583 4096 tentationum
611 4042 798 4100 fornax
831 4046 1076 4106 homines
1111 4067 1234 4119 eos,
1255 4056 1354 4124 .qui
1395 4069 1573 4115 mente
1607 4060 1674 4116 ad
1704 4063 1821 4118 auri

229 4132 630 4191 similitudinem
665 4140 946 4208 accedunt,
970 4158 1104 4200 auro
1117 4149 1306 4218 quovis
1339 4151 1729 4221 splendidiores
1757 4170 1822 4212 ac

230 4225 387 4295 longe
410 4233 807 4297 prmstantiores
824 4235 1008 4292 efﬁcit.
1027 4237 1107 4294 Ob
1127 4255 1352 4312 eamque
1373 4259 1606 4312 causam,
1634 4263 1822 4318 quam-

227 4321 308 4375 vis
331 4331 436 4375 tam
461 4323 616 4395 longe
636 4343 665 4379 a
690 4327 842 4383 vobis
862 4329 1090 4398 sejuncti
1111 4333 1296 4400 simus,
1324 4351 1418 4392 vos
1437 4347 1611 4396 tamen
1631 4341 1818 4399 beatos

227 4412 524 4480 prmdicare
553 4432 840 4486 numquam
871 4419 1186 4478 desinimus.
1221 4425 1381 4482 Scitis
1410 4430 1553 4484 enim
1580 4473 1594 4495 ,
1627 4434 1774 4488 scitis
1797 4475 1812 4502 ,

227 4501 478 4572 inquam,
512 4509 829 4578 perSpicue,
864 4521 1118 4580 quantum
1159 4515 1463 4586 hujusmodi
1505 4521 1816 4580 insidiarum

228 4591 435 4649 lucrum
465 4597 567 4665 sit,
594 4608 754 4670 atque
797 4601 954 4672 hujus
994 4604 1117 4660 vita:
1161 4611 1567 4680 prOSperitatem
1611 4616 1811 4674 nudum

224 4683 498 4744 dumtaxat
527 4698 581 4745 et
606 4691 763 4748 inane
793 4695 1108 4751 vocabulum
1136 4713 1199 4755 ac
1221 4715 1281 4756 re
1308 4716 1531 4758 vacuum
1560 4720 1696 4773 esse,
1725 4709 1808 4765 fu-

225 4787 342 4834 tura
365 4791 543 4838 autem
575 4783 742 4852 bona,
778 4785 956 4856 firma,
990 4791 1221 4859 stabilia,
1253 4803 1397 4850 certa
1419 4837 1433 4861 ,
1464 4797 1808 4859 immortalia.

221 4869 331 4926 Nec
356 4887 485 4929 vero
510 4873 612 4930 hoc
637 4875 915 4933 dumtaxat
943 4879 1244 4938 admirandi
1274 4885 1442 4943 virtus
1469 4887 1651 4956 habet,
1669 4893 1811 4962 quod

224 4963 338 5018 haec
367 4965 522 5021 nobis
547 4969 767 5036 prtemia
799 4972 1083 5042 conciliat,
1111 4991 1295 5032 verum
1326 4979 1484 5034 etiam
1516 4983 1658 5052 quod
1687 4993 1814 5041 ante

220 5059 562 5124 praemiorum
593 5068 803 5132 tempus
834 5062 1000 5135 ipsius
1038 5071 1328 5125 certamina
1357 5074 1696 5142 praemiorum
1728 5093 1814 5132 ra-

219 5152 418 5203 tionem
448 5150 686 5220 habent,
719 5164 880 5224 atque
910 5155 1023 5226 ipsa
1053 5174 1158 5215 non
1191 5161 1351 5218 modo
1381 5164 1558 5220 soluto
1602 5167 1810 5225 theatro

218 5240 509 5296 victoribbs
539 5244 765 5312 palmam
795 5246 985 5316 aﬂ'ert,
1023 5250 1117 5306 sed
1155 5253 1315 5309 etiam
1349 5256 1406 5310 in
1443 5258 1617 5312 media
1649 5275 1808 5316 arena

220 5333 504 5400 praeclaras
528 5335 742 5391 athletis
768 5354 996 5396 coronas
1025 5343 1211 5399 nectit.
1244 5346 1324 5401 Ae
1357 5349 1581 5417 proinde
1611 5351 1808 5410 Paulus

219 5442 430 5496 quoque
458 5444 562 5481 non
593 5431 660 5484 ob
687 5432 1046 5490 calamitatum
1078 5439 1294 5507 praamia
1315 5441 1590 5498 dumtaxat
1614 5447 1809 5516 gaudet

216 5533 276 5570 ac
305 5520 534 5587 lmtatur,
569 5539 755 5578 verum
785 5526 944 5582 etiam
973 5530 1042 5584 ob
1070 5531 1212 5600 ipsas
1237 5550 1450 5604 quoque
1474 5539 1806 5595 calamitates

215 5611 504 5679 gloriatur,
537 5614 621 5669 bis
646 5619 825 5673 verbis
855 5630 1010 5674 utens
1056 5640 1069 5674 :
1125 5622 1248 5678 Non
1279 5626 1442 5678 solum
1475 5637 1642 5681 autem
1671 5671 1685 5695 ,
1717 5632 1805 5685 sed

217 5716 263 5760 et
290 5707 567 5777 gloriamur
584 5712 638 5764 in
657 5713 1064 5771 tribulationibus
1086 5716 1260 5789 (Rom.
1298 5720 1350 5776 5.
1372 5722 1405 5776 5
1503 5721 1583 5776 Ac
1610 5723 1804 5782 deinde

218 5805 553 5886 prsentiorum
576 5821 782 5872 eorum,
807 5825 925 5879 quae
949 5825 1013 5865 ex
1038 5813 1339 5872 calamitate
1359 5825 1532 5872 ortum
1560 5815 1796 5888 trahunt,

535 5907 809 5967 PATnOL.
858 5908 974 5970 Gn.
1024 5912 1147 5976 Lll.

1729 343 2116 407 EPISTOLAE.

1970 465 2164 521 seriem
2193 480 2550 536 enumerans,
2582 468 2656 524 ait
2697 484 2713 523 :
2757 467 3039 524 Tribulatto
3065 469 3359 539 patientiam
3390 479 3563 545 μανίη

1969 558 2143 626 hanc,
2178 559 2392 630 inquam
2415 602 2429 625 ,
2463 561 2722 616 bonorum
2760 569 2985 618 matrem
3009 603 3026 630 ,
3054 573 3266 633 portum
3309 565 3560 625 ﬂuctibus

1964 663 2234 718 vacuum,
2285 652 2621 722 tranquillam
2672 653 2860 720 vitam,
2912 669 3046 723 rupe
3091 655 3403 725 fortiorem,
3458 660 3558 715 ad-

1961 750 2176 796 amante
2227 742 2541 811 firmiorem,
2573 743 2848 814 quibusvis
2894 747 3060 801 armis
3093 747 3463 814 valentiorem,
3492 765 3558 806 ac

1962 832 2230 888 moenibus
2285 834 2559 889 tutiorem.
2617 835 2744 891 Hmc
2788 846 2966 891 autem
3013 839 3261 894 omnibus
3315 845 3555 899 numeris

1961 923 2194 992 perfecta
2215 932 2268 980 et
2293 925 2534 981 absoluta
2559 926 2802 982 alumnos
2833 942 2960 983 suos
2987 929 3241 998 probatos
3292 941 3346 986 et
3385 948 3550 1002 gene-

1957 1029 2110 1070 rosos
2129 1027 2288 1086 atque
2316 1017 2682 1074 incredibilem
2708 1020 2990 1090 quemdam
3014 1023 3065 1076 in
3089 1023 3304 1078 modum
3324 1025 3550 1085 invictos

1962 1105 2160 1164 reddit.
2186 1107 2360 1164 Nullis
2397 1111 2542 1165 enim
2570 1111 2851 1178 molestiis,
2879 1128 2998 1183 quae
3024 1113 3248 1170 subinde
3270 1115 3376 1172 illis
3400 1119 3549 1174 acci-

1955 1196 2108 1265 dunt,
2133 1199 2276 1269 ipsos
2297 1201 2599 1269 perturbari
2619 1216 2683 1256 ac
2708 1203 2864 1273 dejici
2885 1205 3012 1260 sinit
3036 1220 3052 1260 :
3075 1221 3258 1262 verum
3285 1211 3547 1278 quetnado

1954 1288 2173 1344 modum
2196 1306 2376 1360 rupes,
2409 1307 2515 1362 quo
2541 1293 2780 1364 pluribus
2803 1295 3051 1353 ﬂuctibus
3078 1299 3404 1369 verberatur,
3431 1300 3546 1373 ipsa

1952 1379 2166 1449 quidem
2189 1382 2376 1451 purior
2404 1383 2650 1452 efficitur,
2675 1400 2738 1441 ac
2764 1403 2832 1442 ne
2858 1389 3121 1445 tantillum
3147 1392 3362 1462 quidem
3390 1409 3545 1450 emo-

1950 1480 2124 1541 vetur,
2147 1488 2405 1544 aquarum
2432 1484 2630 1544 autem,
2662 1491 2782 1548 qum
2811 1479 2911 1549 ipsi
2937 1480 3247 1549 alliduntur,
3275 1492 3541 1541 tumorem

1949 1563 2098 1618 nullo
2120 1565 2334 1635 negotio
2360 1565 2584 1638 dissipat
2622 1583 2686 1624 ac
2711 1570 2877 1638 delet,
2929 1587 3034 1626 non
3074 1574 3186 1643 jam
3216 1578 3540 1645 percutiens,

1947 1653 2042 1709 sed
2064 1670 2362 1725 percussa:
2410 1659 2601 1715 eodem
2648 1662 2851 1718 scilicet
2895 1664 3056 1720 modo
3100 1667 3145 1722 is
3197 1682 3410 1739 quoque
3453 1671 3544 1741 qui

1948 1747 2203 1817 patientia
2246 1751 2555 1821 exploratus
2591 1760 2694 1820 est,
2741 1753 2962 1810 insidias
3022 1773 3213 1813 omnes
3261 1772 3478 1830 superat
3524 1778 3541 1816 :

1947 1841 2197 1913 quodque
2237 1845 2539 1902 mirandum
2580 1854 2685 1916 est,
2717 1847 2834 1918 plus
2877 1849 3088 1904 roboris
3143 1850 3266 1908 hinc
3318 1853 3539 1924 colligit,

1947 1949 2055 1990 non
2087 1937 2399 2006 inferendis,
2445 1940 2539 1996 sed
2571 1942 2930 2011 perpetiendis
2957 1945 3130 2010 malis,
3161 1959 3256 2001 eos
3279 1947 3370 2017 qui
3399 1947 3542 2004 infe-

1946 2037 2073 2084 runt
2109 2030 2244 2085 mira
2273 2032 2524 2089 facilitate
2559 2033 2812 2106 frangens
2841 2050 2903 2091 ac
2929 2035 3251 2094 dissolvens.
3285 2039 3412 2095 Haec
3434 2055 3540 2096 non

1945 2134 2012 2175 eo
2041 2123 2251 2192 scripsi,
2283 2123 2426 2195 quod
2455 2124 2554 2180 hac
2592 2127 2646 2181 in
2700 2141 2760 2182 re
2796 2143 2882 2184 me
2929 2129 3183 2200 magistro
3211 2145 3346 2200 opus
3373 2130 3541 2188 habe-

1944 2217 2108 2282 retis;
2146 2216 2274 2271 mihi
2338 2219 2479 2272 enim
2535 2219 2812 2290 prudentia
2861 2230 3036 2277 vestra
3101 2223 3372 2292 explorata
3423 2234 3536 2292 est,

1943 2307 2140 2376 quippe
2168 2323 2326 2378 quam
2358 2309 2668 2380 rebusipsis
2698 2319 2943 2366 testatam
2970 2311 3206 2368 feceritis
3237 2329 3391 2368 :nam
3419 2331 3538 2385 qua:

1944 2413 2044 2454 nos
2091 2413 2343 2456 sermone
2372 2416 2513 2457 nunc
2547 2401 2846 2470 docuimus,
2891 2403 3006 2459 haec
3057 2405 3155 2475 ipsi
3206 2405 3537 2476 perferendis

1941 2491 2334 2548 calamitatibus
2360 2493 2711 2562 prtedicastis.
2737 2495 3095 2562 Quamobrem
3134 2513 3241 2552 non
3280 2498 3420 2569 quod
3451 2514 3538 2553 me

1940 2583 2198 2655 magistro
2215 2601 2348 2657 opus
2373 2587 2641 2644 haberetis
2659 2630 2674 2656 ,
2705 2588 2818 2644 haac
2837 2590 3048 2661 scripsi,
3078 2606 3262 2647 verum
3284 2593 3534 2663 quoniam

1939 2676 2191 2733 diuturno
2213 2689 2452 2749 tempore
2479 2680 2720 2749 siluistis,
2747 2682 2854 2749 vel,
2877 2690 2938 2737 ut
2961 2684 3160 2740 rectius
3180 2685 3374 2750 dicam,
3398 2687 3535 2741 utri-

1938 2783 2043 2839 que
2072 2768 2326 2825 diuturno
2350 2771 2568 2827 silentio
2598 2773 2678 2827 usi
2704 2788 2910 2840 sumus,
2942 2775 3140 2830 idcirco
3165 2775 3406 2847 longiore
3436 2777 3537 2834 hac

1936 2860 2162 2930 epistola
2187 2861 2262 2916 uti
2290 2862 2462 2917 libuit.
2487 2863 2656 2919 Porro
2675 2878 2796 2920 cum
2823 2865 2892 2920 ad
2931 2874 3036 2922 tam
3081 2867 3252 2923 fortes
3292 2883 3358 2925 ac
3398 2880 3538 2926 stre-

1937 2966 2073 3008 nuos
2093 2953 2360 3023 patientia:
2381 2955 2587 3026 pugiles
2612 2958 2926 3026 scriberem,
2957 2959 3025 3014 de
3052 2975 3155 3030 qua
3191 2961 3404 3017 tandem
3429 2963 3532 3018 alia

1933 3057 1994 3098 re
2020 3043 2180 3099 verba
2203 3043 2377 3102 facere
2401 3047 2702 3117 oportebat,
2728 3063 2886 3118 quam
2912 3049 2981 3106 de
3009 3050 3114 3118 his,
3141 3051 3211 3107 ob
3239 3066 3370 3123 quas
3410 3061 3534 3108 tan-

1935 3141 2121 3204 topere
2145 3137 2277 3192 clari
2311 3152 2376 3192 ac
2395 3138 2638 3194 celebres
2662 3140 2984 3197 exstitistis?
3013 3145 3090 3198 Ac
3117 3157 3185 3198 ne
3209 3143 3296 3199 hic
3315 3145 3533 3215 quidem

1934 3227 2290 3284 dimicationis
2320 3228 2524 3286 fructus
2544 3231 2786 3288 subsistit
2810 3249 2824 3299 ;
2855 3248 3040 3289 verum
3080 3234 3288 3305 longius
3307 3251 3531 3308 progre-

1932 3320 2078 3376 ditur
2095 3337 2159 3378 ac
2189 3323 2430 3379 scaturit.
2459 3323 2703 3378 Probatio
2742 3326 2908 3394 enim,
2951 3326 3144 3397 inquit,
3199 3343 3342 3399 spem
3397 3329 3534 3400 parit

1930 3415 2119 3486 (Rom.
2154 3416 2208 3472 5.
2237 3416 2304 3487 4)
2332 3434 2345 3470 :
2373 3426 2427 3476 et
2465 3417 2679 3488 quidem
2708 3433 2858 3489 spem
2886 3420 3060 3490 reipsa
3107 3422 3328 3476 omnino
3359 3436 3525 3477 even-

1931 3515 2124 3575 turam,
2157 3522 2261 3563 non
2288 3518 2466 3565 autem
2490 3509 2614 3565 huic
2648 3509 2897 3566 humanae
2926 3511 3186 3579 similem,
3214 3529 3333 3584 quae
3353 3527 3527 3583 saepe-

1929 3616 2154 3657 numero
2177 3642 2192 3669 ,
2234 3611 2513 3672 postquam
2539 3602 2810 3658 laboribus
2849 3602 3114 3658 divexarit
3155 3619 3250 3659 eos
3293 3605 3385 3676 qui
3424 3606 3527 3676 ipsi

1928 3691 2168 3760 inhiant,
2197 3692 2438 3747 laborum
2470 3692 2674 3748 fructus
2704 3694 2782 3749 eis
2811 3693 3038 3750 reddere
3072 3695 3297 3765 nequit,
3330 3712 3519 3752 verum

1927 3792 2123 3853 praeter
2146 3783 2522 3839 detrimentum
2551 3798 2644 3839 eos
2660 3784 2819 3838 etiam
2848 3784 2900 3839 in
2925 3785 3270 3869 ignominiam
3301 3793 3353 3840 et
3374 3788 3520 3856 peri-

1928 3877 2105 3932 culum
2134 3875 2372 3947 conjicit.
2406 3876 2476 3930 At
2504 3875 2620 3931 haec
2661 3891 2766 3931 non
2797 3876 3062 3948 ejusmodi
3099 3886 3183 3932 est
3222 3893 3237 3931 :
3278 3879 3524 3948 quando-

1925 3968 2140 4039 quidem
2165 3983 2265 4024 nec
2281 3969 2393 4040 ipsa
2412 3970 2644 4025 humana
2665 3977 2768 4025 est.
2792 3969 2848 4024 ω
2870 3969 3009 4040 quod
3029 3985 3138 4025 uno
3160 3970 3328 4026 verbo
3348 3971 3526 4026 declao

1924 4077 2051 4118 rans
2063 4062 2278 4130 Paulus,
2298 4063 2380 4117 his
2400 4062 2577 4119 verbis
2607 4063 2860 4118 utebatur
2884 4081 2896 4117 :
2919 4063 3050 4134 Spes
3073 4072 3244 4117 autem
3263 4081 3362 4118 non
3391 4080 3518 4118 con-

1926 4154 2096 4226 fundit
2117 4153 2324 4226 (Ibid.).
2355 4154 2539 4226 Neque
2576 4155 2718 4210 enim
2748 4154 3025 4209 dumtaxat
3053 4169 3174 4210 eum
3205 4155 3294 4224 qui
3336 4155 3524 4226 hujus-

1924 4246 2067 4302 modi
2084 4246 2465 4302 certaminibus
2489 4246 2743 4316 fungitur,
2759 4245 3083 4302 detrimento
3100 4260 3162 4300 ac
3190 4245 3393 4317 pudore
3409 4263 3518 4302 non

1923 4338 2308 4406 afficit,verum
2323 4343 2485 4396 etiam
2503 4339 2775 4396 laboribus
2804 4354 2868 4394 ac
2906 4339 3192 4395 sudoribus
3221 4339 3378 4410 longe
3407 4353 3521 4392 am-

1923 4433 2119 4502 pliores
2135 4447 2265 4503 opes
2279 4443 2333 4488 et
2347 4433 2571 4502 gloriam
2591 4433 2690 4503 ipsi
2709 4431 2883 4487 aﬂ‘ert.
2908 4431 3040 4487 Nam
3062 4447 3122 4488 ea
3150 4448 3338 4488 manus
3355 4432 3517 4497 illius,

1922 4539 2043 4594 quae
2081 4523 2272 4580 borum
2313 4524 2555 4579 laborum
2597 4524 2901 4580 mercedem
2931 4525 3165 4594 praebet,
3197 4533 3383 4579 natura
3413 4535 3517 4580 est.

1924 4618 2179 4687 Epistolas
2215 4617 2433 4673 modum
2477 4617 2656 4671 forsan
2705 4618 3080 4672 excessimus:
3117 4625 3172 4670 at
3221 4630 3326 4671 non
3375 4617 3517 4688 apud

1922 4725 2050 4777 vos,
2078 4724 2106 4763 a
2131 4709 2323 4780 quibus
2351 4718 2458 4762 tam
2501 4708 2742 4778 impense
2781 4723 3046 4762 amamur.
3073 4708 3203 4763 Nam
3248 4723 3366 4762 cum
3409 4725 3515 4764 non

1874 4790 1878 4792 ﬂ
1920 4801 2283 4872 epistolarum,
2315 4801 2408 4856 sed
2446 4800 2697 4856 amicitiae
2727 4801 2842 4870 lege
2869 4815 2956 4863 res
2982 4799 3284 4870 lmjusmodi
3312 4800 3516 4870 ponde-

1918 4893 2070 4960 retis,
2110 4888 2329 4948 minime
2354 4907 2482 4948 sane
2519 4892 2648 4947 mihi
2687 4892 2904 4947 dubium
2946 4900 3061 4960 est,
3102 4893 3229 4962 quin
3267 4893 3516 4964 exiguam

1919 4999 2132 5055 quoque
2171 4983 2308 5039 banc
2335 4984 2614 5055 epistolam
2645 4984 3000 5039 existimaturi
3030 4985 3165 5040 sitis.
3192 4984 3296 5041 Sed
3327 5001 3514 5056 quam-

1918 5093 2077 5147 quam
2106 5075 2284 5132 brevis
2299 5077 2450 5132 vobis
2475 5091 2595 5132 esse
2613 5076 2882 5140 videatur,
2916 5076 3074 5146 hujus
3101 5093 3312 5149 quoque
3334 5087 3512 5138 tamen

1918 5170 2219 5226 mercedem
2251 5186 2280 5224 a
2307 5171 2457 5226 vobis
2483 5169 2776 5241 efﬂagitare
2806 5171 3025 5226 minime
3042 5171 3305 5230 desinam.
3337 5174 3509 5242 Quam

1916 5261 2173 5317 tandem?
2213 5262 2328 5316 Non
2361 5270 2418 5317 ut
2446 5277 2477 5316 a
2505 5262 2656 5317 vobis
2694 5278 2845 5318 amer
2870 5280 2882 5317 :
2907 5279 3082 5335 neque
3115 5266 3258 5320 enim
3307 5266 3526 5336 ﬂagitae

1917 5365 2031 5410 tore
2069 5355 2134 5410 ad
2175 5371 2294 5410 eam
2341 5371 2457 5411 rem
2509 5356 2661 5412 vobis
2691 5371 2827 5428 opus
2859 5368 2978 5424 est,
3026 5375 3146 5414 cum
3193 5359 3295 5414 hoc
3317 5369 3508 5430 sponte

1912 5449 2276 5517 copiosissime
2316 5463 2530 5517 semper
2568 5459 2621 5505 ct
2663 5450 2976 5521 persolvetis
3011 5462 3065 5507 et
3107 5453 3381 5508 debeatis:
3407 5469 3509 5510 nec

1913 5539 2039 5594 item
2065 5549 2121 5594 ut
2160 5541 2314 5596 nobis
2356 5542 2698 5598 rescribatis:
2733 5544 2860 5599 illud
2887 5546 3027 5600 enim
3055 5545 3183 5599 mihi
3211 5547 3507 5616 persuasis-

1910 5635 2102 5689 simum
2146 5644 2248 5701 est,
2286 5651 2382 5690 vos
2427 5652 2496 5691 ne
2540 5637 2606 5691 ad
2656 5637 2759 5692 hoc
2802 5639 3015 5708 quidem
3061 5641 3324 5695 monitore
3369 5655 3505 5710 opus

1912 5729 2130 5784 habere.
2155 5729 2414 5796 Quaenam
2450 5731 2606 5801 igitur
2635 5731 2750 5788 hcce
2781 5748 2985 5787 merces
3014 5745 3097 5787 est
3134 5729 3426 5789 ?Niiitirttnt
3447 5745 3504 5792 ut

1919 5821 2047 5877 illud
2073 5836 2140 5878 ex
2162 5823 2311 5880 vobis
2336 5823 2648 5898 intelligam,
2667 5841 2762 5882 vos
2797 5827 2920 5883 laeto
2948 5838 3104 5898 atque
3144 5827 3293 5884 hilari
3323 5830 3500 5884 animo

3067 5927 3141 5988 18
