3906 6374
323 383 430 436 667

323 471 705 544 εὐφραίνεσθε,
759 472 852 526 καὶ
903 473 986 527 ὄύι
1023 471 1173 526 οὐδὲν
1221 471 1325 525 ὑπὸ
1367 473 1473 526 τῶν
1513 475 1914 544 ἐπενεχθέντων

323 588 459 658 ὑμῖν
487 586 790 640 πεπόνθατε
830 586 1039 655 ἃινῶν,
1085 585 1223 641 ἀλλά
1255 586 1498 651 πλείονος
1543 587 1739 658 ἡδονῆς
1786 588 1914 659 ὑμῖν

324 701 587 764 ὑπόθεσις
627 703 685 756 αἱ
718 700 1002 755 ἐπιϐουλαὶ⁵
1041 701 1304 770 γίνονται.
1352 701 1448 756 Ἂν
1489 702 1599 773 γάρ
1630 701 1912 774 δεξώμεθα

320 815 617 886 ἐπιστολὴν
665 813 840 868 ταῦτα
888 815 1160 886 φέρουσαν
1193 815 1325 886 ημῖν
1362 813 1430 868 τά
1465 813 1782 883 εὐαγγέλια,
1815 813 1910 867 καὶ

319 928 581 998 ἐρημίας,
613 928 705 981 καὶ
729 927 910 999 λιμοῦ,
944 929 1040 982 καὶ
1068 927 1280 998 λοιμοῦ,
1315 927 1410 981 καὶ
1448 925 1701 997 πολέμων
1742 927 1913 979 Ἰσαυ-

323 1040 520 1111 ρικῶν,
540 1042 634 1094 καὶ
650 1041 961 1112 ἀρρωστίας
987 1040 1226 1110 ἀπάσης,
1247 1033 1329 1104 οἷς
1351 1038 1556 1094 ἅπασιν
1581 1037 1911 1108 ἐκδεδόμεθα

316 1154 438 1221 νῦν,
483 1155 632 1209 ἔσται
667 1156 799 1226 ἡμῖν
835 1155 1177 1226 παράκλησις
1220 1154 1288 1208 τὰ
1321 1153 1546 1207 τοιαῦτα
1575 1153 1895 1225 γράμματα,

317 1271 418 1323 καὶ
438 1269 726 1342 φάρμακα,
759 1271 854 1324 καὶ
887 1271 1118 1342 ἰατρεῖα.
1171 1268 1504 1331 Ἐννοοῦντες
1533 1266 1711 1321 τοίνυν
1743 1267 1904 1336 ἡλίκα

314 1387 454 1457 ἡμῖν
502 1385 802 1458 χαριεῖσθε,
843 1386 941 1439 καὶ
993 1385 1317 1449 ἐπιστεῖλαι,
1389 1384 1484 1437 καὶ
1539 1384 1712 1437 ταῦτα
1775 1385 1907 1455 ἡμῖν

313 1497 621 1550 ἐπιστεῖλαι
657 1497 1067 1570 παρακληθητε,
1100 1499 1187 1552 ἵνα
1218 1499 1386 1570 ἡμᾶς,
1425 1497 1519 1550 καὶ
1558 1499 1623 1551 ἐκ
1649 1497 1904 1551 τοσούτου

314 1610 664 1681 καθημένους
693 1612 1078 1683 διαστήματος,
1108 1577 1311 1682 πολλῆς
1341 1612 1656 1697 ἐμπλήσητε
1685 1613 1786 1682 τῆς
1816 1612 1906 1666 εὑ-

313 1721 613 1793 φροσύνης-

693 1859 825 1910 PH'.
865 1856 1152 1924 Οὴρϐικίῳ
1198 1856 1531 1923 ἐπισκόπῳ.

387 2014 453 2067 Εἰ
475 2015 568 2068 καὶ
596 2012 762 2067 πολὺν
793 2012 901 2084 ἔχω
939 2012 1128 2084 χρόνον
1167 2013 1242 2084 μὴ
1283 2013 1678 2084 συγγενόμενός
1716 2029 1809 2065 σου
1836 2015 1904 2085 τῇ

309 2118 596 2191 εὐλαϐείᾳ,
636 2120 749 2172 ἀλλ’
783 2120 935 2174 οὐδὲν
980 2120 1228 2174 ἐντεῦθεν
1268 2121 1637 2193 ῥᾳθυμότερος
1681 2123 1808 2193 περὶ
1843 2122 1905 2198 τὸ

307 2233 492 2303 φιλεῖν
533 2234 751 2302 γέγονα.
791 2233 1030 2304 Τοιαύτη
1069 2233 1178 2307 γάρ
1222 2236 1318 2307 τῆς
1359 2235 1584 2306 γνησίας
1617 2236 1836 2308 ἀγάπης
1869 2237 1903 2306 ἡ

309 2347 500 2416 φύσις
549 2347 608 2400 οὐ
669 2347 846 2418 χρόνῳ
893 2349 1089 2421 μακρῷ
1137 2347 1482 2418 μαραίνεται,
1536 2349 1597 2402 οὐ
1649 2348 1904 2421 δυσκολίᾳ

313 2459 665 2530 πραγμάτων
695 2461 1060 2531 ἀμαυροῦται,
1095 2461 1229 2516 ἀλλά
1253 2461 1404 2533 μένει
1429 2461 1691 2532 διηνεκῶς
1716 2462 1901 2534 ἀκμά-

307 2573 505 2638 ζουσα.
535 2574 625 2627 Διδ
649 2574 712 2646 δὴ
738 2575 831 2628 καὶ
862 2576 1043 2646 ἡμεῖς,
1077 2576 1171 2628 καὶ
1207 2577 1266 2629 ἐν
1299 2575 1521 2640 πολλαῖς
1549 2577 1902 2648 περιστάσεσι

306 2684 619 2756 γενόμενοι,
657 2686 751 2738 καὶ
777 2683 872 2739 νῦν
911 2687 990 2750 είς
1025 2685 1124 2759 τὴν
1166 2688 1401 2758 ἐσχάτην
1435 2689 1534 2759 τῆς
1574 2689 1902 2760 οἰκουμένης

310 2800 554 2873 ἐρημίαν
577 2801 990 2872 ἀπενεχθέντες,
1021 2802 1116 2856 καὶ
1163 2802 1313 2875 φόϐῳ
1351 2803 1622 2869 συζῶντες
1663 2805 1902 2876 διηνεκεῖ

305 2913 392 2985 τῷ
433 2914 542 2969 τῶν
575 2915 810 2987 λῃστῶν,
843 2915 938 2970 καὶ
964 2916 1252 2988 πολιορκίᾳ
1288 2920 1447 2988 καινῇ
1482 2916 1627 2986 (καθ’
1661 2917 1900 2990 ἑκάστην

309 3030 426 3101 γὰρ
449 3029 659 3102 ἡμέραν
681 3031 714 3101 ἡ
742 3029 1055 3096 Κουκουσὺς
1077 3029 1464 3102 πολιορκεῖται,
1491 3029 1592 3094 τὰς
1611 3030 1762 3095 ὸδούς
1790 3029 1899 3084 τῶν

306 3142 524 3217 λῃστῶν
567 3142 1073 3214 ἀποτειχισάντων),
1119 3143 1294 3198 οὐδενὶ
1335 3144 1544 3198 τούτων
1593 3145 1899 3217 γεγόναμεν

309 3257 677 3330 ῥᾳθυμότεροι
705 3258 836 3329 περὶ
867 3256 965 3330 τὴν
995 3257 1092 3330 σὴν
1125 3258 1438 3327 εὐλάϐειαν,
1466 3257 1602 3313 ἀλλὰ
1634 3259 1727 3314 και
1759 3259 1900 3332 γρά-

307 3389 507 3444 φομεν,
533 3373 627 3426 καὶ
657 3371 757 3443 τὴν
784 3371 1140 3444 ὀφειλομένην
1177 3372 1541 3445 ἀποδιδόαμεν
1570 3373 1896 3446 πρόσρησιν,

307 3487 406 3541 καί
446 3503 505 3540 σε
557 3484 1005 3559 παρακαλοῦμεν,
1037 3487 1088 3538 εί
1135 3487 1210 3557 μὴ
1264 3486 1426 3557 βαρὺ,
1463 3487 1598 3558 μηδὲ
1642 3487 1895 3560 ἐπαχθὲς,

306 3599 407 3654 καὶ
459 3597 625 3653 αὐτὸν
671 3599 803 3670 ἡμῖν
846 3596 1205 3652 ἐπιστέλλειν.
1243 3598 1404 3652 Οὕτω
1435 3599 1546 3671 γὰρ
1571 3600 1668 3654 καί
1703 3600 1898 3673 ἡδονὴν

305 3712 511 3784 πολλὴν
564 3713 997 3786 καρπωσόμεθα,
1027 3714 1156 3786 παρ’
1203 3714 1360 3786 ὑμῶν
1411 3713 1522 3768 τῶν
1569 3713 1712 3768 οὑτω
1763 3731 1898 3786 γνη-

307 3826 444 3890 σίως
495 3825 834 3894 ἀγαπώντων
1083 3828 1362 3900 δεχόμενοι
1417 3827 1744 3899 γράμματα,
1803 3827 1899 3883 καὶ

303 3939 399 3994 διὰ
444 3941 649 3998 τούτων
691 3941 793 4012 τὴν
829 3941 1139 4013 παρουσίαν
1179 3941 1577 4015 φανταζόμενοι
1618 3941 1716 4014 τὴν
1760 3943 1896 4014 ὑμε-

303 4053 500 4126 τέραν.

698 4192 826 4244 ΡΘθ.
865 4191 1152 4260 Ῥουςοίνφ
1175 4192 1505 4257 ἐπισκόπῳ.

380 4313 514 4375 Οἶδά
551 4339 645 4376 σου
685 4323 790 4394 τῆς
827 4325 1050 4394 ἀγάπης
1075 4326 1137 4378 τὸ
1170 4328 1416 4398 στερρόν.
1437 4327 1620 4396 Ὀλίγα
1653 4327 1758 4397 μέν
1812 4325 1897 4380 σοί

310 4453 448 4491 ποτε
471 4437 621 4511 [65η
645 4441 1041 4512 συνεγενόμεθα
1065 4441 1123 4496 ἐν
1159 4441 1481 4514 Ἀντιοχείᾳ,
1517 4442 1752 4497 δέσποτά
1793 4459 1894 4512 μου

309 4547 612 4620 τιμιώτατε
639 4550 734 4603 καὶ
755 4550 1142 4630 εὐλαϐέστατε,
1167 4551 1366 4623 πολλὴν
1386 4552 1444 4606 δέ
1467 4569 1558 4607 σου
1585 4555 1779 4624 πεῖραν
1795 4553 1896 4624 τῆς

303 4663 594 4728 εὐλαϐείας
641 4665 735 4718 καὶ
791 4665 891 4736 τῆς
941 4666 1213 4730 συνέσεως
1272 4664 1573 4738 εἰληφότες,
1635 4667 1730 4720 καὶ
1791 4667 1894 4737 τῆς

303 4778 442 4847 περὶ
495 4780 646 4849 ἡμᾶς
707 4779 951 4850 ἀγάπης.
1019 4780 1110 4848 Ἐξ
1163 4780 1397 4846 ἐκείνου,
1457 4779 1634 4834 καίτοι
1697 4779 1893 4834 πολλοῦ

308 4890 515 4961 μεταξὺ
563 4891 860 4962 γενομένω
897 4890 992 4946 τοῦ
1023 4892 1238 4972 χρόνον,
1269 4891 1369 4964 τὴν
1409 4892 1538 4964 περὶ
1573 4891 1633 4946 σὲ
1669 4892 1893 4964 ἀγάπην

300 5004 666 5078 ἀκμάζουσαν
696 5006 1084 5080 διατηροῦμεν,
1108 5008 1200 5062 καὶ
1215 5007 1296 5072 ὡς
1322 5006 1450 5078 χθὲς
1475 5007 1570 5061 καὶ
1607 5004 1799 5078 πρώην
1831 5023 1892 5060 σε

299 5122 633 5191 ἑωρακότες,
669 5121 848 5185 οὑτως
891 5139 986 5176 σου
1019 5119 1404 5193 φανταζόμεθα
1430 5121 1530 5192 τὴν
1564 5119 1888 5192 παρουσίαν.

298 5235 396 5288 Διὸ
426 5236 515 5288 καὶ
543 5237 955 5308 ὲπιστέλλομεν,
990 5238 1088 5292 καὶ
1113 5236 1541 5309 παρακαλοῦμεν
1581 5233 1891 5308 μεμνῆσθαι

300 5350 466 5420 ἡμῶν
522 5351 806 5423 διηνεκῶς.
850 5351 1206 5423 ’Ᾱπήχθημεν
1259 5351 1339 5415 εἰς
1383 5348 1580 5422 χωρίον
1618 5348 1716 5420 τῆς
1765 5347 1889 5401 καθ’

295 5458 453 5528 ἡμᾶς
494 5459 840 5530 οίκουμένης,
865 5460 1225 5533 ἐρημότατον,
1272 5459 1371 5532 τὴν
1421 5457 1752 5523 Κουκουσὺν,
1799 5458 1891 5510 καὶ

297 5541 429 5625 καθ’
485 5571 744 5642 ἑκάστην,
781 5573 964 5642 σχεδὸν
1028 5572 1127 5644 τὴν
1189 5572 1404 5644 ἡμέραν
1466 5572 1572 5626 ὑπὸ
1633 5571 1732 5642 τῆς
1781 5569 1891 5623 τῶν

313 5684 578 5757 Ἱσαύρων
631 5687 1072 5759 πολιορκούμεθα
1119 5687 1330 5757 ἐφόδου.
1385 5685 1526 5739 Ἀλλ’
1578 5685 1748 5755 ὅμως,
1796 5682 1890 5735 καὶ

297 5799 365 5850 ἰν
396 5800 685 5863 τοσαύταις
721 5800 871 5864 ὄντες
906 5801 1310 5874 περιστάσεσιν,
1347 5800 1412 5870 ἣν
1442 5797 1733 5871 θαρρῶμεν
1761 5798 1888 5869 περὶ

1771 378 2163 435 EPISTOLAE.

1984 473 2116 544 ,τῆς
2167 472 2387 542 ἀγάπης
2430 474 2527 542 τῆς
2571 471 2863 542 ὑμετέρας,
2901 472 2994 525 καὶ
3034 471 3232 544 ἴδωμεν
3281 475 3487 545 σαφῶς,
3518 477 3603 533 ὅτι,

3494 383 3599 438 668

2017 585 2241 657 γνησίας
2268 585 2615 656 ἀπολαύομεν
2648 585 2966 654 διαθέσεως,
2996 589 3056 641 οὑ
3081 587 3181 661 τὴν
3207 589 3477 660 τυχοῦσαν
3507 591 3602 645 καὶ

2015 701 2073 753 ἐν
2124 703 2242 765 ταῖς
2287 699 2497 770 θλίψεσι
2547 699 2772 763 ταύταις
2825 701 3232 773 καρπωσόμεθα
3279 702 3376 775 τὴν
3421 704 3604 775 παρά-

2015 815 2226 884 κλησιν.

2433 953 2544 1005 Pl'.
2587 949 2808 1012 Βάσσῳ
2837 949 3168 1014 ἐπισκόπῳ.

1957 1110 2001 1139 -'
2081 1104 2146 1158 Τί
2170 1104 2365 1170 τοῦτο;
2415 1105 2473 1158 '0
2505 1105 2777 1175 τοσαύτην
2802 1106 2930 1176 περὶ
2957 1107 3106 1178 ἡμᾶς
3134 1106 3356 1178 ἀγάπην
3389 1106 3596 1160 ἐπιδει-

2009 1222 2260 1292 ξάμενος,
2292 1220 2386 1274 καὶ
2431 1222 2494 1272 ἐν
2531 1219 2609 1290 τῷ
2641 1219 2948 1290 ἔμπροσθεν
2980 1219 3178 1291 χρόνῳ,
3227 1219 3321 1274 καὶ
3364 1219 3598 1290 ἔναγχος

2007 1339 2064 1390 ἐν
2109 1335 2700 1402 Κωνσταντινουπόλει,
2750 1334 2988 1399 ἀκούσας
3035 1333 3187 1406 ἡμᾶς
3235 1336 3300 1388 ἐκ
3338 1335 3595 1405 γειτόνων

1942 1461 1945 1464 ’
1987 1449 2146 1532 ἐἶναι
2206 1449 2308 1521 τῆς
2368 1449 2469 1519 σῆς
2511 1451 2848 1522 τιμιότητος,
2889 1448 3012 1502 οὐδὲ
3050 1446 3394 1519 γραμμάτων
3444 1446 3596 1518 ἡμᾶς

2004 1565 2266 1635 ἠξίωσας.
2313 1563 2428 1616 Οὐκ
2479 1560 2613 1617 οἷσθ’
2652 1564 2802 1626 ὅπως
2848 1561 3173 1632 διακείμεθά
3200 1578 3295 1614 σου
3341 1561 3471 1631 περὶ
3492 1559 3594 1631 τὴν

2005 1675 2310 1739 εὐλάϐειαν,
2350 1674 2444 1728 καὶ
2482 1673 2631 1735 ὅπως
2659 1669 3023 1741 συνδεδέμεθά
3053 1687 3135 1723 σοι
3169 1667 3248 1740 τῷ
3272 1670 3372 1741 τῆς
3411 1666 3594 1738 φιλίας

2004 1786 2222 1858 δεσμῷ;
2279 1783 2422 1855 Ἐγὼ
2476 1782 2576 1854 μὲν
2623 1781 2735 1853 γὰρ
2781 1778 3133 1851 ’προσεδόκων
3179 1794 3240 1831 σε
3297 1775 3391 1830 καὶ
3439 1773 3596 1845 ἥξειν

2004 1900 2260 1965 ἐνταῦθα,
2294 1899 2389 1953 καὶ
2420 1895 2824 1970 παρακαλέσειν
2856 1893 3004 1966 ἡμᾶς
3029 1894 3093 1946 ἐν
3114 1889 3326 1964 ἐρημίᾳ
3354 1887 3593 1960 τοσαύτῃ

2004 2013 2373 2077 καθεστῶτας.
2407 2013 2474 2066 Τί
2496 2011 2606 2084 γὰρ
2626 2012 2694 2066 ἂν
2722 2011 2934 2081 γένοιτο
2967 2007 3302 2081 ἐρημότερον
3341 2007 3590 2061 Κουκουο

2006 2128 2122 2195 σοῦ,
2162 2126 2299 2198 μετά
2337 2127 2438 2199 τῆς
2477 2125 2735 2198 ἐρημίας,
2766 2124 2861 2179 καὶ
2900 2122 3006 2178 ὑπὸ
3050 2124 3151 2194 τῆς
3183 2123 3296 2175 τῶν
3333 2121 3593 2191 Ἶσαύρων

2004 2242 2470 2314 πολιορκουμένης
2491 2241 2682 2311 ἐφόδου
2703 2257 2716 2306 ;
2751 2237 2891 2294 Ἀλλ’
2912 2239 3083 2310 ὅμως,
3101 2239 3149 2291 εί
3169 2235 3329 2292 τοῦτο
3356 2234 3594 2309 ἐργῶδες

2001 2355 2091 2410 διά
2119 2373 2180 2409 τε
2211 2355 2391 2408 αὐτῶν
2416 2353 2525 2408 τῶν
2554 2351 2768 2425 λῃστῶν
2796 2351 2888 2406 τὸν
2920 2350 3108 2421 φόϐον,
3135 2348 3223 2402 διά
3249 2365 3310 2403 τε
3339 2350 3438 2419 τῆς
3467 2345 3592 2400 ὁδοῦ

2000 2470 2099 2543 τὴν
2129 2470 2436 2536 δυσκολίαν,
2492 2469 2726 2540 γράφειν
2771 2468 2904 2538 ἡμῖν
2961 2467 3036 2537 μὴ
3080 2465 3358 2533 κατόκνει,
3398 2465 3492 2519 καὶ
3523 2465 3592 2520 τά

2003 2583 2130 2654 περῖ¹
2162 2583 2260 2652 τῆς
2291 2581 2484 2649 ὑγείας
2508 2580 2611 2650 τῆς
2640 2581 2737 2651 σῆς
2762 2577 3237 2648 εὐαγγελίζεσθαι,
3263 2578 3376 2645 ἵνα,
3407 2578 3506 2632 καὶ¹
3526 2579 3593 2632 ἐν

2001 2693 2258 2765 ἀλλοτρίᾳ
2277 2692 2664 2764 διατρίϐοντες,
2689 2691 2889 2763 πολλὴν
2904 2689 3152 2747 ἐντεῦθεν
3167 2690 3594 2764 καρπωσώμεθα

1997 2806 2095 2878 τὴν
2127 2806 2498 2878 παράκλησιν.

2201 2968 2363 3021 PIA'.
2409 2965 2722 3032 Ἄνατολίῳ
2756 2964 3070 3033 ἐπισκόπει)
3105 2962 3372 3033 Ἁδάνης.

2081 3123 2222 3194 Ἐγὼ
2277 3124 2376 3196 μὲν
2434 3123 2528 3178 καὶ
2578 3121 2938 3192 συγγενέσθαι
2996 3121 3306 3194 ἐπεθύμουν
3373 3138 3466 3175 σου
3520 3123 3589 3194 τῇ

1996 3237 2291 3308 τιμιότητι,
2329 3237 2482 3308 παρά
2516 3237 2729 3292 πολλῶν
2767 3236 2983 3290 ἀκούων
3023 3235 3116 3289 τὸν
3147 3233 3346 3308 θερμὸν
3386 3234 3589 3305 ἔρωτα,

1996 3349 2055 3404 δν
2116 3351 2246 3422 περὶ
2299 3351 2449 3422 ἡμᾶς
2507 3351 2673 3422 ἔχεις,
2721 3351 2816 3405 καὶ
2861 3349 3034 3404 ταῦτα
3083 3349 3158 3422 μὴ
3194 3349 3590 3421 συγγενόμενος

1997 3466 2150 3535 ἡμῖν.
2193 3465 2412 3536 Ἐπειδὴ
2469 3465 2525 3519 δέ
2579 3465 2739 3519 τοῦτο
2777 3465 2914 3530 τέως
2964 3464 3064 3519 οὑκ
3095 3463 3196 3531 ἔνι,
3238 3464 3300 3518 τὸ
3327 3463 3426 3534 τῆς
3462 3481 3590 3518 συν.

1995 3577 2185 3643 ουσίας
2207 3577 2366 3642 ἐλπὶς
2390 3591 2414 3619 ι
2439 3577 2714 3646 γενέσθαι,
2740 3579 3061 3651 διορθοῦμαι
3093 3579 3158 3649 τῇ
3190 3577 3298 3632 τῶν
3321 3578 3588 3650 γραμμά-

1995 3706 2104 3742 των
2129 3688 2335 3760 όμιλίᾳ,
2376 3689 2536 3760 χάριν
2567 3689 2747 3761 ἐαυτῷ
2778 3691 3035 3763 παρέχων
3073 3690 3352 3762 μεγίστην.
3380 3693 3443 3745 EE
3477 3691 3590 3765 γὰρ

1997 3803 2094 3856 καὶ
2132 3802 2469 3876 ἐρημότατον
2515 3803 2736 3876 χωρίον,
2775 3805 2856 3868 εἰς
2905 3803 2935 3856 ὃ
2976 3803 3072 3857 νῦν
3106 3805 3518 3878 ἀπηνέχθημεν,
3549 3805 3585 3878 ἡ

1996 3913 2330 3978 Κουκουσὺς,
2379 3915 2473 3968 καὶ
2515 3914 2776 3968 κινδύνων
2823 3914 2992 3986 γέμον
3040 3914 3272 3980 πολλῶν,
3308 3915 3404 3970 καὶ
3435 3915 3586 3986 φόϐῳ

1995 4033 2232 4105 διηνεκεῖ
2259 4032 2368 4087 τῶν
2399 4032 2611 4105 λῃστῶν
2640 4033 3119 4105 πολιορκούμενον,
3150 4032 3266 4087 ἀλλ’
3289 4031 3439 4086 οὐδὲν
3465 4030 3588 4086 τού-

1996 4163 2106 4200 των
2133 4147 2283 4218 ἡμᾶς
2319 4145 2557 4218 θορυϐεῖ,
2587 4147 2709 4200 οὑδέ
2759 4147 3128 4220 διαταράττει,
3175 4146 3276 4217 τῆς
3315 4145 3588 4218 ὑμετέρας

1997 4257 2369 4322 ἀπολαύοντας
2410 4258 2650 4330 ἀγάπης·
2687 4259 2801 4313 ἀλλ’
2832 4260 2881 4312 εί
2911 4259 3007 4314 καὶ
3035 4258 3112 4331 τῷ
3131 4258 3346 4329 σώματι
3371 4256 3585 4330 διεστή-

1996 4389 2192 4444 καμεν,
2235 4376 2301 4445 τῇ
2341 4373 2484 4447 ψυχῇ
2526 4375 2894 4449 συνδεδεμένοι
2927 4375 3064 4448 μετὰ
3092 4375 3294 4446 πολλῆς
3325 4375 3424 4447 τῆς
3457 4390 3586 4444 σφο-

1994 4487 2255 4560 δρότητος
2296 4490 2446 4561 ὑμῖν,
2493 4489 2591 4561 τὴν
2625 4490 2896 4562 ὑμετέραν
2927 4489 3130 4562 μᾶλλον
3170 4488 3269 4561 τὴν
3310 4489 3586 4560 ἀτάραχον

1997 4605 2091 4659 καὶ
2124 4605 2416 4676 ἀπόλεμον,
2450 4605 2483 4676 ἢ
2511 4605 2608 4676 τὴν
2640 4606 2950 4660 Κουκουσὸν
2977 4605 3145 4660 οίκεῖν
3173 4604 3456 4678 δοκοῦμεν,
3493 4606 3582 4660 ἀεὶ

1999 4717 2116 4788 μεθ’
2147 4717 2299 4789 ὑμῶν
2335 4717 2488 4784 ὄντες
2531 4721 2598 4790 τῇ
2631 4717 2891 4782 διαθέσει,
2917 4717 3011 4772 καὶ
3041 4717 3289 4790 ὅπουπερ
3316 4718 3384 4774 ἂν
3409 4717 3578 4790 ὦμεν,

1996 4828 2090 4882 ἐπὶ
2119 4828 2356 4894 διανοίας
2382 4848 2440 4883 σε
2463 4831 2868 4905 περιφέροντες.

2206 4982 2358 5060 [655]
2398 4992 2560 5078 ΡίΒἌ
2596 4988 2868 5057 Θεοδώρῳ
2891 4988 3220 5054 ἐπισκὸπψ.

2067 5149 2129 5202 Εἰ
2155 5148 2254 5220 μὲν
2291 5141 2404 5202 οἶόν
2453 5165 2512 5200 τε
2545 5144 2612 5220 ἦν
2639 5148 2734 5202 καὶ
2773 5146 2970 5212 ἐλθεῖν,
3001 5145 3097 5199 καὶ
3146 5144 3584 5218 περιπτύξασθαί

1997 5280 2091 5318 σου
2141 5264 2244 5336 τὴν
2281 5262 2592 5329 εὐλάϐειαν,
2639 5263 2738 5316 καὶ
2782 5258 3128 5334 ἐντρυφῆσαί
3155 5277 3254 5313 σου
3296 5262 3362 5330 τῇ
3393 5251 3582 5333 ἀγάπῃ

1992 5377 2081 5431 διά
2124 5379 2225 5448 τῆς
2267 5376 2570 5450 παρουσίας
2630 5375 2819 5445 αὐτῆς,
2885 5373 3022 5446 μετὰ
3069 5371 3275 5443 πολλῆς
3309 5371 3377 5427 ἃν
3423 5370 3584 5427 τοῦτο

1991 5489 2333 5560 ἐποιήσαμεν
2366 5487 2464 5558 τῆς
2494 5487 2750 5558 σπουδῆς,
2791 5485 2886 5541 καὶ⁷
2912 5485 3009 5540 τοῦ
3041 5486 3274 5556 τάχουςο
3301 5484 3494 5557 ἐπειδὴ
3521 5484 3582 5540 δέ

1991 5604 2152 5658 τοῦτο
2190 5604 2288 5658 οὐκ
2327 5603 2414 5672 ἐφ’
2448 5605 2582 5674 ημῖν
2606 5605 2782 5656 κεῖται
2813 5602 2910 5657 νῦν
2929 5642 2945 5669 ,
2975 5601 3065 5656 διὰ
3094 5601 3204 5655 τῶν
3229 5601 3580 5673 γραμμάτων

2059 5809 2080 5834 ³
2113 5806 2255 5855 Forlo
2280 5805 2462 5853 ἐλπίδα.
2488 5804 2543 5853 In
2565 5803 2715 5853 Savil.
2741 5803 2844 5853 haec
2866 5801 3037 5852 mutila
3057 5803 3190 5851 sunt.
