3950 6386
403 363 524 426 669

399 485 461 540 τὸ
493 482 625 538 αὐτὸ
654 479 813 536 τοῦτο
854 480 1185 552 πληροῦμεν.
1219 481 1350 536 ’Κάν
1375 489 1484 552 γάρ
1511 481 1653 552 ’πρὸς
1686 481 1856 546 αὐτὰς
1891 482 1990 551 τῆς

397 597 726 668 οἰκουμένης
763 596 861 659 τὰς
899 596 1157 667 ἐσχατιάς
1189 595 1601 667 ἀπενεχθῶμεν,
1638 595 1991 650 ἐπιλαθέσθαι

399 731 497 769 σου
533 713 636 785 τῆς
656 713 878 783 ἀγάπης
899 711 960 766 οὐ
999 711 1294 784 δυνάμεθα,
1328 711 1430 783 τῆς
1462 712 1711 782 γνησίας,
1737 711 1991 783 καὶθερ-

400 825 531 896 νῆς,
585 823 676 878 καὶ
731 821 1092 896 εἰλικρινοῦς,
1129 823 1223 876 καὶ
1259 822 1472 888 ἀδόλου,
1503 823 1603 894 τῆς
1658 839 1718 876 τε
1759 821 1988 888 ἀνωθεν,

402 939 490 993 ιιαὶ
509 936 570 1003 ἐξ
601 937 809 1009 ἀρχῆς,
855 936 925 1008 ἦν
956 953 1016 990 τε
1048 934 1309 1001 ἐπεδείξω
1343 935 1461 990 νῦν.
1497 934 1632 988 Οὐδέ
1662 933 1770 1009 γὰρ
1800 933 1991 989 ἐλαθεν

395 1055 540 1126 ἡμᾶς
564 1054 665 1107 ὅσα
702 1053 791 1107 καί
824 1053 1002 1108 εἰπεῖν
1049 1053 1145 1107 καί¹
1177 1050 1400 1124 ποιῆσαι
1435 1051 1574 1125 ὑπὲρ
1596 1051 1756 1124 ἡμῶν
1792 1048 1990 1105 ἐσπού-

393 1168 580 1232 δασας,
604 1167 841 1221 δέσποτά
862 1183 974 1238 μου
1009 1164 1310 1237 τιμιώτατε
1349 1165 1445 1220 καὶ
1478 1163 1883 1234 θεοφιλέστατε.
1921 1165 1985 1218 Εἰ

392 1284 448 1340 δὲ
480 1283 648 1355 μηδὲν
690 1283 883 1352 γέγονε
934 1281 1118 1345 πλέον,
1176 1279 1314 1336 ἀλλά
1365 1279 1456 1334 τὸν
1507 1279 1642 1334 Θεὸν
1698 1278 1984 1350 ὀφειλέτην

393 1395 535 1466 ἔχεις
571 1394 672 1464 τῆς
703 1393 964 1465 σπουδῆς,
1007 1393 1102 1446 καὶ
1135 1393 1235 1464 τῆς
1264 1391 1594 1464 προθυμίας,
1643 1390 1853 1445 καὶτὸν
1891 1409 1983 1462 μι-

396 1505 520 1559 σθὸν
571 1506 1005 1577 ἀπηρτισμένον.
1047 1505 1159 1559 Καὶ
1197 1507 1360 1576 ἡμεῖς
1390 1503 1452 1557 οὐ
1499 1501 1792 1574 ,παυόμεθα
1825 1502 1985 1574 χάριν

393 1620 597 1684 εἰδότες
631 1635 724 1672 σου
757 1621 824 1690 τῇ
865 1617 1124 1688 ὁσιότητι,
1169 1617 1266 1671 καὶ
1299 1617 1437 1688 πρὸς
1485 1616 1736 1680 ἅπαντας
1779 1617 1986 1688 ἀνακη-

397 1731 680 1803 ρύττοντές
739 1749 831 1784 σου
882 1730 981 1801 τὴν
1039 1729 1348 1798 εὐλάϐειαν,
1408 1730 1503 1786 καὶ
1539 1728 1986 1803 παρακαλοῦντες

389 1850 489 1919 τὴν
516 1847 688 1920 αὐτὴν
715 1847 938 1918 ἀγάπην
966 1846 1054 1900 διὰ
1081 1847 1281 1912 παντὸς
1305 1846 1662 1919 ἀκμάζουσαν
1682 1847 1982 1918 διατηρεῖν.

390 1959 465 2010 Οὐ
517 1957 627 2029 γὰρ
681 1958 781 2030 τὴν
811 1957 1104 2029 τυχοῦσαν,
1152 1959 1248 2014 καὶ
1291 1960 1349 2014 ἐν
1393 1959 1602 2032 ἐρημίᾳ
1659 1959 1981 2032 καθήμενοι,

389 2073 755 2146 καρπούμεθα
777 2075 880 2146 τὴν
919 2072 1292 2146 παράκλησιν,
1323 2073 1454 2129 ὅταν
1481 2072 1735 2128 τοσοῦτον
1762 2075 1822 2126 ἐν
1855 2091 1986 2146 καρ-

386 2188 476 2258 δία
508 2187 782 2259 θησαυρὸν
829 2186 923 2240 καὶ
950 2185 1184 2240 ,πλοῦτον
1215 2187 1582 2258 ἀποκείμενον
1620 2186 1854 2258 ἔχωμεν,
1881 2185 1984 2257 τῆς

389 2299 757 2370 ἐγρηγορυίας
805 2299 900 2352 καὶ
927 2299 1194 2363 ⁴γενναίας
1251 2315 1348 2352 σου
1389 2297 1571 2370 ψυχῆς
1607 2297 1710 2370 τὴν
1735 2297 1979 2369 ἀγάπην.

651 2425 659 2431 ’
738 2438 906 2490 PII".
940 2435 1262 2500 Παλλαδίῳ
1292 2435 1626 2502 έπισκόπῳ.

451 2570 643 2642 Ἲ’πέρ
675 2569 794 2640 μὲν
819 2569 947 2623 τῶν
1000 2568 1123 2623 καθ’
1149 2570 1298 2640 ἡμᾶς
1343 2569 1545 2633 αὐτοὺς
1565 2567 1718 2621 οὐδὲν
1751 2567 1982 2640 δεόμεθα

389 2685 818 2756 παρακλήσεως·
858 2684 1024 2754 ἀρκεῖ
1060 2683 1169 2755 γὰρ
1200 2684 1330 2755 ἡμῖν
1357 2684 1438 2748 εἰς
1473 2681 1834 2754 παράκλησιν
1873 2681 1980 2737 τῶν

387 2797 696 2865 γενομένων
733 2798 767 2868 ἡ
801 2795 1078 2861 ὑπόθεσις.
1111 2795 1433 2868 Θρηνοῦμεν
1453 2796 1510 2849 δέ
1537 2795 1627 2850 τὸν
1666 2795 1845 2851 κοινὸν
1870 2795 1980 2850 τῶν

399 2908 737 2980 Ἐκκλησιῶν
790 2908 1060 2981 χειμῶνα,
1093 2909 1188 2964 καὶ
1227 2910 1287 2964 τὸ
1314 2909 1413 2982 τὴν
1443 2909 1771 2982 οἰκουμένην
1812 2928 1981 2966 κατα-

383 3021 550 3102 λαὸὸν
579 3023 858 3090 ναυάγιον,
887 3021 980 3076 καί
1011 3021 1222 3086 πάντας
1255 3022 1401 3093 ὑμᾶς
1433 3021 1865 3094 παρακαλοῦμεν
1892 3023 1982 3075 εύ-

391 3137 512 3205 χαῖς
541 3134 776 3207 βοηθεῖν,
805 3135 946 3189 ὥστε
970 3135 1070 3207 τὴν
1107 3134 1480 3205 πανωλεθρίαν
1509 3135 1714 3207 ταύτην
1753 3135 1980 3207 λυθῆναί

391 3267 543 3314 ποτε,
579 3251 675 3304 καὶ
715 3252 796 3313 εἰς
835 3249 1037 3321 λευκὴν
1070 3249 1286 3305 ἅπαντα
1340 3250 1666 3320 μεταϐαλεῖν
1714 3250 1976 3323 γαλήνην.

389 3363 561 3415 Τοῦτο
581 3361 652 3434 δὴ
683 3362 965 3426 ποιοῦντες
997 3363 1074 3434 μὴ
1121 3362 1426 3434 διαλίπητε.
1467 3363 1836 3428 Λανθάνοντες
1869 3364 1980 3436 γὰρ

391 3474 484 3527 καὶ
524 3471 912 3544 κρυπτόμενοι,
963 3471 1186 3527 πλείονα
1241 3473 1438 3544 σχολὴν
1468 3473 1621 3545 έχετε
1675 3473 1772 3529 νῦν
1813 3491 1981 3547 προσ-

388 3587 682 3656 καρτερεῖν
703 3587 823 3649 ταῖς
852 3584 1060 3656 εὐχαῖς,
1087 3585 1183 3639 καὶ
1211 3583 1350 3657 μετά
1374 3584 1699 3658 θλιϐομένης
1719 3587 1978 3651 διανοίας.

389 3699 464 3752 Οὐ
501 3699 698 3771 μικρὸν
742 3690 801 3752 δέ
843 3695 1038 3764 τοῦτο,
1091 3697 1170 3769 τῷ
1204 3698 1571 3770 φιλανθρώπῳ
1613 3701 1981 3769 προσπίπτειν

387 3812 530 3884 θεῷ.
557 3811 649 3884 Μὴ
681 3811 964 3882 διαλίπτε
1009 3805 1103 3866 οῦν
1131 3810 1290 3865 τοῦτο
1323 3810 1606 3875 ποιοῦντες
1626 3853 1640 3880 ,
1684 3813 1782 3866 καὶ
1819 3812 1982 3885 ἡνίκα

392 3931 458 3984 ἂν
484 3929 600 4001 ἐξῇ,
626 3930 720 3983 καὶ
747 3929 988 4000 γράφετε
1018 3931 1150 4002 ἡμῖν
1178 3929 1438 4001 συνεχῶς.
1463 3931 1526 3985 Εἰ
1549 3931 1657 4003 γὰρ
1681 3931 1777 3985 καὶ
1801 3931 1982 4003 πολλῷ

388 4046 468 4115 τῷ
506 4045 670 4116 μὴκει
694 4043 794 4114 τῆς
825 4043 1123 4115 ἐμμελείας
1158 4043 1311 4115 ὐμῶν
1340 4044 1757 4117 ἁπῳκίσθημεν,
1784 4046 1896 4101 ἀλλ’
1917 4048 1978 4100 οὐ

392 4153 683 4225 παυόμεθα
709 4154 829 4210 καθ’
848 4153 1086 4226 ἑκάστην
1107 4154 1325 4225 ἡμέραν
1349 4155 1725 4226 μεριμνῶντες
1750 4156 1820 4211 τά
1845 4156 1982 4228 ὑμέ-

391 4287 548 4341 τερα,
572 4267 666 4323 καί
689 4269 815 4332 τοὺς
846 4266 1056 4321 ἐκεῖθεν
1086 4267 1518 4338 ἀφικνουμένους
1549 4269 1621 4337 (εἰ
1649 4269 1746 4324 καὶ
1773 4269 1981 4325 τούτων

394 4376 691 4445 σπανιάκις
729 4377 1188 4451 ἐπιτυγχάνομεν)
1217 4378 1528 4449 ἐρωτῶντες
1557 4379 1655 4434 καὶ
1689 4396 1982 4451 περιεργα-

395 4476 821 4569 ζόμενοι.-[656]
860 4493 968 4548 Ἴν⁹
1001 4487 1099 4547 οὖν
1153 4493 1487 4565 σαφέστερον
1545 4493 1724 4548 πάντα
1779 4493 1982 4557 εἰδότες

394 4606 562 4685 ὦμεν,
616 4613 1012 4682 ὅτανέγχωρῇ,
1057 4609 1320 4681 παρέχετε
1348 4609 1553 4680 ταύτην
1585 4610 1718 4680 ἡμῖν
1749 4608 1849 4680 τὴν
1881 4608 1982 4679 χά-

398 4729 506 4796 ριν,
547 4725 675 4795 περί
699 4723 800 4795 τῆς
827 4723 1036 4793 ὑγιείας
1053 4722 1163 4793 τῆς
1203 4721 1477 4792 ὑμετέρας
1500 4721 1984 4793 εὐαγγελιζόμενοι

398 4840 566 4910 ἡμᾶς,
603 4837 690 4892 ἵνα
731 4837 827 4892 καὶ
855 4839 912 4892 ἐν
949 4837 1157 4910 ἐρημίᾳ
1202 4836 1572 4908 διατρίϐοντες
1618 4837 1820 4909 πολλὴν
1849 4855 1985 4910 καρο

400 4947 714 5018 πωσώμεθα
741 4948 838 5017 τὴν
871 4948 1241 5022 παράκλησιν.

770 5085 927 5140 ΡΙΔ¹.
965 5085 1240 5150 Ἐλπιδίῳ
1270 5084 1603 5149 ἐπισκόπῳ.

399 5293 404 5299 _
469 5220 581 5275 Καὶ
622 5215 779 5272 τοῦτο
813 5218 923 5285 σὺν,
968 5219 1129 5275 τοῦτο
1175 5221 1442 5292 νήφοντος
1474 5218 1568 5273 καὶ
1616 5219 1986 5294 ἐγρηγορότος

395 5332 756 5404 κυϐερνήτου,
780 5331 843 5385 τὸ
871 5330 1006 5403 μηδέ
1040 5333 1120 5397 εἰς
1153 5331 1404 5400 τοσοῦτον
1437 5331 1696 5404 ἀρθέντος
1739 5331 1837 5387 τοῦ
1873 5351 1987 5405 χει-

405 5447 581 5518 μῶνος
609 5447 924 5512 ἀναπεσεῖν,
954 5445 1069 5500 ἀλλ’
1096 5447 1374 5517 ἐπιμένειν
1412 5447 1492 5502 ἔτι
1515 5447 1870 5520 μεριμνῶντα
1894 5451 1988 5504 καὶ

401 5561 776 5632 φροντίζοντα,
805 5562 901 5614 καὶ
926 5560 1072 5614 κατά
1104 5561 1167 5614 τὸ
1191 5562 1469 5634 ἐγχωροῦν
1498 5565 1566 5617 τὰ
1585 5565 1776 5618 ἐαυτοῦ
1808 5565 1987 5620 πάντα

406 5675 745 5745 εἰσφέροντα,
798 5674 1076 5746 πανταχοῦ
1113 5675 1202 5730 διὰ
1243 5676 1350 5730 τῶν
1387 5677 1732 5750 γραμμάτων
1765 5691 1791 5721 ι
1835 5696 1988 5751 περι-

471 5852 500 5880 ⁸
523 5850 631 5898 Duo
657 5862 772 5900 mss.
798 5851 874 5899 διὰ
897 5853 992 5899 τῶν
1011 5855 1317 5918 πραγμάτων.

1069 366 1127 422 s.
1167 335 1454 423 JOANNIS
1490 364 1979 423 οιιιιγεοετοιιι
2017 363 2337 420 Αιιειιιειι.
2376 366 2926 422 CONSTANTINOP.

3575 369 3678 425 670

2097 483 2380 554 τρέχοντα,
2409 483 2535 546 τοὺς
2569 483 2754 552 ἐγγὺς,
2781 483 2912 546 τοὺς
2947 481 3228 554 πόρρωθεν
3255 485 3679 555 συγκραωῦντα,

2094 594 2448 668 διεγείροντα.
2489 596 2892 668 παρεγγυῶντα
2921 597 3128 668 μηδένα
3159 595 3238 668 τῷ
3264 597 3543 669 κλυδωνίῳ
3576 616 3682 653 πα-

2099 707 2422 778 ρασυρῆναι,
2453 707 2567 760 ἀλλ’
2599 707 2840 774 ἑστάναι,
2877 709 2972 762 καὶ
2999 710 3212 780 νήφειν,
3243 710 3344 763 κᾶν
3367 709 3538 781 μυρία
3558 710 3681 764 τού-

2093 836 2201 873 των
2236 820 2367 894 ἐπίῃ
2404 820 2761 894 χαλεπώτερα
2787 821 3024 893 κύματα,
3053 823 3148 876 καί
3182 824 3241 877 ἐν
3267 823 3349 877 ἐνὶ
3381 823 3683 896 ἱδρυμένων

2092 933 2264 1005 τόπῳ,
2294 935 2572 1006 πανταχοῦ
2601 936 2688 990 διά
2717 937 2817 1008 τῆς
2851 938 3232 1009 παραινέσεως
3260 938 3544 996 ἵπτασθαι.
3576 940 3686 993 Οὑ-

2091 1045 2177 1098 δέν
2207 1047 2318 1118 γὰρ
2340 1049 2489 1120 ἡμᾶς
2514 1048 2672 1102 ἐλαθε
2694 1048 2804 1102 τῶν
2831 1050 2962 1116 σῶν,
2981 1050 3159 1105 καίτοι
3179 1052 3243 1106 ἐκ
3267 1051 3519 1106 τοσούτου
3542 1053 3685 1106 καθ-

2089 1161 2327 1232 ημένους
2394 1163 2783 1236 διαστήματος.
2841 1165 2933 1220 Διδ
3003 1166 3099 1220 καὶ
3156 1168 3535 1240 μακαρίζομεν
3585 1169 3689 1222 καὶ

2091 1277 2448 1351 θαυμάζομέν
2478 1297 2572 1333 σου
2604 1281 2704 1352 τὴν
2736 1281 3046 1347 εὐλάϐειαν,
3080 1283 3175 1336 καὶ
3203 1283 3305 1354 τὴν
3327 1282 3691 1355 διεγηγερμέ-

2088 1403 2186 1458 νην
2212 1386 2412 1460 ψυχὴν,
2451 1391 2547 1443 καί
2578 1390 2677 1462 τὴν
2713 1392 3120 1463 ἀπερίτρεπτον
3170 1391 3418 1465 γνώμην,
3454 1394 3547 1447 καὶ
3576 1395 3690 1466 τὴν

2088 1502 2146 1554 ἐν
2189 1503 2432 1576 τοσούτῳ
2468 1505 2618 1577 γὴρᾳ
2663 1507 2966 1572 νεάζουσαν
3007 1507 3347 1580 προθυμίαν·
3383 1510 3477 1564 καὶ
3523 1509 3692 1562 οὐδὲν

2079 1617 2335 1682 ἀπεικός.
2393 1619 2562 1674 Ὅταν
2612 1621 2714 1692 μὲν
2766 1623 2878 1694 γὰρ
2923 1622 2993 1676 τά
3041 1623 3380 1694 προκείμενα
3429 1623 3530 1694 τῆς
3576 1623 3691 1676 τοῦ

2091 1733 2342 1804 σώματος
2393 1733 2582 1806 δέηται
2624 1736 2838 1808 ῥώμης,
2872 1735 3102 1808 κώλυμα
3131 1735 3368 1790 ἐνταῦθα
3407 1737 3468 1791 τὸ
3493 1736 3691 1806 γῆρας

2087 1845 2334 1916 γίνεται’
2387 1846 2516 1902 ὅταν
2568 1847 2626 1901 δὲ
2677 1847 2858 1919 ψυχῆς
2891 1849 3098 1920 ἀπαιτῇ
3137 1848 3476 1920 φιλοσοφίαν,
3516 1848 3692 1902 οὐδὲν

2083 1963 2120 2034 ἡ
2177 1961 2342 2017 πολιά
2383 1965 2499 2028 τοῖς
2537 1963 2960 2037 κατορθώμασιν
2995 1966 3306 2020 ἐπισκοτεῖν
3347 1964 3563 2019 εἴωθενο
3603 1967 3689 2020 οὐ

2083 2074 2263 2130 τοίνυν
2313 2075 2436 2129 οὐδέ
2491 2075 2890 2149 ἐπεσκότησεν,
2938 2076 3055 2133 ἀλλ’
3115 2078 3332 2133 ἅπαντα
3377 2077 3523 2152 παρὰ
3568 2077 3690 2149 τῆς

2088 2188 2188 2258 σῆς
2233 2189 2525 2255 εὐλαϐείας
2579 2192 2970 2264 εἰσενήνεκται.
3021 2194 3144 2248 Ὅτι
3196 2193 3255 2248 δέ
3305 2194 3401 2247 καὶ
3460 2195 3691 2267 καρπὸν

2081 2299 2245 2355 δώσει
2275 2303 2367 2356 τὸν
2399 2304 2748 2375 προσήκοντα
2793 2307 2822 2359 ό
2868 2305 3026 2368 πόνος
3048 2298 3203 2370 οὗτος
3233 2307 3328 2359 καὶ
3363 2309 3394 2377 ἡ
3433 2306 3691 2379 τοσαύτη

2083 2417 2394 2490 ἀγρυπνία,
2458 2419 2611 2473 οὐδὲν
2661 2416 2812 2491 οἶμαι
2854 2419 2962 2472 δεῖν
3003 2419 3387 2490 ἀμφιϐάλλειν.
3453 2421 3688 2494 Ἐπειδὴ

2082 2533 2139 2590 δέ
2196 2533 2338 2606 μετά
2390 2535 2489 2606 τῆς
2560 2535 2888 2607 οἰκουμένης
2953 2536 3177 2608 ἀπάσης
3246 2536 3341 2590 καὶ
3399 2538 3689 2610 ἡμετέραν

2085 2650 2362 2722 μέριμναν
2393 2649 2684 2716 κατεδέξω,
2731 2651 2819 2704 διά
2846 2650 2945 2722 τῂν
2979 2651 3179 2724 πολλήν
3212 2670 3308 2707 σου
3342 2654 3437 2708 καὶ
3463 2652 3688 2725 θερμὴν

2083 2766 2337 2837 ἀγάπην,
2399 2765 2498 2820 καὶ
2580 2765 2773 2837 μαθεῖν
2826 2765 3115 2837 ἐπιθυμεῖς
3175 2765 3232 2820 οἷ
3295 2769 3686 2841 διατρίϐομεν,

2083 2883 2177 2937 καὶ
2203 2884 2262 2936 ἐν
2301 2881 2444 2935 τίσιν
2476 2883 2623 2954 ὁρμᾷ
2645 2881 2673 2922 b
2724 2881 2794 2936 τὰ
2828 2882 3106 2956 ἡμέτερα,
3152 2882 3252 2938 ,καὶ
3285 2883 3428 2948 τίνες
3469 2883 3517 2936 οἰ
3547 2900 3689 2938 συν-

2080 2999 2235 3062 όντες
2290 2999 2456 3070 ἡμῖν,
2513 2998 2609 3052 καὶ
2676 2998 2867 3070 μαθεῖν
2922 2999 3020 3070 οὐχ
3073 2998 3294 3074 ἁπλῶς,
3357 2998 3481 3053 ἀλλ’
3527 2996 3687 3053 ὥστε

2081 3119 2175 3172 καὶ
2200 3118 2361 3200 χάριν
2387 3118 2572 3182 αὐτοῖς
2595 3117 2794 3172 εἰδέναι
2815 3131 2828 3146 ’
2862 3117 3026 3187 ἡμεῖς
3058 3113 3156 3188 μέν
3179 3115 3322 3188 ὑπὲρ
3351 3117 3450 3189 τῆς
3476 3118 3689 3171 τοσαύ-

2081 3255 2182 3311 της
2219 3238 2440 3310 ἀγάπης
2473 3238 2534 3292 οὐ
2579 3235 2903 3308 παυσόμεθά
2931 3253 2990 3289 σε
3031 3236 3511 3310 ἀνακηρύττοντες,
3549 3255 3685 3292 στεο

2084 3357 2402 3428 φανοῦντες,
2433 3358 2586 3430 παρὰ
2625 3360 2792 3413 πᾶσιν
2816 3357 3262 3430 ἀναγορεύοντες,
3300 3357 3520 3429 χάριτας
3548 3361 3687 3430 ὁμο-

2083 3478 2368 3548 λογοῦντες
2397 3477 2553 3549 παρά
2594 3481 2707 3542 τοῖς
2759 3477 3146 3548 ἐντυγχάνουσι
3166 3487 3189 3516 θ
3224 3478 3318 3530 καὶ
3352 3477 3685 3548 συγγινομέ-

2083 3613 2196 3660 νοις
2216 3597 2366 3667 ἡμῖν.
2390 3594 2562 3658 Αὐτὸς
2579 3593 2638 3648 δὲ
2661 3593 2762 3658 τὰς
2788 3593 3051 3665 μεγίστας
3075 3593 3311 3666 ἀμοιϐὰς
3337 3594 3428 3648 καὶ
3451 3595 3683 3665 μείζους

2081 3715 2192 3769 τῶν
2234 3713 2413 3769 πόνων
2460 3713 2699 3786 ἀνάμενε
2739 3713 2892 3784 παρά
2936 3711 3029 3765 τοῦ
3080 3689 3484 3783 φιλανθρώπου.
3507 3710 3680 3776 Θεοῦ,

2082 3834 2178 3888 τοῦ
2208 3836 2325 3897 ταῖς
2355 3833 2692 3888 ἀντιδόσεσιν
2724 3835 2790 3885 ἐκ
2817 3831 3012 3884 πολλοῦ
3048 3829 3141 3884 τοῦ
3161 3831 3441 3900 περιόντος
3481 3829 3681 3884 νικῶν-

2081 3971 2175 4018 τος
2229 3954 2357 4016 τούς
2395 3951 2597 4022 ἀγαθόν
2641 3968 2695 4004 τι
2733 3952 2908 4005 ποιεῖν
2940 3949 2973 4020 ἢ
3027 3949 3206 4018 λέγειν
3249 3948 3674 4012 ἐσπουδακότας.

2086 4071 2250 4126 Ὥστε
2275 4071 2331 4124 δέ
2367 4088 2426 4125 σε
2455 4071 2551 4125 καί
2581 4069 2849 4142 ἑτέρωθεν
2895 4069 3126 4140 ἡσθῆναι
3166 4067 3404 4139 μαθόντα
3437 4067 3502 4120 τὰ
3529 4068 3679 4138 ἡμέο

2082 4207 2238 4263 τερα,
2265 4189 2400 4262 πρὸς
2427 4190 2528 4261 μὲν
2558 4189 2618 4243 τὺ
2652 4189 2988 4261 ἐρημότατον
3021 4187 3219 4260 χωρίον
3253 4185 3678 4259 ἀπῳκίσθημεν,

2085 4309 2181 4382 τὴν
2204 4307 2541 4372 Κουκουσὸν,
2579 4305 2718 4379 πλὴν
2741 4305 2980 4378 ἐρημίας
3005 4304 3262 4376 οὐδεμίαν
3286 4303 3533 4374 αἴσθησιν
3553 4301 3662 4373 ἐχο-

2089 4443 2188 4498 μεν
2204 4444 2216 4458 ·
2243 4425 2513 4496 τοσαύτης
2535 4423 2880 4496 ἀπολαύομεν
2902 4423 3153 4496 ἡσυχίας,
3178 4422 3444 4492 τοσαύτης
3464 4421 3676 4488 ἀδείας,

2085 4545 2355 4615 τοσαύτης
2380 4543 2536 4615 παρά
2569 4543 2787 4596 πάντων
2819 4541 3136 4613 θεραπείας.
3165 4541 3246 4596 Τά
3272 4558 3330 4594 τε
3357 4540 3467 4612 γὰρ
3486 4539 3677 4609 λεῖψαι

2085 4682 2152 4718 να
2181 4665 2280 4735 τῆς
2309 4662 2624 4736 ἀρρωστίας
2655 4663 2845 4733 εὐχαῖς
2873 4663 2994 4724 ταῖς
3039 4663 3163 4724 σαῖς
3199 4659 3551 4730 ἀπεθέμεθα,
3578 4659 3678 4713 καὶ

2087 4782 2145 4834 ἐν
2180 4779 2339 4852 ὑγεία
2373 4779 2636 4851 διάγομεν
2673 4778 2804 4845 νῦν,
2839 4778 2934 4832 τοῦ
2983 4795 3042 4832 τε
3072 4777 3238 4848 φόϐου
3264 4777 3374 4830 τῶν
3413 4775 3676 4846 Ἰσαύρων

2088 4897 2505 4969 ἀπηλλάγημεν,
2536 4898 2630 4950 καὶ
2664 4897 2722 4949 ἐν
2754 4895 3027 4967 ἀσφαλείᾳ
3069 4894 3450 4964 κατέστημεν,
3497 4893 3677 4963 ἀπρα-

2089 5018 2338 5092 γμοσύνῃ
2366 5033 2429 5070 τε
2461 5015 2849 5087 ἐντρυφῶντες.
2862 5014 3054 5086 πολλῇ.
3077 5015 3308 5086 Πάρεισι
3340 5012 3396 5066 δὲ
3421 5014 3552 5084 ἡμῖν
3581 5011 3676 5066 καὶ

2087 5137 2137 5189 οἰ
2169 5134 2489 5207 τιμιώτατοι
2511 5132 2873 5205 πρεσϐύτεροι
2895 5131 3275 5196 Κωνστάντιος
3303 5131 3399 5185 καὶ
3421 5130 3674 5201 Εὐὴθιος,

2087 5255 2499 5329 προσδοκῶνται
2521 5253 2580 5307 δέ
2603 5253 2698 5307 καί
2719 5252 2897 5325 ἕτεροι
2917 5251 3126 5322 ταχέως
3147 5235 3457 5320 ἀφίξεσθαι,
3481 5248 3572 5313 οὒς
3596 5250 3674 5312 εἰς

2088 5373 2149 5427 τὸ
2179 5373 2352 5444 παρὸν
2381 5371 2450 5425 τά
2479 5370 2657 5442 δεσμά
2679 5372 2956 5440 κατεῖχενο
2994 5368 3131 5423 ἀλλά
3169 5368 3371 5429 πάντες
3401 5364 3552 5438 [657]
3576 5367 3675 5434 ἀφ-

2091 5491 2315 5562 έθησαν,
2356 5492 2449 5545 καὶ
2475 5485 2534 5544 εῦ
2570 5485 2666 5545 οἷδ’
2691 5491 2774 5544 ὅτι
2807 5490 3104 5560 πτήσονται
3137 5487 3273 5560 πρὸς
3296 5487 3465 5559 ἡμᾶς.
3494 5484 3586 5554 Μὴ
3613 5481 3677 5552 δὴ

2092 5612 2345 5684 διαλίπῃς
2377 5611 2670 5683 εὐχόμενος
2701 5612 2841 5682 ὑπὲρ
2865 5611 3024 5683 ἡμῶν
3052 5611 3159 5665 τῶν
3196 5610 3400 5682 σφόδρα
3444 5625 3503 5662 σε
3539 5609 3664 5676 ἀγαο

2149 5789 2180 5828 Ἧι
2205 5787 2353 5851 Savll.
2381 5789 2534 5851 ὁρμεῖ.

2157 5855 2180 5882 ε
2208 5850 2360 5898 Iidem
2371 5850 2498 5914 παρὰ
2521 5851 2618 5907 τοῖς
2639 5851 3026 5914 συντυγχάνουσι,
