3950 6378
418 441 514 498 671

416 558 840 630 religiosissime,
864 570 962 626 pro
985 553 1157 622 nobis,
1175 552 1370 624 quibus
1391 567 1448 608 es
1471 550 1800 613 carissimus,
1822 563 2010 620 preces

417 650 487 706 ad
521 650 686 706 Deum
717 647 969 713 fundere,
1001 655 1159 715 atque
1185 657 1345 714 quam
1372 642 1688 713 smpissime,
1717 641 1762 695 si
1791 637 2014 695 facultas

420 744 594 810 detur,
617 741 684 796 ad
708 754 807 795 nos
832 739 1090 804 scribere,
1119 737 1294 806 deque
1322 742 1410 790 tua
1438 732 1745 789 valetudine
1772 746 1871 788 nos
1896 747 2013 787 cer-

420 835 581 888 tiores
607 831 785 887 facere
810 845 878 886 ne
901 828 1215 884 intermitte.
1244 825 1353 881 Nec
1378 826 1524 880 enim
1546 832 1598 878 te
1622 823 1775 894 fugit,
1798 831 2013 894 quantae

418 925 572 982 nobis
601 939 745 983 cura:
770 925 861 990 sit,
885 922 1106 994 singulis
1131 921 1291 976 etiam
1321 919 1540 985 diebus,
1583 918 1629 973 si
1669 917 1785 972 fieri
1822 916 2008 987 possit,

415 1019 485 1075 de
506 1033 566 1075 ea
587 1018 787 1089 aliquid
807 1016 1012 1072 audire.
1045 1014 1511 1071 Revercndissimo
1533 1027 1596 1068 ac
1615 1010 2014 1083 religiosissime

417 1111 636 1167 domino
674 1125 798 1166 meo
834 1109 1149 1181 presbytero
1181 1106 1544 1179 Asyncritio‘,
1576 1103 2013 1174 suavissimisque

417 1203 584 1275 ipsius
613 1203 736 1259 filiis
761 1210 923 1273 atque
953 1201 1201 1257 universo
1240 1208 1330 1256 tuo
1364 1199 1530 1266 clero,
1567 1197 1726 1254 velim
1764 1211 1888 1254 meo
1911 1209 2011 1251 no-

419 1293 566 1352 mine
591 1294 812 1350 multam
839 1293 1066 1350 salutem
1091 1291 1261 1348 dicas.

417 1427 508 1485 CX
520 1426 585 1484 Υ.
609 1425 894 1498 Theophila
922 1424 1229 1498 presbytero.
1263 1423 1495 1500 (Scripta
1523 1430 1802 1493 postquam
1826 1420 2008 1478 Cucu-

824 1531 944 1576 sum
968 1515 1264 1573 advenerat
1287 1529 1432 1570 armo
1461 1513 1612 1584 404.)

490 1655 605 1712 [loc
627 1667 842 1726 quoque
866 1653 939 1709 tui
964 1649 1236 1717 candoris,
1268 1649 1509 1721 gratique
1535 1648 1698 1703 animi
1740 1657 1843 1715 est,
1869 1647 2014 1718 quod

419 1764 540 1805 cum
566 1747 634 1804 ab
657 1747 741 1802 his
761 1788 777 1815 ,
805 1745 998 1817 quibus
1027 1759 1056 1799 a
1083 1758 1170 1800 me
1194 1741 1599 1798 commendatus
1641 1741 1818 1796 fueras
1835 1781 1850 1805 ,
1879 1738 2014 1795 nihil

418 1838 712 1910 acceperis,
743 1844 921 1891 tamen
946 1849 1010 1890 ex
1039 1843 1226 1890 nostro
1251 1832 1428 1888 studio
1458 1831 1726 1901 animique
1753 1831 2014 1902 prorupti-

413 1932 602 1989 tudine
623 1946 738 1987 rem
772 1929 1080 1996 aestimans,
1103 1926 1283 1982 omnia
1312 1934 1367 1981 te
1405 1924 1679 1995 accepisse
1716 1922 2008 1980 existimes.

417 2024 488 2080 At
529 2037 630 2078 nos
663 2022 766 2077 hoc
808 2019 1029 2075 minime
1065 2018 1197 2074 satis
1233 2031 1355 2074 esse
1405 2015 1662 2070 ducemus
1695 2032 1708 2069 :
1747 2029 1934 2070 verum
1959 2023 2015 2070 et

416 2128 538 2169 cum
566 2101 786 2168 domino
811 2125 933 2166 meo
958 2107 1244 2166 Theodoro
1264 2107 1602 2179 praetoriano,
1626 2105 1715 2176 qui
1743 2104 2012 2161 Cucusum

415 2220 516 2262 nos
542 2204 752 2271 avexit,
780 2203 1006 2259 multum
1031 2201 1100 2258 de
1127 2201 1227 2254 hac
1255 2215 1317 2255 re
1345 2213 1648 2254 sermonem
1678 2196 1963 2252 habuimus
1995 2211 2009 2249 :

415 2306 617 2354 etcum
645 2295 712 2352 ad
737 2295 935 2351 multos
960 2293 1320 2351 scriberemus
1343 2331 1360 2358 ,
1388 2289 1489 2346 hoc
1518 2303 1732 2361 quoque
1758 2289 1889 2360 ipsis
1918 2303 2014 2359 per

415 2392 598 2448 literas
622 2388 1016 2445 mandavimus.
1046 2385 1407 2455 Quamobrem
1448 2384 1561 2439 sive
1590 2382 1795 2439 fructus
1821 2383 2014 2454 aliquis

413 2501 482 2541 ex
510 2483 708 2539 nostris
737 2482 908 2538 literis
931 2481 1136 2536 oriatur
1157 2521 1174 2547 ,
1202 2476 1512 2534 sive~literm
1539 2475 1816 2532 dumtaxat
1844 2475 2013 2530 litera:

415 2586 690 2644 maneant,
727 2590 825 2632 nec
850 2573 992 2645 apud
1021 2587 1148 2640 eos,
1179 2587 1209 2627 a
1238 2571 1429 2642 quibus
1465 2569 1799 2640 accipiuntur
1817 2611 1832 2636 ,
1860 2569 2015 2640 quid-

414 2683 574 2738 quam
605 2665 905 2739 proﬁciant,
927 2680 1076 2730 cura,
1109 2673 1168 2718 ut
1194 2663 1245 2717 id
1273 2662 1666 2734 quamprimum
1695 2661 2010 2732 intelligam.

415 2761 626 2819 Etenim
653 2762 709 2817 in
735 2761 840 2816 hoc
872 2773 1084 2831 quoque
1113 2765 1259 2813 tuum
1285 2771 1408 2828 erga
1432 2772 1530 2812 nos
1555 2770 1792 2812 amorem
1823 2754 2011 2826 impri-

413 2857 516 2912 mis
540 2854 868 2910 admiramur
891 2894 906 2921 ,
939 2861 1097 2924 teque
1127 2850 1257 2906 item
1284 2849 1353 2906 de
1379 2859 1564 2904 nostro
1593 2864 1718 2920 erga
1750 2856 1800 2902 te
1827 2863 2012 2904 amore

413 2947 635 3003 minime
681 2945 961 3010 dubitare,
986 2945 1220 2999 maximo
1247 2950 1566 3012 argumento
1602 2941 1654 2996 id
1693 2955 1814 2997 esse
1863 2940 2013 2995 duci-

412 3054 552 3107 mus,
583 3037 725 3110 quod
751 3039 820 3094 de
858 3037 942 3091 his
977 3037 1136 3092 rebus
1174 3037 1240 3090 ad
1272 3051 1371 3090 uos
1402 3035 1567 3090 verba
1610 3033 1797 3089 facias.
1835 3033 2012 3102 Quare

413 3133 524 3188 sive
548 3130 674 3202 quid
703 3129 826 3184 hinc
852 3127 1118 3183 commodi
1152 3134 1460 3198 promanet,
1483 3127 1602 3182 sive
1637 3125 1766 3180 nihil
1807 3125 2011 3181 fructus

413 3222 782 3295 proficiscatur
800 3261 816 3288 ,
842 3219 924 3274 fac
947 3219 1113 3274 sciam
1143 3236 1156 3272 :
1187 3227 1245 3274 ut
1269 3218 1312 3272 si
1341 3217 1466 3288 quid
1498 3215 1791 3288 profectum
1814 3216 1920 3281 sit,
1943 3217 2012 3273 iis

413 3315 611 3386 gratias
632 3313 856 3370 habeam
881 3312 970 3384 qui
995 3311 1063 3368 de
1086 3311 1278 3382 seipsis
1299 3310 1434 3368 bene
1456 3311 1632 3366 meriti
1655 3309 1847 3367 fuerint
1870 3326 1885 3377 ;
1908 3311 2010 3368 sibi

412 3407 554 3463 cnim
586 3407 755 3477 magis
789 3420 950 3476 quam
977 3405 1090 3470 tibi,
1120 3420 1241 3459 cum
1285 3403 1391 3458 hoc
1419 3403 1640 3470 faciunt,
1669 3403 2007 3473 largiuntur;

413 3498 494 3554 sin
521 3511 678 3553 secus
697 3539 712 3564 ,
739 3495 1192 3566 compendiariam
1225 3493 1510 3566 quamdam
1538 3509 1600 3550 ac
1635 3494 2008 3565 procliviorem

413 3589 552 3644 viam
596 3597 651 3644 et
692 3588 952 3643 rationem
1001 3587 1388 3657 excogitemus,
1432 3603 1535 3658 qua
1586 3586 2007 3642 consolationem

413 3681 632 3737 omnino
667 3679 928 3751 percipias
948 3721 962 3746 ,
993 3694 1094 3734 nec
1118 3679 1228 3748 jam
1258 3679 1312 3734 in
1342 3677 1452 3734 ulla
1478 3680 1720 3748 angustia
1755 3679 2010 3749 deinceps

413 3774 665 3832 rerscris.
708 3772 842 3828 Nam
869 3772 936 3828 de
965 3771 1251 3841 nobisipsis
1275 3771 1482 3842 optime
1511 3771 1856 3840 merebimur,
1887 3788 2009 3828 cum

412 3882 690 3940 generosa:
710 3876 871 3937 atque
897 3866 1139 3937 ingenuae
1163 3864 1357 3922 animae
1387 3874 1490 3920 tua:
1517 3874 1706 3920 curam'
1731 3865 1804 3922 ita
1828 3881 2011 3922 susce-

415 3960 670 4031 perimus.
707 3957 878 4012 Velim
903 3955 970 4012 ad
997 3972 1095 4014 nos
1121 3972 1277 4028 quam
1306 3957 1604 4029 szepissime
1631 3958 1856 4026 scribas,
1885 3974 2010 4014 nos-

413 4069 519 4126 que
545 4053 613 4110 dc
636 4062 724 4109 tua
749 4049 1052 4108 valetudine
1080 4049 1420 4122 nominisque
1459 4052 1530 4106 tui
1555 4051 1868 4108 celebritate
1889 4067 2008 4108 cer-

415 4148 581 4204 tiores
610 4146 793 4202 facias.

644 4280 738 4338 CX
754 4279 847 4336 γι.
884 4279 1172 4335 Valentino.
1204 4277 1436 4350 (Cucuso
1463 4292 1606 4334 anno
1625 4277 1776 4350 404.)

487 4417 752 4489 Quidnam
782 4417 886 4473 hoc
928 4414 1325 4480 est‘lSiccine,
1359 4429 1480 4470 cum
1515 4423 1767 4486 quantam
1809 4431 1872 4472 ex
1907 4417 2009 4472 tuis

413 4512 570 4568 bonis
598 4510 924 4580 voluptatem
969 4507 1241 4578 capiamus
1262 4549 1276 4572 ,
1307 4522 1572 4578 quamque
1611 4508 1715 4599 tuis
1766 4509 2010 4565 laudibus

413 4613 468 4660 et
485 4602 654 4675 gloria
672 4603 1024 4669 exsultemus,
1048 4599 1214 4672 probe
1243 4599 1430 4668 scires,
1454 4615 1681 4670 cumque
1707 4601 1866 4657 etiam
1887 4610 2014 4658 ante

412 4698 592 4754 omnia
627 4712 695 4752 ex
720 4706 812 4753 tuo
839 4695 1016 4752 ofticio
1054 4702 1232 4760 esset,
1265 4694 1485 4749 honoris
1527 4695 1702 4759 illius,
1743 4695 1810 4750 ad
1849 4711 2008 4766 quem

416 4803 561 4843 nunc
595 4795 810 4843 evectus
839 4801 928 4854 es,
964 4785 1380 4858 magnitudinem
1410 4784 1564 4840 nobis
1595 4778 1900 4856 pcr‘literas
1933 4787 2011 4841 si-

415 4880 671 4951 gniﬁcare
693 4920 709 4944 ,
741 4886 797 4931 tu
843 4887 1020 4933 tamen
1043 4920 1058 4946 ,
1089 4886 1147 4933 ut
1176 4877 1227 4933 id
1263 4878 1408 4948 prius
1439 4878 1506 4933 ab
1535 4879 1652 4932 aliis
1684 4877 2010 4950 intelligere-

416 4988 537 5026 mus
563 5011 578 5034 ,
621 4971 938 5038 sustinuisti,
981 4987 1153 5041 neque
1180 4972 1336 5040 longa
1369 4970 1461 5025 tibi
1497 4970 1560 5025 ad
1589 4986 1707 5026 eam
1738 4987 1851 5026 rem
1887 4987 2014 5042 pur-

417 5067 632 5135 gatione
673 5078 808 5134 opus
838 5078 957 5119 esse
979 5073 1130 5134 putas
1158 5066 1202 5134 ’,
1231 5065 1373 5134 quod
1414 5076 1668 5135 quantum
1699 5065 1911 5135 quidem
1956 5067 2010 5121 in

419 5169 471 5215 te
505 5157 638 5225 fuit,
671 5165 816 5212 tanta
844 5156 1040 5212 laetitia:
1067 5159 1428 5230 magnitudine
1461 5159 1660 5215 tamdiu
1699 5174 1797 5214 nos
1829 5174 2013 5215 carere

419 5266 610 5321 passus
650 5245 748 5306 es?
787 5249 921 5305 Nam
960 5265 1083 5306 vera
1124 5252 1336 5322 quidem
1371 5263 1455 5332 tua
1487 5251 1716 5323 dignitas
1745 5261 1800 5308 et
1845 5253 2014 5308 maxi-

419 5361 567 5402 mum
593 5346 874 5416 imperium
905 5343 1067 5397 animi
1094 5345 1262 5400 virtus
1286 5356 1386 5401 est.
1421 5347 1619 5401 Verum
1649 5347 1898 5416 quoniam
1931 5346 2014 5402 his

423 5455 635 5512 quoque
663 5437 846 5494 mundi
892 5437 1183 5493 honoribus
1222 5439 1287 5491 ad
1331 5441 1468 5494 illius
1503 5440 1784 5496 utilitatem
1821 5439 2014 5496 didici-

420 5532 485 5585 sti
512 5573 526 5597 ,
555 5547 766 5604 quoque
789 5529 1058 5602 potentior
1092 5529 1274 5585 evadis
1295 5573 1309 5598 ,
1339 5547 1404 5586 eo
1439 5533 1597 5587 etiam
1629 5533 1785 5587 latior
1829 5542 2013 5603 portus

423 5624 702 5694 egentibus
721 5623 972 5689 efficeris,
1001 5621 1072 5678 ob
1095 5637 1212 5677 eam
1244 5637 1459 5679 causam
1490 5639 1631 5680 nunc
1656 5640 1868 5696 quoque
1893 5639 2016 5695 gau-

427 5776 672 5884 CTLJuxta
695 5775 942 5826 clarissimi
964 5776 1160 5827 Fabricii
1184 5776 1402 5828 codicem
1423 5777 1734 5828 scribendum
1753 5785 1846 5843 est,
1866 5793 2016 5845 .tsyn-

490 5897 510 5930 ³
545 5895 756 5960 coislin.,
777 5911 926 5958 neque
948 5897 1032 5951 tibi
1051 5897 1240 5967 itaquid
1260 5899 1583 5953 excusationis
1608 5903 1832 5966 suppetit.

1143 441 1200 495 S.
1240 436 1516 495 JOANNIS
1552 434 2025 494 CHRYSOSTOMI
2065 433 2386 492 ARCHIEP.
2425 434 2966 497 CONSTANTINOP.

3599 447 3694 504 673

2119 545 2310 603 demus
2353 556 2409 604 et
2447 549 2754 617 exsilimus,
2779 564 2879 606 nec
2918 559 3094 608 tamen
3134 553 3330 611 silentii
3367 558 3574 628 culpam
3614 561 3694 616 tibi

2118 637 2459 698 remittimus.
2490 641 2733 712 Quanam
2772 657 2934 720 porro
2959 646 3162 702 ratione
3188 647 3327 704 belle
3369 650 3520 705 nobis
3549 655 3696 708 satis-

2117 735 2318 793 facies?
2348 735 2610 792 Nimirum
2629 737 2676 793 si
2705 750 2848 809 saepe
2892 739 3114 808 scribas,
3136 749 3295 812 atque
3321 743 3386 799 de
3411 753 3498 799 tua
3525 745 3697 801 totius-

2116 844 2222 898 que
2253 841 2356 885 tua:
2393 829 2584 887 domus
2626 831 2931 888 valetudine
2974 848 3071 888 nos
3108 834 3412 907 frequenter
3451 839 3699 895 certiores

2116 920 2303 978 facias.
2329 922 2590 991 Quoniam
2623 924 2784 995 igitur
2802 925 3084 993 rationem,
3102 943 3205 998 qua
3237 939 3288 983 te
3317 929 3467 984 nobis
3495 947 3695 1000 purges,

2117 1028 2146 1068 a
2174 1013 2329 1070 nobis
2355 1015 2639 1085 accepisti,
2662 1016 2775 1087 jam
2818 1031 2937 1087 qua:
2965 1026 3171 1074 tuarum
3200 1031 3324 1076 sunt
3360 1023 3584 1091 partium
3609 1023 3699 1077 ad-

2111 1106 2295 1178 junge.
2329 1107 2463 1163 Nam
2498 1110 2543 1165 si
2571 1111 2672 1164 hac
2708 1110 2933 1180 epistola
2977 1121 3194 1183 accepta
3241 1114 3294 1168 in
3335 1115 3549 1170 silentio
3588 1131 3701 1185 per.

2117 1203 2266 1264 stes,
2311 1198 2545 1268 ingentis
2594 1200 2931 1271 ncgligentize
2975 1200 3146 1258 dicam
3195 1204 3288 1258 tibi
3327 1204 3700 1276 impingemus,

2117 1302 2364 1360 aegreque
2402 1288 2458 1344 id
2503 1289 2755 1346 feremus.
2780 1291 2889 1348 Nec
2924 1308 3052 1348 vero
3080 1294 3285 1363 dubito,
3314 1298 3437 1366 quin
3479 1299 3705 1353 acerbis-

2115 1378 2268 1435 sima!
2291 1395 2466 1452 poenae
2493 1381 2614 1438 loco
2636 1381 2690 1437 id
2717 1382 2993 1440 habiturus
3026 1386 3118 1452 sis,
3154 1402 3253 1442 nos
3292 1386 3392 1442 hoc
3419 1390 3633 1443 neruine
3655 1391 3701 1445 in

2116 1470 2302 1529 dolore
2340 1478 2544 1530 versari
2575 1493 2588 1529 :
2625 1475 3054 1548 quandoquidem
3102 1495 3262 1550 quam
3305 1481 3516 1539 sincere
3556 1493 3704 1554 atque

2117 1564 2370 1622 ardenter
2398 1582 2497 1624 nos
2527 1582 2697 1638 ames,
2727 1568 2870 1626 haud
2898 1571 3029 1626 mihi
3063 1573 3298 1647 ignotum
3326 1585 3426 1632 est.

2118 1695 2353 1756 CXVII.
2402 1700 2702 1760 Theodore.
2738 1703 3098 1778 (Cucuso,ut
3144 1717 3394 1779 putatur,
3423 1725 3568 1768 anno
3605 1713 3704 1771 404

2767 1796 2854 1854 vel
2901 1797 3059 1870 tos.)

2187 1925 2334 1983 Raro
2356 1926 2428 1984 ad
2451 1936 2506 1984 te
2531 1927 2736 1986 idcirco
2758 1930 2957 2001 scribo,
2987 1931 3128 2003 quod
3155 1934 3348 2005 quibus
3383 1935 3564 1992 literas
3589 1937 3700 1994 dem

2118 2016 2258 2074 haud
2285 2017 2441 2076 facile
2469 2021 2749 2078 nanciscar
2781 2039 2795 2076 :
2827 2032 2880 2077 at
2915 2038 3023 2078 non
3052 2023 3179 2080 item
3213 2041 3369 2096 raro,
3396 2028 3491 2084 sed
3524 2045 3702 2100 perpe-

2117 2118 2213 2166 tuo
2237 2112 2312 2168 tui
2341 2127 2460 2168 sum
2488 2129 2717 2171 memor.
2748 2115 2862 2173 lloc
2885 2117 3032 2174 enim
3062 2119 3117 2176 in
3141 2131 3323 2176 nostra
3353 2132 3612 2192 potestate
3634 2125 3699 2180 si-

2119 2204 2231 2250 tum
2283 2205 2400 2264 est,
2430 2197 2560 2254 illud
2603 2208 2782 2255 autem
2821 2215 3017 2257 secus:
3045 2204 3140 2259 sed
3180 2214 3236 2260 ut
3284 2209 3357 2261 tni
3399 2211 3702 2265 memoriam

2115 2295 2379 2358 perpetuo
2417 2289 2698 2362 colamus,
2746 2291 2801 2347 in
2835 2304 3020 2350 nostro
3067 2295 3286 2351 arbitrio
3330 2301 3606 2368 consistit;
3654 2310 3704 2357 ut

2116 2387 2297 2454 autem
2344 2382 2586 2452 epistola:
2631 2382 2900 2454 ferantur,
2945 2402 3053 2444 non
3100 2389 3247 2446 item.
3274 2391 3541 2461 Quocirca
3586 2396 3702 2451 illud

2115 2485 2330 2542 semper
2355 2471 2436 2542 fit,
2465 2472 2568 2530 hoc
2595 2483 2771 2532 autem
2797 2485 2906 2532 tum
2934 2477 3181 2551 denique,
3213 2493 3336 2536 cum
3365 2481 3593 2540 facultas
3615 2486 3702 2540 da-

2117 2570 2222 2617 tur.
2245 2564 2418 2635 Atque
2441 2564 2562 2620 aliis
2582 2566 2800 2637 quidem
2837 2569 3078 2641 epistolis
3105 2581 3157 2628 te
3181 2577 3548 2632 tantummodo
3574 2579 3703 2633 salu-

2116 2655 2364 2714 tabamus
2385 2699 2401 2726 ,
2432 2658 2533 2716 hac
2559 2670 2736 2719 autem
2764 2662 3082 2721 beneficium
3113 2683 3322 2738 quoque
3361 2671 3697 2739 postulamus.

2115 2748 2395 2816 Quodnam
2423 2767 2583 2823 perm
2611 2754 2713 2810 hoc
2752 2757 3068 2814 beneﬁcium
3103 2761 3228 2816 est?
3263 2761 3528 2819 Nimirum
3571 2765 3700 2836 quod

2116 2841 2234 2911 plus
2261 2843 2377 2912 tibi,
2407 2860 2526 2915 quae
2551 2845 2786 2916 dederis,
2809 2865 2968 2920 quam
3007 2851 3138 2907 mihi
3161 2895 3175 2918 ,
3201 2854 3290 2924 qui
3315 2857 3594 2926 accipiam,
3624 2858 3700 2912 lu-

2114 2933 2193 2988 cri
2242 2934 2465 3002 alferat,
2495 2937 2750 3010 dantique
2795 2941 2942 3011 prius
2987 2958 3144 3012 quam
3195 2945 3479 3017 accipienti
3527 2950 3698 3020 prosit.

2114 3026 2327 3083 Etenim
2349 3028 2415 3083 ad
2444 3044 2544 3086 nos
2568 3031 2789 3087 allatum
2819 3041 2920 3102 est,
2943 3033 3278 3092 Eustathium
3303 3038 3543 3095 animum
3567 3050 3699 3095 tuum

2115 3119 2440 3190 offendisse,
2484 3136 2547 3178 ac
2583 3123 2746 3179 domo
2791 3133 2879 3180 tua
2927 3127 3186 3196 ejectum,
3225 3138 3384 3201 atque
3432 3132 3502 3188 ab
3547 3133 3702 3188 oculis

2115 3214 2219 3269 tuis
2248 3215 2554 3271 submotum
2580 3231 2720 3272 esse.
2749 3217 2992 3285 Quonam
3020 3227 3200 3276 autem
3229 3222 3388 3280 modo
3418 3239 3481 3280 se
3506 3240 3590 3280 res
3613 3225 3696 3280 ha-

2113 3307 2274 3373 beat,
2305 3316 2361 3364 et
2397 3324 2495 3366 cur
2519 3318 2665 3366 tanta
2696 3311 2750 3366 in
2777 3327 2901 3367 eum
2941 3313 3212 3371 iracundia
3241 3330 3336 3370 usa
3381 3317 3462 3374 sis
3484 3360 3502 3386 ,
3535 3318 3700 3374 dicere

2115 3415 2322 3472 nequeo
2352 3419 2366 3456 :
2393 3418 2517 3458 nam
2562 3403 2692 3460 illud
2721 3413 2926 3460 tantum
2971 3407 3084 3462 scio
3125 3423 3140 3463 :
3183 3417 3236 3463 at
3266 3424 3394 3465 vero
3431 3427 3552 3484 qua:
3585 3421 3636 3467 te
3670 3426 3699 3466 a

2114 3493 2306 3560 nobis,
2337 3495 2427 3566 qui
2467 3504 2572 3551 tute
2597 3496 2798 3553 salutis
2845 3499 3220 3556 studiosissimi
3262 3517 3484 3570 sumus,
3529 3503 3700 3561 audire

2112 3587 2405 3654 convenit,
2437 3586 2554 3644 hare
2596 3597 2740 3644 sunt.
2780 3588 2894 3645 Non
2936 3590 3151 3662 ignoras
3188 3603 3506 3664 prtesentem
3548 3597 3696 3654 vitam

2113 3677 2246 3733 nihil
2295 3693 2454 3744 esse,
2498 3694 2685 3735 verum
2735 3680 2894 3736 ﬂores
2939 3696 3170 3748 vernos,
3218 3694 3376 3754 atque
3415 3686 3696 3743 imbecilles

2115 3769 2338 3825 umbras
2365 3769 2586 3836 imitari,
2615 3785 2716 3827 nec
2743 3772 2887 3828 aliud
2913 3787 3034 3830 esse
3062 3789 3218 3846 quam
3257 3779 3586 3834 somniorum
3606 3778 3694 3833 fal-

2114 3862 2341 3920 laciam:
2371 3879 2524 3921 veras
2551 3875 2729 3922 autem
2761 3875 2815 3922 et
2845 3866 2978 3923 fixas
3011 3883 3074 3922 ac
3102 3870 3316 3925 stabiles
3351 3886 3439 3927 res
3461 3887 3580 3927 esse
3604 3887 3692 3939 ea,

2113 3971 2235 4025 quin
2261 3971 2360 4011 nos
2390 3964 2512 4026 post
2538 3955 2836 4014 discessum
2857 3973 2922 4013 ex
2968 3959 3068 4017 hac
3107 3961 3216 4015 vita
3250 3972 3536 4033 exceptura
3560 3972 3690 4019 sunt.

2115 4045 2242 4102 ﬂzec
2267 4054 2323 4102 et
2345 4060 2375 4100 a
2404 4046 2557 4103 nobis
2581 4063 2824 4119 persaepe
2849 4049 3084 4117 audiisti,
3110 4061 3164 4107 et
3191 4052 3306 4122 ipsa
3334 4069 3436 4123 per
3455 4063 3507 4111 te
3529 4054 3694 4127 philo-

2113 4135 2332 4208 sophari
2369 4153 2475 4192 non
2518 4137 2739 4194 desinis.
2767 4140 2890 4196 Ideo
2920 4157 3025 4196 non
3053 4142 3262 4215 longam
3305 4145 3481 4201 scribo
3508 4145 3696 4214 episto-

2115 4227 2260 4294 lam;
2291 4226 2422 4283 illud
2447 4236 2627 4285 autem
2651 4229 2739 4284 aio
2771 4248 2784 4284 :
2812 4229 2869 4286 Si
2892 4231 3074 4302 inique
3096 4248 3161 4290 ac
3187 4249 3283 4303 per
3309 4235 3626 4290 calumniam
3648 4233 3697 4289 id

2114 4333 2146 4378 a
2171 4319 2490 4391 quibusdam
2521 4330 2699 4376 actum
2729 4330 2832 4389 est,
2862 4330 2920 4377 ut
2943 4337 3066 4378 eum
3092 4323 3332 4394 ejiceres,
3360 4328 3498 4394 juris
3521 4333 3694 4382 natura

2116 4423 2170 4470 te
2208 4423 2458 4481 moveat,
2492 4415 2712 4486 utquod
2741 4414 2938 4472 factum
2975 4425 3091 4484 est,
3123 4417 3404 4488 corrigas;
3435 4419 3481 4474 si
3529 4428 3696 4473 autem

2110 4505 2230 4578 iure
2245 4523 2309 4563 ac
2341 4508 2558 4576 merito,
2588 4509 2930 4563 humanitatis
2948 4509 3152 4580 legibus
3179 4509 3404 4564 adducta
3435 4510 3537 4565 hoc
3566 4509 3696 4564 idem

2115 4601 2268 4658 efﬁce
2297 4619 2311 4656 :
2341 4617 2465 4658 nam
2494 4601 2620 4658 hinc
2659 4617 2872 4674 quoque
2912 4602 3066 4672 plus,
3097 4618 3255 4673 quam
3284 4603 3409 4670 ille,
3441 4600 3696 4658 commodi

2117 4693 2277 4750 feres.
2306 4694 2770 4763 Quemadmodum
2795 4696 2938 4750 enim
2966 4697 3010 4751 is
3038 4697 3126 4768 qui
3158 4707 3372 4751 centum
3403 4695 3647 4752 denarios
3669 4709 3696 4748 ι

2117 4799 2378 4840 conservo
2403 4785 2686 4856 exigebat,
2715 4801 2822 4840 non
2853 4796 2958 4841 tam
2982 4802 3104 4842 eum
3135 4787 3290 4851 laesit,
3318 4802 3478 4857 quam
3505 4786 3603 4842 sibi
3632 4787 3698 4840 le-

2120 4876 2224 4932 tale
2259 4877 2451 4931 vulnus
2481 4876 2695 4941 inflixit,
2729 4887 2787 4932 ut
2811 4877 2900 4947 qui
2931 4877 3000 4933 ob
3027 4892 3143 4931 eam
3170 4878 3328 4931 animi
3362 4878 3694 4948 rigiditatem,

2117 4985 2276 5040 quam
2307 4970 2356 5023 in
2380 4984 2699 5024 conservum
2728 4969 2991 5036 exercuit,
3021 4969 3209 5025 decem
3239 4971 3461 5024 militum
3489 4971 3699 5025 talento-

2118 5077 2239 5116 rum
2257 5061 2703 5117 condonationem
2727 5061 2933 5116 irritam
2955 5060 3246 5116 reddiderit
3275 5077 3289 5114 :
3319 5060 3506 5114 eodem
3529 5058 3695 5125 modo,

2118 5154 2206 5224 qui
2239 5153 2464 5223 proximi
2497 5162 2714 5223 peccata
2742 5153 3010 5222 praeterit,
3041 5152 3144 5208 hoc
3169 5154 3502 5222 assequitur,
3527 5161 3582 5208 ut
3605 5151 3696 5204 mi-

2121 5247 2226 5301 tius
2253 5247 2323 5302 ab
2349 5261 2415 5301 eo
2441 5246 2494 5300 in
2522 5245 2702 5301 futuro
2726 5260 2842 5301 tevo
2881 5248 3115 5301 rationes
3143 5255 3525 5315 reposcantur;
3552 5254 3699 5312 atque

2119 5353 2228 5407 quo
2271 5338 2422 5406 plura
2464 5347 2519 5393 et
2548 5338 2790 5408 graviora
2826 5348 3044 5408 peccata
3075 5337 3377 5400 remiserit,
3409 5353 3474 5392 eo
3502 5347 3698 5407 quoque

2127 5430 2390 5499 majorem
2420 5429 2537 5501 ipse
2565 5431 2775 5486 veniam
2802 5430 3060 5485 obtineat.
3087 5429 3268 5500 Neque
3298 5429 3349 5483 in
3383 5428 3481 5483 hoc
3510 5436 3695 5481 tantum

2121 5523 2411 5579 discrimen
2440 5523 2672 5594 positum
2698 5531 2782 5578 est
2804 5522 2944 5590 ,-sed
2984 5523 3039 5578 in
3079 5537 3145 5577 eo
3183 5522 3342 5576 etiam
3369 5560 3389 5588 ,
3416 5519 3551 5592 quod
3588 5530 3696 5571 cum

2123 5616 2318 5671 servile
2363 5631 2559 5670 munus
2602 5613 2854 5681 dederit,
2907 5613 3077 5670 herile
3125 5612 3440 5668 beneficium
3500 5608 3694 5676 accipit.

2125 5707 2301 5774 Quare
2328 5723 2399 5763 ne
2432 5707 2564 5762 mihi
2605 5706 2734 5764 illud
2759 5719 3150 5762 commemores
3170 5747 3184 5772 ,
3215 5705 3314 5761 hoc
3343 5714 3396 5760 et
3433 5703 3530 5758 hoc
3555 5700 3619 5753 ab
3641 5710 3698 5752 eo

2126 5813 2488 5875 perpetratum
2533 5819 2674 5862 esse.
2721 5803 2854 5858 Nam
2884 5817 2992 5875 quo
3025 5802 3287 5858 atrociora
3331 5815 3392 5856 ea
3417 5815 3532 5872 quae
3564 5807 3696 5850 com-

2125 5898 2288 5956 missa
2334 5906 2460 5956 sunt
2507 5911 2626 5956 esse
2669 5895 3012 5965 ostenderis,
3045 5911 3110 5954 eo
3158 5894 3325 5967 magis
3363 5889 3695 5950 necessariam
