  <div class='ocr_page' id='page_1' title='image "/cluster/home/n/w/nwhite01/storage/ocr_20150623/52:no.3:pt.2/coo.31924054869510/290.png"; bbox 0 0 3950 6440; ppageno 0'>
   <div class='ocr_carea' id='block_1_1' title="bbox 320 453 427 512">
    <p class='ocr_par' dir='ltr' id='par_1_1' title="bbox 320 453 427 512">
     <span class='ocr_line' id='line_1_1' title="bbox 320 453 427 512; baseline -0.056 0"><span class='ocrx_word' id='word_1_1' title='bbox 320 453 427 512; x_wconf 74' lang='grc'><strong>871</strong></span> 
     </span>
    </p>
   </div>
   <div class='ocr_carea' id='block_1_2' title="bbox 323 560 1913 636">
    <p class='ocr_par' dir='ltr' id='par_1_2' title="bbox 323 560 1913 636">
     <span class='ocr_line' id='line_1_2' title="bbox 323 560 1913 636; baseline -0.008 -9"><span class='ocrx_word' id='word_1_2' title='bbox 323 569 585 633; x_wconf 72' lang='grc' dir='ltr'>⁴ιιιώντων,</span> <span class='ocrx_word' id='word_1_3' title='bbox 601 567 834 623; x_wconf 82' lang='grc' dir='ltr'>δέσποτα</span> <span class='ocrx_word' id='word_1_4' title='bbox 859 562 1255 636; x_wconf 82' lang='grc' dir='ltr'>αίδεσιμώτατε</span> <span class='ocrx_word' id='word_1_5' title='bbox 1276 562 1371 618; x_wconf 78' lang='grc' dir='ltr'>καὶ</span> <span class='ocrx_word' id='word_1_6' title='bbox 1391 561 1793 633; x_wconf 77' lang='grc' dir='ltr'>θεοφιλέστατε,</span> <span class='ocrx_word' id='word_1_7' title='bbox 1818 560 1913 616; x_wconf 77' lang='grc' dir='ltr'>καὶ</span> 
     </span>
    </p>
   </div>
   <div class='ocr_carea' id='block_1_3' title="bbox 322 654 1915 733">
    <p class='ocr_par' dir='ltr' id='par_1_3' title="bbox 322 654 1915 733">
     <span class='ocr_line' id='line_1_3' title="bbox 322 654 1915 733; baseline -0.008 -13"><span class='ocrx_word' id='word_1_8' title='bbox 322 662 577 733; x_wconf 81' lang='grc' dir='ltr'>συνεχῶς</span> <span class='ocrx_word' id='word_1_9' title='bbox 607 659 957 724; x_wconf 67' lang='grc' dir='ltr'>ἐπιστέλλων,</span> <span class='ocrx_word' id='word_1_10' title='bbox 996 658 1157 730; x_wconf 83' lang='grc' dir='ltr'>ἡνίκα</span> <span class='ocrx_word' id='word_1_11' title='bbox 1186 658 1253 712; x_wconf 83' lang='grc' dir='ltr'>ἂν</span> <span class='ocrx_word' id='word_1_12' title='bbox 1278 656 1373 729; x_wconf 76' lang='grc' dir='ltr'>ὲξῇ</span> <span class='ocrx_word' id='word_1_13' title='bbox 1392 698 1408 724; x_wconf 90' lang='grc'>,</span> <span class='ocrx_word' id='word_1_14' title='bbox 1438 657 1534 711; x_wconf 75' lang='grc' dir='ltr'>καὶ</span> <span class='ocrx_word' id='word_1_15' title='bbox 1556 655 1625 711; x_wconf 89' lang='grc' dir='ltr'>τά</span> <span class='ocrx_word' id='word_1_16' title='bbox 1662 654 1915 725; x_wconf 78' lang='grc' dir='ltr'>περὶτῆς</span> 
     </span>
    </p>
   </div>
   <div class='ocr_carea' id='block_1_4' title="bbox 322 746 1912 825">
    <p class='ocr_par' dir='ltr' id='par_1_4' title="bbox 322 746 1912 825">
     <span class='ocr_line' id='line_1_4' title="bbox 322 746 1912 825; baseline -0.006 -15"><span class='ocrx_word' id='word_1_17' title='bbox 322 756 524 825; x_wconf 76' lang='grc' dir='ltr'>ὑγείας</span> <span class='ocrx_word' id='word_1_18' title='bbox 545 753 723 825; x_wconf 87' lang='grc' dir='ltr'>δηλῶν</span> <span class='ocrx_word' id='word_1_19' title='bbox 761 752 862 823; x_wconf 87' lang='grc' dir='ltr'>τῆς</span> <span class='ocrx_word' id='word_1_20' title='bbox 902 751 1023 822; x_wconf 82' lang='grc' dir='ltr'>σῆς.</span> <span class='ocrx_word' id='word_1_21' title='bbox 1054 746 1226 806; x_wconf 79' lang='grc' dir='ltr'>Οἶσθα</span> <span class='ocrx_word' id='word_1_22' title='bbox 1256 751 1368 823; x_wconf 99' lang='lat'>7&amp;9</span> <span class='ocrx_word' id='word_1_23' title='bbox 1415 750 1564 811; x_wconf 83' lang='grc' dir='ltr'>ὅπως</span> <span class='ocrx_word' id='word_1_24' title='bbox 1598 751 1728 820; x_wconf 78' lang='grc' dir='ltr'>ἡμῖν</span> <span class='ocrx_word' id='word_1_25' title='bbox 1755 764 1912 819; x_wconf 70' lang='grc' dir='ltr'>περιο</span> 
     </span>
    </p>
   </div>
   <div class='ocr_carea' id='block_1_5' title="bbox 322 837 1915 915">
    <p class='ocr_par' dir='ltr' id='par_1_5' title="bbox 322 837 1915 915">
     <span class='ocr_line' id='line_1_5' title="bbox 322 837 1915 915; baseline -0.007 -11"><span class='ocrx_word' id='word_1_26' title='bbox 322 846 667 904; x_wconf 79' lang='grc' dir='ltr'>σπούδαστον</span> <span class='ocrx_word' id='word_1_27' title='bbox 699 844 820 899; x_wconf 85' lang='grc' dir='ltr'>καθ’</span> <span class='ocrx_word' id='word_1_28' title='bbox 875 843 1134 915; x_wconf 76' lang='grc' dir='ltr'>ἑκάστην,</span> <span class='ocrx_word' id='word_1_29' title='bbox 1168 845 1218 897; x_wconf 81' lang='grc' dir='ltr'>εἰ</span> <span class='ocrx_word' id='word_1_30' title='bbox 1243 837 1356 897; x_wconf 75' lang='grc' dir='ltr'>οἷόν</span> <span class='ocrx_word' id='word_1_31' title='bbox 1387 860 1447 897; x_wconf 86' lang='grc' dir='ltr'>τε</span> <span class='ocrx_word' id='word_1_32' title='bbox 1469 883 1484 909; x_wconf 95' lang='grc'>,</span> <span class='ocrx_word' id='word_1_33' title='bbox 1537 841 1752 914; x_wconf 77' lang='grc' dir='ltr'>ἡμέραν</span> <span class='ocrx_word' id='word_1_34' title='bbox 1784 841 1915 913; x_wconf 77' lang='grc' dir='ltr'>περὶ</span> 
     </span>
    </p>
   </div>
   <div class='ocr_carea' id='block_1_6' title="bbox 318 933 1912 1009">
    <p class='ocr_par' dir='ltr' id='par_1_6' title="bbox 318 933 1912 1009">
     <span class='ocr_line' id='line_1_6' title="bbox 318 933 1912 1009; baseline -0.004 -16"><span class='ocrx_word' id='word_1_35' title='bbox 318 937 536 1009; x_wconf 78' lang='grc' dir='ltr'>ταύτης</span> <span class='ocrx_word' id='word_1_36' title='bbox 562 936 871 1009; x_wconf 83' lang='grc' dir='ltr'>μανθάνειν.</span> <span class='ocrx_word' id='word_1_37' title='bbox 902 935 1006 990; x_wconf 83' lang='grc' dir='ltr'>Τὸν</span> <span class='ocrx_word' id='word_1_38' title='bbox 1025 936 1294 1006; x_wconf 85' lang='grc' dir='ltr'>δεσπότην</span> <span class='ocrx_word' id='word_1_39' title='bbox 1322 952 1425 1007; x_wconf 86' lang='grc' dir='ltr'>μου</span> <span class='ocrx_word' id='word_1_40' title='bbox 1458 934 1551 989; x_wconf 83' lang='grc' dir='ltr'>τὸν</span> <span class='ocrx_word' id='word_1_41' title='bbox 1577 933 1912 1005; x_wconf 80' lang='grc' dir='ltr'>τιμιώτατον</span> 
     </span>
    </p>
   </div>
   <div class='ocr_carea' id='block_1_7' title="bbox 321 1007 1914 1100">
    <p class='ocr_par' dir='ltr' id='par_1_7' title="bbox 321 1007 1914 1100">
     <span class='ocr_line' id='line_1_7' title="bbox 321 1007 1914 1100; baseline -0.004 -11"><span class='ocrx_word' id='word_1_42' title='bbox 321 1031 430 1089; x_wconf 69' lang='grc' dir='ltr'>καὶ</span> <span class='ocrx_word' id='word_1_43' title='bbox 459 1007 856 1085; x_wconf 62' lang='grc' dir='ltr'>εὐλαδέπατον</span> <span class='ocrx_word' id='word_1_44' title='bbox 874 1028 1246 1100; x_wconf 78' lang='grc' dir='ltr'>πρεσϐύτερον</span> <span class='ocrx_word' id='word_1_45' title='bbox 1285 1027 1663 1099; x_wconf 77' lang='grc' dir='ltr'>’Δσυγκρίτιον</span> <span class='ocrx_word' id='word_1_46' title='bbox 1689 1039 1744 1093; x_wconf 72' lang='grc' dir='ltr'>ι,</span> <span class='ocrx_word' id='word_1_47' title='bbox 1778 1027 1914 1098; x_wconf 86' lang='grc' dir='ltr'>μετά</span> 
     </span>
    </p>
   </div>
   <div class='ocr_carea' id='block_1_8' title="bbox 320 1116 1914 1192">
    <p class='ocr_par' dir='ltr' id='par_1_8' title="bbox 320 1116 1914 1192">
     <span class='ocr_line' id='line_1_8' title="bbox 320 1116 1914 1192; baseline -0.003 -17"><span class='ocrx_word' id='word_1_48' title='bbox 320 1122 442 1176; x_wconf 79' lang='grc' dir='ltr'>τῶν</span> <span class='ocrx_word' id='word_1_49' title='bbox 471 1121 823 1192; x_wconf 83' lang='grc' dir='ltr'>γλυκυτάτων</span> <span class='ocrx_word' id='word_1_50' title='bbox 855 1120 1022 1175; x_wconf 88' lang='grc' dir='ltr'>αὐτοῦ</span> <span class='ocrx_word' id='word_1_51' title='bbox 1058 1120 1288 1175; x_wconf 88' lang='grc' dir='ltr'>παιδίων</span> <span class='ocrx_word' id='word_1_52' title='bbox 1303 1160 1318 1185; x_wconf 91' lang='grc'>,</span> <span class='ocrx_word' id='word_1_53' title='bbox 1355 1120 1451 1174; x_wconf 79' lang='grc' dir='ltr'>καὶ</span> <span class='ocrx_word' id='word_1_54' title='bbox 1480 1119 1657 1174; x_wconf 86' lang='grc' dir='ltr'>πάντα</span> <span class='ocrx_word' id='word_1_55' title='bbox 1688 1136 1782 1172; x_wconf 92' lang='grc' dir='ltr'>σου</span> <span class='ocrx_word' id='word_1_56' title='bbox 1813 1116 1914 1187; x_wconf 82' lang='grc' dir='ltr'>τῆς</span> 
     </span>
    </p>
   </div>
   <div class='ocr_carea' id='block_1_9' title="bbox 294 1212 1913 1286">
    <p class='ocr_par' dir='ltr' id='par_1_9' title="bbox 294 1212 1913 1286">
     <span class='ocr_line' id='line_1_9' title="bbox 294 1212 1913 1286; baseline -0.004 -15"><span class='ocrx_word' id='word_1_57' title='bbox 294 1212 646 1279; x_wconf 80' lang='grc' dir='ltr'>,θεοσεϐείας</span> <span class='ocrx_word' id='word_1_58' title='bbox 691 1214 784 1269; x_wconf 81' lang='grc' dir='ltr'>τὸν</span> <span class='ocrx_word' id='word_1_59' title='bbox 815 1214 1014 1286; x_wconf 86' lang='grc' dir='ltr'>κλῆρον</span> <span class='ocrx_word' id='word_1_60' title='bbox 1047 1213 1222 1269; x_wconf 89' lang='grc' dir='ltr'>πολλά</span> <span class='ocrx_word' id='word_1_61' title='bbox 1242 1216 1374 1286; x_wconf 84' lang='grc' dir='ltr'>παρ’</span> <span class='ocrx_word' id='word_1_62' title='bbox 1407 1213 1564 1286; x_wconf 86' lang='grc' dir='ltr'>ἡμῶν</span> <span class='ocrx_word' id='word_1_63' title='bbox 1593 1215 1913 1286; x_wconf 83' lang='grc' dir='ltr'>προσειπεῖν</span> 
     </span>
    </p>
   </div>
   <div class='ocr_carea' id='block_1_10' title="bbox 322 1306 739 1380">
    <p class='ocr_par' dir='ltr' id='par_1_10' title="bbox 322 1306 739 1380">
     <span class='ocr_line' id='line_1_10' title="bbox 322 1306 739 1380; baseline 0.002 -19"><span class='ocrx_word' id='word_1_64' title='bbox 322 1306 739 1380; x_wconf 82' lang='grc' dir='ltr'>παρακλήθητι.</span> 
     </span>
    </p>
   </div>
   <div class='ocr_carea' id='block_1_11' title="bbox 664 1421 1560 1491">
    <p class='ocr_par' dir='ltr' id='par_1_11' title="bbox 664 1421 1560 1491">
     <span class='ocr_line' id='line_1_11' title="bbox 664 1421 1560 1491; baseline 0.001 -15"><span class='ocrx_word' id='word_1_65' title='bbox 664 1424 826 1476; x_wconf 85' lang='lat' dir='ltr'><em>PIE’.</em></span> <span class='ocrx_word' id='word_1_66' title='bbox 865 1422 1133 1491; x_wconf 73' lang='grc' dir='ltr'>Θεοφίλῳ</span> <span class='ocrx_word' id='word_1_67' title='bbox 1161 1421 1560 1491; x_wconf 79' lang='grc' dir='ltr'>πρεσϐυτέρῳ.</span> 
     </span>
    </p>
   </div>
   <div class='ocr_carea' id='block_1_12' title="bbox 406 1536 1911 1614">
    <p class='ocr_par' dir='ltr' id='par_1_12' title="bbox 406 1536 1911 1614">
     <span class='ocr_line' id='line_1_12' title="bbox 406 1536 1911 1614; baseline 0.003 -21"><span class='ocrx_word' id='word_1_68' title='bbox 406 1539 517 1593; x_wconf 72' lang='grc' dir='ltr'>Καὶ</span> <span class='ocrx_word' id='word_1_69' title='bbox 542 1536 702 1593; x_wconf 85' lang='grc' dir='ltr'>τοῦτο</span> <span class='ocrx_word' id='word_1_70' title='bbox 732 1539 832 1609; x_wconf 79' lang='grc' dir='ltr'>τῆς</span> <span class='ocrx_word' id='word_1_71' title='bbox 872 1539 1327 1613; x_wconf 80' lang='grc' dir='ltr'>εὐγνωμοσύνης,</span> <span class='ocrx_word' id='word_1_72' title='bbox 1358 1542 1450 1596; x_wconf 80' lang='grc' dir='ltr'>καὶ</span> <span class='ocrx_word' id='word_1_73' title='bbox 1482 1542 1583 1613; x_wconf 85' lang='grc' dir='ltr'>τῆς</span> <span class='ocrx_word' id='word_1_74' title='bbox 1620 1543 1720 1614; x_wconf 82' lang='grc' dir='ltr'>σῆς</span> <span class='ocrx_word' id='word_1_75' title='bbox 1747 1544 1911 1614; x_wconf 86' lang='grc' dir='ltr'>εὐχα-</span> 
     </span>
    </p>
   </div>
   <div class='ocr_carea' id='block_1_13' title="bbox 322 1629 1914 1713">
    <p class='ocr_par' dir='ltr' id='par_1_13' title="bbox 322 1629 1914 1713">
     <span class='ocr_line' id='line_1_13' title="bbox 322 1629 1914 1713; baseline 0.004 -30"><span class='ocrx_word' id='word_1_76' title='bbox 322 1631 518 1713; x_wconf 73' lang='grc' dir='ltr'>ρίστου</span> <span class='ocrx_word' id='word_1_77' title='bbox 548 1648 640 1684; x_wconf 86' lang='grc' dir='ltr'>σου</span> <span class='ocrx_word' id='word_1_78' title='bbox 676 1629 921 1702; x_wconf 83' lang='grc' dir='ltr'>γνώμης,</span> <span class='ocrx_word' id='word_1_79' title='bbox 963 1631 1024 1685; x_wconf 84' lang='grc' dir='ltr'>τὸ</span> <span class='ocrx_word' id='word_1_80' title='bbox 1068 1632 1293 1703; x_wconf 81' lang='grc' dir='ltr'>μηδενὸς</span> <span class='ocrx_word' id='word_1_81' title='bbox 1322 1634 1730 1689; x_wconf 88' lang='grc' dir='ltr'>ἀπολελαυκότα</span> <span class='ocrx_word' id='word_1_82' title='bbox 1764 1634 1914 1707; x_wconf 82' lang='grc' dir='ltr'>παρὰ</span> 
     </span>
    </p>
   </div>
   <div class='ocr_carea' id='block_1_14' title="bbox 320 1717 1913 1799">
    <p class='ocr_par' dir='ltr' id='par_1_14' title="bbox 320 1717 1913 1799">
     <span class='ocr_line' id='line_1_14' title="bbox 320 1717 1913 1799; baseline 0.005 -23"><span class='ocrx_word' id='word_1_83' title='bbox 320 1723 557 1789; x_wconf 87' lang='grc' dir='ltr'>τούτων,</span> <span class='ocrx_word' id='word_1_84' title='bbox 589 1717 671 1787; x_wconf 74' lang='grc' dir='ltr'>οἷς</span> <span class='ocrx_word' id='word_1_85' title='bbox 698 1740 758 1775; x_wconf 92' lang='grc' dir='ltr'>σε</span> <span class='ocrx_word' id='word_1_86' title='bbox 785 1725 1296 1796; x_wconf 72' lang='grc' dir='ltr'>παρακατεθέμεθα,</span> <span class='ocrx_word' id='word_1_87' title='bbox 1320 1727 1385 1782; x_wconf 82' lang='grc' dir='ltr'>τὸ</span> <span class='ocrx_word' id='word_1_88' title='bbox 1412 1730 1522 1781; x_wconf 82' lang='grc' dir='ltr'>πᾶν</span> <span class='ocrx_word' id='word_1_89' title='bbox 1552 1729 1913 1799; x_wconf 80' lang='grc' dir='ltr'>ἀπειληφέναι</span> 
     </span>
    </p>
   </div>
   <div class='ocr_carea' id='block_1_15' title="bbox 320 1810 1914 1891">
    <p class='ocr_par' dir='ltr' id='par_1_15' title="bbox 320 1810 1914 1891">
     <span class='ocr_line' id='line_1_15' title="bbox 320 1810 1914 1891; baseline 0.005 -26"><span class='ocrx_word' id='word_1_90' title='bbox 320 1810 573 1883; x_wconf 80' lang='grc' dir='ltr'>νομίζειν</span> <span class='ocrx_word' id='word_1_91' title='bbox 609 1812 718 1867; x_wconf 81' lang='grc' dir='ltr'>ἀπὸ</span> <span class='ocrx_word' id='word_1_92' title='bbox 749 1814 849 1884; x_wconf 80' lang='grc' dir='ltr'>τῆς</span> <span class='ocrx_word' id='word_1_93' title='bbox 884 1816 1159 1887; x_wconf 81' lang='grc' dir='ltr'>ἡμετέρας</span> <span class='ocrx_word' id='word_1_94' title='bbox 1187 1816 1514 1888; x_wconf 81' lang='grc' dir='ltr'>προθυμίας.</span> <span class='ocrx_word' id='word_1_95' title='bbox 1564 1818 1702 1873; x_wconf 84' lang='grc' dir='ltr'>Ἀλλ’</span> <span class='ocrx_word' id='word_1_96' title='bbox 1752 1822 1914 1891; x_wconf 80' lang='grc' dir='ltr'>ἡμεῖς</span> 
     </span>
    </p>
   </div>
   <div class='ocr_carea' id='block_1_16' title="bbox 319 1906 1911 1984">
    <p class='ocr_par' dir='ltr' id='par_1_16' title="bbox 319 1906 1911 1984">
     <span class='ocr_line' id='line_1_16' title="bbox 319 1906 1911 1984; baseline 0.005 -25"><span class='ocrx_word' id='word_1_97' title='bbox 319 1906 430 1959; x_wconf 84' lang='grc' dir='ltr'>οὐκ</span> <span class='ocrx_word' id='word_1_98' title='bbox 458 1906 911 1977; x_wconf 77' lang='grc' dir='ltr'>ἀρκεσθησόμεθα</span> <span class='ocrx_word' id='word_1_99' title='bbox 957 1908 1133 1980; x_wconf 84' lang='grc' dir='ltr'>τούτῳ</span> <span class='ocrx_word' id='word_1_100' title='bbox 1156 1949 1171 1973; x_wconf 93' lang='grc'>,</span> <span class='ocrx_word' id='word_1_101' title='bbox 1209 1909 1344 1964; x_wconf 84' lang='grc' dir='ltr'>ἀλλά</span> <span class='ocrx_word' id='word_1_102' title='bbox 1372 1912 1467 1965; x_wconf 81' lang='grc' dir='ltr'>καὶ</span> <span class='ocrx_word' id='word_1_103' title='bbox 1503 1910 1582 1981; x_wconf 85' lang='grc' dir='ltr'>τῷ</span> <span class='ocrx_word' id='word_1_104' title='bbox 1610 1912 1784 1984; x_wconf 83' lang='grc' dir='ltr'>κυρίῳ</span> <span class='ocrx_word' id='word_1_105' title='bbox 1810 1929 1911 1984; x_wconf 89' lang='grc' dir='ltr'>μου</span> 
     </span>
    </p>
   </div>
   <div class='ocr_carea' id='block_1_17' title="bbox 321 1995 1912 2074">
    <p class='ocr_par' dir='ltr' id='par_1_17' title="bbox 321 1995 1912 2074">
     <span class='ocr_line' id='line_1_17' title="bbox 321 1995 1912 2074; baseline 0.005 -25"><span class='ocrx_word' id='word_1_106' title='bbox 321 1995 591 2067; x_wconf 85' lang='grc' dir='ltr'>Θεοδώρῳ</span> <span class='ocrx_word' id='word_1_107' title='bbox 635 1996 714 2070; x_wconf 77' lang='grc' dir='ltr'>τῷ</span> <span class='ocrx_word' id='word_1_108' title='bbox 759 1998 1080 2069; x_wconf 82' lang='grc' dir='ltr'>ὲπαρχικῷ,</span> <span class='ocrx_word' id='word_1_109' title='bbox 1110 2000 1188 2071; x_wconf 80' lang='grc' dir='ltr'>τῷ</span> <span class='ocrx_word' id='word_1_110' title='bbox 1214 2001 1473 2071; x_wconf 83' lang='grc' dir='ltr'>ἀγαγόντι</span> <span class='ocrx_word' id='word_1_111' title='bbox 1508 2004 1655 2073; x_wconf 81' lang='grc' dir='ltr'>ἡμᾶς</span> <span class='ocrx_word' id='word_1_112' title='bbox 1696 2005 1776 2069; x_wconf 83' lang='grc' dir='ltr'>είς</span> <span class='ocrx_word' id='word_1_113' title='bbox 1812 2004 1912 2074; x_wconf 77' lang='grc' dir='ltr'>τὴν</span> 
     </span>
    </p>
   </div>
   <div class='ocr_carea' id='block_1_18' title="bbox 321 2090 1914 2168">
    <p class='ocr_par' dir='ltr' id='par_1_18' title="bbox 321 2090 1914 2168">
     <span class='ocr_line' id='line_1_18' title="bbox 321 2090 1914 2168; baseline 0.006 -24"><span class='ocrx_word' id='word_1_114' title='bbox 321 2091 641 2144; x_wconf 78' lang='grc' dir='ltr'>Κουκουσὸν</span> <span class='ocrx_word' id='word_1_115' title='bbox 665 2132 681 2159; x_wconf 94' lang='grc'>,</span> <span class='ocrx_word' id='word_1_116' title='bbox 723 2090 895 2145; x_wconf 86' lang='grc' dir='ltr'>πολλά</span> <span class='ocrx_word' id='word_1_117' title='bbox 939 2092 1144 2164; x_wconf 83' lang='grc' dir='ltr'>ταύτης</span> <span class='ocrx_word' id='word_1_118' title='bbox 1185 2095 1371 2149; x_wconf 71' lang='grc' dir='ltr'>ἕνεκεν</span> <span class='ocrx_word' id='word_1_119' title='bbox 1419 2096 1773 2167; x_wconf 80' lang='grc' dir='ltr'>διελέχθημεν</span> <span class='ocrx_word' id='word_1_120' title='bbox 1812 2097 1914 2168; x_wconf 79' lang='grc' dir='ltr'>τῆς</span> 
     </span>
    </p>
   </div>
   <div class='ocr_carea' id='block_1_19' title="bbox 322 2181 1913 2252">
    <p class='ocr_par' dir='ltr' id='par_1_19' title="bbox 322 2181 1913 2252">
     <span class='ocr_line' id='line_1_19' title="bbox 322 2181 1913 2252; baseline 0.005 -18"><span class='ocrx_word' id='word_1_121' title='bbox 322 2181 676 2247; x_wconf 78' lang='grc' dir='ltr'>ὑποθέσεως,</span> <span class='ocrx_word' id='word_1_122' title='bbox 730 2183 825 2237; x_wconf 74' lang='grc' dir='ltr'>καὶ</span> <span class='ocrx_word' id='word_1_123' title='bbox 878 2183 1092 2251; x_wconf 84' lang='grc' dir='ltr'>πολλοῖς</span> <span class='ocrx_word' id='word_1_124' title='bbox 1146 2186 1550 2252; x_wconf 80' lang='grc' dir='ltr'>ἐπιστέλλοντες</span> <span class='ocrx_word' id='word_1_125' title='bbox 1603 2189 1697 2242; x_wconf 77' lang='grc' dir='ltr'>καὶ</span> <span class='ocrx_word' id='word_1_126' title='bbox 1738 2188 1913 2243; x_wconf 88' lang='grc' dir='ltr'>ταῦτα</span> 
     </span>
    </p>
   </div>
   <div class='ocr_carea' id='block_1_20' title="bbox 320 2274 1913 2354">
    <p class='ocr_par' dir='ltr' id='par_1_20' title="bbox 320 2274 1913 2354">
     <span class='ocr_line' id='line_1_20' title="bbox 320 2274 1913 2354; baseline 0.006 -27"><span class='ocrx_word' id='word_1_127' title='bbox 320 2274 765 2343; x_wconf 70' lang='grc' dir='ltr'>ἔπεστάλκαμεν.</span> <span class='ocrx_word' id='word_1_128' title='bbox 795 2276 895 2328; x_wconf 69' lang='lat' dir='ltr'>&quot;Av</span> <span class='ocrx_word' id='word_1_129' title='bbox 911 2294 969 2330; x_wconf 89' lang='grc' dir='ltr'>τε</span> <span class='ocrx_word' id='word_1_130' title='bbox 992 2277 1122 2346; x_wconf 88' lang='grc' dir='ltr'>γοῦν</span> <span class='ocrx_word' id='word_1_131' title='bbox 1145 2280 1371 2350; x_wconf 85' lang='grc' dir='ltr'>γένηταί</span> <span class='ocrx_word' id='word_1_132' title='bbox 1396 2300 1448 2334; x_wconf 91' lang='grc' dir='ltr'>τι</span> <span class='ocrx_word' id='word_1_133' title='bbox 1475 2280 1585 2336; x_wconf 82' lang='grc' dir='ltr'>ἀπὸ</span> <span class='ocrx_word' id='word_1_134' title='bbox 1606 2282 1713 2335; x_wconf 89' lang='grc' dir='ltr'>τῶν</span> <span class='ocrx_word' id='word_1_135' title='bbox 1733 2299 1913 2354; x_wconf 91' lang='grc' dir='ltr'>γραμ-</span> 
     </span>
    </p>
   </div>
   <div class='ocr_carea' id='block_1_21' title="bbox 330 2364 1913 2448">
    <p class='ocr_par' dir='ltr' id='par_1_21' title="bbox 330 2364 1913 2448">
     <span class='ocr_line' id='line_1_21' title="bbox 330 2364 1913 2448; baseline 0.009 -33"><span class='ocrx_word' id='word_1_136' title='bbox 330 2366 526 2436; x_wconf 82' lang='grc' dir='ltr'>μάτων</span> <span class='ocrx_word' id='word_1_137' title='bbox 557 2364 717 2421; x_wconf 80' lang='grc' dir='ltr'>πλέον</span> <span class='ocrx_word' id='word_1_138' title='bbox 751 2366 778 2407; x_wconf 73' lang='lat' dir='ltr'><strong>b</strong></span> <span class='ocrx_word' id='word_1_139' title='bbox 806 2366 917 2421; x_wconf 89' lang='grc' dir='ltr'>τῶν</span> <span class='ocrx_word' id='word_1_140' title='bbox 950 2371 1255 2441; x_wconf 73' lang='grc' dir='ltr'>ἡμετέρων,</span> <span class='ocrx_word' id='word_1_141' title='bbox 1279 2372 1344 2425; x_wconf 83' lang='grc' dir='ltr'>ἀν</span> <span class='ocrx_word' id='word_1_142' title='bbox 1373 2391 1432 2426; x_wconf 90' lang='grc' dir='ltr'>τε</span> <span class='ocrx_word' id='word_1_143' title='bbox 1452 2374 1754 2446; x_wconf 84' lang='grc' dir='ltr'>γράμματα</span> <span class='ocrx_word' id='word_1_144' title='bbox 1778 2376 1913 2448; x_wconf 84' lang='grc' dir='ltr'>μένῃ</span> 
     </span>
    </p>
   </div>
   <div class='ocr_carea' id='block_1_22' title="bbox 328 2456 1913 2539">
    <p class='ocr_par' dir='ltr' id='par_1_22' title="bbox 328 2456 1913 2539">
     <span class='ocr_line' id='line_1_22' title="bbox 328 2456 1913 2539; baseline 0.008 -31"><span class='ocrx_word' id='word_1_145' title='bbox 328 2456 498 2528; x_wconf 87' lang='grc' dir='ltr'>μόνον</span> <span class='ocrx_word' id='word_1_146' title='bbox 543 2457 613 2511; x_wconf 86' lang='grc' dir='ltr'>τὰ</span> <span class='ocrx_word' id='word_1_147' title='bbox 650 2459 990 2530; x_wconf 88' lang='grc' dir='ltr'>γράμματα,</span> <span class='ocrx_word' id='word_1_148' title='bbox 1045 2463 1215 2533; x_wconf 79' lang='grc' dir='ltr'>μηδὲν</span> <span class='ocrx_word' id='word_1_149' title='bbox 1272 2463 1548 2519; x_wconf 88' lang='grc' dir='ltr'>ἀνύσαντα</span> <span class='ocrx_word' id='word_1_150' title='bbox 1598 2466 1753 2539; x_wconf 85' lang='grc' dir='ltr'>παρά</span> <span class='ocrx_word' id='word_1_151' title='bbox 1798 2471 1913 2533; x_wconf 87' lang='grc' dir='ltr'>τοῖς</span> 
     </span>
    </p>
   </div>
   <div class='ocr_carea' id='block_1_23' title="bbox 321 2546 1911 2623">
    <p class='ocr_par' dir='ltr' id='par_1_23' title="bbox 321 2546 1911 2623">
     <span class='ocr_line' id='line_1_23' title="bbox 321 2546 1911 2623; baseline 0.006 -24"><span class='ocrx_word' id='word_1_152' title='bbox 321 2546 749 2616; x_wconf 79' lang='grc' dir='ltr'>ἀποδεχομένοις</span> <span class='ocrx_word' id='word_1_153' title='bbox 776 2548 935 2613; x_wconf 87' lang='grc' dir='ltr'>αὐτὰ,</span> <span class='ocrx_word' id='word_1_154' title='bbox 976 2549 1063 2605; x_wconf 76' lang='grc' dir='ltr'>διὰ</span> <span class='ocrx_word' id='word_1_155' title='bbox 1088 2552 1298 2622; x_wconf 78' lang='grc' dir='ltr'>ταχέων</span> <span class='ocrx_word' id='word_1_156' title='bbox 1320 2554 1450 2623; x_wconf 83' lang='grc' dir='ltr'>ἡμῖν</span> <span class='ocrx_word' id='word_1_157' title='bbox 1481 2553 1719 2623; x_wconf 86' lang='grc' dir='ltr'>δηλῶσαι</span> <span class='ocrx_word' id='word_1_158' title='bbox 1741 2554 1911 2608; x_wconf 78' lang='grc' dir='ltr'>σπού-</span> 
     </span>
    </p>
   </div>
   <div class='ocr_carea' id='block_1_24' title="bbox 320 2634 1911 2717">
    <p class='ocr_par' dir='ltr' id='par_1_24' title="bbox 320 2634 1911 2717">
     <span class='ocr_line' id='line_1_24' title="bbox 320 2634 1911 2717; baseline 0.007 -29"><span class='ocrx_word' id='word_1_159' title='bbox 320 2635 511 2689; x_wconf 87' lang='grc' dir='ltr'>δασον.</span> <span class='ocrx_word' id='word_1_160' title='bbox 557 2634 661 2693; x_wconf 76' lang='grc' dir='ltr'>Καὶ</span> <span class='ocrx_word' id='word_1_161' title='bbox 688 2635 796 2709; x_wconf 83' lang='grc' dir='ltr'>γὰρ</span> <span class='ocrx_word' id='word_1_162' title='bbox 835 2639 893 2695; x_wconf 82' lang='grc' dir='ltr'>ὲν</span> <span class='ocrx_word' id='word_1_163' title='bbox 940 2638 1115 2711; x_wconf 85' lang='grc' dir='ltr'>τούτῳ</span> <span class='ocrx_word' id='word_1_164' title='bbox 1157 2640 1391 2712; x_wconf 84' lang='grc' dir='ltr'>μάλιστα</span> <span class='ocrx_word' id='word_1_165' title='bbox 1430 2644 1527 2714; x_wconf 78' lang='grc' dir='ltr'>τὴν</span> <span class='ocrx_word' id='word_1_166' title='bbox 1556 2645 1779 2717; x_wconf 81' lang='grc' dir='ltr'>ἀγάπην</span> <span class='ocrx_word' id='word_1_167' title='bbox 1819 2663 1911 2699; x_wconf 83' lang='grc' dir='ltr'>σου</span> 
     </span>
    </p>
   </div>
   <div class='ocr_carea' id='block_1_25' title="bbox 321 2729 1912 2809">
    <p class='ocr_par' dir='ltr' id='par_1_25' title="bbox 321 2729 1912 2809">
     <span class='ocr_line' id='line_1_25' title="bbox 321 2729 1912 2809; baseline 0.006 -27"><span class='ocrx_word' id='word_1_168' title='bbox 321 2729 708 2801; x_wconf 81' lang='grc' dir='ltr'>θαυμάζομεν,</span> <span class='ocrx_word' id='word_1_169' title='bbox 758 2730 855 2784; x_wconf 77' lang='grc' dir='ltr'>καὶ</span> <span class='ocrx_word' id='word_1_170' title='bbox 896 2732 989 2784; x_wconf 82' lang='grc' dir='ltr'>τοῦ</span> <span class='ocrx_word' id='word_1_171' title='bbox 1033 2731 1256 2805; x_wconf 66' lang='grc' dir='ltr'>θαρρεῖν</span> <span class='ocrx_word' id='word_1_172' title='bbox 1282 2736 1411 2806; x_wconf 86' lang='grc' dir='ltr'>ἡμῖν</span> <span class='ocrx_word' id='word_1_173' title='bbox 1453 2735 1613 2789; x_wconf 85' lang='grc' dir='ltr'>τοῦτο</span> <span class='ocrx_word' id='word_1_174' title='bbox 1659 2739 1912 2809; x_wconf 81' lang='grc' dir='ltr'>μέγιστον</span> 
     </span>
    </p>
   </div>
   <div class='ocr_carea' id='block_1_26' title="bbox 324 2821 1913 2900">
    <p class='ocr_par' dir='ltr' id='par_1_26' title="bbox 324 2821 1913 2900">
     <span class='ocr_line' id='line_1_26' title="bbox 324 2821 1913 2900; baseline 0.003 -23"><span class='ocrx_word' id='word_1_175' title='bbox 324 2821 633 2894; x_wconf 85' lang='grc' dir='ltr'>ποιούμεθα</span> <span class='ocrx_word' id='word_1_176' title='bbox 676 2826 918 2893; x_wconf 90' lang='grc' dir='ltr'>σημεῖον,</span> <span class='ocrx_word' id='word_1_177' title='bbox 958 2824 1021 2877; x_wconf 83' lang='grc' dir='ltr'>τὸ</span> <span class='ocrx_word' id='word_1_178' title='bbox 1049 2825 1144 2878; x_wconf 80' lang='grc' dir='ltr'>καὶ</span> <span class='ocrx_word' id='word_1_179' title='bbox 1176 2826 1301 2898; x_wconf 78' lang='grc' dir='ltr'>περὶ</span> <span class='ocrx_word' id='word_1_180' title='bbox 1332 2827 1538 2881; x_wconf 84' lang='grc' dir='ltr'>τούτων</span> <span class='ocrx_word' id='word_1_181' title='bbox 1570 2832 1702 2900; x_wconf 81' lang='grc' dir='ltr'>ἡμῖν</span> <span class='ocrx_word' id='word_1_182' title='bbox 1736 2830 1913 2883; x_wconf 89' lang='grc' dir='ltr'>διαλέ-</span> 
     </span>
    </p>
   </div>
   <div class='ocr_carea' id='block_1_27' title="bbox 322 2912 1909 2991">
    <p class='ocr_par' dir='ltr' id='par_1_27' title="bbox 322 2912 1909 2991">
     <span class='ocr_line' id='line_1_27' title="bbox 322 2912 1909 2991; baseline 0.001 -25"><span class='ocrx_word' id='word_1_183' title='bbox 322 2912 541 2983; x_wconf 84' lang='grc' dir='ltr'>γεσθαι.</span> <span class='ocrx_word' id='word_1_184' title='bbox 564 2912 816 2984; x_wconf 84' lang='grc' dir='ltr'>Δήλωσον</span> <span class='ocrx_word' id='word_1_185' title='bbox 848 2914 1029 2968; x_wconf 81' lang='grc' dir='ltr'>τοίνυν</span> <span class='ocrx_word' id='word_1_186' title='bbox 1051 2916 1182 2985; x_wconf 82' lang='grc' dir='ltr'>ἡμῖν</span> <span class='ocrx_word' id='word_1_187' title='bbox 1203 2916 1268 2969; x_wconf 86' lang='grc' dir='ltr'>ἀν</span> <span class='ocrx_word' id='word_1_188' title='bbox 1294 2934 1351 2969; x_wconf 88' lang='grc' dir='ltr'>τε</span> <span class='ocrx_word' id='word_1_189' title='bbox 1383 2918 1612 2988; x_wconf 82' lang='grc' dir='ltr'>γένηταί</span> <span class='ocrx_word' id='word_1_190' title='bbox 1641 2936 1693 2972; x_wconf 87' lang='grc' dir='ltr'>τι</span> <span class='ocrx_word' id='word_1_191' title='bbox 1727 2917 1909 2991; x_wconf 70' lang='grc' dir='ltr'>πλέον,</span> 
     </span>
    </p>
   </div>
   <div class='ocr_carea' id='block_1_28' title="bbox 323 3006 1913 3084">
    <p class='ocr_par' dir='ltr' id='par_1_28' title="bbox 323 3006 1913 3084">
     <span class='ocr_line' id='line_1_28' title="bbox 323 3006 1913 3084; baseline 0.004 -25"><span class='ocrx_word' id='word_1_192' title='bbox 323 3007 394 3060; x_wconf 80' lang='grc' dir='ltr'>ἀν</span> <span class='ocrx_word' id='word_1_193' title='bbox 448 3024 507 3059; x_wconf 89' lang='grc' dir='ltr'>τε</span> <span class='ocrx_word' id='word_1_194' title='bbox 545 3006 734 3077; x_wconf 84' lang='grc' dir='ltr'>μηδὲν,</span> <span class='ocrx_word' id='word_1_195' title='bbox 793 3006 863 3059; x_wconf 69' lang='grc' dir='ltr'>ῖν*</span> <span class='ocrx_word' id='word_1_196' title='bbox 894 3007 959 3060; x_wconf 83' lang='grc' dir='ltr'>ἂν</span> <span class='ocrx_word' id='word_1_197' title='bbox 1015 3008 1113 3077; x_wconf 84' lang='grc' dir='ltr'>μὲν</span> <span class='ocrx_word' id='word_1_198' title='bbox 1160 3009 1222 3061; x_wconf 84' lang='grc' dir='ltr'>τὸ</span> <span class='ocrx_word' id='word_1_199' title='bbox 1264 3010 1529 3081; x_wconf 87' lang='grc' dir='ltr'>πρότερον</span> <span class='ocrx_word' id='word_1_200' title='bbox 1563 3006 1632 3084; x_wconf 80' lang='grc' dir='ltr'>ᾖ,</span> <span class='ocrx_word' id='word_1_201' title='bbox 1682 3011 1913 3082; x_wconf 87' lang='grc' dir='ltr'>χάριτας</span> 
     </span>
    </p>
   </div>
   <div class='ocr_carea' id='block_1_29' title="bbox 319 3098 1908 3174">
    <p class='ocr_par' dir='ltr' id='par_1_29' title="bbox 319 3098 1908 3174">
     <span class='ocr_line' id='line_1_29' title="bbox 319 3098 1908 3174; baseline 0.001 -21"><span class='ocrx_word' id='word_1_202' title='bbox 319 3099 755 3169; x_wconf 75' lang='grc' dir='ltr'>ὁμολογήσωμεν</span> <span class='ocrx_word' id='word_1_203' title='bbox 794 3102 905 3162; x_wconf 86' lang='grc' dir='ltr'>τοῖς</span> <span class='ocrx_word' id='word_1_204' title='bbox 956 3098 1054 3169; x_wconf 80' lang='grc' dir='ltr'>τὴν</span> <span class='ocrx_word' id='word_1_205' title='bbox 1102 3099 1311 3153; x_wconf 81' lang='grc' dir='ltr'>ἑαυτῶν</span> <span class='ocrx_word' id='word_1_206' title='bbox 1351 3099 1661 3171; x_wconf 64' lang='grc' dir='ltr'>ὡρεληκόσι</span> <span class='ocrx_word' id='word_1_207' title='bbox 1690 3102 1870 3174; x_wconf 78' lang='grc' dir='ltr'>ψυχήν</span> <span class='ocrx_word' id='word_1_208' title='bbox 1894 3116 1908 3131; x_wconf 80' lang='grc'><strong><em>⁸</em></strong></span> 
     </span>
    </p>
   </div>
   <div class='ocr_carea' id='block_1_30' title="bbox 322 3189 1910 3263">
    <p class='ocr_par' dir='ltr' id='par_1_30' title="bbox 322 3189 1910 3263">
     <span class='ocr_line' id='line_1_30' title="bbox 322 3189 1910 3263; baseline 0.002 -18"><span class='ocrx_word' id='word_1_209' title='bbox 322 3193 542 3254; x_wconf 76' lang='grc' dir='ltr'>ἑαυτοῖς</span> <span class='ocrx_word' id='word_1_210' title='bbox 577 3189 687 3262; x_wconf 86' lang='grc' dir='ltr'>γὰρ</span> <span class='ocrx_word' id='word_1_211' title='bbox 730 3190 931 3260; x_wconf 86' lang='grc' dir='ltr'>μᾶλλον</span> <span class='ocrx_word' id='word_1_212' title='bbox 960 3189 992 3260; x_wconf 86' lang='grc' dir='ltr'>ἢ</span> <span class='ocrx_word' id='word_1_213' title='bbox 1028 3191 1110 3243; x_wconf 74' lang='grc' dir='ltr'>σοὶ</span> <span class='ocrx_word' id='word_1_214' title='bbox 1148 3190 1466 3263; x_wconf 78' lang='grc' dir='ltr'>χαριοῦνται</span> <span class='ocrx_word' id='word_1_215' title='bbox 1496 3193 1655 3248; x_wconf 87' lang='grc' dir='ltr'>τοῦτο</span> <span class='ocrx_word' id='word_1_216' title='bbox 1691 3195 1910 3249; x_wconf 87' lang='grc' dir='ltr'>ποιοῦν-</span> 
     </span>
    </p>
   </div>
   <div class='ocr_carea' id='block_1_31' title="bbox 322 3281 1912 3358">
    <p class='ocr_par' dir='ltr' id='par_1_31' title="bbox 322 3281 1912 3358">
     <span class='ocr_line' id='line_1_31' title="bbox 322 3281 1912 3358; baseline 0.002 -21"><span class='ocrx_word' id='word_1_217' title='bbox 322 3300 452 3346; x_wconf 88' lang='grc' dir='ltr'>τες·</span> <span class='ocrx_word' id='word_1_218' title='bbox 480 3282 544 3335; x_wconf 84' lang='grc' dir='ltr'>ἄν</span> <span class='ocrx_word' id='word_1_219' title='bbox 584 3299 646 3335; x_wconf 90' lang='grc' dir='ltr'>τε</span> <span class='ocrx_word' id='word_1_220' title='bbox 681 3282 742 3335; x_wconf 79' lang='grc' dir='ltr'>τὸ</span> <span class='ocrx_word' id='word_1_221' title='bbox 776 3281 1028 3350; x_wconf 87' lang='grc' dir='ltr'>δεύτερον</span> <span class='ocrx_word' id='word_1_222' title='bbox 1052 3323 1067 3347; x_wconf 94' lang='grc'>,</span> <span class='ocrx_word' id='word_1_223' title='bbox 1105 3283 1299 3354; x_wconf 79' lang='grc' dir='ltr'>ἑτέραν</span> <span class='ocrx_word' id='word_1_224' title='bbox 1334 3284 1455 3339; x_wconf 80' lang='grc' dir='ltr'>τινὰ</span> <span class='ocrx_word' id='word_1_225' title='bbox 1493 3286 1612 3339; x_wconf 82' lang='grc' dir='ltr'>ὁδὸν</span> <span class='ocrx_word' id='word_1_226' title='bbox 1648 3286 1912 3358; x_wconf 89' lang='grc' dir='ltr'>σύντομον</span> 
     </span>
    </p>
   </div>
   <div class='ocr_carea' id='block_1_32' title="bbox 323 3370 1915 3449">
    <p class='ocr_par' dir='ltr' id='par_1_32' title="bbox 323 3370 1915 3449">
     <span class='ocr_line' id='line_1_32' title="bbox 323 3370 1915 3449; baseline 0.004 -22"><span class='ocrx_word' id='word_1_227' title='bbox 323 3373 426 3427; x_wconf 75' lang='grc' dir='ltr'>καὶ</span> <span class='ocrx_word' id='word_1_228' title='bbox 453 3371 827 3444; x_wconf 76' lang='grc' dir='ltr'>εὐκολωτέραν</span> <span class='ocrx_word' id='word_1_229' title='bbox 853 3373 1253 3445; x_wconf 74' lang='grc' dir='ltr'>ἐπινοήσωμεν,</span> <span class='ocrx_word' id='word_1_230' title='bbox 1288 3374 1354 3427; x_wconf 73' lang='grc' dir='ltr'>δι’</span> <span class='ocrx_word' id='word_1_231' title='bbox 1382 3370 1450 3447; x_wconf 84' lang='grc' dir='ltr'>ἦς</span> <span class='ocrx_word' id='word_1_232' title='bbox 1484 3378 1702 3442; x_wconf 88' lang='grc' dir='ltr'>πάντως</span> <span class='ocrx_word' id='word_1_233' title='bbox 1730 3378 1915 3449; x_wconf 86' lang='grc' dir='ltr'>πάσης</span> 
     </span>
    </p>
   </div>
   <div class='ocr_carea' id='block_1_33' title="bbox 322 3462 1912 3540">
    <p class='ocr_par' dir='ltr' id='par_1_33' title="bbox 322 3462 1912 3540">
     <span class='ocr_line' id='line_1_33' title="bbox 322 3462 1912 3540; baseline 0.004 -21"><span class='ocrx_word' id='word_1_234' title='bbox 322 3464 609 3535; x_wconf 82' lang='grc' dir='ltr'>ἀπολαύσῃ</span> <span class='ocrx_word' id='word_1_235' title='bbox 640 3462 1015 3535; x_wconf 75' lang='grc' dir='ltr'>παραμυθίας,</span> <span class='ocrx_word' id='word_1_236' title='bbox 1048 3464 1124 3529; x_wconf 86' lang='grc' dir='ltr'>ὼς</span> <span class='ocrx_word' id='word_1_237' title='bbox 1169 3466 1227 3519; x_wconf 82' lang='grc' dir='ltr'>ὲν</span> <span class='ocrx_word' id='word_1_238' title='bbox 1272 3468 1514 3540; x_wconf 78' lang='grc' dir='ltr'>μηδεμιᾷ</span> <span class='ocrx_word' id='word_1_239' title='bbox 1556 3468 1695 3524; x_wconf 79' lang='grc' dir='ltr'>εἶναι</span> <span class='ocrx_word' id='word_1_240' title='bbox 1728 3488 1912 3524; x_wconf 79' lang='grc' dir='ltr'>στενο-</span> 
     </span>
    </p>
   </div>
   <div class='ocr_carea' id='block_1_34' title="bbox 322 3556 1912 3633">
    <p class='ocr_par' dir='ltr' id='par_1_34' title="bbox 322 3556 1912 3633">
     <span class='ocr_line' id='line_1_34' title="bbox 322 3556 1912 3633; baseline 0.004 -25"><span class='ocrx_word' id='word_1_241' title='bbox 322 3556 525 3630; x_wconf 68' lang='grc' dir='ltr'>χωρίᾳ.</span> <span class='ocrx_word' id='word_1_242' title='bbox 563 3558 726 3628; x_wconf 85' lang='grc' dir='ltr'>Ἰῐμῖν</span> <span class='ocrx_word' id='word_1_243' title='bbox 772 3558 881 3630; x_wconf 78' lang='lat'>7&amp;9</span> <span class='ocrx_word' id='word_1_244' title='bbox 916 3560 1101 3623; x_wconf 89' lang='grc' dir='ltr'>αὐτοῖς</span> <span class='ocrx_word' id='word_1_245' title='bbox 1155 3559 1223 3613; x_wconf 84' lang='grc' dir='ltr'>τὰ</span> <span class='ocrx_word' id='word_1_246' title='bbox 1274 3560 1506 3631; x_wconf 76' lang='grc' dir='ltr'>μέγιστα</span> <span class='ocrx_word' id='word_1_247' title='bbox 1539 3561 1912 3633; x_wconf 87' lang='grc' dir='ltr'>χαριούμεθα,</span> 
     </span>
    </p>
   </div>
   <div class='ocr_carea' id='block_1_35' title="bbox 322 3648 1915 3726">
    <p class='ocr_par' dir='ltr' id='par_1_35' title="bbox 322 3648 1915 3726">
     <span class='ocr_line' id='line_1_35' title="bbox 322 3648 1915 3726; baseline 0.005 -26"><span class='ocrx_word' id='word_1_248' title='bbox 322 3650 429 3717; x_wconf 83' lang='grc' dir='ltr'>τῆς</span> <span class='ocrx_word' id='word_1_249' title='bbox 471 3648 727 3716; x_wconf 77' lang='grc' dir='ltr'>εὐγενοῦς</span> <span class='ocrx_word' id='word_1_250' title='bbox 759 3667 853 3702; x_wconf 94' lang='grc' dir='ltr'>σου</span> <span class='ocrx_word' id='word_1_251' title='bbox 890 3652 985 3704; x_wconf 75' lang='grc' dir='ltr'>καὶ</span> <span class='ocrx_word' id='word_1_252' title='bbox 1033 3650 1326 3723; x_wconf 78' lang='grc' dir='ltr'>ἐλευθέρας</span> <span class='ocrx_word' id='word_1_253' title='bbox 1362 3651 1504 3706; x_wconf 79' lang='grc' dir='ltr'>οὕτω</span> <span class='ocrx_word' id='word_1_254' title='bbox 1534 3653 1915 3726; x_wconf 77' lang='grc' dir='ltr'>φροντίζοντες</span> 
     </span>
    </p>
   </div>
   <div class='ocr_carea' id='block_1_36' title="bbox 324 3739 1916 3816">
    <p class='ocr_par' dir='ltr' id='par_1_36' title="bbox 324 3739 1916 3816">
     <span class='ocr_line' id='line_1_36' title="bbox 324 3739 1916 3816; baseline 0.006 -26"><span class='ocrx_word' id='word_1_255' title='bbox 324 3739 527 3809; x_wconf 69' lang='grc' dir='ltr'>ψυχῆς.</span> <span class='ocrx_word' id='word_1_256' title='bbox 560 3739 671 3793; x_wconf 79' lang='grc' dir='ltr'>Καὶ</span> <span class='ocrx_word' id='word_1_257' title='bbox 697 3741 875 3810; x_wconf 76' lang='grc' dir='ltr'>γράφε</span> <span class='ocrx_word' id='word_1_258' title='bbox 913 3742 1150 3812; x_wconf 87' lang='grc' dir='ltr'>συνεχῶς</span> <span class='ocrx_word' id='word_1_259' title='bbox 1170 3745 1326 3813; x_wconf 85' lang='grc' dir='ltr'>ἡμῖν,</span> <span class='ocrx_word' id='word_1_260' title='bbox 1350 3743 1420 3797; x_wconf 85' lang='grc' dir='ltr'>τὰ</span> <span class='ocrx_word' id='word_1_261' title='bbox 1445 3744 1575 3815; x_wconf 80' lang='grc' dir='ltr'>περὶ</span> <span class='ocrx_word' id='word_1_262' title='bbox 1600 3745 1701 3816; x_wconf 82' lang='grc' dir='ltr'>τῆς</span> <span class='ocrx_word' id='word_1_263' title='bbox 1726 3746 1916 3815; x_wconf 85' lang='grc' dir='ltr'>ὑγείας</span> 
     </span>
    </p>
   </div>
   <div class='ocr_carea' id='block_1_37' title="bbox 323 3831 1835 3907">
    <p class='ocr_par' dir='ltr' id='par_1_37' title="bbox 323 3831 1835 3907">
     <span class='ocr_line' id='line_1_37' title="bbox 323 3831 1835 3907; baseline 0.007 -25"><span class='ocrx_word' id='word_1_264' title='bbox 323 3831 432 3899; x_wconf 68' lang='grc' dir='ltr'>τῆς</span> <span class='ocrx_word' id='word_1_265' title='bbox 461 3831 577 3901; x_wconf 80' lang='grc' dir='ltr'>σῆς,</span> <span class='ocrx_word' id='word_1_266' title='bbox 610 3832 832 3904; x_wconf 75' lang='grc' dir='ltr'>καὶτῆς</span> <span class='ocrx_word' id='word_1_267' title='bbox 873 3833 1279 3905; x_wconf 89' lang='grc' dir='ltr'>εὐδοκιμήσεως</span> <span class='ocrx_word' id='word_1_268' title='bbox 1327 3836 1835 3907; x_wconf 75' lang='grc' dir='ltr'>εὐαγγελιζόμενος.</span> 
     </span>
    </p>
   </div>
   <div class='ocr_carea' id='block_1_38' title="bbox 825 3960 1413 4029">
    <p class='ocr_par' dir='ltr' id='par_1_38' title="bbox 825 3960 1413 4029">
     <span class='ocr_line' id='line_1_38' title="bbox 825 3960 1413 4029; baseline 0.005 -14"><span class='ocrx_word' id='word_1_269' title='bbox 825 3960 994 4029; x_wconf 72' lang='lat' dir='ltr'>qu&#39;.</span> <span class='ocrx_word' id='word_1_270' title='bbox 1052 3963 1413 4026; x_wconf 76' lang='grc' dir='ltr'>Βαλεντίνῳ.</span> 
     </span>
    </p>
   </div>
   <div class='ocr_carea' id='block_1_39' title="bbox 400 4070 1909 4147">
    <p class='ocr_par' dir='ltr' id='par_1_39' title="bbox 400 4070 1909 4147">
     <span class='ocr_line' id='line_1_39' title="bbox 400 4070 1909 4147; baseline 0.004 -23"><span class='ocrx_word' id='word_1_271' title='bbox 400 4070 469 4124; x_wconf 87' lang='grc' dir='ltr'>Τί</span> <span class='ocrx_word' id='word_1_272' title='bbox 505 4070 701 4135; x_wconf 85' lang='grc' dir='ltr'>τοῦτο;</span> <span class='ocrx_word' id='word_1_273' title='bbox 742 4070 912 4135; x_wconf 75' lang='grc' dir='ltr'>Εἰδὼς</span> <span class='ocrx_word' id='word_1_274' title='bbox 944 4072 1094 4136; x_wconf 82' lang='grc' dir='ltr'>ὅπως</span> <span class='ocrx_word' id='word_1_275' title='bbox 1119 4090 1213 4126; x_wconf 91' lang='grc' dir='ltr'>σου</span> <span class='ocrx_word' id='word_1_276' title='bbox 1237 4075 1501 4147; x_wconf 87' lang='grc' dir='ltr'>χαίρομεν</span> <span class='ocrx_word' id='word_1_277' title='bbox 1532 4078 1643 4140; x_wconf 86' lang='grc' dir='ltr'>τοῖς</span> <span class='ocrx_word' id='word_1_278' title='bbox 1663 4076 1909 4145; x_wconf 81' lang='grc' dir='ltr'>ἀγαθοῖς,</span> 
     </span>
    </p>
   </div>
   <div class='ocr_carea' id='block_1_40' title="bbox 326 4161 1914 4242">
    <p class='ocr_par' dir='ltr' id='par_1_40' title="bbox 326 4161 1914 4242">
     <span class='ocr_line' id='line_1_40' title="bbox 326 4161 1914 4242; baseline 0.005 -25"><span class='ocrx_word' id='word_1_279' title='bbox 326 4162 429 4217; x_wconf 72' lang='grc' dir='ltr'>καὶ</span> <span class='ocrx_word' id='word_1_280' title='bbox 455 4161 766 4234; x_wconf 78' lang='grc' dir='ltr'>σκιρτῶμεν</span> <span class='ocrx_word' id='word_1_281' title='bbox 793 4165 886 4217; x_wconf 75' lang='grc' dir='ltr'>ἐπὶ</span> <span class='ocrx_word' id='word_1_282' title='bbox 915 4167 1034 4229; x_wconf 86' lang='grc' dir='ltr'>ταῖς</span> <span class='ocrx_word' id='word_1_283' title='bbox 1069 4167 1191 4231; x_wconf 82' lang='grc' dir='ltr'>σαῖς</span> <span class='ocrx_word' id='word_1_284' title='bbox 1224 4168 1634 4239; x_wconf 80' lang='grc' dir='ltr'>εὐδοκιμήσεσι,</span> <span class='ocrx_word' id='word_1_285' title='bbox 1666 4171 1763 4224; x_wconf 75' lang='grc' dir='ltr'>καὶ</span> <span class='ocrx_word' id='word_1_286' title='bbox 1808 4171 1914 4242; x_wconf 76' lang='grc' dir='ltr'>πρὸ</span> 
     </span>
    </p>
   </div>
   <div class='ocr_carea' id='block_1_41' title="bbox 327 4257 1911 4333">
    <p class='ocr_par' dir='ltr' id='par_1_41' title="bbox 327 4257 1911 4333">
     <span class='ocr_line' id='line_1_41' title="bbox 327 4257 1911 4333; baseline 0.004 -23"><span class='ocrx_word' id='word_1_287' title='bbox 327 4257 553 4310; x_wconf 81' lang='grc' dir='ltr'>πάντων</span> <span class='ocrx_word' id='word_1_288' title='bbox 588 4257 819 4327; x_wconf 83' lang='grc' dir='ltr'>ὀφείλων</span> <span class='ocrx_word' id='word_1_289' title='bbox 842 4258 972 4328; x_wconf 86' lang='grc' dir='ltr'>ἡμῖν</span> <span class='ocrx_word' id='word_1_290' title='bbox 1001 4257 1238 4329; x_wconf 86' lang='grc' dir='ltr'>δηλῶσαι</span> <span class='ocrx_word' id='word_1_291' title='bbox 1261 4262 1360 4330; x_wconf 86' lang='grc' dir='ltr'>τῆς</span> <span class='ocrx_word' id='word_1_292' title='bbox 1385 4260 1549 4332; x_wconf 80' lang='grc' dir='ltr'>τιμῆς</span> <span class='ocrx_word' id='word_1_293' title='bbox 1572 4262 1635 4315; x_wconf 80' lang='grc' dir='ltr'>τὸ</span> <span class='ocrx_word' id='word_1_294' title='bbox 1663 4261 1911 4333; x_wconf 89' lang='grc' dir='ltr'>μέγεθος,</span> 
     </span>
    </p>
   </div>
   <div class='ocr_carea' id='block_1_42' title="bbox 326 4338 1913 4427">
    <p class='ocr_par' dir='ltr' id='par_1_42' title="bbox 326 4338 1913 4427">
     <span class='ocr_line' id='line_1_42' title="bbox 326 4338 1913 4427; baseline 0.004 -25"><span class='ocrx_word' id='word_1_295' title='bbox 326 4351 412 4413; x_wconf 78' lang='grc' dir='ltr'>εἰς</span> <span class='ocrx_word' id='word_1_296' title='bbox 448 4338 601 4401; x_wconf 18' lang='grc' dir='ltr'>ὄτνῠν</span> <span class='ocrx_word' id='word_1_297' title='bbox 652 4349 880 4417; x_wconf 80' lang='grc' dir='ltr'>ἀνέϐης,</span> <span class='ocrx_word' id='word_1_298' title='bbox 917 4349 1218 4419; x_wconf 71' lang='grc' dir='ltr'>ὑπέμεινας</span> <span class='ocrx_word' id='word_1_299' title='bbox 1268 4353 1418 4423; x_wconf 80' lang='grc' dir='ltr'>ἡμᾶς</span> <span class='ocrx_word' id='word_1_300' title='bbox 1477 4354 1743 4424; x_wconf 84' lang='grc' dir='ltr'>πρότερον</span> <span class='ocrx_word' id='word_1_301' title='bbox 1782 4356 1913 4427; x_wconf 84' lang='grc' dir='ltr'>παρ’</span> 
     </span>
    </p>
   </div>
   <div class='ocr_carea' id='block_1_43' title="bbox 327 4441 1915 4513">
    <p class='ocr_par' dir='ltr' id='par_1_43' title="bbox 327 4441 1915 4513">
     <span class='ocr_line' id='line_1_43' title="bbox 327 4441 1915 4513; baseline 0.003 -18"><span class='ocrx_word' id='word_1_302' title='bbox 327 4441 540 4511; x_wconf 68' lang='grc' dir='ltr'>ἑτέρων</span> <span class='ocrx_word' id='word_1_303' title='bbox 594 4441 787 4511; x_wconf 87' lang='grc' dir='ltr'>μαθεῖν</span> <span class='ocrx_word' id='word_1_304' title='bbox 835 4441 994 4494; x_wconf 83' lang='grc' dir='ltr'>τοῦτο</span> <span class='ocrx_word' id='word_1_305' title='bbox 1019 4482 1035 4507; x_wconf 96' lang='grc'>,</span> <span class='ocrx_word' id='word_1_306' title='bbox 1065 4442 1161 4503; x_wconf 73' lang='grc' dir='ltr'>καὶ</span> <span class='ocrx_word' id='word_1_307' title='bbox 1190 4442 1251 4495; x_wconf 90' lang='grc' dir='ltr'>οὐ</span> <span class='ocrx_word' id='word_1_308' title='bbox 1297 4444 1540 4513; x_wconf 80' lang='grc' dir='ltr'>νομίζεις</span> <span class='ocrx_word' id='word_1_309' title='bbox 1580 4444 1790 4499; x_wconf 85' lang='grc' dir='ltr'>δεῖσθαί</span> <span class='ocrx_word' id='word_1_310' title='bbox 1830 4464 1915 4501; x_wconf 83' lang='grc' dir='ltr'>σοι</span> 
     </span>
    </p>
   </div>
   <div class='ocr_carea' id='block_1_44' title="bbox 330 4531 1915 4605">
    <p class='ocr_par' dir='ltr' id='par_1_44' title="bbox 330 4531 1915 4605">
     <span class='ocr_line' id='line_1_44' title="bbox 330 4531 1915 4605; baseline 0.004 -20"><span class='ocrx_word' id='word_1_311' title='bbox 330 4531 535 4601; x_wconf 76' lang='grc' dir='ltr'>πολλῆς</span> <span class='ocrx_word' id='word_1_312' title='bbox 556 4533 638 4593; x_wconf 82' lang='grc' dir='ltr'>εἰς</span> <span class='ocrx_word' id='word_1_313' title='bbox 659 4532 816 4585; x_wconf 86' lang='grc' dir='ltr'>τοῦτο</span> <span class='ocrx_word' id='word_1_314' title='bbox 844 4532 1144 4602; x_wconf 85' lang='grc' dir='ltr'>ἀπολογίας</span> <span class='ocrx_word' id='word_1_315' title='bbox 1179 4536 1224 4600; x_wconf 83' lang='lat'>“,</span> <span class='ocrx_word' id='word_1_316' title='bbox 1249 4534 1332 4588; x_wconf 82' lang='grc' dir='ltr'>ὅτι</span> <span class='ocrx_word' id='word_1_317' title='bbox 1359 4533 1614 4605; x_wconf 75' lang='grc' dir='ltr'>ἠνέσχου,</span> <span class='ocrx_word' id='word_1_318' title='bbox 1649 4536 1711 4589; x_wconf 89' lang='grc' dir='ltr'>τό</span> <span class='ocrx_word' id='word_1_319' title='bbox 1729 4552 1793 4605; x_wconf 87' lang='grc' dir='ltr'>γε</span> <span class='ocrx_word' id='word_1_320' title='bbox 1821 4538 1915 4592; x_wconf 82' lang='grc' dir='ltr'>σὸν</span> 
     </span>
    </p>
   </div>
   <div class='ocr_carea' id='block_1_45' title="bbox 333 4622 1915 4701">
    <p class='ocr_par' dir='ltr' id='par_1_45' title="bbox 333 4622 1915 4701">
     <span class='ocr_line' id='line_1_45' title="bbox 333 4622 1915 4701; baseline 0.005 -25"><span class='ocrx_word' id='word_1_321' title='bbox 333 4622 525 4693; x_wconf 76' lang='grc' dir='ltr'>μέρος,</span> <span class='ocrx_word' id='word_1_322' title='bbox 557 4622 812 4677; x_wconf 84' lang='grc' dir='ltr'>τοσοῦτον</span> <span class='ocrx_word' id='word_1_323' title='bbox 853 4624 1047 4694; x_wconf 88' lang='grc' dir='ltr'>χρόνον</span> <span class='ocrx_word' id='word_1_324' title='bbox 1072 4626 1221 4696; x_wconf 78' lang='grc' dir='ltr'>ἡμᾶς</span> <span class='ocrx_word' id='word_1_325' title='bbox 1263 4624 1538 4697; x_wconf 81' lang='grc' dir='ltr'>ζημιῶσαι</span> <span class='ocrx_word' id='word_1_326' title='bbox 1575 4627 1915 4701; x_wconf 83' lang='grc' dir='ltr'>εὐφροσύνης</span> 
     </span>
    </p>
   </div>
   <div class='ocr_carea' id='block_1_46' title="bbox 335 4711 1917 4788">
    <p class='ocr_par' dir='ltr' id='par_1_46' title="bbox 335 4711 1917 4788">
     <span class='ocr_line' id='line_1_46' title="bbox 335 4711 1917 4788; baseline 0.005 -22"><span class='ocrx_word' id='word_1_327' title='bbox 335 4711 570 4784; x_wconf 79' lang='grc' dir='ltr'>μέγεθος</span> <span class='ocrx_word' id='word_1_328' title='bbox 619 4712 976 4783; x_wconf 81' lang='grc' dir='ltr'>τηλικοῦτον;</span> <span class='ocrx_word' id='word_1_329' title='bbox 1031 4715 1106 4769; x_wconf 78' lang='grc' dir='ltr'>Τὸ</span> <span class='ocrx_word' id='word_1_330' title='bbox 1152 4714 1252 4786; x_wconf 72' lang='grc' dir='ltr'>μὲν</span> <span class='ocrx_word' id='word_1_331' title='bbox 1289 4716 1395 4786; x_wconf 85' lang='grc' dir='ltr'>γὰρ</span> <span class='ocrx_word' id='word_1_332' title='bbox 1448 4714 1666 4788; x_wconf 82' lang='grc' dir='ltr'>ἀξίωμά</span> <span class='ocrx_word' id='word_1_333' title='bbox 1716 4735 1811 4772; x_wconf 85' lang='grc' dir='ltr'>σου</span> <span class='ocrx_word' id='word_1_334' title='bbox 1852 4720 1917 4774; x_wconf 81' lang='grc' dir='ltr'>τὸ</span> 
     </span>
    </p>
   </div>
   <div class='ocr_carea' id='block_1_47' title="bbox 332 4802 1913 4880">
    <p class='ocr_par' dir='ltr' id='par_1_47' title="bbox 332 4802 1913 4880">
     <span class='ocr_line' id='line_1_47' title="bbox 332 4802 1913 4880; baseline 0.004 -22"><span class='ocrx_word' id='word_1_335' title='bbox 332 4802 555 4872; x_wconf 78' lang='grc' dir='ltr'>ἀληθὲς,</span> <span class='ocrx_word' id='word_1_336' title='bbox 592 4804 689 4858; x_wconf 84' lang='grc' dir='ltr'>καὶ</span> <span class='ocrx_word' id='word_1_337' title='bbox 724 4807 759 4875; x_wconf 83' lang='grc' dir='ltr'>ἡ</span> <span class='ocrx_word' id='word_1_338' title='bbox 800 4807 1033 4878; x_wconf 75' lang='grc' dir='ltr'>μεγίστη</span> <span class='ocrx_word' id='word_1_339' title='bbox 1067 4824 1162 4862; x_wconf 86' lang='grc' dir='ltr'>σου</span> <span class='ocrx_word' id='word_1_340' title='bbox 1203 4806 1346 4879; x_wconf 83' lang='grc' dir='ltr'>ἀρχὴ</span> <span class='ocrx_word' id='word_1_341' title='bbox 1371 4849 1386 4873; x_wconf 95' lang='grc'>,</span> <span class='ocrx_word' id='word_1_342' title='bbox 1430 4807 1535 4879; x_wconf 82' lang='grc' dir='ltr'>τῆς</span> <span class='ocrx_word' id='word_1_343' title='bbox 1586 4808 1768 4880; x_wconf 80' lang='grc' dir='ltr'>ψυχῆς</span> <span class='ocrx_word' id='word_1_344' title='bbox 1818 4811 1913 4865; x_wconf 90' lang='grc' dir='ltr'>σού</span> 
     </span>
    </p>
   </div>
   <div class='ocr_carea' id='block_1_48' title="bbox 333 4894 1916 4972">
    <p class='ocr_par' dir='ltr' id='par_1_48' title="bbox 333 4894 1916 4972">
     <span class='ocr_line' id='line_1_48' title="bbox 333 4894 1916 4972; baseline 0.003 -22"><span class='ocrx_word' id='word_1_345' title='bbox 333 4894 485 4969; x_wconf 82' lang='grc'>[658]</span> <span class='ocrx_word' id='word_1_346' title='bbox 517 4898 664 4950; x_wconf 71' lang='grc' dir='ltr'>ἐστιν</span> <span class='ocrx_word' id='word_1_347' title='bbox 702 4894 735 4969; x_wconf 79' lang='grc' dir='ltr'>ἡ</span> <span class='ocrx_word' id='word_1_348' title='bbox 781 4898 971 4969; x_wconf 78' lang='grc' dir='ltr'>ἀρετή.</span> <span class='ocrx_word' id='word_1_349' title='bbox 1006 4899 1149 4954; x_wconf 80' lang='grc' dir='ltr'>Ἀλλ’</span> <span class='ocrx_word' id='word_1_350' title='bbox 1179 4899 1369 4972; x_wconf 76' lang='grc' dir='ltr'>ἐπειδὴ</span> <span class='ocrx_word' id='word_1_351' title='bbox 1404 4900 1499 4955; x_wconf 72' lang='grc' dir='ltr'>καὶ</span> <span class='ocrx_word' id='word_1_352' title='bbox 1538 4901 1751 4966; x_wconf 88' lang='grc' dir='ltr'>τούτοις</span> <span class='ocrx_word' id='word_1_353' title='bbox 1800 4904 1916 4967; x_wconf 86' lang='grc' dir='ltr'>τοῖς</span> 
     </span>
    </p>
   </div>
   <div class='ocr_carea' id='block_1_49' title="bbox 332 4987 1918 5066">
    <p class='ocr_par' dir='ltr' id='par_1_49' title="bbox 332 4987 1918 5066">
     <span class='ocr_line' id='line_1_49' title="bbox 332 4987 1918 5066; baseline 0.001 -22"><span class='ocrx_word' id='word_1_354' title='bbox 332 4987 609 5059; x_wconf 82' lang='grc' dir='ltr'>βιωτικοῖς</span> <span class='ocrx_word' id='word_1_355' title='bbox 633 4991 714 5053; x_wconf 84' lang='grc' dir='ltr'>είς</span> <span class='ocrx_word' id='word_1_356' title='bbox 746 4991 847 5063; x_wconf 83' lang='grc' dir='ltr'>τὴν</span> <span class='ocrx_word' id='word_1_357' title='bbox 876 4991 1090 5064; x_wconf 68' lang='grc' dir='ltr'>ἐκείνης</span> <span class='ocrx_word' id='word_1_358' title='bbox 1121 4991 1393 5061; x_wconf 74' lang='grc' dir='ltr'>ὠφέλειαν</span> <span class='ocrx_word' id='word_1_359' title='bbox 1422 4992 1725 5065; x_wconf 83' lang='grc' dir='ltr'>κεχρῆσθαι</span> <span class='ocrx_word' id='word_1_360' title='bbox 1755 5010 1918 5066; x_wconf 79' lang='grc' dir='ltr'>μεμεο</span> 
     </span>
    </p>
   </div>
   <div class='ocr_carea' id='block_1_50' title="bbox 327 5080 1919 5157">
    <p class='ocr_par' dir='ltr' id='par_1_50' title="bbox 327 5080 1919 5157">
     <span class='ocr_line' id='line_1_50' title="bbox 327 5080 1919 5157; baseline 0.003 -23"><span class='ocrx_word' id='word_1_361' title='bbox 327 5080 566 5151; x_wconf 86' lang='grc' dir='ltr'>λέτηκας</span> <span class='ocrx_word' id='word_1_362' title='bbox 590 5118 609 5145; x_wconf 91' lang='grc'>,</span> <span class='ocrx_word' id='word_1_363' title='bbox 642 5083 738 5137; x_wconf 76' lang='grc' dir='ltr'>καὶ</span> <span class='ocrx_word' id='word_1_364' title='bbox 778 5084 889 5153; x_wconf 84' lang='grc' dir='ltr'>ὅσῳ</span> <span class='ocrx_word' id='word_1_365' title='bbox 930 5081 996 5137; x_wconf 81' lang='grc' dir='ltr'>ἂν</span> <span class='ocrx_word' id='word_1_366' title='bbox 1040 5082 1175 5155; x_wconf 78' lang='grc' dir='ltr'>γένῃ</span> <span class='ocrx_word' id='word_1_367' title='bbox 1218 5083 1627 5157; x_wconf 79' lang='grc' dir='ltr'>δυνατώτερος,</span> <span class='ocrx_word' id='word_1_368' title='bbox 1674 5083 1919 5156; x_wconf 84' lang='grc' dir='ltr'>τοσούτῳ</span> 
     </span>
    </p>
   </div>
   <div class='ocr_carea' id='block_1_51' title="bbox 324 5174 1919 5250">
    <p class='ocr_par' dir='ltr' id='par_1_51' title="bbox 324 5174 1919 5250">
     <span class='ocr_line' id='line_1_51' title="bbox 324 5174 1919 5250; baseline 0.003 -21"><span class='ocrx_word' id='word_1_369' title='bbox 324 5174 494 5247; x_wconf 76' lang='grc' dir='ltr'>λιμὴν</span> <span class='ocrx_word' id='word_1_370' title='bbox 524 5175 811 5250; x_wconf 79' lang='grc' dir='ltr'>εὐρύτερος</span> <span class='ocrx_word' id='word_1_371' title='bbox 839 5179 950 5241; x_wconf 84' lang='grc' dir='ltr'>τοῖς</span> <span class='ocrx_word' id='word_1_372' title='bbox 976 5176 1247 5248; x_wconf 79' lang='grc' dir='ltr'>δεομένοις</span> <span class='ocrx_word' id='word_1_373' title='bbox 1271 5177 1614 5243; x_wconf 86' lang='grc' dir='ltr'>καθίστασαι,</span> <span class='ocrx_word' id='word_1_374' title='bbox 1643 5178 1730 5232; x_wconf 77' lang='grc' dir='ltr'>διὰ</span> <span class='ocrx_word' id='word_1_375' title='bbox 1758 5178 1919 5233; x_wconf 86' lang='grc' dir='ltr'>τοῦτο</span> 
     </span>
    </p>
   </div>
   <div class='ocr_carea' id='block_1_52' title="bbox 326 5260 1919 5340">
    <p class='ocr_par' dir='ltr' id='par_1_52' title="bbox 326 5260 1919 5340">
     <span class='ocr_line' id='line_1_52' title="bbox 326 5260 1919 5340; baseline -0.001 -15"><span class='ocrx_word' id='word_1_376' title='bbox 326 5264 427 5325; x_wconf 76' lang='grc' dir='ltr'>νῦν</span> <span class='ocrx_word' id='word_1_377' title='bbox 456 5267 741 5340; x_wconf 82' lang='grc' dir='ltr'>χαίρομεν,</span> <span class='ocrx_word' id='word_1_378' title='bbox 784 5269 879 5323; x_wconf 79' lang='grc' dir='ltr'>καὶ</span> <span class='ocrx_word' id='word_1_379' title='bbox 926 5270 1256 5340; x_wconf 88' lang='grc' dir='ltr'>σκιρτῶμεν,</span> <span class='ocrx_word' id='word_1_380' title='bbox 1304 5270 1417 5324; x_wconf 85' lang='grc' dir='ltr'>ἀλλ’</span> <span class='ocrx_word' id='word_1_381' title='bbox 1442 5271 1594 5340; x_wconf 80' lang='grc' dir='ltr'>ὅμως</span> <span class='ocrx_word' id='word_1_382' title='bbox 1633 5271 1735 5324; x_wconf 88' lang='grc' dir='ltr'>οὐκ</span> <span class='ocrx_word' id='word_1_383' title='bbox 1763 5260 1919 5340; x_wconf 80' lang='grc' dir='ltr'>ἀφίε-</span> 
     </span>
    </p>
   </div>
   <div class='ocr_carea' id='block_1_53' title="bbox 332 5359 1918 5434">
    <p class='ocr_par' dir='ltr' id='par_1_53' title="bbox 332 5359 1918 5434">
     <span class='ocr_line' id='line_1_53' title="bbox 332 5359 1918 5434; baseline 0.001 -20"><span class='ocrx_word' id='word_1_384' title='bbox 332 5360 434 5432; x_wconf 76' lang='grc' dir='ltr'>μέν</span> <span class='ocrx_word' id='word_1_385' title='bbox 463 5377 523 5414; x_wconf 82' lang='grc' dir='ltr'>σε</span> <span class='ocrx_word' id='word_1_386' title='bbox 570 5360 666 5416; x_wconf 86' lang='grc' dir='ltr'>τοῦ</span> <span class='ocrx_word' id='word_1_387' title='bbox 709 5363 808 5433; x_wconf 82' lang='grc' dir='ltr'>τῆς</span> <span class='ocrx_word' id='word_1_388' title='bbox 856 5364 1013 5433; x_wconf 85' lang='grc' dir='ltr'>σιγῆς</span> <span class='ocrx_word' id='word_1_389' title='bbox 1046 5362 1408 5434; x_wconf 71' lang='grc' dir='ltr'>ἐγκλήματος.</span> <span class='ocrx_word' id='word_1_390' title='bbox 1467 5362 1592 5426; x_wconf 88' lang='grc' dir='ltr'>Πῶς</span> <span class='ocrx_word' id='word_1_391' title='bbox 1637 5359 1733 5416; x_wconf 81' lang='grc' dir='ltr'>οὖν</span> <span class='ocrx_word' id='word_1_392' title='bbox 1787 5362 1918 5432; x_wconf 88' lang='grc' dir='ltr'>ἡμῖν</span> 
     </span>
    </p>
   </div>
   <div class='ocr_carea' id='block_1_54' title="bbox 327 5454 1920 5527">
    <p class='ocr_par' dir='ltr' id='par_1_54' title="bbox 327 5454 1920 5527">
     <span class='ocr_line' id='line_1_54' title="bbox 327 5454 1920 5527; baseline 0.001 -18"><span class='ocrx_word' id='word_1_393' title='bbox 327 5454 645 5527; x_wconf 70' lang='grc' dir='ltr'>ἀπολογήσῃ</span> <span class='ocrx_word' id='word_1_394' title='bbox 673 5454 851 5519; x_wconf 80' lang='grc' dir='ltr'>καλῶς</span> <span class='ocrx_word' id='word_1_395' title='bbox 874 5471 887 5518; x_wconf 90' lang='lat'>;</span> <span class='ocrx_word' id='word_1_396' title='bbox 912 5455 988 5527; x_wconf 76' lang='grc' dir='ltr'><strong>τῇ</strong></span> <span class='ocrx_word' id='word_1_397' title='bbox 1020 5455 1315 5526; x_wconf 83' lang='grc' dir='ltr'>πυκνότητι</span> <span class='ocrx_word' id='word_1_398' title='bbox 1343 5454 1451 5509; x_wconf 86' lang='grc' dir='ltr'>τῶν</span> <span class='ocrx_word' id='word_1_399' title='bbox 1473 5454 1793 5520; x_wconf 71' lang='grc' dir='ltr'>ἐπιστολῶν,</span> <span class='ocrx_word' id='word_1_400' title='bbox 1824 5455 1920 5510; x_wconf 77' lang='grc' dir='ltr'>καὶ</span> 
     </span>
    </p>
   </div>
   <div class='ocr_carea' id='block_1_55' title="bbox 327 5544 1967 5623">
    <p class='ocr_par' dir='ltr' id='par_1_55' title="bbox 327 5544 1967 5623">
     <span class='ocr_line' id='line_1_55' title="bbox 327 5544 1967 5623; baseline 0 -22"><span class='ocrx_word' id='word_1_401' title='bbox 327 5544 410 5617; x_wconf 77' lang='grc' dir='ltr'>τῷ</span> <span class='ocrx_word' id='word_1_402' title='bbox 441 5547 681 5618; x_wconf 86' lang='grc' dir='ltr'>συνεχῶς</span> <span class='ocrx_word' id='word_1_403' title='bbox 708 5547 778 5601; x_wconf 82' lang='grc' dir='ltr'>τὰ</span> <span class='ocrx_word' id='word_1_404' title='bbox 803 5548 931 5619; x_wconf 77' lang='grc' dir='ltr'>περὶ</span> <span class='ocrx_word' id='word_1_405' title='bbox 967 5548 1068 5617; x_wconf 77' lang='grc' dir='ltr'>τῆς</span> <span class='ocrx_word' id='word_1_406' title='bbox 1091 5547 1277 5617; x_wconf 78' lang='grc' dir='ltr'>ὑγείας</span> <span class='ocrx_word' id='word_1_407' title='bbox 1305 5548 1437 5619; x_wconf 87' lang='grc' dir='ltr'>ἡμῖν</span> <span class='ocrx_word' id='word_1_408' title='bbox 1465 5548 1659 5619; x_wconf 84' lang='grc' dir='ltr'>δηλοῦν</span> <span class='ocrx_word' id='word_1_409' title='bbox 1687 5549 1789 5619; x_wconf 77' lang='grc' dir='ltr'>τῆς</span> <span class='ocrx_word' id='word_1_410' title='bbox 1815 5548 1919 5619; x_wconf 86' lang='grc' dir='ltr'>σῆς</span> <span class='ocrx_word' id='word_1_411' title='bbox 1953 5616 1967 5623; x_wconf 40' lang='grc' dir='ltr'><strong><em>ο</em></strong></span> 
     </span>
    </p>
   </div>
   <div class='ocr_carea' id='block_1_56' title="bbox 388 5713 1193 5780">
    <p class='ocr_par' dir='ltr' id='par_1_56' title="bbox 388 5713 1193 5780">
     <span class='ocr_line' id='line_1_56' title="bbox 388 5713 1193 5780; baseline -0.005 -13"><span class='ocrx_word' id='word_1_412' title='bbox 388 5717 421 5780; x_wconf 57' lang='grc' dir='ltr'><strong><em>ξ</em></strong></span> <span class='ocrx_word' id='word_1_413' title='bbox 444 5713 657 5780; x_wconf 65' lang='lat' dir='ltr'>Fabricii</span> <span class='ocrx_word' id='word_1_414' title='bbox 677 5716 831 5780; x_wconf 61' lang='lat' dir='ltr'>codex</span> <span class='ocrx_word' id='word_1_415' title='bbox 865 5716 1193 5780; x_wconf 63' lang='lat' dir='ltr'>’Agﬁrxpctov,</span> 
     </span>
    </p>
   </div>
   <div class='ocr_carea' id='block_1_57' title="bbox 392 5774 1429 5840">
    <p class='ocr_par' dir='ltr' id='par_1_57' title="bbox 392 5774 1429 5840">
     <span class='ocr_line' id='line_1_57' title="bbox 392 5774 1429 5840; baseline -0.001 -13"><span class='ocrx_word' id='word_1_416' title='bbox 392 5774 425 5816; x_wconf 72' lang='grc' dir='ltr'>ι’</span> <span class='ocrx_word' id='word_1_417' title='bbox 449 5779 487 5827; x_wconf 87' lang='grc' dir='ltr'>Τ</span> <span class='ocrx_word' id='word_1_418' title='bbox 494 5792 586 5840; x_wconf 17' lang='lat' dir='ltr'>resA</span> <span class='ocrx_word' id='word_1_419' title='bbox 598 5791 713 5827; x_wconf 83' lang='lat' dir='ltr'>mss.</span> <span class='ocrx_word' id='word_1_420' title='bbox 739 5777 797 5827; x_wconf 78' lang='grc' dir='ltr'>ἂν</span> <span class='ocrx_word' id='word_1_421' title='bbox 821 5794 874 5836; x_wconf 75' lang='grc' dir='ltr'>τε</span> <span class='ocrx_word' id='word_1_422' title='bbox 894 5778 975 5827; x_wconf 76' lang='grc' dir='ltr'>οὖν</span> <span class='ocrx_word' id='word_1_423' title='bbox 994 5774 1185 5840; x_wconf 65' lang='grc' dir='ltr'>γένηταί</span> <span class='ocrx_word' id='word_1_424' title='bbox 1207 5794 1252 5825; x_wconf 87' lang='grc' dir='ltr'>τι</span> <span class='ocrx_word' id='word_1_425' title='bbox 1268 5777 1429 5827; x_wconf 86' lang='grc' dir='ltr'>πλέον.</span> 
     </span>
    </p>
   </div>
   <div class='ocr_carea' id='block_1_58' title="bbox 389 5838 1917 5906">
    <p class='ocr_par' dir='ltr' id='par_1_58' title="bbox 389 5838 1917 5906">
     <span class='ocr_line' id='line_1_58' title="bbox 389 5838 1917 5906; baseline 0.002 -16"><span class='ocrx_word' id='word_1_426' title='bbox 389 5838 643 5906; x_wconf 61' lang='grc' dir='ltr'>1ῗίῖοίειιῇιι.</span> <span class='ocrx_word' id='word_1_427' title='bbox 672 5840 940 5906; x_wconf 41' lang='grc' dir='ltr'>ίςπέμεινας-</span> <span class='ocrx_word' id='word_1_428' title='bbox 961 5838 1071 5903; x_wconf 76' lang='grc' dir='ltr'>παρ’</span> <span class='ocrx_word' id='word_1_429' title='bbox 1117 5841 1306 5906; x_wconf 40' lang='grc' dir='ltr'>-έτέρων-</span> <span class='ocrx_word' id='word_1_430' title='bbox 1340 5843 1465 5903; x_wconf 81' lang='grc' dir='ltr'>ἡμᾶς</span> <span class='ocrx_word' id='word_1_431' title='bbox 1504 5840 1730 5906; x_wconf 76' lang='grc' dir='ltr'>πρότερον</span> <span class='ocrx_word' id='word_1_432' title='bbox 1773 5841 1917 5893; x_wconf 82' lang='grc' dir='ltr'>τοῦτο</span> 
     </span>
    </p>
   </div>
   <div class='ocr_carea' id='block_1_59' title="bbox 324 5901 1378 5968">
    <p class='ocr_par' dir='ltr' id='par_1_59' title="bbox 324 5901 1378 5968">
     <span class='ocr_line' id='line_1_59' title="bbox 324 5901 1378 5968; baseline -0.003 -15"><span class='ocrx_word' id='word_1_433' title='bbox 324 5905 508 5968; x_wconf 72' lang='grc' dir='ltr'>μαθεῖν·</span> <span class='ocrx_word' id='word_1_434' title='bbox 537 5901 736 5963; x_wconf 82' lang='grc' dir='ltr'>οὐδεμία</span> <span class='ocrx_word' id='word_1_435' title='bbox 755 5901 828 5954; x_wconf 84' lang='grc' dir='ltr'>σοι</span> <span class='ocrx_word' id='word_1_436' title='bbox 852 5901 1084 5966; x_wconf 70' lang='grc' dir='ltr'>πρόφασις</span> <span class='ocrx_word' id='word_1_437' title='bbox 1108 5901 1378 5963; x_wconf 77' lang='grc' dir='ltr'>ἀπολογίας.</span> 
     </span>
    </p>
   </div>
   <div class='ocr_carea' id='block_1_60' title="bbox 1785 439 2173 498">
    <p class='ocr_par' dir='ltr' id='par_1_60' title="bbox 1785 439 2173 498">
     <span class='ocr_line' id='line_1_60' title="bbox 1785 439 2173 498; baseline -0.013 0"><span class='ocrx_word' id='word_1_438' title='bbox 1785 439 2173 498; x_wconf 64' lang='grc' dir='ltr'>ΕΡιδΤοιιε.</span> 
     </span>
    </p>
   </div>
   <div class='ocr_carea' id='block_1_61' title="bbox 3482 438 3609 499">
    <p class='ocr_par' dir='ltr' id='par_1_61' title="bbox 3482 438 3609 499">
     <span class='ocr_line' id='line_1_61' title="bbox 3482 438 3609 499; baseline 0.016 -10"><span class='ocrx_word' id='word_1_439' title='bbox 3482 438 3609 499; x_wconf 62' lang='grc' dir='ltr'>.ϋῖιῖ</span> 
     </span>
    </p>
   </div>
   <div class='ocr_carea' id='block_1_62' title="bbox 2022 546 3599 630">
    <p class='ocr_par' dir='ltr' id='par_1_62' title="bbox 2022 546 3599 630">
     <span class='ocr_line' id='line_1_62' title="bbox 2022 546 3599 630; baseline -0.001 -17"><span class='ocrx_word' id='word_1_440' title='bbox 2022 559 2117 613; x_wconf 77' lang='grc' dir='ltr'>καὶ</span> <span class='ocrx_word' id='word_1_441' title='bbox 2140 556 2235 611; x_wconf 84' lang='grc' dir='ltr'>τοῦ</span> <span class='ocrx_word' id='word_1_442' title='bbox 2262 556 2411 611; x_wconf 83' lang='grc' dir='ltr'>οῖκου</span> <span class='ocrx_word' id='word_1_443' title='bbox 2444 546 2535 607; x_wconf 81' lang='grc' dir='ltr'>σου</span> <span class='ocrx_word' id='word_1_444' title='bbox 2569 553 2786 618; x_wconf 65' lang='grc' dir='ltr'>παντός.</span> <span class='ocrx_word' id='word_1_445' title='bbox 2822 550 2984 610; x_wconf 78' lang='grc' dir='ltr'>Ἐπεὶ</span> <span class='ocrx_word' id='word_1_446' title='bbox 3006 550 3101 611; x_wconf 82' lang='grc' dir='ltr'>οὐν</span> <span class='ocrx_word' id='word_1_447' title='bbox 3134 574 3197 611; x_wconf 86' lang='grc' dir='ltr'>σε</span> <span class='ocrx_word' id='word_1_448' title='bbox 3225 554 3318 612; x_wconf 77' lang='grc' dir='ltr'>καὶ</span> <span class='ocrx_word' id='word_1_449' title='bbox 3345 553 3440 612; x_wconf 84' lang='grc' dir='ltr'>τδν</span> <span class='ocrx_word' id='word_1_450' title='bbox 3469 560 3599 630; x_wconf 85' lang='grc' dir='ltr'>τρό-</span> 
     </span>
    </p>
   </div>
   <div class='ocr_carea' id='block_1_63' title="bbox 2017 655 3598 732">
    <p class='ocr_par' dir='ltr' id='par_1_63' title="bbox 2017 655 3598 732">
     <span class='ocr_line' id='line_1_63' title="bbox 2017 655 3598 732; baseline 0.001 -19"><span class='ocrx_word' id='word_1_451' title='bbox 2017 676 2118 713; x_wconf 89' lang='grc' dir='ltr'>πον</span> <span class='ocrx_word' id='word_1_452' title='bbox 2154 658 2253 727; x_wconf 84' lang='grc' dir='ltr'>τῆς</span> <span class='ocrx_word' id='word_1_453' title='bbox 2300 656 2596 726; x_wconf 82' lang='grc' dir='ltr'>ἀπολογίας</span> <span class='ocrx_word' id='word_1_454' title='bbox 2643 655 2983 728; x_wconf 70' lang='grc' dir='ltr'>ἐδιδάξαμεν,</span> <span class='ocrx_word' id='word_1_455' title='bbox 3026 656 3309 730; x_wconf 87' lang='grc' dir='ltr'>προστίθει</span> <span class='ocrx_word' id='word_1_456' title='bbox 3348 658 3418 713; x_wconf 91' lang='grc' dir='ltr'>τά</span> <span class='ocrx_word' id='word_1_457' title='bbox 3445 659 3598 732; x_wconf 87' lang='grc' dir='ltr'>παρά</span> 
     </span>
    </p>
   </div>
   <div class='ocr_carea' id='block_1_64' title="bbox 2017 756 3599 832">
    <p class='ocr_par' dir='ltr' id='par_1_64' title="bbox 2017 756 3599 832">
     <span class='ocr_line' id='line_1_64' title="bbox 2017 756 3599 832; baseline 0 -19"><span class='ocrx_word' id='word_1_458' title='bbox 2017 758 2215 814; x_wconf 90' lang='grc' dir='ltr'>σαυτοῦ</span> <span class='ocrx_word' id='word_1_459' title='bbox 2241 758 2448 812; x_wconf 85' lang='grc' dir='ltr'>λοιπόν.</span> <span class='ocrx_word' id='word_1_460' title='bbox 2470 758 2534 811; x_wconf 67' lang='lat' dir='ltr'>Et</span> <span class='ocrx_word' id='word_1_461' title='bbox 2553 757 2661 829; x_wconf 89' lang='lat'>7&amp;9</span> <span class='ocrx_word' id='word_1_462' title='bbox 2677 758 2772 812; x_wconf 82' lang='grc' dir='ltr'>καὶ</span> <span class='ocrx_word' id='word_1_463' title='bbox 2798 756 2937 829; x_wconf 82' lang='grc' dir='ltr'>μετά</span> <span class='ocrx_word' id='word_1_464' title='bbox 2956 757 3055 831; x_wconf 73' lang='grc' dir='ltr'>τὴν</span> <span class='ocrx_word' id='word_1_465' title='bbox 3080 758 3371 832; x_wconf 70' lang='grc' dir='ltr'>ἐπιστολὴν</span> <span class='ocrx_word' id='word_1_466' title='bbox 3392 759 3599 831; x_wconf 87' lang='grc' dir='ltr'>ταύτην</span> 
     </span>
    </p>
   </div>
   <div class='ocr_carea' id='block_1_65' title="bbox 2019 858 3601 933">
    <p class='ocr_par' dir='ltr' id='par_1_65' title="bbox 2019 858 3601 933">
     <span class='ocr_line' id='line_1_65' title="bbox 2019 858 3601 933; baseline 0.001 -18"><span class='ocrx_word' id='word_1_467' title='bbox 2019 861 2202 933; x_wconf 83' lang='grc' dir='ltr'>μένεις</span> <span class='ocrx_word' id='word_1_468' title='bbox 2232 861 2419 931; x_wconf 83' lang='grc' dir='ltr'>σιγῶν,</span> <span class='ocrx_word' id='word_1_469' title='bbox 2452 858 2779 932; x_wconf 81' lang='grc' dir='ltr'>γραψόμεθά</span> <span class='ocrx_word' id='word_1_470' title='bbox 2822 877 2882 913; x_wconf 90' lang='grc' dir='ltr'>σε</span> <span class='ocrx_word' id='word_1_471' title='bbox 2916 861 3187 932; x_wconf 77' lang='grc' dir='ltr'>ῥᾳθυμίας</span> <span class='ocrx_word' id='word_1_472' title='bbox 3234 861 3457 933; x_wconf 82' lang='grc' dir='ltr'>πολλῆς.</span> <span class='ocrx_word' id='word_1_473' title='bbox 3504 862 3601 916; x_wconf 74' lang='grc' dir='ltr'>καὶ</span> 
     </span>
    </p>
   </div>
   <div class='ocr_carea' id='block_1_66' title="bbox 2014 956 3599 1032">
    <p class='ocr_par' dir='ltr' id='par_1_66' title="bbox 2014 956 3599 1032">
     <span class='ocr_line' id='line_1_66' title="bbox 2014 956 3599 1032; baseline 0 -18"><span class='ocrx_word' id='word_1_474' title='bbox 2014 960 2347 1032; x_wconf 86' lang='grc' dir='ltr'>ἀλγὴσομεν.</span> <span class='ocrx_word' id='word_1_475' title='bbox 2388 956 2520 1015; x_wconf 80' lang='grc' dir='ltr'>Οἶδα</span> <span class='ocrx_word' id='word_1_476' title='bbox 2562 959 2620 1013; x_wconf 90' lang='grc' dir='ltr'>δὲ</span> <span class='ocrx_word' id='word_1_477' title='bbox 2662 959 2851 1029; x_wconf 86' lang='grc' dir='ltr'>σαφῶς</span> <span class='ocrx_word' id='word_1_478' title='bbox 2897 960 2979 1013; x_wconf 80' lang='grc' dir='ltr'>ὅτι</span> <span class='ocrx_word' id='word_1_479' title='bbox 3024 960 3359 1031; x_wconf 83' lang='grc' dir='ltr'>πικροτάτην</span> <span class='ocrx_word' id='word_1_480' title='bbox 3391 958 3599 1031; x_wconf 77' lang='grc' dir='ltr'>ταύτην</span> 
     </span>
    </p>
   </div>
   <div class='ocr_carea' id='block_1_67' title="bbox 2015 1061 3599 1135">
    <p class='ocr_par' dir='ltr' id='par_1_67' title="bbox 2015 1061 3599 1135">
     <span class='ocr_line' id='line_1_67' title="bbox 2015 1061 3599 1135; baseline -0.002 -18"><span class='ocrx_word' id='word_1_481' title='bbox 2015 1063 2197 1135; x_wconf 81' lang='grc' dir='ltr'>ἡγήσῃ</span> <span class='ocrx_word' id='word_1_482' title='bbox 2246 1061 2443 1117; x_wconf 88' lang='grc' dir='ltr'>διδόναι</span> <span class='ocrx_word' id='word_1_483' title='bbox 2500 1062 2674 1135; x_wconf 83' lang='grc' dir='ltr'>δίκην,</span> <span class='ocrx_word' id='word_1_484' title='bbox 2701 1062 2763 1116; x_wconf 80' lang='grc' dir='ltr'>τὸ</span> <span class='ocrx_word' id='word_1_485' title='bbox 2815 1061 3001 1131; x_wconf 83' lang='grc' dir='ltr'>ἀλγεῖν</span> <span class='ocrx_word' id='word_1_486' title='bbox 3054 1063 3149 1116; x_wconf 64' lang='grc' dir='ltr'>ἰπὶ</span> <span class='ocrx_word' id='word_1_487' title='bbox 3193 1062 3403 1127; x_wconf 86' lang='grc' dir='ltr'>τούτοις</span> <span class='ocrx_word' id='word_1_488' title='bbox 3431 1063 3599 1133; x_wconf 72' lang='grc' dir='ltr'>ἡμᾶς,</span> 
     </span>
    </p>
   </div>
   <div class='ocr_carea' id='block_1_68' title="bbox 2015 1159 3607 1241">
    <p class='ocr_par' dir='ltr' id='par_1_68' title="bbox 2015 1159 3607 1241">
     <span class='ocr_line' id='line_1_68' title="bbox 2015 1159 3607 1241; baseline -0.001 -25"><span class='ocrx_word' id='word_1_489' title='bbox 2015 1162 2201 1234; x_wconf 75' lang='grc' dir='ltr'>ἐπειδὴ</span> <span class='ocrx_word' id='word_1_490' title='bbox 2224 1159 2341 1218; x_wconf 80' lang='grc' dir='ltr'>οἶδα</span> <span class='ocrx_word' id='word_1_491' title='bbox 2366 1162 2483 1227; x_wconf 87' lang='grc' dir='ltr'>πῶς</span> <span class='ocrx_word' id='word_1_492' title='bbox 2634 1162 2806 1232; x_wconf 80' lang='grc' dir='ltr'>φιλεῖν</span> <span class='ocrx_word' id='word_1_493' title='bbox 2840 1163 2987 1234; x_wconf 78' lang='grc' dir='ltr'>ἡμᾶς</span> <span class='ocrx_word' id='word_1_494' title='bbox 3002 1162 3240 1233; x_wconf 87' lang='grc' dir='ltr'>γνησίως</span> <span class='ocrx_word' id='word_1_495' title='bbox 3266 1162 3359 1216; x_wconf 73' lang='grc' dir='ltr'>καὶ</span> <span class='ocrx_word' id='word_1_496' title='bbox 3381 1162 3607 1233; x_wconf 79' lang='grc' dir='ltr'>θερμῶς</span> 
     </span>
    </p>
   </div>
   <div class='ocr_carea' id='block_1_69' title="bbox 2016 1262 2375 1325">
    <p class='ocr_par' dir='ltr' id='par_1_69' title="bbox 2016 1262 2375 1325">
     <span class='ocr_line' id='line_1_69' title="bbox 2016 1262 2375 1325; baseline 0.003 -11"><span class='ocrx_word' id='word_1_497' title='bbox 2016 1262 2375 1325; x_wconf 73' lang='grc' dir='ltr'>ἐσπούδακας.</span> 
     </span>
    </p>
   </div>
   <div class='ocr_carea' id='block_1_70' title="bbox 2579 1385 3040 1455">
    <p class='ocr_par' dir='ltr' id='par_1_70' title="bbox 2579 1385 3040 1455">
     <span class='ocr_line' id='line_1_70' title="bbox 2579 1385 3040 1455; baseline -0.004 -13"><span class='ocrx_word' id='word_1_498' title='bbox 2579 1390 2729 1442; x_wconf 82' lang='grc' dir='ltr'>ΡιΖ¹.</span> <span class='ocrx_word' id='word_1_499' title='bbox 2753 1385 3040 1455; x_wconf 79' lang='grc' dir='ltr'>Θεοδώρςι.</span> 
     </span>
    </p>
   </div>
   <div class='ocr_carea' id='block_1_71' title="bbox 2089 1507 3601 1583">
    <p class='ocr_par' dir='ltr' id='par_1_71' title="bbox 2089 1507 3601 1583">
     <span class='ocr_line' id='line_1_71' title="bbox 2089 1507 3601 1583; baseline 0.003 -22"><span class='ocrx_word' id='word_1_500' title='bbox 2089 1509 2291 1578; x_wconf 82' lang='grc' dir='ltr'>Γράφω</span> <span class='ocrx_word' id='word_1_501' title='bbox 2325 1511 2424 1580; x_wconf 79' lang='grc' dir='ltr'>μὲν</span> <span class='ocrx_word' id='word_1_502' title='bbox 2474 1511 2721 1581; x_wconf 83' lang='grc' dir='ltr'>ὀλιγάκις</span> <span class='ocrx_word' id='word_1_503' title='bbox 2770 1514 2843 1583; x_wconf 78' lang='grc' dir='ltr'>τῇ</span> <span class='ocrx_word' id='word_1_504' title='bbox 2886 1510 3204 1581; x_wconf 79' lang='grc' dir='ltr'>κοσμιότητι</span> <span class='ocrx_word' id='word_1_505' title='bbox 3256 1526 3372 1574; x_wconf 91' lang='grc' dir='ltr'>σου,</span> <span class='ocrx_word' id='word_1_506' title='bbox 3408 1509 3496 1565; x_wconf 79' lang='grc' dir='ltr'>διά</span> <span class='ocrx_word' id='word_1_507' title='bbox 3537 1507 3601 1565; x_wconf 74' lang='grc' dir='ltr'>τὺ</span> 
     </span>
    </p>
   </div>
   <div class='ocr_carea' id='block_1_72' title="bbox 2019 1609 3613 1685">
    <p class='ocr_par' dir='ltr' id='par_1_72' title="bbox 2019 1609 3613 1685">
     <span class='ocr_line' id='line_1_72' title="bbox 2019 1609 3613 1685; baseline -0.002 -20"><span class='ocrx_word' id='word_1_508' title='bbox 2019 1610 2093 1681; x_wconf 85' lang='grc' dir='ltr'>μὴ</span> <span class='ocrx_word' id='word_1_509' title='bbox 2119 1611 2316 1681; x_wconf 71' lang='grc' dir='ltr'>ῥᾳδίως</span> <span class='ocrx_word' id='word_1_510' title='bbox 2340 1613 2721 1683; x_wconf 79' lang='grc' dir='ltr'>ἐπιτυγχάνειν</span> <span class='ocrx_word' id='word_1_511' title='bbox 2741 1611 2850 1666; x_wconf 86' lang='grc' dir='ltr'>τῶν</span> <span class='ocrx_word' id='word_1_512' title='bbox 2876 1611 3211 1685; x_wconf 80' lang='grc' dir='ltr'>κομιζόντων</span> <span class='ocrx_word' id='word_1_513' title='bbox 3233 1609 3304 1664; x_wconf 87' lang='grc' dir='ltr'>τά</span> <span class='ocrx_word' id='word_1_514' title='bbox 3343 1611 3613 1682; x_wconf 62' lang='grc' dir='ltr'>γράμμα-η</span> 
     </span>
    </p>
   </div>
   <div class='ocr_carea' id='block_1_73' title="bbox 2014 1711 3609 1784">
    <p class='ocr_par' dir='ltr' id='par_1_73' title="bbox 2014 1711 3609 1784">
     <span class='ocr_line' id='line_1_73' title="bbox 2014 1711 3609 1784; baseline 0.002 -21"><span class='ocrx_word' id='word_1_515' title='bbox 2014 1728 2099 1764; x_wconf 88' lang='grc' dir='ltr'>τα·</span> <span class='ocrx_word' id='word_1_516' title='bbox 2134 1713 2417 1783; x_wconf 90' lang='grc' dir='ltr'>μέμνημαι</span> <span class='ocrx_word' id='word_1_517' title='bbox 2438 1712 2496 1766; x_wconf 84' lang='grc' dir='ltr'>δέ</span> <span class='ocrx_word' id='word_1_518' title='bbox 2514 1730 2605 1766; x_wconf 90' lang='grc' dir='ltr'>σου</span> <span class='ocrx_word' id='word_1_519' title='bbox 2636 1714 2735 1767; x_wconf 91' lang='grc' dir='ltr'>οὐκ</span> <span class='ocrx_word' id='word_1_520' title='bbox 2749 1713 3015 1782; x_wconf 85' lang='grc' dir='ltr'>ὀλιγάκις,</span> <span class='ocrx_word' id='word_1_521' title='bbox 3034 1712 3168 1767; x_wconf 87' lang='grc' dir='ltr'>ἀλλὰ</span> <span class='ocrx_word' id='word_1_522' title='bbox 3196 1711 3291 1767; x_wconf 75' lang='grc' dir='ltr'>καὶ</span> <span class='ocrx_word' id='word_1_523' title='bbox 3315 1711 3609 1784; x_wconf 83' lang='grc' dir='ltr'>διηνεκῶς.-</span> 
     </span>
    </p>
   </div>
   <div class='ocr_carea' id='block_1_74' title="bbox 2015 1812 3602 1887">
    <p class='ocr_par' dir='ltr' id='par_1_74' title="bbox 2015 1812 3602 1887">
     <span class='ocr_line' id='line_1_74' title="bbox 2015 1812 3602 1887; baseline 0 -21"><span class='ocrx_word' id='word_1_524' title='bbox 2015 1813 2089 1867; x_wconf 83' lang='grc' dir='ltr'>Τὸ</span> <span class='ocrx_word' id='word_1_525' title='bbox 2123 1814 2221 1884; x_wconf 85' lang='grc' dir='ltr'>μὲν</span> <span class='ocrx_word' id='word_1_526' title='bbox 2238 1816 2347 1887; x_wconf 89' lang='grc' dir='ltr'>γάρ</span> <span class='ocrx_word' id='word_1_527' title='bbox 2368 1816 2453 1885; x_wconf 73' lang='grc' dir='ltr'>ἐφ’</span> <span class='ocrx_word' id='word_1_528' title='bbox 2480 1817 2612 1887; x_wconf 88' lang='grc' dir='ltr'>ἡμῖν</span> <span class='ocrx_word' id='word_1_529' title='bbox 2641 1819 2841 1879; x_wconf 89' lang='grc' dir='ltr'>κεῖται,</span> <span class='ocrx_word' id='word_1_530' title='bbox 2863 1816 2924 1869; x_wconf 82' lang='grc' dir='ltr'>τὸ</span> <span class='ocrx_word' id='word_1_531' title='bbox 2958 1814 3013 1869; x_wconf 78' lang='grc' dir='ltr'>δὲ</span> <span class='ocrx_word' id='word_1_532' title='bbox 3033 1815 3134 1869; x_wconf 89' lang='grc' dir='ltr'>οὐκ</span> <span class='ocrx_word' id='word_1_533' title='bbox 3160 1813 3245 1885; x_wconf 80' lang='grc' dir='ltr'>ἐφ’</span> <span class='ocrx_word' id='word_1_534' title='bbox 3268 1816 3422 1885; x_wconf 74' lang='grc' dir='ltr'>ἡμῖν·</span> <span class='ocrx_word' id='word_1_535' title='bbox 3465 1812 3602 1866; x_wconf 89' lang='grc' dir='ltr'>ἀλλά</span> 
     </span>
    </p>
   </div>
   <div class='ocr_carea' id='block_1_75' title="bbox 2014 1911 3600 1988">
    <p class='ocr_par' dir='ltr' id='par_1_75' title="bbox 2014 1911 3600 1988">
     <span class='ocr_line' id='line_1_75' title="bbox 2014 1911 3600 1988; baseline 0.001 -22"><span class='ocrx_word' id='word_1_536' title='bbox 2014 1911 2107 1966; x_wconf 91' lang='grc' dir='ltr'>τοῦ</span> <span class='ocrx_word' id='word_1_537' title='bbox 2144 1913 2241 1984; x_wconf 84' lang='grc' dir='ltr'>μὲν</span> <span class='ocrx_word' id='word_1_538' title='bbox 2290 1914 2601 1987; x_wconf 85' lang='grc' dir='ltr'>μεμνῆσθαι</span> <span class='ocrx_word' id='word_1_539' title='bbox 2650 1915 2937 1988; x_wconf 88' lang='grc' dir='ltr'>διηνεκῶς,</span> <span class='ocrx_word' id='word_1_540' title='bbox 2967 1916 3125 1970; x_wconf 77' lang='grc' dir='ltr'>αὐτοὶ</span> <span class='ocrx_word' id='word_1_541' title='bbox 3169 1915 3371 1987; x_wconf 90' lang='grc' dir='ltr'>κύριοι,</span> <span class='ocrx_word' id='word_1_542' title='bbox 3408 1916 3502 1971; x_wconf 84' lang='grc' dir='ltr'>τοῦ</span> <span class='ocrx_word' id='word_1_543' title='bbox 3541 1914 3600 1969; x_wconf 77' lang='grc' dir='ltr'>δὲ</span> 
     </span>
    </p>
   </div>
   <div class='ocr_carea' id='block_1_76' title="bbox 2016 2009 3601 2084">
    <p class='ocr_par' dir='ltr' id='par_1_76' title="bbox 2016 2009 3601 2084">
     <span class='ocr_line' id='line_1_76' title="bbox 2016 2009 3601 2084; baseline -0.003 -17"><span class='ocrx_word' id='word_1_544' title='bbox 2016 2012 2262 2084; x_wconf 83' lang='grc' dir='ltr'>κομίζειν</span> <span class='ocrx_word' id='word_1_545' title='bbox 2298 2014 2398 2078; x_wconf 85' lang='grc' dir='ltr'>τὰς</span> <span class='ocrx_word' id='word_1_546' title='bbox 2428 2013 2737 2081; x_wconf 81' lang='grc' dir='ltr'>ἐπιστολὰς,</span> <span class='ocrx_word' id='word_1_547' title='bbox 2768 2014 2869 2068; x_wconf 92' lang='grc' dir='ltr'>οὐκ</span> <span class='ocrx_word' id='word_1_548' title='bbox 2918 2012 3018 2068; x_wconf 82' lang='grc' dir='ltr'>ἔτι.</span> <span class='ocrx_word' id='word_1_549' title='bbox 3049 2013 3149 2066; x_wconf 87' lang='grc' dir='ltr'>Διά</span> <span class='ocrx_word' id='word_1_550' title='bbox 3202 2010 3365 2067; x_wconf 84' lang='grc' dir='ltr'>τοῦτο</span> <span class='ocrx_word' id='word_1_551' title='bbox 3393 2010 3454 2069; x_wconf 80' lang='grc' dir='ltr'>τὸ</span> <span class='ocrx_word' id='word_1_552' title='bbox 3501 2009 3601 2083; x_wconf 83' lang='grc' dir='ltr'>μὲν</span> 
     </span>
    </p>
   </div>
   <div class='ocr_carea' id='block_1_77' title="bbox 2016 2104 3607 2185">
    <p class='ocr_par' dir='ltr' id='par_1_77' title="bbox 2016 2104 3607 2185">
     <span class='ocr_line' id='line_1_77' title="bbox 2016 2104 3607 2185; baseline 0.003 -19"><span class='ocrx_word' id='word_1_553' title='bbox 2016 2112 2103 2167; x_wconf 76' lang='grc' dir='ltr'>ἀεὶ</span> <span class='ocrx_word' id='word_1_554' title='bbox 2128 2112 2357 2183; x_wconf 81' lang='grc' dir='ltr'>γίνεται,</span> <span class='ocrx_word' id='word_1_555' title='bbox 2392 2114 2452 2168; x_wconf 86' lang='grc' dir='ltr'>τὸ</span> <span class='ocrx_word' id='word_1_556' title='bbox 2469 2115 2547 2179; x_wconf 88' lang='grc' dir='ltr'>δὲ,</span> <span class='ocrx_word' id='word_1_557' title='bbox 2574 2114 2739 2185; x_wconf 83' lang='grc' dir='ltr'>ἡνίκα</span> <span class='ocrx_word' id='word_1_558' title='bbox 2767 2113 2834 2169; x_wconf 83' lang='grc' dir='ltr'>ἂν</span> <span class='ocrx_word' id='word_1_559' title='bbox 2863 2114 2979 2184; x_wconf 76' lang='grc' dir='ltr'>ἐξῇ.</span> <span class='ocrx_word' id='word_1_560' title='bbox 3028 2112 3143 2176; x_wconf 89' lang='grc' dir='ltr'>Τάς</span> <span class='ocrx_word' id='word_1_561' title='bbox 3179 2110 3277 2182; x_wconf 79' lang='grc' dir='ltr'>μὲν</span> <span class='ocrx_word' id='word_1_562' title='bbox 3309 2104 3403 2163; x_wconf 83' lang='grc' dir='ltr'>οὖν</span> <span class='ocrx_word' id='word_1_563' title='bbox 3435 2106 3607 2171; x_wconf 77' lang='grc' dir='ltr'>ἄλλας</span> 
     </span>
    </p>
   </div>
   <div class='ocr_carea' id='block_1_78' title="bbox 2016 2207 3602 2287">
    <p class='ocr_par' dir='ltr' id='par_1_78' title="bbox 2016 2207 3602 2287">
     <span class='ocr_line' id='line_1_78' title="bbox 2016 2207 3602 2287; baseline -0.003 -22"><span class='ocrx_word' id='word_1_564' title='bbox 2016 2212 2304 2280; x_wconf 75' lang='grc' dir='ltr'>ἐπιστολὰς</span> <span class='ocrx_word' id='word_1_565' title='bbox 2331 2215 2631 2287; x_wconf 89' lang='grc' dir='ltr'>πρόσρησιν</span> <span class='ocrx_word' id='word_1_566' title='bbox 2660 2214 2887 2286; x_wconf 77' lang='grc' dir='ltr'>ἐχούσας</span> <span class='ocrx_word' id='word_1_567' title='bbox 2902 2213 3258 2287; x_wconf 71' lang='grc' dir='ltr'>ἐπέμπομεν,</span> <span class='ocrx_word' id='word_1_568' title='bbox 3289 2208 3493 2280; x_wconf 85' lang='grc' dir='ltr'>ταύτην</span> <span class='ocrx_word' id='word_1_569' title='bbox 3542 2207 3602 2261; x_wconf 81' lang='grc' dir='ltr'>δὲ</span> 
     </span>
    </p>
   </div>
   <div class='ocr_carea' id='block_1_79' title="bbox 2017 2311 3599 2387">
    <p class='ocr_par' dir='ltr' id='par_1_79' title="bbox 2017 2311 3599 2387">
     <span class='ocr_line' id='line_1_79' title="bbox 2017 2311 3599 2387; baseline 0.011 -22"><span class='ocrx_word' id='word_1_570' title='bbox 2017 2312 2113 2365; x_wconf 83' lang='grc' dir='ltr'>καὶ</span> <span class='ocrx_word' id='word_1_571' title='bbox 2155 2313 2376 2387; x_wconf 83' lang='grc' dir='ltr'>χάριτος</span> <span class='ocrx_word' id='word_1_572' title='bbox 2423 2314 2658 2386; x_wconf 69' lang='grc' dir='ltr'>αἴτησιν.</span> <span class='ocrx_word' id='word_1_573' title='bbox 2695 2313 2791 2380; x_wconf 83' lang='grc' dir='ltr'>Τίς</span> <span class='ocrx_word' id='word_1_574' title='bbox 2814 2313 2873 2367; x_wconf 79' lang='grc' dir='ltr'>δὲ</span> <span class='ocrx_word' id='word_1_575' title='bbox 2899 2315 2935 2385; x_wconf 80' lang='grc' dir='ltr'>ἡ</span> <span class='ocrx_word' id='word_1_576' title='bbox 2976 2314 3175 2385; x_wconf 74' lang='grc' dir='ltr'>χάριςι</span> <span class='ocrx_word' id='word_1_577' title='bbox 3227 2311 3320 2365; x_wconf 56' lang='grc' dir='ltr'>Σοὶ</span> <span class='ocrx_word' id='word_1_578' title='bbox 3352 2313 3419 2382; x_wconf 59' lang='grc' dir='ltr'>τῇ</span> <span class='ocrx_word' id='word_1_579' title='bbox 3456 2327 3599 2381; x_wconf 75' lang='grc' dir='ltr'>παρ’</span> 
     </span>
    </p>
   </div>
   <div class='ocr_carea' id='block_1_80' title="bbox 2015 2410 3600 2487">
    <p class='ocr_par' dir='ltr' id='par_1_80' title="bbox 2015 2410 3600 2487">
     <span class='ocr_line' id='line_1_80' title="bbox 2015 2410 3600 2487; baseline -0.004 -18"><span class='ocrx_word' id='word_1_580' title='bbox 2015 2413 2215 2487; x_wconf 84' lang='grc' dir='ltr'>εχούσῃ</span> <span class='ocrx_word' id='word_1_581' title='bbox 2252 2415 2472 2487; x_wconf 81' lang='grc' dir='ltr'>μᾶλλον,</span> <span class='ocrx_word' id='word_1_582' title='bbox 2504 2415 2539 2487; x_wconf 80' lang='grc' dir='ltr'>ἡ</span> <span class='ocrx_word' id='word_1_583' title='bbox 2581 2414 2662 2487; x_wconf 82' lang='grc' dir='ltr'>τῷ</span> <span class='ocrx_word' id='word_1_584' title='bbox 2691 2415 2967 2486; x_wconf 76' lang='grc' dir='ltr'>δεχομένῳ</span> <span class='ocrx_word' id='word_1_585' title='bbox 3012 2413 3080 2475; x_wconf 58' lang='grc' dir='ltr'>τὸ</span> <span class='ocrx_word' id='word_1_586' title='bbox 3107 2412 3297 2484; x_wconf 78' lang='grc' dir='ltr'>κέρδος</span> <span class='ocrx_word' id='word_1_587' title='bbox 3337 2410 3600 2482; x_wconf 80' lang='grc' dir='ltr'>φέρουσα,</span> 
     </span>
    </p>
   </div>
   <div class='ocr_carea' id='block_1_81' title="bbox 2016 2512 3603 2588">
    <p class='ocr_par' dir='ltr' id='par_1_81' title="bbox 2016 2512 3603 2588">
     <span class='ocr_line' id='line_1_81' title="bbox 2016 2512 3603 2588; baseline -0.002 -19"><span class='ocrx_word' id='word_1_588' title='bbox 2016 2518 2111 2570; x_wconf 76' lang='grc' dir='ltr'>καὶ</span> <span class='ocrx_word' id='word_1_589' title='bbox 2139 2516 2247 2588; x_wconf 83' lang='grc' dir='ltr'>πρὸ</span> <span class='ocrx_word' id='word_1_590' title='bbox 2267 2516 2361 2571; x_wconf 87' lang='grc' dir='ltr'>τοῦ</span> <span class='ocrx_word' id='word_1_591' title='bbox 2390 2515 2758 2587; x_wconf 79' lang='grc' dir='ltr'>λαμσάνοντος</span> <span class='ocrx_word' id='word_1_592' title='bbox 2799 2516 2891 2570; x_wconf 80' lang='grc' dir='ltr'>τὸν</span> <span class='ocrx_word' id='word_1_593' title='bbox 2919 2514 3127 2570; x_wconf 85' lang='grc' dir='ltr'>διδόντα</span> <span class='ocrx_word' id='word_1_594' title='bbox 3150 2512 3458 2583; x_wconf 82' lang='grc' dir='ltr'>ὠφελοῦσα.</span> <span class='ocrx_word' id='word_1_595' title='bbox 3490 2513 3603 2567; x_wconf 77' lang='grc' dir='ltr'>Καὶ</span> 
     </span>
    </p>
   </div>
   <div class='ocr_carea' id='block_1_82' title="bbox 2014 2616 3633 2691">
    <p class='ocr_par' dir='ltr' id='par_1_82' title="bbox 2014 2616 3633 2691">
     <span class='ocr_line' id='line_1_82' title="bbox 2014 2616 3633 2691; baseline -0.015 -4"><span class='ocrx_word' id='word_1_596' title='bbox 2014 2619 2124 2690; x_wconf 76' lang='grc' dir='ltr'>γὰρ</span> <span class='ocrx_word' id='word_1_597' title='bbox 2146 2616 2311 2691; x_wconf 78' lang='grc' dir='ltr'>ἦλθεν</span> <span class='ocrx_word' id='word_1_598' title='bbox 2359 2622 2440 2684; x_wconf 79' lang='grc' dir='ltr'>εἰς</span> <span class='ocrx_word' id='word_1_599' title='bbox 2478 2622 2646 2691; x_wconf 81' lang='grc' dir='ltr'>ἡμᾶς,</span> <span class='ocrx_word' id='word_1_600' title='bbox 2690 2619 2775 2673; x_wconf 78' lang='grc' dir='ltr'>δτι</span> <span class='ocrx_word' id='word_1_601' title='bbox 2801 2616 3183 2690; x_wconf 80' lang='grc' dir='ltr'>δὴΕὐστάθιος</span> <span class='ocrx_word' id='word_1_602' title='bbox 3228 2616 3340 2670; x_wconf 88' lang='grc' dir='ltr'>τῶν</span> <span class='ocrx_word' id='word_1_603' title='bbox 3366 2632 3633 2687; x_wconf 29' lang='lat' dir='ltr'>urgeant</span> 
     </span>
    </p>
   </div>
   <div class='ocr_carea' id='block_1_83' title="bbox 2016 2715 3605 2791">
    <p class='ocr_par' dir='ltr' id='par_1_83' title="bbox 2016 2715 3605 2791">
     <span class='ocr_line' id='line_1_83' title="bbox 2016 2715 3605 2791; baseline -0.003 -19"><span class='ocrx_word' id='word_1_604' title='bbox 2016 2719 2328 2791; x_wconf 86' lang='grc' dir='ltr'>κρουκότων</span> <span class='ocrx_word' id='word_1_605' title='bbox 2360 2720 2477 2773; x_wconf 71' lang='grc' dir='ltr'>ἐστὶ</span> <span class='ocrx_word' id='word_1_606' title='bbox 2489 2722 2557 2791; x_wconf 75' lang='grc' dir='ltr'>τῇ</span> <span class='ocrx_word' id='word_1_607' title='bbox 2581 2718 2861 2790; x_wconf 85' lang='grc' dir='ltr'>τιμιότητί</span> <span class='ocrx_word' id='word_1_608' title='bbox 2878 2736 2993 2782; x_wconf 92' lang='grc' dir='ltr'>σου,</span> <span class='ocrx_word' id='word_1_609' title='bbox 3038 2717 3132 2772; x_wconf 76' lang='grc' dir='ltr'>καὶ</span> <span class='ocrx_word' id='word_1_610' title='bbox 3174 2717 3275 2787; x_wconf 75' lang='grc' dir='ltr'>τῆς</span> <span class='ocrx_word' id='word_1_611' title='bbox 3304 2715 3481 2778; x_wconf 74' lang='grc' dir='ltr'>οἰκίας</span> <span class='ocrx_word' id='word_1_612' title='bbox 3502 2716 3605 2786; x_wconf 76' lang='grc' dir='ltr'>τῆς</span> 
     </span>
    </p>
   </div>
   <div class='ocr_carea' id='block_1_84' title="bbox 2017 2806 3602 2892">
    <p class='ocr_par' dir='ltr' id='par_1_84' title="bbox 2017 2806 3602 2892">
     <span class='ocr_line' id='line_1_84' title="bbox 2017 2806 3602 2892; baseline -0.004 -19"><span class='ocrx_word' id='word_1_613' title='bbox 2017 2823 2113 2892; x_wconf 80' lang='grc' dir='ltr'>σῆς</span> <span class='ocrx_word' id='word_1_614' title='bbox 2136 2820 2382 2887; x_wconf 76' lang='grc' dir='ltr'>ἐξέπεσε,</span> <span class='ocrx_word' id='word_1_615' title='bbox 2404 2820 2498 2873; x_wconf 79' lang='grc' dir='ltr'>καὶ</span> <span class='ocrx_word' id='word_1_616' title='bbox 2524 2820 2632 2873; x_wconf 86' lang='grc' dir='ltr'>ἀπὸ</span> <span class='ocrx_word' id='word_1_617' title='bbox 2664 2819 2839 2889; x_wconf 77' lang='grc' dir='ltr'>ὅψεως</span> <span class='ocrx_word' id='word_1_618' title='bbox 2869 2818 3112 2888; x_wconf 90' lang='grc' dir='ltr'>γέγονεν.</span> <span class='ocrx_word' id='word_1_619' title='bbox 3148 2806 3336 2877; x_wconf 79' lang='grc' dir='ltr'>Ὅπως</span> <span class='ocrx_word' id='word_1_620' title='bbox 3380 2816 3480 2887; x_wconf 79' lang='grc' dir='ltr'>μὲν</span> <span class='ocrx_word' id='word_1_621' title='bbox 3507 2808 3602 2868; x_wconf 78' lang='grc' dir='ltr'>οὖν</span> 
     </span>
    </p>
   </div>
   <div class='ocr_carea' id='block_1_85' title="bbox 2015 2911 3602 2990">
    <p class='ocr_par' dir='ltr' id='par_1_85' title="bbox 2015 2911 3602 2990">
     <span class='ocr_line' id='line_1_85' title="bbox 2015 2911 3602 2990; baseline -0.006 -18"><span class='ocrx_word' id='word_1_622' title='bbox 2015 2918 2128 2990; x_wconf 78' lang='grc' dir='ltr'>ἔχει</span> <span class='ocrx_word' id='word_1_623' title='bbox 2156 2917 2251 2972; x_wconf 87' lang='grc' dir='ltr'>τοῦ</span> <span class='ocrx_word' id='word_1_624' title='bbox 2274 2917 2653 2989; x_wconf 87' lang='grc' dir='ltr'>πράγματοςὴ</span> <span class='ocrx_word' id='word_1_625' title='bbox 2688 2916 2869 2986; x_wconf 88' lang='grc' dir='ltr'>φύσις,</span> <span class='ocrx_word' id='word_1_626' title='bbox 2896 2915 2991 2969; x_wconf 75' lang='grc' dir='ltr'>καὶ</span> <span class='ocrx_word' id='word_1_627' title='bbox 3017 2915 3162 2977; x_wconf 89' lang='grc' dir='ltr'>τίνος</span> <span class='ocrx_word' id='word_1_628' title='bbox 3190 2914 3383 2967; x_wconf 72' lang='grc' dir='ltr'>ἕνεκεν</span> <span class='ocrx_word' id='word_1_629' title='bbox 3407 2911 3602 2966; x_wconf 83' lang='grc' dir='ltr'>τοσαύ-</span> 
     </span>
    </p>
   </div>
   <div class='ocr_carea' id='block_1_86' title="bbox 2015 3011 3602 3090">
    <p class='ocr_par' dir='ltr' id='par_1_86' title="bbox 2015 3011 3602 3090">
     <span class='ocr_line' id='line_1_86' title="bbox 2015 3011 3602 3090; baseline -0.006 -16"><span class='ocrx_word' id='word_1_630' title='bbox 2015 3037 2113 3090; x_wconf 82' lang='grc' dir='ltr'>την</span> <span class='ocrx_word' id='word_1_631' title='bbox 2144 3020 2436 3090; x_wconf 81' lang='grc' dir='ltr'>ὐπέμεινεν</span> <span class='ocrx_word' id='word_1_632' title='bbox 2470 3019 2662 3090; x_wconf 84' lang='grc' dir='ltr'>ὀργὴν,</span> <span class='ocrx_word' id='word_1_633' title='bbox 2710 3019 2883 3071; x_wconf 81' lang='grc' dir='ltr'>εἰπεῖν</span> <span class='ocrx_word' id='word_1_634' title='bbox 2941 3016 3043 3073; x_wconf 87' lang='grc' dir='ltr'>οὐκ</span> <span class='ocrx_word' id='word_1_635' title='bbox 3096 3016 3224 3086; x_wconf 73' lang='grc' dir='ltr'>ἔχω’</span> <span class='ocrx_word' id='word_1_636' title='bbox 3272 3016 3451 3075; x_wconf 71' lang='grc' dir='ltr'>ἐκεῖνο</span> <span class='ocrx_word' id='word_1_637' title='bbox 3491 3011 3602 3083; x_wconf 82' lang='grc' dir='ltr'>γὰρ</span> 
     </span>
    </p>
   </div>
   <div class='ocr_carea' id='block_1_87' title="bbox 2015 3106 3635 3192">
    <p class='ocr_par' dir='ltr' id='par_1_87' title="bbox 2015 3106 3635 3192">
     <span class='ocr_line' id='line_1_87' title="bbox 2015 3106 3635 3192; baseline -0.008 -16"><span class='ocrx_word' id='word_1_638' title='bbox 2015 3120 2187 3189; x_wconf 77' lang='grc' dir='ltr'>ἔγνων</span> <span class='ocrx_word' id='word_1_639' title='bbox 2234 3121 2412 3192; x_wconf 83' lang='grc' dir='ltr'>μόνον’</span> <span class='ocrx_word' id='word_1_640' title='bbox 2458 3120 2495 3175; x_wconf 82' lang='grc' dir='ltr'>ἀ</span> <span class='ocrx_word' id='word_1_641' title='bbox 2542 3120 2598 3173; x_wconf 83' lang='grc' dir='ltr'>δὲ</span> <span class='ocrx_word' id='word_1_642' title='bbox 2632 3121 2737 3191; x_wconf 84' lang='grc' dir='ltr'>χρή</span> <span class='ocrx_word' id='word_1_643' title='bbox 2777 3106 2836 3171; x_wconf 73' lang='grc' dir='ltr'>σε</span> <span class='ocrx_word' id='word_1_644' title='bbox 2867 3119 2998 3189; x_wconf 85' lang='grc' dir='ltr'>παρ’</span> <span class='ocrx_word' id='word_1_645' title='bbox 3043 3117 3198 3188; x_wconf 84' lang='grc' dir='ltr'>ἡμῶν</span> <span class='ocrx_word' id='word_1_646' title='bbox 3236 3115 3467 3170; x_wconf 82' lang='grc' dir='ltr'>ἀκοῦσαι</span> <span class='ocrx_word' id='word_1_647' title='bbox 3494 3113 3635 3167; x_wconf 79' lang='grc' dir='ltr'>τῶν.</span> 
     </span>
    </p>
   </div>
   <div class='ocr_carea' id='block_1_88' title="bbox 2018 3217 3599 3294">
    <p class='ocr_par' dir='ltr' id='par_1_88' title="bbox 2018 3217 3599 3294">
     <span class='ocr_line' id='line_1_88' title="bbox 2018 3217 3599 3294; baseline -0.002 -20"><span class='ocrx_word' id='word_1_648' title='bbox 2018 3223 2224 3294; x_wconf 81' lang='grc' dir='ltr'>σφόδρα</span> <span class='ocrx_word' id='word_1_649' title='bbox 2255 3240 2348 3275; x_wconf 93' lang='grc' dir='ltr'>σου</span> <span class='ocrx_word' id='word_1_650' title='bbox 2380 3222 2480 3294; x_wconf 79' lang='grc' dir='ltr'>τῆς</span> <span class='ocrx_word' id='word_1_651' title='bbox 2518 3221 2793 3293; x_wconf 84' lang='grc' dir='ltr'>σωτηρίας</span> <span class='ocrx_word' id='word_1_652' title='bbox 2837 3219 3234 3291; x_wconf 82' lang='grc' dir='ltr'>ἀντεχομένων,</span> <span class='ocrx_word' id='word_1_653' title='bbox 3262 3220 3377 3273; x_wconf 73' lang='grc' dir='ltr'>ἐστὶ</span> <span class='ocrx_word' id='word_1_654' title='bbox 3406 3217 3599 3273; x_wconf 85' lang='grc' dir='ltr'>ταῦτα.</span> 
     </span>
    </p>
   </div>
   <div class='ocr_carea' id='block_1_89' title="bbox 2018 3316 3604 3395">
    <p class='ocr_par' dir='ltr' id='par_1_89' title="bbox 2018 3316 3604 3395">
     <span class='ocr_line' id='line_1_89' title="bbox 2018 3316 3604 3395; baseline -0.005 -17"><span class='ocrx_word' id='word_1_655' title='bbox 2018 3320 2187 3379; x_wconf 69' lang='grc' dir='ltr'>Οἶσθα</span> <span class='ocrx_word' id='word_1_656' title='bbox 2210 3322 2285 3387; x_wconf 86' lang='grc' dir='ltr'>ὡς</span> <span class='ocrx_word' id='word_1_657' title='bbox 2315 3322 2466 3377; x_wconf 82' lang='grc' dir='ltr'>οὐδὲν</span> <span class='ocrx_word' id='word_1_658' title='bbox 2500 3323 2529 3375; x_wconf 85' lang='grc' dir='ltr'><strong>ὁ</strong></span> <span class='ocrx_word' id='word_1_659' title='bbox 2553 3321 2742 3395; x_wconf 89' lang='grc' dir='ltr'>παρὼν</span> <span class='ocrx_word' id='word_1_660' title='bbox 2773 3321 2909 3392; x_wconf 87' lang='grc' dir='ltr'>βίος,</span> <span class='ocrx_word' id='word_1_661' title='bbox 2941 3320 3105 3392; x_wconf 82' lang='grc' dir='ltr'>ἀλλ’ἢ</span> <span class='ocrx_word' id='word_1_662' title='bbox 3141 3319 3276 3390; x_wconf 72' lang='grc' dir='ltr'>ἄνθη</span> <span class='ocrx_word' id='word_1_663' title='bbox 3298 3318 3325 3359; x_wconf 78' lang='grc' dir='ltr'><strong>ἀ</strong></span> <span class='ocrx_word' id='word_1_664' title='bbox 3358 3316 3604 3391; x_wconf 82' lang='grc' dir='ltr'>μιμεῖται</span> 
     </span>
    </p>
   </div>
   <div class='ocr_carea' id='block_1_90' title="bbox 2015 3423 3600 3501">
    <p class='ocr_par' dir='ltr' id='par_1_90' title="bbox 2015 3423 3600 3501">
     <span class='ocr_line' id='line_1_90' title="bbox 2015 3423 3600 3501; baseline -0.001 -22"><span class='ocrx_word' id='word_1_665' title='bbox 2015 3428 2200 3501; x_wconf 74' lang='grc' dir='ltr'>ἠρινὰ,</span> <span class='ocrx_word' id='word_1_666' title='bbox 2217 3427 2310 3481; x_wconf 73' lang='grc' dir='ltr'>καὶ</span> <span class='ocrx_word' id='word_1_667' title='bbox 2329 3426 2485 3491; x_wconf 88' lang='grc' dir='ltr'>σκιάς</span> <span class='ocrx_word' id='word_1_668' title='bbox 2503 3426 2773 3499; x_wconf 85' lang='grc' dir='ltr'>ἀδρανεῖς,</span> <span class='ocrx_word' id='word_1_669' title='bbox 2788 3425 2882 3479; x_wconf 77' lang='grc' dir='ltr'>καὶ</span> <span class='ocrx_word' id='word_1_670' title='bbox 2907 3425 3201 3496; x_wconf 82' lang='grc' dir='ltr'>ὀνειράτων</span> <span class='ocrx_word' id='word_1_671' title='bbox 3231 3424 3378 3477; x_wconf 75' lang='grc' dir='ltr'>ἐστὶν</span> <span class='ocrx_word' id='word_1_672' title='bbox 3391 3423 3600 3493; x_wconf 79' lang='grc' dir='ltr'>ἀπάτη⁹</span> 
     </span>
    </p>
   </div>
   <div class='ocr_carea' id='block_1_91' title="bbox 2016 3525 3604 3600">
    <p class='ocr_par' dir='ltr' id='par_1_91' title="bbox 2016 3525 3604 3600">
     <span class='ocr_line' id='line_1_91' title="bbox 2016 3525 3604 3600; baseline -0.003 -19"><span class='ocrx_word' id='word_1_673' title='bbox 2016 3527 2086 3581; x_wconf 87' lang='grc' dir='ltr'>τά</span> <span class='ocrx_word' id='word_1_674' title='bbox 2111 3528 2167 3580; x_wconf 82' lang='grc' dir='ltr'>δὲ</span> <span class='ocrx_word' id='word_1_675' title='bbox 2191 3528 2369 3599; x_wconf 84' lang='grc' dir='ltr'>ἀληθῆ</span> <span class='ocrx_word' id='word_1_676' title='bbox 2405 3528 2725 3600; x_wconf 85' lang='grc' dir='ltr'>πράγματα,</span> <span class='ocrx_word' id='word_1_677' title='bbox 2751 3527 2846 3581; x_wconf 74' lang='grc' dir='ltr'>καὶ</span> <span class='ocrx_word' id='word_1_678' title='bbox 2876 3526 3184 3597; x_wconf 86' lang='grc' dir='ltr'>πεπηγότα,</span> <span class='ocrx_word' id='word_1_679' title='bbox 3212 3526 3306 3581; x_wconf 72' lang='grc' dir='ltr'>καὶ</span> <span class='ocrx_word' id='word_1_680' title='bbox 3338 3525 3604 3597; x_wconf 65' lang='grc' dir='ltr'>ἀμετακίέ</span> 
     </span>
    </p>
   </div>
   <div class='ocr_carea' id='block_1_92' title="bbox 2016 3625 3603 3701">
    <p class='ocr_par' dir='ltr' id='par_1_92' title="bbox 2016 3625 3603 3701">
     <span class='ocr_line' id='line_1_92' title="bbox 2016 3625 3603 3701; baseline -0.003 -18"><span class='ocrx_word' id='word_1_681' title='bbox 2016 3646 2174 3701; x_wconf 85' lang='grc' dir='ltr'>νητα,</span> <span class='ocrx_word' id='word_1_682' title='bbox 2195 3628 2264 3682; x_wconf 82' lang='grc' dir='ltr'>τά</span> <span class='ocrx_word' id='word_1_683' title='bbox 2295 3628 2432 3699; x_wconf 89' lang='grc' dir='ltr'>μετά</span> <span class='ocrx_word' id='word_1_684' title='bbox 2457 3628 2555 3698; x_wconf 82' lang='grc' dir='ltr'>τὴν</span> <span class='ocrx_word' id='word_1_685' title='bbox 2586 3625 2833 3681; x_wconf 78' lang='grc' dir='ltr'>ἐντεῦθεν</span> <span class='ocrx_word' id='word_1_686' title='bbox 2859 3626 3169 3697; x_wconf 82' lang='grc' dir='ltr'>ἀποδημίαν</span> <span class='ocrx_word' id='word_1_687' title='bbox 3204 3628 3355 3697; x_wconf 81' lang='grc' dir='ltr'>ἡμᾶς</span> <span class='ocrx_word' id='word_1_688' title='bbox 3378 3625 3603 3690; x_wconf 82' lang='grc' dir='ltr'>διαδεξό-</span> 
     </span>
    </p>
   </div>
   <div class='ocr_carea' id='block_1_93' title="bbox 2021 3710 3601 3803">
    <p class='ocr_par' dir='ltr' id='par_1_93' title="bbox 2021 3710 3601 3803">
     <span class='ocr_line' id='line_1_93' title="bbox 2021 3710 3601 3803; baseline -0.003 -20"><span class='ocrx_word' id='word_1_689' title='bbox 2021 3730 2159 3803; x_wconf 84' lang='grc' dir='ltr'>μενά</span> <span class='ocrx_word' id='word_1_690' title='bbox 2184 3732 2320 3785; x_wconf 76' lang='grc' dir='ltr'>ἐστι.</span> <span class='ocrx_word' id='word_1_691' title='bbox 2361 3727 2549 3783; x_wconf 83' lang='grc' dir='ltr'>Ταῦτα</span> <span class='ocrx_word' id='word_1_692' title='bbox 2576 3728 2671 3782; x_wconf 76' lang='grc' dir='ltr'>καὶ</span> <span class='ocrx_word' id='word_1_693' title='bbox 2704 3729 2833 3799; x_wconf 83' lang='grc' dir='ltr'>παρ’</span> <span class='ocrx_word' id='word_1_694' title='bbox 2860 3724 3016 3798; x_wconf 84' lang='grc' dir='ltr'>ἡμῶν</span> <span class='ocrx_word' id='word_1_695' title='bbox 3041 3710 3303 3795; x_wconf 84' lang='grc' dir='ltr'>πολλάκις</span> <span class='ocrx_word' id='word_1_696' title='bbox 3337 3726 3601 3797; x_wconf 82' lang='grc' dir='ltr'>ἡκουσας,</span> 
     </span>
    </p>
   </div>
   <div class='ocr_carea' id='block_1_94' title="bbox 2018 3826 3609 3900">
    <p class='ocr_par' dir='ltr' id='par_1_94' title="bbox 2018 3826 3609 3900">
     <span class='ocr_line' id='line_1_94' title="bbox 2018 3826 3609 3900; baseline -0.008 -11"><span class='ocrx_word' id='word_1_697' title='bbox 2018 3831 2113 3889; x_wconf 71' lang='grc' dir='ltr'>καὶ</span> <span class='ocrx_word' id='word_1_698' title='bbox 2156 3830 2367 3893; x_wconf 75' lang='grc' dir='ltr'>οἴκοθεν</span> <span class='ocrx_word' id='word_1_699' title='bbox 2416 3827 2782 3900; x_wconf 85' lang='grc' dir='ltr'>φιλοσοφοῦσα</span> <span class='ocrx_word' id='word_1_700' title='bbox 2815 3826 3094 3890; x_wconf 85' lang='grc' dir='ltr'>διατελεῖς.</span> <span class='ocrx_word' id='word_1_701' title='bbox 3122 3826 3320 3898; x_wconf 88' lang='grc' dir='ltr'>Διόπερ</span> <span class='ocrx_word' id='word_1_702' title='bbox 3348 3826 3469 3879; x_wconf 83' lang='grc' dir='ltr'>οὐδὲ</span> <span class='ocrx_word' id='word_1_703' title='bbox 3508 3843 3609 3898; x_wconf 73' lang='grc' dir='ltr'>μα-</span> 
     </span>
    </p>
   </div>
   <div class='ocr_carea' id='block_1_95' title="bbox 2017 3925 3603 4003">
    <p class='ocr_par' dir='ltr' id='par_1_95' title="bbox 2017 3925 3603 4003">
     <span class='ocr_line' id='line_1_95' title="bbox 2017 3925 3603 4003; baseline -0.005 -18"><span class='ocrx_word' id='word_1_704' title='bbox 2017 3930 2156 4003; x_wconf 67' lang='grc' dir='ltr'>κρὰν</span> <span class='ocrx_word' id='word_1_705' title='bbox 2187 3929 2445 4000; x_wconf 78' lang='grc' dir='ltr'>ποιοῦμαι</span> <span class='ocrx_word' id='word_1_706' title='bbox 2481 3929 2581 4000; x_wconf 84' lang='grc' dir='ltr'>τὴν</span> <span class='ocrx_word' id='word_1_707' title='bbox 2615 3928 2924 3999; x_wconf 75' lang='grc' dir='ltr'>ἐπιστολὴν,</span> <span class='ocrx_word' id='word_1_708' title='bbox 2963 3926 3077 3989; x_wconf 81' lang='grc' dir='ltr'>ἀλλ’</span> <span class='ocrx_word' id='word_1_709' title='bbox 3107 3925 3285 3981; x_wconf 76' lang='grc' dir='ltr'>ἐκεῖνό</span> <span class='ocrx_word' id='word_1_710' title='bbox 3320 3942 3521 3996; x_wconf 85' lang='grc' dir='ltr'>φαμεν·</span> <span class='ocrx_word' id='word_1_711' title='bbox 3554 3927 3603 3985; x_wconf 82' lang='grc' dir='ltr'>εί</span> 
     </span>
    </p>
   </div>
   <div class='ocr_carea' id='block_1_96' title="bbox 2020 4027 3602 4101">
    <p class='ocr_par' dir='ltr' id='par_1_96' title="bbox 2020 4027 3602 4101">
     <span class='ocr_line' id='line_1_96' title="bbox 2020 4027 3602 4101; baseline -0.003 -17"><span class='ocrx_word' id='word_1_712' title='bbox 2020 4031 2118 4100; x_wconf 73' lang='grc' dir='ltr'>μὲν</span> <span class='ocrx_word' id='word_1_713' title='bbox 2156 4028 2357 4094; x_wconf 81' lang='grc' dir='ltr'>ἀδίκως</span> <span class='ocrx_word' id='word_1_714' title='bbox 2382 4028 2527 4093; x_wconf 75' lang='grc' dir='ltr'>τινὲς</span> <span class='ocrx_word' id='word_1_715' title='bbox 2553 4028 2960 4101; x_wconf 80' lang='grc' dir='ltr'>ὲπηρεάσαντες</span> <span class='ocrx_word' id='word_1_716' title='bbox 2998 4027 3271 4093; x_wconf 70' lang='grc' dir='ltr'>ἐξέϐαλον,</span> <span class='ocrx_word' id='word_1_717' title='bbox 3311 4027 3602 4097; x_wconf 79' lang='grc' dir='ltr'>αἰδουμένη</span> 
     </span>
    </p>
   </div>
   <div class='ocr_carea' id='block_1_97' title="bbox 2015 4125 3605 4199">
    <p class='ocr_par' dir='ltr' id='par_1_97' title="bbox 2015 4125 3605 4199">
     <span class='ocr_line' id='line_1_97' title="bbox 2015 4125 3605 4199; baseline -0.003 -17"><span class='ocrx_word' id='word_1_718' title='bbox 2015 4128 2110 4182; x_wconf 81' lang='grc' dir='ltr'>τοῦ</span> <span class='ocrx_word' id='word_1_719' title='bbox 2130 4128 2339 4187; x_wconf 84' lang='grc' dir='ltr'>δικαίου</span> <span class='ocrx_word' id='word_1_720' title='bbox 2358 4128 2457 4199; x_wconf 80' lang='grc' dir='ltr'>τὴν</span> <span class='ocrx_word' id='word_1_721' title='bbox 2474 4127 2657 4197; x_wconf 87' lang='grc' dir='ltr'>φύσιν,</span> <span class='ocrx_word' id='word_1_722' title='bbox 2672 4126 2963 4197; x_wconf 86' lang='grc' dir='ltr'>διόρθωσον</span> <span class='ocrx_word' id='word_1_723' title='bbox 2986 4126 3049 4180; x_wconf 80' lang='grc' dir='ltr'>τὸ</span> <span class='ocrx_word' id='word_1_724' title='bbox 3068 4125 3455 4197; x_wconf 77' lang='grc' dir='ltr'>γεγενημένον’</span> <span class='ocrx_word' id='word_1_725' title='bbox 3469 4125 3521 4178; x_wconf 83' lang='grc' dir='ltr'>εί</span> <span class='ocrx_word' id='word_1_726' title='bbox 3545 4125 3605 4178; x_wconf 71' lang='grc' dir='ltr'>δὲ</span> 
     </span>
    </p>
   </div>
   <div class='ocr_carea' id='block_1_98' title="bbox 2016 4225 3604 4300">
    <p class='ocr_par' dir='ltr' id='par_1_98' title="bbox 2016 4225 3604 4300">
     <span class='ocr_line' id='line_1_98' title="bbox 2016 4225 3604 4300; baseline -0.004 -15"><span class='ocrx_word' id='word_1_727' title='bbox 2016 4230 2258 4295; x_wconf 80' lang='grc' dir='ltr'>δικαίως,</span> <span class='ocrx_word' id='word_1_728' title='bbox 2289 4230 2416 4293; x_wconf 81' lang='grc' dir='ltr'>τοὺς</span> <span class='ocrx_word' id='word_1_729' title='bbox 2453 4228 2554 4298; x_wconf 77' lang='grc' dir='ltr'>τῆς</span> <span class='ocrx_word' id='word_1_730' title='bbox 2590 4226 3000 4300; x_wconf 82' lang='grc' dir='ltr'>φιλανθρωπίας</span> <span class='ocrx_word' id='word_1_731' title='bbox 3028 4225 3243 4299; x_wconf 79' lang='grc' dir='ltr'>τιμῶσα</span> <span class='ocrx_word' id='word_1_732' title='bbox 3276 4227 3493 4299; x_wconf 88' lang='grc' dir='ltr'>νόμους,</span> <span class='ocrx_word' id='word_1_733' title='bbox 3542 4226 3604 4279; x_wconf 78' lang='grc' dir='ltr'>τὸ</span> 
     </span>
    </p>
   </div>
   <div class='ocr_carea' id='block_1_99' title="bbox 2015 4326 3605 4401">
    <p class='ocr_par' dir='ltr' id='par_1_99' title="bbox 2015 4326 3605 4401">
     <span class='ocr_line' id='line_1_99' title="bbox 2015 4326 3605 4401; baseline -0.003 -17"><span class='ocrx_word' id='word_1_734' title='bbox 2015 4330 2150 4385; x_wconf 75' lang='grc' dir='ltr'>αὐτὸ</span> <span class='ocrx_word' id='word_1_735' title='bbox 2173 4329 2237 4401; x_wconf 81' lang='grc' dir='ltr'>δὴ</span> <span class='ocrx_word' id='word_1_736' title='bbox 2264 4328 2423 4383; x_wconf 82' lang='grc' dir='ltr'>τοῦτο</span> <span class='ocrx_word' id='word_1_737' title='bbox 2452 4328 2614 4383; x_wconf 84' lang='grc' dir='ltr'>πάλιν</span> <span class='ocrx_word' id='word_1_738' title='bbox 2648 4329 2897 4401; x_wconf 87' lang='grc' dir='ltr'>ποίησον,</span> <span class='ocrx_word' id='word_1_739' title='bbox 2931 4327 3060 4383; x_wconf 76' lang='grc' dir='ltr'>ἔνθα</span> <span class='ocrx_word' id='word_1_740' title='bbox 3088 4329 3182 4383; x_wconf 74' lang='grc' dir='ltr'>καὶ</span> <span class='ocrx_word' id='word_1_741' title='bbox 3202 4326 3338 4399; x_wconf 82' lang='grc' dir='ltr'>αὐτὴ</span> <span class='ocrx_word' id='word_1_742' title='bbox 3363 4326 3425 4380; x_wconf 70' lang='grc' dir='ltr'>τὸ</span> <span class='ocrx_word' id='word_1_743' title='bbox 3444 4326 3605 4381; x_wconf 85' lang='grc' dir='ltr'>πλέον</span> 
     </span>
    </p>
   </div>
   <div class='ocr_carea' id='block_1_100' title="bbox 2018 4427 3604 4502">
    <p class='ocr_par' dir='ltr' id='par_1_100' title="bbox 2018 4427 3604 4502">
     <span class='ocr_line' id='line_1_100' title="bbox 2018 4427 3604 4502; baseline -0.003 -17"><span class='ocrx_word' id='word_1_744' title='bbox 2018 4428 2288 4502; x_wconf 81' lang='grc' dir='ltr'>καρπώσῃ</span> <span class='ocrx_word' id='word_1_745' title='bbox 2335 4428 2534 4500; x_wconf 79' lang='grc' dir='ltr'>μᾶλλον</span> <span class='ocrx_word' id='word_1_746' title='bbox 2563 4427 2596 4499; x_wconf 83' lang='grc' dir='ltr'>ἢ</span> <span class='ocrx_word' id='word_1_747' title='bbox 2652 4430 2877 4493; x_wconf 74' lang='grc' dir='ltr'>ἐκεῖνος.</span> <span class='ocrx_word' id='word_1_748' title='bbox 2913 4428 3124 4500; x_wconf 82' lang='grc' dir='ltr'>Ὥσπερ</span> <span class='ocrx_word' id='word_1_749' title='bbox 3154 4427 3263 4500; x_wconf 79' lang='grc' dir='ltr'>γὰρ</span> <span class='ocrx_word' id='word_1_750' title='bbox 3290 4428 3319 4481; x_wconf 84' lang='grc' dir='ltr'><strong>ὁ</strong></span> <span class='ocrx_word' id='word_1_751' title='bbox 3345 4427 3434 4481; x_wconf 77' lang='grc' dir='ltr'>τδν</span> <span class='ocrx_word' id='word_1_752' title='bbox 3474 4428 3604 4499; x_wconf 86' lang='grc' dir='ltr'>ὁμό-</span> 
     </span>
    </p>
   </div>
   <div class='ocr_carea' id='block_1_101' title="bbox 2016 4528 3607 4601">
    <p class='ocr_par' dir='ltr' id='par_1_101' title="bbox 2016 4528 3607 4601">
     <span class='ocr_line' id='line_1_101' title="bbox 2016 4528 3607 4601; baseline -0.002 -15"><span class='ocrx_word' id='word_1_753' title='bbox 2016 4532 2201 4586; x_wconf 83' lang='grc' dir='ltr'>δουλον</span> <span class='ocrx_word' id='word_1_754' title='bbox 2233 4529 2482 4585; x_wconf 87' lang='grc' dir='ltr'>ἀπαιτῶν</span> <span class='ocrx_word' id='word_1_755' title='bbox 2522 4528 2594 4583; x_wconf 87' lang='grc' dir='ltr'>τά</span> <span class='ocrx_word' id='word_1_756' title='bbox 2633 4530 2829 4584; x_wconf 77' lang='grc' dir='ltr'>ἑκατὸν</span> <span class='ocrx_word' id='word_1_757' title='bbox 2860 4528 3111 4601; x_wconf 86' lang='grc' dir='ltr'>δηνάρια,</span> <span class='ocrx_word' id='word_1_758' title='bbox 3141 4528 3242 4582; x_wconf 85' lang='grc' dir='ltr'>οὐκ</span> <span class='ocrx_word' id='word_1_759' title='bbox 3283 4529 3491 4583; x_wconf 75' lang='grc' dir='ltr'>ἐκεῖνον</span> <span class='ocrx_word' id='word_1_760' title='bbox 3523 4547 3607 4583; x_wconf 74' lang='grc' dir='ltr'>το·</span> 
     </span>
    </p>
   </div>
   <div class='ocr_carea' id='block_1_102' title="bbox 2021 4626 3608 4705">
    <p class='ocr_par' dir='ltr' id='par_1_102' title="bbox 2021 4626 3608 4705">
     <span class='ocr_line' id='line_1_102' title="bbox 2021 4626 3608 4705; baseline -0.005 -15"><span class='ocrx_word' id='word_1_761' title='bbox 2021 4635 2207 4690; x_wconf 88' lang='grc' dir='ltr'>σοῦτον</span> <span class='ocrx_word' id='word_1_762' title='bbox 2227 4633 2483 4703; x_wconf 74' lang='grc' dir='ltr'>ἔϐλαψεν,</span> <span class='ocrx_word' id='word_1_763' title='bbox 2511 4632 2635 4687; x_wconf 82' lang='grc' dir='ltr'>ὅσον</span> <span class='ocrx_word' id='word_1_764' title='bbox 2663 4631 2842 4705; x_wconf 78' lang='grc' dir='ltr'>ἑαυτῷ</span> <span class='ocrx_word' id='word_1_765' title='bbox 2870 4632 3093 4704; x_wconf 88' lang='grc' dir='ltr'>καιρίαν</span> <span class='ocrx_word' id='word_1_766' title='bbox 3122 4631 3291 4685; x_wconf 77' lang='grc' dir='ltr'>ἔδωκε</span> <span class='ocrx_word' id='word_1_767' title='bbox 3336 4631 3436 4703; x_wconf 85' lang='grc' dir='ltr'>τὴν</span> <span class='ocrx_word' id='word_1_768' title='bbox 3467 4626 3608 4701; x_wconf 78' lang='grc' dir='ltr'>πληὲ</span> 
     </span>
    </p>
   </div>
   <div class='ocr_carea' id='block_1_103' title="bbox 2017 4731 3606 4811">
    <p class='ocr_par' dir='ltr' id='par_1_103' title="bbox 2017 4731 3606 4811">
     <span class='ocr_line' id='line_1_103' title="bbox 2017 4731 3606 4811; baseline -0.006 -19"><span class='ocrx_word' id='word_1_769' title='bbox 2017 4737 2142 4811; x_wconf 85' lang='grc' dir='ltr'>γὴν,</span> <span class='ocrx_word' id='word_1_770' title='bbox 2160 4735 2247 4790; x_wconf 85' lang='grc' dir='ltr'>διά</span> <span class='ocrx_word' id='word_1_771' title='bbox 2274 4735 2371 4806; x_wconf 81' lang='grc' dir='ltr'>τῆς</span> <span class='ocrx_word' id='word_1_772' title='bbox 2399 4734 2536 4807; x_wconf 80' lang='grc' dir='ltr'>πρὸς</span> <span class='ocrx_word' id='word_1_773' title='bbox 2561 4733 2651 4787; x_wconf 84' lang='grc' dir='ltr'>τὸν</span> <span class='ocrx_word' id='word_1_774' title='bbox 2673 4732 2955 4787; x_wconf 90' lang='grc' dir='ltr'>σύνδουλον</span> <span class='ocrx_word' id='word_1_775' title='bbox 2983 4731 3365 4803; x_wconf 77' lang='grc' dir='ltr'>ἀκριϐολογίας</span> <span class='ocrx_word' id='word_1_776' title='bbox 3395 4732 3606 4803; x_wconf 85' lang='grc' dir='ltr'>μυρίων</span> 
     </span>
    </p>
   </div>
   <div class='ocr_carea' id='block_1_104' title="bbox 2016 4831 3608 4907">
    <p class='ocr_par' dir='ltr' id='par_1_104' title="bbox 2016 4831 3608 4907">
     <span class='ocr_line' id='line_1_104' title="bbox 2016 4831 3608 4907; baseline -0.004 -15"><span class='ocrx_word' id='word_1_777' title='bbox 2016 4837 2292 4892; x_wconf 86' lang='grc' dir='ltr'>ταλάντων</span> <span class='ocrx_word' id='word_1_778' title='bbox 2317 4834 2665 4907; x_wconf 82' lang='grc' dir='ltr'>συγχώρησιν</span> <span class='ocrx_word' id='word_1_779' title='bbox 2705 4832 3033 4906; x_wconf 80' lang='grc' dir='ltr'>ἀνατρέψας·</span> <span class='ocrx_word' id='word_1_780' title='bbox 3071 4831 3241 4896; x_wconf 78' lang='grc' dir='ltr'>οὕτως</span> <span class='ocrx_word' id='word_1_781' title='bbox 3271 4834 3300 4887; x_wconf 85' lang='grc' dir='ltr'>ὁ</span> <span class='ocrx_word' id='word_1_782' title='bbox 3333 4832 3608 4904; x_wconf 86' lang='grc' dir='ltr'>παρατρέ-</span> 
     </span>
    </p>
   </div>
   <div class='ocr_carea' id='block_1_105' title="bbox 2018 4934 3607 5013">
    <p class='ocr_par' dir='ltr' id='par_1_105' title="bbox 2018 4934 3607 5013">
     <span class='ocr_line' id='line_1_105' title="bbox 2018 4934 3607 5013; baseline -0.005 -17"><span class='ocrx_word' id='word_1_783' title='bbox 2018 4958 2129 5013; x_wconf 90' lang='grc' dir='ltr'>χων</span> <span class='ocrx_word' id='word_1_784' title='bbox 2152 4939 2223 4993; x_wconf 86' lang='grc' dir='ltr'>τά</span> <span class='ocrx_word' id='word_1_785' title='bbox 2248 4938 2345 4992; x_wconf 85' lang='grc' dir='ltr'>τοῦ</span> <span class='ocrx_word' id='word_1_786' title='bbox 2365 4937 2591 5009; x_wconf 90' lang='grc' dir='ltr'>πλησίον</span> <span class='ocrx_word' id='word_1_787' title='bbox 2621 4938 2995 5009; x_wconf 80' lang='grc' dir='ltr'>ἁμαρτήματα</span> <span class='ocrx_word' id='word_1_788' title='bbox 3033 4935 3392 5007; x_wconf 87' lang='grc' dir='ltr'>ἡμερωτέρας</span> <span class='ocrx_word' id='word_1_789' title='bbox 3428 4934 3607 5004; x_wconf 81' lang='grc' dir='ltr'>ἐαυτῷ</span> 
     </span>
    </p>
   </div>
   <div class='ocr_carea' id='block_1_106' title="bbox 2019 5036 3608 5112">
    <p class='ocr_par' dir='ltr' id='par_1_106' title="bbox 2019 5036 3608 5112">
     <span class='ocr_line' id='line_1_106' title="bbox 2019 5036 3608 5112; baseline -0.005 -15"><span class='ocrx_word' id='word_1_790' title='bbox 2019 5044 2163 5097; x_wconf 84' lang='grc' dir='ltr'>ποιεῖ</span> <span class='ocrx_word' id='word_1_791' title='bbox 2181 5040 2280 5104; x_wconf 88' lang='grc' dir='ltr'>τάς</span> <span class='ocrx_word' id='word_1_792' title='bbox 2317 5041 2376 5095; x_wconf 79' lang='grc' dir='ltr'>έν</span> <span class='ocrx_word' id='word_1_793' title='bbox 2407 5039 2488 5111; x_wconf 83' lang='grc' dir='ltr'>τῷ</span> <span class='ocrx_word' id='word_1_794' title='bbox 2521 5038 2675 5112; x_wconf 74' lang='grc'>[659]</span> <span class='ocrx_word' id='word_1_795' title='bbox 2716 5038 2961 5110; x_wconf 88' lang='grc' dir='ltr'>μέλλοντι</span> <span class='ocrx_word' id='word_1_796' title='bbox 2999 5036 3248 5104; x_wconf 84' lang='grc' dir='ltr'>εὐθύνας,</span> <span class='ocrx_word' id='word_1_797' title='bbox 3277 5037 3371 5091; x_wconf 77' lang='grc' dir='ltr'>καὶ</span> <span class='ocrx_word' id='word_1_798' title='bbox 3392 5037 3500 5106; x_wconf 82' lang='grc' dir='ltr'>ὅσῳ</span> <span class='ocrx_word' id='word_1_799' title='bbox 3538 5036 3608 5092; x_wconf 84' lang='grc' dir='ltr'>ἂν</span> 
     </span>
    </p>
   </div>
   <div class='ocr_carea' id='block_1_107' title="bbox 2022 5136 3608 5213">
    <p class='ocr_par' dir='ltr' id='par_1_107' title="bbox 2022 5136 3608 5213">
     <span class='ocr_line' id='line_1_107' title="bbox 2022 5136 3608 5213; baseline -0.004 -19"><span class='ocrx_word' id='word_1_800' title='bbox 2022 5140 2247 5213; x_wconf 80' lang='grc' dir='ltr'>μείζονα</span> <span class='ocrx_word' id='word_1_801' title='bbox 2278 5140 2348 5194; x_wconf 84' lang='grc' dir='ltr'>τά</span> <span class='ocrx_word' id='word_1_802' title='bbox 2396 5140 2769 5211; x_wconf 80' lang='grc' dir='ltr'>ἁμαρτήματα</span> <span class='ocrx_word' id='word_1_803' title='bbox 2814 5138 2961 5209; x_wconf 78' lang='grc' dir='ltr'>ἀφῇ,</span> <span class='ocrx_word' id='word_1_804' title='bbox 3011 5136 3251 5209; x_wconf 87' lang='grc' dir='ltr'>τοσούτῳ</span> <span class='ocrx_word' id='word_1_805' title='bbox 3296 5136 3393 5191; x_wconf 72' lang='grc' dir='ltr'>καὶ</span> <span class='ocrx_word' id='word_1_806' title='bbox 3444 5137 3608 5195; x_wconf 73' lang='grc' dir='ltr'>αὐτὸς</span> 
     </span>
    </p>
   </div>
   <div class='ocr_carea' id='block_1_108' title="bbox 2021 5236 3720 5312">
    <p class='ocr_par' dir='ltr' id='par_1_108' title="bbox 2021 5236 3720 5312">
     <span class='ocr_line' id='line_1_108' title="bbox 2021 5236 3720 5312; baseline -0.005 -16"><span class='ocrx_word' id='word_1_807' title='bbox 2021 5241 2265 5306; x_wconf 88' lang='grc' dir='ltr'>πλείονος</span> <span class='ocrx_word' id='word_1_808' title='bbox 2299 5239 2550 5306; x_wconf 78' lang='grc' dir='ltr'>τεύξεται</span> <span class='ocrx_word' id='word_1_809' title='bbox 2594 5241 2692 5312; x_wconf 82' lang='grc' dir='ltr'>τῆς</span> <span class='ocrx_word' id='word_1_810' title='bbox 2730 5239 3152 5312; x_wconf 78' lang='grc' dir='ltr'>συγχωρήσεως.</span> <span class='ocrx_word' id='word_1_811' title='bbox 3203 5238 3278 5292; x_wconf 82' lang='grc' dir='ltr'>οὐ</span> <span class='ocrx_word' id='word_1_812' title='bbox 3329 5236 3501 5309; x_wconf 86' lang='grc' dir='ltr'>ταύτῃ</span> <span class='ocrx_word' id='word_1_813' title='bbox 3548 5236 3606 5288; x_wconf 75' lang='grc' dir='ltr'>δὲ</span> <span class='ocrx_word' id='word_1_814' title='bbox 3715 5256 3720 5265; x_wconf 91' lang='grc'>·</span> 
     </span>
    </p>
   </div>
   <div class='ocr_carea' id='block_1_109' title="bbox 2025 5340 3607 5417">
    <p class='ocr_par' dir='ltr' id='par_1_109' title="bbox 2025 5340 3607 5417">
     <span class='ocr_line' id='line_1_109' title="bbox 2025 5340 3607 5417; baseline -0.004 -18"><span class='ocrx_word' id='word_1_815' title='bbox 2025 5345 2185 5417; x_wconf 90' lang='grc' dir='ltr'>μόνον</span> <span class='ocrx_word' id='word_1_816' title='bbox 2212 5345 2328 5399; x_wconf 73' lang='grc' dir='ltr'>ἐστὶ</span> <span class='ocrx_word' id='word_1_817' title='bbox 2353 5344 2414 5398; x_wconf 82' lang='grc' dir='ltr'>τὸ</span> <span class='ocrx_word' id='word_1_818' title='bbox 2433 5344 2710 5415; x_wconf 84' lang='grc' dir='ltr'>διάφορον,</span> <span class='ocrx_word' id='word_1_819' title='bbox 2753 5341 2890 5397; x_wconf 88' lang='grc' dir='ltr'>ἀλλά</span> <span class='ocrx_word' id='word_1_820' title='bbox 2922 5342 3018 5396; x_wconf 71' lang='grc' dir='ltr'>καὶ</span> <span class='ocrx_word' id='word_1_821' title='bbox 3051 5342 3131 5414; x_wconf 81' lang='grc' dir='ltr'>τῷ</span> <span class='ocrx_word' id='word_1_822' title='bbox 3160 5341 3412 5413; x_wconf 79' lang='grc' dir='ltr'>δουλικὴν</span> <span class='ocrx_word' id='word_1_823' title='bbox 3438 5340 3607 5394; x_wconf 82' lang='grc' dir='ltr'>διδόν-</span> 
     </span>
    </p>
   </div>
   <div class='ocr_carea' id='block_1_110' title="bbox 2019 5443 3604 5518">
    <p class='ocr_par' dir='ltr' id='par_1_110' title="bbox 2019 5443 3604 5518">
     <span class='ocr_line' id='line_1_110' title="bbox 2019 5443 3604 5518; baseline -0.004 -18"><span class='ocrx_word' id='word_1_824' title='bbox 2019 5464 2087 5501; x_wconf 89' lang='grc' dir='ltr'>τα</span> <span class='ocrx_word' id='word_1_825' title='bbox 2117 5446 2299 5518; x_wconf 88' lang='grc' dir='ltr'>χάριν,</span> <span class='ocrx_word' id='word_1_826' title='bbox 2330 5444 2654 5517; x_wconf 84' lang='grc' dir='ltr'>δεσποτικὴν</span> <span class='ocrx_word' id='word_1_827' title='bbox 2698 5444 2995 5516; x_wconf 79' lang='grc' dir='ltr'>λαμϐάνειν</span> <span class='ocrx_word' id='word_1_828' title='bbox 3030 5444 3257 5516; x_wconf 89' lang='grc' dir='ltr'>δωρεάν.</span> <span class='ocrx_word' id='word_1_829' title='bbox 3292 5444 3384 5516; x_wconf 82' lang='grc' dir='ltr'>Μὴ</span> <span class='ocrx_word' id='word_1_830' title='bbox 3427 5443 3604 5496; x_wconf 77' lang='grc' dir='ltr'>τοίνυν</span> 
     </span>
    </p>
   </div>
   <div class='ocr_carea' id='block_1_111' title="bbox 2023 5544 3604 5618">
    <p class='ocr_par' dir='ltr' id='par_1_111' title="bbox 2023 5544 3604 5618">
     <span class='ocr_line' id='line_1_111' title="bbox 2023 5544 3604 5618; baseline -0.003 -17"><span class='ocrx_word' id='word_1_831' title='bbox 2023 5564 2114 5618; x_wconf 90' lang='grc' dir='ltr'>μοι</span> <span class='ocrx_word' id='word_1_832' title='bbox 2146 5546 2295 5616; x_wconf 89' lang='grc' dir='ltr'>λέγε,</span> <span class='ocrx_word' id='word_1_833' title='bbox 2314 5547 2397 5601; x_wconf 83' lang='grc' dir='ltr'>ὅτι</span> <span class='ocrx_word' id='word_1_834' title='bbox 2425 5547 2486 5601; x_wconf 82' lang='grc' dir='ltr'>τὸ</span> <span class='ocrx_word' id='word_1_835' title='bbox 2514 5547 2608 5601; x_wconf 78' lang='grc' dir='ltr'>καὶ</span> <span class='ocrx_word' id='word_1_836' title='bbox 2636 5546 2698 5601; x_wconf 82' lang='grc' dir='ltr'>τὸ</span> <span class='ocrx_word' id='word_1_837' title='bbox 2734 5546 2885 5618; x_wconf 88' lang='grc' dir='ltr'>αὐτῷ</span> <span class='ocrx_word' id='word_1_838' title='bbox 2913 5546 3392 5618; x_wconf 82' lang='grc' dir='ltr'>πεπλημμέληται.</span> <span class='ocrx_word' id='word_1_839' title='bbox 3453 5544 3604 5613; x_wconf 86' lang='grc' dir='ltr'>Ὅσῳ</span> 
     </span>
    </p>
   </div>
   <div class='ocr_carea' id='block_1_112' title="bbox 2019 5643 3606 5723">
    <p class='ocr_par' dir='ltr' id='par_1_112' title="bbox 2019 5643 3606 5723">
     <span class='ocr_line' id='line_1_112' title="bbox 2019 5643 3606 5723; baseline -0.002 -22"><span class='ocrx_word' id='word_1_840' title='bbox 2019 5647 2128 5720; x_wconf 78' lang='grc' dir='ltr'>γὰρ</span> <span class='ocrx_word' id='word_1_841' title='bbox 2152 5647 2218 5703; x_wconf 80' lang='grc' dir='ltr'>ἂν</span> <span class='ocrx_word' id='word_1_842' title='bbox 2252 5648 2432 5722; x_wconf 74' lang='grc' dir='ltr'>δείξῃς</span> <span class='ocrx_word' id='word_1_843' title='bbox 2455 5648 2813 5723; x_wconf 84' lang='grc' dir='ltr'>χαλεπώτερα</span> <span class='ocrx_word' id='word_1_844' title='bbox 2842 5650 2911 5704; x_wconf 81' lang='grc' dir='ltr'>τὰ</span> <span class='ocrx_word' id='word_1_845' title='bbox 2957 5648 3318 5720; x_wconf 83' lang='grc' dir='ltr'>γεγενημένα,</span> <span class='ocrx_word' id='word_1_846' title='bbox 3366 5643 3606 5717; x_wconf 82' lang='grc' dir='ltr'>τοσούτῳ</span> 
     </span>
    </p>
   </div>
   <div class='ocr_carea' id='block_1_113' title="bbox 2018 5745 3605 5825">
    <p class='ocr_par' dir='ltr' id='par_1_113' title="bbox 2018 5745 3605 5825">
     <span class='ocr_line' id='line_1_113' title="bbox 2018 5745 3605 5825; baseline -0.013 -2"><span class='ocrx_word' id='word_1_847' title='bbox 2018 5750 2119 5822; x_wconf 73' lang='grc' dir='ltr'>τῆς</span> <span class='ocrx_word' id='word_1_848' title='bbox 2178 5752 2578 5825; x_wconf 80' lang='grc' dir='ltr'>συγχωρήσεως</span> <span class='ocrx_word' id='word_1_849' title='bbox 2625 5751 3056 5825; x_wconf 88' lang='grc' dir='ltr'>ἀναγκαιοτέραν</span> <span class='ocrx_word' id='word_1_850' title='bbox 3134 5750 3453 5822; x_wconf 79' lang='grc' dir='ltr'>ἀποφαίνεις</span> <span class='ocrx_word' id='word_1_851' title='bbox 3501 5745 3605 5823; x_wconf 76' lang='grc' dir='ltr'>τὴν</span> 
     </span>
    </p>
   </div>
   <div class='ocr_carea' id='block_1_114' title="bbox 2083 5904 2581 5970">
    <p class='ocr_par' dir='ltr' id='par_1_114' title="bbox 2083 5904 2581 5970">
     <span class='ocr_line' id='line_1_114' title="bbox 2083 5904 2581 5970; baseline -0.006 -11"><span class='ocrx_word' id='word_1_852' title='bbox 2083 5904 2109 5947; x_wconf 78' lang='lat' dir='ltr'><strong>d</strong></span> <span class='ocrx_word' id='word_1_853' title='bbox 2132 5907 2280 5959; x_wconf 72' lang='lat' dir='ltr'>Savil.</span> <span class='ocrx_word' id='word_1_854' title='bbox 2308 5911 2428 5960; x_wconf 81' lang='grc' dir='ltr'>ἀλλὰ</span> <span class='ocrx_word' id='word_1_855' title='bbox 2448 5910 2581 5970; x_wconf 78' lang='grc' dir='ltr'>ἄνθη.</span> 
     </span>
    </p>
   </div>
  </div>
