3950 6414
209 426 338 484 673

197 546 537 619 ignoscendi
564 557 778 599 causam
809 555 928 595 esse
955 536 1385 602 demoustrabis,
1414 533 1556 606 quod
1591 533 1692 589 hac
1733 549 1822 588 ra-

199 641 378 695 tione
427 637 594 692 multo
633 635 890 704 majorem
945 629 1288 686 humanitatis
1334 643 1397 683 ac
1441 625 1825 680 misericordia:

199 729 507 785 materiam
556 730 609 781 in
657 725 890 780 futurum
935 723 1029 778 tibi
1069 717 1456 791 praeconditura
1497 718 1591 771 sis.
1621 716 1821 785 Quam-

201 824 417 878 obrem
444 821 601 886 iram,
630 817 842 874 etiamsi
873 814 1068 885 alioqui
1092 813 1312 884 justam,
1336 809 1563 880 depelle,
1592 807 1825 876 indigna-

204 915 432 968 tionem
463 911 734 980 sapienter
760 907 1054 976 comprime
1086 922 1100 960 :
1135 904 1238 958 hoc
1277 903 1387 957 Deo
1427 899 1676 955 sacriﬁcii
1705 899 1823 952 loco

200 1003 382 1066 oﬂ'er;
415 1002 569 1055 nobis
593 999 756 1055 etiam
777 1040 791 1063 ,
815 998 1008 1069 quibus
1051 1011 1176 1052 cara
1211 1008 1307 1060 es,
1337 992 1441 1048 hoc
1484 991 1700 1060 indulge
1727 1008 1738 1042 :
1770 1002 1824 1045 et

201 1104 505 1165 quantam,
525 1093 610 1148 vel
633 1092 780 1147 brevi
807 1091 1052 1160 epistola,
1080 1086 1218 1157 apud
1252 1095 1303 1142 te
1329 1085 1698 1140 auctoritatem
1723 1082 1822 1136 ba-

203 1191 453 1242 beamus
476 1184 721 1240 ostende.
748 1183 864 1238 Tibi
892 1182 1052 1237 etiam
1076 1181 1174 1249 ipsi
1205 1192 1396 1248 magna
1429 1177 1543 1230 ha‘c
1566 1190 1683 1245 qua:
1708 1173 1818 1228 dixi

205 1279 430 1348 praebe,
459 1292 655 1347 nempe
682 1285 737 1330 ut
763 1287 908 1329 metu
932 1289 995 1329 ac
1021 1270 1418 1343 perturbatione
1447 1282 1624 1335 vaces,
1651 1278 1709 1322 ut
1733 1277 1823 1322 tu-

205 1369 454 1422 multum
502 1366 629 1421 binc
654 1367 916 1420 orientem
961 1378 1030 1419 ex
1079 1361 1258 1417 animo
1295 1369 1385 1415 tuo
1413 1359 1616 1430 ejicias,
1645 1367 1702 1413 ut
1729 1357 1825 1412 de-

204 1461 388 1530 nique
429 1458 500 1514 ob
539 1473 658 1512 eam
684 1471 900 1512 causam
929 1469 1119 1525 magna
1150 1468 1270 1508 cum
1309 1453 1472 1506 animi
1518 1451 1709 1506 ﬁducia
1737 1450 1822 1504 in-

201 1566 468 1622 gressum
525 1551 580 1605 in
635 1565 856 1621 regnum
901 1564 930 1602 a
975 1548 1203 1618 benigno
1233 1547 1343 1601 Deo
1379 1545 1632 1615 postules.
1662 1545 1821 1599 Beni-

204 1643 428 1713 gnitate
452 1643 649 1712 quippe
687 1655 811 1712 erga
847 1639 1147 1710 proximum
1178 1637 1412 1708 ingentia
1442 1636 1644 1691 scelera
1673 1649 1824 1691 com-

203 1733 540 1788 modissime
563 1731 866 1801 expiantur.
895 1729 958 1785 Si
988 1729 1122 1784 enim
1140 1770 1154 1795 ,
1187 1728 1358 1798 inquit
1381 1725 1643 1792 Christus,
1672 1725 1822 1778 remi-

204 1826 390 1880 seritis
425 1823 711 1880 hominibus
757 1823 944 1877 delicta
987 1839 1121 1886 sua,
1152 1821 1365 1875 remittet
1411 1829 1457 1873 et
1495 1819 1631 1873 vobis
1667 1818 1822 1874 Pater

203 1925 384 1971 vester
425 1915 642 1970 ualeatis
671 1915 689 1988 (
718 1913 907 1969 Matth.
938 1913 994 1969 6.
1021 1910 1134 1986 14).
1165 1911 1290 1966 Haec
1315 1911 1476 1981 igitur
1496 1910 1676 1964 omnia
1701 1925 1822 1964 cum

205 2009 405 2064 animo
432 2017 523 2063 tuo
553 2006 919 2074 considerans,
951 2004 1016 2060 ad
1045 2019 1144 2059 nos
1167 2003 1447 2074 epistolam
1489 2002 1640 2056 mitte
1659 2043 1673 2064 ,
1701 2016 1822 2070 quae

207 2102 409 2158 literas
437 2110 648 2156 nostras
675 2099 874 2171 aliquid
903 2095 1191 2169 profecisse
1216 2097 1498 2166 signiﬁcet.
1520 2094 1652 2149 Nam
1675 2093 1818 2164 quod

205 2193 387 2249 ofﬁcii
416 2193 584 2249 nostri
617 2193 754 2247 ratio
781 2192 1098 2262 postulabat,
1127 2191 1477 2255 absolvimus,
1501 2187 1660 2257 idque
1680 2185 1822 2256 quod

209 2287 271 2340 in
313 2296 500 2339 nostro
528 2283 751 2338 arbitrio
797 2283 956 2338 situm
1001 2288 1147 2350 erat,
1195 2279 1458 2344 fecimus;
1493 2277 1818 2344 monuimus,

209 2379 566 2446 rogavimus,
601 2375 825 2446 gratiam
870 2373 1150 2444 petiimus,
1179 2387 1298 2442 quae
1324 2369 1608 2440 oportebat
1644 2369 1819 2424 suasi-

210 2484 363 2524 mus.
409 2469 524 2524 Tua
561 2467 674 2539 jam
714 2481 874 2523 causa
923 2480 1143 2537 prorsus
1189 2465 1514 2519 laboramus.
1542 2462 1677 2517 Nam
1723 2474 1824 2516 nos

209 2559 458 2629 quidem,
497 2559 612 2614 sive
637 2566 821 2614 nostra
850 2557 966 2612 hzec
989 2556 1288 2611 cohortatio
1315 2553 1511 2624 aliquid
1550 2551 1821 2618 effecerit,

211 2653 338 2708 sive
390 2651 523 2706 nihil
572 2650 819 2706 utilitatis
862 2648 1134 2716 attulerit,
1164 2663 1372 2703 merces
1416 2654 1595 2702 manet
1636 2663 1651 2702 :
1696 2645 1823 2700 licet

209 2744 366 2800 enim
408 2743 570 2798 etiam
617 2741 904 2798 verborum
953 2739 1256 2795 mercedem
1287 2739 1505 2794 referre.
1536 2736 1686 2792 Nunc
1726 2751 1823 2791 au-

219 2845 334 2890 tem
366 2834 543 2890 omnis
569 2842 753 2890 noster
782 2833 933 2889 labor
957 2848 1023 2888 eo
1051 2840 1277 2903 spectat,
1305 2841 1362 2886 ut
1381 2845 1478 2901 per
1503 2845 1616 2885 rem
1649 2829 1819 2899 ipsam

213 2933 274 2979 te
297 2939 512 2994 quoque
539 2925 812 2978 lucremur
834 2963 850 2988 ,
881 2938 944 2978 ac
973 2931 1028 2977 tu
1054 2938 1148 2992 per
1173 2921 1333 2991 hujus
1365 2922 1486 2976 vitae
1511 2928 1659 2977 recte
1685 2921 1819 2976 facta

217 3017 399 3071 futura
429 3025 484 3070 et
505 3015 827 3071 immortalia
854 3015 993 3070 bona
1021 3013 1267 3069 facillime
1297 3013 1584 3084 percipias.

214 3107 494 3169 CXVIII.
513 3107 780 3181 Episcopi:
804 3117 852 3163 et
877 3107 1176 3178 presbyteris
1200 3107 1253 3161 in
1282 3123 1481 3161 carcere
1505 3105 1820 3178 degentibus.

559 3200 694 3275 (Sub
719 3200 926 3255 initium
953 3199 1126 3256 exsilii
1153 3214 1293 3255 anno
1319 3197 1469 3268 404.)

290 3293 576 3351 Carcerem
619 3291 873 3359 incolitis,
922 3298 978 3346 et
1010 3299 1197 3346 catena
1222 3289 1386 3344 vincti
1414 3289 1543 3344 estis
1565 3330 1580 3355 ,
1611 3297 1666 3344 et
1693 3303 1816 3344 cum

215 3383 475 3456 squalidis
502 3393 559 3439 et
583 3382 813 3438 sordidis
850 3379 1040 3436 inclusi
1066 3397 1078 3435 :
1112 3389 1166 3436 et
1195 3379 1322 3450 quid
1348 3379 1560 3435 tandem
1595 3379 1697 3435 hoc
1721 3394 1819 3435 no-

219 3477 372 3532 mine
397 3475 604 3531 beatius
624 3473 776 3528 vobis
803 3472 927 3543 ﬁngi
955 3472 1156 3543 queat?
1185 3470 1320 3540 Quid
1346 3471 1488 3526 enim
1517 3470 1622 3526 tale
1661 3470 1822 3526 habet

215 3581 382 3624 aurea
437 3581 636 3622 corona
683 3573 844 3635 caput
881 3565 1120 3634 cingens,
1160 3564 1317 3633 quale
1364 3572 1551 3619 catena
1597 3579 1813 3619 manum

219 3667 443 3731 propter
488 3659 656 3713 Deum
705 3655 1091 3712 circumdans?
1145 3654 1272 3726 quid
1319 3654 1422 3709 tale
1470 3656 1712 3725 ingentes
1763 3663 1818 3710 et

216 3749 514 3821 splendida:
539 3750 750 3816 domus,
783 3748 940 3820 quale
983 3763 1193 3813 carcer,
1240 3747 1504 3817 caliginis,
1552 3747 1816 3812 sordium,

219 3846 453 3917 ingentis
480 3844 686 3902 fmtoris
710 3853 764 3898 et
789 3842 1107 3898 calamitatis
1137 3841 1346 3913 plenus,
1379 3840 1472 3895 Dei
1500 3855 1661 3895 causa
1689 3841 1823 3894 tole-

218 3939 415 3995 ratus?
443 3939 570 4006 Quae
596 3953 717 3993 cum
745 3937 816 3991 ita
848 3937 975 4000 sint,
999 3934 1246 4006 gaudete,
1277 3933 1566 3998 exsultate,
1604 3933 1818 3988 coronis

221 4037 386 4099 caput
407 4029 622 4100 cingite,
654 4027 960 4098 tripudiate,
985 4025 1149 4096 quod,
1176 4025 1456 4090 molestiae,
1491 4023 1544 4078 in
1569 4037 1701 4093 quas
1731 4022 1814 4076 in-

220 4121 429 4178 cidistis
450 4163 466 4187 ,
497 4135 742 4191 magnam
781 4119 932 4174 vobis
961 4117 1364 4173 commodorum
1397 4116 1676 4170 materiam
1723 4129 1819 4170 ac-

222 4220 461 4270 cersam.
486 4213 598 4267 Hoc
627 4211 878 4266 nimirum
905 4224 1090 4265 semen
1115 4217 1198 4263 est
1217 4249 1233 4276 ,
1258 4221 1490 4263 messem
1514 4204 1819 4275 copiosissi-

224 4320 367 4360 mam
410 4303 782 4374 prrenuntians
827 4319 841 4356 :
881 4300 984 4356 hoc
1011 4300 1188 4364 luctae,
1216 4300 1493 4354 victoriam
1536 4308 1591 4353 et
1621 4298 1822 4368 palmas

223 4396 548 4452 allerentes:
578 4395 679 4450 hoc
703 4393 972 4464 navigatio
994 4434 1010 4460 ,
1052 4390 1286 4460 amplum
1329 4399 1383 4444 et
1412 4389 1628 4444 uberem
1674 4403 1822 4457 quaa-

223 4496 368 4543 stum
385 4485 696 4542 concilians.
717 4485 843 4540 Hacc
870 4484 1028 4554 igitur
1054 4481 1246 4537 omnia.
1261 4495 1382 4535 cum
1413 4480 1605 4533 animis
1628 4482 1824 4534 vestris

225 4589 569 4650 reputantes,
605 4575 1040 4634 reverendissimi
1081 4589 1144 4628 ac
1186 4570 1573 4642 religiosissimi
1618 4569 1822 4624 domini

227 4672 354 4739 mei,
401 4670 630 4742 gaudete
671 4684 736 4725 ac
779 4666 1056 4733 laetamini,
1091 4681 1190 4720 nec
1215 4673 1422 4734 tempus
1448 4661 1615 4717 ullum
1647 4662 1817 4717 inter-

226 4765 441 4828 mittite,
471 4764 599 4834 quin
641 4762 809 4818 Deum
846 4761 900 4815 in
947 4758 1196 4815 omnibus
1241 4757 1402 4812 rebus
1460 4754 1711 4817 laudetis,
1758 4769 1823 4809 ac

225 4854 534 4911 mortiferas
562 4853 777 4909 diabolo
799 4851 982 4923 plagas
1011 4849 1252 4905 inferatis
1276 4887 1290 4914 ,
1322 4848 1701 4917 ingentemque
1726 4859 1822 4898 vo-

224 4949 308 5002 bis
348 4945 478 5016 ipsis
524 4945 576 5000 in
614 4945 758 5000 cadis
809 4940 1110 4998 mercedem
1143 4938 1472 4995 recondatis.
1523 4935 1645 4989 Non
1688 4935 1823 4989 enim

226 5037 493 5109 condigna:
525 5045 641 5091 sunt
672 5035 932 5106 passiones
960 5034 1112 5103 hujus
1151 5029 1326 5087 steculi
1354 5030 1421 5082 ad
1447 5029 1671 5098 futuram
1707 5026 1817 5098 glo-

227 5132 380 5197 riam,
425 5144 540 5200 qute
577 5125 879 5182 revelabitur
918 5125 973 5178 in
1003 5123 1140 5177 vobis
1186 5122 1361 5194 (Rom.
1389 5121 1440 5174 8.
1475 5119 1585 5189 18).
1614 5116 1694 5172 Ad
1727 5131 1825 5172 nos
1885 5114 1891 5120 ’

231 5229 404 5277 autem
437 5234 596 5290 quam
622 5217 917 5288 saepissime
945 5214 1183 5270 scribite.
1209 5215 1251 5266 Α
1284 5211 1437 5267 vobis
1465 5209 1661 5264 etenim
1689 5249 1704 5276 ,
1732 5207 1823 5278 qui

234 5312 326 5368 Dei
349 5326 508 5366 causa
535 5310 697 5365 vini-ti
729 5309 878 5374 estis,
899 5307 1100 5370 literas,
1132 5319 1251 5375 qua:
1279 5300 1598 5356 afllictiones
1619 5308 1825 5354 vestras

238 5411 525 5474 exponant,
553 5415 878 5472 magnopere
903 5398 1146 5468 accipere
1172 5394 1414 5464 cupimus
1450 5410 1464 5447 :
1495 5391 1724 5460 hincque
1746 5389 1826 5443 iu-

235 5504 466 5566 gc-ntem,
495 5493 654 5548 etiam
684 5492 735 5546 in
766 5501 984 5547 externa
1021 5497 1159 5544 terra
1198 5486 1474 5557 degentes,
1504 5480 1826 5538 consolatio-

238 5601 354 5643 nem
373 5584 671 5654 capiemus.
1613 5567 1616 5570 ί

236 5673 432 5734 CXIX.
462 5672 744 5744 Theophila
785 5671 1092 5742 presbytero.
1117 5667 1349 5737 (Scripta
1394 5679 1515 5720 cum
1558 5663 1824 5719 Cucusum

720 5770 970 5834 pergeret
1011 5774 1151 5814 anno
1180 5757 1332 5826 110i.)

308 5853 446 5926 Ergo
469 5861 811 5924 pesteaquam
859 5852 950 5908 tibi
1000 5868 1028 5905 a
1069 5865 1152 5906 me
1200 5845 1466 5904 scribendi
1490 5844 1651 5918 janua
1681 5851 1823 5917 pate-

1682 421 2060 482 EPISTOLE.

3415 426 3524 502 67/.

1928 534 2065 592 facta
2091 542 2194 598 est,
2230 534 2354 590 illud
2385 535 2626 603 ostende,
2657 543 2709 593 te
2733 537 2997 609 superiori
3022 547 3266 610 tempore
3284 556 3390 596 non
3426 559 3520 597 ne-

1928 626 2178 696 gligentia
2214 628 2463 692 tacuisse,
2493 643 2700 693 verum,
2729 630 2872 701 quod
2904 631 3034 686 illud
3065 642 3429 703 exapcctares,
3465 647 3521 688 ut

1930 717 2025 773 tibi
2055 732 2085 771 a
2117 733 2202 774 me
2240 719 2506 775 scribendi
2551 720 2746 776 ﬁducia
2772 723 3104 792 prmberetur
3135 744 3149 780 :
3194 741 3257 780 ac
3301 726 3432 780 mihi
3469 728 3523 782 li-

1931 819 2163 864 terarum
2195 825 2313 881 qua;
2338 826 2426 866 me
2452 811 2518 868 de
2549 813 2780 870 nominis
2803 815 2875 870 tui
2897 816 3157 882 claritate,
3187 817 3272 872 cui
3296 826 3528 888 quanto-

1929 916 2056 970 pere
2086 900 2290 958 faveam
2341 918 2448 958 non
2481 905 2716 972 ignoras,
2759 908 3044 963 certiorem
3078 907 3294 976 faciant,
3344 911 3530 980 ingen-

1929 1000 2036 1046 tem
2063 994 2274 1062 copiam
2301 994 2492 1070 mitte:
2524 1012 2621 1051 nec
2651 996 2920 1066 permitte,
2952 1007 3008 1053 ut
3057 1001 3306 1056 maeroris
3335 1010 3520 1072 tyran-

1928 1083 2011 1138 nis
2043 1084 2095 1137 in
2122 1085 2392 1141 silentium
2417 1095 2475 1141 te
2504 1086 2775 1156 conjiciat,
2803 1104 2992 1143 verum
3027 1105 3145 1145 eam
3175 1091 3362 1161 quavis
3399 1107 3520 1147 ara-

1928 1193 2046 1232 nea:
2077 1177 2180 1231 tela
2231 1177 2438 1234 facilius
2472 1179 2738 1250 dirumpe,
2769 1189 2930 1252 atque
2957 1181 3189 1238 alacrem
3221 1192 3272 1240 te
3299 1185 3353 1240 in
3399 1185 3518 1242 acie

1928 1268 2124 1338 praebe,
2158 1283 2254 1338 per
2279 1269 2547 1340 ingentem
2577 1273 2824 1327 ﬁduciam
2846 1289 2910 1328 ac
2938 1274 3236 1331 libertatem
3263 1277 3518 1333 adversa-

1928 1359 2038 1413 rios
2063 1368 2328 1415 sternens.
2356 1361 2508 1418 Nunc
2532 1363 2890 1433 adipiscenda:
2910 1365 3114 1435 gloriae,
3141 1377 3301 1438 atque
3331 1369 3519 1440 ingen-

1933 1451 2000 1506 tis
2021 1461 2257 1522 quarstus
2293 1454 2520 1510 faciendi
2553 1464 2762 1526 tempus
2791 1465 2894 1513 est.
2921 1458 3102 1529 Neque
3126 1461 3269 1516 enim
3305 1477 3511 1519 merca-

1929 1551 2032 1607 tor,
2064 1543 2190 1598 dum
2215 1545 2266 1599 in
2298 1554 2453 1616 portu
2488 1546 2717 1615 desidet,
2754 1563 2965 1604 merces
2993 1551 3233 1622 colligit;
3261 1553 3356 1608 sed
3395 1552 3518 1609 dum

1927 1633 2158 1704 ingentia
2203 1635 2372 1690 maria
2419 1637 2635 1706 trajicit,
2685 1653 2749 1694 ac
2794 1639 2988 1697 ﬂuctus
3027 1641 3295 1714 intrepido
3337 1644 3517 1700 animo

1927 1725 2057 1791 adit,
2106 1735 2266 1796 atque
2310 1743 2432 1784 cum
2472 1728 2609 1785 fame
2647 1739 2703 1786 et
2745 1730 2874 1786 feris
2917 1734 3137 1789 marinis
3177 1736 3519 1807 colluetatur,

1927 1819 2227 1889 multasque
2271 1821 2404 1875 alias
2441 1820 2782 1878 difﬁcultates
2821 1824 2986 1881 subit.
3030 1825 3156 1881 Haec
3199 1828 3360 1898 igitur
3403 1829 3520 1900 ipse

1928 1925 2139 1981 quoque
2162 1912 2340 1967 animo
2360 1913 2742 1984 complectens,
2763 1931 2956 1987 nempe
2979 1917 3358 1988 periculorum,
3384 1921 3516 1978 lucri

1927 2002 2086 2056 etiam
2133 2017 2444 2073 magnaeque
2479 2004 2663 2075 gloriae
2687 2047 2702 2072 ,
2734 2021 2798 2062 ac
2846 2008 3190 2078 prtemiorum
3221 2011 3366 2066 omni
3403 2027 3520 2067 ser-

1927 2108 2089 2148 mone
2111 2096 2540 2162 prazstantiorum
2563 2104 2773 2166 tempus
2807 2113 2948 2164 esse,
2983 2098 3065 2154 fac
3092 2101 3254 2155 animi
3283 2102 3356 2157 tui
3388 2117 3521 2173 pen-

1927 2200 2050 2239 nam
2081 2187 2303 2252 excites,
2336 2196 2494 2257 atque
2520 2203 2750 2244 excusso
2777 2190 3025 2245 maeroris
3071 2193 3291 2260 pulvere
3325 2209 3519 2265 magna

1925 2288 2046 2330 cum
2070 2273 2324 2331 facilitate
2347 2277 2650 2332 universam
2671 2278 2986 2351 phalangem
3011 2280 3195 2348 obeas,
3223 2298 3519 2355 omnesque

1928 2366 2182 2433 instruas,
2230 2382 2412 2436 acuas,
2439 2369 2664 2455 excites,
2690 2371 3026 2440 corrobores,
3060 2376 3523 2446 promptioresque

1927 2474 1991 2514 ac
2031 2459 2395 2530 diligentiores
2419 2460 2636 2516 reddas.
2669 2462 2845 2533 Atque
2874 2463 2990 2518 haec
3027 2465 3182 2520 nobis
3221 2481 3315 2536 per
3342 2466 3524 2523 literas

1930 2558 2047 2606 tuas
2077 2544 2329 2622 expone':
2370 2567 2468 2608 nec
2504 2567 2570 2609 eo
2595 2553 2738 2624 quod
2771 2562 2886 2609 tuas
2914 2555 3029 2624 ipse
3054 2555 3240 2611 laudes
3264 2568 3516 2613 narratu-

1927 2656 2020 2696 rus
2063 2644 2159 2710 sis,
2197 2652 2412 2710 metue;
2443 2659 2650 2712 verum,
2694 2653 2754 2700 ut
2783 2645 2924 2717 quod
2965 2661 2996 2700 a
3021 2647 3175 2702 nobis
3201 2648 3522 2719 imperatum

1928 2742 2012 2789 est
2039 2733 2240 2790 faciens
2261 2776 2277 2802 ,
2302 2736 2439 2792 hanc
2464 2737 2621 2794 nobis
2647 2738 2973 2808 voluptatem
3015 2740 3155 2794 dona
3181 2759 3195 2795 :
3226 2758 3334 2812 quo
3361 2745 3524 2800 etiam

1929 2827 2112 2896 procul
2159 2827 2352 2891 dissiti,
2391 2829 2660 2899 ingentem
2709 2829 2953 2887 lzetitiam
2992 2832 3285 2903 capiamus,
3312 2851 3375 2890 ea
3402 2851 3522 2907 qua:

1928 2916 2069 2972 scire
2093 2917 2335 2974 cupimus
2361 2918 2457 2974 abs
2484 2928 2535 2974 te
2563 2919 2860 2976 audientes.

1927 3052 2094 3109 CXX.
2127 3052 2406 3109 Theodoro:
2432 3055 2473 3109 ί.
2498 3052 2783 3128 (Czesarea:
2809 3057 2862 3111 in
2893 3056 3225 3128 Cappadocia
3251 3074 3378 3116 cum
3416 3062 3518 3120 iret

2383 3145 2437 3200 in
2467 3145 2710 3202 exsilium
2737 3162 2880 3204 anno
2905 3149 3059 3220 404.)

1963 3294 1970 3298 “
1999 3276 2240 3333 Confecti
2274 3285 2434 3348 atque
2459 3279 2757 3349 consumpti
2789 3294 2973 3335 sumus
3001 3322 3017 3350 ,
3045 3289 3295 3338 sexcenta
3334 3284 3524 3341 mortis

1927 3385 2124 3441 genera
2146 3370 2470 3440 oppetiimus
2504 3388 2517 3424 :
2548 3370 2707 3441 idque
2742 3373 3041 3428 accuratius
3068 3388 3131 3428 ac
3156 3376 3354 3430 certius
3396 3393 3522 3431 nar-

1927 3479 2049 3518 rare
2077 3468 2341 3532 poterunt,
2383 3462 2473 3533 qui
2515 3462 2612 3518 has
2640 3463 2820 3519 literas
2851 3465 2942 3520 tibi
2975 3465 3238 3534 reddent;
3274 3467 3522 3538 quamvis

1924 3563 2120 3634 alioqui
2163 3564 2456 3634 perexiguo
2506 3565 2761 3634 temporis
2803 3575 3000 3634 puncto
3042 3581 3252 3621 mecum
3302 3569 3522 3634 fuerint,

1925 3654 2240 3725 quibuscum
2269 3657 2430 3710 etiam
2461 3671 2531 3710 ne
2559 3657 2820 3710 tantillum
2847 3657 3061 3727 quidem
3091 3659 3323 3730 colloqui
3344 3660 3513 3729 potui,

1923 3747 2188 3802 continuis
2212 3749 2460 3804 nimirum
2490 3749 2724 3805 febribus
2747 3750 2986 3819 dejectus
3017 3768 3029 3806 :
3058 3753 3251 3821 quibus
3281 3769 3404 3808 cum
3441 3765 3520 3808 te-

1929 3854 2106 3905 nerer,
2151 3839 2270 3896 dies
2303 3849 2594 3912 noctesque
2620 3841 2722 3895 iter
2744 3841 2920 3897 facere
2944 3843 3196 3912 cogebar,
3225 3846 3302 3900 sic
3330 3845 3520 3900 videli-

1924 3941 2032 3999 cet,
2057 3940 2115 3987 ιιι
2154 3941 2208 3988 et
2233 3942 2364 3988 testu
2404 3935 2755 4003 Opprimerer,
2800 3942 2856 3988 et
2891 3934 3084 4004 vigiliis
3124 3936 3434 4000 conﬁcerer,
3470 3945 3525 3992 et

1926 4039 2102 4080 rerum
2121 4025 2540 4080 necessariarum
2554 4026 2796 4095 penuria,
2811 4040 3104 4096 eorumque
3116 4028 3204 4097 qui
3225 4029 3324 4082 mei
3341 4044 3524 4084 curam

1925 4137 2110 4193 gerere
2137 4130 2376 4191 possent,
2404 4122 2602 4191 inopia,
2632 4121 2837 4190 perdite
2863 4121 3220 4176 conﬁictarer.
3247 4123 3523 4190 Siquidem

1928 4213 1991 4267 iis
2009 4214 2098 4283 qui
2128 4213 2194 4267 ad
2217 4213 2429 4268 metalla
2443 4213 2676 4267 damnati
2696 4222 2837 4276 sunt,
2867 4212 2991 4267 etin
3012 4213 3237 4267 vinculis
3256 4222 3524 4281 tenentur,

1925 4303 2171 4374 graviora
2217 4313 2272 4358 et
2323 4304 2588 4358 atrociora
2638 4303 2976 4374 pertulimus,
3027 4312 3187 4374 atque
3231 4305 3522 4359 etiamnum

1927 4395 2265 4466 perferimus.
2295 4395 2536 4476 Tandem
2565 4403 2742 4450 autem
2772 4393 3058 4464 aliquando
3079 4405 3132 4448 et
3171 4411 3312 4464 mgre
3339 4393 3527 4449 Ctesa-

1927 4505 2075 4546 ream
2107 4489 2346 4560 perveni,
2375 4488 2598 4560 perinde
2635 4498 2796 4558 atque
2838 4503 2868 4542 a
2914 4496 3228 4557 tempestate
3270 4488 3336 4542 ad
3382 4497 3525 4542 tran-

1927 4580 2243 4652 quillitatem
2275 4589 2330 4635 et
2353 4579 2420 4633 ad
2447 4589 2680 4649 portum.
2712 4579 2905 4634 Verum
2951 4595 3017 4634 ne
3041 4578 3129 4632 hic
3150 4578 3362 4647 quidem
3403 4594 3524 4647 por-

1929 4681 2013 4727 tus
2035 4686 2151 4725 eam
2178 4671 2285 4725 vim
2314 4669 2518 4732 habuit,
2549 4678 2607 4724 ut
2632 4684 2718 4723 me
2744 4684 2810 4723 ex
2849 4669 2912 4722 iis
2938 4668 3110 4733 malis,
3145 4683 3262 4736 quae
3289 4683 3355 4722 ex
3384 4676 3524 4723 tem-

1931 4773 2135 4842 pestate
2170 4770 2551 4817 contraxeram
2575 4801 2589 4827 ,
2621 4767 2889 4814 recrearet
2918 4777 2931 4813 ε
2963 4773 3128 4829 usque
3153 4758 3290 4812 adeo
3320 4774 3437 4822 me,
3465 4770 3525 4814 llf.

1929 4855 2042 4926 jam
2088 4854 2219 4921 dixi,
2251 4854 2396 4924 prius
2421 4862 2628 4921 tempus
2655 4849 2978 4904 confecerat.
3013 4849 3116 4903 Sed
3149 4858 3323 4902 tamen
3353 4850 3530 4903 (Resa-

1928 4965 2076 5005 ream
2105 4948 2401 5019 ingressus,
2430 4946 2668 5000 animum
2695 4944 3023 5013 aliquantum
3060 4943 3347 5012 resumpsi,
3387 4959 3526 5011 quo-

1930 5041 2073 5096 niam
2099 5055 2283 5111 puram
2313 5053 2506 5109 aquam
2535 5036 2667 5104 bibi,
2703 5051 3001 5106 panemque
3033 5035 3250 5089 minime
3279 5035 3526 5090 l'mtidum

1929 5145 1992 5186 ac
2021 5131 2323 5201 praedurum
2353 5127 2562 5184 comedi
2588 5127 2867 5197 :quoniam
2888 5126 2942 5179 in
2973 5125 3233 5180 doliorum
3261 5123 3526 5196 fragium-

1931 5223 2002 5278 tis
2027 5237 2132 5278 non
2156 5233 2215 5276 ut
2246 5229 2401 5276 antea
2424 5233 2620 5289 corpus
2643 5218 2768 5284 lavi,
2791 5217 2886 5273 sed
2915 5217 3189 5284 balneum,
3213 5215 3526 5286 qualecum-

1931 5331 2034 5387 que
2065 5316 2278 5371 tandem
2301 5313 2452 5381 illud,
2475 5322 2664 5368 nactus
2693 5327 2813 5368 sum
2847 5330 2862 5366 :
2894 5312 3145 5383 quoniam
3171 5311 3404 5384 denique
3430 5327 3526 5380 pn-
3599 5329 3604 5335 ~

1932 5416 2096 5463 testas
2123 5406 2336 5462 interim
2379 5404 2506 5460 mihi
2535 5405 2674 5461 lecto
2700 5404 3056 5460 decumbendi
3077 5405 3213 5458 facta
3244 5412 3346 5457 est.
3369 5403 3525 5457 Plura

1932 5499 2112 5554 dicere
2143 5497 2339 5552 licebat
2368 5515 2380 5550 :
2408 5512 2594 5551 verum
2627 5512 2695 5551 ne
2719 5495 2960 5550 animum
2993 5505 3140 5549 tuum
3181 5492 3528 5560 conturbem,

1931 5592 2021 5648 hic
2065 5590 2299 5647 sermoni
2342 5591 2501 5646 linem
2548 5591 2784 5660 impono.
2830 5588 2962 5644 lllud
2993 5587 3184 5644 addam
3206 5628 3222 5654 ,
3254 5594 3313 5641 ut
3343 5595 3522 5642 tecum

1931 5701 2106 5758 agam,
2138 5699 2206 5741 ne
2235 5699 2348 5751 eos,
2377 5699 2408 5739 a
2433 5681 2626 5755 quibus
2646 5697 2909 5750 amamur,
2942 5679 3151 5753 probris
3172 5695 3420 5751 umquam
3442 5680 3519 5733 iu-

1997 5847 2014 5880 ί
2053 5844 2325 5908 Vaticanus,
2354 5839 2612 5894 Theodoro.
