3950 6372
528 539 723 602 sectari
749 538 990 602 desistas,
1025 529 1166 606 quod
1199 545 1321 587 eum
1361 537 1439 582 tot
1462 525 1664 580 amicos
1699 507 1966 591 tantisque
1994 517 2111 589 epi-

529 636 630 691 bus
659 642 714 689 et
740 629 972 704 potentia
995 623 1246 698 praeditos
1270 619 1584 683 habeamus,
1617 615 1758 671 haud
1785 623 1964 669 tamen
1988 609 2120 704 illud

528 703 844 794 consequuti
870 734 1074 780 sumus,
1103 713 1245 786 quod
1275 711 1438 768 etiam
1466 706 1713 765 scelerati
1742 705 1989 760 homines
2018 703 2123 757 im-

529 823 760 887 petrant,
806 825 996 882 nempe
1026 818 1081 863 ut
1109 807 1164 862 in
1188 803 1398 862 mitiore
1429 817 1491 857 ac
1521 797 1901 872 prepinquiore
1941 795 2122 865 aliquo

527 909 645 962 loco
674 904 1066 960 collocarentur
1097 917 1112 954 :
1152 913 1364 960 verum,
1395 910 1621 966 corpore
1647 893 1808 948 etiam
1837 888 2121 959 nobisjam

530 999 699 1053 fracto
729 1006 890 1070 atque
929 993 1197 1058 confecto,
1243 999 1298 1046 et
1343 989 1646 1044 Isaurorum
1688 996 1892 1040 terrore
1941 981 2121 1037 omnia

525 1091 830 1158 obsidente,
880 1089 1070 1160 exigua
1111 1099 1323 1158 quoque
1372 1092 1430 1137 et
1458 1082 1577 1136 vilis
1607 1080 1722 1135 hcce
1761 1079 1930 1148 gratia
1967 1072 2123 1129 nobis

529 1190 718 1251 negata
762 1190 865 1236 est.
903 1179 1017 1234 iloe
1039 1189 1253 1250 quoque
1294 1175 1514 1229 nomine
1546 1172 1640 1227 Dei
1670 1171 1837 1242 gloria
1867 1167 2126 1238 praedice-

532 1287 642 1330 tur.
681 1273 866 1344 Neque
902 1270 1046 1332 enim
1076 1269 1126 1326 ei
1171 1277 1386 1339 propter
1413 1267 1590 1321 omnia
1621 1264 1842 1336 gloriam
1869 1261 2124 1317 exhibere

527 1367 844 1424 desinimus.
876 1363 959 1421 Sit
985 1379 1166 1424 nomen
1193 1363 1305 1434 ejus
1335 1359 1644 1414 benedictum
1673 1357 1725 1410 in
1755 1356 1941 1410 sarcula
1997 1351 2120 1426 (Job

531 1459 722 1528 ιλιι.
759 1458 832 1511 De
884 1465 940 1511 te
977 1471 1108 1510 vero
1149 1453 1278 1508 illud
1317 1451 1666 1507 vehementer
1707 1463 1825 1502 sum
1876 1448 2120 1509 miratus,

529 1548 694 1621 quod,
741 1563 863 1608 cum
918 1555 1161 1620 quartam
1197 1544 1307 1615 jam
1353 1543 1510 1608 hanc,
1555 1540 1831 1596 autetiam
1879 1539 2122 1608 quintam

532 1639 812 1714 epistolam
842 1637 909 1692 ad
929 1645 979 1692 te
1006 1636 1266 1699 miserim,
1300 1634 1509 1689 unicam
1539 1639 1717 1686 tamen
1740 1631 2015 1685 dumtaxat
2035 1644 2128 1683 ae-

530 1733 670 1806 cepi.
692 1731 852 1804 Atqui
873 1730 1068 1799 smpius
1091 1723 1330 1783 scribere
1355 1725 1574 1780 minime
1597 1723 1813 1779 difﬁcile
1840 1729 1974 1777 erat.
1999 1721 2125 1776 lico

530 1839 690 1896 porro
715 1837 820 1876 non
844 1819 1127 1876 accusandi
1154 1819 1334 1874 animo
1353 1818 1476 1873 dico
1506 1833 1521 1871 :
1554 1816 1792 1872 caritatis
1818 1816 1961 1870 enim
1988 1813 2112 1866 offl-

527 1917 610 1971 cia
640 1915 926 1972 voluntatis
953 1923 1098 1980 sunt,
1128 1928 1236 1967 non
1264 1911 1622 1966 necessitatis.
1645 1909 1847 1964 Verum
1875 1905 2004 1961 illud
2037 1920 2124 1962 me

527 2009 667 2063 male
689 2007 871 2072 habet,
899 2006 1043 2080 quod
1064 2021 1148 2061 me
1174 2020 1240 2060 ex
1262 2005 1442 2060 animo
1469 2013 1560 2057 tuo
1588 2001 1867 2057 confestim
1896 1999 2121 2069 cjecisti:

528 2106 588 2152 ut
610 2114 730 2170 qua:
761 2107 865 2152 tam
903 2098 1062 2172 longo
1086 2105 1327 2166 tempore
1351 2110 1508 2149 unam
1538 2092 1818 2148 dumtaxat
1844 2091 2124 2161 epistolam

526 2189 595 2246 ad
627 2205 712 2246 me
739 2189 970 2244 miseris.
999 2188 1283 2254 Quocirca,
1316 2187 1361 2242 si
1391 2185 1523 2240 nihil
1553 2199 1714 2256 grave
1741 2198 1803 2238 ac
1836 2183 2123 2237 molestum

527 2284 623 2338 abs
665 2291 717 2338 te
764 2283 1013 2355 petimus,
1057 2280 1160 2336 hoc
1196 2279 1354 2334 nobis
1397 2279 1596 2350 praebe,
1629 2277 1772 2348 quod
1812 2278 1887 2336 tui
1920 2274 2125 2330 arbitrii

531 2381 636 2439 est,
684 2381 894 2444 tumque
933 2370 1238 2443 potestatis.
1278 2369 1412 2424 Nam
1451 2368 1519 2424 de
1544 2368 1752 2423 eat-teris
1790 2367 1950 2421 rebus
1990 2364 2126 2421 nihil

530 2463 626 2517 tibi
658 2463 854 2537 negotii
883 2462 1090 2518 facesso
1118 2480 1133 2516 :
1166 2476 1235 2517 ne
1266 2469 1620 2530 prteterquam
1647 2458 1788 2529 quod
1835 2457 1966 2512 nihil
1996 2471 2124 2528 pro-

529 2556 728 2621 ﬁciam,
771 2554 935 2612 etiam
956 2553 1132 2622 gravis
1153 2560 1207 2608 et
1235 2552 1566 2634 impprtunus
1597 2550 1691 2608 tibi
1713 2565 1834 2606 esse
1857 2550 2059 2605 videar.

553 2711 755 2769 CXXI.
789 2711 976 2767 Arabio
1005 2709 1105 2786 (a).
1153 2711 1488 2864 (Anteqm)
1513 2709 1779 2764 (hiemum
1823 2707 2127 2764 advenisset

1149 2810 1298 2850 anno
1437 2833 1450 2848 .

1149 2810 1298 2850 anno
1320 2810 1450 2849 4M.

596 2930 806 2987 Maerori
829 2947 924 2986 sua
948 2947 1137 2986 merces
1161 2939 1252 2987 ert.
1274 2960 1343 2970 —
1369 2929 1614 2984 Maeroris
1636 2927 1929 2992 fornacem,
1959 2941 2119 2996 quam

521 3025 685 3081 obea
716 3065 732 3091 ,
758 3040 880 3095 qua;
920 3023 1210 3082 adversum
1254 3037 1352 3077 nos
1391 3028 1694 3091 perpetrata
1735 3027 1861 3076 sunt
1889 3059 1906 3085 .
1943 3019 2124 3074 animo

523 3114 878 3182 circumfers,
919 3130 985 3172 ex
1039 3114 1146 3169 tuis
1187 3113 1364 3168 literis
1399 3112 1736 3182 apertissime
1776 3109 2036 3180 cognovi:
2069 3116 2126 3164 et

522 3210 742 3283 quidem
765 3217 892 3268 ante
916 3209 1028 3278 iam
1055 3221 1330 3268 noveram.
1375 3205 1559 3276 Neque
1586 3203 1728 3264 enim
1759 3202 1866 3257 vim
1895 3216 2017 3261 eam
2041 3201 2123 3255 la-

523 3317 828 3374 crymarum
853 3342 869 3370 ,
895 3315 1058 3372 quam
1080 3315 1204 3358 cum
1242 3299 1474 3370 primum
1505 3297 1619 3356 bare
1649 3296 1787 3351 mala
1815 3303 2125 3351 texerentur

524 3395 916 3470 profundebas,
947 3408 1198 3464 umquam
1233 3391 1475 3450 oblivisci
1501 3391 1820 3464 poterimus.
1853 3389 2122 3445 Caeterum

522 3485 748 3558 epistola
765 3501 977 3558 quoque
995 3495 1080 3544 tua
1109 3500 1216 3540 non
1240 3485 1436 3551 minus,
1457 3497 1616 3554 quam
1648 3482 1754 3540 illa:
1782 3481 2034 3558 lacrymze
2057 3495 2123 3535 ac

523 3577 770 3652 gemitus,
803 3579 1050 3633 mteroris
1076 3575 1346 3631 ﬂammam
1368 3617 1384 3643 ,
1417 3591 1535 3645 qum
1564 3573 1615 3628 in
1655 3589 1750 3628 cor
1797 3581 1947 3627 tuum
1988 3572 2124 3628 irre-

523 3671 651 3740 psit,
680 3669 834 3723 nobis
878 3667 1147 3739 patefecit.
1179 3666 1380 3726 Horum
1413 3675 1470 3724 tu
1500 3663 1806 3720 mercedem
1833 3678 1865 3717 a
1893 3662 2123 3732 benigno

526 3761 636 3814 Deo
661 3769 952 3830 exspecta:
983 3766 1067 3814 est
1102 3758 1251 3816 enim.
1285 3758 1447 3815 etiam
1489 3755 1738 3811 maeroris
1767 3769 1974 3809 merces
2004 3769 2120 3808 ma-

520 3866 626 3924 gna
652 3861 809 3921 atque
846 3850 1043 3919 ampla.
1070 3848 1202 3904 Nam
1242 3857 1297 3903 et
1331 3863 1396 3903 eo
1423 3856 1664 3918 tempore
1688 3886 1701 3911 ,
1731 3861 1838 3915 quo
1863 3843 2002 3914 apud
2029 3843 2122 3899 Ju-

521 3944 669 3998 daeos
691 3945 817 3998 vitia
872 3942 1188 4014 flagrabant,
1213 3941 1454 3996 nonnulli
1480 3949 1654 4007 erant,
1680 3937 1770 4009 qui
1793 3953 1913 3992 cum
1935 3952 2120 3992 eorum

520 4035 725 4090 scelera
751 4036 1023 4105 corrigere
1056 4049 1162 4089 non
1190 4041 1408 4104 possent
1432 4074 1448 4100 ,
1481 4032 1626 4088 luctu
1653 4031 1932 4086 dumtaxat
1955 4038 2010 4084 et
2039 4029 2120 4083 la—

520 4126 721 4198 crymis
742 4140 806 4179 ea
834 4124 1314 4194 prosequebantur,
1337 4133 1498 4192 atque
1524 4119 1788 4191 ejusmodi
1813 4118 2120 4175 mercedem

520 4217 838 4286 consequuti
879 4224 1050 4280 sunt,
1095 4222 1154 4269 ut
1203 4229 1326 4268 eum
1374 4213 1554 4268 cmteri
1599 4226 1788 4266 omnes
1834 4211 2118 4280 perirent,

522 4316 683 4379 atque
710 4308 1073 4362 internecione
1096 4305 1410 4361 delerentur
1435 4347 1450 4371 ,
1485 4303 1586 4374 ipsi
1627 4304 1761 4357 iram
1803 4301 2118 4372 effugerent.

527 4397 677 4453 Pone
705 4398 906 4469 signum
929 4439 944 4463 ,
975 4397 1146 4468 inquit
1186 4395 1458 4465 Scriptura
1487 4437 1502 4462 ,
1539 4411 1691 4466 super
1724 4395 1892 4449 vultus
1917 4411 2120 4465 gemen-

521 4494 648 4547 tium
667 4503 712 4547 et
742 4491 1019 4546 dolentium
1043 4491 1060 4561 (
1083 4490 1269 4544 Ezeclt.
1308 4488 1360 4544 9.
1393 4489 1426 4543 4
1531 4488 1688 4558 Atqui
1723 4501 1830 4541 non
1861 4486 2122 4555 impedie-

522 4585 651 4641 bant
674 4583 961 4655 quominus
983 4582 1100 4636 haec
1128 4583 1332 4644 tierent,
1362 4579 1455 4635 sed
1469 4579 1590 4650 quia
1615 4578 1755 4649 quod
1785 4578 1836 4632 in
1855 4578 1985 4646 ipsis
2005 4583 2123 4632 erat

523 4677 883 4748 praestabant,
912 4675 1200 4746 gemebant
1228 4672 1434 4727 scilicet
1455 4681 1614 4741 atque
1640 4670 1929 4735 dolebant,
1952 4669 2123 4722 maxi-

523 4787 667 4825 mum
702 4770 826 4823 hinc
852 4769 952 4822 sibi
978 4767 1289 4840 prmsidium
1315 4773 1716 4835 compararunt.
1753 4763 1860 4817 Vos
1881 4776 2119 4833 quoque,

523 4862 724 4915 dmuini
754 4861 882 4927 mei,
914 4860 1032 4915 sine
1057 4861 1166 4926 ulla
1198 4859 1602 4914 intermissione
1630 4858 1747 4912 hare
1775 4858 1954 4927 lugete
1980 4897 1994 4920 ,
2027 4856 2121 4910 be-

521 4953 848 5024 nignumque
887 4953 1052 5008 Deum
1094 4963 1245 5009 orate
1274 4993 1290 5020 ,
1316 4962 1374 5010 ut
1403 4967 1689 5012 commune
1730 4951 1879 5006 orbis
1908 4950 2123 5006 naufra-

524 5047 665 5110 gium
723 5045 1063 5114 comprimat.
1106 5045 1269 5100 Scitis
1316 5045 1459 5100 enim
1512 5047 1828 5115 perspicue,
1857 5043 2070 5114 inquam
2103 5083 2120 5110 ,

517 5135 674 5193 scitis
697 5137 877 5191 omnia
907 5138 1222 5194 tumultibus
1252 5154 1314 5194 ac
1339 5138 1741 5210 perturbatione
1777 5137 1933 5208 plena
1954 5153 2073 5192 esse
2103 5179 2118 5205 ,

523 5233 626 5285 hec
659 5243 757 5299 pro
799 5227 1398 5300 Constantinpolitana
1440 5239 1647 5286 tantum
1675 5229 1808 5286 urbe
1839 5271 1854 5296 ,
1887 5229 1982 5285 sed
2023 5245 2122 5300 pro

525 5324 782 5379 universo
807 5331 1067 5377 terrarum
1090 5324 1220 5379 orbe
1241 5340 1428 5394 preces
1453 5323 1753 5380 fundendas
1775 5338 1896 5378 esse
1916 5340 1929 5377 :
1949 5337 2122 5393 quan-

515 5417 811 5489 doquidem
834 5415 1036 5472 malum
1055 5415 1206 5470 initio
1225 5416 1350 5471 hinc
1367 5417 1548 5482 ducto,
1580 5415 1821 5488 pestiferi
1839 5414 2122 5484 cujusdam

527 5509 770 5578 proﬂuvii
799 5509 968 5564 instar
996 5507 1227 5564 ell'usum
1259 5550 1273 5574 ,
1311 5523 1408 5578 per
1443 5509 1753 5563 universum
1792 5509 1981 5562 orbem
2023 5507 2124 5561 Ec-

526 5602 716 5658 clesias
739 5608 1028 5670 pervastat.
1062 5599 1218 5668 Quod
1247 5609 1428 5655 autem
1467 5614 1497 5653 a
1529 5599 1683 5655 nobis
1715 5598 1952 5670 postulas
1973 5639 1989 5665 ,
2021 5598 2126 5653 hoc

525 5697 688 5752 etiam
714 5696 849 5766 ipse,
883 5693 1139 5766 quamdiu
1174 5708 1404 5764 corpore
1445 5693 1587 5749 inter
1613 5708 1711 5749 nos
1732 5691 1985 5764 disjuncti
2013 5691 2126 5748 eri-

524 5827 1079 5949 ‘.!;:3[.:;I:i:t:u;dfabium
1116 5835 1463 5881 commemorat
1503 5838 1650 5892 supra
1685 5829 1732 5878 in
1768 5824 1972 5892 epistola
1991 5826 2042 5889 8,
2068 5827 2125 5877 ad

1239 417 1297 474 5.
1337 412 1614 473 JOANNIS
1638 405 2118 468 CHRYSOSTOMI

2228 401 2469 463 iClIlEP.
2499 401 3038 462 CONSTANTlNOP.
3675 409 3753 470 676

2229 533 2351 574 mus
2380 517 2526 588 (nam
2565 519 2748 574 animo
2789 533 3008 589 semper
3039 526 3100 575 et
3125 528 3298 577 tecum
3332 527 3526 577 etcum
3553 523 3760 584 universa

2228 617 2316 665 tua
2353 607 2552 664 familia
2593 610 2872 666 constricti
2895 611 3102 683 sumus)
3124 652 3141 680 ,
3172 619 3233 668 ut
3264 611 3426 670 facias
3459 630 3658 685 quaso,
3678 615 3760 677 hoc

2228 710 2313 758 est
2341 716 2485 772 saepe
2522 702 2589 758 ad
2621 718 2720 759 nos
2759 703 2996 764 scribere
3020 743 3038 771 ,
3069 719 3272 776 nosque
3295 705 3364 763 de
3391 714 3480 765 tua
3506 708 3764 770 valetudine

2227 795 2486 850 certiores
2511 793 2687 851 facere
2713 810 2781 851 ne
2804 796 3065 867 graveris.
3113 796 3232 853 Seis
3257 797 3400 854 enim
3423 815 3574 870 quam
3594 811 3765 872 gratum

2229 885 2282 940 id
2311 886 2467 941 nobis
2490 885 2724 942 futurum
2756 887 2844 942 sit.
2873 888 3135 956 Quoniam
3177 899 3358 948 autem
3393 907 3491 949 nos
3513 893 3566 950 in
3587 895 3764 960 (latium

2229 985 2374 1033 tuam
2404 977 2672 1036 divertere
2693 979 2904 1052 jussist't
2926 1023 2940 1048 ,
2972 991 3031 1038 ut
3077 992 3198 1053 post.
3235 983 3526 1054 profectum
3565 987 3764 1059 edidici,

2229 1073 2368 1128 scito
2393 1073 2624 1129 inimicis
2655 1073 2854 1130 nostris
2885 1091 2993 1131 non
3015 1077 3129 1145 jam
3151 1077 3416 1147 placuisse
3435 1089 3492 1134 at
3513 1079 3767 1140 Sebastia-

2228 1163 2650 1232 abduceremur,
2681 1181 2865 1222 verum
2891 1167 2945 1222 in
2973 1167 3398 1225 desertissimum
3425 1171 3596 1227 locum
3618 1172 3768 1230 Arine-

2230 1255 2334 1310 niae
2358 1253 2646 1325 (Incusum,
2674 1267 2834 1328 atque
2863 1258 2934 1314 ob
2959 1258 3264 1316 lsaurornm
3291 1261 3637 1322 incursionem
3658 1266 3770 1334 peri-

2230 1347 2648 1404 culosissimum.
2689 1349 2810 1404 Tibi
2841 1359 3016 1405 tamen
3050 1351 3276 1421 gratiam
3321 1352 3605 1419 habemus,
3630 1354 3768 1413 hono-

2229 1454 2453 1510 remque
2493 1440 2799 1510 accepimus
2833 1482 2848 1507 ,
2899 1442 3043 1512 quod
3095 1443 3260 1498 etiam
3298 1457 3421 1498 eum
3465 1445 3769 1514 abessemus,

2232 1539 2378 1585 tanta
2427 1540 2480 1586 te
2529 1533 2697 1590 nostri
2743 1547 2871 1588 cura
2919 1534 3120 1598 tenuit,
3173 1544 3236 1591 ut.
3276 1534 3559 1605 hospith
3602 1552 3772 1608 quoque

2230 1623 2385 1677 nobis
2425 1639 2643 1692 parares
2669 1667 2683 1689 ,
2719 1635 2880 1696 atque
2909 1666 2926 1693 ,
2970 1635 3034 1681 ut
3069 1625 3212 1684 domi
3247 1636 3357 1682 tute
3385 1627 3770 1697 diversaremur,

2229 1714 2561 1771 oltseerares.
2606 1715 2805 1773 Verum
2835 1718 2879 1772 si
2912 1733 3053 1789 quos
3076 1718 3276 1776 Cncnsi
3296 1721 3497 1777 amicos
3527 1721 3702 1789 habes,
3721 1723 3772 1778 ad

2229 1818 2326 1862 eos
2353 1805 2538 1862 literas
2557 1807 2736 1863 mittas
2764 1809 2944 1866 velim.

2319 1937 2554 1995 CXXII.
2586 1939 2877 1996 Marciano.
2905 1940 3123 2014 (Cucusi
3148 1957 3291 1998 anno
3311 1942 3418 1998 404
3449 1943 3532 1999 vel
3555 1943 3689 2014 40⁷5.)

2301 2073 2499 2130 Beatus
2525 2089 2617 2140 es,
2649 2089 2714 2130 ac
2756 2083 2838 2131 ter
2867 2076 3056 2134 beatus
3076 2116 3096 2144 ,
3118 2076 3278 2146 Mque
3314 2077 3542 2148 “cpiast,
3570 2087 3619 2142 ut
3643 2079 3716 2151 qui
3734 2078 3774 2134 in

2232 2172 2341 2220 tam
2390 2166 2539 2236 gravi
2593 2175 2913 2237 tempestate
2946 2207 2966 2234 ,
2989 2168 3257 2238 tantiSQue
3304 2185 3492 2232 rerum
3525 2171 3768 2240 procellis,

2231 2265 2395 2314 tantm
2418 2272 2544 2329 erga
2570 2273 2838 2329 pauperes
2871 2258 3208 2320 liberalitatis
3243 2262 3520 2330 specimen
3563 2261 3771 2320 edideris.

2230 2349 2414 2421 Neque
2470 2351 2616 2405 eni
2655 2350 2813 2410 nobis
2853 2350 3044 2422 ingens
3083 2361 3170 2413 tua
3217 2351 3524 2441 benignitas
3557 2353 3773 2424 incognita

2230 2443 2328 2499 fuit
2349 2486 2363 2511 ,
2403 2443 2654 2515 quodque
2674 2444 2980 2502 communis
3001 2445 3254 2502 omnibus
3282 2457 3470 2515 portus
3511 2446 3771 2512 exstiteris,

2231 2535 2554 2608 pupillorum
2582 2535 2940 2606 patrocinium
2973 2536 3293 2607 suscipiens,
3328 2538 3600 2598 viduarum
3619 2552 3774 2598 mmm-

2229 2642 2346 2682 ren
2371 2627 2516 2681 omni
2538 2627 2749 2683 ratione
2775 2627 3002 2694 leniens,
3025 2643 3212 2686 earum
3235 2629 3473 2699 inopiam
3494 2637 3772 2692 suStentans,

2229 2727 2600 2789 paupertatem
2632 2719 2820 2776 levans
2847 2761 2862 2788 ,
2895 2735 2959 2777 ac
2980 2736 3052 2776 ne
3073 2720 3297 2791 hujusce
3325 2721 3543 2792 quidem
3562 2721 3774 2791 angustia

2227 2827 2390 2870 sensu
2409 2827 2503 2868 eos
2521 2813 2662 2868 attici
2680 2814 2884 2882 sineus,
2909 2829 3094 2870 verum
3111 2814 3326 2885 quidvis
3345 2815 3476 2886 ipsis
3492 2824 3540 2872 te
3555 2813 3771 2885 premens

2227 2903 2549 2975 plebemque
2591 2901 2900 2960 universam
2924 2905 3212 2971 inﬂuente,
3246 2906 3404 2972 vino,
3429 2907 3566 2974 oleo,
3591 2907 3772 2973 aliisque

2228 2995 2477 3050 omnibus
2504 2995 2662 3051 rebus
2687 2996 2859 3052 aiens.
2883 2997 3024 3054 Deus
3041 2997 3135 3053 tibi
3156 3006 3214 3054 et
3239 2997 3328 3056 hic
3349 3007 3404 3054 et
3430 2999 3484 3060 in
3508 2997 3667 3057 futuro
3683 3009 3773 3054 avo

2228 3089 2525 3160 largitionis
2555 3089 2713 3159 hujus
2735 3131 2752 3157 ,
2783 3090 3160 3147 munificentiae
3191 3132 3212 3159 ,
3237 3091 3406 3149 studii
3432 3133 3451 3157 ,
3475 3088 3772 3157 zeli,tmoris

2227 3197 2354 3252 erga
2382 3196 2664 3252 pauperes,
2690 3192 2746 3236 et
2758 3183 2980 3238 sincerae
3007 3183 3247 3240 caritatis
3272 3183 3573 3242 mercedem
3598 3179 3769 3252 pendat,

2229 3274 2494 3345 siquidem
2518 3275 2768 3331 omnibus
2797 3275 2880 3330 his
2921 3274 3206 3334 virtutibus
3244 3274 3490 3335 abundas
3520 3291 3580 3332 ac
3609 3275 3770 3338 ﬂans,

2227 3367 2462 3420 maxima
2493 3365 2585 3421 tibi
2623 3366 2844 3437 praemia
2892 3367 2945 3422 in
2979 3365 3160 3423 futuro
3194 3382 3310 3424 aevo
3355 3367 3654 3426 recondens.
3679 3365 3772 3420 llas:

2226 3472 2327 3514 nos
2349 3456 2418 3512 de
2448 3465 2504 3513 te
2528 3457 2806 3514 audientes
2827 3499 2843 3526 ,
2876 3457 3002 3514 licet
3039 3458 3091 3512 in
3137 3468 3284 3514 tanta
3309 3459 3595 3516 solitudine
3620 3470 3766 3517 verss-

2227 3565 2367 3616 mur,
2391 3564 2454 3605 ac
2481 3550 2667 3604 multis
2697 3549 3054 3610 incommodis
3095 3549 3336 3622 undique
3376 3567 3620 3609 vexemur
3641 3568 3654 3616 ;
3679 3561 3769 3608 nam

2226 3650 2280 3698 et
2307 3640 2528 3697 isanriei
2549 3651 2722 3697 metus
2751 3641 2960 3697 obsidio
2981 3684 2998 3711 ,
3020 3650 3075 3698 et
3099 3643 3203 3698 loci
3241 3643 3480 3704 solitudo
3501 3687 3521 3710 ,
3547 3653 3598 3702 et
3623 3641 3774 3700 hiemis

2225 3736 2487 3805 asperitas
2531 3751 2633 3790 nos
2687 3735 3037 3792 vehementer
3063 3737 3257 3808 premit
3285 3756 3298 3792 :
3329 3749 3506 3794 tamen
3543 3753 3606 3794 ne
3638 3736 3772 3793 uiole-

2225 3821 2448 3881 stiarum
2466 3825 2683 3897 quidem
2697 3841 2859 3882 sensu
2877 3827 2936 3882 af
2935 3827 3163 3894 (icimur,
3191 3844 3382 3885 verum
3401 3829 3654 3901 Mentem
3671 3843 3772 3888 con-

2224 3918 2543 3975 solationem
2586 3918 2900 3989 accipimus,
2929 3920 3260 3978 exsultantes
3304 3931 3364 3977 et
3409 3921 3680 3992 gaudentes
3713 3917 3774 3990 dt

2226 4019 2403 4065 tantas
2428 4013 2685 4077 virtutes,
2713 4025 2780 4066 ac
2812 4010 3028 4066 divitias
3052 4026 3268 4068 omnem
3307 4014 3564 4072 orationis
3590 4009 3772 4069 iaculu-

2225 4109 2334 4157 tem
2365 4101 2691 4158 exeedentes
2719 4143 2735 4168 ,
2763 4109 2899 4174 quas
2940 4103 2996 4158 in
3025 4104 3161 4160 eteio
3188 4105 3284 4161 tibi
3316 4105 3422 4176 ipsi
3459 4105 3695 4166 cumules.
3724 4100 3774 4158 Ut

2225 4194 2386 4266 igitur
2407 4193 2514 4250 alio
2544 4210 2757 4265 quoque
2783 4195 3000 4252 nomine
3027 4196 3290 4260 laetemur,
3314 4213 3406 4266 ne,
3435 4213 3628 4268 quaeso,
3648 4208 3773 4267 quam

2225 4288 2524 4360 saepissime
2550 4287 2618 4343 ad
2649 4303 2749 4344 nos
2775 4289 3035 4355 scribere,
3059 4289 3234 4362 deque
3259 4300 3347 4347 tua
3373 4290 3663 4348 valetudine
3682 4288 3774 4342 lata

2226 4383 2382 4438 nobis
2422 4383 2676 4439 nuntiare
2706 4384 2966 4453 graveris.
3006 4384 3144 4441 Nam
3181 4385 3250 4441 de
3291 4401 3357 4441 ea
3399 4385 3593 4457 aliquid
3627 4381 3774 4439 audire

2228 4475 2488 4544 majorem
2521 4475 2576 4530 in
2602 4475 2818 4531 modum
2847 4477 3112 4548 cupimus.
3142 4478 3304 4549 idque
3326 4479 3444 4549 ipse
3463 4480 3617 4536 etiam
3643 4472 3770 4531 nosti:

2225 4566 2658 4637 quandoquidem
2709 4567 2840 4623 illud
2898 4585 3113 4639 quoque
3163 4571 3257 4626 tibi
3304 4582 3633 4643 compertum
3677 4573 3769 4631 est.

2225 4667 2429 4729 quanto
2455 4660 2531 4714 tui
2561 4675 2777 4732 semper
2801 4675 2988 4716 amore
3010 4673 3308 4718 teneamur.

2227 4809 2407 4867 CXXI
2410 4809 2440 4865 1
2445 4809 2474 4866 l
2481 4811 2785 4871 .thnicia:
2809 4815 3113 4887 presbyteris
3134 4826 3180 4870 et
3206 4817 3469 4876 monac/tis
3487 4858 3504 4885 ,
3532 4815 3716 4895 gentiles
3734 4811 3773 4867 in

2260 4905 2553 4963 Christiana
2569 4909 2811 4980 religione
2825 4909 3217 4966 instituentibus.
3236 4908 3613 4983 (Cucusoanno
3625 4904 3748 4976 ωδ.)

2297 5043 2715 5112 Gubernatores,
2734 5061 2857 5102 cum
2883 5061 3032 5102 mare
3053 5046 3233 5102 furore
3254 5048 3512 5119 percitum
3538 5055 3588 5101 et
3611 5041 3774 5100 excita-

2228 5143 2338 5190 tum
2360 5177 2376 5201 ,
2417 5146 2578 5208 atque
2603 5136 2878 5208 ingentem
2907 5147 3282 5209 tempestatem
3310 5155 3373 5196 ac
3405 5140 3657 5195 turbinem
3683 5147 3776 5190 cer-

2226 5239 2380 5298 nunt,
2401 5219 2506 5285 non
2531 5230 2691 5286 modo
2722 5233 2900 5287 navim
2933 5247 3039 5286 non
3067 5231 3359 5296 deserunt,
3395 5232 3487 5288 sed
3508 5231 3658 5287 etiam
3679 5236 3775 5280 tunc

2225 5324 2430 5394 majore
2455 5323 2822 5379 sollicitudine
2850 5339 2914 5379 ac
2934 5324 3114 5380 studio
3148 5334 3397 5389 utuntur,
3429 5334 3536 5378 tum
3559 5321 3650 5392 ipsi
3675 5313 3776 5386 vigi-

2228 5417 2428 5483 lantes,
2471 5426 2582 5470 tum
2613 5416 2747 5473 alios
2783 5417 3099 5472 excitantes.
3132 5417 3424 5488 Medictque
3448 5428 3656 5478 rursus,
3680 5419 3775 5463 cum

2230 5509 2419 5565 febrim
2475 5510 2758 5566 excitatam
2805 5509 3156 5565 vehementer
3205 5511 3398 5564 saevire
3448 5503 3773 5578 prospiciunt.

2229 5612 2489 5673 aegrotum
2517 5617 2622 5657 non
2645 5601 2805 5659 modo
2831 5618 2938 5658 non
2969 5602 3294 5672 relinquunt,
3321 5615 3500 5656 verum
3517 5598 3662 5654 etiam
3686 5601 3771 5644 tum

2231 5695 2461 5765 denique
2486 5736 2500 5760 ,
2525 5705 2577 5750 et
2599 5710 2693 5766 per
2719 5709 2778 5750 se
2803 5736 2818 5756 .
2845 5703 2900 5750 et
2929 5709 3023 5764 per
3052 5694 3278 5748 aliorum
3307 5707 3517 5764 operam
3543 5689 3604 5742 ad
3632 5681 3771 5755 proﬂi-

2233 5783 2462 5856 gandum
2492 5787 2740 5842 morbum
2781 5786 2901 5856 plus
2946 5783 3108 5838 studii
3143 5794 3302 5854 atque
3346 5796 3517 5852 operm
3542 5775 3769 5835 adhibent.

2239 5882 2504 5946 Quorsum
2533 5878 2648 5933 lucc
2675 5876 3082 5933 commemoro?
3129 5877 3384 5932 Nimirum
3411 5884 3466 5929 ut
3497 5889 3557 5924 ιιι·
3577 5871 3679 5939 quis
3703 5875 3772 5913 vos
