  <div class='ocr_page' id='page_1' title='image "/cluster/home/n/w/nwhite01/storage/ocr_20150623/52:no.3:pt.2/coo.31924054869510/295.png"; bbox 0 0 3950 6382; ppageno 0'>
   <div class='ocr_carea' id='block_1_1' title="bbox 513 416 622 475">
    <p class='ocr_par' dir='ltr' id='par_1_1' title="bbox 513 416 622 475">
     <span class='ocr_line' id='line_1_1' title="bbox 513 416 622 475; baseline -0.046 0"><span class='ocrx_word' id='word_1_1' title='bbox 513 416 622 475; x_wconf 71' lang='grc'>677</span> 
     </span>
    </p>
   </div>
   <div class='ocr_carea' id='block_1_2' title="bbox 514 523 2092 594">
    <p class='ocr_par' dir='ltr' id='par_1_2' title="bbox 514 523 2092 594">
     <span class='ocr_line' id='line_1_2' title="bbox 514 523 2092 594; baseline -0.006 -8"><span class='ocrx_word' id='word_1_2' title='bbox 514 531 659 586; x_wconf 84' lang='grc' dir='ltr'>ὥστε</span> <span class='ocrx_word' id='word_1_3' title='bbox 689 530 844 584; x_wconf 88' lang='grc' dir='ltr'>λῦσαι</span> <span class='ocrx_word' id='word_1_4' title='bbox 872 527 934 581; x_wconf 84' lang='grc' dir='ltr'>τὸ</span> <span class='ocrx_word' id='word_1_5' title='bbox 962 526 1147 579; x_wconf 89' lang='grc' dir='ltr'>κακόν.</span> <span class='ocrx_word' id='word_1_6' title='bbox 1173 525 1329 589; x_wconf 83' lang='grc' dir='ltr'>Τίνος</span> <span class='ocrx_word' id='word_1_7' title='bbox 1356 525 1541 579; x_wconf 77' lang='grc' dir='ltr'>ἕνεκεν</span> <span class='ocrx_word' id='word_1_8' title='bbox 1569 525 1745 579; x_wconf 86' lang='grc' dir='ltr'>ταῦτα</span> <span class='ocrx_word' id='word_1_9' title='bbox 1775 524 1947 594; x_wconf 87' lang='grc' dir='ltr'>λέγω;</span> <span class='ocrx_word' id='word_1_10' title='bbox 1976 523 2092 578; x_wconf 82' lang='grc' dir='ltr'>Ἵνα</span> 
     </span>
    </p>
   </div>
   <div class='ocr_carea' id='block_1_3' title="bbox 467 615 2092 694">
    <p class='ocr_par' dir='ltr' id='par_1_3' title="bbox 467 615 2092 694">
     <span class='ocr_line' id='line_1_3' title="bbox 467 615 2092 694; baseline 0.001 -28"><span class='ocrx_word' id='word_1_11' title='bbox 467 661 472 666; x_wconf 87' lang='grc'>.</span> <span class='ocrx_word' id='word_1_12' title='bbox 516 625 592 694; x_wconf 77' lang='grc' dir='ltr'>μή</span> <span class='ocrx_word' id='word_1_13' title='bbox 637 639 720 685; x_wconf 81' lang='grc' dir='ltr'>τις</span> <span class='ocrx_word' id='word_1_14' title='bbox 751 621 893 690; x_wconf 78' lang='grc' dir='ltr'>ὑμᾶς</span> <span class='ocrx_word' id='word_1_15' title='bbox 930 617 1187 689; x_wconf 81' lang='grc' dir='ltr'>ἀπατήσῃ</span> <span class='ocrx_word' id='word_1_16' title='bbox 1232 615 1319 669; x_wconf 85' lang='grc' dir='ltr'>διά</span> <span class='ocrx_word' id='word_1_17' title='bbox 1363 617 1461 690; x_wconf 80' lang='grc' dir='ltr'>τὴν</span> <span class='ocrx_word' id='word_1_18' title='bbox 1505 617 1752 688; x_wconf 77' lang='grc' dir='ltr'>ταραχὴν</span> <span class='ocrx_word' id='word_1_19' title='bbox 1796 617 1894 688; x_wconf 83' lang='grc' dir='ltr'>τὴν</span> <span class='ocrx_word' id='word_1_20' title='bbox 1936 633 2092 685; x_wconf 85' lang='grc' dir='ltr'>γεγε-</span> 
     </span>
    </p>
   </div>
   <div class='ocr_carea' id='block_1_4' title="bbox 514 705 2092 783">
    <p class='ocr_par' dir='ltr' id='par_1_4' title="bbox 514 705 2092 783">
     <span class='ocr_line' id='line_1_4' title="bbox 514 705 2092 783; baseline -0.004 -17"><span class='ocrx_word' id='word_1_21' title='bbox 514 711 752 783; x_wconf 86' lang='grc' dir='ltr'>νημένην</span> <span class='ocrx_word' id='word_1_22' title='bbox 783 706 1099 762; x_wconf 83' lang='grc' dir='ltr'>καταλιπεῖν</span> <span class='ocrx_word' id='word_1_23' title='bbox 1140 705 1238 777; x_wconf 83' lang='grc' dir='ltr'>τὴν</span> <span class='ocrx_word' id='word_1_24' title='bbox 1279 707 1550 778; x_wconf 81' lang='grc' dir='ltr'>Φοινίκην,</span> <span class='ocrx_word' id='word_1_25' title='bbox 1600 709 1695 760; x_wconf 77' lang='grc' dir='ltr'>καί.</span> <span class='ocrx_word' id='word_1_26' title='bbox 1741 707 2092 779; x_wconf 83' lang='grc' dir='ltr'>ἀναχωρῆσαι</span> 
     </span>
    </p>
   </div>
   <div class='ocr_carea' id='block_1_5' title="bbox 514 798 2092 870">
    <p class='ocr_par' dir='ltr' id='par_1_5' title="bbox 514 798 2092 870">
     <span class='ocr_line' id='line_1_5' title="bbox 514 798 2092 870; baseline -0.003 -14"><span class='ocrx_word' id='word_1_27' title='bbox 514 801 754 858; x_wconf 83' lang='grc' dir='ltr'>ἐκεῖθεν·</span> <span class='ocrx_word' id='word_1_28' title='bbox 786 800 919 854; x_wconf 88' lang='grc' dir='ltr'>ἀλλά</span> <span class='ocrx_word' id='word_1_29' title='bbox 961 799 1072 870; x_wconf 85' lang='grc' dir='ltr'>ὅσῳ</span> <span class='ocrx_word' id='word_1_30' title='bbox 1121 798 1340 862; x_wconf 91' lang='grc' dir='ltr'>πλείους</span> <span class='ocrx_word' id='word_1_31' title='bbox 1372 801 1428 853; x_wconf 89' lang='grc' dir='ltr'>αἰ</span> <span class='ocrx_word' id='word_1_32' title='bbox 1460 799 1757 863; x_wconf 83' lang='grc' dir='ltr'>δυσκολίαι,</span> <span class='ocrx_word' id='word_1_33' title='bbox 1791 801 1884 852; x_wconf 77' lang='grc' dir='ltr'>καὶ</span> <span class='ocrx_word' id='word_1_34' title='bbox 1931 799 2092 870; x_wconf 85' lang='grc' dir='ltr'>χαλε-</span> 
     </span>
    </p>
   </div>
   <div class='ocr_carea' id='block_1_6' title="bbox 514 889 2092 963">
    <p class='ocr_par' dir='ltr' id='par_1_6' title="bbox 514 889 2092 963">
     <span class='ocr_line' id='line_1_6' title="bbox 514 889 2092 963; baseline -0.001 -19"><span class='ocrx_word' id='word_1_35' title='bbox 514 893 733 963; x_wconf 82' lang='grc' dir='ltr'>πώτερα</span> <span class='ocrx_word' id='word_1_36' title='bbox 765 891 834 944; x_wconf 88' lang='grc' dir='ltr'>τά</span> <span class='ocrx_word' id='word_1_37' title='bbox 872 889 1113 960; x_wconf 89' lang='grc' dir='ltr'>κύματα,</span> <span class='ocrx_word' id='word_1_38' title='bbox 1143 889 1238 942; x_wconf 78' lang='grc' dir='ltr'>καὶ</span> <span class='ocrx_word' id='word_1_39' title='bbox 1274 890 1476 960; x_wconf 77' lang='grc' dir='ltr'>μείζων</span> <span class='ocrx_word' id='word_1_40' title='bbox 1515 893 1548 962; x_wconf 91' lang='grc' dir='ltr'>ή</span> <span class='ocrx_word' id='word_1_41' title='bbox 1589 890 1823 963; x_wconf 77' lang='grc' dir='ltr'>ταραχὴ,</span> <span class='ocrx_word' id='word_1_42' title='bbox 1853 890 2092 962; x_wconf 90' lang='grc' dir='ltr'>τοσούτῳ</span> 
     </span>
    </p>
   </div>
   <div class='ocr_carea' id='block_1_7' title="bbox 515 980 2094 1056">
    <p class='ocr_par' dir='ltr' id='par_1_7' title="bbox 515 980 2094 1056">
     <span class='ocr_line' id='line_1_7' title="bbox 515 980 2094 1056; baseline -0.001 -19"><span class='ocrx_word' id='word_1_43' title='bbox 515 984 714 1056; x_wconf 74' lang='grc' dir='ltr'>μᾶλλον</span> <span class='ocrx_word' id='word_1_44' title='bbox 771 981 1039 1052; x_wconf 75' lang='grc' dir='ltr'>ἐμμένετε</span> <span class='ocrx_word' id='word_1_45' title='bbox 1098 980 1525 1049; x_wconf 74' lang='grc' dir='ltr'>σπουδάζοντες,</span> <span class='ocrx_word' id='word_1_46' title='bbox 1586 982 1864 1054; x_wconf 75' lang='grc' dir='ltr'>νήφοντες,</span> <span class='ocrx_word' id='word_1_47' title='bbox 1919 983 2094 1053; x_wconf 86' lang='grc' dir='ltr'>ἀγρυ-</span> 
     </span>
    </p>
   </div>
   <div class='ocr_carea' id='block_1_8' title="bbox 511 1069 2092 1144">
    <p class='ocr_par' dir='ltr' id='par_1_8' title="bbox 511 1069 2092 1144">
     <span class='ocr_line' id='line_1_8' title="bbox 511 1069 2092 1144; baseline -0.002 -17"><span class='ocrx_word' id='word_1_48' title='bbox 511 1073 793 1135; x_wconf 86' lang='grc' dir='ltr'>πνοῦντες,</span> <span class='ocrx_word' id='word_1_49' title='bbox 840 1071 1062 1124; x_wconf 83' lang='grc' dir='ltr'>πλείονα</span> <span class='ocrx_word' id='word_1_50' title='bbox 1093 1069 1402 1142; x_wconf 81' lang='grc' dir='ltr'>προθυμίαν</span> <span class='ocrx_word' id='word_1_51' title='bbox 1452 1071 1903 1144; x_wconf 85' lang='grc' dir='ltr'>ἐπιδεικνύμενοι,</span> <span class='ocrx_word' id='word_1_52' title='bbox 1951 1071 2092 1125; x_wconf 84' lang='grc' dir='ltr'>ὥστε</span> 
     </span>
    </p>
   </div>
   <div class='ocr_carea' id='block_1_9' title="bbox 512 1161 2090 1236">
    <p class='ocr_par' dir='ltr' id='par_1_9' title="bbox 512 1161 2090 1236">
     <span class='ocr_line' id='line_1_9' title="bbox 512 1161 2090 1236; baseline -0.001 -18"><span class='ocrx_word' id='word_1_53' title='bbox 512 1165 588 1236; x_wconf 81' lang='grc' dir='ltr'>μὴ</span> <span class='ocrx_word' id='word_1_54' title='bbox 623 1165 724 1236; x_wconf 85' lang='grc' dir='ltr'>τὴν</span> <span class='ocrx_word' id='word_1_55' title='bbox 756 1161 1043 1233; x_wconf 86' lang='grc' dir='ltr'>οἰκοδομὴν</span> <span class='ocrx_word' id='word_1_56' title='bbox 1067 1161 1220 1233; x_wconf 91' lang='grc' dir='ltr'>ὑμῶν</span> <span class='ocrx_word' id='word_1_57' title='bbox 1245 1164 1342 1234; x_wconf 83' lang='grc' dir='ltr'>τὴν</span> <span class='ocrx_word' id='word_1_58' title='bbox 1372 1161 1665 1235; x_wconf 82' lang='grc' dir='ltr'>καλλίστην</span> <span class='ocrx_word' id='word_1_59' title='bbox 1703 1163 2090 1234; x_wconf 81' lang='grc' dir='ltr'>καταλυθῆναι,</span> 
     </span>
    </p>
   </div>
   <div class='ocr_carea' id='block_1_10' title="bbox 514 1251 2093 1325">
    <p class='ocr_par' dir='ltr' id='par_1_10' title="bbox 514 1251 2093 1325">
     <span class='ocr_line' id='line_1_10' title="bbox 514 1251 2093 1325; baseline -0.001 -18"><span class='ocrx_word' id='word_1_60' title='bbox 514 1253 648 1324; x_wconf 81' lang='grc' dir='ltr'>μηδὲ</span> <span class='ocrx_word' id='word_1_61' title='bbox 694 1253 786 1306; x_wconf 81' lang='grc' dir='ltr'>τὸν</span> <span class='ocrx_word' id='word_1_62' title='bbox 835 1251 1090 1304; x_wconf 89' lang='grc' dir='ltr'>τοσοῦτον</span> <span class='ocrx_word' id='word_1_63' title='bbox 1135 1252 1298 1308; x_wconf 84' lang='grc' dir='ltr'>πόνον</span> <span class='ocrx_word' id='word_1_64' title='bbox 1330 1253 1586 1324; x_wconf 78' lang='grc' dir='ltr'>ἀνωφελῆ</span> <span class='ocrx_word' id='word_1_65' title='bbox 1623 1253 1909 1323; x_wconf 89' lang='grc' dir='ltr'>γενέσθαι,</span> <span class='ocrx_word' id='word_1_66' title='bbox 1957 1253 2093 1325; x_wconf 88' lang='grc' dir='ltr'>μηδέ</span> 
     </span>
    </p>
   </div>
   <div class='ocr_carea' id='block_1_11' title="bbox 509 1341 2095 1418">
    <p class='ocr_par' dir='ltr' id='par_1_11' title="bbox 509 1341 2095 1418">
     <span class='ocr_line' id='line_1_11' title="bbox 509 1341 2095 1418; baseline 0.001 -22"><span class='ocrx_word' id='word_1_67' title='bbox 509 1343 606 1414; x_wconf 80' lang='grc' dir='ltr'>τὴν</span> <span class='ocrx_word' id='word_1_68' title='bbox 633 1342 907 1414; x_wconf 87' lang='grc' dir='ltr'>γεωργίαν</span> <span class='ocrx_word' id='word_1_69' title='bbox 933 1341 1088 1412; x_wconf 88' lang='grc' dir='ltr'>ὑμῶν</span> <span class='ocrx_word' id='word_1_70' title='bbox 1115 1343 1497 1414; x_wconf 88' lang='grc' dir='ltr'>ἀφανισθῆναι.</span> <span class='ocrx_word' id='word_1_71' title='bbox 1536 1343 1740 1408; x_wconf 83' lang='grc' dir='ltr'>Ἱκανὸς</span> <span class='ocrx_word' id='word_1_72' title='bbox 1779 1344 1888 1418; x_wconf 81' lang='grc' dir='ltr'>γὰρ</span> <span class='ocrx_word' id='word_1_73' title='bbox 1908 1346 1936 1397; x_wconf 87' lang='grc' dir='ltr'>ό</span> <span class='ocrx_word' id='word_1_74' title='bbox 1962 1344 2095 1410; x_wconf 80' lang='grc' dir='ltr'>Θεὸς</span> 
     </span>
    </p>
   </div>
   <div class='ocr_carea' id='block_1_12' title="bbox 512 1431 2092 1506">
    <p class='ocr_par' dir='ltr' id='par_1_12' title="bbox 512 1431 2092 1506">
     <span class='ocr_line' id='line_1_12' title="bbox 512 1431 2092 1506; baseline -0.001 -18"><span class='ocrx_word' id='word_1_75' title='bbox 512 1435 605 1488; x_wconf 70' lang='grc' dir='ltr'>καὶ</span> <span class='ocrx_word' id='word_1_76' title='bbox 635 1434 731 1504; x_wconf 82' lang='grc' dir='ltr'>τὴν</span> <span class='ocrx_word' id='word_1_77' title='bbox 776 1433 1020 1506; x_wconf 83' lang='grc' dir='ltr'>ταραχὴν</span> <span class='ocrx_word' id='word_1_78' title='bbox 1050 1431 1210 1487; x_wconf 90' lang='grc' dir='ltr'>λῦσαι</span> <span class='ocrx_word' id='word_1_79' title='bbox 1245 1434 1340 1487; x_wconf 71' lang='grc' dir='ltr'>καὶ</span> <span class='ocrx_word' id='word_1_80' title='bbox 1372 1434 1473 1505; x_wconf 90' lang='grc' dir='ltr'>τῆς</span> <span class='ocrx_word' id='word_1_81' title='bbox 1504 1433 1780 1506; x_wconf 85' lang='grc' dir='ltr'>ὑπομονῆς</span> <span class='ocrx_word' id='word_1_82' title='bbox 1814 1434 1943 1506; x_wconf 91' lang='grc' dir='ltr'>ὑμῖν</span> <span class='ocrx_word' id='word_1_83' title='bbox 1970 1431 2092 1486; x_wconf 89' lang='grc' dir='ltr'>δοῦ-</span> 
     </span>
    </p>
   </div>
   <div class='ocr_carea' id='block_1_13' title="bbox 508 1523 2092 1602">
    <p class='ocr_par' dir='ltr' id='par_1_13' title="bbox 508 1523 2092 1602">
     <span class='ocr_line' id='line_1_13' title="bbox 508 1523 2092 1602; baseline -0.001 -22"><span class='ocrx_word' id='word_1_84' title='bbox 508 1545 599 1581; x_wconf 90' lang='grc' dir='ltr'>ναι</span> <span class='ocrx_word' id='word_1_85' title='bbox 639 1527 731 1580; x_wconf 80' lang='grc' dir='ltr'>τὸν</span> <span class='ocrx_word' id='word_1_86' title='bbox 776 1526 988 1598; x_wconf 91' lang='grc' dir='ltr'>μισθόν.</span> <span class='ocrx_word' id='word_1_87' title='bbox 1025 1526 1161 1580; x_wconf 81' lang='grc' dir='ltr'>Οὐδὲ</span> <span class='ocrx_word' id='word_1_88' title='bbox 1207 1525 1318 1596; x_wconf 86' lang='grc' dir='ltr'>γὰρ</span> <span class='ocrx_word' id='word_1_89' title='bbox 1359 1523 1789 1600; x_wconf 20' lang='grc' dir='ltr'>τοσοῦτοςίὺμῖν</span> <span class='ocrx_word' id='word_1_90' title='bbox 1817 1527 1845 1580; x_wconf 82' lang='grc' dir='ltr'><strong>ὁ</strong></span> <span class='ocrx_word' id='word_1_91' title='bbox 1879 1525 2092 1602; x_wconf 85' lang='grc' dir='ltr'>μισθὸς,</span> 
     </span>
    </p>
   </div>
   <div class='ocr_carea' id='block_1_14' title="bbox 508 1607 2095 1689">
    <p class='ocr_par' dir='ltr' id='par_1_14' title="bbox 508 1607 2095 1689">
     <span class='ocr_line' id='line_1_14' title="bbox 508 1607 2095 1689; baseline 0 -17"><span class='ocrx_word' id='word_1_92' title='bbox 508 1621 600 1672; x_wconf 79' lang='grc' dir='ltr'>ὅτε</span> <span class='ocrx_word' id='word_1_93' title='bbox 637 1619 754 1688; x_wconf 83' lang='grc' dir='ltr'>μετ’</span> <span class='ocrx_word' id='word_1_94' title='bbox 795 1607 1044 1680; x_wconf 75' lang='grc' dir='ltr'>εὐκολίας</span> <span class='ocrx_word' id='word_1_95' title='bbox 1090 1617 1159 1670; x_wconf 82' lang='grc' dir='ltr'>τὰ</span> <span class='ocrx_word' id='word_1_96' title='bbox 1211 1617 1510 1688; x_wconf 86' lang='grc' dir='ltr'>πράγματα</span> <span class='ocrx_word' id='word_1_97' title='bbox 1554 1617 1765 1689; x_wconf 71' lang='grc' dir='ltr'>ἠνύετο,</span> <span class='ocrx_word' id='word_1_98' title='bbox 1790 1619 1913 1683; x_wconf 77' lang='grc' dir='ltr'>ὅσος</span> <span class='ocrx_word' id='word_1_99' title='bbox 1947 1619 2095 1673; x_wconf 79' lang='grc' dir='ltr'>ἐστὶν</span> 
     </span>
    </p>
   </div>
   <div class='ocr_carea' id='block_1_15' title="bbox 509 1707 2092 1782">
    <p class='ocr_par' dir='ltr' id='par_1_15' title="bbox 509 1707 2092 1782">
     <span class='ocr_line' id='line_1_15' title="bbox 509 1707 2092 1782; baseline 0.003 -21"><span class='ocrx_word' id='word_1_100' title='bbox 509 1711 641 1781; x_wconf 85' lang='grc' dir='ltr'>ὑμῖν</span> <span class='ocrx_word' id='word_1_101' title='bbox 685 1707 802 1773; x_wconf 86' lang='grc' dir='ltr'>νῦν,</span> <span class='ocrx_word' id='word_1_102' title='bbox 849 1709 939 1764; x_wconf 85' lang='grc' dir='ltr'>ὅτε</span> <span class='ocrx_word' id='word_1_103' title='bbox 971 1707 1139 1780; x_wconf 80' lang='grc' dir='ltr'>πολλὴ</span> <span class='ocrx_word' id='word_1_104' title='bbox 1173 1711 1207 1779; x_wconf 88' lang='grc' dir='ltr'>ή</span> <span class='ocrx_word' id='word_1_105' title='bbox 1242 1708 1526 1775; x_wconf 87' lang='grc' dir='ltr'>δυσκολία,</span> <span class='ocrx_word' id='word_1_106' title='bbox 1571 1709 1740 1782; x_wconf 83' lang='grc' dir='ltr'>πολλή</span> <span class='ocrx_word' id='word_1_107' title='bbox 1787 1713 1824 1782; x_wconf 89' lang='grc' dir='ltr'>ή</span> <span class='ocrx_word' id='word_1_108' title='bbox 1857 1710 2092 1782; x_wconf 83' lang='grc' dir='ltr'>ταραχὴ,</span> 
     </span>
    </p>
   </div>
   <div class='ocr_carea' id='block_1_16' title="bbox 509 1797 2094 1864">
    <p class='ocr_par' dir='ltr' id='par_1_16' title="bbox 509 1797 2094 1864">
     <span class='ocr_line' id='line_1_16' title="bbox 509 1797 2094 1864; baseline 0 -10"><span class='ocrx_word' id='word_1_109' title='bbox 509 1799 692 1854; x_wconf 82' lang='grc' dir='ltr'>πολλοὶ</span> <span class='ocrx_word' id='word_1_110' title='bbox 728 1801 778 1854; x_wconf 84' lang='grc' dir='ltr'>οἰ</span> <span class='ocrx_word' id='word_1_111' title='bbox 813 1798 1272 1863; x_wconf 73' lang='grc' dir='ltr'>σκανδαλίζοντες.</span> <span class='ocrx_word' id='word_1_112' title='bbox 1309 1797 1644 1864; x_wconf 86' lang='grc' dir='ltr'>Ἐννοοῦντες</span> <span class='ocrx_word' id='word_1_113' title='bbox 1674 1799 1852 1853; x_wconf 86' lang='grc' dir='ltr'>τοίνυν</span> <span class='ocrx_word' id='word_1_114' title='bbox 1884 1801 1976 1854; x_wconf 78' lang='grc' dir='ltr'>καὶ</span> <span class='ocrx_word' id='word_1_115' title='bbox 2004 1800 2094 1854; x_wconf 85' lang='grc' dir='ltr'>τὸν</span> 
     </span>
    </p>
   </div>
   <div class='ocr_carea' id='block_1_17' title="bbox 508 1889 2092 1964">
    <p class='ocr_par' dir='ltr' id='par_1_17' title="bbox 508 1889 2092 1964">
     <span class='ocr_line' id='line_1_17' title="bbox 508 1889 2092 1964; baseline -0.002 -17"><span class='ocrx_word' id='word_1_116' title='bbox 508 1894 753 1964; x_wconf 87' lang='grc' dir='ltr'>κάματον</span> <span class='ocrx_word' id='word_1_117' title='bbox 797 1891 856 1947; x_wconf 88' lang='grc' dir='ltr'>ὃν</span> <span class='ocrx_word' id='word_1_118' title='bbox 887 1891 1146 1962; x_wconf 85' lang='grc' dir='ltr'>ἐκάμετε,</span> <span class='ocrx_word' id='word_1_119' title='bbox 1185 1891 1280 1943; x_wconf 72' lang='grc' dir='ltr'>καὶ</span> <span class='ocrx_word' id='word_1_120' title='bbox 1311 1889 1402 1943; x_wconf 82' lang='grc' dir='ltr'>τὸν</span> <span class='ocrx_word' id='word_1_121' title='bbox 1434 1890 1596 1944; x_wconf 87' lang='grc' dir='ltr'>πόνον</span> <span class='ocrx_word' id='word_1_122' title='bbox 1635 1890 1695 1944; x_wconf 87' lang='grc' dir='ltr'>ὃν</span> <span class='ocrx_word' id='word_1_123' title='bbox 1738 1890 2092 1960; x_wconf 82' lang='grc' dir='ltr'>ὑπεμείνατε,</span> 
     </span>
    </p>
   </div>
   <div class='ocr_carea' id='block_1_18' title="bbox 508 1980 2094 2054">
    <p class='ocr_par' dir='ltr' id='par_1_18' title="bbox 508 1980 2094 2054">
     <span class='ocr_line' id='line_1_18' title="bbox 508 1980 2094 2054; baseline -0.004 -10"><span class='ocrx_word' id='word_1_124' title='bbox 508 1987 602 2043; x_wconf 78' lang='grc' dir='ltr'>καὶ</span> <span class='ocrx_word' id='word_1_125' title='bbox 632 1986 700 2041; x_wconf 83' lang='grc' dir='ltr'>τὰ</span> <span class='ocrx_word' id='word_1_126' title='bbox 732 1981 1134 2054; x_wconf 81' lang='grc' dir='ltr'>κατορθώματα</span> <span class='ocrx_word' id='word_1_127' title='bbox 1161 1980 1199 2035; x_wconf 81' lang='grc' dir='ltr'>ἀ</span> <span class='ocrx_word' id='word_1_128' title='bbox 1227 1980 1651 2053; x_wconf 81' lang='grc' dir='ltr'>κατωρθώσατε,</span> <span class='ocrx_word' id='word_1_129' title='bbox 1680 1980 1773 2034; x_wconf 78' lang='grc' dir='ltr'>καὶ</span> <span class='ocrx_word' id='word_1_130' title='bbox 1801 1982 1882 2035; x_wconf 83' lang='grc' dir='ltr'>ὅτι</span> <span class='ocrx_word' id='word_1_131' title='bbox 1911 1982 2094 2054; x_wconf 83' lang='grc' dir='ltr'>χάριτι</span> 
     </span>
    </p>
   </div>
   <div class='ocr_carea' id='block_1_19' title="bbox 381 2070 2091 2143">
    <p class='ocr_par' dir='ltr' id='par_1_19' title="bbox 381 2070 2091 2143">
     <span class='ocr_line' id='line_1_19' title="bbox 381 2070 2091 2143; baseline -0.009 -5"><span class='ocrx_word' id='word_1_132' title='bbox 381 2125 388 2138; x_wconf 77' lang='grc'><strong><em>,</em></strong></span> <span class='ocrx_word' id='word_1_133' title='bbox 505 2080 643 2134; x_wconf 85' lang='grc' dir='ltr'>Θεοῦ</span> <span class='ocrx_word' id='word_1_134' title='bbox 683 2074 937 2132; x_wconf 87' lang='grc' dir='ltr'>τοσοῦτον</span> <span class='ocrx_word' id='word_1_135' title='bbox 986 2071 1318 2126; x_wconf 88' lang='grc' dir='ltr'>κατελύσατε</span> <span class='ocrx_word' id='word_1_136' title='bbox 1354 2071 1455 2143; x_wconf 91' lang='grc' dir='ltr'>τῆς</span> <span class='ocrx_word' id='word_1_137' title='bbox 1504 2070 1758 2135; x_wconf 90' lang='grc' dir='ltr'>ἀσεϐείας</span> <span class='ocrx_word' id='word_1_138' title='bbox 1801 2073 1863 2124; x_wconf 75' lang='grc' dir='ltr'>τὸ</span> <span class='ocrx_word' id='word_1_139' title='bbox 1905 2072 2091 2143; x_wconf 83' lang='grc' dir='ltr'>μέρος,</span> 
     </span>
    </p>
   </div>
   <div class='ocr_carea' id='block_1_20' title="bbox 505 2157 2091 2238">
    <p class='ocr_par' dir='ltr' id='par_1_20' title="bbox 505 2157 2091 2238">
     <span class='ocr_line' id='line_1_20' title="bbox 505 2157 2091 2238; baseline -0.006 -14"><span class='ocrx_word' id='word_1_140' title='bbox 505 2169 596 2224; x_wconf 77' lang='grc' dir='ltr'>καὶ</span> <span class='ocrx_word' id='word_1_141' title='bbox 630 2169 712 2232; x_wconf 88' lang='grc' dir='ltr'>εἰς</span> <span class='ocrx_word' id='word_1_142' title='bbox 747 2163 1033 2238; x_wconf 79' lang='grc' dir='ltr'>προκοπὴν</span> <span class='ocrx_word' id='word_1_143' title='bbox 1067 2161 1138 2216; x_wconf 73' lang='grc' dir='ltr'>τά</span> <span class='ocrx_word' id='word_1_144' title='bbox 1177 2161 1476 2233; x_wconf 86' lang='grc' dir='ltr'>πράγματα</span> <span class='ocrx_word' id='word_1_145' title='bbox 1504 2161 1605 2231; x_wconf 88' lang='grc' dir='ltr'>τῆς</span> <span class='ocrx_word' id='word_1_146' title='bbox 1631 2161 1883 2234; x_wconf 85' lang='grc' dir='ltr'>Φοινίκης</span> <span class='ocrx_word' id='word_1_147' title='bbox 1933 2157 2091 2233; x_wconf 83' lang='grc' dir='ltr'>ἦλθε,</span> 
     </span>
    </p>
   </div>
   <div class='ocr_carea' id='block_1_21' title="bbox 504 2251 2093 2324">
    <p class='ocr_par' dir='ltr' id='par_1_21' title="bbox 504 2251 2093 2324">
     <span class='ocr_line' id='line_1_21' title="bbox 504 2251 2093 2324; baseline -0.006 -10"><span class='ocrx_word' id='word_1_148' title='bbox 504 2262 599 2316; x_wconf 75' lang='grc' dir='ltr'>καὶ</span> <span class='ocrx_word' id='word_1_149' title='bbox 641 2260 724 2313; x_wconf 82' lang='grc' dir='ltr'>ὅτι</span> <span class='ocrx_word' id='word_1_150' title='bbox 769 2256 969 2312; x_wconf 88' lang='grc' dir='ltr'>πλείων</span> <span class='ocrx_word' id='word_1_151' title='bbox 1012 2257 1042 2308; x_wconf 87' lang='grc' dir='ltr'>ό</span> <span class='ocrx_word' id='word_1_152' title='bbox 1088 2252 1280 2324; x_wconf 76' lang='grc' dir='ltr'>μισθὸς</span> <span class='ocrx_word' id='word_1_153' title='bbox 1329 2251 1425 2305; x_wconf 92' lang='grc' dir='ltr'>νῦν</span> <span class='ocrx_word' id='word_1_154' title='bbox 1478 2252 1606 2323; x_wconf 87' lang='grc' dir='ltr'>ὑμῖν</span> <span class='ocrx_word' id='word_1_155' title='bbox 1652 2251 1748 2306; x_wconf 71' lang='grc' dir='ltr'>καὶ</span> <span class='ocrx_word' id='word_1_156' title='bbox 1805 2251 2008 2324; x_wconf 79' lang='grc' dir='ltr'>μείζων</span> <span class='ocrx_word' id='word_1_157' title='bbox 2057 2254 2093 2324; x_wconf 84' lang='grc' dir='ltr'>ή</span> 
     </span>
    </p>
   </div>
   <div class='ocr_carea' id='block_1_22' title="bbox 503 2339 2095 2422">
    <p class='ocr_par' dir='ltr' id='par_1_22' title="bbox 503 2339 2095 2422">
     <span class='ocr_line' id='line_1_22' title="bbox 503 2339 2095 2422; baseline -0.004 -19"><span class='ocrx_word' id='word_1_158' title='bbox 503 2350 742 2422; x_wconf 71' lang='grc' dir='ltr'>ἀμοιϐὴ,</span> <span class='ocrx_word' id='word_1_159' title='bbox 782 2347 879 2400; x_wconf 77' lang='grc' dir='ltr'>καὶ</span> <span class='ocrx_word' id='word_1_160' title='bbox 921 2346 1001 2399; x_wconf 84' lang='grc' dir='ltr'>ὄτι</span> <span class='ocrx_word' id='word_1_161' title='bbox 1045 2342 1256 2414; x_wconf 89' lang='grc' dir='ltr'>ταχέως</span> <span class='ocrx_word' id='word_1_162' title='bbox 1295 2342 1325 2395; x_wconf 87' lang='grc' dir='ltr'>ὁ</span> <span class='ocrx_word' id='word_1_163' title='bbox 1366 2339 1500 2404; x_wconf 80' lang='grc' dir='ltr'>Θεὸς</span> <span class='ocrx_word' id='word_1_164' title='bbox 1543 2340 1639 2395; x_wconf 70' lang='grc' dir='ltr'>καὶ</span> <span class='ocrx_word' id='word_1_165' title='bbox 1683 2340 1752 2394; x_wconf 86' lang='grc' dir='ltr'>τὰ</span> <span class='ocrx_word' id='word_1_166' title='bbox 1798 2340 2095 2412; x_wconf 82' lang='grc' dir='ltr'>κωλύματα</span> 
     </span>
    </p>
   </div>
   <div class='ocr_carea' id='block_1_23' title="bbox 503 2430 2096 2504">
    <p class='ocr_par' dir='ltr' id='par_1_23' title="bbox 503 2430 2096 2504">
     <span class='ocr_line' id='line_1_23' title="bbox 503 2430 2096 2504; baseline -0.006 -9"><span class='ocrx_word' id='word_1_167' title='bbox 503 2439 817 2504; x_wconf 86' lang='grc' dir='ltr'>καταλύσει,</span> <span class='ocrx_word' id='word_1_168' title='bbox 847 2436 941 2490; x_wconf 73' lang='grc' dir='ltr'>καὶ</span> <span class='ocrx_word' id='word_1_169' title='bbox 971 2434 1174 2497; x_wconf 79' lang='grc' dir='ltr'>πολλὰς</span> <span class='ocrx_word' id='word_1_170' title='bbox 1201 2433 1328 2503; x_wconf 88' lang='grc' dir='ltr'>ὑμῖν</span> <span class='ocrx_word' id='word_1_171' title='bbox 1364 2431 1462 2501; x_wconf 84' lang='grc' dir='ltr'>τῆς</span> <span class='ocrx_word' id='word_1_172' title='bbox 1501 2431 1780 2500; x_wconf 87' lang='grc' dir='ltr'>ὑπομονῆς</span> <span class='ocrx_word' id='word_1_173' title='bbox 1805 2430 1965 2484; x_wconf 91' lang='grc' dir='ltr'>δώσει</span> <span class='ocrx_word' id='word_1_174' title='bbox 1995 2432 2096 2497; x_wconf 84' lang='grc' dir='ltr'>τὰς</span> 
     </span>
    </p>
   </div>
   <div class='ocr_carea' id='block_1_24' title="bbox 469 2521 2094 2598">
    <p class='ocr_par' dir='ltr' id='par_1_24' title="bbox 469 2521 2094 2598">
     <span class='ocr_line' id='line_1_24' title="bbox 469 2521 2094 2598; baseline 0.023 -69"><span class='ocrx_word' id='word_1_175' title='bbox 469 2521 828 2595; x_wconf 75' lang='grc' dir='ltr'>.ἀντιδόσεις,</span> <span class='ocrx_word' id='word_1_176' title='bbox 863 2526 1232 2598; x_wconf 86' lang='grc' dir='ltr'>παραμένετε,</span> <span class='ocrx_word' id='word_1_177' title='bbox 1274 2523 1577 2577; x_wconf 86' lang='grc' dir='ltr'>ἐνίστασθε.</span> <span class='ocrx_word' id='word_1_178' title='bbox 1613 2523 1777 2578; x_wconf 82' lang='grc' dir='ltr'>Οὐδὲν</span> <span class='ocrx_word' id='word_1_179' title='bbox 1814 2525 1923 2596; x_wconf 81' lang='grc' dir='ltr'>γὰρ</span> <span class='ocrx_word' id='word_1_180' title='bbox 1965 2526 2094 2596; x_wconf 80' lang='grc' dir='ltr'>ὑμῖν</span> 
     </span>
    </p>
   </div>
   <div class='ocr_carea' id='block_1_25' title="bbox 504 2616 2096 2698">
    <p class='ocr_par' dir='ltr' id='par_1_25' title="bbox 504 2616 2096 2698">
     <span class='ocr_line' id='line_1_25' title="bbox 504 2616 2096 2698; baseline -0.005 -18"><span class='ocrx_word' id='word_1_181' title='bbox 504 2629 617 2698; x_wconf 79' lang='grc' dir='ltr'>ἔχει</span> <span class='ocrx_word' id='word_1_182' title='bbox 649 2623 832 2694; x_wconf 83' lang='grc' dir='ltr'>λεῖψαι</span> <span class='ocrx_word' id='word_1_183' title='bbox 859 2621 981 2675; x_wconf 83' lang='grc' dir='ltr'>οὐδὲ</span> <span class='ocrx_word' id='word_1_184' title='bbox 1021 2619 1138 2684; x_wconf 89' lang='grc' dir='ltr'>νῦν,</span> <span class='ocrx_word' id='word_1_185' title='bbox 1179 2616 1317 2671; x_wconf 89' lang='grc' dir='ltr'>ἀλλά</span> <span class='ocrx_word' id='word_1_186' title='bbox 1359 2617 1459 2688; x_wconf 88' lang='grc' dir='ltr'>τῆς</span> <span class='ocrx_word' id='word_1_187' title='bbox 1492 2617 1662 2688; x_wconf 86' lang='grc' dir='ltr'>αὐτῆς</span> <span class='ocrx_word' id='word_1_188' title='bbox 1699 2617 1959 2687; x_wconf 82' lang='grc' dir='ltr'>ἀφθονίας</span> <span class='ocrx_word' id='word_1_189' title='bbox 2001 2620 2096 2672; x_wconf 80' lang='grc' dir='ltr'>καὶ</span> 
     </span>
    </p>
   </div>
   <div class='ocr_carea' id='block_1_26' title="bbox 502 2706 2093 2785">
    <p class='ocr_par' dir='ltr' id='par_1_26' title="bbox 502 2706 2093 2785">
     <span class='ocr_line' id='line_1_26' title="bbox 502 2706 2093 2785; baseline -0.006 -14"><span class='ocrx_word' id='word_1_190' title='bbox 502 2714 776 2785; x_wconf 79' lang='grc' dir='ltr'>δαψιλείας</span> <span class='ocrx_word' id='word_1_191' title='bbox 806 2708 1098 2765; x_wconf 74' lang='grc' dir='ltr'>ἀπολαύειν</span> <span class='ocrx_word' id='word_1_192' title='bbox 1147 2707 1293 2778; x_wconf 77' lang='grc' dir='ltr'>ὑμᾶς</span> <span class='ocrx_word' id='word_1_193' title='bbox 1344 2706 1640 2769; x_wconf 84' lang='grc' dir='ltr'>ἐκέλευσα,</span> <span class='ocrx_word' id='word_1_194' title='bbox 1682 2708 1793 2761; x_wconf 75' lang='grc' dir='ltr'>εἴτε</span> <span class='ocrx_word' id='word_1_195' title='bbox 1837 2710 1894 2761; x_wconf 87' lang='grc' dir='ltr'>ἐν</span> <span class='ocrx_word' id='word_1_196' title='bbox 1941 2708 2093 2763; x_wconf 86' lang='grc' dir='ltr'>ἐνδύ-</span> 
     </span>
    </p>
   </div>
   <div class='ocr_carea' id='block_1_27' title="bbox 508 2797 2093 2875">
    <p class='ocr_par' dir='ltr' id='par_1_27' title="bbox 508 2797 2093 2875">
     <span class='ocr_line' id='line_1_27' title="bbox 508 2797 2093 2875; baseline -0.004 -16"><span class='ocrx_word' id='word_1_197' title='bbox 508 2822 696 2875; x_wconf 82' lang='grc' dir='ltr'>μασιν,</span> <span class='ocrx_word' id='word_1_198' title='bbox 730 2803 838 2858; x_wconf 76' lang='grc' dir='ltr'>εἴτε</span> <span class='ocrx_word' id='word_1_199' title='bbox 864 2803 920 2856; x_wconf 90' lang='grc' dir='ltr'>ἐν</span> <span class='ocrx_word' id='word_1_200' title='bbox 953 2800 1314 2870; x_wconf 82' lang='grc' dir='ltr'>ὑποδήμασιν,</span> <span class='ocrx_word' id='word_1_201' title='bbox 1352 2797 1461 2851; x_wconf 84' lang='grc' dir='ltr'>εἴτε</span> <span class='ocrx_word' id='word_1_202' title='bbox 1496 2799 1555 2851; x_wconf 86' lang='grc' dir='ltr'>ἐν</span> <span class='ocrx_word' id='word_1_203' title='bbox 1591 2797 1907 2869; x_wconf 86' lang='grc' dir='ltr'>διατροφαῖς</span> <span class='ocrx_word' id='word_1_204' title='bbox 1931 2811 1956 2839; x_wconf 76' lang='grc' dir='ltr'>ι</span> <span class='ocrx_word' id='word_1_205' title='bbox 1986 2797 2093 2852; x_wconf 88' lang='grc' dir='ltr'>τῶν</span> 
     </span>
    </p>
   </div>
   <div class='ocr_carea' id='block_1_28' title="bbox 505 2887 2092 2966">
    <p class='ocr_par' dir='ltr' id='par_1_28' title="bbox 505 2887 2092 2966">
     <span class='ocr_line' id='line_1_28' title="bbox 505 2887 2092 2966; baseline -0.005 -14"><span class='ocrx_word' id='word_1_206' title='bbox 505 2896 774 2966; x_wconf 77' lang='grc' dir='ltr'>ἀδελφῶν.</span> <span class='ocrx_word' id='word_1_207' title='bbox 808 2894 872 2946; x_wconf 88' lang='grc' dir='ltr'>Εἰ</span> <span class='ocrx_word' id='word_1_208' title='bbox 904 2893 961 2947; x_wconf 86' lang='grc' dir='ltr'>δὲ</span> <span class='ocrx_word' id='word_1_209' title='bbox 987 2893 1149 2962; x_wconf 82' lang='grc' dir='ltr'>ἡμεῖς</span> <span class='ocrx_word' id='word_1_210' title='bbox 1182 2892 1239 2944; x_wconf 85' lang='grc' dir='ltr'>ἐν</span> <span class='ocrx_word' id='word_1_211' title='bbox 1269 2889 1503 2962; x_wconf 78' lang='grc' dir='ltr'>τοσαύτῃ</span> <span class='ocrx_word' id='word_1_212' title='bbox 1539 2887 1690 2962; x_wconf 71' lang='grc'>[664]</span> <span class='ocrx_word' id='word_1_213' title='bbox 1719 2889 1895 2961; x_wconf 79' lang='grc' dir='ltr'>θλίψει</span> <span class='ocrx_word' id='word_1_214' title='bbox 1918 2891 2092 2956; x_wconf 73' lang='grc' dir='ltr'>ὄντες,</span> 
     </span>
    </p>
   </div>
   <div class='ocr_carea' id='block_1_29' title="bbox 505 2979 2096 3059">
    <p class='ocr_par' dir='ltr' id='par_1_29' title="bbox 505 2979 2096 3059">
     <span class='ocr_line' id='line_1_29' title="bbox 505 2979 2096 3059; baseline -0.006 -17"><span class='ocrx_word' id='word_1_215' title='bbox 505 2989 600 3042; x_wconf 76' lang='grc' dir='ltr'>καὶ</span> <span class='ocrx_word' id='word_1_216' title='bbox 631 2985 972 3059; x_wconf 84' lang='grc' dir='ltr'>περιστάσει,</span> <span class='ocrx_word' id='word_1_217' title='bbox 1011 2983 1106 3036; x_wconf 78' lang='grc' dir='ltr'>καὶ</span> <span class='ocrx_word' id='word_1_218' title='bbox 1139 2981 1378 3052; x_wconf 78' lang='grc' dir='ltr'>ἐρημίαν</span> <span class='ocrx_word' id='word_1_219' title='bbox 1417 2979 1696 3044; x_wconf 78' lang='grc' dir='ltr'>οἰκοῦντες</span> <span class='ocrx_word' id='word_1_220' title='bbox 1725 2981 1824 3053; x_wconf 83' lang='grc' dir='ltr'>τὴν</span> <span class='ocrx_word' id='word_1_221' title='bbox 1852 2983 2096 3034; x_wconf 84' lang='grc' dir='ltr'>Κουκου-</span> 
     </span>
    </p>
   </div>
   <div class='ocr_carea' id='block_1_30' title="bbox 505 3069 2092 3146">
    <p class='ocr_par' dir='ltr' id='par_1_30' title="bbox 505 3069 2092 3146">
     <span class='ocr_line' id='line_1_30' title="bbox 505 3069 2092 3146; baseline -0.006 -14"><span class='ocrx_word' id='word_1_222' title='bbox 505 3079 619 3142; x_wconf 72' lang='grc' dir='ltr'>σὺν,</span> <span class='ocrx_word' id='word_1_223' title='bbox 646 3074 911 3146; x_wconf 83' lang='grc' dir='ltr'>τοσαύτην</span> <span class='ocrx_word' id='word_1_224' title='bbox 946 3070 1246 3142; x_wconf 82' lang='grc' dir='ltr'>ποιούμεθα</span> <span class='ocrx_word' id='word_1_225' title='bbox 1287 3071 1543 3140; x_wconf 85' lang='grc' dir='ltr'>φροντίδα</span> <span class='ocrx_word' id='word_1_226' title='bbox 1581 3069 1692 3122; x_wconf 87' lang='grc' dir='ltr'>τῶν</span> <span class='ocrx_word' id='word_1_227' title='bbox 1723 3069 2092 3142; x_wconf 86' lang='grc' dir='ltr'>κατορθωμά-</span> 
     </span>
    </p>
   </div>
   <div class='ocr_carea' id='block_1_31' title="bbox 505 3161 2094 3236">
    <p class='ocr_par' dir='ltr' id='par_1_31' title="bbox 505 3161 2094 3236">
     <span class='ocr_line' id='line_1_31' title="bbox 505 3161 2094 3236; baseline -0.008 -13"><span class='ocrx_word' id='word_1_228' title='bbox 505 3187 612 3223; x_wconf 90' lang='grc' dir='ltr'>των</span> <span class='ocrx_word' id='word_1_229' title='bbox 661 3167 772 3221; x_wconf 87' lang='grc' dir='ltr'>τῶν</span> <span class='ocrx_word' id='word_1_230' title='bbox 830 3164 1134 3236; x_wconf 88' lang='grc' dir='ltr'>ὑμετέρων,</span> <span class='ocrx_word' id='word_1_231' title='bbox 1185 3161 1365 3233; x_wconf 88' lang='grc' dir='ltr'>πολλῴ</span> <span class='ocrx_word' id='word_1_232' title='bbox 1417 3161 1618 3232; x_wconf 79' lang='grc' dir='ltr'>μᾶλλον</span> <span class='ocrx_word' id='word_1_233' title='bbox 1673 3161 1768 3215; x_wconf 63' lang='grc' dir='ltr'>καὶ¹</span> <span class='ocrx_word' id='word_1_234' title='bbox 1813 3162 1956 3232; x_wconf 85' lang='grc' dir='ltr'>ὑμᾶς</span> <span class='ocrx_word' id='word_1_235' title='bbox 2011 3162 2094 3216; x_wconf 80' lang='grc' dir='ltr'>δεῖ</span> 
     </span>
    </p>
   </div>
   <div class='ocr_carea' id='block_1_32' title="bbox 506 3252 2092 3332">
    <p class='ocr_par' dir='ltr' id='par_1_32' title="bbox 506 3252 2092 3332">
     <span class='ocr_line' id='line_1_32' title="bbox 506 3252 2092 3332; baseline -0.003 -18"><span class='ocrx_word' id='word_1_236' title='bbox 506 3261 706 3332; x_wconf 87' lang='grc' dir='ltr'>πολλῆς</span> <span class='ocrx_word' id='word_1_237' title='bbox 769 3256 1032 3329; x_wconf 81' lang='grc' dir='ltr'>εὐπορίας</span> <span class='ocrx_word' id='word_1_238' title='bbox 1093 3253 1501 3318; x_wconf 87' lang='grc' dir='ltr'>ἀπολαύοντας,</span> <span class='ocrx_word' id='word_1_239' title='bbox 1549 3252 1692 3306; x_wconf 89' lang='grc' dir='ltr'>κατά</span> <span class='ocrx_word' id='word_1_240' title='bbox 1749 3255 1849 3324; x_wconf 81' lang='grc' dir='ltr'>τὴν</span> <span class='ocrx_word' id='word_1_241' title='bbox 1900 3255 2092 3326; x_wconf 87' lang='grc' dir='ltr'>χρείαν</span> 
     </span>
    </p>
   </div>
   <div class='ocr_carea' id='block_1_33' title="bbox 385 3342 2088 3424">
    <p class='ocr_par' dir='ltr' id='par_1_33' title="bbox 385 3342 2088 3424">
     <span class='ocr_line' id='line_1_33' title="bbox 385 3342 2088 3424; baseline -0.005 -17"><span class='ocrx_word' id='word_1_242' title='bbox 385 3403 390 3407; x_wconf 76' lang='lat'><strong><em>_</em></strong></span> <span class='ocrx_word' id='word_1_243' title='bbox 506 3355 650 3424; x_wconf 80' lang='grc' dir='ltr'>λέγω</span> <span class='ocrx_word' id='word_1_244' title='bbox 680 3352 791 3406; x_wconf 86' lang='grc' dir='ltr'>τῶν</span> <span class='ocrx_word' id='word_1_245' title='bbox 822 3347 1158 3416; x_wconf 89' lang='grc' dir='ltr'>ἀναγκαίων,</span> <span class='ocrx_word' id='word_1_246' title='bbox 1188 3344 1259 3398; x_wconf 87' lang='grc' dir='ltr'>τά</span> <span class='ocrx_word' id='word_1_247' title='bbox 1299 3345 1429 3415; x_wconf 87' lang='grc' dir='ltr'>παρ’</span> <span class='ocrx_word' id='word_1_248' title='bbox 1452 3342 1662 3397; x_wconf 89' lang='grc' dir='ltr'>ἐαυτῶν</span> <span class='ocrx_word' id='word_1_249' title='bbox 1692 3343 2088 3416; x_wconf 87' lang='grc' dir='ltr'>συνεισφέρειν.</span> 
     </span>
    </p>
   </div>
   <div class='ocr_carea' id='block_1_34' title="bbox 509 3432 2092 3517">
    <p class='ocr_par' dir='ltr' id='par_1_34' title="bbox 509 3432 2092 3517">
     <span class='ocr_line' id='line_1_34' title="bbox 509 3432 2092 3517; baseline -0.009 -17"><span class='ocrx_word' id='word_1_250' title='bbox 509 3441 819 3517; x_wconf 84' lang='grc' dir='ltr'>Παρακαλῶ</span> <span class='ocrx_word' id='word_1_251' title='bbox 858 3439 1060 3505; x_wconf 77' lang='grc' dir='ltr'>τοίνυν,</span> <span class='ocrx_word' id='word_1_252' title='bbox 1116 3436 1307 3508; x_wconf 74' lang='grc' dir='ltr'>μηδεὶς</span> <span class='ocrx_word' id='word_1_253' title='bbox 1365 3434 1510 3506; x_wconf 80' lang='grc' dir='ltr'>ὑμᾶς</span> <span class='ocrx_word' id='word_1_254' title='bbox 1549 3432 1782 3506; x_wconf 69' lang='grc' dir='ltr'>φοϐήσῃ.</span> <span class='ocrx_word' id='word_1_255' title='bbox 1832 3433 1940 3486; x_wconf 78' lang='lat' dir='ltr'>Kal</span> <span class='ocrx_word' id='word_1_256' title='bbox 1982 3432 2092 3505; x_wconf 89' lang='grc' dir='ltr'>γάρ</span> 
     </span>
    </p>
   </div>
   <div class='ocr_carea' id='block_1_35' title="bbox 506 3522 2091 3604">
    <p class='ocr_par' dir='ltr' id='par_1_35' title="bbox 506 3522 2091 3604">
     <span class='ocr_line' id='line_1_35' title="bbox 506 3522 2091 3604; baseline -0.009 -14"><span class='ocrx_word' id='word_1_257' title='bbox 506 3537 602 3590; x_wconf 78' lang='grc' dir='ltr'>καὶ</span> <span class='ocrx_word' id='word_1_258' title='bbox 634 3533 705 3588; x_wconf 81' lang='grc' dir='ltr'>τὰ</span> <span class='ocrx_word' id='word_1_259' title='bbox 745 3532 1050 3604; x_wconf 88' lang='grc' dir='ltr'>πράγματα</span> <span class='ocrx_word' id='word_1_260' title='bbox 1094 3525 1466 3599; x_wconf 80' lang='grc' dir='ltr'>χρηστοτέρας</span> <span class='ocrx_word' id='word_1_261' title='bbox 1499 3523 1659 3594; x_wconf 77' lang='grc' dir='ltr'>ἔσχεν</span> <span class='ocrx_word' id='word_1_262' title='bbox 1707 3522 1927 3587; x_wconf 84' lang='grc' dir='ltr'>ἐλπίδας</span> <span class='ocrx_word' id='word_1_263' title='bbox 1947 3540 1962 3555; x_wconf 90' lang='grc'><strong>·</strong></span> <span class='ocrx_word' id='word_1_264' title='bbox 1995 3525 2091 3577; x_wconf 73' lang='grc' dir='ltr'>καὶ</span> 
     </span>
    </p>
   </div>
   <div class='ocr_carea' id='block_1_36' title="bbox 503 3614 2090 3702">
    <p class='ocr_par' dir='ltr' id='par_1_36' title="bbox 503 3614 2090 3702">
     <span class='ocr_line' id='line_1_36' title="bbox 503 3614 2090 3702; baseline -0.01 -17"><span class='ocrx_word' id='word_1_265' title='bbox 503 3626 797 3702; x_wconf 90' lang='grc' dir='ltr'>δυνήσεσθε</span> <span class='ocrx_word' id='word_1_266' title='bbox 844 3622 1004 3677; x_wconf 90' lang='grc' dir='ltr'>τοῦτο</span> <span class='ocrx_word' id='word_1_267' title='bbox 1041 3619 1234 3693; x_wconf 88' lang='grc' dir='ltr'>μαθεῖν</span> <span class='ocrx_word' id='word_1_268' title='bbox 1279 3618 1386 3671; x_wconf 84' lang='grc' dir='ltr'>ἀπὸ</span> <span class='ocrx_word' id='word_1_269' title='bbox 1433 3615 1543 3670; x_wconf 86' lang='grc' dir='ltr'>τῶν</span> <span class='ocrx_word' id='word_1_270' title='bbox 1587 3615 1940 3687; x_wconf 80' lang='grc' dir='ltr'>ἀντιγράφων</span> <span class='ocrx_word' id='word_1_271' title='bbox 1981 3614 2090 3670; x_wconf 90' lang='grc' dir='ltr'>τῶν</span> 
     </span>
    </p>
   </div>
   <div class='ocr_carea' id='block_1_37' title="bbox 504 3706 2091 3786">
    <p class='ocr_par' dir='ltr' id='par_1_37' title="bbox 504 3706 2091 3786">
     <span class='ocr_line' id='line_1_37' title="bbox 504 3706 2091 3786; baseline -0.01 -10"><span class='ocrx_word' id='word_1_272' title='bbox 504 3718 916 3777; x_wconf 79' lang='grc' dir='ltr'>ἀποσταλέντων</span> <span class='ocrx_word' id='word_1_273' title='bbox 951 3712 1105 3786; x_wconf 81' lang='grc' dir='ltr'>παρὰ</span> <span class='ocrx_word' id='word_1_274' title='bbox 1141 3709 1235 3764; x_wconf 91' lang='grc' dir='ltr'>τοῦ</span> <span class='ocrx_word' id='word_1_275' title='bbox 1270 3708 1464 3780; x_wconf 87' lang='grc' dir='ltr'>κυρίου</span> <span class='ocrx_word' id='word_1_276' title='bbox 1509 3725 1610 3779; x_wconf 89' lang='grc' dir='ltr'>μου</span> <span class='ocrx_word' id='word_1_277' title='bbox 1640 3707 1736 3759; x_wconf 93' lang='grc' dir='ltr'>τοῦ</span> <span class='ocrx_word' id='word_1_278' title='bbox 1764 3706 2091 3761; x_wconf 81' lang='grc' dir='ltr'>εὐλαϐεστά-</span> 
     </span>
    </p>
   </div>
   <div class='ocr_carea' id='block_1_38' title="bbox 503 3798 2091 3882">
    <p class='ocr_par' dir='ltr' id='par_1_38' title="bbox 503 3798 2091 3882">
     <span class='ocr_line' id='line_1_38' title="bbox 503 3798 2091 3882; baseline -0.011 -15"><span class='ocrx_word' id='word_1_279' title='bbox 503 3831 598 3868; x_wconf 75' lang='grc' dir='ltr'>του</span> <span class='ocrx_word' id='word_1_280' title='bbox 648 3807 1020 3882; x_wconf 85' lang='grc' dir='ltr'>πρεσϐυτέρου</span> <span class='ocrx_word' id='word_1_281' title='bbox 1069 3802 1466 3856; x_wconf 83' lang='grc' dir='ltr'>Κωνσταντίου.</span> <span class='ocrx_word' id='word_1_282' title='bbox 1507 3799 1616 3854; x_wconf 81' lang='grc' dir='ltr'>Καὶ</span> <span class='ocrx_word' id='word_1_283' title='bbox 1667 3798 1764 3853; x_wconf 79' lang='grc' dir='ltr'>ἐὰν</span> <span class='ocrx_word' id='word_1_284' title='bbox 1811 3799 2091 3871; x_wconf 80' lang='grc' dir='ltr'>παραμεί-</span> 
     </span>
    </p>
   </div>
   <div class='ocr_carea' id='block_1_39' title="bbox 503 3890 2086 3977">
    <p class='ocr_par' dir='ltr' id='par_1_39' title="bbox 503 3890 2086 3977">
     <span class='ocr_line' id='line_1_39' title="bbox 503 3890 2086 3977; baseline -0.008 -18"><span class='ocrx_word' id='word_1_285' title='bbox 503 3922 652 3977; x_wconf 86' lang='grc' dir='ltr'>νητε,</span> <span class='ocrx_word' id='word_1_286' title='bbox 679 3902 781 3957; x_wconf 81' lang='grc' dir='ltr'>κᾶν</span> <span class='ocrx_word' id='word_1_287' title='bbox 813 3898 980 3972; x_wconf 86' lang='grc' dir='ltr'>μυρία</span> <span class='ocrx_word' id='word_1_288' title='bbox 1061 3896 1128 3949; x_wconf 88' lang='grc' dir='ltr'>τά</span> <span class='ocrx_word' id='word_1_289' title='bbox 1155 3894 1471 3964; x_wconf 86' lang='grc' dir='ltr'>κωλύματα,</span> <span class='ocrx_word' id='word_1_290' title='bbox 1496 3892 1714 3946; x_wconf 89' lang='grc' dir='ltr'>πάντων</span> <span class='ocrx_word' id='word_1_291' title='bbox 1746 3890 2086 3963; x_wconf 82' lang='grc' dir='ltr'>περιέσεσθε.</span> 
     </span>
    </p>
   </div>
   <div class='ocr_carea' id='block_1_40' title="bbox 505 3979 2090 4062">
    <p class='ocr_par' dir='ltr' id='par_1_40' title="bbox 505 3979 2090 4062">
     <span class='ocr_line' id='line_1_40' title="bbox 505 3979 2090 4062; baseline -0.011 -14"><span class='ocrx_word' id='word_1_292' title='bbox 505 3994 672 4048; x_wconf 79' lang='grc' dir='ltr'>Οὐδὲν</span> <span class='ocrx_word' id='word_1_293' title='bbox 699 3992 808 4062; x_wconf 89' lang='grc' dir='ltr'>γὰρ</span> <span class='ocrx_word' id='word_1_294' title='bbox 841 3987 1121 4058; x_wconf 88' lang='grc' dir='ltr'>ὑπομονῆς</span> <span class='ocrx_word' id='word_1_295' title='bbox 1142 3986 1258 4037; x_wconf 86' lang='grc' dir='ltr'>ῖσον</span> <span class='ocrx_word' id='word_1_296' title='bbox 1289 3983 1384 4036; x_wconf 83' lang='grc' dir='ltr'>καὶ</span> <span class='ocrx_word' id='word_1_297' title='bbox 1417 3981 1744 4054; x_wconf 75' lang='grc' dir='ltr'>καρτερίαςο</span> <span class='ocrx_word' id='word_1_298' title='bbox 1775 3981 1955 4053; x_wconf 76' lang='grc' dir='ltr'>πέτρᾳ</span> <span class='ocrx_word' id='word_1_299' title='bbox 1980 3979 2090 4051; x_wconf 84' lang='grc' dir='ltr'>γὰρ</span> 
     </span>
    </p>
   </div>
   <div class='ocr_carea' id='block_1_41' title="bbox 504 4069 2089 4149">
    <p class='ocr_par' dir='ltr' id='par_1_41' title="bbox 504 4069 2089 4149">
     <span class='ocr_line' id='line_1_41' title="bbox 504 4069 2089 4149; baseline -0.008 -11"><span class='ocrx_word' id='word_1_300' title='bbox 504 4085 711 4138; x_wconf 75' lang='grc' dir='ltr'>ἔοικεν·</span> <span class='ocrx_word' id='word_1_301' title='bbox 743 4083 800 4135; x_wconf 85' lang='grc' dir='ltr'>αἰ</span> <span class='ocrx_word' id='word_1_302' title='bbox 847 4079 905 4132; x_wconf 82' lang='grc' dir='ltr'>δὲ</span> <span class='ocrx_word' id='word_1_303' title='bbox 943 4076 1180 4149; x_wconf 74' lang='grc' dir='ltr'>ταραχαὶ</span> <span class='ocrx_word' id='word_1_304' title='bbox 1223 4069 1383 4129; x_wconf 75' lang='grc' dir='ltr'>αὗται</span> <span class='ocrx_word' id='word_1_305' title='bbox 1433 4075 1528 4127; x_wconf 71' lang='grc' dir='ltr'>καί¹</span> <span class='ocrx_word' id='word_1_306' title='bbox 1565 4075 1622 4128; x_wconf 87' lang='grc' dir='ltr'>αἰ</span> <span class='ocrx_word' id='word_1_307' title='bbox 1671 4073 1985 4139; x_wconf 78' lang='grc' dir='ltr'>ἐπιϐουλαὶ,</span> <span class='ocrx_word' id='word_1_308' title='bbox 2032 4073 2089 4126; x_wconf 84' lang='lat' dir='ltr'><strong><em>al</em></strong></span> 
     </span>
    </p>
   </div>
   <div class='ocr_carea' id='block_1_42' title="bbox 503 4161 2090 4243">
    <p class='ocr_par' dir='ltr' id='par_1_42' title="bbox 503 4161 2090 4243">
     <span class='ocr_line' id='line_1_42' title="bbox 503 4161 2090 4243; baseline -0.011 -12"><span class='ocrx_word' id='word_1_309' title='bbox 503 4175 649 4231; x_wconf 84' lang='grc' dir='ltr'>κατά</span> <span class='ocrx_word' id='word_1_310' title='bbox 695 4173 795 4243; x_wconf 87' lang='grc' dir='ltr'>τῆς</span> <span class='ocrx_word' id='word_1_311' title='bbox 837 4167 1163 4239; x_wconf 86' lang='grc' dir='ltr'>Ἐκκλησίας</span> <span class='ocrx_word' id='word_1_312' title='bbox 1224 4166 1532 4234; x_wconf 82' lang='grc' dir='ltr'>γινόμεναι,</span> <span class='ocrx_word' id='word_1_313' title='bbox 1583 4163 1825 4234; x_wconf 89' lang='grc' dir='ltr'>κύμασιν</span> <span class='ocrx_word' id='word_1_314' title='bbox 1877 4161 2090 4215; x_wconf 88' lang='grc' dir='ltr'>ἐοίκασι</span> 
     </span>
    </p>
   </div>
   <div class='ocr_carea' id='block_1_43' title="bbox 507 4253 2090 4337">
    <p class='ocr_par' dir='ltr' id='par_1_43' title="bbox 507 4253 2090 4337">
     <span class='ocr_line' id='line_1_43' title="bbox 507 4253 2090 4337; baseline -0.008 -18"><span class='ocrx_word' id='word_1_315' title='bbox 507 4261 1016 4337; x_wconf 87' lang='grc' dir='ltr'>προσρηγνυμένοις</span> <span class='ocrx_word' id='word_1_316' title='bbox 1065 4259 1132 4328; x_wconf 82' lang='grc' dir='ltr'>τῇ</span> <span class='ocrx_word' id='word_1_317' title='bbox 1185 4256 1392 4328; x_wconf 75' lang='grc' dir='ltr'>πέτρα,</span> <span class='ocrx_word' id='word_1_318' title='bbox 1445 4254 1540 4308; x_wconf 79' lang='grc' dir='ltr'>καὶ</span> <span class='ocrx_word' id='word_1_319' title='bbox 1585 4253 1958 4325; x_wconf 81' lang='grc' dir='ltr'>διαλυομένοις</span> <span class='ocrx_word' id='word_1_320' title='bbox 2008 4255 2090 4318; x_wconf 87' lang='grc' dir='ltr'>είς</span> 
     </span>
    </p>
   </div>
   <div class='ocr_carea' id='block_1_44' title="bbox 506 4343 2088 4421">
    <p class='ocr_par' dir='ltr' id='par_1_44' title="bbox 506 4343 2088 4421">
     <span class='ocr_line' id='line_1_44' title="bbox 506 4343 2088 4421; baseline -0.006 -16"><span class='ocrx_word' id='word_1_321' title='bbox 506 4356 706 4409; x_wconf 78' lang='grc' dir='ltr'>οἰκεῖον</span> <span class='ocrx_word' id='word_1_322' title='bbox 747 4350 942 4421; x_wconf 85' lang='grc' dir='ltr'>ἀφρόν.</span> <span class='ocrx_word' id='word_1_323' title='bbox 983 4347 1305 4416; x_wconf 89' lang='grc' dir='ltr'>Ἐννοήσατε</span> <span class='ocrx_word' id='word_1_324' title='bbox 1354 4346 1457 4398; x_wconf 81' lang='grc' dir='ltr'>ὅσα</span> <span class='ocrx_word' id='word_1_325' title='bbox 1496 4343 1756 4416; x_wconf 83' lang='grc' dir='ltr'>μακάριοι</span> <span class='ocrx_word' id='word_1_326' title='bbox 1799 4343 2088 4398; x_wconf 88' lang='grc' dir='ltr'>ἀπόστολοι</span> 
     </span>
    </p>
   </div>
   <div class='ocr_carea' id='block_1_45' title="bbox 507 4435 2090 4516">
    <p class='ocr_par' dir='ltr' id='par_1_45' title="bbox 507 4435 2090 4516">
     <span class='ocr_line' id='line_1_45' title="bbox 507 4435 2090 4516; baseline -0.008 -16"><span class='ocrx_word' id='word_1_327' title='bbox 507 4447 740 4516; x_wconf 73' lang='grc' dir='ltr'>ἔπασχον</span> <span class='ocrx_word' id='word_1_328' title='bbox 770 4443 862 4496; x_wconf 72' lang='grc' dir='ltr'>καὶ</span> <span class='ocrx_word' id='word_1_329' title='bbox 891 4438 1042 4511; x_wconf 85' lang='grc' dir='ltr'>παρά</span> <span class='ocrx_word' id='word_1_330' title='bbox 1067 4437 1301 4500; x_wconf 87' lang='grc' dir='ltr'>οἰκείων,</span> <span class='ocrx_word' id='word_1_331' title='bbox 1332 4436 1424 4489; x_wconf 79' lang='grc' dir='ltr'>καὶ</span> <span class='ocrx_word' id='word_1_332' title='bbox 1470 4436 1622 4507; x_wconf 79' lang='grc' dir='ltr'>παρὰ</span> <span class='ocrx_word' id='word_1_333' title='bbox 1648 4435 1962 4507; x_wconf 87' lang='grc' dir='ltr'>ἀλλοτρίων,</span> <span class='ocrx_word' id='word_1_334' title='bbox 1994 4435 2090 4490; x_wconf 86' lang='grc' dir='ltr'>καὶ</span> 
     </span>
    </p>
   </div>
   <div class='ocr_carea' id='block_1_46' title="bbox 504 4527 2154 4603">
    <p class='ocr_par' dir='ltr' id='par_1_46' title="bbox 504 4527 2154 4603">
     <span class='ocr_line' id='line_1_46' title="bbox 504 4527 2154 4603; baseline -0.009 -11"><span class='ocrx_word' id='word_1_335' title='bbox 504 4539 589 4593; x_wconf 82' lang='grc' dir='ltr'>ὅτι</span> <span class='ocrx_word' id='word_1_336' title='bbox 634 4535 810 4590; x_wconf 84' lang='grc' dir='ltr'>πάντα</span> <span class='ocrx_word' id='word_1_337' title='bbox 853 4531 942 4586; x_wconf 80' lang='grc' dir='ltr'>τὸν</span> <span class='ocrx_word' id='word_1_338' title='bbox 993 4530 1182 4603; x_wconf 90' lang='grc' dir='ltr'>χρόνον</span> <span class='ocrx_word' id='word_1_339' title='bbox 1223 4528 1319 4581; x_wconf 88' lang='grc' dir='ltr'>τοῦ</span> <span class='ocrx_word' id='word_1_340' title='bbox 1361 4527 1715 4599; x_wconf 85' lang='grc' dir='ltr'>κηρύγματος</span> <span class='ocrx_word' id='word_1_341' title='bbox 1758 4527 1844 4581; x_wconf 83' lang='grc' dir='ltr'>διὰ</span> <span class='ocrx_word' id='word_1_342' title='bbox 1891 4543 2088 4598; x_wconf 86' lang='grc' dir='ltr'>πειρα-</span> <span class='ocrx_word' id='word_1_343' title='bbox 2151 4584 2154 4588; x_wconf 48' lang='grc'>,</span> 
     </span>
    </p>
   </div>
   <div class='ocr_carea' id='block_1_47' title="bbox 508 4619 2090 4700">
    <p class='ocr_par' dir='ltr' id='par_1_47' title="bbox 508 4619 2090 4700">
     <span class='ocr_line' id='line_1_47' title="bbox 508 4619 2090 4700; baseline -0.007 -18"><span class='ocrx_word' id='word_1_344' title='bbox 508 4629 682 4700; x_wconf 89' lang='grc' dir='ltr'>σμῶν,</span> <span class='ocrx_word' id='word_1_345' title='bbox 713 4626 802 4680; x_wconf 84' lang='grc' dir='ltr'>διά</span> <span class='ocrx_word' id='word_1_346' title='bbox 829 4622 1110 4686; x_wconf 85' lang='grc' dir='ltr'>κινδύνων,</span> <span class='ocrx_word' id='word_1_347' title='bbox 1147 4621 1213 4673; x_wconf 85' lang='grc' dir='ltr'>δι’</span> <span class='ocrx_word' id='word_1_348' title='bbox 1238 4619 1536 4674; x_wconf 87' lang='grc' dir='ltr'>ἐπιϐουλῶν</span> <span class='ocrx_word' id='word_1_349' title='bbox 1567 4619 1844 4690; x_wconf 87' lang='grc' dir='ltr'>διήνυσαν,</span> <span class='ocrx_word' id='word_1_350' title='bbox 1884 4620 1963 4682; x_wconf 90' lang='grc' dir='ltr'>εἰς</span> <span class='ocrx_word' id='word_1_351' title='bbox 1999 4619 2090 4672; x_wconf 88' lang='grc' dir='ltr'>δε-</span> 
     </span>
    </p>
   </div>
   <div class='ocr_carea' id='block_1_48' title="bbox 510 4708 2090 4788">
    <p class='ocr_par' dir='ltr' id='par_1_48' title="bbox 510 4708 2090 4788">
     <span class='ocr_line' id='line_1_48' title="bbox 510 4708 2090 4788; baseline -0.009 -17"><span class='ocrx_word' id='word_1_352' title='bbox 510 4717 820 4788; x_wconf 88' lang='grc' dir='ltr'>σμωτήρια,</span> <span class='ocrx_word' id='word_1_353' title='bbox 864 4713 959 4767; x_wconf 81' lang='grc' dir='ltr'>καί</span> <span class='ocrx_word' id='word_1_354' title='bbox 993 4711 1246 4774; x_wconf 87' lang='grc' dir='ltr'>ἀλύσεις,</span> <span class='ocrx_word' id='word_1_355' title='bbox 1283 4710 1377 4762; x_wconf 75' lang='grc' dir='ltr'>καὶ</span> <span class='ocrx_word' id='word_1_356' title='bbox 1412 4708 1743 4777; x_wconf 77' lang='grc' dir='ltr'>ἀπαγωγάς,</span> <span class='ocrx_word' id='word_1_357' title='bbox 1785 4709 1880 4762; x_wconf 76' lang='grc' dir='ltr'>καὶ</span> <span class='ocrx_word' id='word_1_358' title='bbox 1913 4708 1942 4748; x_wconf 76' lang='lat' dir='ltr'><strong>b</strong></span> <span class='ocrx_word' id='word_1_359' title='bbox 1985 4708 2090 4780; x_wconf 84' lang='grc' dir='ltr'>μά-</span> 
     </span>
    </p>
   </div>
   <div class='ocr_carea' id='block_1_49' title="bbox 510 4798 2085 4877">
    <p class='ocr_par' dir='ltr' id='par_1_49' title="bbox 510 4798 2085 4877">
     <span class='ocr_line' id='line_1_49' title="bbox 510 4798 2085 4877; baseline -0.006 -15"><span class='ocrx_word' id='word_1_360' title='bbox 510 4825 703 4877; x_wconf 88' lang='grc' dir='ltr'>στιγας</span> <span class='ocrx_word' id='word_1_361' title='bbox 748 4808 842 4861; x_wconf 69' lang='grc' dir='ltr'>καὶ</span> <span class='ocrx_word' id='word_1_362' title='bbox 887 4806 1104 4876; x_wconf 81' lang='grc' dir='ltr'>λιμοὺς,</span> <span class='ocrx_word' id='word_1_363' title='bbox 1146 4803 1240 4857; x_wconf 77' lang='grc' dir='ltr'>καὶ</span> <span class='ocrx_word' id='word_1_364' title='bbox 1288 4800 1630 4871; x_wconf 88' lang='grc' dir='ltr'>γυμνότητας</span> <span class='ocrx_word' id='word_1_365' title='bbox 1687 4798 2085 4870; x_wconf 85' lang='grc' dir='ltr'>δαπανώμενοι.</span> 
     </span>
    </p>
   </div>
   <div class='ocr_carea' id='block_1_50' title="bbox 522 4889 2089 4969">
    <p class='ocr_par' dir='ltr' id='par_1_50' title="bbox 522 4889 2089 4969">
     <span class='ocr_line' id='line_1_50' title="bbox 522 4889 2089 4969; baseline -0.008 -15"><span class='ocrx_word' id='word_1_366' title='bbox 522 4900 660 4954; x_wconf 81' lang='grc' dir='ltr'>Ἀλλ’</span> <span class='ocrx_word' id='word_1_367' title='bbox 688 4900 837 4969; x_wconf 84' lang='grc' dir='ltr'>ὅμως</span> <span class='ocrx_word' id='word_1_368' title='bbox 870 4897 964 4952; x_wconf 75' lang='grc' dir='ltr'>καὶ</span> <span class='ocrx_word' id='word_1_369' title='bbox 996 4900 1053 4950; x_wconf 89' lang='grc' dir='ltr'>ἐν</span> <span class='ocrx_word' id='word_1_370' title='bbox 1079 4897 1263 4957; x_wconf 82' lang='grc' dir='ltr'>αὐτοῖς</span> <span class='ocrx_word' id='word_1_371' title='bbox 1297 4895 1410 4955; x_wconf 86' lang='grc' dir='ltr'>τοῖς</span> <span class='ocrx_word' id='word_1_372' title='bbox 1450 4891 1848 4961; x_wconf 78' lang='grc' dir='ltr'>δεσμωτηρίοις</span> <span class='ocrx_word' id='word_1_373' title='bbox 1878 4889 2089 4943; x_wconf 88' lang='grc' dir='ltr'>οἰκοῦν-</span> 
     </span>
    </p>
   </div>
   <div class='ocr_carea' id='block_1_51' title="bbox 510 4981 2089 5060">
    <p class='ocr_par' dir='ltr' id='par_1_51' title="bbox 510 4981 2089 5060">
     <span class='ocr_line' id='line_1_51' title="bbox 510 4981 2089 5060; baseline -0.006 -16"><span class='ocrx_word' id='word_1_374' title='bbox 510 5008 620 5054; x_wconf 85' lang='grc' dir='ltr'>τες,</span> <span class='ocrx_word' id='word_1_375' title='bbox 653 4991 752 5059; x_wconf 87' lang='grc' dir='ltr'>τῆς</span> <span class='ocrx_word' id='word_1_376' title='bbox 791 4986 1234 5060; x_wconf 84' lang='grc' dir='ltr'>ἐγχειρισθείσης</span> <span class='ocrx_word' id='word_1_377' title='bbox 1263 4985 1445 5046; x_wconf 88' lang='grc' dir='ltr'>αὐτοῖς</span> <span class='ocrx_word' id='word_1_378' title='bbox 1487 4983 1796 5053; x_wconf 85' lang='grc' dir='ltr'>οἰκονομίας</span> <span class='ocrx_word' id='word_1_379' title='bbox 1834 4981 1935 5035; x_wconf 85' lang='grc' dir='ltr'>οὐκ</span> <span class='ocrx_word' id='word_1_380' title='bbox 1964 4981 2089 5052; x_wconf 86' lang='grc' dir='ltr'>ἀφί-</span> 
     </span>
    </p>
   </div>
   <div class='ocr_carea' id='block_1_52' title="bbox 510 5071 2088 5149">
    <p class='ocr_par' dir='ltr' id='par_1_52' title="bbox 510 5071 2088 5149">
     <span class='ocr_line' id='line_1_52' title="bbox 510 5071 2088 5149; baseline -0.005 -15"><span class='ocrx_word' id='word_1_381' title='bbox 510 5096 732 5136; x_wconf 88' lang='grc' dir='ltr'>σταντο·</span> <span class='ocrx_word' id='word_1_382' title='bbox 778 5079 891 5132; x_wconf 79' lang='grc' dir='ltr'>ἀλλ’</span> <span class='ocrx_word' id='word_1_383' title='bbox 923 5080 951 5131; x_wconf 84' lang='grc' dir='ltr'>ὁ</span> <span class='ocrx_word' id='word_1_384' title='bbox 1002 5077 1269 5149; x_wconf 84' lang='grc' dir='ltr'>μακάριος</span> <span class='ocrx_word' id='word_1_385' title='bbox 1319 5073 1530 5136; x_wconf 79' lang='grc' dir='ltr'>Παῦλος</span> <span class='ocrx_word' id='word_1_386' title='bbox 1578 5074 1673 5126; x_wconf 79' lang='grc' dir='ltr'>καὶ</span> <span class='ocrx_word' id='word_1_387' title='bbox 1717 5071 2088 5142; x_wconf 83' lang='grc' dir='ltr'>δεσμωτήριον</span> 
     </span>
    </p>
   </div>
   <div class='ocr_carea' id='block_1_53' title="bbox 507 5161 2089 5238">
    <p class='ocr_par' dir='ltr' id='par_1_53' title="bbox 507 5161 2089 5238">
     <span class='ocr_line' id='line_1_53' title="bbox 507 5161 2089 5238; baseline -0.007 -13"><span class='ocrx_word' id='word_1_388' title='bbox 507 5171 694 5238; x_wconf 88' lang='grc' dir='ltr'>οίκῶν,</span> <span class='ocrx_word' id='word_1_389' title='bbox 733 5169 829 5223; x_wconf 75' lang='grc' dir='ltr'>καί⁹</span> <span class='ocrx_word' id='word_1_390' title='bbox 878 5167 1391 5238; x_wconf 86' lang='grc' dir='ltr'>μεμαστιγωμένος,</span> <span class='ocrx_word' id='word_1_391' title='bbox 1433 5163 1526 5217; x_wconf 72' lang='grc' dir='ltr'>καὶ</span> <span class='ocrx_word' id='word_1_392' title='bbox 1572 5163 1766 5232; x_wconf 77' lang='grc' dir='ltr'>αἵματι</span> <span class='ocrx_word' id='word_1_393' title='bbox 1802 5161 2089 5234; x_wconf 79' lang='grc' dir='ltr'>περιρῤεό-</span> 
     </span>
    </p>
   </div>
   <div class='ocr_carea' id='block_1_54' title="bbox 510 5247 2088 5334">
    <p class='ocr_par' dir='ltr' id='par_1_54' title="bbox 510 5247 2088 5334">
     <span class='ocr_line' id='line_1_54' title="bbox 510 5247 2088 5334; baseline -0.008 -20"><span class='ocrx_word' id='word_1_394' title='bbox 510 5278 690 5334; x_wconf 81' lang='grc' dir='ltr'>μενος,</span> <span class='ocrx_word' id='word_1_395' title='bbox 735 5257 830 5312; x_wconf 78' lang='grc' dir='ltr'>καὶ</span> <span class='ocrx_word' id='word_1_396' title='bbox 873 5255 1016 5326; x_wconf 80' lang='grc' dir='ltr'>ξύλῳ</span> <span class='ocrx_word' id='word_1_397' title='bbox 1059 5253 1516 5327; x_wconf 85' lang='grc' dir='ltr'>προσδεδεμένος,</span> <span class='ocrx_word' id='word_1_398' title='bbox 1563 5250 1658 5303; x_wconf 67' lang='grc' dir='ltr'>καλ⁸</span> <span class='ocrx_word' id='word_1_399' title='bbox 1698 5249 1936 5303; x_wconf 81' lang='grc' dir='ltr'>τοσαῦτα</span> <span class='ocrx_word' id='word_1_400' title='bbox 1984 5247 2088 5301; x_wconf 86' lang='grc' dir='ltr'>πά-</span> 
     </span>
    </p>
   </div>
   <div class='ocr_carea' id='block_1_55' title="bbox 507 5336 2088 5424">
    <p class='ocr_par' dir='ltr' id='par_1_55' title="bbox 507 5336 2088 5424">
     <span class='ocr_line' id='line_1_55' title="bbox 507 5336 2088 5424; baseline -0.01 -18"><span class='ocrx_word' id='word_1_401' title='bbox 507 5369 670 5424; x_wconf 86' lang='grc' dir='ltr'>σχων,</span> <span class='ocrx_word' id='word_1_402' title='bbox 699 5349 794 5403; x_wconf 69' lang='grc' dir='ltr'>καλ⁹</span> <span class='ocrx_word' id='word_1_403' title='bbox 825 5345 1202 5419; x_wconf 86' lang='grc' dir='ltr'>ἐμυσταγώγει</span> <span class='ocrx_word' id='word_1_404' title='bbox 1240 5345 1296 5398; x_wconf 81' lang='grc' dir='ltr'>ἐν</span> <span class='ocrx_word' id='word_1_405' title='bbox 1327 5343 1406 5414; x_wconf 84' lang='grc' dir='ltr'>τῷ</span> <span class='ocrx_word' id='word_1_406' title='bbox 1446 5339 1826 5411; x_wconf 83' lang='grc' dir='ltr'>δεσμωτηρίῳ,</span> <span class='ocrx_word' id='word_1_407' title='bbox 1870 5343 1961 5390; x_wconf 72' lang='grc' dir='ltr'>καὶ</span> <span class='ocrx_word' id='word_1_408' title='bbox 1994 5336 2088 5390; x_wconf 84' lang='grc' dir='ltr'>τὸν</span> 
     </span>
    </p>
   </div>
   <div class='ocr_carea' id='block_1_56' title="bbox 505 5429 2089 5512">
    <p class='ocr_par' dir='ltr' id='par_1_56' title="bbox 505 5429 2089 5512">
     <span class='ocr_line' id='line_1_56' title="bbox 505 5429 2089 5512; baseline -0.01 -14"><span class='ocrx_word' id='word_1_409' title='bbox 505 5441 893 5512; x_wconf 84' lang='grc' dir='ltr'>δεσμοφύλακα</span> <span class='ocrx_word' id='word_1_410' title='bbox 937 5437 1218 5503; x_wconf 83' lang='grc' dir='ltr'>ἐϐἀπτιζε,</span> <span class='ocrx_word' id='word_1_411' title='bbox 1263 5437 1357 5488; x_wconf 78' lang='grc' dir='ltr'>καὶ</span> <span class='ocrx_word' id='word_1_412' title='bbox 1402 5434 1470 5487; x_wconf 88' lang='grc' dir='ltr'>τά</span> <span class='ocrx_word' id='word_1_413' title='bbox 1509 5432 1638 5503; x_wconf 78' lang='grc' dir='ltr'>παρ’</span> <span class='ocrx_word' id='word_1_414' title='bbox 1681 5429 1874 5484; x_wconf 88' lang='grc' dir='ltr'>ἐαυτοῦ</span> <span class='ocrx_word' id='word_1_415' title='bbox 1910 5429 2089 5484; x_wconf 86' lang='grc' dir='ltr'>πάντα</span> 
     </span>
    </p>
   </div>
   <div class='ocr_carea' id='block_1_57' title="bbox 570 5541 2086 5611">
    <p class='ocr_par' dir='ltr' id='par_1_57' title="bbox 570 5541 2086 5611">
     <span class='ocr_line' id='line_1_57' title="bbox 570 5541 2086 5611; baseline -0.008 -10"><span class='ocrx_word' id='word_1_416' title='bbox 570 5555 596 5582; x_wconf 75' lang='grc'>⁸</span> <span class='ocrx_word' id='word_1_417' title='bbox 621 5551 806 5600; x_wconf 77' lang='lat' dir='ltr'>Fabric.</span> <span class='ocrx_word' id='word_1_418' title='bbox 829 5546 1147 5611; x_wconf 80' lang='grc' dir='ltr'>διαστροφαῖς.</span> <span class='ocrx_word' id='word_1_419' title='bbox 1188 5544 1312 5596; x_wconf 83' lang='lat' dir='ltr'><strong>Infra</strong></span> <span class='ocrx_word' id='word_1_420' title='bbox 1335 5545 1466 5593; x_wconf 85' lang='lat' dir='ltr'>idem</span> <span class='ocrx_word' id='word_1_421' title='bbox 1489 5544 1666 5601; x_wconf 85' lang='grc' dir='ltr'>πολλῆς</span> <span class='ocrx_word' id='word_1_422' title='bbox 1699 5541 1928 5603; x_wconf 78' lang='grc' dir='ltr'>ἐμπορίας</span> <span class='ocrx_word' id='word_1_423' title='bbox 1968 5542 2086 5590; x_wconf 82' lang='grc' dir='ltr'>ἀπο-</span> 
     </span>
    </p>
   </div>
   <div class='ocr_carea' id='block_1_58' title="bbox 506 5613 739 5661">
    <p class='ocr_par' dir='ltr' id='par_1_58' title="bbox 506 5613 739 5661">
     <span class='ocr_line' id='line_1_58' title="bbox 506 5613 739 5661; baseline -0.017 0"><span class='ocrx_word' id='word_1_424' title='bbox 506 5613 739 5661; x_wconf 75' lang='grc' dir='ltr'>λαύοντες..</span> 
     </span>
    </p>
   </div>
   <div class='ocr_carea' id='block_1_59' title="bbox 569 5629 1433 5733">
    <p class='ocr_par' dir='ltr' id='par_1_59' title="bbox 569 5629 1433 5733">
     <span class='ocr_line' id='line_1_59' title="bbox 569 5630 739 5659; baseline -0.012 0"><span class='ocrx_word' id='word_1_425' title='bbox 569 5630 676 5659; x_wconf 73' lang='grc' dir='ltr'>υοντ</span> <span class='ocrx_word' id='word_1_426' title='bbox 729 5647 739 5657; x_wconf 94' lang='grc'>.</span> 
     </span>
     <span class='ocr_line' id='line_1_60' title="bbox 569 5629 1433 5733; baseline -0.009 -10"><span class='ocrx_word' id='word_1_427' title='bbox 569 5675 598 5716; x_wconf 79' lang='lat' dir='ltr'>b</span> <span class='ocrx_word' id='word_1_428' title='bbox 623 5629 807 5723; x_wconf 59' lang='grc' dir='ltr'>Ιίάῗτίῠ.</span> <span class='ocrx_word' id='word_1_429' title='bbox 831 5669 1018 5727; x_wconf 78' lang='grc' dir='ltr'>ἁλύσεις</span> <span class='ocrx_word' id='word_1_430' title='bbox 1037 5671 1115 5719; x_wconf 85' lang='grc' dir='ltr'>καὶ</span> <span class='ocrx_word' id='word_1_431' title='bbox 1136 5669 1318 5733; x_wconf 86' lang='grc' dir='ltr'>ἀγῶνας</span> <span class='ocrx_word' id='word_1_432' title='bbox 1336 5667 1433 5716; x_wconf 86' lang='grc' dir='ltr'>καί.</span> 
     </span>
    </p>
   </div>
   <div class='ocr_carea' id='block_1_60' title="bbox 1267 406 3148 496">
    <p class='ocr_par' dir='ltr' id='par_1_60' title="bbox 1267 406 3148 496">
     <span class='ocr_line' id='line_1_61' title="bbox 1267 406 3148 496; baseline 0.001 -30"><span class='ocrx_word' id='word_1_433' title='bbox 1267 411 1323 466; x_wconf 91' lang='lat' dir='ltr'>S.</span> <span class='ocrx_word' id='word_1_434' title='bbox 1377 409 1663 467; x_wconf 77' lang='lat' dir='ltr'>JOANNIS</span> <span class='ocrx_word' id='word_1_435' title='bbox 1705 407 2210 496; x_wconf 75' lang='lat' dir='ltr'>CHRYSOSTOMI</span> <span class='ocrx_word' id='word_1_436' title='bbox 2242 406 2562 464; x_wconf 78' lang='lat' dir='ltr'>ARCHIEP.</span> <span class='ocrx_word' id='word_1_437' title='bbox 2601 406 3148 467; x_wconf 82' lang='lat' dir='ltr'>CONSTANTINOP.</span> 
     </span>
    </p>
   </div>
   <div class='ocr_carea' id='block_1_61' title="bbox 3668 410 3770 468">
    <p class='ocr_par' dir='ltr' id='par_1_61' title="bbox 3668 410 3770 468">
     <span class='ocr_line' id='line_1_62' title="bbox 3668 410 3770 468; baseline 0.039 -5"><span class='ocrx_word' id='word_1_438' title='bbox 3668 410 3770 468; x_wconf 73' lang='lat'>678</span> 
     </span>
    </p>
   </div>
   <div class='ocr_carea' id='block_1_62' title="bbox 2193 521 3772 600">
    <p class='ocr_par' dir='ltr' id='par_1_62' title="bbox 2193 521 3772 600">
     <span class='ocr_line' id='line_1_63' title="bbox 2193 521 3772 600; baseline 0.001 -21"><span class='ocrx_word' id='word_1_439' title='bbox 2193 525 2389 580; x_wconf 87' lang='grc' dir='ltr'>ἐποίει.</span> <span class='ocrx_word' id='word_1_440' title='bbox 2417 526 2582 580; x_wconf 85' lang='grc' dir='ltr'>Ταῦτ’</span> <span class='ocrx_word' id='word_1_441' title='bbox 2619 521 2714 581; x_wconf 82' lang='grc' dir='ltr'>οῦν</span> <span class='ocrx_word' id='word_1_442' title='bbox 2742 526 2960 580; x_wconf 73' lang='grc' dir='ltr'>ἅπαντα</span> <span class='ocrx_word' id='word_1_443' title='bbox 2992 525 3088 580; x_wconf 75' lang='grc' dir='ltr'>καὶ</span> <span class='ocrx_word' id='word_1_444' title='bbox 3135 525 3203 580; x_wconf 89' lang='grc' dir='ltr'>τά</span> <span class='ocrx_word' id='word_1_445' title='bbox 3230 523 3456 582; x_wconf 89' lang='grc' dir='ltr'>τοιαῦτα</span> <span class='ocrx_word' id='word_1_446' title='bbox 3485 527 3772 600; x_wconf 80' lang='grc' dir='ltr'>λογιζόμε-</span> 
     </span>
    </p>
   </div>
   <div class='ocr_carea' id='block_1_63' title="bbox 2193 618 3774 695">
    <p class='ocr_par' dir='ltr' id='par_1_63' title="bbox 2193 618 3774 695">
     <span class='ocr_line' id='line_1_64' title="bbox 2193 618 3774 695; baseline 0.003 -23"><span class='ocrx_word' id='word_1_447' title='bbox 2193 636 2292 685; x_wconf 92' lang='grc' dir='ltr'>νοι,</span> <span class='ocrx_word' id='word_1_448' title='bbox 2333 619 2585 692; x_wconf 88' lang='grc' dir='ltr'>καθάπερ</span> <span class='ocrx_word' id='word_1_449' title='bbox 2631 618 2786 689; x_wconf 87' lang='grc' dir='ltr'>ὑμῶν</span> <span class='ocrx_word' id='word_1_450' title='bbox 2834 619 3188 691; x_wconf 88' lang='grc' dir='ltr'>παρεκάλεσα</span> <span class='ocrx_word' id='word_1_451' title='bbox 3235 619 3333 692; x_wconf 77' lang='grc' dir='ltr'>τὴν</span> <span class='ocrx_word' id='word_1_452' title='bbox 3368 620 3614 694; x_wconf 85' lang='grc' dir='ltr'>ἀγάπην,</span> <span class='ocrx_word' id='word_1_453' title='bbox 3648 625 3774 695; x_wconf 76' lang='grc' dir='ltr'>στή-</span> 
     </span>
    </p>
   </div>
   <div class='ocr_carea' id='block_1_64' title="bbox 2193 711 3776 787">
    <p class='ocr_par' dir='ltr' id='par_1_64' title="bbox 2193 711 3776 787">
     <span class='ocr_line' id='line_1_65' title="bbox 2193 711 3776 787; baseline 0.004 -23"><span class='ocrx_word' id='word_1_454' title='bbox 2193 728 2318 765; x_wconf 86' lang='grc' dir='ltr'>κετε</span> <span class='ocrx_word' id='word_1_455' title='bbox 2355 712 2576 784; x_wconf 88' lang='grc' dir='ltr'>ἐδραῖοι,</span> <span class='ocrx_word' id='word_1_456' title='bbox 2620 711 3030 782; x_wconf 87' lang='grc' dir='ltr'>ἀμετακίνητοι,</span> <span class='ocrx_word' id='word_1_457' title='bbox 3073 712 3491 785; x_wconf 86' lang='grc' dir='ltr'>ἀνεξαπάτητοι,</span> <span class='ocrx_word' id='word_1_458' title='bbox 3535 715 3636 787; x_wconf 79' lang='grc' dir='ltr'>τὴν</span> <span class='ocrx_word' id='word_1_459' title='bbox 3681 717 3776 771; x_wconf 84' lang='grc' dir='ltr'>τοῦ</span> 
     </span>
    </p>
   </div>
   <div class='ocr_carea' id='block_1_65' title="bbox 2193 805 3781 879">
    <p class='ocr_par' dir='ltr' id='par_1_65' title="bbox 2193 805 3781 879">
     <span class='ocr_line' id='line_1_66' title="bbox 2193 805 3781 879; baseline 0.001 -20"><span class='ocrx_word' id='word_1_460' title='bbox 2193 805 2328 859; x_wconf 90' lang='grc' dir='ltr'>Θεοῦ</span> <span class='ocrx_word' id='word_1_461' title='bbox 2373 805 2564 859; x_wconf 86' lang='grc' dir='ltr'>ἐλπίδα</span> <span class='ocrx_word' id='word_1_462' title='bbox 2603 805 2994 876; x_wconf 84' lang='grc' dir='ltr'>ἀναμένοντες,</span> <span class='ocrx_word' id='word_1_463' title='bbox 3026 806 3123 860; x_wconf 78' lang='grc' dir='ltr'>καὶ</span> <span class='ocrx_word' id='word_1_464' title='bbox 3164 807 3265 875; x_wconf 84' lang='grc' dir='ltr'>τὴν</span> <span class='ocrx_word' id='word_1_465' title='bbox 3296 806 3506 860; x_wconf 84' lang='grc' dir='ltr'>ἐκεῖθεν</span> <span class='ocrx_word' id='word_1_466' title='bbox 3558 824 3781 879; x_wconf 79' lang='grc' dir='ltr'>συμμα-</span> 
     </span>
    </p>
   </div>
   <div class='ocr_carea' id='block_1_66' title="bbox 2194 891 3781 968">
    <p class='ocr_par' dir='ltr' id='par_1_66' title="bbox 2194 891 3781 968">
     <span class='ocr_line' id='line_1_67' title="bbox 2194 891 3781 968; baseline 0.001 -17"><span class='ocrx_word' id='word_1_467' title='bbox 2194 896 2336 968; x_wconf 92' lang='grc' dir='ltr'>χίαν,</span> <span class='ocrx_word' id='word_1_468' title='bbox 2359 891 2428 968; x_wconf 80' lang='grc' dir='ltr'>ἦς</span> <span class='ocrx_word' id='word_1_469' title='bbox 2460 895 2574 949; x_wconf 76' lang='grc' dir='ltr'>ἴσον</span> <span class='ocrx_word' id='word_1_470' title='bbox 2601 894 2752 948; x_wconf 86' lang='grc' dir='ltr'>οὐδέν</span> <span class='ocrx_word' id='word_1_471' title='bbox 2773 911 2786 924; x_wconf 87' lang='grc'><strong>·</strong></span> <span class='ocrx_word' id='word_1_472' title='bbox 2819 895 2911 948; x_wconf 77' lang='grc' dir='ltr'>καὶ</span> <span class='ocrx_word' id='word_1_473' title='bbox 2947 894 3278 966; x_wconf 78' lang='grc' dir='ltr'>ἀντιγράψαι</span> <span class='ocrx_word' id='word_1_474' title='bbox 3315 897 3446 966; x_wconf 85' lang='grc' dir='ltr'>ἡμῖν</span> <span class='ocrx_word' id='word_1_475' title='bbox 3483 898 3616 968; x_wconf 81' lang='grc' dir='ltr'>περί</span> <span class='ocrx_word' id='word_1_476' title='bbox 3650 899 3781 952; x_wconf 81' lang='grc' dir='ltr'>πάν-</span> 
     </span>
    </p>
   </div>
   <div class='ocr_carea' id='block_1_67' title="bbox 2143 983 3784 1056">
    <p class='ocr_par' dir='ltr' id='par_1_67' title="bbox 2143 983 3784 1056">
     <span class='ocr_line' id='line_1_68' title="bbox 2143 983 3784 1056; baseline 0.001 -18"><span class='ocrx_word' id='word_1_477' title='bbox 2143 1020 2154 1028; x_wconf 56' lang='grc' dir='ltr'>κ</span> <span class='ocrx_word' id='word_1_478' title='bbox 2192 1002 2302 1039; x_wconf 84' lang='grc' dir='ltr'>των</span> <span class='ocrx_word' id='word_1_479' title='bbox 2333 985 2668 1039; x_wconf 84' lang='grc' dir='ltr'>σπουδάσατε</span> <span class='ocrx_word' id='word_1_480' title='bbox 2697 983 2756 1051; x_wconf 86' lang='grc' dir='ltr'>ἐξ</span> <span class='ocrx_word' id='word_1_481' title='bbox 2793 983 2986 1055; x_wconf 87' lang='grc' dir='ltr'>αὐτῆς.</span> <span class='ocrx_word' id='word_1_482' title='bbox 3013 984 3112 1038; x_wconf 92' lang='grc' dir='ltr'>Διά</span> <span class='ocrx_word' id='word_1_483' title='bbox 3139 985 3248 1056; x_wconf 81' lang='grc' dir='ltr'>γὰρ</span> <span class='ocrx_word' id='word_1_484' title='bbox 3280 984 3435 1038; x_wconf 84' lang='grc' dir='ltr'>τοῦτο</span> <span class='ocrx_word' id='word_1_485' title='bbox 3473 985 3569 1038; x_wconf 82' lang='grc' dir='ltr'>καί</span> <span class='ocrx_word' id='word_1_486' title='bbox 3606 986 3784 1039; x_wconf 83' lang='grc' dir='ltr'>Ἰωάν-</span> 
     </span>
    </p>
   </div>
   <div class='ocr_carea' id='block_1_68' title="bbox 2194 1074 3780 1148">
    <p class='ocr_par' dir='ltr' id='par_1_68' title="bbox 2194 1074 3780 1148">
     <span class='ocr_line' id='line_1_69' title="bbox 2194 1074 3780 1148; baseline 0 -18"><span class='ocrx_word' id='word_1_487' title='bbox 2194 1093 2291 1147; x_wconf 87' lang='grc' dir='ltr'>νην</span> <span class='ocrx_word' id='word_1_488' title='bbox 2345 1076 2434 1129; x_wconf 84' lang='grc' dir='ltr'>τδν</span> <span class='ocrx_word' id='word_1_489' title='bbox 2480 1075 2876 1132; x_wconf 83' lang='grc' dir='ltr'>εὐλαϐέστατον</span> <span class='ocrx_word' id='word_1_490' title='bbox 2925 1074 3294 1148; x_wconf 87' lang='grc' dir='ltr'>πρεσϐύτερον</span> <span class='ocrx_word' id='word_1_491' title='bbox 3342 1078 3421 1140; x_wconf 89' lang='grc' dir='ltr'>εἰς</span> <span class='ocrx_word' id='word_1_492' title='bbox 3464 1077 3630 1130; x_wconf 88' lang='grc' dir='ltr'>τοῦτο</span> <span class='ocrx_word' id='word_1_493' title='bbox 3670 1079 3780 1130; x_wconf 84' lang='grc' dir='ltr'>ἀπ-</span> 
     </span>
    </p>
   </div>
   <div class='ocr_carea' id='block_1_69' title="bbox 2193 1166 3778 1238">
    <p class='ocr_par' dir='ltr' id='par_1_69' title="bbox 2193 1166 3778 1238">
     <span class='ocr_line' id='line_1_70' title="bbox 2193 1166 3778 1238; baseline -0.001 -18"><span class='ocrx_word' id='word_1_494' title='bbox 2193 1167 2535 1238; x_wconf 89' lang='grc' dir='ltr'>εστείλαμεν,</span> <span class='ocrx_word' id='word_1_495' title='bbox 2572 1166 2714 1220; x_wconf 84' lang='grc' dir='ltr'>ὥστε</span> <span class='ocrx_word' id='word_1_496' title='bbox 2761 1166 3140 1238; x_wconf 86' lang='grc' dir='ltr'>παρακαλέσαι</span> <span class='ocrx_word' id='word_1_497' title='bbox 3189 1166 3342 1237; x_wconf 88' lang='grc' dir='ltr'>ὑμῶν</span> <span class='ocrx_word' id='word_1_498' title='bbox 3382 1167 3482 1236; x_wconf 82' lang='grc' dir='ltr'>τὴν</span> <span class='ocrx_word' id='word_1_499' title='bbox 3516 1166 3778 1230; x_wconf 86' lang='grc' dir='ltr'>διάνοιαν,</span> 
     </span>
    </p>
   </div>
   <div class='ocr_carea' id='block_1_70' title="bbox 2193 1255 3784 1329">
    <p class='ocr_par' dir='ltr' id='par_1_70' title="bbox 2193 1255 3784 1329">
     <span class='ocr_line' id='line_1_71' title="bbox 2193 1255 3784 1329; baseline -0.001 -19"><span class='ocrx_word' id='word_1_500' title='bbox 2193 1256 2288 1310; x_wconf 78' lang='grc' dir='ltr'>καὶ</span> <span class='ocrx_word' id='word_1_501' title='bbox 2332 1257 2408 1328; x_wconf 85' lang='grc' dir='ltr'>μὴ</span> <span class='ocrx_word' id='word_1_502' title='bbox 2439 1258 2656 1325; x_wconf 83' lang='grc' dir='ltr'>ἀφεῖναι</span> <span class='ocrx_word' id='word_1_503' title='bbox 2684 1256 2788 1310; x_wconf 83' lang='grc' dir='ltr'>ὑπὸ</span> <span class='ocrx_word' id='word_1_504' title='bbox 2829 1255 3056 1328; x_wconf 81' lang='grc' dir='ltr'>μηδενὸς</span> <span class='ocrx_word' id='word_1_505' title='bbox 3089 1258 3596 1329; x_wconf 87' lang='grc' dir='ltr'>παρασαλευθῆναι.</span> <span class='ocrx_word' id='word_1_506' title='bbox 3637 1257 3784 1326; x_wconf 86' lang='grc' dir='ltr'>Ἐγὼ</span> 
     </span>
    </p>
   </div>
   <div class='ocr_carea' id='block_1_71' title="bbox 2192 1348 3784 1420">
    <p class='ocr_par' dir='ltr' id='par_1_71' title="bbox 2192 1348 3784 1420">
     <span class='ocr_line' id='line_1_72' title="bbox 2192 1348 3784 1420; baseline -0.001 -17"><span class='ocrx_word' id='word_1_507' title='bbox 2192 1349 2254 1404; x_wconf 84' lang='grc' dir='ltr'>τὸ</span> <span class='ocrx_word' id='word_1_508' title='bbox 2304 1348 2539 1420; x_wconf 82' lang='grc' dir='ltr'>ἐμαυτοῦ</span> <span class='ocrx_word' id='word_1_509' title='bbox 2575 1349 2870 1420; x_wconf 87' lang='grc' dir='ltr'>πεποίηκα,</span> <span class='ocrx_word' id='word_1_510' title='bbox 2917 1350 3013 1403; x_wconf 74' lang='grc' dir='ltr'>καὶ</span> <span class='ocrx_word' id='word_1_511' title='bbox 3055 1348 3235 1418; x_wconf 83' lang='grc' dir='ltr'>λόγοις</span> <span class='ocrx_word' id='word_1_512' title='bbox 3276 1349 3635 1420; x_wconf 87' lang='grc' dir='ltr'>παρακαλῶν,</span> <span class='ocrx_word' id='word_1_513' title='bbox 3684 1349 3784 1403; x_wconf 70' lang='grc' dir='ltr'>καὶ</span> 
     </span>
    </p>
   </div>
   <div class='ocr_carea' id='block_1_72' title="bbox 2195 1441 3784 1515">
    <p class='ocr_par' dir='ltr' id='par_1_72' title="bbox 2195 1441 3784 1515">
     <span class='ocr_line' id='line_1_73' title="bbox 2195 1441 3784 1515; baseline 0.001 -20"><span class='ocrx_word' id='word_1_514' title='bbox 2195 1441 2527 1514; x_wconf 89' lang='grc' dir='ltr'>συμϐουλαῖς</span> <span class='ocrx_word' id='word_1_515' title='bbox 2561 1441 2827 1514; x_wconf 87' lang='grc' dir='ltr'>ἀνορθῶν,</span> <span class='ocrx_word' id='word_1_516' title='bbox 2863 1441 3094 1496; x_wconf 72' lang='grc' dir='ltr'>καὶτῶν</span> <span class='ocrx_word' id='word_1_517' title='bbox 3123 1441 3324 1515; x_wconf 83' lang='grc' dir='ltr'>χρειῶν</span> <span class='ocrx_word' id='word_1_518' title='bbox 3372 1442 3470 1513; x_wconf 82' lang='grc' dir='ltr'>τὴν</span> <span class='ocrx_word' id='word_1_519' title='bbox 3514 1442 3784 1512; x_wconf 80' lang='grc' dir='ltr'>ἀφθονίαν</span> 
     </span>
    </p>
   </div>
   <div class='ocr_carea' id='block_1_73' title="bbox 2194 1534 3783 1610">
    <p class='ocr_par' dir='ltr' id='par_1_73' title="bbox 2194 1534 3783 1610">
     <span class='ocr_line' id='line_1_74' title="bbox 2194 1534 3783 1610; baseline 0.001 -23"><span class='ocrx_word' id='word_1_520' title='bbox 2194 1535 2469 1610; x_wconf 77' lang='grc' dir='ltr'>παρέχων,</span> <span class='ocrx_word' id='word_1_521' title='bbox 2513 1535 2655 1588; x_wconf 88' lang='grc' dir='ltr'>ὥστε</span> <span class='ocrx_word' id='word_1_522' title='bbox 2683 1537 2742 1588; x_wconf 87' lang='grc' dir='ltr'>ἐν</span> <span class='ocrx_word' id='word_1_523' title='bbox 2775 1534 2966 1607; x_wconf 86' lang='grc' dir='ltr'>μηδενί</span> <span class='ocrx_word' id='word_1_524' title='bbox 3013 1535 3158 1606; x_wconf 78' lang='grc' dir='ltr'>ὑμᾶς</span> <span class='ocrx_word' id='word_1_525' title='bbox 3187 1535 3570 1606; x_wconf 84' lang='grc' dir='ltr'>ὑστερηθῆναι.</span> <span class='ocrx_word' id='word_1_526' title='bbox 3616 1537 3686 1589; x_wconf 85' lang='grc' dir='ltr'>Εἰ</span> <span class='ocrx_word' id='word_1_527' title='bbox 3727 1536 3783 1589; x_wconf 85' lang='grc' dir='ltr'>δέ</span> 
     </span>
    </p>
   </div>
   <div class='ocr_carea' id='block_1_74' title="bbox 2196 1625 3786 1700">
    <p class='ocr_par' dir='ltr' id='par_1_74' title="bbox 2196 1625 3786 1700">
     <span class='ocr_line' id='line_1_75' title="bbox 2196 1625 3786 1700; baseline -0.003 -18"><span class='ocrx_word' id='word_1_528' title='bbox 2196 1627 2272 1698; x_wconf 83' lang='grc' dir='ltr'>μὴ</span> <span class='ocrx_word' id='word_1_529' title='bbox 2323 1626 2672 1699; x_wconf 79' lang='grc' dir='ltr'>βουληθείητέ</span> <span class='ocrx_word' id='word_1_530' title='bbox 2733 1645 2837 1700; x_wconf 89' lang='grc' dir='ltr'>μου</span> <span class='ocrx_word' id='word_1_531' title='bbox 2893 1625 3214 1700; x_wconf 87' lang='grc' dir='ltr'>ἀνέχεσθαι,</span> <span class='ocrx_word' id='word_1_532' title='bbox 3261 1629 3376 1682; x_wconf 81' lang='grc' dir='ltr'>ἀλλ’</span> <span class='ocrx_word' id='word_1_533' title='bbox 3421 1629 3608 1692; x_wconf 89' lang='grc' dir='ltr'>αὐτοῖς</span> <span class='ocrx_word' id='word_1_534' title='bbox 3670 1630 3786 1691; x_wconf 88' lang='grc' dir='ltr'>τοῖς</span> 
     </span>
    </p>
   </div>
   <div class='ocr_carea' id='block_1_75' title="bbox 2193 1717 3787 1792">
    <p class='ocr_par' dir='ltr' id='par_1_75' title="bbox 2193 1717 3787 1792">
     <span class='ocr_line' id='line_1_76' title="bbox 2193 1717 3787 1792; baseline -0.001 -21"><span class='ocrx_word' id='word_1_535' title='bbox 2193 1717 2478 1773; x_wconf 84' lang='grc' dir='ltr'>ἀπατῶσιν</span> <span class='ocrx_word' id='word_1_536' title='bbox 2531 1719 2676 1790; x_wconf 79' lang='grc' dir='ltr'>ὑμᾶς</span> <span class='ocrx_word' id='word_1_537' title='bbox 2727 1719 2823 1772; x_wconf 75' lang='grc' dir='ltr'>καίΙ</span> <span class='ocrx_word' id='word_1_538' title='bbox 2874 1719 3243 1792; x_wconf 88' lang='grc' dir='ltr'>ἀναπτεροῦσι</span> <span class='ocrx_word' id='word_1_539' title='bbox 3297 1719 3619 1790; x_wconf 88' lang='grc' dir='ltr'>πεισθῆναι,</span> <span class='ocrx_word' id='word_1_540' title='bbox 3673 1717 3787 1787; x_wconf 80' lang='grc' dir='ltr'>ἐγώ</span> 
     </span>
    </p>
   </div>
   <div class='ocr_carea' id='block_1_76' title="bbox 2195 1809 3789 1884">
    <p class='ocr_par' dir='ltr' id='par_1_76' title="bbox 2195 1809 3789 1884">
     <span class='ocr_line' id='line_1_77' title="bbox 2195 1809 3789 1884; baseline 0 -22"><span class='ocrx_word' id='word_1_541' title='bbox 2195 1809 2482 1873; x_wconf 87' lang='grc' dir='ltr'>ἀνεύθυνός</span> <span class='ocrx_word' id='word_1_542' title='bbox 2511 1812 2647 1881; x_wconf 81' lang='grc' dir='ltr'>εἰμι.</span> <span class='ocrx_word' id='word_1_543' title='bbox 2676 1811 2819 1865; x_wconf 86' lang='grc' dir='ltr'>Ἰστε</span> <span class='ocrx_word' id='word_1_544' title='bbox 2849 1811 2905 1864; x_wconf 84' lang='grc' dir='ltr'>δὲ</span> <span class='ocrx_word' id='word_1_545' title='bbox 2935 1811 3030 1866; x_wconf 78' lang='grc' dir='ltr'>καί</span> <span class='ocrx_word' id='word_1_546' title='bbox 3065 1814 3098 1884; x_wconf 87' lang='grc' dir='ltr'>ή</span> <span class='ocrx_word' id='word_1_547' title='bbox 3126 1812 3466 1881; x_wconf 87' lang='grc' dir='ltr'>κατάγνωσις</span> <span class='ocrx_word' id='word_1_548' title='bbox 3497 1810 3646 1880; x_wconf 83' lang='grc' dir='ltr'>αὕτη</span> <span class='ocrx_word' id='word_1_549' title='bbox 3689 1813 3789 1863; x_wconf 81' lang='grc' dir='ltr'>καὶ</span> 
     </span>
    </p>
   </div>
   <div class='ocr_carea' id='block_1_77' title="bbox 2194 1896 3865 1972">
    <p class='ocr_par' dir='ltr' id='par_1_77' title="bbox 2194 1896 3865 1972">
     <span class='ocr_line' id='line_1_78' title="bbox 2194 1896 3865 1972; baseline 0.001 -19"><span class='ocrx_word' id='word_1_550' title='bbox 2194 1901 2229 1971; x_wconf 87' lang='grc' dir='ltr'>ή</span> <span class='ocrx_word' id='word_1_551' title='bbox 2263 1898 2438 1971; x_wconf 85' lang='grc' dir='ltr'>ζημία</span> <span class='ocrx_word' id='word_1_552' title='bbox 2485 1899 2579 1952; x_wconf 64' lang='grc' dir='ltr'>ἐπὶ</span> <span class='ocrx_word' id='word_1_553' title='bbox 2617 1899 2740 1954; x_wconf 89' lang='grc' dir='ltr'>τίνα</span> <span class='ocrx_word' id='word_1_554' title='bbox 2771 1899 3013 1972; x_wconf 80' lang='grc' dir='ltr'>ἔρχεται.</span> <span class='ocrx_word' id='word_1_555' title='bbox 3045 1901 3141 1956; x_wconf 83' lang='grc' dir='ltr'>Ἵν’</span> <span class='ocrx_word' id='word_1_556' title='bbox 3183 1896 3277 1954; x_wconf 84' lang='grc' dir='ltr'>οῦν</span> <span class='ocrx_word' id='word_1_557' title='bbox 3319 1900 3484 1972; x_wconf 83' lang='grc' dir='ltr'>μηδὲν</span> <span class='ocrx_word' id='word_1_558' title='bbox 3531 1899 3790 1954; x_wconf 82' lang='grc' dir='ltr'>τοιοῦτον</span> <span class='ocrx_word' id='word_1_559' title='bbox 3863 1951 3865 1954; x_wconf 85' lang='grc'>.</span> 
     </span>
    </p>
   </div>
   <div class='ocr_carea' id='block_1_78' title="bbox 2193 1989 3789 2063">
    <p class='ocr_par' dir='ltr' id='par_1_78' title="bbox 2193 1989 3789 2063">
     <span class='ocr_line' id='line_1_79' title="bbox 2193 1989 3789 2063; baseline -0.001 -20"><span class='ocrx_word' id='word_1_560' title='bbox 2193 1990 2438 2062; x_wconf 88' lang='grc' dir='ltr'>γένηται,</span> <span class='ocrx_word' id='word_1_561' title='bbox 2466 1989 2769 2063; x_wconf 89' lang='grc' dir='ltr'>παρακαλῶ</span> <span class='ocrx_word' id='word_1_562' title='bbox 2795 1991 3083 2062; x_wconf 90' lang='grc' dir='ltr'>ἀνέχεσθαί</span> <span class='ocrx_word' id='word_1_563' title='bbox 3119 2008 3243 2062; x_wconf 83' lang='grc' dir='ltr'>μου,</span> <span class='ocrx_word' id='word_1_564' title='bbox 3269 1991 3364 2044; x_wconf 92' lang='grc' dir='ltr'>τοῦ</span> <span class='ocrx_word' id='word_1_565' title='bbox 3398 1991 3602 2061; x_wconf 88' lang='grc' dir='ltr'>σφόδρα</span> <span class='ocrx_word' id='word_1_566' title='bbox 3633 1990 3789 2060; x_wconf 75' lang='grc' dir='ltr'>ὑμᾶς</span> 
     </span>
    </p>
   </div>
   <div class='ocr_carea' id='block_1_79' title="bbox 2192 2076 3788 2155">
    <p class='ocr_par' dir='ltr' id='par_1_79' title="bbox 2192 2076 3788 2155">
     <span class='ocr_line' id='line_1_80' title="bbox 2192 2076 3788 2155; baseline 0 -19"><span class='ocrx_word' id='word_1_567' title='bbox 2192 2081 2536 2151; x_wconf 83' lang='grc' dir='ltr'>ἀγαπῶντος.</span> <span class='ocrx_word' id='word_1_568' title='bbox 2575 2082 2686 2136; x_wconf 79' lang='grc' dir='ltr'>Καὶ</span> <span class='ocrx_word' id='word_1_569' title='bbox 2728 2083 2857 2155; x_wconf 78' lang='grc' dir='ltr'>περὶ</span> <span class='ocrx_word' id='word_1_570' title='bbox 2897 2076 2972 2137; x_wconf 83' lang='grc' dir='ltr'>ὧν</span> <span class='ocrx_word' id='word_1_571' title='bbox 3013 2083 3079 2138; x_wconf 82' lang='grc' dir='ltr'>ἂν</span> <span class='ocrx_word' id='word_1_572' title='bbox 3115 2082 3330 2155; x_wconf 86' lang='grc' dir='ltr'>δέησθε,</span> <span class='ocrx_word' id='word_1_573' title='bbox 3362 2083 3396 2155; x_wconf 79' lang='grc' dir='ltr'><strong>ἢ</strong></span> <span class='ocrx_word' id='word_1_574' title='bbox 3434 2082 3788 2136; x_wconf 87' lang='grc' dir='ltr'>ἐπιστείλατε</span> 
     </span>
    </p>
   </div>
   <div class='ocr_carea' id='block_1_80' title="bbox 2191 2170 3790 2246">
    <p class='ocr_par' dir='ltr' id='par_1_80' title="bbox 2191 2170 3790 2246">
     <span class='ocr_line' id='line_1_81' title="bbox 2191 2170 3790 2246; baseline 0.003 -22"><span class='ocrx_word' id='word_1_575' title='bbox 2191 2174 2345 2243; x_wconf 87' lang='grc' dir='ltr'>ήμῖν,</span> <span class='ocrx_word' id='word_1_576' title='bbox 2374 2171 2431 2241; x_wconf 83' lang='grc' dir='ltr'>ἢ,</span> <span class='ocrx_word' id='word_1_577' title='bbox 2456 2173 2506 2225; x_wconf 87' lang='grc' dir='ltr'>εἰ</span> <span class='ocrx_word' id='word_1_578' title='bbox 2538 2170 2812 2242; x_wconf 90' lang='grc' dir='ltr'>βούλεσθε,</span> <span class='ocrx_word' id='word_1_579' title='bbox 2841 2172 2939 2227; x_wconf 75' lang='grc' dir='ltr'>ἕνα</span> <span class='ocrx_word' id='word_1_580' title='bbox 2969 2171 3090 2228; x_wconf 89' lang='grc' dir='ltr'>τινά</span> <span class='ocrx_word' id='word_1_581' title='bbox 3118 2173 3372 2245; x_wconf 81' lang='grc' dir='ltr'>πέμψατε</span> <span class='ocrx_word' id='word_1_582' title='bbox 3415 2175 3548 2246; x_wconf 81' lang='grc' dir='ltr'>πρὸς</span> <span class='ocrx_word' id='word_1_583' title='bbox 3589 2174 3790 2245; x_wconf 76' lang='grc' dir='ltr'>ἡμᾶς,</span> 
     </span>
    </p>
   </div>
   <div class='ocr_carea' id='block_1_81' title="bbox 2193 2263 3244 2338">
    <p class='ocr_par' dir='ltr' id='par_1_81' title="bbox 2193 2263 3244 2338">
     <span class='ocr_line' id='line_1_82' title="bbox 2193 2263 3244 2338; baseline 0.007 -22"><span class='ocrx_word' id='word_1_584' title='bbox 2193 2263 2290 2317; x_wconf 75' lang='grc' dir='ltr'>καὶ</span> <span class='ocrx_word' id='word_1_585' title='bbox 2313 2263 2464 2318; x_wconf 80' lang='grc' dir='ltr'>οὐδὲν</span> <span class='ocrx_word' id='word_1_586' title='bbox 2497 2264 2627 2336; x_wconf 86' lang='grc' dir='ltr'>ὑμῖν</span> <span class='ocrx_word' id='word_1_587' title='bbox 2657 2265 2947 2338; x_wconf 88' lang='grc' dir='ltr'>ὑστερήσει</span> <span class='ocrx_word' id='word_1_588' title='bbox 2987 2265 3244 2324; x_wconf 88' lang='grc' dir='ltr'>καθόλου.</span> 
     </span>
    </p>
   </div>
   <div class='ocr_carea' id='block_1_82' title="bbox 2731 2377 3246 2450">
    <p class='ocr_par' dir='ltr' id='par_1_82' title="bbox 2731 2377 3246 2450">
     <span class='ocr_line' id='line_1_83' title="bbox 2731 2377 3246 2450; baseline 0.006 -18"><span class='ocrx_word' id='word_1_589' title='bbox 2731 2379 2909 2433; x_wconf 82' lang='grc' dir='ltr'>ΡΚΔ’.</span> <span class='ocrx_word' id='word_1_590' title='bbox 2939 2377 3246 2450; x_wconf 72' lang='grc' dir='ltr'>Γεμέλλφ.</span> 
     </span>
    </p>
   </div>
   <div class='ocr_carea' id='block_1_83' title="bbox 2271 2482 3790 2558">
    <p class='ocr_par' dir='ltr' id='par_1_83' title="bbox 2271 2482 3790 2558">
     <span class='ocr_line' id='line_1_84' title="bbox 2271 2482 3790 2558; baseline 0 -19"><span class='ocrx_word' id='word_1_591' title='bbox 2271 2482 2459 2539; x_wconf 84' lang='grc' dir='ltr'>Ἀλλοι</span> <span class='ocrx_word' id='word_1_592' title='bbox 2497 2483 2596 2555; x_wconf 89' lang='grc' dir='ltr'>μέν</span> <span class='ocrx_word' id='word_1_593' title='bbox 2642 2486 2709 2556; x_wconf 82' lang='grc' dir='ltr'>τῇ</span> <span class='ocrx_word' id='word_1_594' title='bbox 2745 2484 3140 2557; x_wconf 88' lang='grc' dir='ltr'>θαυμασιότητί</span> <span class='ocrx_word' id='word_1_595' title='bbox 3177 2503 3271 2539; x_wconf 92' lang='grc' dir='ltr'>σου</span> <span class='ocrx_word' id='word_1_596' title='bbox 3321 2486 3635 2558; x_wconf 85' lang='grc' dir='ltr'>συνήδονται</span> <span class='ocrx_word' id='word_1_597' title='bbox 3683 2487 3790 2558; x_wconf 84' lang='grc' dir='ltr'>τῆς</span> 
     </span>
    </p>
   </div>
   <div class='ocr_carea' id='block_1_84' title="bbox 2193 2574 3788 2650">
    <p class='ocr_par' dir='ltr' id='par_1_84' title="bbox 2193 2574 3788 2650">
     <span class='ocr_line' id='line_1_85' title="bbox 2193 2574 3788 2650; baseline 0.001 -21"><span class='ocrx_word' id='word_1_598' title='bbox 2193 2575 2386 2648; x_wconf 88' lang='grc' dir='ltr'>ἀρχῆς,</span> <span class='ocrx_word' id='word_1_599' title='bbox 2419 2574 2530 2645; x_wconf 83' lang='grc' dir='ltr'>ἐγὼ</span> <span class='ocrx_word' id='word_1_600' title='bbox 2573 2576 2630 2629; x_wconf 85' lang='grc' dir='ltr'>δὲ</span> <span class='ocrx_word' id='word_1_601' title='bbox 2661 2579 2727 2648; x_wconf 84' lang='grc' dir='ltr'>τῇ</span> <span class='ocrx_word' id='word_1_602' title='bbox 2765 2576 2940 2644; x_wconf 80' lang='grc' dir='ltr'>πόλει,</span> <span class='ocrx_word' id='word_1_603' title='bbox 2985 2578 3079 2632; x_wconf 77' lang='grc' dir='ltr'>καὶ</span> <span class='ocrx_word' id='word_1_604' title='bbox 3123 2581 3192 2650; x_wconf 78' lang='grc' dir='ltr'>τῇ</span> <span class='ocrx_word' id='word_1_605' title='bbox 3239 2577 3689 2649; x_wconf 76' lang='grc' dir='ltr'>μεγαλοπρεπείᾳ</span> <span class='ocrx_word' id='word_1_606' title='bbox 3731 2579 3788 2631; x_wconf 80' lang='grc' dir='ltr'>δέ</span> 
     </span>
    </p>
   </div>
   <div class='ocr_carea' id='block_1_85' title="bbox 2193 2667 3790 2742">
    <p class='ocr_par' dir='ltr' id='par_1_85' title="bbox 2193 2667 3790 2742">
     <span class='ocr_line' id='line_1_86' title="bbox 2193 2667 3790 2742; baseline 0.003 -23"><span class='ocrx_word' id='word_1_607' title='bbox 2193 2671 2261 2738; x_wconf 80' lang='grc' dir='ltr'>τῇ</span> <span class='ocrx_word' id='word_1_608' title='bbox 2305 2669 2392 2738; x_wconf 83' lang='grc' dir='ltr'>σῇ,</span> <span class='ocrx_word' id='word_1_609' title='bbox 2418 2668 2479 2720; x_wconf 93' lang='grc' dir='ltr'>οὐ</span> <span class='ocrx_word' id='word_1_610' title='bbox 2512 2667 2601 2722; x_wconf 77' lang='grc' dir='ltr'>διὰ</span> <span class='ocrx_word' id='word_1_611' title='bbox 2634 2667 2733 2739; x_wconf 81' lang='grc' dir='ltr'>τὴν</span> <span class='ocrx_word' id='word_1_612' title='bbox 2777 2669 3026 2724; x_wconf 89' lang='grc' dir='ltr'>ἐντεῦθεν</span> <span class='ocrx_word' id='word_1_613' title='bbox 3064 2670 3227 2741; x_wconf 80' lang='grc' dir='ltr'>τιμὴν</span> <span class='ocrx_word' id='word_1_614' title='bbox 3273 2670 3614 2742; x_wconf 82' lang='grc' dir='ltr'>(ὑψηλότερος</span> <span class='ocrx_word' id='word_1_615' title='bbox 3670 2671 3790 2740; x_wconf 83' lang='grc' dir='ltr'>γὰρ</span> 
     </span>
    </p>
   </div>
   <div class='ocr_carea' id='block_1_86' title="bbox 2194 2759 3787 2833">
    <p class='ocr_par' dir='ltr' id='par_1_86' title="bbox 2194 2759 3787 2833">
     <span class='ocr_line' id='line_1_87' title="bbox 2194 2759 3787 2833; baseline -0.001 -17"><span class='ocrx_word' id='word_1_616' title='bbox 2194 2763 2303 2817; x_wconf 88' lang='grc' dir='ltr'>τῶν</span> <span class='ocrx_word' id='word_1_617' title='bbox 2333 2760 2590 2815; x_wconf 81' lang='grc' dir='ltr'>τοιούτων</span> <span class='ocrx_word' id='word_1_618' title='bbox 2637 2761 3018 2833; x_wconf 81' lang='grc' dir='ltr'>μεμελέτηκας</span> <span class='ocrx_word' id='word_1_619' title='bbox 3051 2759 3234 2833; x_wconf 72' lang='grc' dir='ltr'>εἶναι),</span> <span class='ocrx_word' id='word_1_620' title='bbox 3279 2761 3417 2815; x_wconf 85' lang='grc' dir='ltr'>ἀλλά</span> <span class='ocrx_word' id='word_1_621' title='bbox 3457 2760 3544 2814; x_wconf 75' lang='grc' dir='ltr'>διὰ</span> <span class='ocrx_word' id='word_1_622' title='bbox 3583 2760 3644 2813; x_wconf 78' lang='grc' dir='ltr'>τὺ</span> <span class='ocrx_word' id='word_1_623' title='bbox 3683 2761 3787 2814; x_wconf 87' lang='grc' dir='ltr'>λα-</span> 
     </span>
    </p>
   </div>
   <div class='ocr_carea' id='block_1_87' title="bbox 2197 2831 3787 2926">
    <p class='ocr_par' dir='ltr' id='par_1_87' title="bbox 2197 2831 3787 2926">
     <span class='ocr_line' id='line_1_88' title="bbox 2197 2831 3787 2926; baseline 0 -20"><span class='ocrx_word' id='word_1_624' title='bbox 2197 2853 2595 2924; x_wconf 54' lang='grc' dir='ltr'>ϐεῖντάφορμὴν</span> <span class='ocrx_word' id='word_1_625' title='bbox 2764 2831 3109 2926; x_wconf 71' lang='grc' dir='ltr'>παρέχουσόω</span> <span class='ocrx_word' id='word_1_626' title='bbox 3158 2831 3240 2906; x_wconf 85' lang='grc' dir='ltr'>σοι</span> <span class='ocrx_word' id='word_1_627' title='bbox 3276 2854 3416 2923; x_wconf 88' lang='grc' dir='ltr'>μετά</span> <span class='ocrx_word' id='word_1_628' title='bbox 3447 2851 3642 2922; x_wconf 87' lang='grc' dir='ltr'>πολλῆς</span> <span class='ocrx_word' id='word_1_629' title='bbox 3679 2852 3787 2923; x_wconf 82' lang='grc' dir='ltr'>τῆς</span> 
     </span>
    </p>
   </div>
   <div class='ocr_carea' id='block_1_88' title="bbox 2197 2943 3784 3016">
    <p class='ocr_par' dir='ltr' id='par_1_88' title="bbox 2197 2943 3784 3016">
     <span class='ocr_line' id='line_1_89' title="bbox 2197 2943 3784 3016; baseline -0.001 -15"><span class='ocrx_word' id='word_1_630' title='bbox 2197 2946 2381 3010; x_wconf 91' lang='grc' dir='ltr'>ἀδείας</span> <span class='ocrx_word' id='word_1_631' title='bbox 2414 2947 2508 2999; x_wconf 75' lang='grc' dir='ltr'>καὶ</span> <span class='ocrx_word' id='word_1_632' title='bbox 2535 2948 2648 3009; x_wconf 90' lang='grc' dir='ltr'>τοῖς</span> <span class='ocrx_word' id='word_1_633' title='bbox 2677 2945 2891 3010; x_wconf 81' lang='grc' dir='ltr'>πολλοῖς</span> <span class='ocrx_word' id='word_1_634' title='bbox 2917 2947 3088 3012; x_wconf 83' lang='grc' dir='ltr'>δεῖξαι</span> <span class='ocrx_word' id='word_1_635' title='bbox 3113 2945 3212 3016; x_wconf 85' lang='grc' dir='ltr'>τὴν</span> <span class='ocrx_word' id='word_1_636' title='bbox 3235 2945 3450 2999; x_wconf 91' lang='grc' dir='ltr'>σύνεσίν</span> <span class='ocrx_word' id='word_1_637' title='bbox 3476 2962 3588 3009; x_wconf 89' lang='grc' dir='ltr'>σου,</span> <span class='ocrx_word' id='word_1_638' title='bbox 3614 2943 3784 3016; x_wconf 81' lang='grc'>[665]</span> 
     </span>
    </p>
   </div>
   <div class='ocr_carea' id='block_1_89' title="bbox 2195 3036 3780 3111">
    <p class='ocr_par' dir='ltr' id='par_1_89' title="bbox 2195 3036 3780 3111">
     <span class='ocr_line' id='line_1_90' title="bbox 2195 3036 3780 3111; baseline -0.002 -18"><span class='ocrx_word' id='word_1_639' title='bbox 2195 3041 2290 3093; x_wconf 77' lang='grc' dir='ltr'>καὶ</span> <span class='ocrx_word' id='word_1_640' title='bbox 2317 3038 2417 3111; x_wconf 82' lang='grc' dir='ltr'>τὴν</span> <span class='ocrx_word' id='word_1_641' title='bbox 2444 3040 2782 3110; x_wconf 81' lang='grc' dir='ltr'>ἡμερότητα,</span> <span class='ocrx_word' id='word_1_642' title='bbox 2814 3041 2908 3092; x_wconf 82' lang='grc' dir='ltr'>καὶ</span> <span class='ocrx_word' id='word_1_643' title='bbox 2942 3037 3004 3091; x_wconf 83' lang='grc' dir='ltr'>τὸ</span> <span class='ocrx_word' id='word_1_644' title='bbox 3035 3037 3284 3092; x_wconf 88' lang='grc' dir='ltr'>ἐντεῦθεν</span> <span class='ocrx_word' id='word_1_645' title='bbox 3319 3036 3506 3108; x_wconf 82' lang='grc' dir='ltr'>κέρδος</span> <span class='ocrx_word' id='word_1_646' title='bbox 3532 3053 3780 3105; x_wconf 83' lang='grc' dir='ltr'>συναγα-</span> 
     </span>
    </p>
   </div>
   <div class='ocr_carea' id='block_1_90' title="bbox 2194 3123 3782 3199">
    <p class='ocr_par' dir='ltr' id='par_1_90' title="bbox 2194 3123 3782 3199">
     <span class='ocr_line' id='line_1_91' title="bbox 2194 3123 3782 3199; baseline -0.002 -16"><span class='ocrx_word' id='word_1_647' title='bbox 2194 3132 2332 3198; x_wconf 86' lang='grc' dir='ltr'>γεῖν.</span> <span class='ocrx_word' id='word_1_648' title='bbox 2365 3127 2440 3182; x_wconf 85' lang='grc' dir='ltr'>Εῦ</span> <span class='ocrx_word' id='word_1_649' title='bbox 2469 3128 2578 3199; x_wconf 82' lang='grc' dir='ltr'>γὰρ</span> <span class='ocrx_word' id='word_1_650' title='bbox 2604 3123 2720 3182; x_wconf 76' lang='grc' dir='ltr'>οἶδα</span> <span class='ocrx_word' id='word_1_651' title='bbox 2751 3128 2832 3180; x_wconf 83' lang='grc' dir='ltr'>ὅτι</span> <span class='ocrx_word' id='word_1_652' title='bbox 2873 3127 2968 3180; x_wconf 78' lang='grc' dir='ltr'>καὶ</span> <span class='ocrx_word' id='word_1_653' title='bbox 2998 3127 3126 3191; x_wconf 83' lang='grc' dir='ltr'>τούς</span> <span class='ocrx_word' id='word_1_654' title='bbox 3167 3126 3372 3198; x_wconf 87' lang='grc' dir='ltr'>σφόδρα</span> <span class='ocrx_word' id='word_1_655' title='bbox 3403 3129 3469 3197; x_wconf 76' lang='grc' dir='ltr'>τῇ</span> <span class='ocrx_word' id='word_1_656' title='bbox 3497 3127 3567 3196; x_wconf 84' lang='grc' dir='ltr'>γῇ</span> <span class='ocrx_word' id='word_1_657' title='bbox 3602 3141 3782 3196; x_wconf 69' lang='grc' dir='ltr'>προσ⁹</span> 
     </span>
    </p>
   </div>
   <div class='ocr_carea' id='block_1_91' title="bbox 2191 3219 3794 3296">
    <p class='ocr_par' dir='ltr' id='par_1_91' title="bbox 2191 3219 3794 3296">
     <span class='ocr_line' id='line_1_92' title="bbox 2191 3219 3794 3296; baseline -0.004 -16"><span class='ocrx_word' id='word_1_658' title='bbox 2191 3224 2532 3296; x_wconf 88' lang='grc' dir='ltr'>ηλωμένους,</span> <span class='ocrx_word' id='word_1_659' title='bbox 2577 3222 2672 3277; x_wconf 71' lang='grc' dir='ltr'>καί⁵</span> <span class='ocrx_word' id='word_1_660' title='bbox 2706 3222 2844 3294; x_wconf 81' lang='grc' dir='ltr'>πρὸς</span> <span class='ocrx_word' id='word_1_661' title='bbox 2890 3222 2962 3276; x_wconf 89' lang='grc' dir='ltr'>τά</span> <span class='ocrx_word' id='word_1_662' title='bbox 2998 3220 3254 3293; x_wconf 85' lang='grc' dir='ltr'>ὀνείρατα</span> <span class='ocrx_word' id='word_1_663' title='bbox 3315 3219 3489 3274; x_wconf 82' lang='grc' dir='ltr'>ταῦτα</span> <span class='ocrx_word' id='word_1_664' title='bbox 3542 3221 3794 3290; x_wconf 70' lang='grc' dir='ltr'>κεχηνόσ-</span> 
     </span>
    </p>
   </div>
   <div class='ocr_carea' id='block_1_92' title="bbox 2191 3311 3780 3387">
    <p class='ocr_par' dir='ltr' id='par_1_92' title="bbox 2191 3311 3780 3387">
     <span class='ocr_line' id='line_1_93' title="bbox 2191 3311 3780 3387; baseline -0.004 -17"><span class='ocrx_word' id='word_1_665' title='bbox 2191 3333 2310 3381; x_wconf 90' lang='grc' dir='ltr'>τας,</span> <span class='ocrx_word' id='word_1_666' title='bbox 2357 3315 2502 3384; x_wconf 88' lang='grc' dir='ltr'>λέγω</span> <span class='ocrx_word' id='word_1_667' title='bbox 2548 3315 2613 3385; x_wconf 82' lang='grc' dir='ltr'>δὴ</span> <span class='ocrx_word' id='word_1_668' title='bbox 2651 3313 2749 3387; x_wconf 83' lang='grc' dir='ltr'>τὴν</span> <span class='ocrx_word' id='word_1_669' title='bbox 2800 3313 2957 3386; x_wconf 84' lang='grc' dir='ltr'>παρὰ</span> <span class='ocrx_word' id='word_1_670' title='bbox 3001 3312 3112 3367; x_wconf 87' lang='grc' dir='ltr'>τῶν</span> <span class='ocrx_word' id='word_1_671' title='bbox 3153 3312 3365 3366; x_wconf 88' lang='grc' dir='ltr'>πολλῶν</span> <span class='ocrx_word' id='word_1_672' title='bbox 3413 3311 3589 3377; x_wconf 68' lang='grc' dir='ltr'>δόξαν,</span> <span class='ocrx_word' id='word_1_673' title='bbox 3636 3330 3780 3365; x_wconf 85' lang='grc' dir='ltr'>παι-</span> 
     </span>
    </p>
   </div>
   <div class='ocr_carea' id='block_1_93' title="bbox 2191 3404 3779 3478">
    <p class='ocr_par' dir='ltr' id='par_1_93' title="bbox 2191 3404 3779 3478">
     <span class='ocr_line' id='line_1_94' title="bbox 2191 3404 3779 3478; baseline -0.004 -16"><span class='ocrx_word' id='word_1_674' title='bbox 2191 3407 2376 3462; x_wconf 88' lang='grc' dir='ltr'>δεῦσαι</span> <span class='ocrx_word' id='word_1_675' title='bbox 2413 3407 2636 3478; x_wconf 80' lang='grc' dir='ltr'>δυνήσῃ,</span> <span class='ocrx_word' id='word_1_676' title='bbox 2676 3407 2759 3460; x_wconf 81' lang='grc' dir='ltr'>ὅτι</span> <span class='ocrx_word' id='word_1_677' title='bbox 2797 3407 2898 3460; x_wconf 92' lang='grc' dir='ltr'>οὐκ</span> <span class='ocrx_word' id='word_1_678' title='bbox 2923 3407 2981 3460; x_wconf 90' lang='grc' dir='ltr'>ἐν</span> <span class='ocrx_word' id='word_1_679' title='bbox 3008 3408 3076 3477; x_wconf 82' lang='grc' dir='ltr'>τῇ</span> <span class='ocrx_word' id='word_1_680' title='bbox 3121 3404 3347 3475; x_wconf 89' lang='grc' dir='ltr'>χλανίδι,</span> <span class='ocrx_word' id='word_1_681' title='bbox 3378 3405 3470 3458; x_wconf 70' lang='grc' dir='ltr'>καὶ</span> <span class='ocrx_word' id='word_1_682' title='bbox 3501 3407 3565 3476; x_wconf 76' lang='grc' dir='ltr'>τῇ</span> <span class='ocrx_word' id='word_1_683' title='bbox 3601 3404 3779 3476; x_wconf 74' lang='grc' dir='ltr'>ζώνῃ,</span> 
     </span>
    </p>
   </div>
   <div class='ocr_carea' id='block_1_94' title="bbox 2191 3495 3785 3568">
    <p class='ocr_par' dir='ltr' id='par_1_94' title="bbox 2191 3495 3785 3568">
     <span class='ocr_line' id='line_1_95' title="bbox 2191 3495 3785 3568; baseline -0.001 -16"><span class='ocrx_word' id='word_1_684' title='bbox 2191 3498 2314 3552; x_wconf 86' lang='grc' dir='ltr'>οὐδὲ</span> <span class='ocrx_word' id='word_1_685' title='bbox 2341 3499 2399 3551; x_wconf 89' lang='grc' dir='ltr'>ἐν</span> <span class='ocrx_word' id='word_1_686' title='bbox 2424 3499 2492 3568; x_wconf 77' lang='grc' dir='ltr'>τῇ</span> <span class='ocrx_word' id='word_1_687' title='bbox 2525 3499 2678 3568; x_wconf 79' lang='grc' dir='ltr'>φωνῇ</span> <span class='ocrx_word' id='word_1_688' title='bbox 2711 3497 2804 3550; x_wconf 89' lang='grc' dir='ltr'>τοῦ</span> <span class='ocrx_word' id='word_1_689' title='bbox 2844 3498 3086 3568; x_wconf 83' lang='grc' dir='ltr'>κήρυκος</span> <span class='ocrx_word' id='word_1_690' title='bbox 3116 3499 3146 3551; x_wconf 85' lang='grc' dir='ltr'>ὁ</span> <span class='ocrx_word' id='word_1_691' title='bbox 3188 3496 3392 3568; x_wconf 78' lang='grc' dir='ltr'>ἄρχων,</span> <span class='ocrx_word' id='word_1_692' title='bbox 3434 3495 3546 3549; x_wconf 86' lang='grc' dir='ltr'>ἀλλ’</span> <span class='ocrx_word' id='word_1_693' title='bbox 3593 3497 3650 3548; x_wconf 90' lang='grc' dir='ltr'>ἐν</span> <span class='ocrx_word' id='word_1_694' title='bbox 3696 3498 3785 3568; x_wconf 76' lang='grc' dir='ltr'>τῷ</span> 
     </span>
    </p>
   </div>
   <div class='ocr_carea' id='block_1_95' title="bbox 2189 3586 3778 3660">
    <p class='ocr_par' dir='ltr' id='par_1_95' title="bbox 2189 3586 3778 3660">
     <span class='ocr_line' id='line_1_96' title="bbox 2189 3586 3778 3660; baseline -0.001 -16"><span class='ocrx_word' id='word_1_695' title='bbox 2189 3589 2262 3644; x_wconf 87' lang='grc' dir='ltr'>τά</span> <span class='ocrx_word' id='word_1_696' title='bbox 2295 3589 2645 3660; x_wconf 84' lang='grc' dir='ltr'>πεπονηκότα</span> <span class='ocrx_word' id='word_1_697' title='bbox 2673 3589 3011 3644; x_wconf 87' lang='grc' dir='ltr'>ἀνακτᾶσθαι</span> <span class='ocrx_word' id='word_1_698' title='bbox 3044 3602 3088 3653; x_wconf 76' lang='grc' dir='ltr'>ο,</span> <span class='ocrx_word' id='word_1_699' title='bbox 3123 3589 3218 3642; x_wconf 77' lang='grc' dir='ltr'>καὶ</span> <span class='ocrx_word' id='word_1_700' title='bbox 3254 3588 3323 3642; x_wconf 84' lang='grc' dir='ltr'>τά</span> <span class='ocrx_word' id='word_1_701' title='bbox 3362 3586 3546 3651; x_wconf 89' lang='grc' dir='ltr'>κακῶς</span> <span class='ocrx_word' id='word_1_702' title='bbox 3579 3587 3778 3658; x_wconf 81' lang='grc' dir='ltr'>ἔχοντα</span> 
     </span>
    </p>
   </div>
   <div class='ocr_carea' id='block_1_96' title="bbox 2191 3679 3783 3754">
    <p class='ocr_par' dir='ltr' id='par_1_96' title="bbox 2191 3679 3783 3754">
     <span class='ocr_line' id='line_1_97' title="bbox 2191 3679 3783 3754; baseline -0.001 -17"><span class='ocrx_word' id='word_1_703' title='bbox 2191 3682 2458 3754; x_wconf 91' lang='grc' dir='ltr'>διορθοῦν,</span> <span class='ocrx_word' id='word_1_704' title='bbox 2501 3683 2597 3736; x_wconf 77' lang='grc' dir='ltr'>καὶ</span> <span class='ocrx_word' id='word_1_705' title='bbox 2645 3682 2895 3747; x_wconf 80' lang='grc' dir='ltr'>κολάζειν</span> <span class='ocrx_word' id='word_1_706' title='bbox 2937 3681 3035 3752; x_wconf 82' lang='grc' dir='ltr'>μὲν</span> <span class='ocrx_word' id='word_1_707' title='bbox 3070 3681 3311 3744; x_wconf 86' lang='grc' dir='ltr'>ἀδικίαν,</span> <span class='ocrx_word' id='word_1_708' title='bbox 3352 3679 3427 3752; x_wconf 83' lang='grc' dir='ltr'>μὴ</span> <span class='ocrx_word' id='word_1_709' title='bbox 3471 3685 3783 3751; x_wconf 72' lang='grc' dir='ltr'>συγχωρεῖν</span> 
     </span>
    </p>
   </div>
   <div class='ocr_carea' id='block_1_97' title="bbox 2190 3773 3782 3843">
    <p class='ocr_par' dir='ltr' id='par_1_97' title="bbox 2190 3773 3782 3843">
     <span class='ocr_line' id='line_1_98' title="bbox 2190 3773 3782 3843; baseline -0.004 -12"><span class='ocrx_word' id='word_1_710' title='bbox 2190 3778 2247 3832; x_wconf 82' lang='grc' dir='ltr'>δὲ</span> <span class='ocrx_word' id='word_1_711' title='bbox 2279 3777 2384 3831; x_wconf 82' lang='grc' dir='ltr'>ὑπὸ</span> <span class='ocrx_word' id='word_1_712' title='bbox 2404 3777 2724 3841; x_wconf 86' lang='grc' dir='ltr'>δυναστείας</span> <span class='ocrx_word' id='word_1_713' title='bbox 2755 3777 2817 3830; x_wconf 85' lang='grc' dir='ltr'>τὸ</span> <span class='ocrx_word' id='word_1_714' title='bbox 2846 3777 3051 3831; x_wconf 90' lang='grc' dir='ltr'>δίκαιον</span> <span class='ocrx_word' id='word_1_715' title='bbox 3079 3773 3492 3830; x_wconf 89' lang='grc' dir='ltr'>ἀπελαύνεσθαι.</span> <span class='ocrx_word' id='word_1_716' title='bbox 3525 3775 3634 3828; x_wconf 79' lang='grc' dir='ltr'>Καὶ</span> <span class='ocrx_word' id='word_1_717' title='bbox 3661 3774 3782 3843; x_wconf 77' lang='grc' dir='ltr'>γὰρ</span> 
     </span>
    </p>
   </div>
   <div class='ocr_carea' id='block_1_98' title="bbox 2191 3865 3778 3942">
    <p class='ocr_par' dir='ltr' id='par_1_98' title="bbox 2191 3865 3778 3942">
     <span class='ocr_line' id='line_1_99' title="bbox 2191 3865 3778 3942; baseline -0.005 -16"><span class='ocrx_word' id='word_1_718' title='bbox 2191 3867 2308 3926; x_wconf 83' lang='grc' dir='ltr'>οἷδά</span> <span class='ocrx_word' id='word_1_719' title='bbox 2349 3889 2442 3925; x_wconf 89' lang='grc' dir='ltr'>σου</span> <span class='ocrx_word' id='word_1_720' title='bbox 2475 3871 2575 3942; x_wconf 80' lang='grc' dir='ltr'>τὴν</span> <span class='ocrx_word' id='word_1_721' title='bbox 2624 3870 2955 3942; x_wconf 77' lang='grc' dir='ltr'>παρρησίαν,</span> <span class='ocrx_word' id='word_1_722' title='bbox 2997 3869 3097 3941; x_wconf 82' lang='grc' dir='ltr'>τὴν</span> <span class='ocrx_word' id='word_1_723' title='bbox 3141 3866 3639 3940; x_wconf 79' lang='grc' dir='ltr'>ἐλευθεροστομίαν,</span> <span class='ocrx_word' id='word_1_724' title='bbox 3670 3865 3778 3938; x_wconf 78' lang='grc' dir='ltr'>τῆς</span> 
     </span>
    </p>
   </div>
   <div class='ocr_carea' id='block_1_99' title="bbox 2189 3955 3780 4030">
    <p class='ocr_par' dir='ltr' id='par_1_99' title="bbox 2189 3955 3780 4030">
     <span class='ocr_line' id='line_1_100' title="bbox 2189 3955 3780 4030; baseline -0.004 -15"><span class='ocrx_word' id='word_1_725' title='bbox 2189 3959 2427 4025; x_wconf 89' lang='grc' dir='ltr'>διανοίας</span> <span class='ocrx_word' id='word_1_726' title='bbox 2466 3960 2528 4013; x_wconf 79' lang='grc' dir='ltr'>τὸ</span> <span class='ocrx_word' id='word_1_727' title='bbox 2561 3959 2712 4030; x_wconf 83' lang='grc' dir='ltr'>ῦψος,</span> <span class='ocrx_word' id='word_1_728' title='bbox 2757 3959 2858 4030; x_wconf 86' lang='grc' dir='ltr'>τὴν</span> <span class='ocrx_word' id='word_1_729' title='bbox 2889 3958 2999 4011; x_wconf 86' lang='grc' dir='ltr'>τῶν</span> <span class='ocrx_word' id='word_1_730' title='bbox 3033 3957 3304 4028; x_wconf 86' lang='grc' dir='ltr'>βιωτικῶν</span> <span class='ocrx_word' id='word_1_731' title='bbox 3343 3955 3664 4027; x_wconf 85' lang='grc' dir='ltr'>ὑπεροψίαν,</span> <span class='ocrx_word' id='word_1_732' title='bbox 3716 3955 3780 4008; x_wconf 72' lang='grc' dir='ltr'>τὸ</span> 
     </span>
    </p>
   </div>
   <div class='ocr_carea' id='block_1_100' title="bbox 2195 4041 3774 4125">
    <p class='ocr_par' dir='ltr' id='par_1_100' title="bbox 2195 4041 3774 4125">
     <span class='ocr_line' id='line_1_101' title="bbox 2195 4041 3774 4125; baseline -0.003 -18"><span class='ocrx_word' id='word_1_733' title='bbox 2195 4052 2581 4125; x_wconf 86' lang='grc' dir='ltr'>μισοπόνηρον,</span> <span class='ocrx_word' id='word_1_734' title='bbox 2631 4052 2694 4105; x_wconf 81' lang='grc' dir='ltr'>τὸ</span> <span class='ocrx_word' id='word_1_735' title='bbox 2736 4052 2967 4122; x_wconf 74' lang='grc' dir='ltr'>ἥμερον,</span> <span class='ocrx_word' id='word_1_736' title='bbox 3016 4050 3078 4104; x_wconf 82' lang='grc' dir='ltr'>τὸ</span> <span class='ocrx_word' id='word_1_737' title='bbox 3117 4049 3524 4121; x_wconf 85' lang='grc' dir='ltr'>φιλάνθρωπον,</span> <span class='ocrx_word' id='word_1_738' title='bbox 3560 4041 3622 4101; x_wconf 80' lang='grc' dir='ltr'>οὗ</span> <span class='ocrx_word' id='word_1_739' title='bbox 3663 4048 3774 4116; x_wconf 83' lang='grc' dir='ltr'>μά-</span> 
     </span>
    </p>
   </div>
   <div class='ocr_carea' id='block_1_101' title="bbox 2190 4137 3774 4215">
    <p class='ocr_par' dir='ltr' id='par_1_101' title="bbox 2190 4137 3774 4215">
     <span class='ocr_line' id='line_1_102' title="bbox 2190 4137 3774 4215; baseline -0.004 -17"><span class='ocrx_word' id='word_1_740' title='bbox 2190 4145 2348 4200; x_wconf 89' lang='grc' dir='ltr'>λιστα</span> <span class='ocrx_word' id='word_1_741' title='bbox 2378 4145 2600 4215; x_wconf 84' lang='grc' dir='ltr'>ἄρχοντι</span> <span class='ocrx_word' id='word_1_742' title='bbox 2631 4145 2731 4198; x_wconf 89' lang='grc' dir='ltr'>δεῖ.</span> <span class='ocrx_word' id='word_1_743' title='bbox 2758 4143 2850 4197; x_wconf 83' lang='grc' dir='ltr'>Διὸ</span> <span class='ocrx_word' id='word_1_744' title='bbox 2897 4143 3119 4196; x_wconf 88' lang='grc' dir='ltr'>κάκεῖνο</span> <span class='ocrx_word' id='word_1_745' title='bbox 3151 4137 3271 4196; x_wconf 82' lang='grc' dir='ltr'>οῖδα</span> <span class='ocrx_word' id='word_1_746' title='bbox 3320 4139 3528 4210; x_wconf 85' lang='grc' dir='ltr'>σαφῶς,</span> <span class='ocrx_word' id='word_1_747' title='bbox 3553 4140 3638 4192; x_wconf 83' lang='grc' dir='ltr'>ὅτι</span> <span class='ocrx_word' id='word_1_748' title='bbox 3685 4137 3774 4192; x_wconf 68' lang='grc' dir='ltr'>λιι</span> 
     </span>
    </p>
   </div>
   <div class='ocr_carea' id='block_1_102' title="bbox 2195 4230 3774 4310">
    <p class='ocr_par' dir='ltr' id='par_1_102' title="bbox 2195 4230 3774 4310">
     <span class='ocr_line' id='line_1_103' title="bbox 2195 4230 3774 4310; baseline -0.004 -19"><span class='ocrx_word' id='word_1_749' title='bbox 2195 4237 2301 4309; x_wconf 82' lang='grc' dir='ltr'>μὴν</span> <span class='ocrx_word' id='word_1_750' title='bbox 2337 4237 2436 4310; x_wconf 75' lang='grc' dir='ltr'>ἔσῃ</span> <span class='ocrx_word' id='word_1_751' title='bbox 2463 4235 2571 4290; x_wconf 90' lang='grc' dir='ltr'>τῶν</span> <span class='ocrx_word' id='word_1_752' title='bbox 2615 4234 3018 4304; x_wconf 90' lang='grc' dir='ltr'>ναυαγούντων,</span> <span class='ocrx_word' id='word_1_753' title='bbox 3057 4233 3329 4305; x_wconf 89' lang='grc' dir='ltr'>βακτηρία</span> <span class='ocrx_word' id='word_1_754' title='bbox 3364 4232 3471 4286; x_wconf 89' lang='grc' dir='ltr'>τῶν</span> <span class='ocrx_word' id='word_1_755' title='bbox 3515 4232 3611 4284; x_wconf 78' lang='grc' dir='ltr'>ἐπὶ</span> <span class='ocrx_word' id='word_1_756' title='bbox 3640 4230 3774 4298; x_wconf 86' lang='grc' dir='ltr'>γόνυ</span> 
     </span>
    </p>
   </div>
   <div class='ocr_carea' id='block_1_103' title="bbox 2191 4323 3773 4400">
    <p class='ocr_par' dir='ltr' id='par_1_103' title="bbox 2191 4323 3773 4400">
     <span class='ocr_line' id='line_1_104' title="bbox 2191 4323 3773 4400; baseline -0.003 -17"><span class='ocrx_word' id='word_1_757' title='bbox 2191 4329 2503 4394; x_wconf 86' lang='grc' dir='ltr'>κλιθέντων,</span> <span class='ocrx_word' id='word_1_758' title='bbox 2540 4327 2748 4400; x_wconf 90' lang='grc' dir='ltr'>πύργος</span> <span class='ocrx_word' id='word_1_759' title='bbox 2775 4327 2883 4381; x_wconf 89' lang='grc' dir='ltr'>τῶν</span> <span class='ocrx_word' id='word_1_760' title='bbox 2909 4327 3013 4380; x_wconf 85' lang='grc' dir='ltr'>ὑπὸ</span> <span class='ocrx_word' id='word_1_761' title='bbox 3043 4325 3363 4388; x_wconf 86' lang='grc' dir='ltr'>δυναστείας</span> <span class='ocrx_word' id='word_1_762' title='bbox 3389 4324 3576 4379; x_wconf 87' lang='grc' dir='ltr'>ἀδίκου</span> <span class='ocrx_word' id='word_1_763' title='bbox 3614 4323 3773 4378; x_wconf 88' lang='grc' dir='ltr'>πολε-</span> 
     </span>
    </p>
   </div>
   <div class='ocr_carea' id='block_1_104' title="bbox 2193 4417 3772 4496">
    <p class='ocr_par' dir='ltr' id='par_1_104' title="bbox 2193 4417 3772 4496">
     <span class='ocr_line' id='line_1_105' title="bbox 2193 4417 3772 4496; baseline -0.005 -18"><span class='ocrx_word' id='word_1_764' title='bbox 2193 4423 2508 4496; x_wconf 68' lang='grc' dir='ltr'>μουμένων*</span> <span class='ocrx_word' id='word_1_765' title='bbox 2550 4421 2645 4475; x_wconf 77' lang='grc' dir='ltr'>καὶ</span> <span class='ocrx_word' id='word_1_766' title='bbox 2679 4420 2778 4493; x_wconf 81' lang='grc' dir='ltr'>έσῃ</span> <span class='ocrx_word' id='word_1_767' title='bbox 2818 4420 2992 4474; x_wconf 80' lang='grc' dir='ltr'>ταῦτα</span> <span class='ocrx_word' id='word_1_768' title='bbox 3029 4419 3245 4491; x_wconf 72' lang='grc' dir='ltr'>ῥᾳδίως.</span> <span class='ocrx_word' id='word_1_769' title='bbox 3285 4418 3420 4472; x_wconf 84' lang='grc' dir='ltr'>Οὐδὲ</span> <span class='ocrx_word' id='word_1_770' title='bbox 3457 4417 3567 4488; x_wconf 88' lang='grc' dir='ltr'>γάρ</span> <span class='ocrx_word' id='word_1_771' title='bbox 3605 4418 3772 4471; x_wconf 79' lang='grc' dir='ltr'>πόνου</span> 
     </span>
    </p>
   </div>
   <div class='ocr_carea' id='block_1_105' title="bbox 2191 4506 3770 4583">
    <p class='ocr_par' dir='ltr' id='par_1_105' title="bbox 2191 4506 3770 4583">
     <span class='ocr_line' id='line_1_106' title="bbox 2191 4506 3770 4583; baseline -0.006 -13"><span class='ocrx_word' id='word_1_772' title='bbox 2191 4533 2276 4570; x_wconf 86' lang='grc' dir='ltr'>σοι</span> <span class='ocrx_word' id='word_1_773' title='bbox 2313 4516 2426 4578; x_wconf 88' lang='grc' dir='ltr'>δεῖ,</span> <span class='ocrx_word' id='word_1_774' title='bbox 2465 4513 2584 4568; x_wconf 87' lang='grc' dir='ltr'>οὐδέ</span> <span class='ocrx_word' id='word_1_775' title='bbox 2638 4511 2878 4583; x_wconf 77' lang='grc' dir='ltr'>ἱδρῶτος,</span> <span class='ocrx_word' id='word_1_776' title='bbox 2918 4511 3041 4564; x_wconf 86' lang='grc' dir='ltr'>οὐδέ</span> <span class='ocrx_word' id='word_1_777' title='bbox 3087 4509 3280 4581; x_wconf 90' lang='grc' dir='ltr'>χρόνου</span> <span class='ocrx_word' id='word_1_778' title='bbox 3318 4506 3533 4579; x_wconf 81' lang='grc' dir='ltr'>μακροῦ</span> <span class='ocrx_word' id='word_1_779' title='bbox 3581 4509 3662 4571; x_wconf 86' lang='grc' dir='ltr'>εἰς</span> <span class='ocrx_word' id='word_1_780' title='bbox 3709 4508 3770 4561; x_wconf 78' lang='grc' dir='ltr'>τὸ</span> 
     </span>
    </p>
   </div>
   <div class='ocr_carea' id='block_1_106' title="bbox 2189 4598 3768 4678">
    <p class='ocr_par' dir='ltr' id='par_1_106' title="bbox 2189 4598 3768 4678">
     <span class='ocr_line' id='line_1_107' title="bbox 2189 4598 3768 4678; baseline -0.006 -17"><span class='ocrx_word' id='word_1_781' title='bbox 2189 4606 2486 4678; x_wconf 91' lang='grc' dir='ltr'>κατορθοῦν</span> <span class='ocrx_word' id='word_1_782' title='bbox 2515 4604 2714 4660; x_wconf 85' lang='grc' dir='ltr'>ταῦτα·</span> <span class='ocrx_word' id='word_1_783' title='bbox 2753 4603 2866 4656; x_wconf 85' lang='grc' dir='ltr'>ἀλλ’</span> <span class='ocrx_word' id='word_1_784' title='bbox 2906 4603 3096 4673; x_wconf 85' lang='grc' dir='ltr'>ὥσπερ</span> <span class='ocrx_word' id='word_1_785' title='bbox 3125 4605 3154 4656; x_wconf 88' lang='grc' dir='ltr'>ό</span> <span class='ocrx_word' id='word_1_786' title='bbox 3185 4602 3334 4672; x_wconf 81' lang='grc' dir='ltr'>ἥλιος</span> <span class='ocrx_word' id='word_1_787' title='bbox 3379 4598 3515 4671; x_wconf 86' lang='grc' dir='ltr'>ὁμοῦ</span> <span class='ocrx_word' id='word_1_788' title='bbox 3547 4617 3609 4653; x_wconf 90' lang='grc' dir='ltr'>τε</span> <span class='ocrx_word' id='word_1_789' title='bbox 3642 4601 3768 4668; x_wconf 84' lang='grc' dir='ltr'>φαί-</span> 
     </span>
    </p>
   </div>
   <div class='ocr_carea' id='block_1_107' title="bbox 2188 4691 3769 4764">
    <p class='ocr_par' dir='ltr' id='par_1_107' title="bbox 2188 4691 3769 4764">
     <span class='ocr_line' id='line_1_108' title="bbox 2188 4691 3769 4764; baseline -0.005 -12"><span class='ocrx_word' id='word_1_790' title='bbox 2188 4717 2366 4762; x_wconf 87' lang='grc' dir='ltr'>νεται,</span> <span class='ocrx_word' id='word_1_791' title='bbox 2412 4698 2506 4752; x_wconf 82' lang='grc' dir='ltr'>καὶ</span> <span class='ocrx_word' id='word_1_792' title='bbox 2548 4697 2724 4752; x_wconf 82' lang='grc' dir='ltr'>πάντα</span> <span class='ocrx_word' id='word_1_793' title='bbox 2761 4694 2878 4748; x_wconf 87' lang='grc' dir='ltr'>λύει</span> <span class='ocrx_word' id='word_1_794' title='bbox 2917 4694 3116 4764; x_wconf 56' lang='grc' dir='ltr'>ζόφον</span> <span class='ocrx_word' id='word_1_795' title='bbox 3161 4693 3304 4746; x_wconf 77' lang='grc' dir='ltr'>οὕτω</span> <span class='ocrx_word' id='word_1_796' title='bbox 3345 4691 3438 4746; x_wconf 78' lang='grc' dir='ltr'>καὶ</span> <span class='ocrx_word' id='word_1_797' title='bbox 3472 4691 3636 4757; x_wconf 81' lang='grc' dir='ltr'>αὐτὸς</span> <span class='ocrx_word' id='word_1_798' title='bbox 3676 4691 3769 4745; x_wconf 84' lang='grc' dir='ltr'>ἐπὶ</span> 
     </span>
    </p>
   </div>
   <div class='ocr_carea' id='block_1_108' title="bbox 2188 4773 3767 4860">
    <p class='ocr_par' dir='ltr' id='par_1_108' title="bbox 2188 4773 3767 4860">
     <span class='ocr_line' id='line_1_109' title="bbox 2188 4773 3767 4860; baseline -0.004 -18"><span class='ocrx_word' id='word_1_799' title='bbox 2188 4773 2281 4842; x_wconf 87' lang='grc' dir='ltr'>τοῦ</span> <span class='ocrx_word' id='word_1_800' title='bbox 2308 4789 2496 4860; x_wconf 90' lang='grc' dir='ltr'>θρόνου</span> <span class='ocrx_word' id='word_1_801' title='bbox 2524 4789 2732 4857; x_wconf 72' lang='grc' dir='ltr'>φανεὶς,</span> <span class='ocrx_word' id='word_1_802' title='bbox 2755 4783 2813 4842; x_wconf 87' lang='grc' dir='ltr'>εὑ</span> <span class='ocrx_word' id='word_1_803' title='bbox 2836 4783 2930 4840; x_wconf 81' lang='grc' dir='ltr'>οἷδ’</span> <span class='ocrx_word' id='word_1_804' title='bbox 2956 4787 3038 4839; x_wconf 85' lang='grc' dir='ltr'>ὅτι</span> <span class='ocrx_word' id='word_1_805' title='bbox 3069 4787 3134 4838; x_wconf 85' lang='grc' dir='ltr'>ἐκ</span> <span class='ocrx_word' id='word_1_806' title='bbox 3160 4784 3384 4856; x_wconf 91' lang='grc' dir='ltr'>πρώτης</span> <span class='ocrx_word' id='word_1_807' title='bbox 3409 4783 3623 4854; x_wconf 79' lang='grc' dir='ltr'>ἡμέρας</span> <span class='ocrx_word' id='word_1_808' title='bbox 3646 4782 3767 4848; x_wconf 89' lang='grc' dir='ltr'>τούς</span> 
     </span>
    </p>
   </div>
   <div class='ocr_carea' id='block_1_109' title="bbox 2189 4875 3767 4950">
    <p class='ocr_par' dir='ltr' id='par_1_109' title="bbox 2189 4875 3767 4950">
     <span class='ocr_line' id='line_1_110' title="bbox 2189 4875 3767 4950; baseline -0.003 -17"><span class='ocrx_word' id='word_1_809' title='bbox 2189 4898 2246 4934; x_wconf 86' lang='grc' dir='ltr'>τε</span> <span class='ocrx_word' id='word_1_810' title='bbox 2277 4881 2481 4934; x_wconf 85' lang='grc' dir='ltr'>ἀδικεῖν</span> <span class='ocrx_word' id='word_1_811' title='bbox 2514 4879 2925 4950; x_wconf 85' lang='grc' dir='ltr'>ἐπιχειροῦντας</span> <span class='ocrx_word' id='word_1_812' title='bbox 2953 4877 3288 4941; x_wconf 79' lang='grc' dir='ltr'>ἀνέστειλας,</span> <span class='ocrx_word' id='word_1_813' title='bbox 3315 4875 3439 4938; x_wconf 87' lang='grc' dir='ltr'>τούς</span> <span class='ocrx_word' id='word_1_814' title='bbox 3471 4891 3531 4927; x_wconf 90' lang='grc' dir='ltr'>τε</span> <span class='ocrx_word' id='word_1_815' title='bbox 3555 4875 3767 4930; x_wconf 65' lang='grc' dir='ltr'>ἀδικουσ-</span> 
     </span>
    </p>
   </div>
   <div class='ocr_carea' id='block_1_110' title="bbox 2191 4969 3765 5044">
    <p class='ocr_par' dir='ltr' id='par_1_110' title="bbox 2191 4969 3765 5044">
     <span class='ocr_line' id='line_1_111' title="bbox 2191 4969 3765 5044; baseline -0.003 -18"><span class='ocrx_word' id='word_1_816' title='bbox 2191 4974 2406 5044; x_wconf 81' lang='grc' dir='ltr'>μένους,</span> <span class='ocrx_word' id='word_1_817' title='bbox 2430 4973 2520 5026; x_wconf 72' lang='grc' dir='ltr'>καὶ</span> <span class='ocrx_word' id='word_1_818' title='bbox 2551 4974 2680 5042; x_wconf 76' lang='grc' dir='ltr'>πρὶν</span> <span class='ocrx_word' id='word_1_819' title='bbox 2703 4975 2782 5036; x_wconf 88' lang='grc' dir='ltr'>εἰς</span> <span class='ocrx_word' id='word_1_820' title='bbox 2809 4972 2870 5026; x_wconf 79' lang='grc' dir='ltr'>τὸ</span> <span class='ocrx_word' id='word_1_821' title='bbox 2891 4972 3239 5042; x_wconf 87' lang='grc' dir='ltr'>δικαστήριον</span> <span class='ocrx_word' id='word_1_822' title='bbox 3268 4970 3553 5034; x_wconf 91' lang='grc' dir='ltr'>εἰσελθεῖν,</span> <span class='ocrx_word' id='word_1_823' title='bbox 3582 4969 3765 5038; x_wconf 80' lang='grc' dir='ltr'>πάσης</span> 
     </span>
    </p>
   </div>
   <div class='ocr_carea' id='block_1_111' title="bbox 2188 5057 3765 5133">
    <p class='ocr_par' dir='ltr' id='par_1_111' title="bbox 2188 5057 3765 5133">
     <span class='ocr_line' id='line_1_112' title="bbox 2188 5057 3765 5133; baseline -0.003 -19"><span class='ocrx_word' id='word_1_824' title='bbox 2188 5062 2452 5133; x_wconf 81' lang='grc' dir='ltr'>ἐπηρείας</span> <span class='ocrx_word' id='word_1_825' title='bbox 2502 5061 2853 5131; x_wconf 78' lang='grc' dir='ltr'>ἀπήλλαξας·</span> <span class='ocrx_word' id='word_1_826' title='bbox 2896 5061 3000 5114; x_wconf 67' lang='grc' dir='ltr'>καὶ</span> <span class='ocrx_word' id='word_1_827' title='bbox 3042 5063 3275 5131; x_wconf 75' lang='grc' dir='ltr'>ἤρκεσεν</span> <span class='ocrx_word' id='word_1_828' title='bbox 3316 5061 3394 5124; x_wconf 88' lang='grc' dir='ltr'>εἰς</span> <span class='ocrx_word' id='word_1_829' title='bbox 3433 5059 3532 5130; x_wconf 80' lang='grc' dir='ltr'>τὴν</span> <span class='ocrx_word' id='word_1_830' title='bbox 3576 5057 3765 5112; x_wconf 89' lang='grc' dir='ltr'>τούτου</span> 
     </span>
    </p>
   </div>
   <div class='ocr_carea' id='block_1_112' title="bbox 2187 5146 3768 5223">
    <p class='ocr_par' dir='ltr' id='par_1_112' title="bbox 2187 5146 3768 5223">
     <span class='ocr_line' id='line_1_113' title="bbox 2187 5146 3768 5223; baseline -0.002 -19"><span class='ocrx_word' id='word_1_831' title='bbox 2187 5151 2470 5223; x_wconf 88' lang='grc' dir='ltr'>διόρθωσιν</span> <span class='ocrx_word' id='word_1_832' title='bbox 2499 5153 2532 5223; x_wconf 87' lang='grc' dir='ltr'>ή</span> <span class='ocrx_word' id='word_1_833' title='bbox 2563 5152 2662 5222; x_wconf 87' lang='grc' dir='ltr'>τῆς</span> <span class='ocrx_word' id='word_1_834' title='bbox 2697 5151 2990 5221; x_wconf 83' lang='grc' dir='ltr'>φιλοσόφου</span> <span class='ocrx_word' id='word_1_835' title='bbox 3021 5167 3114 5204; x_wconf 93' lang='grc' dir='ltr'>σου</span> <span class='ocrx_word' id='word_1_836' title='bbox 3153 5150 3332 5221; x_wconf 87' lang='grc' dir='ltr'>ψυχῆς</span> <span class='ocrx_word' id='word_1_837' title='bbox 3358 5149 3647 5220; x_wconf 85' lang='grc' dir='ltr'>ὑπόληψις.</span> <span class='ocrx_word' id='word_1_838' title='bbox 3671 5146 3768 5201; x_wconf 82' lang='grc' dir='ltr'>Διὰ</span> 
     </span>
    </p>
   </div>
   <div class='ocr_carea' id='block_1_113' title="bbox 2186 5239 3767 5316">
    <p class='ocr_par' dir='ltr' id='par_1_113' title="bbox 2186 5239 3767 5316">
     <span class='ocr_line' id='line_1_114' title="bbox 2186 5239 3767 5316; baseline -0.003 -20"><span class='ocrx_word' id='word_1_839' title='bbox 2186 5243 2360 5296; x_wconf 88' lang='grc' dir='ltr'>ταῦτα</span> <span class='ocrx_word' id='word_1_840' title='bbox 2390 5242 2564 5296; x_wconf 86' lang='grc' dir='ltr'>καίτοι</span> <span class='ocrx_word' id='word_1_841' title='bbox 2590 5244 2648 5296; x_wconf 88' lang='grc' dir='ltr'>ἐν</span> <span class='ocrx_word' id='word_1_842' title='bbox 2680 5243 2883 5316; x_wconf 78' lang='grc' dir='ltr'>ἐρημίᾳ</span> <span class='ocrx_word' id='word_1_843' title='bbox 2921 5241 3254 5313; x_wconf 88' lang='grc' dir='ltr'>καθήμενος,</span> <span class='ocrx_word' id='word_1_844' title='bbox 3281 5239 3377 5294; x_wconf 72' lang='grc' dir='ltr'>καὶ</span> <span class='ocrx_word' id='word_1_845' title='bbox 3405 5240 3628 5303; x_wconf 84' lang='grc' dir='ltr'>πολλαῖς</span> <span class='ocrx_word' id='word_1_846' title='bbox 3655 5255 3767 5292; x_wconf 73' lang='grc' dir='ltr'>συνο</span> 
     </span>
    </p>
   </div>
   <div class='ocr_carea' id='block_1_114' title="bbox 2188 5331 3762 5406">
    <p class='ocr_par' dir='ltr' id='par_1_114' title="bbox 2188 5331 3762 5406">
     <span class='ocr_line' id='line_1_115' title="bbox 2188 5331 3762 5406; baseline -0.002 -19"><span class='ocrx_word' id='word_1_847' title='bbox 2188 5336 2446 5406; x_wconf 83' lang='grc' dir='ltr'>εχόμενος</span> <span class='ocrx_word' id='word_1_848' title='bbox 2477 5335 2853 5403; x_wconf 87' lang='grc' dir='ltr'>περιστάσεσι,</span> <span class='ocrx_word' id='word_1_849' title='bbox 2881 5333 3082 5406; x_wconf 88' lang='grc' dir='ltr'>πολλῆς</span> <span class='ocrx_word' id='word_1_850' title='bbox 3108 5334 3264 5405; x_wconf 87' lang='grc' dir='ltr'>γέμω</span> <span class='ocrx_word' id='word_1_851' title='bbox 3284 5335 3383 5403; x_wconf 81' lang='grc' dir='ltr'>τῆς</span> <span class='ocrx_word' id='word_1_852' title='bbox 3408 5331 3762 5404; x_wconf 81' lang='grc' dir='ltr'>εὐφροσύνης,</span> 
     </span>
    </p>
   </div>
   <div class='ocr_carea' id='block_1_115' title="bbox 2187 5420 3762 5498">
    <p class='ocr_par' dir='ltr' id='par_1_115' title="bbox 2187 5420 3762 5498">
     <span class='ocr_line' id='line_1_116' title="bbox 2187 5420 3762 5498; baseline -0.001 -20"><span class='ocrx_word' id='word_1_853' title='bbox 2187 5424 2460 5497; x_wconf 83' lang='grc' dir='ltr'>ἡμετέραν</span> <span class='ocrx_word' id='word_1_854' title='bbox 2505 5425 2699 5496; x_wconf 77' lang='grc' dir='ltr'>ἡδονὴν</span> <span class='ocrx_word' id='word_1_855' title='bbox 2744 5427 2844 5498; x_wconf 79' lang='grc' dir='ltr'>τὴν</span> <span class='ocrx_word' id='word_1_856' title='bbox 2881 5425 2989 5480; x_wconf 87' lang='grc' dir='ltr'>τῶν</span> <span class='ocrx_word' id='word_1_857' title='bbox 3034 5425 3405 5495; x_wconf 82' lang='grc' dir='ltr'>ἀδικουμένων</span> <span class='ocrx_word' id='word_1_858' title='bbox 3449 5420 3762 5496; x_wconf 80' lang='grc' dir='ltr'>συμμαχίαν</span> 
     </span>
    </p>
   </div>
   <div class='ocr_carea' id='block_1_116' title="bbox 2188 5522 2505 5592">
    <p class='ocr_par' dir='ltr' id='par_1_116' title="bbox 2188 5522 2505 5592">
     <span class='ocr_line' id='line_1_117' title="bbox 2188 5522 2505 5592; baseline 0.009 -18"><span class='ocrx_word' id='word_1_859' title='bbox 2188 5522 2320 5592; x_wconf 82' lang='grc' dir='ltr'>ήγού</span> <span class='ocrx_word' id='word_1_860' title='bbox 2328 5537 2505 5592; x_wconf 85' lang='grc' dir='ltr'>μενος.</span> 
     </span>
    </p>
   </div>
   <div class='ocr_carea' id='block_1_117' title="bbox 2250 5660 2871 5718">
    <p class='ocr_par' dir='ltr' id='par_1_117' title="bbox 2250 5660 2871 5718">
     <span class='ocr_line' id='line_1_118' title="bbox 2250 5660 2871 5718; baseline -0.01 -6"><span class='ocrx_word' id='word_1_861' title='bbox 2250 5665 2268 5692; x_wconf 65' lang='grc' dir='ltr'><em>τ</em></span> <span class='ocrx_word' id='word_1_862' title='bbox 2287 5660 2477 5712; x_wconf 78' lang='lat' dir='ltr'>Fabric.</span> <span class='ocrx_word' id='word_1_863' title='bbox 2499 5660 2871 5718; x_wconf 84' lang='grc' dir='ltr'>ἀνακτήσασθαι.</span> 
     </span>
    </p>
   </div>
  </div>
