3950 6380
131 363 225 417 67⁸1

128 476 196 534 ob
220 479 473 531 exortum
505 465 785 524 tumultum
813 467 865 522 in
904 461 1146 522 fraudem
1177 462 1720 535 impellat,_adducat-

135 583 254 639 que,
287 573 346 620 ut
368 561 701 619 Phteuiciam
729 559 1044 629 relinquatis
1076 599 1092 626 ,
1132 571 1199 612 ex
1221 571 1392 626 eaque
1416 553 1678 611 secedatis
1704 571 1718 610 :

133 658 252 728 quin
281 655 481 726 potius,
504 667 611 724 quo
626 649 1170 734 pluresdifﬁeultates
1194 647 1346 704 vobis
1372 647 1717 718 objiciuntur,

133 746 508 818 gravioresque
535 743 725 797 fluctus
749 755 813 796 ac
841 739 1010 810 major
1039 737 1393 810 perturbatio,
1420 751 1486 792 eo
1510 751 1722 808 quoque

133 838 462 898 constantius
512 835 808 900 laboretis,
869 833 1190 900 excubetis,
1243 831 1502 902 majorem
1557 829 1720 884 animi

137 929 605 1003 promptitudinem
635 925 932 982 adhibentis
956 966 972 993 ,
999 933 1059 979 ut
1089 938 1154 978 ne
1185 921 1592 994 praeclarissima
1630 935 1722 976 ve-

135 1038 232 1083 stra
260 1021 587 1081 substructio
615 1030 852 1087 corruat,
881 1033 978 1075 nec
1008 1026 1186 1072 tantus
1206 1023 1384 1071 vester
1417 1014 1570 1070 labor
1609 1012 1723 1068 fru-

135 1129 215 1172 ctu
238 1124 439 1181 careat,
470 1122 824 1184 susceptaque
851 1111 906 1166 in
935 1108 1400 1167 animarumcultu
1434 1123 1596 1179 opera
1622 1107 1719 1163 de-

139 1213 313 1266 leatur.
342 1209 531 1263 Potest
559 1206 701 1262 enim
734 1205 874 1260 Deus
902 1212 958 1259 et
988 1204 1128 1257 hunc
1158 1202 1443 1256 tumultum
1489 1200 1716 1268 sedare,

137 1299 471 1372 etpatientiaa
514 1297 820 1371 mercedem
858 1294 1012 1350 vobis
1049 1293 1318 1349 conferre.
1364 1291 1550 1362 Neque
1576 1291 1719 1346 enim

140 1402 271 1449 tanta
301 1391 455 1447 vobis
482 1404 692 1446 merces
719 1387 1007 1444 constituta
1035 1394 1153 1441 erat
1175 1426 1188 1450 ,
1219 1400 1344 1440 cum
1368 1383 1579 1454 negotia
1604 1385 1722 1440 sine

141 1485 232 1540 ulla
272 1478 590 1539 difﬁcultate
627 1495 692 1535 ac
738 1479 984 1534 molestia
1025 1476 1450 1533 conficiebantur
1476 1517 1492 1542 ,
1523 1482 1722 1545 quanta

144 1591 270 1632 nunc
291 1584 373 1631 est
402 1615 419 1639 ,
451 1589 576 1630 cum
607 1586 798 1642 magna
828 1570 1113 1626 difﬁcultas
1141 1569 1458 1639 proponitur
1488 1610 1504 1637 ,
1533 1569 1721 1638 ingens

143 1666 454 1738 perturbatio
474 1706 490 1732 ,
523 1663 782 1734 multique
811 1661 1135 1718 offendiculo
1164 1670 1308 1717 sunt.
1347 1660 1607 1729 Quocirca
1640 1661 1720 1716 la-

145 1762 310 1814 borem
340 1773 465 1814 eum
493 1799 508 1824 ,
542 1771 702 1827 quem
734 1753 1028 1825 pertulistis
1051 1794 1066 1819 ,
1119 1763 1175 1809 et
1222 1768 1517 1809 :erumnam
1559 1767 1720 1823 quam

144 1848 474 1910 sustinuistis,
497 1855 556 1902 et
581 1861 642 1901 ea
667 1887 682 1907 ,
709 1859 829 1916 quae
855 1843 1110 1914 praeclare
1131 1843 1374 1914 gessistis
1399 1883 1414 1907 ,
1449 1843 1722 1898 vobiscum

146 1950 468 2011 reputantes,
497 1937 737 2008 illudque
770 1937 896 1991 item
923 1976 938 2003 ,
986 1936 1094 1990 Deo
1131 1934 1340 1991 favente
1379 1943 1580 1990 tantam
1611 1936 1720 2005 jam

145 2033 412 2104 impietatis
441 2040 654 2103 partem
684 2045 714 2083 a
740 2028 893 2084 vobis
910 2029 1225 2084 exstinctam
1242 2043 1384 2095 esse,
1405 2029 1725 2084 Phoenicia:-

146 2141 237 2197 que
259 2140 343 2181 res
363 2125 413 2180 in
445 2123 643 2179 melius
674 2121 1020 2193 processisse,
1043 2136 1106 2176 ac
1125 2121 1383 2192 majorem
1410 2136 1554 2177 nunc
1583 2135 1724 2177 nter-

147 2219 310 2274 cedem
347 2215 776 2287 amplioremque
825 2213 1316 2269 remunerationem
1364 2214 1516 2268 vobis
1565 2212 1720 2278 fore,

150 2311 352 2379 denique
375 2307 547 2362 Deum
571 2304 950 2376 impedimenta
965 2318 1174 2375 quoque
1195 2297 1343 2360 brevi
1361 2299 1719 2370 sublaturum,

149 2408 195 2453 et
217 2398 368 2453 multa
396 2396 553 2452 vobis
587 2394 860 2466 patientiae
899 2395 1116 2466 praemia
1144 2393 1540 2464 persoluturum
1563 2409 1685 2450 esse
1703 2435 1719 2462 ,

153 2489 242 2544 ilhc
268 2504 443 2560 quaeso
466 2497 783 2561 permanete
806 2493 964 2557 atque
993 2485 1288 2541 consistite.
1323 2483 1456 2540 Nam
1483 2499 1552 2540 ne
1578 2499 1721 2568 nunc

150 2582 340 2652 quidem
367 2581 519 2637 vobis
547 2579 836 2652 quidquam
866 2577 1055 2636 deesse
1086 2585 1292 2648 potest:
1323 2591 1424 2647 cgo
1449 2575 1591 2632 enim
1617 2617 1634 2642 ,
1665 2583 1725 2632 ut

152 2675 327 2741 omnia,
358 2685 463 2730 tam
494 2674 553 2728 in
584 2670 941 2738 indumentis,
959 2685 1118 2742 quam
1149 2669 1202 2724 in
1236 2668 1638 2736 calceamentis,
1660 2682 1724 2725 ac

153 2766 351 2823 fratrum
377 2766 673 2833 alimentis,
705 2763 893 2820 eadem
920 2779 1024 2835 qua
1051 2763 1198 2834 prius
1223 2764 1376 2834 copia
1406 2771 1460 2818 et
1487 2761 1721 2820 affluen-

154 2861 214 2916 tia
231 2861 372 2916 vobis
397 2858 836 2932 suppeditentur,
868 2857 1146 2928 imperavi.
1176 2856 1330 2924 Quod
1358 2856 1402 2913 si
1431 2872 1529 2913 nos
1553 2897 1570 2925 ,
1600 2871 1722 2913 cum

152 2953 202 3007 in
237 2961 371 3007 tanta
418 2939 729 3008 calamitate
770 2957 930 3020 atque
972 2947 1265 3004 acerbitate
1305 2963 1582 3004 versemur
1607 2988 1623 3015 ,
1663 2961 1728 3004 ac

157 3044 326 3104 Cucusi
348 3046 695 3104 solitudinem
741 3042 1035 3099 incolamus
1063 3082 1079 3110 ,
1119 3048 1320 3096 tantam
1351 3041 1530 3111 operis
1554 3041 1718 3098 vestri

157 3151 312 3194 curam
340 3141 578 3210 gerimus
597 3179 613 3204 ,
663 3135 834 3192 multo
876 3139 1007 3190 “sane
1053 3133 1222 3205 magis
1250 3147 1346 3189 vos
1371 3133 1532 3189 etiam
1557 3174 1572 3200 ,
1601 3148 1724 3189 cum

157 3229 341 3287 abunde
362 3232 513 3288 vobis
544 3230 727 3286 omnia
756 3235 1047 3298 suppetant
1074 3268 1090 3293 ,
1123 3241 1242 3298 qua:
1271 3237 1570 3280 vestrarum
1603 3241 1727 3297 par-

161 3325 270 3379 tium
288 3336 406 3381 sunt
433 3333 694 3394 prmstare
720 3321 988 3378 convenit.
1020 3319 1169 3391 Rogo
1193 3319 1370 3390 igitur,
1389 3334 1455 3374 ne
1484 3319 1604 3390 quis
1629 3333 1725 3376 vos

162 3423 348 3472 terreat.
379 3417 510 3472 Nam
555 3424 610 3471 et
639 3414 850 3484 negotia
890 3412 1171 3467 meliorem
1204 3411 1315 3480 jam
1357 3425 1508 3480 spem
1546 3420 1728 3466 osten-

161 3507 300 3564 dunt:
329 3510 482 3581 idque
510 3509 616 3580 ipsi
644 3523 711 3563 ex
738 3508 1036 3568 literarum,
1068 3520 1188 3574 qua:
1217 3519 1246 3557 a
1273 3504 1724 3560 reverendissimo

161 3600 350 3658 domino
385 3619 504 3659 meo
531 3602 852 3674 presbytero
877 3597 1190 3654 Constantio
1221 3597 1398 3652 missa:
1429 3607 1553 3652 sunt
1581 3639 1595 3661 ,
1630 3615 1726 3654 ex-

128 3679 130 3682 ’
163 3693 330 3763 emplis
358 3694 508 3750 facile
537 3691 867 3763 intelligetis.
903 3692 981 3746 Ac
1007 3690 1051 3744 si
1081 3687 1438 3758 permaneatis
1470 3728 1485 3753 ,
1515 3687 1727 3744 etiamsi

164 3795 383 3842 sexcenta
412 3784 796 3858 impedimenta
818 3781 1150 3845 oboriantur,
1179 3778 1355 3834 omnia
1378 3787 1555 3834 tamen
1583 3778 1731 3834 fran-

165 3879 298 3946 getis.

227 3967 466 4024 Patientia
491 3967 614 4039 rupi
654 3967 834 4023 similis
874 3973 980 4032 est;
1008 3966 1076 4019 ad
1120 3964 1415 4035 patientiam
1452 3962 1685 4016 hortatur
1711 3999 1728 4025 ,

169 4061 479 4130 apostolorum
508 4060 798 4132 exemplum
821 4074 1131 4130 proponens.
1156 4087 1228 4098 —
1251 4055 1391 4111 Nihil
1421 4054 1616 4125 quippe
1637 4065 1732 4128 pa-

171 4155 377 4210 tientiam
419 4171 481 4213 ac
539 4155 876 4211 tolerantiam
923 4167 1138 4224 aequare
1189 4158 1401 4222 potest:
1429 4149 1547 4218 rupi
1588 4146 1732 4202 enim

170 4246 335 4302 similis
355 4257 464 4304 est:
495 4258 687 4305 contra
718 4256 896 4301 motus
953 4246 989 4299 ii
1037 4257 1227 4299 omnes
1266 4257 1452 4312 eaeque
1478 4239 1686 4294 insidire
1715 4277 1730 4304 ,

173 4351 270 4406 qua:
292 4341 538 4396 adversus
571 4340 867 4395 Ecclesiam
895 4345 1191 4403 struuntur,
1218 4334 1465 4390 ﬂuctibus
1494 4347 1602 4387 non
1625 4329 1737 4385 dis-

173 4427 348 4483 similes
372 4439 497 4486 sunt
529 4473 544 4496 ,
594 4431 683 4500 qui
715 4429 833 4498 rupi
865 4426 1144 4481 illiduntur
1173 4467 1187 4489 ,
1221 4434 1380 4494 atque
1411 4423 1462 4477 in
1491 4433 1734 4491 spumam

174 4529 301 4571 suam
325 4519 541 4576 abeunt.
570 4519 628 4574 lu
676 4529 912 4574 mentem
956 4516 1110 4572 vobis
1137 4515 1336 4579 veniat,
1364 4523 1562 4584 quanta
1601 4524 1735 4580 apo-

175 4608 276 4662 stoli
304 4619 406 4666 tum
437 4627 468 4666 a
497 4611 608 4667 suis
633 4651 649 4678 ,
695 4622 806 4666 tum
837 4609 904 4665 ab
949 4608 1148 4664 exteris
1189 4605 1558 4676 pertulerunt:
1584 4611 1639 4658 et
1681 4609 1738 4656 ut

177 4710 315 4756 omne
340 4702 732 4772 praedicationis
760 4711 971 4770 tempus
994 4714 1089 4769 per
1112 4696 1458 4760 tentationes,
1479 4708 1574 4763 per
1601 4691 1743 4764 peri-

178 4790 297 4855 οιιιει,
328 4809 418 4863 per
439 4794 659 4850 insidias
679 4792 1039 4857 confecerint,
1069 4804 1212 4844 nunc
1230 4801 1447 4844 carcere
1470 4793 1524 4841 et
1553 4785 1740 4838 vincu-

179 4877 249 4944 lis,
277 4899 410 4938 nunc
431 4885 657 4952 exsiliis,
690 4899 833 4939 nunc
854 4879 1058 4952 ﬂagris,
1084 4895 1225 4935 nunc
1261 4878 1405 4933 fame
1429 4885 1484 4930 et
1505 4875 1744 4930 nuditate

178 4976 471 5044 consumpti.
507 4975 574 5029 Et
601 4985 800 5041 tamen,
825 4973 982 5028 etiam
1010 4987 1132 5027 eum
1155 4972 1206 5026 in
1224 4983 1444 5026 carcere
1464 4966 1741 5038 degerent,

182 5076 204 5112 a
244 5081 456 5123 munere
506 5069 608 5124 sibi
655 5067 945 5124 commisso
996 5080 1102 5120 non
1149 5063 1478 5120 absistebant
1511 5079 1524 5115 :
1558 5073 1742 5115 verum

185 5149 347 5211 beatus
375 5158 570 5213 Paulus
603 5200 618 5226 ,
664 5160 824 5215 etiam
855 5171 974 5213 cum
1027 5156 1080 5210 in
1117 5155 1330 5210 vincula
1373 5155 1652 5222 conjectus
1681 5164 1746 5205 ac

184 5240 344 5313 ﬂagris
368 5249 614 5304 concisus
637 5258 782 5306 esset
806 5290 822 5315 ,
868 5257 924 5303 et
949 5261 1144 5302 cruore
1171 5244 1438 5300 difflueret
1470 5283 1488 5309 ,
1516 5251 1570 5297 et
1601 5242 1747 5311 ligno

183 5334 406 5406 alligatus
435 5349 757 5407 esset,ettot
783 5341 936 5396 malis
959 5345 1315 5410 premeretur,
1348 5346 1523 5390 tamen
1556 5335 1608 5389 in
1632 5333 1747 5403 ipso

184 5438 379 5497 quoque
418 5444 632 5488 carcere
659 5432 910 5488 antistitis
940 5430 1078 5486 sacri
1123 5443 1348 5485 munere
1384 5426 1705 5498 fungebatur
1732 5464 1746 5492 ,

187 5523 234 5570 et
253 5521 481 5577 carceris
509 5523 783 5581 custodem
812 5521 1158 5595 baptizabat,
1185 5533 1357 5591 eaque
1377 5518 1556 5574 omnia
1586 5557 1602 5582 ,
1629 5531 1750 5587 quae

1576 349 1950 408 EPISTOLIE.
1971 383 1974 386 ι

3319 365 3425 419 878

1827 466 1907 520 sui
1939 465 2180 520 muneris
2203 473 2358 522 erant
2384 467 2797 539 exsequebatur.
2828 469 2955 528 Hmc
2991 472 3151 544 igitur
3193 481 3373 536 omnia
3403 523 3419 546 ,

1824 557 2033 628 aliaque
2062 557 2113 612 id
2135 573 2302 628 genus
2333 559 2514 615 animo
2535 561 2835 630 volventes,
2854 573 2915 619 ut
2938 581 3033 621 vos
3046 566 3156 637 jam
3172 567 3418 625 hortatus

1824 664 1965 718 sum,
1998 651 2135 705 firmi
2165 661 2327 723 atque
2347 653 2649 710 immobiles
2695 664 2835 721 state
2855 700 2869 723 ,
2901 667 2954 714 et
2979 675 3008 714 a
3040 660 3434 720 fraudibusca-

1825 753 1966 807 vete,
1999 743 2096 797 Dei
2121 758 2276 813 opem
2302 753 2464 814 atque
2490 747 2767 815 auxilium,
2787 750 2871 804 cui
2894 750 3026 806 nihil
3056 768 3152 822 par
3172 769 3292 810 esse
3325 771 3429 825 po-

1826 842 1930 890 test
1961 875 1976 900 ,
2015 843 2425 904 exspectantes:
2453 851 2516 892 ac
2541 837 2608 892 de
2635 840 2888 895 omnibus
2911 841 2994 898 his
3024 843 3187 900 rebus
3211 887 3226 912 ,
3260 856 3316 902 ut
3336 865 3414 902 reo

1824 941 2081 997 sponsum
2109 942 2139 982 a
2169 928 2319 984 vobis
2344 929 2601 996 feramus,
2624 941 2827 987 curate.
2866 932 2975 989 llac
2999 936 3141 990 enim
3163 936 3230 992 de
3256 953 3418 995 causa

1824 1022 1986 1076 etiam
2035 1021 2294 1078 Joannem
2343 1023 2803 1094 religiosissimum
2845 1029 3217 1100 presbyterum
3271 1034 3415 1089 misi-

1823 1129 1964 1179 mus,
1995 1122 2051 1168 ut
2075 1129 2170 1169 vos
2195 1113 2510 1171 cohortetur
2539 1158 2554 1184 ,
2589 1133 2688 1174 nec
2714 1134 2809 1174 vos
2837 1135 2869 1174 a
2897 1136 3163 1193 quoquam
3198 1134 3414 1195 pertur-

1821 1206 1938 1262 bari
1968 1205 2129 1261 sinat.
2162 1206 2418 1277 Equidem
2467 1208 2580 1278 ipse
2603 1249 2618 1273 ,
2673 1210 2814 1280 quod
2860 1212 2965 1268 mei
2996 1215 3233 1271 muneris
3261 1225 3377 1272 erat
3411 1258 3424 1284 ,

1825 1300 2068 1370 praestiti,
2106 1309 2215 1355 tum
2245 1315 2340 1356 vos
2363 1302 2703 1357 sermonibus
2733 1304 3024 1362 cohortaus
3056 1348 3070 1372 ,
3099 1317 3209 1363 tum
3240 1312 3420 1366 consi-

1824 1390 1911 1446 liis
1933 1391 2163 1462 erigens,
2190 1401 2300 1446 tum
2338 1408 2401 1448 ca
2425 1409 2546 1464 quae
2568 1408 2703 1463 Opus
2730 1406 2885 1450 erant
2915 1399 3121 1467 prolixe
3152 1401 3417 1456 submini-

1823 1493 2025 1554 strans,
2063 1500 2172 1556 quo
2211 1486 2343 1542 nihil
2371 1487 2589 1543 omnino
2617 1488 2769 1544 vobis
2813 1488 3044 1547 deesset.
3075 1493 3227 1560 Quod
3258 1496 3303 1550 si
3333 1505 3420 1552 me

1825 1576 2068 1648 perferre
2096 1578 2315 1634 minime
2336 1579 2632 1646 volueritis,
2665 1597 2848 1636 verum
2881 1583 2948 1638 iis
2979 1586 3173 1653 potius,
3204 1587 3292 1656 qui
3324 1603 3421 1642 vos

1825 1670 2096 1740 decipiunt
2119 1686 2181 1726 ac
2210 1673 2354 1727 velut
2380 1687 2584 1742 pennas
2605 1676 2756 1730 vobis
2783 1676 3006 1746 addunt,
3030 1679 3186 1735 fidem
3217 1681 3420 1737 habea«

1825 1762 1915 1827 tis,
1945 1771 2092 1818 extra
2119 1763 2327 1833 culpam
2359 1765 2472 1835 ipse
2500 1779 2643 1819 sum.
2665 1765 2828 1820 Scitis
2856 1776 3054 1834 autem,
3073 1771 3123 1824 in
3153 1773 3304 1840 cujus
3326 1788 3420 1826 ca-

1828 1864 1924 1925 put
1952 1855 2069 1911 haec
2093 1856 2470 1911 condemnatio
2515 1866 2674 1928 atque
2713 1858 2922 1928 jactura
2952 1862 3126 1918 cadat.
3154 1862 3232 1918 Nc
3261 1865 3423 1933 igitur

1825 1949 2114 2020 quidquam
2137 1948 2440 2020 hujusmodi
2466 1951 2758 2021 contingat,
2781 1967 2879 2007 vos
2898 1953 3057 2009 etiam
3079 1963 3244 2026 atque
3258 1956 3419 2011 etiam

1828 2053 1962 2108 rogo
1992 2080 2008 2105 ,
2032 2047 2090 2093 ut
2116 2054 2204 2094 me
2231 2079 2248 2104 ,
2281 2040 2371 2110 qui
2405 2053 2498 2094 vos
2529 2041 2769 2111 impense
2816 2057 2939 2098 amo
2967 2083 2984 2108 ,
3007 2045 3314 2113 perforatis.
3345 2048 3422 2103 De

1828 2131 1992 2187 rebus
2018 2131 2168 2185 vobis
2198 2133 2518 2186 necessariis
2546 2133 2629 2188 vel
2659 2134 2726 2188 ad
2765 2150 2863 2190 nos
2901 2136 3119 2193 scribite
3149 2179 3166 2205 ,
3215 2139 3300 2194 vel
3329 2182 3344 2207 ,
3373 2143 3421 2195 si

1829 2223 1901 2278 ita
1924 2223 2072 2278 lubet
2096 2265 2111 2289 ,
2136 2223 2408 2278 hominem
2434 2225 2662 2282 mittite:
2694 2242 2792 2284 nec
2820 2229 2972 2284 vobis
2991 2231 3282 2302 quidquam
3313 2248 3423 2288 ont-

1830 2315 1960 2369 nino
1988 2312 2300 2370 defuturum
2330 2325 2434 2371 cst.

1900 2426 2156 2485 CXXIV.
2201 2427 2444 2484 Gemetlo.
2482 2429 2716 2502 (Cucuso
2752 2447 2894 2488 anno
2933 2434 3039 2490 404
3070 2435 3157 2491 vel
3195 2437 3348 2509 405.)

1901 2540 2008 2596 Alii
2038 2540 2254 2610 quidem
2293 2541 2363 2597 ob
2393 2541 2762 2612 magistratum
2789 2544 2880 2600 tibi
2917 2547 3255 2616 gratulantur
3282 2565 3296 2602 :
3326 2562 3427 2620 ego

1829 2643 2008 2690 autem
2037 2635 2157 2691 urbi
2196 2649 2260 2690 ac
2297 2635 2413 2704 tibi,
2444 2652 2551 2691 non
2581 2637 2650 2694 ob
2680 2637 2821 2694 hunc
2865 2639 3148 2708 honorem,
3177 2656 3284 2711 quo
3327 2657 3426 2695 au-

1828 2734 1948 2782 ctus
1975 2741 2033 2782 es
2063 2725 2368 2796 (sublimior
2393 2729 2536 2782 enim
2568 2727 2653 2782 his
2680 2730 2842 2784 rebus
2875 2745 2995 2785 esse
3022 2731 3301 2801 didiciSIi),
3329 2733 3427 2790 sed

1831 2817 1974 2890 quod
2001 2818 2341 2873 occasionem
2370 2827 2560 2875 nactus
2602 2819 2694 2884 sis,
2729 2835 2830 2889 qua
2861 2821 3158 2890 prudentize
3197 2838 3260 2877 ac
3291 2823 3427 2877 leni-

1834 2912 1958 2966 tatis
2001 2917 2106 2966 tuae
2151 2909 2430 2980 ‘speeimen
2467 2911 2875 2982 quamplurimis
2919 2909 3226 2968 hominibus
3271 2913 3423 2970 facile

1834 3003 2093 3074 praebeas,
2149 3003 2489 3074 lucrumque,
2542 3003 2686 3074 quod
2740 3003 2866 3060 hinc
2917 3007 3109 3073 oritur,
3167 3007 3416 3076 colligere

1832 3110 2021 3167 queas.
2065 3093 2250 3165 Neque
2279 3095 2424 3150 enim
2455 3095 2586 3150 mihi
2627 3096 2848 3151 dubium
2887 3107 2989 3163 est,
3040 3098 3168 3168 quin
3199 3114 3290 3154 eos
3331 3099 3424 3169 qui

1833 3199 1994 3247 terrae
2019 3189 2243 3245 nimium
2272 3188 2417 3244 affixi
2448 3199 2591 3256 sunt,
2625 3200 2788 3261 atque
2831 3191 2914 3246 his
2955 3193 3200 3260 somniis,
3234 3193 3285 3247 id
3323 3201 3427 3261 est,

1836 3281 2083 3336 humana:
2111 3279 2314 3351 glorize,
2344 3280 2576 3347 inhiant,
2611 3279 2714 3337 hoc
2754 3281 2980 3338 edoccre
3012 3284 3206 3353 possis,
3236 3293 3432 3353 praeto-

1833 3389 1949 3429 rem
1979 3389 2083 3430 non
2117 3373 2171 3428 in
2197 3381 2348 3430 veste
2393 3389 2456 3429 ac
2487 3374 2724 3446 cingulo,
2779 3391 2880 3431 nec
2929 3376 2979 3430 in
3013 3378 3283 3446 prteconis
3301 3393 3432 3434 voce

1834 3467 1995 3523 situm
2026 3481 2144 3522 esse
2164 3483 2179 3532 ;
2203 3482 2391 3522 verum
2425 3467 2479 3522 in
2504 3467 2606 3523 hoc
2634 3468 2871 3536 demum,
2898 3477 2955 3522 ut
2975 3469 3432 3538 quzelabefacmta

1835 3567 1959 3614 sunt
1986 3558 2037 3613 in
2085 3559 2349 3628 integrum
2398 3560 2663 3625 restituat,
2705 3569 2759 3614 ct
2788 3575 2904 3630 qua:
2937 3562 3081 3615 malo
3123 3569 3263 3616 statu
3308 3573 3433 3619 sunt

1836 3652 2094 3722 corrigat,
2118 3660 2278 3721 atque
2303 3652 2616 3722 injustitiam
2641 3662 2909 3718 coerceat,
2928 3653 3126 3722 nccjus
3151 3656 3218 3709 ab
3243 3656 3433 3724 opibus

1835 3751 1891 3798 et
1918 3743 2150 3813 potentia
2176 3743 2405 3813 Opprimi
2439 3743 2688 3814 patiatur.
2718 3743 2844 3798 Mihi
2876 3746 3017 3799 enim
3047 3746 3320 3814 explorata
3348 3755 3432 3802 est

1835 3837 2000 3891 animi
2034 3837 2107 3892 tui
2152 3836 2363 3903 fiducia,
2397 3837 2647 3908 loquendi
2681 3839 2920 3905 libertas,
2954 3841 3147 3894 mentis
3177 3841 3429 3895 sublimi-

1838 3935 1940 3994 tas,
1963 3943 2139 3982 rerum
2157 3927 2312 3996 hujus
2328 3928 2448 3982 vita:
2467 3930 2819 3999 contemptio,
2839 3930 3203 3999 improborum
3227 3931 3432 4004 odium,

1839 4018 2064 4086 lenitas,
2120 4019 2454 4085 humanitas,
2502 4035 2604 4089 qua
2650 4020 2986 4090 potissimum
3044 4023 3120 4087 is,
3179 4023 3267 4092 qui
3316 4023 3435 4078 aliis

1839 4117 2055 4180 prmcst,
2084 4123 2218 4178 opus
2261 4109 2440 4164 habet.
2473 4113 2549 4165 Ae
2579 4111 2802 4180 proinde
2841 4111 2972 4166 illud
3004 4113 3171 4182 probe
3209 4115 3352 4178 novi,
3383 4125 3435 4169 te

1841 4203 1992 4256 facile
2023 4201 2133 4257 fore
2165 4200 2542 4271 naufragorum
2585 4215 2816 4270 portum,
2852 4202 3096 4256 baculum
3140 4205 3432 4270 ruentium,

1844 4293 2030 4348 turrim
2062 4308 2249 4348 eorum
2293 4294 2382 4363 qui
2411 4309 2505 4364 per
2555 4293 2798 4364 injuriam
2845 4310 2875 4348 a
2923 4296 3227 4365 potentibus
3257 4298 3438 4368 oppri-

1843 4394 2082 4441 muntur.
2131 4385 2246 4439 Non
2283 4387 2424 4440 enim
2470 4385 2640 4452 labor,
2692 4401 2800 4440 non
2854 4388 3034 4452 sudor,
3075 4403 3179 4442 non
3222 4389 3437 4458 longum

1847 4486 2054 4547 tempus
2081 4476 2147 4532 ad
2175 4477 2291 4532 haec
2325 4475 2650 4547 perﬁcienda
2682 4479 2972 4548 requiritur
3003 4496 3016 4533 :
3045 4495 3228 4533 verum
3254 4495 3438 4549 quem-

1845 4569 2133 4624 admodum
2187 4569 2288 4636 sol,
2320 4569 2479 4622 simul
2520 4579 2680 4638 atque
2713 4568 2875 4632 lucet,
2931 4570 3110 4623 statim
3157 4570 3438 4639 caliginem

1847 4676 2061 4718 onmem
2092 4658 2237 4730 fugat
2261 4677 2274 4713 :
2304 4660 2382 4713 sic
2411 4659 2569 4712 etiam
2596 4667 2667 4724 te,
2702 4659 3038 4728 simulatque
3067 4658 3118 4712 in
3147 4660 3281 4713 solio
3308 4669 3442 4714 con-

1849 4761 2063 4822 Spectus
2096 4765 2176 4817 es,
2203 4751 2376 4820 primo
2414 4749 2575 4804 etiam
2603 4749 2710 4816 die,
2755 4759 2866 4803 tum
2922 4764 3016 4804 eos
3056 4750 3145 4820 qui
3193 4749 3440 4820 iujuriam

1849 4845 1970 4900 aliis
2000 4842 2197 4898 inferre
2240 4843 2593 4908 conabantur,
2623 4842 2965 4912 repressisse,
2990 4850 3101 4895 tum
3131 4857 3225 4897 eos
3252 4843 3446 4914 quibus

1851 4936 2044 5007 injuria
2077 4935 2256 5001 fiebat,
2287 4933 2447 4989 etiam
2479 4943 2761 5004 antequam
2785 4933 2851 4987 ad
2883 4933 3110 4988 tribunal
3133 4934 3444 5003 accederes,

1852 5029 1996 5084 omni
2023 5029 2304 5083 vexatione
2335 5027 2595 5084 liberasse
2623 5026 2857 5092 conﬁdo,
2885 5037 3045 5098 atque
3074 5029 3140 5082 ad
3174 5028 3290 5083 lucc
3321 5046 3446 5099 per-

1855 5119 2078 5176 ficienda
2106 5119 2237 5174 satis
2263 5129 2347 5174 cst
2371 5135 2433 5174 ea
2467 5119 2650 5188 Opinio
2680 5133 2839 5187 quam
2871 5119 3118 5175 homines
3143 5119 3209 5175 de
3236 5129 3324 5176 tua
3355 5137 3447 5176 sa-
3490 5122 3500 5132 '

1857 5213 2055 5285 pientia
2086 5212 2377 5268 habebant.
2411 5211 2538 5267 Ideo
2584 5212 2684 5267 etsi
2719 5212 2770 5265 in
2816 5212 3108 5268 solitudine
3135 5213 3355 5283 degens,
3386 5228 3451 5268 ac

1856 5308 2037 5363 multis
2083 5306 2439 5362 incommodis
2487 5305 2730 5370 affectus,
2788 5306 2986 5376 ingenti
3037 5315 3213 5361 tamen
3264 5307 3447 5360 laetitia

1857 5399 2168 5471 perfundor,
2199 5398 2450 5453 nimirum
2476 5413 2544 5452 ex
2569 5412 2653 5464 ea,
2685 5412 2844 5469 quam
2877 5397 2940 5452 iis
2961 5398 3047 5468 qui
3074 5398 3339 5453 laeduntur
3363 5396 3450 5449 af-

1858 5491 1964 5547 fers
1992 5505 2116 5561 ope,
2146 5490 2416 5562 propriam
2447 5488 2579 5545 mihi
2607 5489 2936 5560 voluptatem
2969 5487 3193 5560 ﬁngens.

1229 5675 2387 5756 www.m—
