3950 6388
557 340 660 399 619
1250 333 1305 388 S.
1343 331 1624 389 JOANNIS
1663 323 2517 385 CllRYSOSTOMI-ARCIIIEP.
2559 319 3107 378 CONSTANTINOP.
3676 325 3758 381 ωυ

2833 521 2928 528 -ν--η

2933 518 3352 531 ..ἠ-ν

969 528 1268 542 η---

1269 523 2724 536 ___.__________________-
2756 523 2802 542 3,
2833 523 3100 530 ____._

3101 535 3214 544 ..--

956 849 1034 908 IN
1065 845 1490 909 EPISTO‘LAM
1529 841 1986 917 SEQUENTEM
2025 841 2127 903 AD
2169 840 2552 904 CYBIACUM
2596 839 3022 903 EPISCOPUM
3059 840 3414 902 EXSULEM

1879 1063 2494 1159 MONITUM.

627 1385 688 1438 ln
715 1381 877 1452 hujus
903 1377 1148 1450 epistolae
1183 1374 1555 1432 sinceritatem
1586 1371 1918 1444 quaestiones
1952 1379 2242 1425 moverunt
2293 1369 2399 1424 duo
2439 1367 2598 1440 Anin
2645 1368 2704 1424 in
2751 1369 3008 1427 Editiene
3054 1369 3354 1428 Saviliana.
3393 1371 3452 1428 lu
3492 1377 3632 1431 netis
3655 1380 3773 1432 enim

559 1497 616 1551 p.
647 1480 753 1534 856
793 1479 909 1533 hate
939 1476 1102 1530 habet
1137 1472 1412 1562 Halesius,
1437 1471 1511 1525 ab
1542 1468 1775 1524 Henrico
1818 1467 2026 1524 Savilio
2060 1468 2256 1522 allatus
2283 1485 2298 1520 :
2340 1485 2358 1518 ι
2391 1465 2516 1520 Haec
2548 1465 2618 1520 ad
2649 1465 2938 1538 Cyriacum
2972 1469 3200 1539 epistola
3231 1486 3453 1540 semper
3490 1474 3618 1526 mihi
3643 1476 3776 1528 vehe-

563 1582 774 1630 menter
791 1580 850 1625 ut
879 1567 1226 1639 suppesititia
1261 1557 1344 1620 est
1367 1571 1640 1634 suspecta.
1674 1560 1859 1616 Primo
1881 1559 2030 1614 enim
2061 1557 2410 1629 epistolarem
2442 1557 2597 1612 illum
2635 1558 3028 1626 characterem,
3063 1562 3156 1630 qui
3202 1563 3256 1616 in
3297 1564 3549 1633 reliquis,
3591 1567 3776 1619 ent-nino

563 1684 673 1723 non
697 1667 872 1720 video.
910 1662 1115 1718 Deinde
1141 1660 1470 1730 premium
1503 1657 1646 1713 idem
1679 1657 1793 1712 fene
1834 1655 2000 1710 habet
2035 1669 2160 1710 cum
2193 1655 2422 1725 epistola
2455 1655 2635 1726 prima
2679 1655 2750 1710 ad
2790 1654 3184 1728 Olympiadem,
3225 1660 3532 1730 quinetiam
3579 1663 3778 1732 integrat

563 1762 864 1817 sententias
897 1774 960 1812 ex
992 1756 1115 1811 aliis
1144 1751 1526 1825 Cbrysestemi
1568 1750 1829 1821 operibus
1868 1750 2173 1818 decerpta‘s,
2223 1763 2346 1816 qua:
2380 1748 2637 1802 videntur
2672 1748 3002 1804 imitatorem
3039 1751 3276 1822 aliquem
3319 1767 3514 1824 sapere
3543 1774 3559 1810 :
3585 1766 3634 1811 et
3665 1761 3777 1814 alio.

559 1855 690 1924 quin
715 1861 883 1918 certe,
916 1851 1023 1906 nisi
1049 1850 1140 1905 ubi
1165 1848 1597 1918 Chrysestomus
1625 1845 1787 1916 plane
1813 1843 2161 1915 cempilatur,
2190 1843 2365 1914 stylus
2394 1842 2850 1914 Chrysestemum
2879 1860 2991 1900 non
3019 1845 3206 1901 refert.
3239 1846 3548 1914 Quinetiam
3566 1855 3778 1922 quaedam

562 1958 694 2004 sunt
715 1962 750 2001 a
779 1944 1010 2000 Joannis
1033 1941 1207 1999 nostri
1244 1940 1491 1996 moribus
1519 1945 1574 1992 et
1609 1938 1828 2008 ingenio
1858 1937 2053 1991 aliena.
2081 1934 2219 1990 Nam
2259 1937 2404 2006 quod
2428 1935 2497 1990 ad
2533 1937 2787 1991 adulterii
2809 1925 3019 1993 crimen
3049 1941 3350 2009 respondet
3381 1943 3676 1999 amcam:
3702 1965 3780 2016 μου

561 2041 625 2095 τὺ
657 2039 840 2109 σῶμα,
862 2049 971 2094 etc.
1000 2046 1055 2092 et
1077 2035 1358 2107 popularis
1383 2034 1536 2090 vocis
1562 2030 2015 2087 commemoratio
2049 2047 2121 2084 συε

2221 2046 2344 2101 ερεν
2369 2031 2456 2085 ἵνα
2480 2033 2509 2085 ὀ
2539 2032 2693 2102 ἥλιος
2727 2031 3033 2086 συνέστειλε
3065 2033 3166 2097 τὰς
3195 2035 3423 2100 ἀκτῖνας
3453 2037 3630 2103 αὐτοῦ,
3661 2037 3689 2108 ἦ
3713 2041 3781 2092 ἵνα

561 2135 624 2188 τὸ
645 2132 820 2204 στόμα
857 2130 1106 2185 Ἰωάννου
1135 2126 1414 2198 ἐσιώπησε
1453 2144 1466 2180 :
1501 2124 1759 2195 quodque
1793 2124 1848 2178 in
1888 2122 2118 2178 Arsaciu

2220 2123 2398 2192 paulo,
2435 2137 2600 2194 quam
2641 2140 2740 2194 par
2779 2136 2885 2191 est,
2925 2127 3178 2182 acerbius
3218 2115 3539 2184 invehitur:
3571 2131 3692 2197 ha'c,
3719 2133 3780 2188 in-

560 2243 753 2300 quam,
787 2225 1011 2280 omnino
1038 2237 1144 2278 non
1168 2223 1403 2293 placent.
1436 2220 1680 2276 Primum
1704 2218 1849 2274 enim
1879 2217 2082 2272 habent
2104 2217 2308 2286 aliquid
2337 2220 2390 2272 in
2422 2233 2481 2273 se
2515 2219 2792 2288 turpiculi,
2833 2220 3130 2274 secundum
3162 2221 3462 2292 jactantiae,
3486 2235 3778 2294 postremum

565 2322 856 2380 stomachi.
892 2322 1072 2390 Atque
1115 2328 1262 2374 certe
1303 2317 1500 2372 horum
1540 2315 1792 2370 ultimum
1833 2313 2042 2368 dudum
2077 2327 2108 2366 a
2143 2311 2344 2369 Photie
2390 2314 2736 2370 observatum
2779 2314 3025 2377 memini,
3067 2316 3154 2370 cui
3189 2326 3246 2371 et
3283 2319 3550 2374 medelam
3591 2328 3781 2374 conatur

565 2417 845 2482 adhibere,
873 2417 968 2471 sed
1002 2429 1114 2470 non
1136 2415 1269 2470 satis
1296 2414 1490 2468 dextro
1524 2409 1862 2480 Esculapie.
1894 2409 2180 2465 Postremo
2208 2411 2352 2480 quod
2393 2410 2469 2464 ait
2499 2409 2607 2464 ἀπὸ
2638 2410 2748 2464 τῶν
2771 2409 3122 2477 Κουκουσῶν,
3169 2428 3448 2483 nusquam
3476 2413 3659 2469 Noster
3691 2414 3771 2468 hoc

568 2522 800 2564 numero
837 2507 1100 2576 loquitur,
1126 2499 1218 2560 sed
1248 2519 1467 2572 semper
1497 2502 1551 2556 in
1573 2502 1855 2572 singulari.
1892 2501 2068 2571 Atque
2100 2501 2217 2556 haec
2259 2499 2373 2556 fere
2413 2509 2561 2568 sunt,
2597 2516 2719 2572 quae
2745 2501 2797 2556 in
2827 2501 2932 2557 hac
2957 2501 3191 2573 epistola
3215 2503 3530 2570 observavi,
3555 2505 3779 2577 integrum

568 2601 637 2658 de
665 2616 725 2656 re
758 2610 870 2654 tota
899 2597 1170 2668 judicium
1210 2595 1429 2650 erudito
1457 2592 1782 2664 permittens
1809 2591 2020 2646 lectori.
2057 2609 2077 2644 ι

639 2694 696 2748 In
724 2694 917 2749 iisdem
948 2693 1093 2746 netis
1132 2689 1423 2745 Savilianis
1452 2705 1506 2759 p.
1543 2687 1647 2742 888
1676 2685 1916 2742 Joannes
1945 2685 2160 2742 Beisius
2202 2685 2287 2741 his
2316 2685 2635 2756 respondet,
2675 2695 2735 2741 et
2772 2701 2882 2742 una
2919 2694 3142 2757 excepta
3195 2689 3326 2761 styli
3368 2689 3780 2753 dissimilitudine,

569 2799 766 2847 caetera
806 2789 958 2862 [666]
1014 2789 1200 2843 omnia
1240 2794 1558 2857 argumenta
1595 2783 1791 2839 refellit
1834 2802 1848 2837 :
1895 2781 2039 2839 hanc
2081 2763 2262 2838 autem
2303 2793 2490 2838 notam
2535 2783 2748 2852 putavit
2796 2781 3184 2841 Tillementius
3225 2799 3354 2842 esse
3401 2785 3606 2852 Savilii,
3657 2785 3783 2854 cujus

568 2893 718 2939 certe
753 2883 926 2954 major
959 2891 1103 2938 esset
1135 2880 1467 2948 auctoritas;
1514 2877 1609 2934 sed
1643 2885 1730 2934 est
1772 2873 1998 2932 Joannis
2043 2874 2234 2942 Boisii,
2269 2885 2333 2932 ut
2368 2875 2572 2931 ibidem
2609 2876 2667 2930 in
2709 2890 2929 2931 summe
2975 2878 3221 2948 margine
3264 2879 3460 2938 videas
3489 2899 3504 2937 :
3532 2881 3606 2938 sic
3638 2888 3782 2934 autem

568 2974 815 3047 loquitur
851 2993 866 3028 :

645 3086 666 3121 ι
693 3068 774 3122 Ex
809 3067 1067 3122 omnibus
1103 3065 1211 3121 illis
1247 3063 1572 3129 rationibus,
1603 3075 1724 3132 quae
1763 3070 1954 3116 contra
1993 3059 2240 3130 epistolae
2285 3057 2445 3116 istius
2491 3059 2878 3116 auctoritatem
2923 3059 3245 3129 afferuntur,
3291 3063 3447 3120 nulla
3489 3062 3616 3119 mihi
3648 3059 3782 3131 magis

570 3159 771 3230 placet,
797 3173 961 3228 quam
988 3171 1109 3227 quae
1138 3172 1168 3211 a
1195 3156 1322 3226 styli
1371 3153 1816 3210 dissimilitudine
1842 3151 2087 3208 ducitur.
2120 3150 2245 3207 Haec
2269 3152 2418 3208 enim
2446 3162 2576 3208 nota
2605 3166 2731 3208 raro
2753 3153 2912 3221 fallit,
2950 3169 3074 3210 cum
3101 3155 3337 3227 reliqua,
3373 3173 3497 3230 quae
3534 3155 3781 3217 adduntur,

572 3266 683 3306 non
711 3250 846 3304 adeo
872 3249 981 3304 sint
1022 3247 1324 3303 infallibilis
1358 3247 1722 3312 certitudinis,
1749 3255 1814 3301 ut
1843 3254 2125 3316 propterea
2156 3245 2470 3301 necessarie
2512 3245 2583 3301 sit
2612 3247 2840 3316 epistola
2889 3247 2977 3302 illa
3008 3244 3408 3320 Cbrysestemo
3443 3248 3776 3321 abjudicanda.

571 3343 896 3399 Communia
931 3341 1095 3395 habet
1131 3340 1300 3394 multa
1347 3335 1591 3409 epistola:
1633 3339 1796 3406 hujus
1837 3336 2123 3392 exordium
2159 3350 2285 3393 cum
2338 3338 2515 3408 prima
2562 3339 2626 3392 ad
2671 3337 3074 3410 Olympiadem.
3119 3340 3338 3395 Fateor.
3396 3341 3500 3398 Sed
3551 3358 3647 3398 non
3690 3340 3781 3394 ideo

572 3433 757 3489 statim
805 3433 1136 3503 negandum,
1176 3445 1297 3486 esse
1345 3446 1464 3485 eam
1514 3429 1913 3500 Chrysestemi.
1950 3427 2176 3494 Quoties
2221 3428 2366 3482 enim
2398 3429 2588 3483 eadem
2632 3429 3059 3501 Chrysestomus
3101 3431 3319 3502 repetit,
3371 3434 3532 3505 idque
3579 3430 3780 3504 ἀπαραλ-

570 3528 786 3590 λάκτως
822 3525 934 3580 fere
974 3533 1088 3578 tum
1115 3523 1169 3578 in
1200 3523 1466 3592 epistolis,
1509 3530 1625 3576 tum
1656 3521 1709 3574 in
1752 3519 2034 3576 hemiliis?
2083 3518 2216 3586 Quae
2251 3519 2418 3573 semel
2449 3519 2594 3574 enim
2624 3520 2763 3576 bene
2792 3521 2939 3577 dicta
2971 3530 3120 3586 sunt,
3160 3537 3223 3578 ea
3269 3515 3434 3580 ali'ter
3463 3526 3634 3580 dicere
3659 3522 3780 3586 velle,

573 3620 678 3674 nisi
712 3633 877 3674 causa
916 3616 1097 3685 aliqua
1126 3614 1328 3684 justior
1360 3613 1655 3684 impulerit,
1686 3627 1796 3666 non
1835 3608 1952 3666 tam'
1982 3611 2170 3666 diserti
2206 3621 2305 3673 est,
2341 3625 2505 3680 quam
2545 3612 2746 3668 curiosi
2799 3622 2854 3668 et
2901 3613 3116 3683 copiam
3177 3618 3523 3672 ostentantis.
3573 3616 3676 3670 Non
3715 3628 3782 3668 re—

567 3711 927 3784 prehenditur
975 3707 1139 3778 igitur
1182 3704 1474 3770 Homerus,
1521 3704 1670 3774 quod
1717 3720 1746 3759 a
1789 3704 1969 3773 seipse
2008 3702 2331 3772 saepiuscule
2368 3711 2671 3768 mutuatur,
2725 3713 2780 3760 et
2811 3705 2877 3761 de
2911 3705 3102 3761 iisdem
3147 3708 3600 3766 eademsubinde
3636 3707 3781 3763 dicit:

574 3807 668 3864 sed
698 3807 841 3860 inter
870 3803 1108 3872 reliquas
1137 3801 1255 3870 ejus
1293 3801 1526 3856 virtutes
1555 3799 1660 3854 hoc
1706 3798 1871 3854 etiam
1923 3807 2264 3864 numeratur,
2293 3798 2442 3868 quod
2478 3797 2773 3855 utilissimo
2810 3799 3136 3869 frugalitatis
3177 3804 3433 3872 exemplo
3469 3801 3682 3874 posteris
3711 3813 3784 3854 re-

573 3897 724 3960 licto,
764 3911 871 3950 non
905 3894 1216 3948 necessaria
1246 3891 1450 3962 ubique
1479 3891 1738 3947 varietate
1769 3891 2022 3948 consulte
2051 3890 2133 3945 ab:

2223 3901 2308 3946 let.
2341 3891 2495 3959 Quod
2533 3893 2602 3948 ad
2648 3893 2948 3964 παθητικὸν
2976 3894 3107 3949 illud
3143 3895 3356 3962 attinet,
3391 3894 3679 3951 ἀποδύσατέ
3705 3907 3783 3962 μου

571 3991 634 4044 τὸ
671 3988 850 4060 σῶμα,
885 3997 1015 4052 etc.,
1038 3987 1332 4042 videndum
1365 4002 1548 4044 annon
1592 4002 1806 4043 summa
1837 3987 1957 4056 ejus
1984 3987 2320 4051 innocentia,
2361 4002 2484 4042 cum
2515 3988 2826 4044 incredibili
2859 3989 3049 4044 delere
3074 3991 3390 4061 conjuncta,
3421 4001 3473 4048 et
3501 3986 3781 4060 impudentia

575 4095 767 4135 rursus
787 4080 1225 4134 adversariorum
1250 4079 1458 4133 homini
1490 4080 1691 4135 misero
1717 4093 1783 4134 ac
1817 4079 2025 4149 dejecte
2057 4079 2176 4134 sine
2199 4079 2362 4133 mede
2405 4078 2819 4148 insultantium,
2856 4081 3017 4136 talem
3063 4082 3140 4136 illi
3173 4098 3358 4137 vocem
3401 4085 3684 4154 exprimere
3711 4093 3784 4146 pc-

485 4243 494 4248 ι
573 4175 796 4228 tuerint.
827 4170 1114 4240 Popularis
1162 4172 1572 4227 acclamationis
1605 4171 2184 4226 commemorationem
2231 4180 2444 4240 tempus
2495 4169 2730 4229 fortasse
2777 4173 2958 4244 ipsum
2992 4172 3271 4229 defendat.
3325 4171 3522 4239 Verba,
3565 4173 3607 4228 si
3637 4179 3784 4242 perse

557 4270 909 4332 .spectentur,
945 4261 1231 4316 videantur
1258 4261 1328 4317 ab
1363 4260 1586 4316 homine
1617 4261 1766 4315 inani
1806 4271 1860 4317 et
1883 4261 2222 4332 jactabunde
2253 4260 2492 4331 profecta
2525 4281 2538 4316 :
2572 4261 2668 4318 sed
2701 4264 2746 4319 si
2775 4273 2989 4334 tempus
3021 4279 3131 4334 quo
3175 4265 3389 4334 prolata
3435 4263 3624 4318 fuerint
3650 4254 3785 4326 respi-

573 4359 771 4421 ciatur,
799 4371 960 4411 nemo
984 4367 1086 4420 est,
1119 4358 1330 4426 opinor,
1363 4357 1526 4428 paulo
1548 4356 1774 4427 aequior,
1819 4357 1912 4427 qui
1949 4357 2342 4429 Chrysestemo
2382 4359 2578 4426 exsuli,
2625 4359 2818 4429 eject'e,
2870 4359 3085 4430 injuriis
3133 4375 3244 4414 non
3275 4360 3518 4415 dicendis
3557 4355 3765 4425 fatigato.

574 4453 978 4524 indignissimis
999 4453 1293 4508 calumniis
1315 4467 1601 4523 oppresso,
1639 4452 2204 4525 μεγαλοῤῥημοσύνην
2238 4453 2551 4510 istiusmodi
2583 4467 2691 4509 non
2727 4455 3014 4511 condonet.
3057 4454 3220 4509 Juvat
3247 4456 3394 4510 enim
3438 4455 3664 4510 animum
3690 4459 3784 4517 per-

573 4560 738 4620 petuo
764 4564 1000 4606 maerore
1032 4557 1366 4620 prostratum
1401 4548 1602 4603 talibus
1621 4549 1770 4602 velut
1799 4548 2156 4604 adminiculis
2197 4563 2257 4603 se
2286 4549 2496 4619 erigere
2523 4560 2687 4617 atque
2713 4549 2944 4603 elevare.
2975 4549 3083 4603 Sed
3115 4550 3408 4605 Arsacium
3453 4549 3624 4620 paulo,
3654 4553 3780 4614 quam

572 4662 674 4718 par
703 4655 870 4714 esset,
905 4646 1159 4702 acerbius
1189 4645 1460 4700 tractavit.
1487 4641 1580 4698 Sit
1605 4647 1706 4699 hec
1737 4643 2113 4716 Chrysestemi
2150 4645 2332 4715 culpa,
2365 4659 2472 4699 non
2506 4653 2684 4699 autem
2717 4647 3296 4717 argumentum,'qued
3322 4646 3545 4718 cpistola
3585 4643 3648 4697 sit
3683 4652 3784 4705 sup-

573 4743 838 4814 pesititia.
867 4743 984 4798 [me
1018 4743 1148 4798 hinc
1177 4741 1484 4811 colligerem
1541 4740 1720 4809 potius
1773 4741 2071 4811 genuinum
2122 4755 2244 4796 esse
2291 4739 2506 4796 foetum.
2541 4739 2674 4808 Quis
2707 4743 2852 4797 enim
2899 4742 3094 4807 nescit,
3130 4759 3292 4812 quam
3342 4743 3581 4814 ingentes
3622 4733 3784 4790 fuerint

573 4835 967 4906 Chrysesteme
992 4835 1266 4906 spiritus:
1294 4849 1404 4905 qua
1435 4832 1913 4905 ὲλευθεροστομίᾳ,
1959 4847 2064 4902 qua
2127 4853 2133 4870 ι

2216 4835 2411 4906 ῤῥησίᾳ
2456 4836 2511 4888 ἰη
2558 4851 2749 4890 omnes
2797 4851 2933 4892 usus
2975 4835 3158 4903 fuerit,
3205 4835 3368 4891 etiam
3421 4839 3475 4891 in
3519 4826 3776 4888 Eudexiam

573 4930 897 4996 Augustam.
938 4925 997 4982 Si
1028 4928 1192 4999 igitur
1221 4926 1482 4983 Eudoxiae
1520 4943 1627 4980 neu
1662 4929 1924 4998 pepercit,
1965 4929 2194 4984 Arsaeie
2231 4945 2355 4984 eum
2393 4945 2616 5000 parcere
2653 4930 2893 4986 voluisse
2930 4941 3084 4987 estne
3108 4929 3442 4987 verisimile?
3480 4930 3654 4984 Restat
3689 4918 3784 4977 ulti-

573 5033 726 5072 mum
755 5031 1182 5089 argumentuma
1211 5034 1343 5075 voce
1367 5017 1697 5073 Κουκουσῶν
1721 5018 1968 5088 petitum,
1998 5018 2140 5087 quod
2169 5013 2268 5074 etsi
2310 5032 2419 5074 non
2465 5019 2842 5091 negligendutn
2875 5023 3110 5088 videtur,
3137 5033 3318 5078 tamen
3348 5023 3450 5078 nisi
3478 5018 3675 5074 aliunde
3693 5026 3783 5066 cor-

571 5111 889 5178 roboretur}
911 5126 974 5166 ea
1005 5127 1064 5169 se
1089 5127 1284 5183 parum
1309 5110 1579 5166 firmitatis
1608 5110 1790 5164 habet.
1817 5109 2000 5163 Potuit
2025 5111 2170 5164 enim
2193 5110 2275 5164 vel
2303 5111 2534 5175 librarii,
2565 5112 2646 5166 vel
2669 5113 2986 5184 typographi
3014 5114 3170 5184 culpa
3199 5116 3461 5179 accidere,
3489 5120 3545 5166 ut
3568 5122 3656 5180 pro
3675 5105 3784 5157 Κου·

575 5202 799 5270 κουσοῢ,
825 5205 1152 5258 Κουκουσῶν
1183 5206 1532 5260 scriberetur.
1567 5203 1855 5267 Prmterca,
1877 5205 1934 5257 ni
1965 5202 2135 5268 fallor,

2218 5214 2235 5258 t
2261 5205 2572 5269 Κουκουσὸς
2595 5215 2649 5260 et
2683 5207 2974 5262 Κουκουσά
3003 5208 3217 5278 legitur.
3255 5207 3359 5262 Sed
3392 5208 3559 5262 instar
3581 5197 3778 5256 omnium

567 5303 656 5348 est
710 5293 840 5348 illud
871 5293 940 5348 de
969 5295 1109 5363 style
1149 5304 1203 5350 et
1252 5295 1587 5360 charactere,
1631 5293 1779 5363 quod
1812 5294 1990 5348 solum
2036 5303 2252 5348 tantum
2289 5296 2441 5364 apud,
2477 5311 2562 5350 me
2595 5298 2760 5363 valet,
2793 5309 2854 5353 ut
2882 5315 2988 5354 non
3024 5300 3263 5355 dubitem
3293 5317 3414 5356 cum
3456 5295 3661 5353 llalesie
3689 5300 3782 5345 tuo.

574 5383 782 5452 Optimo
803 5394 859 5439 et
876 5384 1250 5440 eruditissime
1267 5386 1492 5456 juvene,
1511 5385 1896 5456 pronuntiare,
1919 5384 2162 5452 epistolae
2193 5383 2353 5453 hujus
2383 5395 2660 5442 auctorem
2693 5403 2800 5442 non
2833 5388 3285 5462 Chrysostemum
3319 5391 3502 5454 fuisse,
3538 5385 3622 5441 sed
3645 5378 3782 5435 alium

575 5478 815 5549 aliquem
853 5497 979 5536 cum
1014 5481 1406 5552 Chrysestemo
1423 5495 1529 5536 nec
1561 5480 1782 5550 ingenio
1813 5495 1912 5535 nec
1937 5480 2248 5549 eloquentia
2271 5483 2722 5550 comparandum.
2767 5503 2786 5535 ι

647 5571 825 5629 Locus
869 5575 957 5629 ille
1000 5574 1201 5640 Pltotii,
1254 5588 1413 5643 quem
1451 5583 1845 5629 commemorat
1881 5589 2043 5644 supra
2076 5574 2207 5630 Hale

2217 5576 2350 5641 sius,
2385 5575 2465 5631 sic
2499 5576 2698 5633 habet:
2735 5579 2855 5632 ’Ότι
2892 5579 2950 5632 ὲν
2983 5582 3047 5651 τῇ
3096 5579 3231 5650 πρὸς
3261 5577 3354 5631 τὸν
3389 5575 3663 5630 ἐπίσκοπον
3691 5565 3777 5618 Ku-

579 5669 770 5733 ριακὸν
799 5671 1084 5742 ἐπιστολῇ,
1119 5670 1186 5741 ἢν
1228 5669 1338 5724 ἀπὸ
1365 5673 1464 5737 τῆς
1493 5669 1750 5740 δευτέρας
1792 5668 2098 5739 ὲξέπεμψξν
2148 5669 2384 5742 ὲξορίας,
2438 5671 2779 5727 καθάπτεται
2827 5674 2930 5745 μὲν
2965 5673 3060 5728 τοῦ
3105 5674 3418 5744 Ἀρσακίου,
3451 5671 3600 5742 λῆρον
3639 5659 3776 5718 αὐτὸν

583 5760 672 5815 καὶ
705 5762 892 5833 μοιχὸν
920 5761 1103 5819 καλῶν
1123 5779 1136 5794 ο
1169 5763 1387 5820 ἐπαινεῖ
1415 5761 1471 5815 δὲ
1499 5763 1626 5825 τοὺς
1657 5761 2169 5833 ἀποστρεφομένους
2209 5763 2309 5834 τὴν
2343 5763 2509 5818 αὐτοῦ
2549 5767 2858 5836 κοινωνίαν,
2899 5766 2974 5832 ὡς
3005 5767 3093 5822 διὰ
3120 5769 3253 5822 Θεὸν
3285 5767 3379 5822 καὶ
3411 5765 3466 5821 τὸ
3493 5763 3565 5826 εἰς
3587 5758 3665 5812 τὸν
3695 5753 3775 5820 ἀρ’
