3950 6368
184 301 283 357 679
357 337 368 358 ι
1615 295 1994 357 EPISTOLE.
3327 302 3438 356 680

181 419 364 492 χιερέα
398 415 564 470 αὐτοῦ
607 413 847 486 ἀδίκημα
892 415 990 486 τὴν
1037 416 1389 488 ἀποστροφὴν
1423 417 1602 472 αὐτῶν
1639 420 2018 491 ποιουμένους.
2071 418 2266 473 Καίτοι
2307 435 2370 488 γε
2409 418 2468 472 ἐν
2515 417 2695 482 ἄλλοις
2742 417 2990 487 φαίνεται
3032 416 3313 490 παραινῶν
3359 420 3436 489 μὴ

179 511 506 584 ἀφίστασθμι
539 511 646 566 ἀπὸ
671 512 768 583 τῆς
809 511 1161 583 Ἐκκλησίας.
1197 513 1291 576 Εἰς
1313 511 1470 565 τοῦτο
1503 513 1560 566 δὲ
1603 513 1852 584 ὕστερον,
1887 514 1964 578 ὡς
1993 513 2160 578 ἔοικε,
2201 513 2454 585 μετέστη,
2484 512 2672 584 ἐπειδὴ
2706 514 2801 567 καὶ
2829 515 2876 566 oi
2905 512 3094 566 τοῦτον
3113 512 3314 575 ἀδίκως
3344 515 3440 565 ὲκ-

180 607 454 671 εαλόντες,
484 605 582 675 οὐχ
613 598 693 668 οἷς
725 604 957 674 ἔπραξεν
985 603 1266 675 ἔστερξαν,
1305 604 1442 658 ἀλλὰ
1471 605 1567 659 καὶ
1599 605 1950 677 καταδρομὰς
1984 605 2080 660 καὶ
2104 605 2398 670 ἐπιϐουλὰς
2431 607 2572 660 κατὰ
2604 603 2714 658 τῶν
2744 605 2894 676 αὐτῷ
2923 604 3441 676 προσανακειμένων

179 700 268 755 καὶ
300 696 598 770 ὑπερορίας
633 697 1079 767 ὲπαλαμήσαντο.
1112 715 1128 747 ι
1169 694 1226 748 1η
1277 696 1512 764 epistola
1566 697 1631 752 ad
1685 696 1739 767 Ο]

1876 713 1973 752 ιυιη
2003 696 2339 767 episcopum,
2372 713 2532 767 quam
2579 698 2634 752 in
2667 698 2908 754 secundo
2955 698 3177 768 scripsit
3219 699 3436 764 exsilio,

179 793 461 848 Arsacium
498 792 797 846 insectatus
829 790 1062 846 delirum
1085 799 1141 846 et
1172 791 1448 845 moechum
1477 801 1656 856 vocat,
1691 791 1984 862 laudatque
2009 808 2104 848 eos
2131 793 2228 863 qui
2249 793 2368 862 ejus
2402 793 2846 849 communionem
2879 803 3222 860 aversantur,
3253 805 3441 865 utpote

179 889 267 958 qui
307 896 531 957 propter
567 886 763 950 Deum,
795 895 849 940 et
883 895 1102 956 prapter
1132 885 1454 955 injustitiam
1499 887 1911 958 archiepiscopo
1941 903 2042 943 suo
2073 889 2279 944 illatam
2319 889 2388 944 ab
2430 889 2547 959 ipso
2594 897 2965 960 segregentur.
3000 888 3058 944 In
3093 890 3215 945 aliis
3251 900 3437 946 tamen

186 986 315 1040 locis
337 985 591 1039 hortatur
617 998 685 1038 ne
718 984 787 1038 ab
825 981 1068 1036 Ecclesia
1108 989 1450 1050 separentur.
1493 980 1697 1036 Verum
1741 984 1821 1038 sic
1850 983 2044 1039 ultimo
2081 985 2407 1040 sententiam
2442 984 2742 1040 mutavisse
2769 984 3004 1050 videtur,
3036 986 3163 1055 quia
3190 987 3227 1042 ii
3255 989 3346 1057 qui
3379 1003 3440 1044 se

180 1079 372 1147 injuste
401 1077 696 1145 eiecerant,
745 1074 914 1144 gestis
947 1073 1063 1127 suis
1104 1086 1212 1126 non
1256 1071 1687 1141 acquiescerent,
1725 1074 1822 1129 sed
1865 1089 1960 1130 eos
2003 1076 2097 1145 qui
2131 1075 2236 1131 sibi
2271 1075 2470 1131 addicti
2501 1085 2708 1144 essent,
2755 1075 3182 1146 insectarentur,
3221 1079 3437 1137 insidiis

181 1182 505 1242 appeteret-tt.
548 1181 600 1224 et
630 1170 684 1224 in
716 1167 972 1222 exsilium
1009 1164 1389 1220 amandarent.
1425 1185 1444 1218 ι

248 1264 314 1319 Ut
348 1265 413 1318 nd
451 1264 665 1330 objecta
699 1264 767 1318 ab
795 1262 1015 1316 Halesio
1054 1262 1364 1328 redeamus,
1400 1267 1464 1315 ea
1505 1259 1688 1314 omnia
1723 1274 1832 1314 non
1863 1258 2005 1314 male
2035 1257 2293 1314 refutavit
2337 1259 2573 1318 Joannes
2612 1261 2849 1329 Boisius,
2879 1279 2991 1320 uno
3024 1274 3249 1337 excepto
3270 1282 3438 1338 argu-

185 1368 355 1410 mento
395 1371 463 1408 ex
510 1355 632 1423 styli
669 1352 1115 1409 dissimilitudine
1149 1353 1335 1424 petito,
1377 1354 1524 1425 quod
1554 1354 1645 1409 ille
1673 1352 2050 1424 amplectitur;
2096 1361 2149 1407 et
2179 1361 2359 1408 tamen
2397 1363 2482 1410 est
2514 1354 2762 1411 omnium
2808 1356 3168 1428 levissimum,
3203 1370 3263 1416 ut
3293 1361 3438 1419 infra

183 1453 466 1506 videbitur.

254 1543 436 1598 Primo
459 1543 538 1597 ait
559 1540 814 1598 Halesius
836 1555 895 1597 se
919 1540 1267 1611 epistolarem
1300 1541 1453 1597 illum
1478 1542 1848 1597 characterem
1872 1541 1925 1597 in
1949 1542 2052 1599 hac
2081 1541 2313 1613 epistola
2345 1557 2452 1598 non
2479 1542 2684 1623 videre,
2707 1542 2801 1613 qui
2832 1543 2887 1598 in
2911 1544 3033 1601 aliis
3055 1544 3434 1618 Chrysostonti

185 1637 430 1705 operibus
465 1637 824 1701 observatur;
857 1643 912 1688 et
935 1633 1090 1701 quasi
1128 1634 1330 1690 oblitus
1363 1649 1555 1689 eorum
1587 1650 1708 1706 quae
1733 1642 1859 1688 ante
1887 1634 2122 1700 dixerat,
2159 1635 2236 1688 ait
2262 1636 2584 1703 prooemium
2625 1636 2766 1690 idem
2801 1634 2915 1693 fere
2949 1638 3169 1706 habere,
3197 1644 3343 1712 quod
3375 1644 3432 1699 in

183 1725 398 1796 epistola
431 1725 610 1793 prima
641 1723 708 1776 ad
743 1722 1140 1792 Olympiadem,
1175 1739 1339 1794 quam
1379 1724 1494 1794 ipse
1521 1735 1580 1780 ut
1616 1725 1910 1794 genuinam
1941 1725 2203 1792 admittit;
2238 1725 2370 1781 illud
2405 1741 2532 1781 vero
2558 1728 2886 1796 prooemium
2910 1745 3163 1802 magnam
3191 1735 3433 1804 epistolas

184 1827 378 1889 partem
408 1815 793 1886 complectitur
828 1833 842 1871 :
877 1819 929 1868 in
963 1823 1074 1871 tota
1110 1816 1274 1886 igitur
1303 1816 1393 1871 illa
1425 1826 1577 1887 parte
1615 1817 1866 1872 admittat
1890 1827 2102 1885 oportet
2151 1818 2496 1887 epistolarem
2540 1820 2692 1874 illum
2739 1819 3115 1894 Chrysostomi
3152 1827 3436 1883 characte-

183 1923 322 1974 rem;
361 1908 413 1962 in
452 1909 811 1978 sequentibus
842 1907 1007 1962 etiam
1057 1925 1165 1964 non
1216 1924 1388 1978 pauca
1432 1924 1498 1964 ex
1545 1909 1793 1979 epistolis
1836 1910 1902 1964 ad
1933 1907 2306 1981 Olympiadem
2339 1925 2518 1978 exque
2551 1911 2675 1968 aliis
2714 1913 2840 1967 item
2875 1915 3136 1985 reperias,
3175 1919 3436 1989 quoniam

183 2001 234 2056 in
260 2001 342 2056 his
382 2001 656 2072 epistolis,
680 2011 741 2058 ut
778 2002 960 2058 statim
988 2001 1248 2058 observes
1275 2001 1320 2058 si
1353 2002 1523 2073 legas,
1548 2016 1672 2056 cum
1712 2001 1780 2055 ad
1806 2001 2050 2056 diversos
2081 2000 2291 2069 scribit,
2315 2002 2504 2057 eadem
2541 2003 2653 2060 fere
2678 2007 2895 2076 repetit,
2923 2016 2982 2062 ut
3022 2008 3224 2078 optime
3255 2011 3438 2066 anim-

183 2093 400 2148 advertit
465 2091 703 2150 Boisius.
741 2089 888 2148 Nihil
927 2104 1074 2150 certe
1123 2093 1212 2150 hic
1255 2102 1339 2149 est
1376 2094 1521 2165 quod
1561 2095 1968 2165 compilatorem
2024 2097 2232 2166 sapiat;
2271 2097 2452 2152 omnia
2489 2098 2685 2167 ﬂuunt,
2721 2103 2903 2157 omnia
2943 2113 3093 2160 recto
3131 2109 3434 2176 procedunt

184 2183 360 2238 ordine
389 2203 402 2239 :
432 2200 559 2239 cum
592 2195 771 2242 autem
797 2195 1087 2242 accusatus
1120 2187 1266 2257 quod
1286 2202 1411 2242 cum
1439 2187 1665 2242 muliere
1691 2180 2048 2244 'concubuerit
2077 2191 2369 2260 respondet
2401 2210 2414 2246 :
2446 2190 2639 2247 Exuite
2665 2210 2853 2265 corpus
2879 2212 3072 2266 meum,
3103 2209 3152 2254 et
3175 2201 3436 2256 membro-

186 2296 289 2334 rum
315 2297 548 2335 meorum
580 2283 1039 2352 mortiﬁcationem
1070 2283 1360 2351 reperietis,
1387 2283 1438 2338 id
1471 2283 1567 2348 ait,
1605 2283 1750 2353 quod
1786 2284 1841 2338 in
1877 2284 1993 2354 pari
2029 2300 2158 2341 casu
2184 2286 2474 2341 dicendum
2506 2290 2770 2358 oportuit.
2795 2290 2877 2346 An
2907 2301 3087 2348 tacere
3116 2293 3273 2350 licuit
3308 2311 3433 2350 cum

185 2370 233 2424 in
259 2372 413 2426 rebus
445 2373 795 2443 gravissimis
819 2374 955 2428 tanti
984 2374 1229 2444 episcopi
1265 2373 1410 2428 fama
1443 2375 1771 2429 laederetur?
1803 2375 1999 2431 Annon
2032 2377 2207 2446 potuit
2237 2377 2344 2442 ille,
2383 2378 2495 2433 imo
2517 2394 2707 2436 .annon
2733 2382 2920 2437 debuit
2941 2384 3008 2439 de
3034 2392 3184 2440 tanto
3205 2387 3439 2443 crimine

186 2475 456 2519 accusatus
488 2479 552 2520 ea
586 2463 853 2534 proferre,
889 2480 1010 2534 quae
1036 2464 1103 2518 ad
1135 2465 1219 2519 sui
1255 2466 1632 2535 purgationem
1679 2475 1984 2536 opportuna
2021 2468 2218 2523 erant?
2243 2467 2567 2539 Popularem
2613 2482 2794 2528 autem
2827 2475 3298 2545 acclamationem,
3327 2477 3438 2534 imo

187 2567 234 2610 et
261 2559 412 2612 verba
441 2557 587 2627 ipsa,
621 2557 798 2612 amico
828 2557 948 2612 sine
971 2557 1234 2627 jactantia
1268 2559 1448 2613 dicere
1481 2560 1657 2628 potuit
1692 2558 2118 2630 Chrysostomus
2158 2579 2171 2615 :
2213 2562 2375 2618 amici
2425 2580 2682 2635 namque,
2716 2570 3017 2637 praesertim
3053 2571 3088 2625 ii
3122 2575 3215 2642 qui
3243 2575 3432 2630 eadem

190 2647 249 2702 de
267 2663 424 2703 causa
458 2656 752 2713 vexantur,
785 2661 1045 2701 arcanum
1083 2647 1218 2701 nihil
1259 2649 1398 2702 inter
1440 2663 1500 2703 se
1539 2649 1778 2703 habent:
1813 2649 2076 2719 Cyriacus
2115 2667 2278 2719 porro
2320 2656 2476 2709 exsul
2503 2655 2568 2710 de
2599 2656 2765 2714 illatis
2794 2657 2994 2716 Joanni
3042 2661 3438 2736 Chrysostomo

191 2739 336 2793 malis
363 2738 663 2793 admodum
695 2737 948 2802 dolebat;
983 2738 1104 2792 ideo
1143 2753 1262 2808 quae
1310 2739 1414 2793 sibi
1463 2738 1641 2794 fausta
1693 2741 1990 2795 acciderint
2031 2753 2277 2798 recenset
2311 2745 2738 2817 Chrysostomus
2782 2760 2841 2806 ιιι
2875 2753 3052 2822 ipsum
3094 2759 3432 2826 consoletur,

186 2829 325 2902 isque
349 2829 641 2886 recensitis
675 2828 748 2882 ita
773 2829 980 2883 claudit
1008 2847 1021 2884 :
1056 2828 1410 2893 Quamobrem
1438 2841 1486 2884 te
1524 2847 1670 2902 rogo,
1702 2849 1764 2885 ac
1795 2834 2014 2900 genibus
2047 2835 2152 2889 tuis
2175 2837 2458 2892 advolutus
2483 2838 2733 2909 obtestor,
2765 2854 2820 2896 ut
2855 2860 3126 2901 maerorem
3149 2827 3199 2903 et
3221 2852 3421 2908 luctum

187 2927 410 2996 sbjicias.
441 2925 567 2982 Jam
600 2941 724 2982 cum
755 2927 1045 2982 Arsacium
1099 2927 1516 2998 sycophantam,
1543 2928 1638 2998 qui
1679 2928 1879 2984 oblatis
1912 2929 2016 2986 sibi
2064 2932 2320 3002 episcOpo
2361 2949 2462 2989 suo
2505 2933 2658 2992 falsis
2701 2939 3198 3010 criminationibus,
3250 2949 3436 3003 sedem

190 3033 326 3074 suam
354 3021 654 3086 invaserat,
683 3020 769 3074 vir
797 3029 979 3076 tamen
1011 3022 1397 3092 octogenarius
1433 3031 1488 3076 et
1531 3022 1858 3088 ineruditus,
1889 3039 2038 3090 cum,
2083 3024 2330 3095 inquam,
2369 3028 2520 3083 illum
2553 3031 2808 3097 delirum,
2839 3036 3112 3090 moechum
3151 3047 3204 3093 et
3244 3038 3432 3109 lupum

188 3125 345 3182 vocat,
380 3117 510 3172 illud
546 3115 664 3187 agit
690 3116 836 3187 quod
876 3117 1129 3187 praestitit
1169 3115 1525 3182 Athanasius,
1569 3133 1694 3172 eum
1740 3118 2039 3190 Gregorius
2081 3123 2355 3191 quispiam
2403 3124 2455 3178 in
2497 3125 2618 3196 ejus
2657 3127 2839 3184 locum
2881 3131 3209 3189 substitutus
3242 3145 3343 3203 est,
3382 3147 3439 3192 et

187 3219 358 3282 postea
387 3229 510 3269 cum
550 3212 852 3284 Gregorius
887 3213 1058 3283 ipsius
1085 3212 1268 3268 sedem
1302 3212 1531 3280 invasit;
1565 3228 1692 3268 nam
1725 3214 2004 3285 improbos
2036 3217 2377 3286 hujusmodi,
2405 3218 2773 3290 facinorosos,
2814 3235 2871 3281 et
2899 3228 2990 3297 qui
3019 3245 3204 3299 pacem
3246 3231 3438 3289 Eccle-

188 3306 272 3361 sia:
299 3305 755 3369 interturbabant,
787 3319 897 3359 non
929 3304 1104 3360 sancti
1135 3305 1242 3359 viri
1284 3305 1466 3371 modo,
1505 3305 1601 3360 sed
1633 3305 1736 3376 ipsi
1771 3323 1993 3378 quoque
2018 3311 2258 3380 apostoli
2301 3312 2605 3370 maledictis
2644 3315 3008 3374 incessebant.
3048 3321 3126 3375 Ad
3170 3324 3285 3377 haec
3309 3340 3438 3380 vero

189 3412 250 3453 an
279 3399 601 3455 clementius
624 3398 734 3491 agit
762 3397 1192 3470 Chrysostomus
1220 3414 1345 3455 cum
1367 3401 1596 3456 Arsacio
1622 3400 1678 3456 in
1702 3402 1844 3458 libro
1875 3403 1971 3460 illo
1989 3407 2079 3460 cui
2102 3405 2321 3472 titulus,
2355 3409 2440 3462 Ad
2467 3426 2554 3477 eos
2582 3413 2674 3481 qui
2703 3415 3061 3470 scandatizati
3089 3430 3236 3487 sunt,
3271 3436 3434 3491 quem

190 3504 335 3560 supra
362 3473 676 3549 edidimus?
694 3492 776 3546 An
807 3491 1024 3547 mitiora
1054 3492 1138 3548 his
1161 3501 1290 3548 sunt
1322 3495 1486 3549 verba
1505 3512 1634 3565 quae
1654 3497 1750 3552 ibit

1881 3499 2153 3571 leguntur,
2179 3517 2237 3572 φ.
2271 3503 2397 3568 507,
2423 3473 2799 3576 mam-{apem
2829 3509 2944 3575 νῦν,
2979 3512 3184 3579 φαῦλος

193 3582 353 3651 μένος,
384 3587 478 3638 καὶ
502 3585 674 3639 λύκου
703 3585 908 3647 παντὸς
935 3583 1272 3655 ἀγριώτερον
1297 3586 1578 3654 ἒπιπηδῶν
1600 3591 1753 3660 ’τῆ-ἀι

1885 3631 1894 3656 ,
1926 3595 2173 3682 sacerdos
2203 3595 2294 3650 itle
2326 3596 2624 3666 inqrrobus,
2647 3599 2776 3671 dupe
2807 3605 2992 3672 quouis
3021 3582 3296 3663 stemus-inv
3321 3582 3445 3682 θηξιέ

191 3686 288 3742 gem
315 3677 596 3732 insiliens!
629 3675 710 3730 An
733 3675 863 3746 quid
891 3676 1110 3745 gravius
1139 3675 1246 3732 dici
1286 3679 1495 3746 potuit?
2161 3674 2168 3688 ’

251 3769 398 3825 Aliud
428 3769 690 3839 obiicitur
713 3768 866 3838 quod
903 3768 990 3823 hic
1016 3769 1226 3838 legatur
1259 3770 1367 3822 ἀπὸ
1399 3772 1508 3825 τῶν
1543 3773 1811 3828 Κουκουσά

1875 3785 2034 3831 cum
2068 3787 2262 3835 contra
2310 3780 2623 3836 Κσυκουσόν
2669 3783 2724 3839 in
2762 3787 3028 3857 singulari
3078 3806 3293 3864 semper
3337 3798 3435 3853 ha-

191 3855 368 3912 beatur
397 3860 541 3929 apud
575 3858 1058 3930 (lhrysostomum.
1086 3857 1286 3913 Verum
1324 3861 1438 3914 haec
1466 3862 1628 3918 lectio
1653 3863 1763 3918 τῶν
1794 3866 2126 3920 Κουκουσῶν
2156 3878 2238 3924 est
2281 3871 2450 3927 solius
2479 3873 2733 3930 editionis
2769 3855 3054 3936 Savilianae
3091 3901 3106 3936 :
3141 3855 3264 3940 nam
3316 3892 3435 3946 edi-

191 3949 350 4004 tiones
376 3950 582 4006 blorelli
608 3959 663 4004 et
691 3965 884 4006 omnes
910 3949 1040 4007 Mss.
1070 3952 1160 4007 hic
1190 3955 1504 4009 Κουκουσοῦ
1553 3957 1751 4012 habent

1875 3961 2056 4031 udqtre
2085 3963 2184 4033 τῆς
2218 3965 2491 4031 Κιλικίας,
2521 3969 2671 4037 quod
2711 3970 2765 4024 in
2809 3971 2984 4029 Editis
3013 3978 3335 4049 addebatur,
3365 3986 3435 4040 ab

192 4047 391 4114 optimis
420 4047 550 4126 Mss.
576 4048 752 4103 abest.
779 4047 1054 4103 Cucusum
1091 4057 1273 4105 autem
1307 4052 1360 4105 in
1388 4052 1646 4109 Armenia
1671 4072 1792 4112 esse
1823 4059 1898 4112 ait
1921 4058 2050 4112 alibi
2083 4059 2542 4132 Chrysostomus;
2568 4065 2658 4120 alii
2690 4067 2740 4120 in
2765 4068 2985 4138 Cilicia;
3019 4047 3352 4135 Athanasius
3379 4081 3432 4136 in

192 4127 510 4209 Cappadocia
553 4143 722 4207 locat,
767 4143 924 4211 quia,
967 4159 1090 4199 cum
1135 4145 1190 4198 in
1236 4160 1423 4200 earum
1460 4149 1745 4219 regionum
1789 4152 2028 4207 conﬁnio
2075 4127 2238 4219 esset,
2291 4157 2452 4210 modo
2487 4158 2635 4222 huic,
2677 4162 2841 4215 modo
2881 4164 2956 4218 illi
2974 4127 3302 4226 Iconlributa
3329 4181 3432 4228 est.

191 4224 372 4288 Omnes
402 4245 548 4293 certe
571 4236 675 4292 viri
702 4236 854 4294 docti
892 4237 1035 4295 hanc
1063 4239 1349 4310 epistolam
1379 4257 1476 4309 pro
1508 4259 1631 4300 vera
1661 4253 1714 4301 et
1733 4248 1973 4317 genuina
2001 4250 2219 4314 habent,
2247 4267 2346 4308 nec
2375 4268 2438 4308 ea
2469 4253 2535 4308 de
2571 4269 2626 4308 re
2654 4255 2736 4309 vel
2768 4257 3047 4316 minimam
3077 4224 3433 4331 quaestionctn

195 4334 411 4384 ιηονειιι.
