3950 6380
145 5533 160 5576 ﬁ

178 299 285 353 88!

1615 299 1721 359 EPI
1731 299 1976 358 δτοως
1987 345 1999 356 .

1685 1692 1936 1758 CXXV.

823 2043 1338 2140 CYBIACO
1407 2047 1989 2145 EPISCOPO
2060 2055 2789 2149 EXSULANTI.

1483 2376 1746 2459 (Cucuso
1788 2397 1953 2440 anno
1997 2379 2160 2459 404.)

237 3735 382 3803 Age,
443 3728 713 3786 maestitiae
759 3737 863 3783 tuae
908 3726 1064 3782 ulcus
1107 3738 1293 3780 rursus
1345 3725 1562 3790 leniam,
1611 3733 1772 3796 atque

172 3824 523 3896 cogitationes
573 3836 707 3888 eas,
762 3835 880 3891 quae
935 3819 1074 3874 hanc
1132 3817 1328 3873 nubem
1392 3817 1768 3887 collegerunt,

176 3915 477 3969 discutiam.
521 3911 720 3982 Ecquid
747 3912 890 3967 enim
924 3919 1038 3978 est,
1070 3909 1214 3982 quod
1241 3923 1437 3964 maeres
1466 3917 1624 3978 atque
1654 3909 1772 3962 ani-

177 4021 308 4059 mum
334 4003 566 4074 dejicis?
595 4004 675 4058 An
707 4005 828 4074 quia
852 4003 1028 4073 gravis
1044 4010 1127 4056 est
1151 4009 1460 4071 tempestas,
1484 4015 1547 4055 ac
1571 4016 1771 4055 saavum

177 4098 507 4169 naufragium
542 4138 556 4162 ,
602 4095 744 4167 quod
797 4094 1088 4150 Ecclesiam
1137 4092 1454 4162 occupavit?
1496 4091 1610 4146 Hoc
1659 4091 1775 4161 ipse

175 4205 378 4261 quoque
405 4189 548 4252 scio,
577 4203 676 4242 nec
727 4187 866 4242 ullus
918 4195 1020 4253 est,
1068 4185 1158 4257 qui
1198 4183 1402 4240 inficias
1451 4183 1527 4238 ire
1567 4183 1771 4253 possit:

176 4280 276 4334 into
303 4295 466 4342 vero,
495 4279 539 4332 si
569 4278 641 4333 ita
669 4277 836 4343 lubet,
868 4292 1051 4332 eorum
1078 4292 1196 4346 qua:
1225 4274 1656 4344 ﬁuntimagincm
1680 4273 1774 4330 tibi

176 4370 531 4427 adumbrabo.
564 4370 707 4425 Mare
735 4368 971 4424 videmus
999 4367 1066 4422 ab
1099 4366 1220 4420 imis
1284 4380 1455 4435 usque
1481 4363 1775 4435 gurgitibus

177 4463 486 4528 revulsum,
519 4469 705 4515 nautas
739 4457 1218 4530 gubernaculorum
1259 4470 1322 4510 ac
1351 4469 1621 4509 remorum
1656 4455 1776 4509 loco

177 4568 358 4608 manus
385 4552 617 4625 genibus
649 4551 932 4621 implicitas
949 4549 1228 4614 habentes,
1248 4561 1465 4617 praeque
1493 4553 1774 4615 tempesta-

181 4647 243 4702 tis
269 4645 645 4718 magnitudine
686 4653 830 4699 tanta
875 4641 1086 4698 consilii
1122 4640 1298 4710 inopia
1333 4638 1638 4694 laborantes
1661 4680 1676 4703 ,
1716 4645 1778 4692 ut

180 4755 274 4795 nec
319 4741 541 4803 ea'lum,
569 4752 670 4793 nec
712 4752 878 4799 mare,
907 4751 1006 4790 nec
1048 4742 1245 4788 terram
1297 4737 1540 4796 cernant,
1587 4743 1773 4784 verum

183 4830 360 4887 flentes
379 4847 446 4885 ac
475 4829 830 4884 lamentantes
869 4827 921 4882 in
951 4825 1198 4880 tabulatis
1223 4824 1452 4894 jaceant.
1504 4822 1679 4892 Atque
1719 4820 1774 4876 in

180 4925 303 4978 mari
331 4922 551 4995 quidem
583 4922 652 4976 ita
677 4920 893 4976 evenire
919 4922 1052 4974 solet
1089 4935 1103 4972 :
1142 4933 1281 4972 nunc
1307 4924 1484 4972 autem
1515 4915 1566 4969 in
1589 4923 1776 4968 nostro

178 5028 389 5084 quoque
433 5012 570 5067 mari
624 5011 840 5082 gravior
882 5009 1112 5080 procella
1160 5011 1538 5078 gravioresque
1585 5004 1776 5060 ﬂuctus

179 5107 499 5160 excitantur.
541 5104 738 5159 Verum
761 5101 847 5156 fac
868 5101 1091 5156 Domino
1117 5108 1302 5155 nostro
1321 5100 1534 5153 Christo
1550 5096 1776 5166 supplex

178 5197 266 5262 sis,
299 5198 392 5268 qui
420 5212 526 5251 non
560 5206 674 5251 arte
702 5203 1070 5264 tempestatem
1100 5198 1316 5262 superat
1339 5233 1353 5256 ,
1380 5189 1474 5244 scd
1505 5197 1633 5243 nutu
1661 5189 1777 5244 solo

179 5304 291 5343 eam
308 5288 544 5344 discutit.
585 5287 738 5356 Quod
774 5287 816 5342 si
847 5285 1091 5357 precibus
1117 5283 1186 5338 ad
1215 5300 1335 5338 eum
1362 5281 1615 5337 adhibitis
1637 5297 1776 5337 non-

179 5381 303 5436 dum
328 5391 511 5437 tamen
536 5381 822 5437 exauditus
849 5394 929 5445 es,
949 5393 1018 5436 ne
1043 5379 1405 5449 elanguescas,
1429 5376 1777 5447 animumque

180 5471 552 5544 despondeas;
581 5472 883 5543 huiusmodi
917 5485 1149 5542 namque
1174 5468 1388 5540 benigni
1427 5467 1568 5522 illius
1603 5467 1780 5522 numi-

190 5555 276 5610 nis
299 5570 420 5611 mos
441 5565 539 5612 est.
581 5558 772 5613 Annon
797 5566 904 5614 tres
925 5558 1043 5612 illos
1061 5572 1253 5626 pueros
1275 5573 1304 5611 a
1333 5558 1570 5640 perigtlo
1590 5561 1791 5615 subdu-

187 5660 311 5703 cere
335 5657 562 5717 poterat,
592 5663 655 5704 ac
682 5665 750 5706 ne
779 5649 830 5704 in
860 5648 996 5720 ignis
1025 5648 1295 5704 fornacem
1329 5641 1626 5706 incido-rent
1655 5667 1781 5721 pro-

191 5738 410 5796 bibere?
438 5740 504 5796 At
531 5752 810 5813 postquam
836 5743 1032 5813 captivi
1061 5741 1299 5810 abducti,
1323 5751 1484 5814 atque
1508 5739 1558 5795 in
1583 5742 1774 5799 barba~

502 5838 767 5899 Punct.
813 5834 931 5894 Gn.
980 5831 1108 5892 LII.

1873 3739 2054 3780 rerum
2085 3723 2355 3795 regionem
2372 3724 2586 3795 abiecti,
2617 3732 2940 3794 paternaque
2964 3724 3256 3782 hereditate
3271 3731 3468 3792 eversi.

1873 3824 2034 3887 atque
2053 3815 2120 3870 ab
2141 3816 2387 3871 omnibus
2415 3816 2681 3886 desperati
2711 3825 2855 3883 sunt,
2887 3797 2998 3871 ncc‘
3007 3816 3120 3888 jam
3151 3817 3316 3874 ullum
3341 3822 3468 3878 mali

1872 3924 2040 3980 genus
2068 3908 2270 3975 deerat,
2302 3917 2411 3963 tum
2457 3908 2684 3979 denique
2717 3906 2960 3964 Christus
2981 3949 2999 3976 ,
3021 3923 3178 3965 verus
3205 3911 3344 3967 Deus
3374 3928 3470 3968 no-

1874 4012 1984 4058 ster
2006 4045 2021 4070 ,
2053 4010 2275 4074 repente
2302 4001 2617 4057 miraculum
2645 4000 2830 4067 edidit,
2857 4002 3140 4072 ignemque
3167 4002 3463 4075 dissipavit,

1874 4094 2014 4166 Ignis
2056 4095 2198 4149 enim
2235 4094 2504 4165 justorum
2540 4093 2790 4148 virtutem
2833 4094 3052 4148 minime
3091 4092 3274 4150 ferens
3301 4111 3332 4150 e
3361 4095 3472 4152 for-

1875 4203 2006 4242 nace
2035 4186 2268 4253 exsiliit,
2297 4195 2455 4256 atque
2477 4183 2780 4252 Cltaldmos,
2808 4199 2941 4256 quos
2967 4185 3169 4240 circum
3195 4183 3466 4243 fornacem

1876 4289 2062 4334 nactus
2093 4289 2208 4346 est,
2239 4280 2442 4334 exussit
2467 4277 2629 4352 (Dan.
2666 4277 2748 4350 5).
2776 4279 2854 4333 Ac
2881 4286 2992 4332 tum
3019 4279 3205 4335 fornax
3227 4280 3468 4338 ecclesi:e

1874 4373 2043 4426 instar
2067 4371 2196 4441 ipsis
2223 4379 2340 4426 erat
2367 4387 2382 4426 :
2408 4379 2569 4440 atque
2595 4385 2682 4425 res
2707 4383 2894 4424 omnes
2918 4369 3161 4424 conditas
3180 4411 3194 4433 ,
3219 4379 3325 4425 tam
3351 4387 3470 4441 quae

1873 4463 2043 4518 oculis
2074 4472 2367 4519 cernuntur
2388 4503 2404 4528 ,
2433 4479 2591 4532 quam
2626 4479 2746 4533 quze
2785 4462 2852 4517 ab
2881 4462 3158 4518 oculorum
3190 4479 3351 4518 sensu
3382 4480 3470 4518 re-

1875 4565 2034 4609 motae
2059 4564 2182 4608 sunt
2207 4594 2221 4617 ,
2254 4554 2357 4608 hoc
2396 4560 2480 4608 est
2507 4554 2724 4623 angelos
2754 4561 2808 4608 ct
2835 4552 3057 4608 virtutes
3084 4555 3428 4610 accersebant
3448 4595 3466 4622 ,

1874 4645 2055 4714 sicque
2085 4643 2261 4698 omnia
2295 4644 2348 4697 in
2382 4658 2542 4696 unum
2573 4642 3008 4713 complcctentes,
3039 4641 3122 4696 his
3149 4643 3326 4698 verbis
3355 4654 3472 4701 nte-

1875 4737 2068 4790 bantur
2097 4755 2109 4790 :
2139 4734 2434 4791 Bcnedicite
2455 4734 2624 4790 omnia
2647 4751 2800 4806 Opera
2825 4733 3035 4788 Domini
3057 4733 3278 4790 Domino
3304 4734 3468 4808 (Dan.

1874 4829 1929 4883 5.
1953 4828 2068 4900 57).
2099 4827 2330 4883 Videsne
2353 4826 2623 4899 quomodo
2645 4828 2911 4898 justorum
2942 4827 3192 4896 patientia
3217 4827 3392 4899 ignem
3417 4830 3468 4885 in

1874 4935 2050 4975 rorem
2079 4921 2464 4986 commutavit,
2498 4919 2816 4990 tyrannique
2851 4919 3087 4972 animum
3119 4919 3188 4974 ita
3221 4919 3428 4974 inﬂexit
3454 4963 3469 4986 ,

1875 5021 1932 5068 ut
1955 5029 2052 5084 per
2073 5013 2382 5069 universum
2405 5013 2590 5068 orbem
2612 5012 2794 5066 literas
2819 5012 3076 5076 mitteret,
3102 5011 3169 5066 ad
3191 5011 3333 5067 hunc
3357 5029 3471 5067 mn-

1875 5106 1999 5160 dum
2032 5107 2255 5176 loquens
2282 5123 2296 5159 :
2326 5105 2546 5175 Magnus
2576 5103 2707 5157 Deus
2735 5102 2954 5158 Sidraclt
2973 5141 2990 5166 ,
3011 5101 3257 5168 Μίδωνι,
3285 5113 3336 5159 et
3367 5105 3469 5158 Ab-

1875 5200 2071 5271 denago
2099 5198 2256 5269 (Dan.
2286 5198 2339 5252 5.
2369 5197 2502 5267 95)?
2530 5197 2606 5251 Ac
2633 5195 2754 5251 vide
2782 5211 2943 5266 quam
2971 5203 3126 5250 atrox
3152 5194 3469 5266 supplicium

1874 5293 2146 5348 constituit
2168 5334 2180 5355 ,
2209 5291 2253 5344 si
2279 5291 2400 5360 quis
2422 5290 2676 5345 adversus
2699 5290 2842 5358 ipsos
2862 5287 3062 5359 aliquid
3084 5286 3472 5343 contumeliose

1874 5384 2097 5440 dixisset
2123 5401 2138 5437 :
2167 5397 2360 5452 nempe
2389 5391 2444 5436 ut
2473 5381 2666 5437 domus
2692 5380 2859 5451 ipsius
2889 5394 2954 5434 ac
2981 5378 3257 5434 facultates
3282 5391 3469 5432 omnes

1875 5476 2236 5546 diriperentur
2257 5473 2422 5543 (Ibid.
2449 5490 2496 5528 υ.
2523 5473 2636 5544 96).
2661 5471 2739 5527 Ne
2760 5470 2917 5543 igitur
2939 5471 3174 5526 animum
3194 5468 3462 5527 demittas.

1873 5581 1938 5623 ac
1959 5565 2335 5638 desperatione
2367 5565 2646 5638 frangaris.
2675 5564 2808 5620 Nam
2837 5578 2936 5619 nec
2961 5576 3081 5635 ego,
3109 5576 3230 5617 cum
3256 5559 3468 5614 civitate

1878 5667 2104 5738 pellercr
2128 5705 2143 5730 ,
2175 5662 2462 5735 quidquam
2503 5664 2688 5716 ltnrum
2719 5659 2972 5714 curabam
3000 5699 3015 5721 ,
3042 5672 3226 5712 verum
3260 5669 3468 5710 mecum

3032 5808 3105 5868 19
