3950 6386
481 329 590 388 (585

478 471 593 528 Ipse
618 457 688 513 ita
706 455 963 526 loquebar
986 453 1064 525 (α)
1083 468 1098 506 :
1118 450 1172 506 Si
1191 449 1500 519 imperatrix
1520 461 1603 501 me
1616 444 1806 500 exsilio
1822 441 2080 497 mulctare

482 550 620 614 vult,
651 548 889 605 exsulem
915 562 1041 600 sane
1067 563 1082 600 :
1110 543 1315 598 Domini
1338 550 1408 596 est
1435 550 1591 608 terra,
1615 549 1662 594 et
1691 537 1953 610 plenitudo
1973 537 2083 606 ejus

486 642 662 710 (Prol.
686 641 778 697 25.
800 641 879 711 1).
902 640 957 696 Si
978 652 1127 693 serra
1148 637 1216 692 de
1243 650 1329 691 me
1355 634 1670 703 supplicium
1696 645 1889 700 capere
1916 626 2082 698 cupit,

481 737 727 792 uis-secer
748 753 762 788 :
784 734 1035 790 Hesaiam
1061 746 1158 801 pro
1180 729 1425 799 exemplo
1448 726 1640 781 habeo.
1668 723 1725 780 Si
1748 738 1833 779 me
1860 724 1912 777 in
1937 736 2084 776 mare

485 826 818 898 prmcipitem
849 824 977 879 dare
1006 823 1152 887 vult,
1179 821 1331 877 Jonas
1362 817 1617 874 recordor
1641 813 1814 888 (Ionia
1842 812 1917 885 1).
1945 813 2001 867 Si
2030 813 2083 866 in

486 919 760 974 fornacem
789 917 1060 987 conjicere
1087 914 1198 969 vult
1218 955 1232 978 ,
1263 922 1370 968 tres
1402 926 1596 981 pueros
1627 909 1799 963 habeo
1819 949 1835 973 ,
1866 906 1955 976 qui
1985 920 2082 961 eo-

480 1009 609 1081 dem
641 1010 905 1080 supplicio
934 1007 1108 1064 allecti
1138 1014 1264 1061 sunt
1289 1005 1449 1075 (Dan.
1475 1004 1552 1074 ὅ).
1582 1002 1637 1058 Si
1663 1001 1789 1056 feris
1814 999 2080 1069 objicere,

491 1102 784 1169 Danielcm,
816 1100 906 1172 qui
935 1099 1179 1156 leonibus
1204 1097 1447 1167 obiectus
1468 1105 1571 1163 est,
1601 1093 1730 1148 mihi
1756 1093 1936 1146 animo
1958 1105 2083 1161 pro-

488 1210 633 1265 pono
658 1193 820 1266 (Ibid.
854 1210 900 1247 c.
935 1192 1011 1264 6).
1039 1192 1095 1248 Si
1127 1190 1389 1261 lapidibus
1415 1188 1643 1241 obruere
1669 1185 1818 1249 vult,
1849 1183 2037 1238 obruat
2068 1199 2082 1237 :

486 1285 819 1357 Stephanum
844 1283 1017 1339 habeo
1047 1282 1276 1353 primum
1314 1288 1601 1351 martyrem
1637 1276 1769 1346 (Act.
1805 1275 1879 1345 7).
1911 1272 1968 1328 Si
1995 1288 2084 1326 ca-

489 1386 586 1447 put
629 1392 806 1433 meum
845 1376 1089 1445 accipere
1118 1373 1272 1440 vult,
1300 1372 1525 1441 accipiat
1567 1388 1578 1423 :
1620 1368 1879 1424 Joannem
1910 1364 2085 1420 habeo

494 1468 686 1541 (Marc.
716 1466 796 1539 6).
828 1465 886 1522 Si
915 1466 1192 1522 facultates
1220 1478 1367 1519 meas
1395 1478 1623 1525 sumere,
1655 1468 1864 1515 sumat:
1896 1457 2085 1513 Nudus

489 1576 719 1632 egressus
747 1576 860 1614 sum
888 1559 952 1613 de
985 1568 1155 1612 uentre
1189 1558 1362 1610 matris
1392 1570 1515 1609 mea:
1537 1596 1551 1618 ,
1585 1554 1750 1606 nudus
1778 1552 1931 1606 etiam
1967 1550 2085 1604 hinc

490 1653 758 1707 abscedam
779 1651 900 1725 (Job
944 1652 995 1706 1.
1015 1650 1131 1721 21).
1162 1650 1340 1704 Monet
1362 1664 1445 1703 me
1473 1649 1557 1705 his
1570 1651 1749 1708 verbis
1763 1645 2082 1717 Apostolus:

492 1743 631 1798 Deus
656 1744 873 1798 hominis
892 1758 1157 1813 personam
1180 1758 1283 1795 non
1307 1740 1489 1811 accipit
1507 1757 1525 1806 ;
1546 1748 1707 1810 atque
1728 1738 1810 1792 his
1832 1752 2045 1793 rursum
2067 1754 2081 1791 :

491 1834 554 1889 Si
581 1835 748 1888 adhuc
774 1833 1058 1888 hominibus
1085 1834 1354 1904 placerem,
1384 1829 1573 1887 Christi
1597 1845 1770 1885 servus
1797 1845 1900 1884 non
1923 1844 2083 1883 essem

490 1930 510 1998 (
537 1927 654 1984 Gal.
685 1928 740 1983 2.
769 1928 821 1984 6.
852 1939 897 1983 et
918 1929 970 1983 1.
1001 1925 1128 1999 10).
1161 1926 1289 1981 Mihi
1319 1926 1480 1980 etiam
1513 1923 1677 1979 David
1704 1937 1852 1978 arma
1878 1922 2085 1977 submi-

488 2020 720 2088 nistrat,
752 2035 874 2076 cum
902 2020 977 2075 ait
1007 2038 1020 2074 ε
1049 2018 1311 2091 Loquebar
1348 2017 1411 2073 de
1435 2016 1732 2072 testimoniis
1759 2016 1857 2070 tuis
1885 2015 1937 2069 in
1964 2031 2088 2069 con-

489 2123 663 2183 spectu
703 2129 879 2185 regum
901 2153 918 2180 ,
948 2122 995 2167 et
1032 2128 1135 2167 non
1178 2109 1526 2181 confundebar
1564 2106 1754 2180 (Psal.
1792 2108 1916 2162 118.
1948 2104 2084 2177 46).

488 2204 653 2262 Multa
696 2206 982 2262 adversum
1028 2220 1116 2260 me
1157 2211 1509 2259 struxerunt:
1539 2203 1794 2274 aluntque
1836 2216 1923 2257 me
1964 2210 2088 2272 post

488 2299 676 2369 epulas
713 2298 1032 2370 quibusdam
1062 2295 1496 2354 communionem
1528 2296 1868 2364 impertiisse.
1902 2293 2015 2349 Hoc
2039 2294 2085 2349 si

493 2392 615 2459 feci,
640 2393 708 2449 de
734 2394 1109 2463 episcOporum
1135 2389 1275 2445 libro
1302 2403 1497 2445 nomen
1526 2402 1702 2443 meum
1730 2396 2083 2458 expungatur,

492 2499 594 2541 nec
622 2485 674 2539 in
705 2482 1021 2540 orthodoxa».
1046 2481 1172 2539 ﬁdei
1204 2481 1478 2538 volumine
1505 2478 1772 2535 scribatur
1792 2522 1809 2547 ,
1837 2480 2085 2550 quoniam

492 2590 619 2632 ecce
646 2576 693 2631 si
720 2575 1008 2647 quidquam
1034 2572 1298 2645 ejusmodi
1324 2572 1648 2643 perpetrari,
1677 2570 1919 2627 Christus
1943 2586 1974 2626 e
2001 2585 2087 2626 re-

490 2683 599 2740 gno
621 2682 720 2722 suo
743 2682 830 2722 me
855 2665 1089 2736 abjiciat.
1121 2662 1273 2734 Quod
1299 2663 1343 2719 si
1374 2661 1504 2717 mihi
1530 2661 1795 2718 obstinata
1827 2672 2006 2717 mente
2033 2661 2086 2717 id

490 2757 728 2829 objicere
771 2766 995 2829 pergunt
1020 2798 1035 2825 ,
1067 2755 1290 2812 Paulum
1337 2754 1498 2810 etiam
1525 2754 1595 2811 de
1620 2753 1889 2826 dignitatis
1920 2752 2085 2825 gradu

490 2850 746 2921 dejiciant
771 2890 787 2918 ,
821 2850 910 2922 qui
940 2858 1185 2906 ctenatus
1209 2849 1512 2905 universam
1552 2848 1769 2904 domum
1801 2832 2091 2920 baptizavit

491 2941 627 3015 (Act.
663 2943 793 3014 l6);
844 2941 1072 2998 Domino
1101 2942 1226 2997 item
1260 2942 1359 3012 ipsi
1389 2944 1761 2998 auctoritatem
1789 2942 2083 3013 abrogent,

488 3033 581 3107 qui
608 3033 865 3105 apostolis
894 3041 1016 3103 post
1055 3046 1266 3088 cmnam
1290 3034 1723 3088 communionem
1751 3032 1918 3087 dedit.
1946 3032 2082 3100 Quin

489 3140 579 3181 me
619 3139 833 3196 quoque
879 3139 1002 3179 cum
1046 3123 1271 3179 muliere
1316 3123 1671 3179 concubuisse
1712 3123 2082 3179 criminantur.

493 3215 687 3273 Exuite
714 3230 909 3285 corpus
940 3229 1117 3270 meum
1142 3256 1157 3282 ,
1189 3200 1245 3270 et
1273 3214 1635 3270 membrorum
1667 3230 1908 3270 meorum
1937 3231 2082 3270 mor-

490 3306 836 3366 tificationem
861 3304 1163 3374 reperietis.
1194 3304 1392 3360 Verum
1414 3304 1480 3360 ad
1502 3304 1616 3362 haec
1641 3306 1819 3360 omnia
1847 3304 2086 3363 facienda

492 3397 662 3452 livore
690 3395 906 3452 adducti
935 3403 1080 3452 sunt.
1112 3397 1182 3450 At
1207 3395 1332 3451 idne
1361 3396 1600 3461 omnino,
1632 3395 1855 3467 Cyriace
1885 3397 2049 3453 frater
2067 3440 2081 3464 ,

491 3489 727 3545 animum
772 3498 917 3543 tuum
958 3487 1265 3554 discruciat,
1293 3487 1436 3557 quod
1484 3487 1559 3543 illi
1597 3489 1685 3560 qui
1725 3504 1812 3545 me
1844 3504 1911 3544 ex
1953 3490 2085 3545 urbe

494 3582 832 3651 expulerunt,
860 3579 914 3634 in
941 3578 1059 3634 foro
1083 3579 1251 3635 libere
1275 3580 1519 3646 volitant,
1548 3580 1839 3651 ingensque
1861 3582 2086 3652 stipato-

488 3688 607 3729 rum
633 3687 762 3743 grex
790 3686 885 3727 eos
906 3686 938 3726 a
966 3679 1114 3742 tergo
1139 3670 1420 3742 sequitur?
1440 3670 1638 3727 Verum
1671 3672 1955 3729 recordare
1977 3673 2083 3729 La-

487 3765 599 3821 zari
625 3774 680 3821 et
707 3764 893 3819 divitis
918 3763 1063 3819 illius
1089 3761 1242 3837 (Luc.
1277 3763 1367 3836 16)
1398 3781 1411 3818 :
1439 3778 1617 3819 annon
1648 3764 1735 3819 ille
1761 3764 1813 3819 in
1844 3764 1945 3821 hoc
1967 3781 2084 3823 tevo

484 3855 832 3912 calamitosus
859 3854 998 3924 fuit,
1028 3854 1115 3912 hic
1140 3866 1319 3912 autem
1351 3856 1706 3926 voluptatibus
1729 3872 1792 3913 ac
1821 3857 1946 3913 luxu
1975 3857 2083 3914 dif-

484 3948 672 4004 ﬂuxit?
687 3946 951 4016 Quidnam
969 3962 1129 4019 porro
1150 3948 1223 4003 illi
1249 3959 1531 4019 paupertas
1546 3948 1851 4004 detrimenti
1872 3951 2083 4007 attulit?

484 4041 681 4098 Annon
728 4050 788 4096 ut
829 4040 970 4112 pugil
996 4054 1062 4096 ac
1106 4040 1275 4096 victor
1305 4040 1358 4094 in
1399 4038 1629 4095 Abrahae
1671 4040 1846 4096 sinum
1873 4041 2082 4098 delatus

484 4132 607 4188 est?
630 4131 895 4201 Quidnam
931 4134 1145 4188 rursum
1174 4130 1300 4186 huic
1319 4172 1334 4197 ,
1367 4131 1456 4202 qui
1497 4131 1550 4186 in
1578 4147 1811 4204 purpura
1840 4142 1894 4189 et
1920 4134 2081 4207 bysso

485 4223 873 4293 requiescebat,
893 4237 1025 4293 opes
1046 4222 1393 4292 profuerunt?
1416 4221 1513 4277 Ubi
1536 4222 1789 4277 lictores?
1811 4222 1897 4277 ubi
1919 4224 2113 4302 satel-~

486 4315 649 4372 lites?
675 4317 762 4371 ubi
788 4316 911 4385 equi
937 4314 1113 4369 aureis
1137 4315 1304 4368 frenis
1332 4312 1605 4383 insignes?
1633 4315 1719 4369 ubi
1748 4314 1963 4385 parasiti
1984 4357 2000 4384 ,
2027 4324 2082 4372 et

485 4409 630 4479 regia
662 4408 888 4463 mensa?
917 4408 1110 4462 Annon
1153 4415 1424 4476 tamquam
1465 4406 1603 4462 latro
1637 4406 1847 4463 vinctus
1875 4408 1927 4463 in
1959 4424 2078 4465 mo-

486 4510 800 4558 numentum
848 4499 1250 4564 abducebatur,
1285 4499 1480 4555 nudam
1528 4501 1760 4555 animam
1807 4516 1838 4556 e
1880 4503 2081 4559 mundo

483 4593 752 4651 ederens:
780 4602 939 4664 atque
970 4591 1114 4647 inani
1141 4606 1274 4647 voce
1299 4591 1581 4659 clamabat,
1610 4590 1767 4647 Pater
1788 4592 2077 4661 Abraham,

484 4688 625 4741 mitte
641 4685 918 4752 Lazarum,
937 4694 990 4740 ut
1008 4685 1224 4757 intingat
1243 4694 1519 4740 extremum
1539 4686 1685 4757 digiti
1703 4686 1783 4740 sui
1801 4686 1854 4740 in
1869 4702 2075 4757 aquam,

485 4788 531 4833 et
551 4774 809 4850 refrigeret
834 4779 1057 4849 linguam
1084 4793 1277 4841 meam,
1301 4777 1421 4846 quia
1449 4777 1647 4830 crucior
1669 4777 1720 4831 in
1749 4778 1844 4831 hac
1868 4778 2081 4847 ﬂamma

491 4865 641 4942 (Luc.
669 4868 752 4922 16.
772 4867 905 4938 2t)?
931 4867 1070 4936 Quid
1098 4877 1302 4939 patrem
1335 4867 1696 4923 Abrahamum
1718 4883 1900 4934 vocas,
1925 4869 2078 4939 cujus

489 4961 651 5013 vitam
691 4974 796 5013 non
828 4956 1065 5014 imitatus
1103 4960 1208 5016 es?
1236 4959 1328 5015 Ille
1360 4959 1625 5014 neminem
1656 4975 1762 5014 non
1790 4960 1953 5015 domo
1980 4977 2074 5017 ex-

482 5051 715 5121 cipiebat
739 5066 752 5103 :
779 5061 833 5106 tu
861 5067 927 5107 ne
946 5054 1103 5108 unius
1130 5053 1344 5123 quidem
1367 5053 1615 5123 pauperis
1637 5067 1819 5108 curam
1841 5040 2072 5126 gessisti.

489 5143 599 5199 Nec
626 5157 754 5197 vero
782 5151 864 5198 est
888 5144 1031 5214 quod
1056 5145 1332 5216 lugeamus
1359 5160 1422 5201 ac
1448 5144 1909 5218 collacrymemus,
1932 5147 2073 5218 quod

484 5237 528 5290 is
548 5277 562 5299 ,
592 5232 681 5306 qui
711 5231 870 5287 tantis
895 5233 1085 5304 opibus
1113 5234 1365 5306 praeditus
1390 5244 1502 5290 erat
1522 5276 1537 5301 ,
1562 5251 1712 5305 aqua:
1735 5246 1939 5306 guttam
1966 5253 2072 5292 non

483 5335 567 5381 est
593 5335 972 5395 consequutus.
1003 5328 1265 5392 Quoniam
1295 5328 1436 5382 enim
1467 5328 1633 5382 micas
1663 5329 1882 5398 pauperi
1911 5329 2070 5383 mini-

487 5434 570 5473 me
611 5418 834 5488 largitus
861 5414 942 5471 est
964 5458 979 5484 ,
1006 5416 1205 5471 idcirco
1232 5434 1298 5471 ne
1326 5428 1523 5487 guttam
1554 5418 1769 5489 quidem
1798 5433 1951 5488 aqua:
1980 5433 2073 5474 ac-

480 5508 625 5577 cipit.
679 5508 880 5563 llicmis
923 5516 1160 5577 tempore
1207 5507 1586 5563 misericordia“:
1624 5518 1918 5565 sementem
1963 5525 2068 5564 non

482 5599 627 5668 fecit,
650 5617 712 5655 ac
735 5600 957 5672 proinde
981 5615 1047 5655 ne
1069 5609 1252 5655 aestate
1276 5600 1487 5670 quidem
1511 5616 1741 5656 messem
1765 5602 1907 5657 fecit.
1931 5598 2068 5671 Quin

542 5764 614 5819 (tt)
651 5762 731 5809 Itis
752 5760 922 5808 similia
960 5758 1113 5807 habes
1148 5767 1296 5818 supra
1320 5757 1369 5805 in
1393 5755 1591 5819 Itomilia
1617 5765 1878 5819 antequam
1903 5758 2000 5819 iret
2022 5758 2072 5805 in

483 5817 726 5881 exsilium,
754 5831 970 5884 itemque
993 5822 1041 5868 in
1067 5817 1273 5884 quadam
1297 5817 1608 5881 epistularum
1630 5818 1689 5866 ad
1711 5818 2053 5881 Olympiadem.

1268 335 1323 389 S.
1366 330 1647 388 JOANNIS
1684 323 2163 385 CIIBYSOSTOMI
2207 324 2530 381 ARCIIIEP.
2571 326 3111 386 CONSTANTINOP.

3703 338 3803 392 δελ

2198 444 2301 493 hoc
2345 455 2559 510 quoque
2600 450 2751 496 certo
2788 444 3012 499 consilio
3060 459 3090 498 a
3133 445 3356 503 Domino
3382 457 3559 504 actum
3590 460 3680 506 est
3708 494 3722 511 .
3751 472 3807 508 ut

2195 530 2477 601 impiorum
2510 546 2662 601 poena
2684 572 2702 601 ,
2732 543 2787 588 et
2808 533 3071 603 justorum
3098 537 3310 607 requies
3331 580 3347 606 ,
3378 554 3411 595 e
3438 541 3664 611 regione
3692 543 3807 596 sit..-

2194 623 2303 677 sint
2333 640 2348 677 :
2378 624 2627 678 nimirum
2667 634 2723 678 ut
2757 640 2879 680 sese
2918 631 3015 696 ipsi
3062 638 3248 684 mutuo
3276 631 3605 702 prospicient
3640 641 3809 702 atque

2196 722 2509 782 agnoscant.
2580 715 2729 770 Tunc
2785 717 2929 772 enim
2978 719 3201 788 quilibet
3258 731 3460 794 martyr
3506 731 3807 794 tyrannum

2196 819 2350 858 suum
2388 814 2675 876 agnoscet,
2711 816 2873 877 atque
2920 809 3044 863 item
3082 810 3302 880 quilibet
3346 820 3608 885 tyrannus
3654 830 3809 868 mar-

2197 905 2367 967 tyrem
2415 912 2537 953 eum
2568 940 2584 966 ,
2634 914 2793 968 quem
2837 900 3074 955 cruciatu
3123 901 3318 958 alfecit.
3359 903 3469 959 Nec
3508 920 3649 960 vero
3691 905 3809 961 lucc

2196 1003 2226 1041 a
2278 1004 2363 1043 me
2416 988 2537 1045 dico
2566 1009 2578 1044 :
2612 991 2733 1045 audi
2766 991 2908 1046 enim
2936 992 3065 1062 quid
3109 992 3377 1064 Sapientia
3405 994 3549 1050 dicat
3588 1014 3610 1051 :
3658 995 3707 1050 Τ
3710 1014 3811 1050 une

2193 1081 2343 1135 stabit
2374 1083 2548 1154 justus
2584 1084 2635 1137 in
2675 1102 2861 1156 magna
2886 1088 3170 1141 constantia
3203 1091 3443 1142 adversus
3466 1104 3588 1154 eos,
3628 1086 3731 1158 qui
3758 1106 3809 1142 se

2192 1176 2603 1245 angustiaverunt
2624 1177 2779 1248 (Sap.
2808 1178 2861 1234 5.
2890 1180 2966 1251 1).
2997 1178 3130 1235 Nam
3153 1181 3604 1251 quemadmodum
3632 1183 3686 1239 is
3708 1186 3805 1255 qui

2194 1263 2436 1322 fervente
2464 1268 2578 1324 sole
2606 1270 2709 1324 iter
2733 1269 2876 1337 facit,
2908 1285 2970 1326 ac
2999 1272 3085 1326 siti
3111 1271 3328 1342 ﬂagrat,
3360 1289 3477 1331 cum
3506 1276 3806 1347 limpidum

2194 1355 2395 1411 fontem
2430 1368 2615 1415 nactus
2640 1368 2743 1426 est,
2771 1375 2834 1415 ac
2859 1362 3042 1417 bibere
3069 1362 3397 1432 prohibetur,
3424 1382 3625 1439 magno
3646 1368 3809 1423 dolo-

2156 1464 2159 1467 ‘
2192 1464 2251 1504 re
2270 1451 2531 1517 afficitur;
2558 1460 2650 1506 aut
2673 1466 2881 1508 rursum
2904 1454 3352 1525 quemadmodum
3379 1472 3500 1513 cum
3520 1459 3806 1530 quispiam

2193 1540 2394 1610 ingenti
2423 1544 2559 1597 fame
2588 1542 2829 1611 allectus,
2860 1560 3061 1601 mensze
3088 1547 3234 1602 omni
3264 1547 3562 1605 eduliorum
3590 1567 3807 1622 genere

2192 1634 2447 1689 confertae
2474 1636 2675 1692 assidet
2701 1678 2714 1701 ,
2747 1647 2999 1693 cmterum
3031 1654 3059 1693 a
3091 1641 3390 1710 potentiore
3417 1642 3659 1713 quodam
3698 1645 3805 1698 im-

2191 1727 2423 1797 peditur,
2453 1744 2520 1784 ne
2545 1744 2784 1785 mensam
2805 1731 3050 1802 attingat,
3072 1746 3137 1788 ac
3156 1732 3291 1789 cibis
3318 1733 3540 1801 fruatur,
3567 1751 3806 1807 gravem

2191 1819 2437 1876 dolorem
2468 1829 2522 1876 et
2562 1823 2858 1878 cruciatum
2886 1825 3050 1879 sentit
3079 1865 3096 1892 ,
3126 1826 3269 1897 quod
3298 1841 3419 1881 cum
3457 1843 3673 1883 mensae
3714 1844 3808 1884 ac-

2194 1913 2432 1977 cumbat,
2457 1913 2631 1983 epulis
2656 1923 2834 1970 tamen
2855 1915 3103 1986 gaudere,
3128 1917 3214 1972 vel
3234 1918 3367 1972 fonti
3387 1918 3634 1974 assidens
3657 1935 3807 1991 aqua

2192 2004 2293 2060 frui
2344 2015 2573 2077 nequeat
2604 2025 2618 2062 :
2647 2010 2840 2064 eodem
2875 2010 3037 2065 modo
3070 2011 3124 2066 in
3152 2011 3334 2081 judicii
3363 2012 3451 2068 die
3486 2014 3641 2084 impii
3674 2030 3806 2069 san-

2191 2108 2308 2154 ctos
2338 2101 2479 2155 viros
2507 2100 2660 2157 laztos
2690 2111 2850 2172 atque
2879 2102 3079 2159 hilares
3104 2105 3455 2176 eonspicient,
3478 2122 3575 2162 nec
3606 2117 3803 2165 tamen

2197 2193 2328 2263 ipsis
2356 2194 2501 2264 regia
2542 2209 2725 2270 mensa
2755 2195 2855 2250 frui
2884 2196 3224 2253 concedetur.
3256 2196 3389 2252 Nam
3417 2199 3573 2254 etiam
3609 2200 3796 2267 Deus,

2198 2299 2319 2340 cum
2351 2285 2420 2340 de
2445 2285 2652 2341 Adamo
2680 2287 2998 2357 supplicium
3025 2302 3239 2345 sumere
3266 2290 3427 2345 vellet
3446 2331 3461 2355 ,
3488 2288 3590 2346 hoc
3622 2290 3762 2347 fecit
3781 2334 3799 2358 ,

2193 2386 2250 2432 ut
2289 2378 2402 2448 ipse
2426 2393 2457 2434 e
2487 2377 2715 2449 paradisi
2747 2380 2964 2450 regione
2993 2390 3188 2436 terram
3223 2384 3426 2438 coleret
3454 2401 3468 2438 :
3492 2400 3596 2454 quo
3644 2386 3800 2441 vide-

2196 2471 2319 2526 licet
2343 2472 2393 2525 in
2417 2471 2657 2542 singulos
2677 2470 2791 2528 dies
2811 2486 2876 2528 ac
2895 2472 3133 2544 singulas
3154 2473 3312 2530 horas
3327 2476 3615 2546 jucundum
3637 2478 3799 2534 illum

2191 2574 2246 2621 ct
2273 2566 2631 2636 expetendum
2660 2566 2859 2634 locum,
2888 2569 3030 2624 unde
3056 2579 3384 2632 excesserat,
3414 2571 3798 2640 prospiciens,

2193 2666 2509 2727 perpetuum
2527 2657 2709 2713 animo
2728 2656 2969 2715 dolorem
2993 2658 3249 2715 hauriret.
3274 2659 3429 2729 Quod
3451 2661 3495 2715 si
3515 2660 3600 2717 hic
3619 2663 3800 2718 etiam

2191 2750 2348 2805 nobis
2379 2759 2562 2805 mutuo
2589 2765 2878 2822 congressu
2915 2750 3019 2807 frui
3046 2766 3152 2807 non
3183 2752 3371 2819 licuit,
3409 2763 3465 2809 at
3489 2770 3651 2809 nemo
3682 2757 3799 2812 illic

2190 2840 2443 2907 obstabit,
2474 2842 2604 2913 quin
2630 2851 2740 2897 tum
2767 2857 2871 2898 una
2896 2842 3173 2915 degamus,
3205 2860 3424 2915 eosque,
3455 2860 3483 2900 a
3508 2845 3711 2916 quibus
3736 2850 3796 2904 in

2189 2933 2434 2987 exsilium
2461 2932 2613 3004 ejecti
2641 2948 2849 3000 sumus,
2874 2934 3170 3001 videamus,
3197 2945 3255 2991 ut
3280 2936 3511 2992 Lazarus
3535 2936 3789 3007 divitem,

2190 3035 2245 3081 et
2273 3036 2537 3098 martyres
2558 3033 2834 3098 tyrannos.
2865 3028 2941 3083 Ac
2961 3027 3182 3098 proinde
3204 3029 3437 3084 animum
3461 3044 3527 3085 ne
3546 3030 3790 3100 despon-

2188 3119 2281 3190 de,
2315 3134 2499 3175 verum
2531 3120 2668 3176 hanc
2694 3120 2969 3191 prephettc
2994 3135 3178 3176 vocem
3208 3121 3263 3176 in
3290 3121 3600 3177 memoriam
3624 3138 3786 3179 revo-

2191 3228 2252 3269 ca
2279 3231 2292 3268 :
2319 3211 2496 3268 Nolite
2520 3215 2694 3268 timere
2716 3214 3043 3284 approbrium
3066 3213 3347 3280 hominum,
3368 3223 3415 3268 et
3438 3223 3783 3286 contemptum

2193 3322 2365 3360 eorum
2389 3322 2451 3360 ne
2474 3305 2705 3361 metuatis
2729 3306 2892 3360 :sicut
2916 3305 3049 3361 enim
3069 3305 3191 3360 lana
3219 3321 3251 3359 a
3278 3306 3411 3360 tinea
3436 3305 3678 3360 rodentur
3699 3349 3715 3372 ,
3737 3321 3783 3361 et

2187 3398 2316 3452 sicut
2357 3397 2704 3452 vestimentum
2747 3406 3053 3453 veterascent
3077 3398 3095 3468 (
3120 3396 3249 3451 lsai.
3287 3397 3379 3452 51.
3421 3397 3475 3451 7.
3515 3396 3615 3468 8).
3648 3398 3778 3452 Illud

2186 3494 2349 3548 etiam
2378 3491 2763 3561 animadverte,
2785 3491 3054 3562 quomodo
3086 3490 3359 3559 Dominus,
3385 3489 3487 3545 hoc
3509 3500 3592 3546 est
3620 3491 3668 3545 is
3693 3494 3777 3563 qui

2187 3585 2445 3641 mundum
2474 3585 2733 3652 continet,
2754 3587 2932 3640 statim
2951 3584 3021 3638 ab
3044 3580 3375 3638 incunabulis
3394 3581 3775 3653 exagitabatur,

2185 3688 2345 3749 atque
2372 3679 2424 3732 in
2449 3677 2797 3734 barbarorum
2827 3686 3020 3731 terram
3043 3675 3352 3745 ejiciebatur
3378 3691 3393 3728 :
3419 3690 3526 3745 quo
3552 3688 3651 3729 nos
3678 3677 3779 3730 sci-

2187 3771 2314 3827 licet
2337 3771 2585 3842 exemplo
2609 3785 2707 3825 suo
2729 3780 2992 3836 moneret,
3019 3784 3086 3824 ne
3113 3768 3164 3823 in
3194 3767 3569 3823 teutationibus
3588 3767 3781 3822 animis

2187 3863 2513 3936 frangamur.
2557 3863 2850 3919 Salvatoris
2880 3862 3057 3932 passio
3085 3860 3177 3916 tibi
3214 3861 3266 3915 in
3295 3861 3470 3914 animo
3496 3868 3743 3915 versetur
3764 3901 3778 3924 ,

2186 3972 2379 4028 nempe
2402 3965 2532 4028 quot
2558 3956 2895 4011 contumeliis
2917 3955 3029 4025 ipse
3052 3963 3228 4010 nostra
3254 3966 3411 4007 causa
3437 3951 3659 4007 allectus
3684 3954 3775 4006 sit.

2184 4049 2290 4105 Alii
2323 4049 2465 4105 enim
2506 4063 2628 4103 eum
2664 4046 3054 4103 Samaritauum
3091 4044 3390 4111 vocabant,
3419 4044 3509 4098 alii
3546 4045 3777 4114 arrepti-

2185 4144 2317 4199 tium
2344 4185 2361 4209 ,
2391 4152 2443 4198 et
2489 4141 2796 4197 hellunem
2822 4183 2836 4207 ,
2866 4148 2920 4196 et
2956 4139 3148 4194 falsum
3189 4137 3520 4207 prophetam.
3552 4136 3780 4191 Aiebam

2184 4237 2329 4293 enim
2363 4254 2376 4291 :
2414 4234 2542 4290 Ecce
2572 4236 2721 4288 homo
2750 4251 2907 4289 uorax
2944 4243 2991 4287 et
3019 4240 3216 4304 potator
3245 4231 3346 4284 vini
3380 4228 3530 4302 (Luc.
3560 4230 3614 4284 ’1.
3639 4229 3737 4299 3-1)
3759 4268 3776 4293 ,

2184 4339 2240 4385 et
2267 4347 2280 4383 :
2311 4327 2376 4384 In
2402 4328 2629 4399 principe
2649 4326 3015 4381 dwmoniorum
3043 4325 3187 4392 eiecit
3207 4322 3458 4377 dcentonia
3482 4319 3698 4393 (Matth.
3721 4322 3774 4376 9.

2184 4422 2300 4493 '54).
2331 4421 2467 4490 Quid
2496 4437 2616 4477 cum
2645 4437 2767 4476 cum
2795 4419 3063 4475 ducebant
3086 4426 3145 4473 ut
3169 4415 3464 4488 prtecipitio
3492 4423 3773 4479 necarent,

2184 4526 2241 4572 et
2262 4532 2382 4572 cum
2410 4516 2576 4586 ipsius
2606 4515 2791 4571 faciem
2818 4511 3223 4584 conSpuebant?
3242 4510 3370 4581 quid
3389 4524 3511 4565 cum
3534 4508 3779 4580 chlamy-

2183 4608 2307 4663 dem
2348 4608 2447 4678 ipsi
2494 4606 2838 4678 imponebaut
2860 4645 2878 4673 ,
2902 4621 2968 4660 ac
2997 4605 3166 4675 spinis
3194 4603 3368 4673 ipsum
3404 4601 3772 4665 coronabant.

2183 4709 2345 4772 atque
2370 4699 2437 4755 ad
2479 4699 2646 4769 ipsius
2690 4696 2852 4769 pedes
2887 4696 3102 4752 ludibrii
3128 4710 3296 4752 causa
3326 4709 3385 4750 se
3413 4694 3734 4764 abjiciebant
3756 4735 3774 4758 ,

2183 4808 2285 4850 nec
2328 4793 2489 4848 ullum
2539 4792 2799 4848 irrisionis
2844 4804 3012 4862 genus
3056 4793 3108 4846 in
3146 4804 3212 4846 eo
3256 4787 3775 4858 prietermittebant?

2182 4885 2311 4956 quid
2344 4900 2465 4941 cum
2495 4885 2661 4954 alapis
2699 4886 2868 4954 ipsum
2895 4881 3211 4939 czedebant?
3240 4896 3361 4937 cum
3389 4890 3602 4936 acetum
3627 4891 3684 4935 et
3709 4878 3779 4934 fel

2183 4976 2474 5033 bibendum
2513 4977 2561 5031 ei
2592 4974 2826 5031 dabant?
2869 4989 2991 5029 eum
3028 4971 3289 5028 arundine
3317 4971 3486 5042 ipsius
3509 4979 3671 5043 caput
3701 4968 3778 5024 fe-

2183 5069 2432 5125 riebant?
2454 5058 2582 5123 cum
2610 5066 2934 5139 sanguinarii
2966 5066 3039 5121 illi
3061 5079 3225 5120 canes
3251 5078 3373 5119 eum
3400 5063 3506 5118 huc
3529 5071 3694 5134 atque
3717 5062 3782 5116 ilo

2180 5163 2269 5218 luc
2292 5160 2608 5216 trahebant?
2631 5160 2759 5231 quid
2780 5154 2988 5215 cum-ad
3009 5167 3235 5213 mortem
3260 5157 3435 5213 nudus
3458 5156 3779 5220 ducebatur,

2179 5269 2474 5325 omnesque
2508 5254 2752 5323 discipuli
2791 5268 2913 5308 eum
2942 5252 3295 5308 deseruerant
3316 5291 3330 5314 ,
3359 5257 3521 5320 atque
3544 5263 3684 5305 unus
3710 5265 3782 5305 ex

2180 5347 2309 5416 ipsis
2334 5362 2455 5401 cum
2480 5345 2804 5416 prodiderat,
2828 5345 2966 5401 alter
2987 5353 3304 5415 negaverat;
3326 5342 3417 5398 alii
3440 5342 3618 5415 fugam
3641 5343 3780 5399 inie-

2180 5448 2337 5504 rant,
2367 5438 2513 5493 solus
2555 5437 2666 5508 ipse
2709 5438 2760 5491 in
2805 5436 2980 5492 media
3020 5437 3108 5491 illa
3152 5435 3303 5491 turba
3342 5434 3520 5491 nudus
3556 5434 3779 5492 Stabat?

2180 5530 2367 5602 (festus
2387 5531 2582 5602 quippe
2602 5530 2715 5585 dies
2737 5537 2870 5596 erat,
2894 5544 3084 5585 omnes
3105 5537 3228 5584 tunc
3250 5530 3301 5582 in
3325 5544 3490 5583 unum
3508 5542 3708 5599 cogens
3732 5528 3776 5598 ;)

2178 5621 2326 5693 quid,
2355 5637 2475 5677 cum
2508 5631 2776 5693 tamquam
2804 5635 3003 5677 nocens
3031 5629 3085 5677 et
3112 5619 3444 5676 facinorosus
3472 5620 3611 5675 inter
3639 5618 3774 5674 faci-

2178 5729 2402 5770 norosos
2429 5714 2571 5769 cruci
2599 5712 2912 5784 adigebatur
2930 5754 2947 5781 ,
2977 5728 3042 5769 ac
3070 5721 3413 5783 posteaquam
3442 5728 3476 5769 e
3497 5727 3654 5768 cruce
3673 5711 3775 5766 de-

2178 5810 2372 5867 missus
2402 5816 2502 5874 est,
2528 5805 2729 5863 tamdiu
2756 5806 3058 5862 inhumatus
3079 5804 3268 5877 jacuit,
3290 5804 3486 5876 quoad,
3510 5813 3567 5861 ut
3585 5805 3772 5871 sepul-
