3950 6438
215 462 312 519 685
1658 450 2034 508 EPISTOLE.

217 591 320 636 tura
345 577 653 642 donaretur,
685 590 714 631 a
742 574 972 648 quodam
1002 573 1298 646 postulatus
1323 571 1444 629 cst?
1491 570 1794 627 Recordare

215 690 327 730 cum
346 673 533 728 funere
555 686 659 726 non
677 670 875 727 elatum
898 683 1037 733 esse,
1064 668 1133 723 im
1142 666 1473 737 probumque
1491 677 1796 721 sermonem

216 768 460 824 adversus
503 781 624 822 eum
666 763 1070 819 disseminatum
1103 761 1265 816 fuisse
1288 802 1304 826 ,
1338 759 1585 814 nimirum
1614 769 1738 811 eum
1768 770 1799 809 a

218 858 480 927 discipulis
531 856 645 912 suis
692 863 996 925 surreptam
1048 851 1250 918 fuisse,
1300 865 1399 905 nec
1441 847 1802 904 resurrexisse

3396 448 3517 517 oss

1902 585 2129 641 rumque
2160 569 2393 628 furorem
2420 573 2750 646 exstinguas.
2782 582 2942 648 atque
2965 590 3150 632 eorum
3178 574 3269 647 qui
3292 582 3502 629 nostras

1904 674 2082 734 partes
2101 674 2317 721 tuentur
2333 666 2545 723 animos
2559 682 2790 735 recrees,
2820 670 3093 741 multaque
3114 669 3252 724 bona
3275 667 3498 725 efﬁcias.

1903 762 2079 829 Quare
2128 778 2197 819 ne
2243 764 2531 827 cunctcris,
2577 779 2675 820 nec
2720 764 3115 835 procrastines;
3161 763 3255 820 sed
3313 762 3502 830 majori

1904 854 2184 909 celeritate
2210 855 2399 922 utaris,
2430 864 2596 935 teque
2614 854 2751 922 hare,
2774 872 2892 926 quae
2913 872 2942 911 a
2973 871 3058 912 me
3084 863 3504 912 commemorata

217 949 422 1021 (Matth.
450 946 568 1019 '28).
614 946 671 1001 In
701 956 935 1000 mentem
965 944 1179 998 veniant
1204 941 1430 1014 apostoli
1455 982 1470 1006 ,
1499 940 1587 1010 qui
1620 949 1673 993 et
1702 937 1800 1007 ipsi

219 1041 579 1109 undecumque
601 1037 951 1102 vexabantur,
975 1050 1038 1089 ac
1058 1034 1285 1088 latebras
1307 1032 1637 1103 quaerebant,
1661 1027 1802 1100 quod

218 1134 271 1188 iu
297 1132 512 1189 urbibus
538 1130 709 1201 palam
741 1127 941 1183 versari
971 1142 1073 1182 non
1099 1133 1318 1197 possent
1348 1144 1362 1179 :
1388 1139 1619 1194 quonam
1653 1132 1806 1191 pacto

220 1227 405 1282 Petrus
430 1222 570 1294 apud
599 1222 867 1277 Simonem
900 1220 1183 1276 curiarium
1213 1216 1560 1272 delitescebat
1589 1214 1723 1287 (Act.
1749 1213 1802 1270 9.

222 1322 332 1393 45),
359 1329 411 1377 et
434 1319 631 1375 Paulus
658 1315 795 1389 apud
829 1317 1101 1372 mulierem
1130 1311 1522 1385 purpurariam,
1551 1309 1803 1381 quoniam

223 1415 292 1470 de
315 1414 533 1469 divitum
565 1427 690 1483 erga
718 1426 777 1466 se
803 1410 981 1463 animo
1007 1407 1323 1463 dubitabant
1351 1402 1528 1475 (Ibid.
1562 1402 1652 1458 16.
1684 1399 1808 1471 15).

225 1512 295 1564 At
332 1518 512 1578 postea
556 1506 735 1560 omnia
778 1503 906 1572 ipsis
946 1501 1100 1573 plana
1144 1509 1198 1555 et
1236 1497 1407 1553 facilia
1448 1494 1681 1551 fuerunt.
1730 1493 1811 1548 Ad

224 1599 465 1655 eumdem
489 1598 647 1668 igitur
667 1595 882 1651 modum
906 1604 960 1649 tu
983 1608 1192 1663 quoque
1215 1591 1451 1645 animum
1475 1604 1541 1643 ne
1564 1585 1801 1657 dejicias.

228 1691 455 1747 Allatum
476 1701 652 1742 autem
672 1686 739 1741 ad
762 1701 847 1741 me
867 1693 950 1740 est
968 1685 1033 1739 de
1054 1683 1222 1738 deliro
1252 1681 1343 1737 illo
1372 1679 1595 1735 Arsacio
1615 1720 1628 1744 ,
1653 1692 1809 1748 quem

231 1781 536 1853 lmperatrix
566 1781 617 1834 in
646 1778 840 1834 throno
866 1776 1178 1839 collocavit,
1208 1789 1328 1829 eum
1362 1770 1552 1829 fratres
1581 1785 1672 1825 eos
1698 1784 1815 1824 om-

231 1892 348 1942 nes,
376 1874 465 1945 qui
489 1874 505 1906 ¹
527 1888 649 1928 cum
676 1871 792 1942 ipso
816 1868 1212 1926 communicare
1237 1864 1573 1926 recusabant,
1599 1861 1819 1917 alﬂixis—

230 1984 292 2024 se
321 1985 335 2023 :
364 1977 415 2022 et
457 1967 650 2022 multos
693 1980 761 2020 ex
804 1963 932 2033 ipsis
973 1963 1076 2016 mei
1118 1973 1278 2015 causa
1323 1959 1376 2013 in
1422 1955 1647 2011 vincatis
1676 1954 1817 2010 diem

232 2063 353 2115 vita:
393 2067 688 2115 extremum
718 2055 994 2112 clausisse.
1041 2051 1315 2124 Siquidem
1356 2050 1511 2119 lupus
1542 2049 1672 2113 ille,
1704 2047 1821 2102 oiis

232 2153 461 2224 speciem
491 2167 606 2224 prae
634 2166 693 2206 se
723 2149 899 2205 ferens
922 2189 939 2217 ,
979 2147 1079 2203 etsi
1121 2144 1357 2217 episc0pi
1402 2143 1601 2197 larvam
1633 2152 1775 2213 gerat
1803 2181 1820 2205 ,

234 2243 443 2299 adulter
483 2253 658 2297 tamen
703 2249 804 2295 est.
835 2239 909 2297 Ut
935 2239 1076 2293 enim
1105 2237 1295 2292 mulier
1334 2234 1575 2290 adultera
1606 2240 1826 2286 vocatur

233 2349 353 2404 quae
382 2334 596 2388 vivente
622 2332 739 2386 viro
767 2330 919 2386 alteri
950 2329 1099 2384 nubit
1128 2344 1146 2383 :
1173 2326 1363 2383 eodem
1396 2324 1555 2381 modo
1582 2324 1669 2379 hic
1693 2338 1827 2393 quo-

237 2443 341 2496 que
376 2425 583 2481 adulter
611 2434 693 2480 est
717 2464 731 2490 ,
759 2439 864 2479 non
891 2423 1068 2478 carnis
1093 2463 1108 2488 ,
1140 2420 1234 2477 sed
1271 2420 1493 2491 spiritus
1525 2436 1540 2473 :
1571 2434 1658 2474 me
1681 2417 1826 2473 enim

238 2517 445 2570 vivente
478 2514 730 2569 Ecclesize
772 2512 1027 2569 thronum
1072 2512 1284 2566 invasit.
1317 2512 1491 2580 Atque
1519 2510 1633 2565 hmc
1672 2509 1763 2563 tibi
1796 2524 1827 2564 c

237 2609 447 2663 (luens-0
464 2610 485 2640 ²
506 2607 722 2677 scripsi,
744 2622 851 2678 quo
872 2606 1121 2661 videlicet
1146 2605 1463 2674 lmperatrix
1488 2603 1717 2674 ablegari
1745 2618 1830 2657 me

232 2700 413 2770 jussit.
443 2699 616 2754 Multa:
644 2714 804 2769 porro
854 2698 985 2752 mihi
1034 2697 1086 2752 in
1118 2697 1199 2751 via
1230 2696 1560 2751 calamitates
1589 2696 1828 2764 contige-

238 2801 362 2847 runt
384 2810 399 2847 :
423 2807 607 2847 verum
636 2776 764 2846 nihil
791 2788 1051 2861 ejusmodi
1078 2788 1204 2843 mihi
1228 2804 1372 2843 cura:
1394 2786 1510 2842 fuit.
1560 2787 1629 2843 Ut
1653 2798 1829 2841 autem

238 2884 295 2937 in
324 2882 734 2953 Cappadociam,
763 2893 923 2951 atque
948 2881 1108 2935 etiam
1139 2880 1192 2934 in
1217 2877 1661 2933 Tauro-Ciliciam
1687 2878 1835 2932 veni-

242 2991 365 3031 nms
385 3017 403 3043 ,
433 2991 626 3047 magno
666 2977 879 3045 agmine
923 2974 1092 3029 sancti
1125 2983 1304 3047 patres
1327 3013 1340 3036 ,
1371 2987 1434 3026 ac
1466 2969 1709 3026 monachi
1736 3013 1747 3033 ,
1782 2980 1837 3024 ct

244 3069 478 3140 virgines
503 3046 714 3122 obviam
744 3068 896 3123 nobis
925 3046 1248 3138 prodibant,
1277 3066 1533 3120 infinitam
1563 3065 1831 3135 lacryma-

242 3178 360 3217 rum
388 3161 491 3215 vim
516 3161 912 3230 profundentes.
935 3160 1176 3231 Cumque
1193 3174 1291 3215 nos
1308 3160 1359 3214 in
1376 3159 1622 3214 exsilium
1639 3156 1841 3212 abeun-

243 3264 329 3309 tes
351 3263 637 3309 ccrnerent
659 3294 674 3317 ,
707 3254 758 3308 in
804 3252 958 3308 fletus
1000 3254 1444 3323 prorumpebant,
1476 3251 1665 3322 hisque
1695 3251 1835 3305 inter

241 3360 305 3400 se
332 3345 511 3399 verbis
540 3345 823 3400 utebantur
846 3363 860 3399 :
887 3344 1063 3400 Satius
1094 3344 1280 3400 fuisset
1308 3344 1477 3400 solem
1508 3345 1685 3400 radios
1713 3359 1841 3398 suos

240 3438 558 3494 subtrahere
583 3478 599 3503 ,
627 3453 785 3508 quam
812 3437 1032 3493 JOannis
1059 3453 1121 3493 os
1144 3438 1434 3493 conticere.
1466 3437 1591 3491 Hmc
1616 3452 1700 3490 inc
1725 3451 1844 3505 per-

243 3530 532 3585 turbabant
573 3545 635 3583 ac
663 3528 973 3600 premebant
1000 3571 1014 3594 ,
1047 3529 1298 3599 quoniam
1326 3542 1512 3582 omnes
1536 3541 1652 3581 mea
1683 3541 1841 3581 causa

244 3630 524 3693 plorantes
573 3621 841 3677 intuebar.
888 3621 1020 3676 Nam
1064 3632 1259 3677 cartera
1302 3619 1479 3674 omnia
1505 3660 1520 3684 ,
1561 3633 1679 3688 qua:
1713 3616 1843 3670 mihi

244 3715 447 3768 oborta
483 3720 631 3779 sunt,
655 3712 799 3768 nulla
828 3727 924 3767 me
944 3727 1074 3767 cura
1102 3711 1413 3767 affecerunt.
1443 3710 1514 3765 At
1541 3723 1668 3765 vero
1700 3707 1848 3761 urbis

245 3806 479 3878 hujusce
517 3807 798 3876 episcopus
834 3820 1092 3876 perquam
1124 3804 1427 3859 humaniter
1455 3818 1552 3857 nos
1589 3800 1799 3870 excepit
1832 3844 1847 3869 ,

244 3908 564 3969 tantamque
592 3914 717 3971 erga
744 3913 841 3954 nos
867 3900 1144 3955 caritatem
1172 3913 1280 3968 prae
1309 3911 1368 3953 se
1396 3897 1533 3960 tulit,
1561 3904 1618 3949 ut
1647 3895 1807 3950 etiam
1827 3934 1845 3961 ,

243 3992 291 4045 si
329 3989 447 4045 fieri
477 3992 770 4060 potuisset,
810 3989 1004 4045 throno
1039 4004 1250 4059 quoque
1287 4002 1387 4043 suo
1418 3988 1570 4042 nobis
1595 4001 1848 4041 cessurus

246 4084 451 4148 fuerit,
483 4083 587 4138 nisi
612 4082 767 4138 nobis
793 4082 1091 4138 cavendum
1122 4080 1345 4148 fuisset,
1377 4096 1444 4135 ne
1476 4079 1847 4151 prmscriptum

247 4173 484 4229 limitem
511 4172 912 4229 excederemus.
951 4171 1311 4240 Quamobrem
1343 4179 1395 4226 te
1421 4185 1551 4242 rogo
1574 4211 1589 4236 ,
1621 4184 1684 4224 ac
1705 4166 1850 4223 velut

242 4264 483 4335 genibus
514 4266 615 4319 tuis
643 4263 923 4319 advolutus
951 4263 1191 4318 obtestor
1212 4304 1228 4327 ,
1261 4268 1320 4316 ut
1372 4277 1656 4317 moerorem
1685 4271 1738 4315 et
1767 4260 1850 4313 lu-

245 4366 407 4410 ctum
446 4355 664 4425 abjicias
688 4395 702 4418 ,
734 4369 797 4410 ac
835 4369 933 4426 pro
963 4354 1117 4409 nobis
1143 4354 1282 4424 apud
1312 4355 1477 4410 Deum
1509 4370 1715 4408 memor
1740 4353 1811 4405 sis
1834 4393 1848 4416 ,

244 4447 523 4517 nobisque
552 4447 833 4504 rescribas.

327 4580 481 4639 CXX
492 4580 587 4637 VI.
617 4581 806 4652 Ruﬁno
844 4583 1151 4655 presbytero.
1183 4580 1413 4652 (Cucuso
1451 4595 1591 4634 anno
1629 4576 1779 4650 406.)

329 4718 623 4775 thnicia:
649 4719 785 4774 mala
816 4733 1027 4774 rursum
1061 4717 1350 4784 exarsisse,
1379 4731 1441 4770 ac
1466 4715 1741 4786 gentilium
1772 4715 1854 4769 fu-

245 4829 443 4868 rorem
471 4824 682 4867 auctura
711 4826 827 4867 esse
855 4811 1034 4880 accepi
1060 4828 1073 4864 :
1123 4808 1535 4879 compluresque
1564 4811 1856 4863 monachos

246 4903 457 4973 partim
486 4902 791 4958 vulneribus
815 4902 1034 4964 affectos
1053 4916 1193 4961 esse,
1223 4900 1415 4969 partim
1439 4900 1602 4954 etiam
1629 4911 1854 4954 mortem

240 4996 485 5052 oliiisse.
515 4995 641 5052 Ideo
674 4995 932 5064 majorem
965 4994 1017 5049 in
1048 4990 1264 5048 modum
1298 5000 1349 5047 te
1397 5007 1579 5061 urgeo,
1613 4999 1670 5045 ιιι
1697 5006 1856 5059 quam

241 5088 549 5142 celerrime
595 5096 646 5142 te
686 5087 752 5140 ad
798 5086 899 5140 iter
941 5085 1204 5154 accingas,
1251 5094 1414 5154 atque
1466 5084 1519 5138 in
1563 5084 1679 5138 acie
1722 5094 1851 5138 stes.

241 5182 481 5234 (tortum
512 5178 654 5234 enim
701 5177 873 5233 habeo
903 5177 1040 5242 fore,
1066 5187 1121 5230 ut
1150 5176 1193 5230 si
1223 5192 1430 5245 preces,
1463 5185 1516 5232 et
1542 5176 1813 5232 lenitatem
1842 5217 1855 5239 ,

238 5282 305 5326 et
370 5272 867 5339 mansuetudinem,
921 5281 978 5328 et
1017 5272 1375 5337 tolerantiam,
1421 5279 1476 5325 et
1527 5268 1857 5340 patientiam,

238 5381 491 5436 eamque
534 5381 694 5435 quam
733 5369 878 5421 soles
913 5363 1073 5418 animi
1111 5360 1476 5417 fortitudinem
1527 5358 1855 5424 adhibueris,

239 5459 340 5512 vel
376 5466 597 5528 aspectu
625 5457 743 5512 solo
767 5456 1104 5512 adversarios
1126 5455 1178 5508 in
1201 5452 1376 5523 fugam
1401 5451 1678 5520 conjicias,
1712 5450 1858 5521 ipsu-

323 5575 342 5640 ξ
388 5580 509 5640 Eum
532 5570 711 5634 fratres
731 5576 777 5621 et
799 5569 1158 5640 rirginesrqntr.

316 5639 343 5668 ³
384 5626 570 5693 Ειιιι.,”ε
592 5643 777 5683 (ucuw
797 5626 997 5683 Ciliciae.
1013 5626 1130 5679 rlil'tt.
1147 5628 1306 5686 savil.,
1322 5641 1349 5678 ε
1367 5626 1583 5678 Cucusis.
1606 5635 1651 5675 tn
1669 5627 1862 5693 duobus

220 5698 371 5748 Mss.
402 5688 523 5754 vox,
539 5694 739 5754 ('iliritc,
763 5695 923 5744 deest.
949 5700 1093 5741 Certe
1115 5700 1350 5740 Cucusum
1374 5703 1469 5754 non
1492 5702 1667 5754 omnes
1687 5688 1861 5738 Ciliciae

236 5774 382 5812 esse
402 5751 647 5809 dicebant.
672 5756 716 5806 si
726 5751 853 5807 vera
875 5757 939 5803 sit
962 5756 1131 5804 horum
1166 5754 1382 5803 codicum
1426 5751 1591 5809 lectio,
1617 5757 1669 5800 et
1694 5764 1861 5800 veram

230 5826 440 5885 utique
463 5828 600 5885 puto,
623 5817 945 5885 tuncl_e_vat.ur
974 5830 1120 5879 supra
1150 5822 1411 5885 memorata
1441 5814 1707 5885 in__b_touit_o
1740 5812 1863 5885 difﬁ-

230 5873 434 5936 anno.
457 5873 743 5931 Athanasius
763 5878 893 5929 illam
916 5892 964 5941 in
983 5873 1269 5941 ca'p1‘~adocia
1294 5877 1359 5925 lo.
1369 5883 1416 5927 at
1441 5878 1488 5926 in
1505 5876 1706 5926 ttistoria
1730 5873 1860 5924 Aria-

225 5959 439 6001 natura
460 5943 522 5993 ad
547 5942 794 5992 Monachus
816 5956 862 6005 p.
883 5940 992 5990 548.

1907 952 2053 1010 sunt,
2087 944 2400 1000 alacriorem
2442 944 2685 1000 reddant.
2737 944 2948 1001 Etenim
2994 946 3038 1001 si
3083 944 3504 1015 conflagranteut

1909 1033 2125 1089 domum
2172 1035 2436 1103 vidisses,
2484 1054 2592 1093 non
2632 1037 2871 1108 profecto
2916 1039 3268 1105 recessiSses,
3321 1052 3509 1093 verum

1912 1128 2169 1195 majorem
2195 1128 2357 1183 etiam
2386 1128 2781 1185 festinationem
2827 1130 3163 1186 adhibuisses
3182 1173 3197 1195 ,
3225 1144 3332 1201 quo
3360 1129 3511 1184 flam-

1913 1235 2057 1274 mam
2078 1229 2448 1276 antevcrteres
2468 1263 2484 1289 ,
2513 1230 2674 1292 atque
2705 1232 2813 1277 tum
2846 1237 2945 1293 per
2970 1231 3044 1289 te,
3078 1231 3188 1276 tum
3219 1238 3314 1292 per
3340 1221 3476 1276 alios
3495 1262 3512 1286 ,

1914 1312 2124 1384 quidvis
2149 1313 2355 1385 egisses
2374 1356 2388 1379 ,
2417 1328 2471 1369 ιιι
2506 1315 2702 1369 malum
2729 1316 3120 1387 exstingueres.
3155 1316 3355 1371 Eodem
3382 1331 3512 1386 ergo

1916 1405 2078 1460 modo
2118 1420 2261 1461 nunc
2285 1416 2518 1477 quoque,
2561 1408 2813 1478 quoniam
2860 1406 3164 1478 hujusmodi
3210 1408 3521 1463 incendium

1918 1499 2210 1554 excitatum
2237 1507 2340 1563 est,
2371 1498 2454 1553 fac
2478 1500 2595 1553 sine
2626 1500 2735 1554 ulla
2778 1514 2928 1555 mora
2957 1500 3083 1555 illuc
3115 1499 3375 1569 proficiSci
3404 1516 3523 1554 ma.

1920 1599 2105 1646 tures:
2151 1601 2313 1661 atque
2354 1590 2575 1647 omnino
2631 1591 2831 1662 aliquid
2876 1592 2983 1647 laeti
3032 1592 3343 1661 continget,
3400 1607 3510 1646 ma-

1918 1699 2189 1756 gnumque
2217 1684 2302 1739 bis
2328 1684 2681 1739 incommodis
2710 1685 3008 1740 remedium
3043 1685 3318 1741 afferetur.
3351 1686 3535 1753 Sitne,

1921 1792 2043 1831 cum
2073 1775 2251 1831 omnia
2281 1777 2460 1846 quieta
2489 1785 2543 1830 et
2590 1776 2872 1846 tranquilla
2917 1785 3061 1841 sunt,
3093 1791 3193 1832 nec
3238 1776 3519 1847 quisquam

1923 1866 2117 1938 estqui
2141 1866 2336 1922 bellum
2363 1866 2589 1935 inferat,
2625 1868 2911 1922 nonnullos
2938 1867 3004 1922 ad
3032 1868 3285 1937 pietatem
3308 1868 3521 1922 erudire

1924 1960 2206 2031 cujuslibet
2242 1959 2475 2015 hominis
2500 1972 2582 2015 est
2609 1978 2622 2014 :
2650 1968 2706 2015 at
2733 1975 2853 2014 cum
2882 1959 3128 2015 diabolus
3169 1960 3241 2014 ita
3273 1959 3433 2025 furit,
3460 1974 3523 2013 ac

1925 2054 2203 2110 dazmones
2236 2068 2385 2108 arma
2416 2044 2665 2120 induunt,
2709 2050 2832 2108 forti
2862 2053 3045 2107 animo
3071 2064 3213 2108 Stare
3238 2094 3254 2118 ,
3284 2061 3445 2123 atque
3473 2060 3525 2107 et

1928 2162 2022 2203 eos
2047 2146 2134 2218 qui
2174 2146 2242 2203 ab
2273 2146 2413 2201 illius
2440 2144 2679 2216 partibus
2710 2154 2873 2212 stant,
2902 2146 3131 2216 eripere,
3167 2154 3221 2200 et
3259 2152 3484 2199 crateres
3510 2186 3524 2209 ,

1930 2256 1997 2296 ne
2025 2240 2079 2295 in
2103 2240 2243 2295 illius
2264 2253 2452 2294 manus
2476 2239 2734 2305 incidant,
2760 2238 3040 2308 impedire,
3071 2240 3171 2295 hoc
3196 2239 3399 2294 strenui
3429 2239 3527 2294 viri

1930 2341 2033 2400 est,
2067 2330 2169 2386 boc
2194 2329 2360 2385 animi
2388 2329 2678 2401 vigilantis,
2715 2332 2816 2384 hoc
2844 2329 3088 2385 sublimis
3114 2338 3217 2385 tu:e
3243 2339 3297 2384 et
3335 2344 3517 2400 exper-

1933 2435 2092 2482 recta:
2122 2425 2340 2493 mentis,
2372 2423 2476 2480 hoc
2501 2425 2769 2479 sexcentis
2792 2423 3006 2480 coronis
3031 2436 3094 2478 ac
3121 2423 3355 2494 prtemiis
3382 2423 3532 2477 omni

1933 2537 2182 2578 sermone
2193 2523 2652 2593 praestantioribus
2669 2522 2908 2593 dignum,
2925 2518 3025 2576 hoc
3044 2519 3271 2591 denique
3285 2518 3535 2590 apostoli.

1934 2631 2055 2668 cum
2095 2615 2319 2670 facinus.
2353 2615 2484 2670 Illud
2535 2615 2694 2684 igitur
2730 2630 2850 2669 cum
2898 2613 3077 2667 animo
3119 2622 3212 2667 tuo
3259 2620 3534 2682 reputans,

1939 2716 2149 2775 tempus
2195 2705 2337 2760 istud
2381 2704 2742 2777 adipiscenda:
2789 2705 2973 2775 gloria:
3024 2704 3115 2758 tibi
3169 2703 3541 2768 occasionem,

1937 2809 2099 2868 atque
2123 2796 2314 2853 infiniti
2342 2808 2579 2869 quaestus
2608 2806 2661 2852 ct
2686 2795 3035 2852 emolumenti
3062 2795 3341 2849 materiam
3373 2808 3495 2847 esse
3519 2834 3543 2857 ,.

1939 2906 2087 2952 cara,
2116 2889 2365 2956 obsecro,
2395 2898 2453 2944 ut
2479 2896 2654 2943 tantas
2682 2903 2812 2958 opes
2840 2886 3090 2956 arripias,
3116 2885 3421 2955 ingentique
3450 2899 3537 2938 ce-

1942 2985 2153 3039 leritate
2181 2983 2381 3038 utaris:
2412 2992 2572 3052 atque
2600 2996 2757 3053 quam
2790 2981 3020 3050 primum
3052 2978 3178 3033 illuc
3206 2978 3438 3039 veneris,
3471 2975 3536 3030 ad

1944 3091 2042 3130 nos
2069 3075 2292 3130 scribas.
2320 3072 2452 3129 Nam
2480 3074 2525 3129 si
2556 3072 2638 3128 vel
2662 3072 2764 3127 hoc
2790 3071 3136 3132 audierimus,
3164 3078 3219 3122 te
3250 3067 3541 3123 Phoenicim
3626 3114 3643 3119 -

1946 3171 2080 3224 fines
2107 3168 2368 3239 attigisse,
2396 3167 2506 3237 jam
2537 3166 2652 3221 sine
2678 3180 2804 3220 cura
2833 3164 3033 3220 erimus
3057 3205 3071 3227 ,
3104 3163 3499 3231 requiescemus
3522 3199 3556 3225 ,,

1947 3263 1997 3318 in
2043 3263 2332 3318 securitate
2370 3260 2645 3331 degcmus.
2678 3257 2810 3313 Nam
2844 3274 2960 3327 qum
2991 3256 3115 3311 hinc
3150 3252 3543 3324 consequentur

1947 3358 2183 3412 scimus:
2215 3356 2463 3411 nimirum
2494 3364 2546 3407 ut
2586 3365 2883 3423 generosus
2908 3366 2971 3405 ac
2997 3351 3070 3404 rei
3100 3349 3303 3403 bellica:
3348 3349 3551 3414 peritus

1950 3456 2258 3522 imperator,
2283 3451 2363 3506 sic
2385 3461 2437 3504 ιιι
2460 3448 2637 3503 omnia
2669 3444 2998 3516 peragrabis.
3023 3443 3263 3514 jacentcs
3284 3440 3541 3497 excitans.

1948 3554 2155 3599 stantes
2184 3542 2508 3598 confirmans
2531 3549 2586 3595 ct
2611 3537 3018 3601 constabilicns,
3059 3542 3301 3589 errantes
3325 3531 3376 3584 in
3405 3530 3542 3583 viam

1952 3637 2212 3691 reducens
2233 3674 2250 3701 ,
2281 3633 2519 3704 perditos
2549 3630 2829 3699 requirens
2857 3635 2912 3682 et
2936 3624 3239 3688 inveniens,
3272 3621 3551 3677 universas

1918 3727 2144 3782 idiaboli
2175 3726 2356 3797 copias
2396 3722 2704 3779 concidens.
2754 3719 2847 3775 Est
2898 3717 3041 3774 enim
3084 3715 3214 3771 mihi
3245 3721 3546 3786 perspecta,

1953 3821 2117 3886 mihi,
2163 3819 2417 3888 inquam,
2466 3821 2746 3886 perspecta
2797 3821 2880 3867 est
2928 3808 3091 3864 animi
3135 3809 3208 3861 tui
3254 3805 3546 3877 vigilantia,

1954 3912 2148 3968 mentis
2174 3921 2276 3965 tuae
2299 3922 2426 3963 cura
2453 3916 2507 3962 et
2526 3902 2853 3969 sollicitudo,
2885 3900 3169 3972 sagacitas,
3193 3897 3546 3958 concinnitas,

1954 4008 2214 4069 comitas,
2264 4001 2538 4066 fortitudo;
2586 3998 2770 4065 robur,
2811 3996 3126 4052 constantia.
3159 3991 3335 4060 Quare
3388 4005 3563 4059 quam-

1955 4098 2252 4167 s:epissime
2281 4093 2439 4148 velim
2469 4090 2535 4146 ad
2564 4105 2662 4145 nos
2689 4087 2894 4143 scribas
2924 4103 2937 4140 :
2967 4094 3126 4154 atque
3153 4084 3337 4145 etiam,
3369 4081 3549 4150 prius-

1956 4205 2115 4261 quam
2142 4190 2195 4244 in
2225 4185 2553 4243 Phteniciam
2582 4180 2911 4255 perveneris,
2937 4193 3005 4234 ex
3031 4177 3223 4231 itinere
3250 4174 3553 4244 frequentes

1956 4282 2023 4338 ad
2054 4296 2152 4336 nos
2176 4281 2360 4336 literas
2386 4277 2596 4342 mittas,
2629 4272 2894 4346 siquidem
2920 4284 3062 4325 nunc
3090 4281 3299 4338 quoque
3330 4265 3553 4319 miratus

1956 4390 2074 4430 Sum
2101 4383 2154 4428 te
2174 4414 2188 4437 ,
2216 4386 2336 4427 cum
2363 4368 2614 4425 dominus
2648 4379 2801 4422 meus
2830 4361 3306 4419 reverendissimus
3335 4372 3397 4411 ac
3425 4356 3552 4411 reli-

1957 4466 2291 4538 giosissimus
2317 4461 2627 4517 Theodotus
2655 4457 2934 4528 presbyter
2972 4454 3076 4508 huc
3104 4451 3285 4514 venit,
3330 4448 3460 4502 nihil
3487 4446 3569 4500 ad“

1960 4572 2059 4613 nos
2088 4557 2358 4610 literarum
2386 4552 2618 4607 dedisse.
2649 4548 2909 4616 Quocirca
2932 4559 2999 4600 ne
3032 4556 3216 4598 rursus
3246 4554 3311 4595 eo
3338 4538 3557 4593 nomino

1961 4650 2202 4705 dolorem
2228 4643 2610 4714 concipiamus,
2641 4639 2781 4711 quod
2812 4637 2984 4692 nullas
3008 4634 3103 4689 abs
3126 4642 3177 4687 te
3204 4631 3390 4685 literas
3413 4629 3558 4682 acci-

1965 4741 2192 4807 piamus,
2239 4737 2282 4791 si
2322 4734 2434 4791 ﬁeri
2474 4739 2667 4802 potest,
2697 4746 2759 4785 ex
2793 4725 3017 4797 singulis
3056 4724 3216 4779 etiam
3264 4718 3557 4775 mansioni-

1965 4833 2061 4885 bus
2087 4829 2161 4901 (a)
2188 4828 2252 4882 ad
2284 4840 2380 4881 nos
2400 4824 2598 4889 scribe,
2632 4830 2689 4875 ut
2714 4827 2971 4890 quantum
2998 4815 3097 4869 via:
3124 4809 3474 4883 processeris,
3504 4819 3554 4862 et

1965 4939 2088 4977 num
2118 4922 2223 4993 iam
2251 4919 2318 4973 ab
2344 4919 2409 4972 iis
2439 4917 2548 4972 oris
2579 4912 2719 4968 haud
2750 4910 2932 4982 procul
2963 4909 3056 4973 sis,
3079 4905 3464 4979 intelligamus.
3502 4904 3554 4957 In

1965 5028 2152 5085 magna
2179 5011 2321 5067 enim
2345 5023 2472 5065 cura
2509 5016 2564 5063 et
2591 5001 2948 5061 sollicitudine
2982 5013 3202 5054 sumus:
3247 5006 3407 5066 atque
3445 4995 3552 5049 Inrr

1963 5106 2198 5177 quotidie
2221 5106 2362 5160 scire
2388 5102 2651 5171 cupimus.
2681 5098 2810 5163 Quae
2838 5109 2958 5148 cum
2990 5092 3137 5147 noris
3161 5132 3175 5151 ,
3225 5088 3558 5144 reverendls-

1964 5201 2099 5254 sime
2122 5196 2358 5258 domine,
2389 5193 2490 5248 hoc
2512 5188 2640 5244 mihi
2664 5201 2761 5257 pro
2782 5197 2990 5239 summo
3017 5180 3276 5236 beneficio
3299 5180 3552 5243 concede,

1966 5300 2022 5345 ut
2065 5299 2189 5345 autc
2221 5286 2517 5341 discessum
2561 5292 2742 5345 tuum,
2776 5285 2936 5347 atque
2989 5272 3149 5330 etiam
3196 5278 3315 5341 post
3359 5270 3556 5324 disces.

1964 5399 2105 5445 sum,
2134 5372 2350 5436 crebras
2388 5374 2571 5430 literas
2609 5371 2810 5436 mittas,
2843 5380 3104 5437 curesque
3130 5373 3187 5418 ut
3215 5359 3390 5417 omnia
3420 5361 3553 5413 scia-

1966 5489 2086 5529 mus
2110 5489 2124 5527 ι
2150 5483 2258 5540 quo
2286 5469 2331 5524 si
2361 5482 2446 5523 res
2481 5477 2797 5543 prosperum
2826 5473 3043 5516 cursum
3087 5462 3335 5518 teneant,
3367 5451 3562 5518 gaudio

1966 5584 2030 5622 ac
2085 5563 2352 5634 voluptate
2405 5558 2743 5614 afficiamur:
2802 5553 2885 5608 sin
2940 5559 3118 5616 autem
3179 5544 3558 5616 impedimenta

2029 5679 2102 5742 (a)
2137 5684 2334 5742 (Iliaeae,
2361 5673 2441 5724 αἵθ’
2463 5684 2615 5742 africa-9v
2639 5680 2776 5740 Win.
2804 5678 2923 5718 Μοναι
2961 5653 3563 5742 in‘ttltnerario‘ﬁut‘ouim

1968 5723 2163 5806 passim,
2177 5723 2473 5806 inaliisque
2486 5723 2905 5806 librisﬁtansioncs
2927 5730 3187 5806 vocantur,

1969 5778 2566 5857 'ci'aiiléi‘s'oi-iaiiii
2581 5778 2707 5857 vicis
2732 5789 2935 5857 publicis
2966 5778 3373 5857 constituta-ubi
3386 5778 3558 5857 .{lliver-

1970 5845 2205 5918 Elimia?
2230 5845 2517 5923 alonim.
2559 5845 2861 5923 in_Apo'Iogia
2905 5851 2967 5897 de
3008 5854 3133 5923 Fuga
3173 5845 3289 5894 dicit
3313 5845 3360 5893 iu
3385 5845 3565 5892 itinere

1973 5926 2264 5981 Alexandria
2287 5921 2585 5974 Antiochiam
2605 5918 2666 5966 56
2686 5918 2962 5964 mausioncs
