3950 6384
371 321 470 372 687

367 438 689 508 objiciuntur
711 484 726 508 ,
758 442 904 497 omni
936 443 1143 499 ratione
1168 458 1232 498 ac
1269 445 1446 501 studio
1475 461 1535 501 ca
1563 447 1631 504 de
1661 448 1837 504 medio
1865 449 1966 529 tol:

370 531 480 585 lere
511 532 762 588 nitamur.
795 534 977 604 Neque
1001 535 1141 590 enim
1168 543 1292 590 ante
1320 537 1782 609 conquiescemus,
1805 556 1964 611 quam

367 633 422 676 et
449 638 545 691 per
571 639 699 690 nos,
727 635 778 680 et
805 640 900 693 per
923 626 1089 692 alios,
1123 625 1168 682 si
1200 627 1313 682 lieri
1347 631 1546 699 possit,
1580 630 1683 687 hoc
1721 631 1966 688 effeceri-

371 731 511 780 mus,
542 717 749 770 etiamsi
779 717 976 772 millies
1005 719 1088 773 vel
1114 719 1168 774 in
1195 720 1381 776 urbem
1417 721 1966 795 Constantinopolita-

371 824 491 862 nam
523 810 732 865 mittere
764 826 985 867 necesse
1011 812 1116 880 sit,
1142 828 1250 885 quo
1275 816 1455 870 omnia
1496 817 1588 872 tibi
1617 818 1772 874 valde
1801 833 1966 890 prona

369 902 696 969 reddamus;
743 919 810 959 ne
841 904 893 959 id
935 905 1150 975 quidem
1195 906 1372 964 facere
1412 909 1798 965 recusabimus.
1844 911 1970 968 llaec

371 994 528 1063 igitur
552 1010 672 1050 cum
706 997 798 1051 tibi
839 1007 959 1051 nota
991 999 1120 1066 sint,
1152 1015 1272 1070 qum
1297 1000 1373 1055 tui
1400 1003 1637 1057 muneris
1662 1013 1787 1057 sunt
1816 1005 1970 1060 nobis

371 1096 598 1154 praista,
627 1087 950 1158 vigilantiam
993 1105 1056 1146 ac
1097 1091 1444 1164 diligentiam.
1482 1094 1635 1163 Quod
1683 1095 1728 1150 si
1777 1095 1970 1151 fratres

369 1179 529 1234 etiam
572 1180 707 1236 mitti
737 1192 990 1252 oportere
1025 1194 1198 1254 putes,
1231 1184 1282 1240 id
1312 1201 1523 1257 quoque
1568 1186 1648 1242 fac
1676 1189 1864 1243 sciam.
1899 1190 1972 1246 De

371 1280 678 1326 sanctorum
721 1289 850 1329 vero
880 1286 1176 1348 martyrum
1216 1278 1456 1347 reliquiis
1496 1279 1614 1334 sine
1652 1295 1780 1335 cura
1808 1291 1966 1335 esto:

370 1364 654 1420 confestim
685 1367 827 1423 enim
855 1369 1317 1438 religiosissimum
1341 1371 1617 1426 dominum
1646 1388 1824 1427 meum
1853 1389 1972 1442 pre-

371 1457 645 1527 sbyterum
684 1458 993 1516 Terentium
1033 1463 1100 1517 ad
1138 1463 1414 1520 dominum
1458 1481 1635 1522 meum
1674 1467 1968 1535 piissimum

372 1548 614 1603 Otreiuin
658 1547 732 1624 (τι)
771 1552 1008 1608 Arabissi
1046 1555 1355 1626 episcopum
1402 1557 1546 1612 misi.
1591 1557 1722 1612 Nam
1768 1559 1882 1628 ipse
1916 1567 1973 1614 et

375 1639 569 1694 multas
598 1649 650 1695 et
677 1641 895 1698 minime
919 1643 1108 1701 dubias
1131 1645 1312 1714 habet,
1341 1662 1475 1717 quas
1501 1649 1681 1718 paucis
1707 1649 1897 1704 diebus
1919 1651 1970 1704 in

377 1733 704 1789 Phrenieiain
751 1737 816 1791 ad
849 1747 899 1792 te
945 1739 1241 1796 mittemus.
1284 1741 1461 1808 Quare
1509 1742 1574 1797 da
1617 1758 1856 1812 operam,
1902 1758 1986 1820 ne.

373 1829 551 1882 ofﬁcio
590 1838 678 1882 tuo
707 1830 812 1884 ulla
841 1847 904 1886 ex
936 1841 1084 1901 parte
1123 1833 1286 1889 desis.
1316 1835 1448 1890 Nam
1485 1850 1604 1905 quae
1638 1837 1808 1890 nostri
1848 1851 1968 1888 mu-

377 1922 520 1974 neris
549 1931 704 1988 sunt,
737 1932 930 1993 quanta
957 1940 1078 1979 cum
1106 1927 1268 1982 animi
1296 1927 1714 1997 promptitudine
1746 1940 1969 1998 pra-ste-

376 2027 512 2078 mus,
540 2013 710 2068 vidcs.
738 2015 944 2070 Festina
975 2019 1172 2086 itaque,
1204 2029 1261 2073 ut
1285 2028 1409 2074 ante
1437 2020 1666 2075 hiemem
1692 2021 1966 2086 ecclesias,

372 2119 490 2173 qua:
517 2104 632 2158 sine
665 2115 802 2160 tecto
828 2118 967 2172 sunt,
1000 2111 1258 2179 perlicere
1283 2127 1467 2181 queas.

512 2196 801 2253 CXXVII.
837 2200 1072 2272 Polybio.
1105 2203 1303 2274 (Anno,
1334 2215 1384 2256 ut
1412 2213 1644 2272 putatur,
1673 2205 1825 2274 406.)

449 2289 602 2343 Alius
629 2289 857 2347 fortasse
888 2291 1283 2351 intolerandum
1331 2297 1490 2367 hujus
1519 2299 1752 2368 regionis
1778 2297 1967 2370 frigus,

375 2389 578 2434 vastam
613 2381 714 2436 loci
741 2384 1108 2452 solitudinem,
1128 2387 1536 2442 acerbissimum
1565 2389 1796 2460 denique
1822 2406 1968 2445 mor-

374 2469 500 2525 bum
536 2472 683 2542 (hinc
735 2475 878 2529 enim
926 2476 976 2530 in
1024 2478 1273 2532 morbum
1315 2480 1870 2552 ineidimus)luxisset
1907 2497 1971 2537 ac

377 2565 708 2633 deplorasset
737 2585 750 2620 :
776 2583 878 2638 ego
922 2577 1101 2623 autem
1155 2570 1240 2624 his
1294 2571 1510 2626 omissis
1555 2571 1967 2642 disjunctionem

374 2666 605 2710 vestram
633 2657 812 2730 lugeo,
837 2676 956 2730 qua:
986 2661 1116 2716 mihi
1144 2671 1198 2718 et
1225 2663 1549 2729 solitudine,
1582 2675 1630 2719 et
1660 2665 1850 2720 morbo
1869 2707 1885 2731 ,
1917 2678 1972 2720 et

374 2749 552 2804 hieme
583 2761 665 2804 est
690 2751 954 2807 acerbior.
981 2752 1151 2821 Quam
1179 2755 1527 2811 acerbitatem
1557 2756 1731 2813 hiems
1755 2772 1969 2828 quoque

374 2839 503 2894 mihi
555 2841 723 2898 auxit.
745 2841 881 2898 Nam
928 2844 1072 2915 quod
1122 2861 1286 2902 unum
1329 2848 1727 2904 molestissima;
1763 2848 1969 2918 disjun-

370 2932 565 2988 ctinnis
591 2934 838 2989 solatium
872 2937 1211 3006 suppetebat,
1243 2937 1347 2995 hoc
1374 2947 1457 2995 est
1485 2947 1543 2994 ut
1571 2940 1846 2995 vobiscum
1875 2955 1970 3010 per

372 3025 556 3078 literas
602 3025 971 3096 colloquerer,
1002 3029 1104 3084 hoc
1141 3045 1356 3100 quoque
1397 3032 1570 3086 hiems
1610 3040 1798 3086 exorta
1837 3032 1969 3087 mihi

372 3115 574 3170 ademit
602 3134 615 3169 :
641 3126 698 3172 ut
725 3134 844 3188 quae
874 3121 943 3174 ob
969 3121 1240 3190 ingentem
1269 3123 1406 3176 nivis
1433 3123 1538 3177 vim
1571 3124 1683 3180 vias
1714 3124 1970 3180 interclu-

372 3209 524 3270 serit,
555 3224 619 3262 ac
663 3225 836 3279 neque
877 3211 1096 3268 aliunde
1139 3229 1462 3286 quemquam
1510 3217 1613 3272 huc
1658 3219 1877 3286 venire,
1908 3234 1971 3275 ac

375 3298 654 3352 nobiscum
685 3302 958 3370 congredi,
989 3319 1162 3373 neque
1189 3307 1314 3359 item
1351 3307 1473 3361 hinc
1497 3308 1781 3377 excedere,
1809 3321 1971 3379 atque

374 3389 440 3444 ad
473 3408 567 3444 vos
599 3393 864 3462 proficisci
904 3396 1064 3451 sinat.
1093 3398 1247 3465 Quod
1286 3409 1341 3456 et
1380 3401 1553 3470 ipsum
1586 3403 1727 3457 haud
1768 3404 1966 3474 minus,

376 3485 484 3538 imo
511 3485 672 3540 etiam
723 3488 891 3558 magis
930 3489 1233 3547 Isaurorum
1263 3502 1438 3548 terror
1481 3494 1678 3563 efllcit,
1709 3497 1972 3568 nobisque

377 3576 722 3631 solitudinem
748 3589 904 3651 auget
926 3623 940 3647 ,
978 3596 1168 3639 omnes
1198 3583 1448 3640 videlicet
1492 3586 1818 3644 submovens
1838 3631 1854 3657 ,
1886 3597 1968 3644 at-

375 3685 480 3736 que
512 3670 563 3722 in
593 3672 764 3742 fugam
792 3674 1084 3744 conjiciens
1110 3719 1125 3741 ,
1154 3679 1478 3748 exsulesque
1507 3680 1759 3736 reddens.
1787 3680 1974 3752 Neque

376 3761 640 3831 cnimjam
659 3763 936 3835 quisquam
963 3767 1102 3822 ullus
1123 3777 1204 3823 est
1228 3771 1317 3839 qui
1335 3769 1482 3824 domi
1503 3785 1720 3827 manere
1735 3772 1930 3828 audeat
1954 3790 1968 3826 :

377 3868 558 3907 verum
617 3859 980 3928 unusquisque
1034 3859 1235 3914 relictis
1294 3860 1500 3918 aedibus
1555 3864 1667 3920 suis
1718 3863 1968 3935 profugit.

373 3949 548 4016 Atque
577 3947 738 4002 urbes
767 3949 1018 4020 quidem,
1050 3952 1282 4022 parietes
1322 3961 1378 4009 et
1420 3961 1559 4010 tecta
1606 3970 1747 4011 nunc
1799 3965 1967 4012 sunt:

381 4049 662 4110 prmrnpta:
708 4054 888 4098 autem
937 4047 1221 4116 voragines
1246 4055 1302 4103 et
1335 4049 1520 4118 sylva},
1562 4049 1744 4104 urbes.
1772 4049 1971 4116 Quent-

373 4131 660 4187 admodum
684 4136 828 4189 enim
859 4137 1173 4192 truculentae
1200 4137 1330 4193 fera:
1347 4181 1362 4204 ,
1397 4149 1456 4194 ut
1482 4140 1630 4208 pardi
1656 4155 1720 4196 ac
1746 4141 1930 4197 leones
1953 4183 1969 4207 ,

376 4225 630 4278 tutiorem
665 4227 887 4281 urbibus
924 4228 1266 4283 solitudinem
1315 4229 1414 4284 sibi
1453 4245 1574 4286 esse
1617 4232 1967 4288 existimant:

377 4317 456 4371 sic
480 4317 643 4373 etiam
673 4317 941 4387 homines,
969 4321 1062 4391 qui
1091 4321 1400 4376 Armeniam
1443 4323 1754 4392 incolimus,
1785 4329 1964 4398 quoti-

379 4413 465 4467 die
509 4427 576 4467 ex
623 4412 742 4468 aliis
788 4423 949 4483 atque
978 4413 1098 4469 aliis
1128 4414 1260 4470 locis
1299 4416 1351 4470 in
1378 4416 1480 4470 alia
1526 4427 1685 4489 atque
1712 4419 1815 4474 alia
1857 4419 1972 4476 loca

381 4503 608 4574 migrare
635 4505 894 4576 cogimur,
920 4507 1082 4561 vitam
1114 4506 1563 4563 llamaxobioruin
1593 4519 1648 4565 et
1677 4509 1971 4566 Nomadum

381 4607 638 4664 agentes,
696 4612 798 4654 nec
846 4613 1068 4670 usquam
1111 4598 1294 4653 lidenti
1344 4601 1524 4656 animo
1569 4602 1968 4658 consistentes:

383 4702 551 4756 usque
605 4688 739 4744 adeo
795 4688 882 4744 hic
947 4691 1127 4745 omnia
1184 4690 1410 4745 tumultu
1467 4700 1522 4746 et
1573 4693 1973 4763 perturbatione

384 4779 536 4845 plena
567 4788 709 4832 sunt.
742 4780 952 4835 Etenim
989 4783 1064 4837 illi
1107 4781 1242 4836 alios
1285 4782 1515 4837 adventu
1553 4798 1652 4840 suo
1687 4785 1933 4855 jugulant
1956 4828 1970 4852 ,

381 4878 635 4934 exurunt,
664 4880 824 4940 atque
852 4887 917 4926 ex
950 4871 1132 4928 liberis
1163 4888 1351 4930 servos
1392 4875 1631 4930 elliciunt
1664 4893 1677 4928 :
1711 4877 1845 4931 alios
1883 4893 1975 4932 au-

383 4972 489 5013 tem
536 4974 727 5028 sparso
765 4978 981 5018 rumore
1005 4963 1057 5018 in
1089 4964 1266 5038 fugam
1298 4974 1534 5031 vertunt,
1564 4975 1724 5037 atque
1752 4968 1973 5023 urbibus

385 5049 607 5129 pellunt,
637 5050 767 5117 imo,
796 5061 851 5106 ut
872 5093 887 5119 ,
919 5055 1120 5109 rectius
1154 5055 1363 5125 laquar,
1393 5056 1662 5111 occidunt.
1706 5058 1976 5129 Quotquot

381 5122 524 5195 enini
555 5140 926 5200 adolescentes
949 5145 1141 5200 mediis
1165 5147 1328 5202 etiam
1359 5147 1675 5218 plerumque
1705 5150 1972 5214 noctibus,

386 5252 445 5288 ac
484 5232 682 5303 frigore
711 5234 887 5289 omnia
914 5236 1232 5306 obdurante,
1257 5248 1479 5308 repente
1506 5221 1668 5294 domo
1695 5240 1976 5312 profugere

380 5327 549 5381 coacti
583 5335 740 5393 sunt,
782 5335 931 5382 metu
969 5329 1202 5384 rumoris
1228 5345 1323 5386 eos
1351 5329 1482 5387 fumi
1509 5331 1680 5388 instar
1705 5333 1972 5405 abigente,

383 5431 543 5490 atque
588 5421 654 5475 ad
700 5428 929 5476 mortem
967 5423 1324 5491 oppetendam
1379 5439 1449 5481 ne
1491 5424 1727 5481 Isaurico
1759 5426 1977 5497 quidem

382 5510 559 5579 gladio
585 5526 721 5582 opus
745 5511 1084 5578 habuerunt,
1115 5528 1304 5569 verum
1344 5515 1395 5570 in
1427 5515 1550 5572 nive
1578 5516 1976 5588 obrigesceutes

384 5626 403 5656 ι
420 5615 680 5660 strenuum
711 5606 956 5675 spiritum
979 5606 1292 5662 ediderunt:
1316 5624 1539 5680 qumque
1561 5609 1690 5680 ipsis
1713 5610 1977 5682 fugiendae

446 5699 520 5760 (ιι)
547 5707 831 5766 memoratur
856 5708 908 5751 et
946 5699 1068 5766 alius
1089 5701 1284 5766 Otreius
1323 5702 1578 5766 episcopus
1601 5701 1825 5766 atelitinaa
1850 5703 1977 5766 apud

377 5757 750 5877 Eri-gamus.
777 5765 826 5824 δ,
851 5777 952 5828 ων.
980 5765 1028 5824 8,
1059 5771 1107 5815 et
1132 5764 1257 5828 apud
1281 5757 1898 5829 Seium..'lib.6,cap.13;
1925 5773 1979 5818 et

1114 323 1167 378 S.
1208 325 1485 383 JOANNIS
1523 328 2003 389 CHRYSOSTOMI
2033 337 2350 394 AliClllEP.
2381 340 2917 401 CONSTANTINOP.

3571 353 3672 408 688

2079 455 2269 510 mortis
2308 473 2470 513 causa
2498 458 2671 516 fuerat
2695 502 2710 528 ,
2739 461 2930 518 eadem
2957 462 3062 518 illis
3090 466 3456 524 acerbissima:
3483 471 3674 527 mortis

2073 560 2234 601 causa
2261 547 2392 603 fuit:
2425 566 2491 605 en
2517 567 2623 622 quo
2643 560 2786 609 statu
2811 568 2900 609 res
2925 565 3126 612 nostra
3151 559 3277 614 sint.
3305 559 3437 627 Quae
3457 563 3672 632 quidem

2076 651 2181 691 non
2230 638 2484 705 diximus,
2516 652 2570 698 ut
2613 651 2666 699 te
2713 645 2768 700 in
2822 661 3109 702 mcerorem
3155 651 3508 720 conjiciamus
3541 653 3676 726 (scio

2073 730 2271 799 quippe
2292 731 2408 787 lucc
2430 733 2523 788 tibi
2550 734 2726 792 dolori
2748 735 2908 811 fore),
2942 755 3128 796 verum
3168 751 3224 797 ut
3247 743 3486 799 diuturni
3513 747 3644 801 silen

2076 820 2133 875 tii
2175 824 2346 879 nostri
2389 841 2605 881 causam
2653 831 2997 899 aperiamus,
3025 833 3261 904 quidque
3294 850 3474 893 causa
3515 836 3678 893 fuerit

2075 929 2170 971 cur
2199 933 2322 974 sero
2370 935 2434 974 ac
2477 922 2628 978 tarde
2672 924 2738 978 ad
2793 933 2846 981 te
2889 927 3286 997 scripserimus.
3317 930 3390 985 lta
3432 931 3576 988 enim
3603 931 3678 987 ab

2075 1008 2325 1064 omnibus
2371 1012 2546 1068 relicti
2594 1029 2820 1083 sumus,
2853 1025 2910 1072 ut
2955 1033 3055 1073 nec
3103 1020 3360 1090 aliquem,
3391 1022 3484 1091 qui
3537 1023 3680 1079 istuc

2078 1098 2550 1171 proﬁcisceretur,
2594 1107 2832 1163 nancisci
2877 1110 3245 1179 potuerimus,
3287 1128 3474 1169 verum
3519 1114 3680 1172 nobis

2077 1190 2448 1263 presbyterum
2479 1197 2922 1254 contubernalem
2953 1208 3197 1257 nostrum
3228 1205 3485 1271 excitare,
3515 1216 3683 1276 atque

2075 1281 2142 1334 ad
2184 1290 2236 1338 te
2277 1285 2490 1342 mittere
2519 1304 2740 1346 necesse
2780 1291 2960 1348 fuerit.
3009 1294 3346 1366 Quapropter
3373 1313 3494 1352 cum
3524 1315 3678 1368 cum,

2079 1383 2134 1427 ut
2178 1385 2230 1430 te
2270 1377 2487 1448 dignum
2537 1389 2652 1448 est,
2683 1386 2994 1456 exceperis,
3025 1387 3274 1443 celeriter
3315 1388 3384 1443 ad
3435 1404 3536 1444 nos
3583 1407 3680 1445 re-

2077 1469 2228 1523 mitte
2252 1511 2266 1534 ,
2297 1471 2386 1540 qui
2416 1471 2484 1527 de
2517 1482 2604 1528 tua
2633 1477 2935 1534 valetudine
2968 1478 3090 1534 [seta
3121 1481 3276 1537 nobis
3308 1484 3534 1538 nuntiet.
3555 1481 3682 1540 Scis

2075 1562 2218 1616 enim
2244 1574 2444 1634 quanto
2475 1567 2631 1624 nobis
2654 1570 2832 1626 studio
2862 1573 2930 1627 sit
2963 1573 3064 1630 hoc
3090 1575 3252 1630 scire.

2197 1675 2342 1731 CXX
2355 1677 2520 1734 VIII.
2551 1681 2847 1739 Mai-iniam
2916 1688 3197 1757 (Arabisso
3226 1704 3368 1744 anno
3393 1690 3546 1762 406.)

2147 1789 2368 1846 (laeteris
2399 1794 2647 1850 omnibus
2671 1797 2989 1854 mortalibus
3008 1801 3111 1856 hoc
3130 1803 3344 1858 nomine
3366 1819 3459 1858 ver
3474 1804 3679 1874 jucun-

2075 1883 2204 1936 dum
2237 1894 2292 1939 ct
2317 1901 2483 1940 suave
2511 1898 2630 1954 est,
2661 1888 2804 1958 quod
2835 1898 2992 1945 terrm
3017 1891 3210 1947 faciem
3252 1892 3473 1950 floribus
3505 1912 3678 1952 exor-

2077 1985 2167 2028 nat
2210 1985 2370 2046 atque
2416 1979 2468 2032 in
2498 1988 2649 2048 prata
2689 1984 2955 2036 convertit
2988 2001 3001 2038 :
3034 1985 3161 2038 mihi
3211 1996 3390 2041 autem
3437 2004 3554 2043 eam
3599 1989 3680 2043 ob

2076 2085 2291 2124 causam
2316 2113 2330 2135 ,
2355 2073 2477 2141 quia
2525 2089 2775 2145 magnam
2805 2076 2935 2131 mihi
2967 2077 3276 2134 facultatem
3309 2081 3510 2150 pra-bet
3546 2097 3677 2138 cum

2077 2164 2427 2220 familiaribus
2473 2167 2610 2222 meis
2662 2183 2757 2237 per
2797 2169 2982 2226 literas
3033 2172 3304 2227 versandi.
3332 2175 3409 2228 Ac
3455 2175 3674 2243 quidem

2075 2259 2244 2312 oculis
2269 2275 2362 2313 vos
2405 2273 2589 2314 coram
2632 2263 2938 2332 perspicere
2964 2279 3216 2334 cuperem
3248 2285 3260 2320 :
3290 2267 3541 2336 quoniam
3569 2282 3674 2322 au-

2077 2363 2182 2406 tem
2218 2354 2267 2406 id
2302 2354 2522 2409 minime
2555 2355 2701 2423 licet,
2733 2356 2875 2426 quod
2903 2357 3026 2412 licet
3065 2359 3468 2428 promptissimo
3491 2361 3676 2413 animo

2075 2444 2233 2509 lucio,
2265 2457 2320 2501 ut
2371 2448 2644 2504 vobiscum
2690 2464 2785 2520 per
2833 2449 3016 2505 literas
3059 2451 3357 2522 colloquar.
3395 2448 3504 2507 Nec
3539 2467 3673 2507 vero

2076 2551 2250 2593 mula:
2289 2555 2354 2595 ac
2395 2541 2628 2611 remiges
2663 2540 2777 2610 pari
2804 2541 2971 2596 animi
3009 2543 3282 2612 voluptate
3327 2543 3492 2597 maris
3521 2552 3671 2614 terga

2075 2634 2315 2698 sulcant,
2347 2647 2470 2687 cum
2498 2632 2588 2687 illa
2627 2633 2753 2688 anni
2803 2642 3096 2704 tempestas
3138 2644 3324 2690 exorta
3360 2643 3478 2702 est,
3507 2645 3671 2705 atque

2071 2739 2173 2792 ego
2214 2724 2480 2779 calamum
2521 2733 2577 2780 et
2607 2724 2851 2780 chartam
2881 2733 2938 2781 et
2966 2735 3325 2781 atramentum
3373 2726 3426 2780 in
3479 2741 3670 2781 manus

2074 2831 2266 2885 sumo,
2295 2832 2418 2871 cum
2461 2816 2529 2871 ad
2557 2831 2654 2872 vos
2698 2819 2994 2888 scripturus
3032 2833 3173 2872 sum.
3216 2818 3427 2874 Etenim
3475 2818 3668 2874 hiemis

2075 2917 2349 2978 tempore,
2378 2923 2501 2963 cum
2550 2909 2729 2964 omnia
2779 2907 2979 2980 frigore
3031 2918 3478 2976 concrescerent,
3509 2919 3668 2980 atque

2073 3001 2401 3057 incredibilis
2425 3001 2668 3073 quardam
2703 3003 2785 3058 vis
2811 3004 3011 3058 nivium
3039 3017 3230 3057 omnes
3261 3004 3376 3059 vias
3417 3003 3666 3058 interclu-

2073 3095 2248 3162 deret,
2272 3111 2372 3151 nce
2391 3095 2650 3165 quispiam
2681 3095 2898 3150 aliunde
2921 3095 2990 3150 ad
3011 3111 3110 3151 nos
3132 3096 3336 3162 venire,
3361 3111 3459 3152 nec
3482 3111 3667 3152 rursus
3709 3104 3714 3107 ‘

2075 3185 2199 3241 hinc
2227 3188 2334 3242 alio
2365 3186 2632 3256 proficisci
2659 3187 2978 3243 sustinebat.
3027 3187 3102 3242 Ea
3129 3187 3198 3242 de
3223 3202 3381 3242 causa
3426 3202 3526 3242 nos
3569 3187 3667 3242 hu-

2067 3279 2156 3348 jus
2183 3279 2287 3334 loci
2313 3279 2670 3348 domunculis,
2698 3279 3150 3348 quemadmodum
3182 3294 3400 3335 carcere
3453 3279 3664 3344 inclusi,

2073 3382 2232 3440 atque
2257 3372 2657 3442 tabellariorum
2686 3371 2928 3442 penuria,
2953 3385 3058 3427 non
3087 3385 3243 3427 secus
3267 3387 3330 3426 ac
3351 3371 3662 3443 quibusdam

2073 3464 2269 3534 lingua:
2323 3465 2559 3532 catenis,
2592 3465 2788 3533 vincti,
2846 3465 3142 3536 quamlibet
3187 3465 3373 3531 inviti,
3415 3464 3666 3518 diuturno

2075 3556 2288 3611 silentio
2311 3556 2610 3614 utebamur.
2629 3557 2984 3628 Posteaquam
3013 3567 3192 3612 autem
3216 3567 3425 3628 tempus
3443 3558 3555 3627 jam
3582 3557 3667 3611 iti-

2075 3663 2202 3703 nera
2234 3647 2503 3717 patefecit,
2545 3649 2805 3720 nobisque
2826 3649 3021 3719 linguze
3049 3649 3321 3704 vinculum
3345 3648 3519 3720 fregit,
3546 3663 3665 3718 pre-

2075 3737 2347 3810 sbyterum
2389 3754 2536 3808 eum,
2562 3741 2779 3810 quicum
2829 3739 2961 3796 mihi
3008 3740 3132 3795 vitae
3184 3738 3517 3796 consuetudo
3556 3748 3658 3803 est,

2079 3832 2205 3889 hinc
2234 3833 2302 3888 ad
2333 3848 2428 3889 vos
2453 3833 2721 3900 misimus,
2752 3842 2813 3888 ut
2837 3848 2939 3904 qua
2965 3832 3274 3889 valetudine
3297 3832 3434 3894 sitis,
3465 3832 3663 3886 intelli-

2075 3941 2284 3996 gamus.
2311 3927 2446 3982 Cum
2473 3927 2635 3998 igitur
2664 3927 2827 3992 hunc,
2855 3935 2914 3981 ut
2949 3936 3020 3992 te,
3049 3925 3269 3981 domine
3305 3925 3380 3979 mi
3423 3937 3663 3980 summo-

2079 4034 2206 4089 pere
2229 4019 2560 4086 admirande,
2588 4018 2809 4091 dignum
2838 4027 2941 4083 est,
2963 4017 3297 4086 susceperis,
3333 4025 3492 4085 atque
3511 4057 3527 4080 ,
3557 4028 3653 4084 pro

2076 4126 2142 4164 eo
2169 4119 2327 4181 atque
2365 4110 2564 4166 caritas
2607 4119 2694 4166 tua
2749 4109 3000 4181 postulat,
3029 4107 3400 4178 perspexeris;
3431 4121 3554 4162 cum
3598 4104 3661 4158 ad

2077 4217 2177 4258 nos
2219 4191 2434 4266 redibit,
2459 4201 2621 4257 velim
2668 4201 2737 4257 de
2781 4212 2870 4256 tua
2915 4200 3216 4255 valetudine
3261 4214 3359 4255 nos
3410 4197 3664 4253 certiores

2079 4297 2258 4352 facias.
2285 4295 2403 4354 Scis
2423 4296 2566 4352 enim
2590 4311 2749 4366 quam
2777 4295 2847 4352 de
2863 4309 2926 4349 ea
2942 4294 3147 4365 aliquid
3173 4295 3312 4349 scire
3334 4291 3661 4349 studeamus.

2079 4388 2333 4445 CXXIX.
2364 4390 2628 4445 Marciano
2648 4399 2696 4446 et
2723 4389 3024 4445 Marcellino
3054 4391 3075 4421 ²
3094 4387 3327 4461 (Cucuso
3343 4399 3488 4439 anno
3514 4381 3663 4449 404.)

2149 4485 2319 4552 Quam
2353 4484 2668 4554 praeclarum
2714 4482 2819 4538 hoc
2847 4497 2943 4553 par
2968 4491 3207 4536 vestrum
3255 4487 3362 4546 est,
3395 4487 3667 4548 quamque

2078 4578 2236 4631 nobis
2282 4591 2467 4630 carum
2515 4594 2528 4630 :
2571 4591 2678 4630 non
2713 4575 2876 4631 modo
2925 4584 3128 4629 natura:
3171 4574 3317 4643 lege,
3362 4570 3457 4627 sed
3505 4569 3665 4624 etiam

2079 4671 2326 4725 acerrimi
2380 4670 2581 4725 amoris
2630 4677 2820 4724 catena
2869 4667 3216 4737 colligatum!
3267 4665 3350 4719 οι)
3391 4663 3553 4734 idque
3601 4659 3667 4715 de

2079 4763 2312 4818 amicitia
2351 4770 2527 4818 vestra
2572 4760 2887 4832 gloriamur,
2912 4768 2968 4814 et
3007 4757 3356 4819 exsultamus,
3379 4767 3668 4822 coramque

2080 4857 2356 4911 vobiscum
2381 4852 2661 4925 congredi,
2691 4868 2756 4908 ac
2778 4867 2875 4908 vos
2901 4851 3082 4906 videre
3109 4849 3372 4918 cupimus.
3403 4846 3666 4914 Quoniam

2080 4959 2258 5002 autem
2303 4945 2358 5000 id
2405 4960 2549 5000 nunc
2588 4945 2809 4999 minime
2859 4944 3018 5008 licet,
3048 4941 3191 5012 quod
3246 4940 3372 4995 licet
3413 4938 3669 5002 facimus,

2079 5054 2225 5109 saepe
2271 5036 2578 5103 scribimus,
2610 5037 2774 5091 vestri
2827 5049 3095 5090 memores
3144 5039 3402 5103 perpetuo
3453 5043 3668 5090 sumus,

2079 5133 2260 5185 animo
2287 5143 2404 5195 vos,
2422 5141 2763 5197 quocumque
2791 5126 2844 5180 in
2863 5127 2980 5180 loco
3008 5125 3198 5187 simus,
3216 5119 3667 5182 circumferimus,

2081 5239 2144 5280 ac
2188 5239 2256 5279 ne
2299 5222 2369 5278 ob
2408 5221 2616 5276 itineris
2669 5219 2885 5290 quidem
2928 5216 3371 5288 longinquitatem
3417 5229 3447 5266 a
3493 5219 3670 5265 vestra

2081 5317 2342 5372 suavitate
2385 5313 2495 5369 ullo
2524 5322 2683 5382 pacto
2709 5309 3088 5380 disjungimur.
3122 5305 3433 5378 llujusmodi
3479 5305 3672 5372 quippe

2081 5409 2322 5465 caritatis
2340 5421 2515 5478 penna
2547 5413 2650 5473 est,
2675 5413 2732 5459 ut
2756 5412 2812 5459 et
2835 5403 2976 5457 viam
3003 5415 3218 5456 omnem
3249 5407 3302 5453 et
3335 5395 3671 5451 intervallum

2081 5517 2244 5558 omne
2266 5499 2421 5556 facile
2446 5497 2718 5568 trajiciat,
2751 5509 2853 5551 nec
2902 5493 3071 5549 ullum
3117 5487 3517 5547 incommodum
3562 5485 3671 5552 sit,

2156 5598 2170 5628 ¹
2203 5597 2372 5645 Graece
2392 5591 2666 5657 Mactva
2687 5587 2866 5657 Vatic_.,
2897 5587 3021 5651 Reg.
3045 5590 3111 5657 ει
3135 5583 3314 5657 Qttjacii
3352 5583 3516 5635 Codex
3545 5587 3672 5657 teste

2091 5644 2346 5708 Frontone
2390 5644 2590 5704 Dueaao.
2639 5644 2998 5712 Quamobrem:
3037 5644 3345 5712 Mariniano,
3391 5644 3672 5706 ponendum

2092 5717 2344 5782 duximus.
2371 5717 2526 5782 ﬁdit”
2551 5710 3099 5782 Μαυίξαζιο,(ΜαΡ¹-Ξνῷ)ε
3271 5774 3281 5782 _
3340 5761 3556 5782 “Am”...

2156 5763 2354 5830 flagiti.
2375 5763 2536 5827 vatio.
2562 5783 2615 5826 et
2640 5763 2845 5827 Fabric.
2871 5763 3184 5822 scribendum
3211 5774 3303 5830 est,
3334 5763 3668 5818 Marcelliano.
