3950 6386
208 508 378 567 «παντῖ⁵
400 509 611 583 τρόπῳ,
638 512 730 565 καὶ
751 508 902 583 πάσῃ
929 509 1132 580 σπουδῇ
1169 508 1484 581 πειρώμεθα
1506 454 1647 567 ἒξέά
1669 516 1792 568 ἀνε-

208 605 345 660 λεῖν.
365 603 442 659 Οὐ
470 602 581 676 7&9
602 603 949 675 ἡσυχάσομεν
977 604 1072 656 καὶ
1094 603 1173 656 δι’
1192 603 1422 669 ἑαυτῶν,
1453 607 1545 660 καὶ
1578 607 1645 660 δι’
1678 608 1797 661 ἐτέ-

210 716 345 771 ρων,
367 690 444 752 ὧν
471 695 538 751 ἂν
558 692 670 750 οἷόν
701 712 758 750 τε
783 691 839 769 ᾖ,
879 694 1040 750 τοῦτο
1068 696 1369 762 ποιοῦντες,
1400 696 1503 751 κᾶν
1538 699 1796 769 μυριάκις

208 790 307 844 καὶ
332 791 414 853 εἰς
442 789 543 860 τὴν
571 786 1147 842 Κωνσταντινούπολιν
1168 787 1486 842 ἀποστεῖλαι
1509 788 1625 862 δέῃ,
1651 787 1793 843 ὥστε

208 879 414 950 πολλήν
445 895 527 932 σοι
558 877 810 948 γενέσθαι
834 877 941 950 ’τὴν
971 875 1243 944 εὐκολίαν,
1265 876 1385 931 οὐδὲ
1412 877 1570 931 τοῦτο
1600 895 1796 950 παραι-

205 973 511 1045 τησόμεθα.
542 970 707 1025 Ταῦτ’
746 967 839 1025 οὖν
877 968 1054 1034 εἰδὼς,
1081 969 1151 1023 τὰ
1181 972 1331 1042 παρά
1360 970 1559 1043 σαυτοῦ
1586 972 1793 1043 πάρεχε

205 1066 366 1135 ἡμῖν,
383 1065 484 1136 τὴν
516 1062 842 1132 ἀγρυπνίαν,
866 1062 963 1116 καὶ
979 1061 1078 1133 τὴν
1105 1062 1364 1132 σπουδήν.
1387 1062 1508 1115 Κᾶν
1531 1062 1794 1132 ἀδελφοὺς

205 1154 381 1227 δεήσῃ
422 1153 837 1224 ἀποσταλῆναι,
871 1152 969 1207 xal
1002 1151 1162 1206 τοῦτο
1213 1152 1453 1223 δήλωσον
1481 1154 1631 1224 ἡμῖν.
1680 1152 1795 1206 Kal

203 1245 319 1300 τῶν
352 1246 620 1315 λειψάνων
648 1245 705 1299 δέ
752 1244 939 1300 ἕνεκεν
980 1243 1089 1298 τῶν
1123 1244 1294 1314 ἁγίων
1325 1244 1622 1317 μαρτύρων
1664 1244 1794 1316 ἀμέ-

208 1353 403 1409 ριμνος
432 1337 560 1390 ἐσο*
598 1338 694 1391 καὶ
735 1337 846 1410 7&9
874 1337 1080 1402 εὐθέως
1127 1338 1426 1391 ἀπέστειλα
1462 1338 1554 1392 τὸν
1602 1337 1792 1408 κύριόν

208 1447 313 1502 μου
334 1429 424 1484 τὸν
442 1430 840 1484 εὐλαϐέστατον
860 1428 1229 1501 πρεσϐύτερον
1244 1428 1335 1481 τὸν
1349 1429 1633 1501 Τερέντιον
1656 1428 1792 1502 πρὸς

202 1524 298 1577 τὸν
323 1522 513 1595 κύριόν
542 1541 645 1594 μου
677 1523 771 1577 τὸν
798 1522 1189 1576 εὐλαϐέστατον
1219 1522 1516 1576 ἐπίσκοπον
1540 1524 1789 1596 Ὀτρήῖον

202 1615 298 1669 τὸν
336 1614 733 1687 Ἀραὸισσοῦι.
764 1615 937 1679 Αὐτὸς
987 1614 1097 1687 7&9
1130 1614 1244 1686 ἔχει
1293 1615 1387 1668 καὶ
1433 1616 1787 1687 ἀναμφισϐή-

201 1725 368 1778 τητα,
410 1708 506 1762 καὶ
538 1708 737 1774 πολλὰ,
766 1708 864 1763 καὶ
890 1709 1023 1762 είσω
1072 1707 1270 1776 ὀλίγων
1309 1707 1535 1779 ἡμερῶν
1563 1710 1789 1763 ἀποστε-

202 1798 407 1869 λοῦμέν
446 1816 529 1852 σοι
558 1798 732 1853 ταῦτα
773 1801 855 1864 είς
892 1801 1005 1871 .τὴν
1056 1799 1330 1871 Φοινίκην.
1369 1800 1555 1871 Μηδὲν
1606 1802 1787 1855 τοίνυν

200 1890 620 1961 ἐλλιμπανέσθω
640 1890 747 1945 τῶν
778 1890 930 1963 παρά
951 1890 1052 1962 τῆς
1079 1894 1179 1963 σῆς
1201 1891 1532 1963 τιμιότητος.
1567 1892 1649 1946 Τὰ
1677 1892 1789 1965 7&9

200 1982 341 2055 παρτ
371 1980 529 2053 ἡμῶν
561 1982 695 2054 δρᾷς
734 1982 855 2053 μεθ’
893 1983 1026 2054 ὅσης
1061 1982 1420 2053 πεπλήρωται
1452 1982 1551 2053 τῆς
1580 1981 1787 2055 προθυ-

204 2046 358 2142 μίάς.
391 2046 657 2138 ine-300v;
704 2046 793 2128 ἵνα
835 2073 940 2145 πρὸ
982 2046 1085 2137 ’τοῦ
1115 2046 1383 2144 χειμώνος
1414 2046 1646 2147 δυνηθῇξΙ
1688 2072 1790 2137 τὰς

199 2161 468 2232 ἀστέγους
491 2163 520 2203 ι)
546 2163 842 2235 ἐκκλησίας
873 2164 1195 2237 ἀπαρτίσαι.

648 2275 798 2350 [673]
826 2280 1007 2333 PKZ'.
1048 2280 1342 2349 Πολυϐίῳ.

271 2393 469 2458 ’Δλλος
487 2393 586 2467 μὲν
602 2393 667 2449 ἀν
684 2411 767 2457 τις
785 2394 877 2448 τὸν
892 2394 1166 2468 ἀφόρητον
1189 2394 1399 2468 κρυμὸν
1422 2396 1514 2450 τὸν
1530 2395 1784 2464 ἐνταῦθα,

198 2486 299 2557 τὴν
331 2486 534 2558 πολλὴν
594 2488 832 2560 ἐρημίαν
861 2488 955 2543 τοῦ
992 2481 1214 2559 χωρίου,
1259 2488 1360 2559 τὴν
1392 2490 1786 2563 χαλεπωτάτην

196 2578 512 2651 ἀρρωστίαν
538 2578 668 2651 (καὶ
692 2578 802 2651 7&9
827 2580 922 2635 καὶ
950 2581 1233 2652 ἀρρωστίᾳ
1265 2580 1518 2637 ἐντεῦθεν
1560 2598 1787 2654 περιπε-

196 2670 536 2741 πτώκαμεν)
571 2672 896 2744 ἀπωδύρατο
938 2672 1037 2738 ἂν,
1068 2673 1165 2727 καὶ
1214 2673 1551 2749 ἐθρήνησεν⁸
1584 2674 1696 2743 ἐγὼ
1726 2674 1785 2727 δέ

192 2763 370 2818 ταῦτα
401 2764 584 2833 ἀφεὶς,
616 2764 709 2818 τὸν
739 2766 1017 2837 χωρισμὸν
1044 2765 1388 2840 ἀποδύρομαι
1413 2778 1437 2807 ο
1469 2767 1559 2822 τὸν
1591 2768 1787 2837 ὑμέτε-

194 2873 308 2927 ρον,
338 2855 370 2909 δ
399 2855 496 2910 καὶ
525 2857 763 2929 ἐρημίας
794 2857 891 2912 καὶ
918 2859 1075 2912 νόσου
1111 2860 1205 2913 καὶ
1237 2858 1510 2929 χειμῶνος
1539 2860 1663 2930 ἐμοὶ
1687 2858 1784 2929 βα-

197 2947 441 3020 ρύτερον.
463 2949 574 3002 Kal
593 2947 688 3003 νῦν
707 2949 840 3003 αὐτὸ
862 2948 1292 3023 χαλεπώτερονῆ
1319 2951 1583 3023 πρότερον
1604 2951 1786 3022 ἐποίηο

195 3058 286 3096 σεν
316 3042 347 3095 ό
373 3041 603 3113 χειμών.
632 3043 742 3097 Kal
765 3042 876 3115 7&9
903 3044 973 3115 ὴν
1012 3044 1182 3116 μόνην
1234 3040 1381 3115 εἶχον
1427 3042 1782 3115 παραμυθίαν

191 3131 285 3186 τοῦ
319 3136 655 3205 πικροτάτου
674 3135 866 3189 τούτου
891 3136 1197 3208 χωρισμοῦ,
1219 3136 1280 3191 τὸ
1309 3136 1397 3189 διὰ
1436 3136 1782 3207 γραμμάτων

191 3223 321 3292 ὑμῖν
349 3224 583 3295 ὁμιλεῖν,
606 3224 701 3279 καὶ
720 3226 927 3297 ταύτην
954 3226 1200 3283 ἐπελθὼν
1224 3230 1372 3300 ἡμᾶς
1396 3229 1665 3298 ἀφείλετο,
1683 3228 1783 3293 τὰς

188 3317 344 3382 ὁδοὺς
370 3319 708 3382 ἀποκλείσας
733 3323 801 3391 τῇ
826 3321 994 3393 πολλῇ
1019 3322 1119 3393 τῆς
1143 3323 1320 3393 χιόνος
1347 3323 1509 3394 φορᾷ,
1537 3323 1628 3377 καὶ
1657 3320 1781 3376 οὔτε

188 3410 393 3476 ἔξωθεν
420 3412 828 3484 παραγενέσθαι
851 3414 947 3467 καὶ
976 3415 1332 3484 συγγενέσθαι
1355 3417 1512 3486 ἡμῖν,
1543 3413 1669 3468 οὔτε
1691 3415 1783 3468 ἐν·

189 3498 382 3553 τεῦθεν
410 3499 712 3571 ἀναστῆναι
742 3501 835 3554 καὶ
870 3504 1226 3575 ἀποδημῆσαι
1259 3504 1397 3577 πρὸς
1421 3506 1566 3574 ὑμᾶς
1596 3504 1777 3575 ἀφείς.

191 3591 303 3643 Kal
331 3590 431 3645 νῦν
458 3590 515 3645 δέ
537 3592 640 3645 οὐκ
664 3592 887 3648 ἔλαττον
910 3595 1020 3649 τῶν
1057 3596 1316 3668 ἰσαύρων
1350 3599 1380 3650 ό
1427 3596 1612 3666 φόϐος,
1642 3596 1783 3651 ἀλλὰ

196 3686 289 3738 καὶ
314 3683 499 3756 πολλῷ
519 3684 681 3740 πλέον
703 3686 764 3740 τὸ
788 3687 920 3739 αὐτὸ
939 3686 1181 3757 δήτοῦτο
1215 3689 1378 3755 ποιεῖ,
1409 3687 1509 3759 τὴν
1541 3688 1782 3760 ἐρημίαν

191 3777 505 3843 ἐπιτείνων,
537 3776 746 3840 πάντας
778 3777 1041 3843 ἐλαύνων,
1068 3777 1407 3847 φυγαδεύων,
1439 3779 1782 3849 μετανάστας

189 3867 386 3922 ποιῶν.
418 3868 606 3932 Οὐδεὶς
628 3869 738 3940 7&9
767 3868 905 3923 οἴκοι
927 3868 1114 3923 λοιπὸν
1148 3870 1337 3940 μένειν
1357 3871 1633 3941 ἀνέχεται,
1664 3870 1778 3923 ἀλλ’

190 3964 426 4024 ἕκαστος
454 3962 554 4032 τὴν
577 3962 775 4015 ἐαυτοῦ
798 3963 1118 4017 καταλιπὼν
1148 3964 1425 4035 ἀποπηδᾷ.
1459 3963 1569 4018 Καὶ
1599 3964 1655 4017 αἰ
1682 3965 1780 4035 μέν

192 4053 383 4115 πόλεις
409 4052 518 4106 εἰσί
550 4051 735 4106 λοιπὸν
761 4056 930 4124 τοῖχοι
963 4056 1057 4108 καὶ
1077 4054 1266 4124 ὅροφοι
1286 4095 1302 4120 ,
1330 4056 1387 4108 αἱ
1414 4055 1471 4107 δέ
1496 4055 1782 4126 φάραγγες

190 4145 289 4197 καὶ
314 4144 373 4197 al
394 4144 563 4199 νάπαι
594 4145 801 4209 πόλεις.
827 4145 1096 4218 Καθάπερ
1117 4146 1226 4219 γὰρ
1250 4148 1318 4200 τὰ
1347 4147 1517 4219 ἀγρια
1543 4147 1654 4200 τῶν
1686 4147 1784 4217 θη-

191 4239 351 4309 ρΞων,
390 4236 687 4307 παρδάλεις
716 4237 811 4290 καὶ
841 4237 1077 4305 λέοντες,
1106 4239 1206 4311 τὴν
1232 4238 1439 4311 ἔρημον
1464 4239 1573 4293 τῶν
1603 4242 1782 4294 οἰκου-

192 4329 377 4399 μένων
422 4328 630 4383 πόλεων
678 4329 1095 4401 ἀσφαλεστέραν
1147 4331 1329 4395 αὐτοῖς
1359 4325 1501 4385 εἶναι
1531 4333 1777 4403 νομίζει·

187 4421 339 4475 οὕτω
367 4421 432 4492 δὴ
481 4421 573 4474 καὶ
627 4424 676 4474 οἱ
703 4422 802 4491 τὴν
843 4423 1134 4493 Ἀρμενίαν
1164 4422 1439 4488 οἰκοῦντες
1479 4426 1777 4499 ἄνθρωποι,

187 4512 289 4565 καὶ⁵
310 4510 433 4565 καθ’
455 4512 694 4584 ἑκάστην
726 4512 941 4584 ἡμέραν
974 4513 1174 4579 τόπους
1214 4517 1279 4568 ἐκ
1320 4515 1500 4570 τόπων
1538 4519 1783 4588 ἀναγκα-

189 4601 405 4671 ζόμεθα
442 4601 779 4673 μεταπηδᾷν,
827 4601 1167 4674 Ἀμαξοὸίων
1196 4606 1292 4658 καὶ
1316 4606 1585 4676 Νομάδων
1618 4609 1781 4664 τινῶν

194 4692 319 4764 βίον
355 4691 556 4756 ζῶντες
588 4693 683 4745 καὶ
712 4692 948 4763 οὐδαμοῦ
986 4693 1179 4764 στῆναι
1227 4695 1586 4768 θαρροῦντες·
1639 4700 1782 4755 οὕτω

184 4784 377 4837 πάντα
402 4784 472 4835 τά
491 4781 727 4836 ἐνταῦθα
762 4783 1009 4857 θορύϐων
1044 4785 1207 4856 γέμει
1245 4787 1340 4841 καὶ
1366 4789 1636 4860 ταραχῆς.
1667 4793 1779 4846 Καὶ

183 4878 319 4942 τοὺς
354 4877 453 4947 μὲν
485 4880 553 4948 τῇ
596 4877 871 4949 παρουσία
921 4878 1236 4947 σφάττουσι,
1285 4880 1521 4945 καίουσι,
1560 4884 1780 4949 δούλους

184 4970 307 5025 ἀντ’
341 4968 643 5041 ἐλευθέρων
670 4969 885 5023 ποιοῦσι
908 4985 923 5000 ο
954 4972 1082 5034 τοὺς
1109 4972 1165 5025 δὲ
1190 4975 1258 5043 τῇ
1307 4975 1464 5047 φήμῃ
1502 4975 1782 5047 δραπέτας

186 5063 517 5135 ἐργάζονται
549 5064 643 5117 καὶ
686 5063 966 5126 ἀπόλιδας.
998 5064 1197 5133 μᾶλλον
1234 5068 1289 5119 δὲ
1316 5070 1409 5122 καὶ
1437 5069 1775 5140 ἀναιροῦσιν.

187 5156 350 5212 Ὅσοι
384 5157 493 5227 7&9
520 5158 630 5210 νέοι
658 5157 857 5227 κομιδῆ
898 5159 955 5210 ἐν
988 5159 1125 5231 μέσῃ
1178 5162 1329 5214 νυκτί
1376 5163 1637 5229 πολλάκις
1686 5167 1780 5220 καὶ

186 5248 392 5320 κρυμῷ
431 5248 610 5302 πάντα
631 5249 897 5320 πηγνύντι
928 5251 1123 5323 ἀθρόον
1145 5252 1243 5323 τῆς
1262 5255 1440 5317 οἰκίας
1473 5256 1779 5327 ἐκπηδῆσαι

185 5337 648 5408 ἡναγκάσθησαν,
671 5338 861 5411 ὥσπερ
893 5342 1038 5405 τινὸς
1081 5345 1289 5396 καπνοῦ
1337 5345 1432 5397 τοῦ
1480 5348 1646 5417 φόϐου
1678 5348 1780 5419 τῆς

1666 385 2048 446 EPISTOLAS.

3386 389 3492 447 6M

1907 519 2096 590 φήμης
2119 519 2315 584 αὐτοὺς
2342 514 2678 579 ἐλαύνοντος,
2718 510 2820 566 οὐκ
2863 508 3164 581 ἐδεήθησαν
3217 507 3492 580 μαχαίρας

1918 610 2225 683 ’ἰσαυρικῆς
2284 610 2362 674 εἰς
2403 607 2464 662 τὸ
2513 602 2813 660 καταλῦσαι
2842 600 2934 654 τὸν
2987 600 3120 670 βίον,
3183 598 3298 654 ἀλλ’
3333 601 3391 653 ἐν
3415 602 3484 668 τῇ

1904 703 2042 772 χιόνι
2072 702 2359 769 παγέντες.
2392 698 2562 761 οὑτως
2591 694 2940 751 ἀπέπνευσαν
2961 731 2977 758 ,
3017 693 3112 745 καὶ
3141 692 3364 760 γέγονεν
3388 693 3476 745 αὐ⁴

1903 796 2013 857 τοῖς
2030 795 2129 866 τῆς
2154 794 2249 849 τοῦ
2279 793 2507 848 θανάτου
2539 789 2769 860 φυγῆςὴ
2794 786 3066 857 πρόφασις
3091 783 3325 839 θανάτου
3356 784 3491 858 πρό-

1903 896 2066 949 φασις
2100 881 2487 953 χαλεπωτάτου
2509 897 2521 909 ’
2577 880 2635 932 ἐν
2672 874 2883 940 τούτοις
2929 874 3025 929 τάη
3054 874 3319 948 ἡμέτερα.
3379 877 3492 931 Καὶ

1900 973 2073 1027 ταῦτα
2099 975 2419 1047 εἰρήκαμεν,
2447 971 2547 1043 οὐχ
2567 970 2654 1025 ἵνα
2675 986 2735 1022 σε
2760 968 3093 1041 λυπήσωμεν
3124 963 3212 1040 (εὖ
3238 967 3346 1040 γὰρ
3371 962 3490 1022 οἴδα

1900 1063 1982 1117 ὄτι
2015 1065 2315 1137 καθάψεται
2343 1084 2436 1120 σου
2471 1062 2540 1118 τά
2578 1060 2897 1134 εἰρημένα),
2921 1059 3035 1114 ἀλλ’
3062 1060 3149 1114 ἵνα
3181 1060 3281 1131 τὴν
3306 1059 3489 1115 αἰτίαν

1900 1156 2143 1229 εἴπωμεν
2169 1158 2271 1229 τῆς
2328 1157 2543 1230 μακρᾶς
2574 1155 2781 1224 ταύτης
2820 1152 2982 1222 σιγῆς
3005 1191 3020 1216 ,
3063 1152 3159 1205 καί
3186 1151 3239 1205 τί
3287 1151 3488 1223 δήποτε

1900 1251 1997 1321 όψέ
2050 1251 2143 1305 καὶ
2174 1250 2412 1321 βραδέως
2442 1247 2878 1317 ἐπεστάλκαμεν.
2922 1243 3077 1299 Οὕτω
3128 1242 3238 1315 7&9
3284 1244 3486 1308 πάντες

1898 1344 2047 1415 ἡμᾶς
2085 1342 2372 1407 ἀπέλιπον,
2420 1339 2495 1406 ὡς
2554 1338 2689 1411 μηδέ
2748 1338 2929 1409 εὑρεῖν
2965 1353 3088 1390 τινα
3152 1333 3248 1389 τὸν
3304 1335 3487 1388 ἐκεῖσε

1899 1431 2316 1503 ἀφικνούμενον,
2354 1429 2468 1486 ἀλλ’
2492 1428 2904 1499 ἀναγκασθῆναι
2952 1426 3042 1481 τδν
3072 1424 3300 1480 συνόντα
3351 1426 3486 1497 ἡμῖν

1900 1527 2269 1601 πρεσϐύτερον
2291 1528 2592 1599 ἀναστῆσαι
2622 1524 2895 1590 ἐντεῦθεν,
2950 1524 3043 1578 καὶ
3084 1523 3298 1594 πέμψαι
3346 1523 3485 1594 πρὸς

1898 1621 1995 1694 τὴν
2023 1620 2297 1693 ὑμετέραν
2326 1618 2757 1690 θαυμασιότητα.
2793 1614 3097 1686 Δεξάμενος
3117 1613 3297 1669 τοίνυν
3322 1612 3487 1667 αὐτὸν

1896 1714 1973 1778 ὥς
2005 1729 2086 1767 σοι
2129 1712 2357 1783 πρέπον,
2389 1710 2601 1781 ταχέως
2651 1711 2683 1781 ἡ
2695 1710 2785 1779 μίν
2820 1706 3104 1778 ἔκπεμψον
3134 1704 3480 1775 εὐαγγελιζόέ

1898 1819 2056 1874 μενον
2100 1800 2200 1873 τὴν
2234 1800 2424 1869 ὑγείαν
2471 1800 2571 1869 τῆς
2622 1800 2721 1869 σῆς
2776 1796 3096 1869 ἐμμελείας.
3148 1791 3331 1851 Οἶσθα
3372 1797 3483 1873 7&9

1894 1889 2042 1952 ὅπως
2070 1888 2201 1959 ἡμῖν
2231 1884 2698 1958 περισπούδαστον
2736 1885 2894 1939 τοῦτο
2930 1884 3246 1957 μανθάνειν.

2390 1981 2576 2034 PKH’.
2613 1976 2975 2048 Μαρινιανῷ.

1964 2072 2090 2135 Τοῖς
2110 2070 2208 2142 μέν
2236 2070 2417 2135 ἀλλοις
2432 2069 2637 2125 ἀπασιν
2660 2068 2970 2141 ἀνθρώποις
2985 2070 3084 2141 ήδύ
3103 2071 3166 2125 τὸ
3186 2070 3307 2146 ἔαρ,
3326 2068 3486 2145 [671]

1892 2166 1975 2221 δτι
2001 2166 2098 2236 τὴν
2126 2164 2249 2236 δψιν
2291 2164 2393 2234 τῆς
2420 2164 2526 2236 γῆς
2562 2161 2748 2221 ἄνθεσι
2794 2162 3148 2229 καλλωπίζει,
3180 2166 3274 2220 καὶ
3302 2164 3481 2221 πάντα

1891 2257 2130 2312 δείκνυσι
2157 2256 2456 2328 λειμῶνας’
2513 2257 2639 2329 ἐμοὶ
2677 2255 2758 2321 δέ,
2792 2258 2877 2311 ὅτι
2912 2258 3143 2323 καὶτοῖς
3188 2259 3345 2315 ἐθάσι
3366 2263 3482 2324 τοῖς

1890 2347 2044 2419 ἐμοῖς
2074 2347 2425 2417 συγγίνεσθαι
2457 2346 2548 2401 διὰ
2570 2346 2919 2420 γραμμάτων
2966 2349 3217 2406 εὐκολίαν
3250 2350 3487 2423 παρέχει

1891 2440 2110 2513 πολλήν.
2158 2440 2495 2513 Ἐϐουλόμην
2526 2442 2625 2512 μὲν
2648 2440 2758 2513 7&9
2786 2442 2878 2496 καὶ
2903 2442 3096 2508 αὐταῖς
3128 2444 3316 2513 ὄψεσιν
3337 2443 3484 2515 ὑμᾶς

1891 2530 2117 2604 θεωρεῖν
2137 2550 2150 2561 ·
2180 2531 2370 2603 ἐπειδὴ
2405 2531 2461 2585 δὲ
2488 2531 2645 2585 τοῦτο
2668 2532 2766 2586 οὐκ
2786 2531 2887 2597 ένι,
2911 2534 3048 2605 ὅπερ
3078 2532 3157 2587 ἐνι
3190 2535 3327 2607 μετὰ
3353 2537 3482 2592 πολ-

1889 2621 1987 2693 λῆς
2013 2623 2151 2677 ποιῶ
2184 2624 2283 2693 τῆς
2311 2622 2644 2695 προθυμίας,
2683 2623 2771 2679 διὰ
2828 2625 3176 2697 γραμμάτων
3200 2628 3327 2698 ὑμῖν
3357 2632 3481 2700 ὁμι-

1888 2715 2016 2768 λῶν.
2048 2714 2158 2769 Kal
2187 2715 2285 2785 οὐχ
2313 2713 2458 2768 οὕτω
2484 2713 2678 2770 ναῦται
2697 2716 2793 2769 καὶ
2825 2715 3108 2788 πλωτῆρες
3141 2720 3261 2789 μεθ’
3287 2720 3484 2792 ἡδονῆς

1889 2806 1957 2860 τὰ
1990 2805 2252 2860 θαλάττια
2290 2805 2552 2877 τέμνουσι
2580 2807 2746 2873 νῶτα,
2801 2807 3018 2878 ἐκείνης
3049 2809 3144 2862 τοῦ
3196 2811 3348 2876 ἔτους
3380 2813 3483 2883 τῆς
3538 2860 3559 2877 κ

1887 2899 2037 2969 ὧρας
2068 2898 2390 2969 ἐπιστάσης,
2414 2898 2492 2961 ὡς
2532 2898 2643 2966 ἐγὼ
2686 2898 2953 2969 κάλαμον,
3000 2900 3094 2954 καὶ
3124 2901 3351 2973 χάρτην,
3383 2905 3480 2957 καὶ

1890 2991 2058 3063 μέλαν
2090 2989 2564 3061 μεταχειρίζομαι,
2605 2989 2815 3059 μέλλων
2853 2991 3189 3047 ἐπιστέλλειν
3216 2993 3369 3064 ὑμῶν
3409 2998 3477 3067 τῇ

1887 3081 2176 3154 ἐμμελείᾳ.
2204 3081 2366 3152 Παρά
2399 3081 2498 3152 μέν
2525 3080 2635 3153 7&9
2682 3081 2774 3134 τδν
2821 3081 2915 3135 τοῦ
2953 3082 3221 3154 χειμῶνος
3262 3085 3481 3160 καιρὸν,

1884 3172 1980 3227 τοῦ
2012 3172 2226 3245 κρυμοῦ
2255 3172 2437 3226 πάντα
2460 3172 2788 3244 πηγνύντος,
2816 3173 2908 3227 καὶ
2934 3176 3035 3246 τῆς
3060 3175 3270 3245 ἀφάτου
3302 3177 3480 3247 χιόνος

1885 3266 1984 3331 τάς
2018 3267 2170 3330 ὁδοὺς
2202 3265 2676 3338 ἀποτειχιξούσης,
2702 3265 2826 3320 οῦτε
2853 3266 3056 3334 ἔξωθέν
3084 3285 3172 3332 τις
3199 3270 3332 3340 ἡμῖν
3356 3271 3477 3322 ἐπι-

1886 3359 2177 3433 χωριάζειν
2203 3360 2471 3432 ἠνείχετο,
2503 3358 2625 3413 οὔτε
2648 3358 2900 3414 ἐντεῦθεν
2931 3359 3252 3431 ἀναστῆναι.
3278 3361 3479 3432 Διόπερ

1886 3453 1982 3508 καὶ
2002 3455 2183 3525 ἡμεῖς,
2215 3453 2469 3523 καθάπερ
2493 3452 2551 3505 ἐν
2579 3451 2959 3523 δεσμωτηρίῳ,
2979 3455 3093 3515 τοῖς
3113 3451 3348 3506 ἐνταῦθα
3370 3454 3477 3507 δω-

1890 3541 2103 3613 ματίοις
2155 3540 2569 3612 καθειργμένοι,
2608 3540 2704 3592 καὶ
2738 3539 2928 3610 ὥσπερ
2980 3540 3090 3594 τινὶ
3123 3540 3477 3613 γλωσππέδῃ

1886 3634 2269 3704 κατεχόμενοι,
2302 3635 2367 3704 τῇ
2395 3631 2504 3684 τῶν
2541 3632 3033 3703 γραμματηφόρων
3079 3633 3286 3704 ἀπορίᾳ
3307 3674 3320 3695 .
3381 3635 3478 3689 καὶ

1885 3724 2110 3786 ἄκοντες
2139 3724 2236 3793 τὴν
2268 3723 2484 3794 μακρὰν
2531 3724 2867 3793 ἐσιγήσαμεν
2917 3725 3095 3793 σιγήν.
3164 3725 3382 3795 Ἐπειδὴ
3416 3724 3477 3779 δέ

1886 3816 2070 3869 λοιπὸν
2095 3814 2296 3886 ἀνέῳξε
2315 3815 2414 3878 τάς
2428 3814 2736 3885 λεωφόρους
2754 3814 2855 3885 τῆς
2872 3815 3180 3887 ὁδοιπορίας
3206 3816 3235 3867 ὁ
3258 3817 3473 3887 καιρὸς.

1887 3909 1981 3961 καὶ
2007 3910 2137 3979 ἡμῖν
2166 3907 2235 3962 τὰ
2262 3906 2436 3976 δεσμά
2464 3908 2564 3978 τῆς
2601 3908 2847 3977 γλώττης
2876 3907 3033 3959 ἔλυσε
3051 3946 3066 3969 ,
3102 3908 3194 3961 τὸν
3221 3908 3318 3962 σὺν
3341 3909 3475 3980 ἡμῖν

1887 3996 2257 4069 πρεσϐύτερον
2279 3995 2535 4051 ἐντεῦθεν
2565 3997 3003 4067 ἀναστήσαντες,
3049 3996 3475 4067 ἀπεστάλκαμεν

1885 4090 2023 4160 πρὸς
2049 4088 2148 4161 τὴν
2179 4088 2448 4160 ὑμετέραν
2471 4087 2771 4155 εὐγένειαν,
2798 4089 3069 4159 εἰσόμενοι
3105 4089 3172 4142 τά
3211 4090 3339 4161 περὶ
3369 4090 3475 4161 τῆς

1887 4178 2073 4249 ὑγείας
2102 4180 2277 4251 ὑμῶν.
2311 4179 2614 4249 Δεξάμενος
2666 4181 2846 4236 τοίνυν
2879 4180 3064 4246 αὐτὸν,
3104 4182 3341 4237 δέσποτά
3368 4200 3471 4254 μου

1887 4269 2329 4353 θαυμασιώτατε,
2353 4268 2535 4353 καθώς
2562 4288 2643 4333 σοι
2669 4273 2879 4343 πρέπον
2902 4275 3040 4338 ἐστὶ,
3060 4280 3156 4330 καὶ
3183 4276 3307 4331 ίδὼν
3332 4277 3474 4349 μετά

1884 4366 1986 4436 τῆς
2017 4365 2101 4417 σοὶ
2130 4364 2446 4436 πρεπούσης
2470 4362 2715 4439 ἀγάπης,
2738 4364 2901 4437 ἡνίκα
2927 4367 2996 4420 ἂν
3010 4369 3228 4441 ἐπανίῃ,
3255 4370 3322 4423 τὰ
3343 4372 3472 4443 περὶ

1884 4456 1984 4525 τῆς
2012 4454 2223 4522 ὑγιείας
2254 4470 2347 4506 σου
2384 4451 2625 4522 δηλῶσαι
2677 4456 2811 4525 ἡμῖν
2842 4457 3248 4529 παρακλήθητι.
3300 4455 3471 4513 Οἶσθα

1885 4546 1994 4619 γὰρ
2022 4546 2169 4609 ὅπως
2192 4546 2322 4618 ἡμῖν
2340 4544 2819 4615 περισπούδαστον
2849 4548 2978 4621 περὶ
3018 4548 3224 4620 ταύτης
3263 4551 3474 4620 μανθά-

1885 4655 2017 4693 νειν.
2812 4668 2817 4671 ·

2124 4732 2304 4783 PKO'.
2342 4728 2665 4797 Μαρκιανῷ
2691 4728 2795 4784 καὶ
2819 4731 3237 4797 Μαρκελλίνου.

1967 4824 2057 4886 Ὧς
2089 4821 2229 4892 καλὴ
2258 4819 2417 4891 ὑμῶν
2464 4821 2498 4891 η
2530 4817 2783 4892 ξυνωρὶς,
2833 4822 2926 4875 καὶ
2966 4823 3171 4896 σφόδρα
3193 4826 3324 4894 ἡμῖν
3372 4842 3471 4879 πο-

1888 4912 2057 4985 θεινὴ,
2075 4913 2136 4967 οὐ
2155 4912 2305 4984 νόμῳ
2334 4910 2550 4980 φύσεως
2574 4911 2763 4989 μόνον,
2791 4911 2930 4966 ἀλλά
2958 4914 3055 4968 καὶ
3083 4915 3307 4989 ἀγάπης
3337 4935 3470 4986 σφο-

1886 5003 2150 5075 δροτάτης
2179 4999 2767 5072 ἁλύσευτςυνδεδεμένη.
2813 5001 2912 5058 Διὰ
2936 5002 3109 5057 ταῦτα
3135 5005 3471 5070 καλλωπιζό-

1891 5092 2029 5162 μεθα
2057 5090 2213 5165 ὑμῶν
2242 5093 2310 5163 τῇ
2334 5091 2487 5164 φιλίᾳ
2508 5090 2945 5165 ἐναϐρυνόμενοι,
2976 5094 3074 5148 καὶ
3094 5097 3473 5171 ἐπιθυμοῦμεν

1888 5184 2104 5257 καὶτῆς
2145 5185 2266 5238 κατ’
2297 5184 2420 5255 ὄψιν
2463 5183 2754 5255 συντυχίας
2803 5188 3112 5258 μετασχεῖν.
3167 5189 3384 5260 Ἐπειδὴ
3411 5192 3468 5246 δὲ

1885 5277 2046 5331 τοῦτο
2072 5272 2323 5339 τέωςούκ
2336 5274 2588 5347 ἕγιρπερ
2606 5275 2689 5329 ενι
2715 5276 2995 5347 ποιοῦμεν,
3021 5278 3308 5350 γράφομεν
3344 5297 3471 5333 συν-

1888 5369 2049 5440 εχῶς,
2077 5366 2406 5440 μεμνήμεθα
2423 5367 2815 5437 διηνεκῶς,ἐπ“ι
2840 5370 3079 5435 διανοίας
3101 5373 3248 5443 ὑμᾶς
3272 5389 3470 5429 παντα-

1747 5452 1767 5491 :
1886 5458 1984 5532 χοῦ
2014 5458 2404 5531 περιφέρομεν,
2435 5459 2679 5532 ὅπουπερ
2712 5460 2777 5516 ἂν
2804 5455 2984 5533 ὦμεν,
3015 5464 3137 5518 οὐδέ
3170 5465 3363 5536 μικρὸν
3387 5466 3468 5537 τῷ

249 5517 279 5547 ·
295 5514 501 5589 ορίειν
515 5514 965 5589 ,τδνρεελαεέστοεῖον
988 5518 1267 5589 mmor
1281 5519 1499 5585 ὀτρήῖον
1527 5521 1610 5589 τὸν
1639 5522 1780 5589 Ἀρα-

187 5575 388 5649 βισσοῦ.
414 5576 577 5649 istic:
598 5577 859 5649 ἐπίσκοπον
874 5579 1113 5649 Ὀτρή-ίον.
1138 5582 1289 5649 δδνὶί.
1314 5575 1515 5649 (ιιξοξιιιθ
1538 5575 1775 5649 Ὀτρήέον.

193 5638 244 5705 ίιι
269 5640 396 5711 edi}.
423 5638 794 5711 Μρξε1ᾼ¹ρὴῖον
823 5638 1130 5711 ιηειιθξῇίεε.
1158 5647 1227 5711 τῷ
1269 5638 1538 5710 κυρίῳμοι)
1568 5638 1638 5710 τῷ
1671 5638 1774 5699 ἐύλ.

187 5699 442 5764 ἐπῃκρπῳ
474 5698 685 5764 Ὀτρηίῴ
720 5702 1027 5764 ⁸Αρα6ισσοῦ.

253 5762 281 5824 b
308 5761 436 5824 Ires
457 5761 574 5810 mss;
597 5761 935 5824 ἀστεγάστους.

255 5823 279 5855 ⁸
306 5821 434 5873 Tres
464 5836 574 5872 mss.
605 5821 849 5889 χωρισμὸν
868 5826 1159 5891 ὀλοφύρομαι

1889 5554 2055 5624 μήκει
2076 5551 2175 5621 τῆς
2198 5550 2320 5605 ὁδοῦ
2342 5551 2691 5625 διειργόμεθα
2720 5554 2822 5625 τῆς
2838 5555 3135 5629 ἐμμελείας
3152 5557 3254 5628 τῆς
3272 5559 3471 5627 ὑμετέ-

1887 5662 2007 5716 ρας.
2042 5642 2297 5699 Τοιοῦτον
2319 5644 2428 5717 γὰρ
2453 5646 2554 5716 τῆς
2584 5647 2802 5717 ἀγάπης
2828 5647 2891 5721 τὸ
2918 5648 3195 5725 ,πτερόν
3219 5650 3315 5703 καὶ
3346 5650 3466 5705 ὁδὸν

1888 5735 1983 5789 καὶ
2004 5733 2283 5805 διάστημα
2316 5734 2552 5799 εὐκόλως
2588 5738 2731 5808 περᾷ
2752 5776 2767 5800 ,
2813 5736 2921 5789 καὶ.
2941 5737 3280 5815 πραγμάτων
3308 5756 3466 5807 περι-

1890 5830 2132 5894 στάσεως
2164 5828 2495 5902 ὑψηλότερον
2527 5829 2753 5901 γίνεται.
2782 5830 2872 5885 Διὸ
2894 5812 3021 5884 ’καὶ
3058 5812 3251 5903 ἡμεῖς,
3288 5837 3465 5890 καίτοι
