3950 6374
457 541 679 608 πολλαῖς
703 539 1048 613 συνεχόμενοι
1074 538 1336 611 θλίψεσιν,
1370 532 1650 612 ἐρημίαις,
1676 534 2037 610 πολιορκίαις,

460 634 739 706 συνεχέσιν
761 632 972 704 ἐφόδοις
998 632 1338 705 λῃστρικαῖς,
1354 630 1548 693 ,οὐδενὶ
1565 629 1770 684 τούτων
1804 626 2047 700 ῥᾳθυμό-

458 742 607 798 τεροι
633 725 763 797 περὶ
781 724 843 778 τὸ
864 723 1039 795 φιλεῖν
1072 724 1218 796 ὑμᾶς
1238 722 1603 795 γεγενήμεθα.
1636 721 1750 777 ἀλλ’
1778 718 2050 775 ἀνθοῦσαν

459 816 723 888 διηνεκῶς
768 817 865 889 τὴν
901 818 1032 888 περὶ
1069 817 1216 888 ὑμᾶς
1247 815 1613 889 διατηροῦμεν
1646 814 1906 869 διάθεσιν.
1958 811 2051 866 Διὸ

462 909 554 961 zeal
586 905 1011 980 παρακαλοῦμεν
1036 906 1422 980 συνεχέστερον
1455 910 1588 978 ἡμῖν
1618 904 1956 959 ἐπιστέλλειν
1982 900 2052 955 τά

468 1001 597 1073 περὶ
636 1001 738 1073 τῆς
779 1000 970 1071 ὑγείας
1028 1000 1127 1072 τῆς
1185 998 1457 1072 ὑμετέρας
1508 994 2048 1067 εὐαγγελιζομένους.

474 1099 617 1151 Ἵπε
650 1097 760 1169 γάρ
785 1096 940 1152 αὐτοὶ
972 1097 1105 1168 ὅσην
1134 1094 1383 1151 ἐντεῦθεν
1414 1091 1825 1167 καρπωσόμεθα
1870 1091 1963 1145 καὶ
1994 1091 2053 1144 ἐν

464 1178 672 1261 ἐρημίᾳ.
699 1188 999 1261 καθήμενοι
1024 1188 1126 1260 τὴν
1152 1187 1519 1259 παράκλησιν.

466 1303 621 1377 [675]
659 1302 791 1359 ΡΝ.
816 1301 1073 1377 μάργῳ,
1110 1304 1435 1377 Οὐαλερίῳ,
1463 1301 1805 1377 Διοφάντῳ,
1836 1305 2056 1372 Κυριαο

765 1372 869 1441 κῷ,
897 1372 1327 1445 πρεσϐυτέροις
1372 1372 1756 1444 Ἀντιοχείας.

551 1480 837 1550 Ῥαγδαῖόν
866 1499 920 1535 τι
954 1483 1144 1555 χρῆμα
1178 1486 1275 1537 zeal
1332 1481 1508 1553 βίαιον
1537 1484 1571 1555 ἡ
1602 1482 1811 1554 ἀγάπη,
1845 1482 1940 1536 zeal
1966 1481 2059 1536 δα-

477 1573 685 1628 νειστοῦ
722 1574 920 1638 παντὸς
951 1574 1182 1647 σφοδροῦ
1214 1573 1534 1646 βιαιότερον.
1571 1574 1708 1628 Οὐδὲ
1733 1574 1843 1650 γάρ
1886 1574 2060 1639 οὕτως

476 1667 677 1720 ἐκεῖνοι
709 1667 836 1731 τούς
863 1666 931 1721 τὰ
962 1668 1217 1739 χρήματα
1241 1666 1556 1737 ὀφείλοντας
1596 1667 1779 1731 αὐτοῖς
1801 1666 2093 1741 ἄγχοντες,

474 1759 819 1825 ἀπαιτοῦσιν,
854 1759 927 1824 ὡς
955 1761 1111 1831 ὑμεῖς
1148 1760 1247 1831 τῆς
1272 1758 1494 1831 ἀγάπης
1544 1759 1643 1831 τὴν
1683 1760 1872 1815 ἀλυσιν
1907 1776 2064 1832 περι-

478 1852 682 1917 θέντες,
716 1853 851 1925 πρὸς
879 1852 977 1925 τὴν
1021 1851 1130 1907 τῶν
1180 1851 1480 1908 ἐπιστολῶν
1508 1854 1660 1925 ἡμᾶς
1691 1852 1898 1906 ἔκτισιν
1927 1870 2061 1907 κατι

474 1944 749 2013 επείγετε,
782 1945 960 1998 καίτοι
988 1943 1250 2008 πολλάκις
1281 1942 1444 1998 τοῦτο
1477 1939 1813 2007 καταθέντας
1828 1943 1889 1996 τὸ
1907 1943 2067 2014 ὀφλη-

479 2056 576 2108 μα.
616 2037 777 2093 Ἀλλά
802 2036 1026 2109 τοιαύτη
1052 2037 1242 2093 τούτου
1276 2036 1371 2091 τοῦ
1403 2036 1601 2109 χρέους
1649 2038 1683 2108 ἡ
1732 2036 1895 2107 φύσις
1922 2054 1936 2067 ·
1978 2038 2066 2091 ἀεὶ

478 2130 847 2199 κατατίθεται,
893 2133 988 2187 zeal
1014 2132 1101 2186 ἀεὶ
1127 2131 1425 2203 ὀφείλεται.
1458 2129 1560 2185 Διά
1584 2130 1745 2185 τοῦτο
1779 2131 1873 2185 zeal
1909 2131 2068 2203 ὑμεῖς

480 2221 739 2288 πολλάκις
762 2221 1047 2295 δεξάμενοι
1081 2223 1410 2296 γράμματα,
1442 2224 1504 2277 οὐ
1548 2222 1900 2295 κορέννυσθε.
1957 2222 2071 2278 Kal

488 2317 589 2389 γὰρ
617 2318 710 2371 καὶ
738 2317 896 2371 τοῦτο
933 2317 1151 2389 ἐκείνης
1168 2318 1243 2397 ’τὸ
1268 2317 1671 2388 πλεονέκτημα,
1697 2317 1791 2371 καὶ
1825 2319 2073 2389 μιμεῖται

482 2412 580 2483 τὴν
610 2410 910 2477 θάλασσαν,
941 2410 978 2483 ἡ
1008 2411 1218 2483 μυρίων
1250 2409 1589 2481 πανταχόθεν
1621 2411 1703 2473 είς
1729 2409 1899 2482 αὐτὴν
1922 2411 2075 2483 ῥεόν-

484 2522 594 2558 των
650 2503 934 2575 ποταμῶν,
983 2505 1084 2557 οὐκ
1113 2503 1477 2576 ἐμπίπλαται.
1530 2503 1786 2558 Τοιοῦτον
1837 2505 1930 2557 zeal
1974 2503 2077 2574 τῆς

486 2597 657 2668 ἀκοῆς
680 2596 834 2667 ὑμῶν
857 2595 918 2650 τὸ
947 2596 1169 2661 πλάτος·
1193 2595 1285 2650 διά
1303 2595 1484 2659 τοῦτο,
1507 2596 1618 2669 ὅσῳ
1633 2594 1699 2651 ἀν
1728 2595 1947 2650 πλείονα
1978 2597 2078 2668 ἐμ-

489 2689 762 2760 ϐάλωμεν,
788 2687 1030 2760 τοσούτῳ
1062 2687 1328 2760 μειζόνως
1342 2686 1440 2761 τὴν
1466 2686 1643 2759 φλόγα
1656 2689 1755 2761 τῆς
1783 2688 2079 2753 διαθέσεως

489 2780 645 2854 ὑμῶν
673 2779 979 2853 ἐγείρομεν.
1012 2780 1106 2854 Μὴ
1134 2781 1315 2835 τοίνυν
1345 2781 1605 2853 νομίσητε
1630 2780 2081 2846 ὑποπτεύσαντας

492 2876 647 2948 ὑμῶν
688 2876 788 2946 τὴν
843 2875 1047 2946 φιλίαν,
1106 2876 1197 2930 τὸν
1226 2876 1435 2948 βραχὺν
1462 2860 1666 2930 Χτοῦτον
1724 2876 2082 2950 σεσιγηκέναι

491 2969 702 3041 χρόνον.
740 2969 845 3025 Καὶ
867 2969 975 3042 γάρ
1002 2970 1311 3025 τούναντίον
1341 2969 1485 3024 ἀπαν
1510 2970 1787 3043 ἐπάθομεν
1827 2972 1919 3037 ἀν,
1944 2971 2082 3042 εἴγε

492 3062 931 3136 ὑπωπτεύσαμεν
955 3105 969 3127 ,
1012 3063 1109 3119 zeal
1162 3062 1454 3127 πλεονάκις
1506 3062 1574 3117 ἀν
1644 3064 2082 3136 ἐπεστάλκαμεν.

494 3154 707 3227 Ὠσπερ
743 3154 853 3227 γάρ
879 3156 938 3209 οὑ
966 3155 1158 3227 χρείαν
1199 3153 1413 3228 ἔχουσιν
1460 3158 1512 3211 οί
1564 3156 1840 3228 ἰσχύοντες
1872 3155 2083 3229 ἰατροῦ,

494 3247 669 3312 οὕτως
689 3250 739 3302 οί
758 3248 1013 3322 ὀλίγωροι
1041 3252 1136 3305 zeal
1166 3252 1625 3318 ἀναπεπτωκότες
1646 3252 1848 3321 πολλῆς
1876 3252 2087 3305 δέονται

496 3341 597 3411 τῆς
625 3341 940 3412 θεραπείας.
978 3344 1042 3397 Εἰ
1067 3342 1246 3399 τοίνυν
1275 3345 1369 3399 καὶ
1392 3346 1554 3418 ἡμεῖς
1578 3344 1856 3418 ᾐσθόμεθα
1880 3343 2087 3416 χωλευ-

497 3434 665 3505 ούσης
696 3434 851 3505 ὑμῶν
891 3436 988 3507 τῆς
1018 3435 1330 3503 διαθέσεως,
1367 3437 1469 3492 οὐκ
1502 3437 1571 3493 ἂν
1615 3438 1973 3510 ἠμελήσαμεν
2020 3436 2094 3492 τά

502 3531 633 3603 παρ’
685 3530 893 3585 ἑαυτῶν
926 3532 1291 3604 εἰσφέροντες,
1344 3531 1485 3586 ὥστε
1517 3531 1689 3604 αὐτὴν
1717 3530 2024 3587 ἀνακαῦσαι
2063 3543 2091 3572 ι

506 3624 788 3695 μειζόνως.
816 3626 907 3698 Τῷ
939 3626 997 3681 δέ
1033 3626 1243 3699 σφόδρα
1275 3628 1405 3699 ὑμῖν
1437 3627 1661 3700 θαρρεῖν
1684 3665 1701 3690 ,
1748 3626 1844 3680 zeal
1895 3622 2094 3678 εἰδέναι

505 3722 714 3792 σαφῶς,
753 3722 838 3776 ὅτι
876 3722 971 3776 καὶ
998 3722 1300 3792 δεχόμενοι,
1353 3722 1448 3777 zeal
1476 3720 1553 3793 μὴ
1601 3720 1885 3792 δεχόμενοι
1913 3718 2095 3791 γράμ-

508 3834 673 3887 ματα,
698 3814 922 3886 παγίαν,
958 3815 1237 3887 ἀκίνητον,
1269 3815 1519 3888 μόνιμον,
1555 3812 1848 3884 ἄτρεπτον,
1872 3808 2093 3880 ἀκλινῆ,

504 3909 884 3981 ἀκμάζουσαν,
900 3908 997 3963 zeal
1012 3908 1279 3963 ἀνθοῦσαν
1295 3906 1470 3980 αὐτὴν
1485 3904 1748 3979 διηνεκῶς
1764 3903 2095 3976 διατηρεῖτε,

506 4005 608 4055 οὐκ
626 4001 929 4072 ἀναγκαίας
945 4002 1027 4066 είς
1043 4001 1203 4058 τοῦτο
1223 4000 1549 4072 ἐνομίζομεν
1566 3996 1724 4070 ἡμῶν
1746 3996 1846 4061 τάς
1876 3997 2097 4049 ἐπιστο-

509 4094 626 4159 λὰς,
646 4094 758 4149 ἀλλ’
797 4095 878 4158 είς
908 4093 969 4148 τὸ
992 4093 1288 4158 διαθέσεως
1326 4090 1623 4147 ἀποδοῦναι
1651 4089 1896 4160 δφλημα.
1942 4085 2101 4141 Ἐπεὶ

510 4187 607 4241 zeal
639 4187 735 4241 νῦν
763 4186 824 4240 οὐ
861 4186 1072 4259 χρείας,
1101 4184 1241 4239 ἀλλά
1266 4183 1446 4255 φιλίας
1473 4184 1660 4238 ἐνεκεν
1686 4180 2097 4250 ἐπιστέλλομεν.

512 4280 639 4334 Ὅτι
666 4278 776 4351 γάρ
804 4277 907 4331 κάν
940 4277 1126 4330 πολλοὶ
1164 4274 1494 4347 πολλαχόθεν
1541 4275 1591 4328 οῖ
1625 4274 1894 4345 χειμῶνες
1923 4271 2103 4343 φύων-

512 4389 626 4438 ται,
677 4371 772 4424 zeal
803 4369 973 4441 μυρία
1019 4369 1156 4440 πρὸς
1183 4367 1317 4440 ὕψος
1339 4368 1623 4439 ἐγείρηται
1654 4367 1722 4421 τά
1747 4365 1988 4437 κύματα,
2017 4363 2107 4417 οὐ·

512 4462 601 4516 δέν
640 4462 787 4533 ὑμᾶς
820 4460 1021 4532 βλάψαι
1072 4458 1317 4527 δύναται,
1348 4458 1443 4513 καὶ
1496 4457 1755 4531 ἐμϐαλεῖν
1786 4459 1866 4520 είς
1917 4456 1979 4510 τὸ
2003 4456 2104 4527 τῆς

515 4554 752 4626 ἀθυμίας
774 4553 1088 4618 κλυδώνιον,
1121 4552 1322 4617 ἱκανῶς
1341 4554 1371 4607 ό
1396 4550 1681 4624 παρελθὼν
1702 4548 1871 4614 ἔδειξε
1890 4548 2101 4620 χρόνος.
2120 4571 2126 4576 ·

516 4643 591 4695 Οὐ
617 4642 799 4697 τοίνυν
829 4642 906 4706 ὼς
928 4640 1347 4715 προσδεομένοις
1393 4640 1496 4712 τῆς
1524 4638 1774 4695 ἐντεῦθεν
1814 4639 2105 4711 παρακλή-

518 4751 657 4799 σεως
675 4732 1086 4807 ἐπιστέλλομεν,
1140 4733 1278 4788 ἀλλά
1308 4732 1595 4806 δηλοῦντες
1621 4774 1637 4799 ,
1674 4734 1757 4787 ὅτι
1818 4733 2106 4804 χαίρομεν,

519 4826 856 4900 σκιρτῶμεν,
886 4827 1296 4899 εὐφραινόμεθα
1323 4827 1429 4881 ὑπὸ
1464 4828 1562 4899 τῆς
1594 4827 1808 4900 ἡδονῆς,
1838 4825 2111 4895 τοσαύτης

520 4920 615 4972 καὶ
637 4918 704 4971 ἐκ
738 4917 996 4972 τοσούτου
1030 4919 1400 4991 διαστήματος
1432 4917 1654 4990 ἀγάπης
1685 4918 1838 4990 παρά
1864 4917 1967 4988 τῆς
2006 4918 2111 4987 ἐμ-

524 5007 746 5077 μελείας
770 5008 923 5080 ὑμῶν
953 5010 1338 5074 ἀπολαύοντες.
1387 5008 1605 5081 Ἐπειδὴ
1649 5008 1706 5062 δὲ
1753 5003 1812 5062 εὖ
1841 5004 1980 5071 οἶδα,
2028 5009 2111 5062 ὅτι

523 5098 725 5171 πολλὴν
747 5099 876 5169 ὑμῖν
904 5100 1061 5173 φέρει
1081 5100 1180 5172 τὴν
1207 5099 1550 5172 εὐφροσύνην
1576 5100 1636 5155 τὸ
1664 5099 1857 5170 μαθεῖν
1876 5099 1946 5153 τά
1966 5100 2112 5172 ἡμέ-

520 5209 656 5263 τερα
685 5193 742 5249 ἐν
760 5190 903 5245 τίσιν
930 5193 1077 5264 ὁρμᾷ
1098 5194 1150 5259 δ,
1168 5193 1571 5264 ἀπηλλάγμεθα
1589 5193 1692 5264 τῆς
1710 5192 1805 5246 τοῦ
1838 5192 2112 5265 στομάχου

523 5284 826 5349 ἀσθενείας,
852 5284 1191 5356 ὑγιαίνομεν,
1235 5287 1389 5340 οὐδὲν
1438 5287 1590 5357 ἡμᾶς
1618 5284 1743 5339 οὐτε
1780 5285 2110 5356 πολιορκίαι,

524 5376 649 5432 οὐτε
700 5376 881 5449 ἔφοδοι
924 5377 1236 5453 λῃστρικαὶ,
1266 5378 1394 5433 οὐτε
1426 5379 1633 5451 ἐρημία
1687 5379 1891 5452 χωρίου
1921 5422 1936 5446 ,
1990 5377 2115 5433 οὐτε

530 5471 740 5545 μυρίων
778 5471 1154 5543 περιστάσεων
1182 5471 1359 5543 ὖχλος,
1406 5472 1534 5527 οὔτε
1557 5472 1687 5529 ἀλλο
1723 5472 1834 5526 τῶν
1857 5470 2116 5526 τοιούτων

524 5562 678 5618 οὐδὲν
706 5563 987 5618 συστέλλει
1014 5565 1109 5618 zeal
1134 5563 1374 5636 θορυϐεῖ,
1393 5564 1509 5619 ἀλλ’
1539 5566 1725 5629 ἀδείας
1746 5563 2114 5636 ἀπολαύομεν,

526 5658 988 5731 ἀπραγμοσύνης,
1024 5657 1255 5731 ἡσυχίας
1285 5658 1487 5733 πολλῆς
1541 5658 1664 5714 καθ’
1695 5658 1935 5730 ἐκάστην
1971 5673 2120 5730 μεριο

596 5810 622 5838 ⁸
646 5811 769 5864 Cois'
779 5817 845 5864 in.
871 5818 1189 5870 ἀνακαινίσαι.

599 5874 793 5927 ιςεπιι.
818 5881 969 5947 όρμεῖ.

1152 411 1209 467 S.
1251 410 1541 468 JOANNIS
1581 411 2070 470 CIXBYSOSTOMI
2107 420 2433 483 ARCHIEP.
2470 413 3022 478 CONSTANTINOP.

2155 534 2397 605 μνῶντες
2409 540 2480 594 τά
2500 539 2761 612 ὑμέτερα,
2779 540 2923 612 ὑπὲρ
2942 540 3147 596 τούτων
3167 539 3303 613 πρὸς
3316 538 3446 604 τούς
3462 538 3696 607 είσιόναις

2151 635 2291 707 πρὸς
2316 638 2467 708 ἡμᾶς
2499 636 2813 709 ποιούμενοι
2859 635 3075 708 λόγους.
3121 635 3376 691 Τοιοῦτον
3418 634 3525 706 γὰρ
3549 635 3699 703 φιλεῖν

2150 726 2423 799 γνησίως·
2468 728 2562 783 ἐπὶ
2589 728 2839 801 γλώττης
2875 728 2967 783 ἀεὶ
3018 727 3145 791 τούς
3178 724 3539 797 τωθουμένους
3577 724 3703 795 ἐχειν

2154 819 2585 892 παρασκευάζει.
2615 822 2682 874 Ὃ
2710 820 2806 874 zeal
2826 819 2989 891 ἡμεῖς
3015 818 3297 890 ποιοῦμεν,
3315 817 3502 888 ἐπειδὴ
3527 817 3706 888 σφόδρα

2155 911 2439 984 φιλοῦμεν,
2456 911 2630 991 ’[676]
2659 913 2754 967 zeal
2786 911 2949 967 τοῦτο
2971 912 3089 966 ίστε
3125 911 3221 964 zeal
3247 912 3427 982 ὑμεῖς.
3456 908 3611 963 Ταῦτ’
3628 904 3707 963 οιῖιν

2155 1005 2376 1060 ἅπαντα
2418 1004 2783 1078 λογιζόμενοι,
2845 1005 2923 1079 μὴ
2976 1004 3226 1077 νομίζετε
3286 1000 3710 1075 ἐῤῥᾳθυμηκέναι

2157 1099 2326 1170 ἡμᾶς,
2358 1099 2497 1171 μηδέ
2518 1097 2818 1182 ὀλιγώρους
2839 1097 2917 1170 τῷ
2936 1098 3112 1170 χρόνῳ
3140 1096 3469 1167 γεγενῆσθαι
3488 1093 3619 1165 ,περὶ
3630 1091 3713 1164 τὴν

2156 1190 2397 1246 διάθεσιν
2442 1190 2541 1264 τὴν
2576 1192 2867 1264 ὑμετέραν.
2921 1192 2994 1248 Ἠ
3033 1194 3144 1261 γὰρ
3195 1188 3397 1260 ἀγάπη
3455 1186 3716 1241 οὐδέποτε

2160 1282 2458 1350 ἐκπίπτει,
2492 1283 2629 1338 ἀλλά
2678 1284 2785 1339 κᾶν
2822 1283 3015 1355 χρόνος
3028 1280 3309 1354 κπαρέλθῃ
3344 1278 3579 1349 μακρὸς.
3630 1275 3717 1329 κᾶν

2161 1377 2508 1448 πραγμάτων
2533 1376 2813 1448 αὐξηθῶσι
2839 1373 3139 1437 δυσκολίαι,
3166 1372 3272 1426 κάν
3301 1368 3617 1442 μακροτέρῳ
3634 1367 3717 1435 τῆς

2161 1465 2284 1519 ὁδοῦ
2317 1467 2485 1538 μὴκει
2511 1463 2904 1538 διειργώμεθα,
2936 1462 3115 1518 οὐδενὶ
3138 1460 3344 1516 τούτων
3382 1457 3521 1528 αὐτὴ
3561 1455 3717 1509 διακό-

2165 1576 2382 1626 πτεται,
2408 1559 2531 1614 οὐδὲ
2578 1557 2823 1631 ἐξίτηλος
2859 1557 3095 1627 γίνεται,
3131 1553 3247 1610 ἀλλ’
3282 1552 3436 1608 ἀνθεῖ
3466 1549 3716 1623 μειζόνως,

2166 1655 2260 1710 zeal
2284 1654 2616 1710 ἐπιδίδωσιν.

2523 1781 2705 1837 PAA'.
2753 1779 3037 1843 Ἔλπιδίῳ
3060 1779 3398 1843 ὲπισκόπῳ.

2252 1901 2443 1972 ⁹Ημεῖς
2470 1897 2594 1954 οὐτε
2622 1896 3022 1969 ὑπερορῶντες,
3055 1893 3181 1949 οὐτε
3218 1890 3606 1964 όλιγωροῦντές
3644 1906 3722 1942 σου

2168 1995 2269 2068 τῆς
2289 1995 2532 2064 ἀγάπης,
2561 1990 2654 2047 τὸν
2685 1989 2998 2063 ἔμπροσθεν
3029 1987 3374 2058 ἐσιγὴσαμεν
3393 1980 3725 2055 χρόνον,ἀλλά

2170 2085 2239 2142 τά
2273 2082 2617 2157 περιεστῶτα
2637 2083 2787 2154 ἡμᾶς
2822 2078 2973 2135 δεινά
2998 2078 3098 2151 τὴν
3126 2077 3350 2151 μακρὰν
3379 2076 3575 2146 ταύτην
3593 2072 3727 2143 σιγὴν

2171 2176 2449 2249 ἐποίησεν.
2483 2174 2558 2228 Οὐ
2590 2172 2701 2244 γάρ
2728 2174 2788 2226 ἐν
2816 2171 2898 2226 ἐνὶ
2935 2169 3203 2242 ἱδρύμεθα
3234 2168 3447 2241 χωρίῳ,
3478 2166 3605 2220 ἀλλά
3649 2165 3727 2220 νῦν

2175 2269 2277 2340 μὲν
2320 2267 2419 2337 τὴν
2466 2263 2803 2329 Κουκουσὺν,
2833 2261 2931 2318 νῦν
2972 2262 3031 2316 δέ
3064 2260 3163 2334 τὴν
3204 2260 3551 2335 ’Δραϐισσδν,
3579 2257 3662 2311 νῦν
3683 2257 3727 2310 δέ

2173 2361 2272 2426 τὰς
2292 2360 2585 2432 φάραγγας
2609 2357 2707 2412 zeal
2732 2355 2835 2420 τάς
2862 2353 3100 2427 ἐρημίας
3143 2350 3446 2425 περιπολοῦ
3454 2367 3549 2423 μεν
3568 2368 3581 2381 ·
3611 2347 3729 2401 οὑτω

2177 2453 2356 2508 πάντα
2387 2450 2637 2523 θορύϐων
2682 2445 3071 2521 ἐμπέπλησται
3097 2446 3194 2500 zeal
3218 2443 3487 2516 ταραχῆς,
3525 2440 3613 2495 καὶ
3639 2437 3731 2509 πῦρ

2175 2545 2272 2600 zeal
2302 2543 2521 2616 σίδηρος
2543 2542 2764 2598 ἅπαντα
2793 2539 3034 2611 δαπανᾷ,
3071 2539 3171 2593 καὶ
3208 2537 3462 2610 σώματα,
3494 2534 3584 2589 zeal
3610 2533 3726 2587 οίκο-

2178 2639 2493 2711 δομήματα.
2527 2635 2670 2709 Ἤδη
2692 2634 2754 2690 δέ
2780 2633 2878 2690 καὶ
2904 2633 3091 2697 πόλεις
3109 2630 3503 2702 ἀνεσκάφησαν
3520 2638 3543 2669 ο
3569 2625 3736 2681 αὐταν-

2177 2735 2316 2807 δροι,
2346 2733 2442 2787 zeal
2470 2729 2595 2786 zea0’
2646 2728 2887 2801 ἐκάστην
2911 2727 3131 2800 ἡμέραν
3167 2723 3453 2796 συνεχέσιν
3481 2717 3733 2777 ἐπιϐαλλὸ-

2185 2845 2335 2902 μενοι
2350 2827 2423 2899 φὴ
2432 2842 2564 2898 μαις
2585 2822 2920 2896 μετανάσται
2944 2818 3229 2893 γινόμεθα,
3256 2817 3496 2890 χαλεπόν
3525 2829 3636 2868 τινα
3661 2827 3737 2864 και

2181 2921 2366 2977 καινὸν
2391 2918 2612 2991 ἐξορίας
2647 2916 3016 2989 ὑπομένοντες
3033 2912 3257 2985 τρόπον,
3283 2911 3384 2965 zeal
3408 2903 3737 2980 καθημερινδν

2183 3013 2416 3069 θάνατον
2465 3009 2894 3083 προσδοκῶντες.
2951 3005 3089 3061 οὐδὲ
3139 3003 3250 3076 γάρ
3292 3004 3359 3058 ἐν
3408 3001 3487 3074 τῷ
3528 2995 3739 3070 φρουρίῳ

2185 3104 2441 3177 καθάπερ
2465 3105 2525 3157 ἐν
2551 3099 2911 3174 δεσμωτηρίῳ
2939 3096 3038 3154 νῦν
3084 3094 3547 3156 ἀποκλεισθέντες
3574 3089 3739 3161 ἔχομεν

2186 3200 2432 3272 θαρρεῖν,
2461 3195 2550 3251 διὰ
2578 3195 2640 3249 τὸ
2667 3193 2763 3249 zeal
2792 3192 2904 3247 τῶν
2923 3188 3183 3246 τοιούτων
3198 3188 3331 3251 τοὺς
3371 3182 3637 3254 Ἱσαύρους
3662 3194 3740 3272 κα·

2186 3269 2483 3363 τατολμᾷν.
2506 3287 2822 3362 Προσετέθη
2860 3284 2919 3340 δέ
2946 3284 3080 3356 ἡμῖν
3109 3280 3205 3335 zeal
3226 3277 3513 3353 ἀρρωστία
3539 3269 3738 3363 χαλεπὴ.

2186 3382 2255 3461 ἧς
2278 3360 2433 3458 Mite
2462 3360 2643 3438 νῦν-τδ
2664 3377 3047 3454 χαλεπώτερον
3069 3373 3453 3444 διαφυγόντες,
3476 3365 3635 3423 ἐτιτά
3659 3360 3745 3415 λεί-

2188 3460 2336 3551 ψανα
2368 3477 2539 3550 αὐτῆς
2572 3474 2977 3547 περιφέρομεν·
3011 3470 3107 3526 zeal
3137 3468 3327 3540 ῶσπερ
3359 3467 3441 3529 είς
3470 3460 3621 3551 νῆσόν
3646 3470 3745 3508 τινα

2193 3550 2298 3626 ὑπὸ
2323 3569 2596 3639 πελάγους
2621 3564 2872 3620 ἀπλώτου
2918 3559 3296 3633 κυκλουμένην
3344 3550 3745 3614 ἀποικισθέντες,

2193 3665 2366 3728 οὕτως
2385 3658 2685 3732 οὐδαμόθεν
2705 3658 2897 3713 οὐδένα
2915 3654 3114 3728 ῥᾳδίως
3134 3653 3267 3725 δρᾷν
3279 3646 3579 3720 δυνάμεθα,
3596 3640 3748 3706 πάσης

2193 3757 2315 3812 ὀδοῦ
2334 3754 2414 3827 τῷ
2425 3753 2577 3825 φόϐῳ
2606 3751 2716 3807 τῶν
2735 3748 2981 3821 θορύϐων
3001 3745 3207 3800 τούτων
3234 3733 3747 3808 ἀποτετειχισμένης·

2196 3846 2508 3920 Παρακαλῶ
2539 3845 2719 3899 τοίνυν
2749 3838 3061 3911 συγγνῶναι
3106 3838 3261 3909 ἡμῖν,
3303 3829 3543 3889 δέσποτά
3571 3842 3664 3899 μου
3688 3839 3754 3920 tl-

2201 3915 2440 4013 μιώτατε
2467 3938 2563 3992 zeal
2582 3935 2943 3990 εὐλαϐέστατε
2963 3947 2978 3962 ο
3005 3926 3162 3985 οἶσθα
3181 3927 3293 4000 γὰρ
3311 3926 3416 3998 τὴν
3448 3921 3675 4013 ἀγάπην,
3698 3915 3753 4013 ξίν

2200 4005 2406 4088 ἀνωθεν
2427 4031 2524 4085 καὶ
2553 4029 2613 4098 ἐξ
2635 4027 2813 4101 ἀρχῆς
2836 4026 2967 4097 περὶ
3006 4022 3104 4094 τὴν
3135 4021 3235 4092 σὴν
3272 4011 3657 4109 ἐπεδειξάμεθα
3680 4005 3756 4109 εὖ·

2199 4125 2443 4189 λάϐειαν,
2478 4122 2575 4177 καὶ
2630 4119 2707 4191 μὴ
2740 4117 3012 4173 διαλιπεῖν
3066 4111 3366 4183 εὐχόμενον
3407 4106 3545 4176 ὑπὲρ
3600 4103 3754 4171 ἡμῶν.

2204 4220 2327 4273 Ὀτι
2359 4216 2469 4289 γάρ
2494 4215 2544 4268 εἰ
2580 4212 2780 4285 ῥαδίως
2802 4208 3075 4279 ἐπιτύχοις
3089 4204 3200 4258 τῶν
3230 4202 3370 4275 πρὸς
3397 4200 3465 4255 τὰ
3486 4195 3758 4289 γράμματξι

2204 4276 2700 4382 ὑπηρετησομένων
2720 4345 2736 4371 ,
2767 4302 2920 4357 οὐδὲν
2961 4276 3336 4370 ’ὑπομνήσεως
3365 4293 3535 4364 δεήσῃ
3563 4276 3760 4385 πρὸςτδ

2206 4402 2543 4458 ἐπιστέλλειν
2573 4401 2708 4471 ἡμῖν
2743 4394 2983 4465 συνεχῶς
3006 4390 3136 4462 περὶ
3159 4390 3261 4461 τῆς
3295 4386 3509 4456 ὑγιείας
3537 4381 3631 4451 τῆς
3657 4381 3759 4471 σῆς)

2207 4495 2414 4569 σφόδρα
2437 4463 2770 4566 θαρῤύδμεν.
2796 4463 2905 4543 Kal
2934 4487 3099 4558 ἡμεῖς
3123 4483 3204 4548 δέ,
3231 4481 3281 4534 εί
3310 4479 3610 4569 λωφήσειεν
3628 4463 3763 4569 ταμτῖ

2207 4557 2275 4644 τά
2296 4557 2468 4651 δέινά,
2498 4557 2595 4639 zeal
2622 4557 2900 4656 προκύψαι
2933 4576 3027 4633 τοῦ
3069 4571 3449 4646 δεσμωτηρίου
3487 4564 3666 4619 τούτου

2209 4679 2525 4754 νηθείημεν,
2550 4676 2646 4729 zeal
2671 4670 3005 4729 ἀναπνεῦσαι
3044 4665 3240 4740 μικρὸν
3271 4662 3379 4717 ἀπὸ
3407 4660 3507 4730 τῆς
3536 4663 3766 4754 κατεχω-

2211 4744 2313 4848 σῆς
2360 4744 2682 4843 σέδλιορκίας
2704 4767 2873 4838 ἡμᾶς,
2929 4763 2989 4817 οὐ
3024 4757 3372 4829 διαλείψομεν
3400 4746 3632 4848 συνεχῶς
3665 4744 3779 4844 ὲτῖιοθ

2213 4839 2533 4926 στέλλοντές
2562 4878 2656 4915 σου
2689 4860 2825 4932 πρὸς
2862 4857 2962 4927 τὴν
2994 4851 3307 4924 τιμιότητα.
3347 4845 3511 4916 Ἦμῖν
3541 4839 3643 4909 γάρ
3683 4839 3765 4886 αὐ-

2210 4965 2324 5027 τοῖς
2354 4957 2513 5014 τοῦτο
2543 4951 2824 5016 ποιοῦντες
2854 4948 2926 5003 τὰ
2954 4946 3188 5020 μέγιστα
3219 4935 3575 5014 χαριούμεθα.

2737 5089 2919 5142 PAB'.
2960 5081 3267 5153 Γεμέλλῳ.

2288 5186 2483 5252 Βαϐαῖ,
2513 5182 2698 5256 ἡλίκον
2727 5180 2845 5234 ἐστὶ
2872 5151 3098 5249 γενναία
3118 5175 3214 5229 zeal
3240 5166 3461 5237 νεανικὴ
3495 5158 3665 5260 ψυχὴ,
3686 5151 3770 5260 οὐκ

2218 5279 2416 5347 ἔξωθέν
2444 5251 2629 5340 ποθεν,
2658 5273 2774 5328 ἀλλ’
2807 5269 3040 5333 οἴκοθεν,
3078 5267 3173 5322 zeal
3201 5265 3330 5336 παρ’
3364 5257 3553 5327 ἐαυτῆς
3578 5251 3673 5349 καῖ

2218 5335 2413 5445 ἡδονὴν
2450 5370 2545 5426 zeal
2580 5335 2680 5440 τῆν
2729 5363 3032 5434 ἀσφάλειαν
3070 5356 3447 5431 καρπουμένη,
3496 5341 3691 5445 καὶ,

2222 5430 2554 5537 θαυμαστὸν,
2590 5430 2698 5514 ἀπὸ
2752 5430 2860 5512 τῶν
2896 5448 3397 5527 πραγμάτωντῶν
3583 5430 3772 5542 πρλλοίξ

2223 5517 2593 5629 ςίθίδέέρῶν
2614 5550 2901 5624 σφαλερῶν
2938 5517 3077 5602 AM;
3102 5544 3420 5600 δοκούντων.
3454 5534 3550 5629 ΔΤὸ
3577 5527 3676 5598 γὰρ
3707 5517 3770 5629 μί)

2529 5608 2900 5718 θορυϐεῖσθαι,
2934 5638 3069 5712 μηδὲ
3103 5636 3290 5707 ἀλγεῖν
3313 5627 3624 5707 μισούμενον
3643 5608 3773 5683 παρά

2291 5812 2314 5841 ο
2338 5809 2524 5860 Omnes
2544 5804 2834 5861 τηεε.πόλεις
2855 5798 3241 5856 ἀνεσπάσθησαν.
3269 5792 3417 5845 Paulo
3440 5785 3547 5849 ροθι
3565 5778 3655 5828 δυο
3670 5776 3768 5819 ³³³⁸⁵

2229 5872 2448 5937 συνεχέσι
2469 5870 2768 5937 βαλλόμενοι.
