3950 6382
273 470 382 529 689

274 580 425 655 quod
447 594 558 636 non
579 583 818 649 superet.
848 572 977 629 ideo
1005 585 1106 626 nos
1130 580 1343 640 quoque
1368 563 1468 620 etsi
1494 559 1693 655 alioqui
1732 555 1870 655 mul-

276 648 350 731 tis
387 648 783 730 calamitatibus
829 662 1007 721 affecti
1031 703 1048 730 ,
1074 660 1329 717 nimirum
1376 651 1696 717 solitudine,
1724 648 1874 704 obsi-

275 767 442 822 dione
461 805 479 831 ,
505 759 737 819 assiduis
779 755 1092 829 prtedonum
1137 748 1471 814 incursibus,
1502 741 1671 801 nihilo
1698 750 1874 796 tamen

279 875 337 913 tn
368 856 536 912 vestri
583 865 771 906 amore
809 846 1087 920 segniores
1130 855 1320 897 sumus
1352 855 1366 892 :
1396 851 1586 894 verum
1635 840 1876 889 nostram

276 964 410 1020 erga
439 960 536 1003 vos
579 939 1011 1000 benevolentiam
1055 941 1316 1008 perpetuo
1351 927 1635 986 ﬂorentem
1680 923 1878 981 retine-

278 1018 427 1096 mus.
454 1036 817 1106 Quamobrem
858 1047 957 1088 vos
993 1043 1245 1100 rogamus
1271 1034 1329 1081 ut
1364 1023 1433 1079 de
1459 1029 1653 1078 vestra:
1677 1018 1882 1075 valetu-

279 1132 430 1187 dinis
450 1137 595 1183 statu
635 1125 834 1196 saepius
879 1136 978 1177 nos
1007 1118 1270 1176 certiores
1299 1129 1395 1185 per
1418 1114 1605 1168 literas
1644 1107 1878 1163 faciatis.

281 1221 473 1291 Neque
498 1219 644 1274 enim
670 1216 823 1271 vobis
853 1213 1074 1269 dubium
1099 1219 1182 1265 est
1199 1250 1215 1277 ,
1243 1214 1499 1278 quantam
1534 1203 1588 1257 in
1624 1200 1725 1255 liae
1750 1198 1878 1254 soli-

284 1312 473 1368 tudine
498 1309 922 1366 consolationem
949 1303 1074 1359 hinc
1099 1299 1376 1371 accepturi
1397 1297 1585 1352 simus.

285 1421 512 1479 CXXX.
546 1421 729 1485 Casta,
765 1418 1000 1482 Valerio,
1030 1413 1356 1486 Diopltanto,
1404 1409 1617 1481 Cyriaco
1638 1448 1652 1473 ,
1700 1390 1885 1460 Antio?

560 1513 689 1566 chiw
714 1508 1032 1580 presbyteris.
1056 1507 1289 1579 (Cucuso
1312 1517 1453 1557 anno
1475 1497 1626 1569 405.)

368 1650 673 1708 Vehemens
712 1656 768 1702 et
809 1644 1038 1700 violenta
1065 1639 1308 1712 quaadam
1349 1651 1436 1692 res
1459 1643 1541 1690 est
1566 1631 1794 1697 caritas,
1824 1644 1888 1684 ac

291 1742 526 1799 molesto
562 1737 831 1794 creditore
873 1733 1064 1806 quovis
1094 1730 1399 1788 violentior.
1429 1725 1614 1797 Neque
1639 1722 1783 1779 enim
1808 1719 1887 1775 illi

290 1850 392 1891 eos
411 1876 430 1902 ,
457 1833 546 1905 qui
569 1829 824 1903 pecunias
850 1827 1081 1894 debent,
1113 1825 1188 1880 ita
1207 1822 1498 1894 praefocant
1516 1861 1532 1886 ,
1560 1832 1624 1873 ac
1646 1815 1886 1872 debitum

292 1927 550 1998 exigunt,
579 1933 637 1979 ut
658 1937 754 1978 vos
802 1919 1040 1976 caritatis
1066 1925 1310 1974 catenam
1338 1912 1635 1984 injicicntes
1677 1907 1744 1963 ad
1777 1905 1892 1977 epi-

294 2020 466 2076 stolas
493 2014 874 2088 persolvendas
904 2028 1003 2069 nos
1032 2011 1254 2083 urgetis,
1300 2006 1512 2065 etiamsi
1552 2002 1749 2075 alioqui
1786 2000 1892 2056 hoc

294 2111 538 2168 debitum
582 2123 823 2180 persazpe
844 2106 954 2177 jam
981 2120 1015 2161 a
1043 2103 1198 2160 nobis
1224 2101 1295 2158 sit
1320 2101 1573 2156 solutum.
1601 2096 1800 2153 Verum
1827 2109 1891 2148 ea

299 2206 524 2275 hujusce
547 2202 714 2258 debiti
740 2208 929 2255 natura
958 2206 1043 2255 est
1076 2215 1091 2253 :
1125 2210 1340 2265 semper
1379 2192 1623 2256 solvitur,
1645 2202 1891 2258 semper-

297 2312 408 2368 que
433 2294 680 2351 debetur.
711 2291 938 2363 ldeoque
961 2304 1059 2346 vos
1099 2303 1169 2344 ne
1205 2286 1422 2359 quidem
1450 2282 1685 2355 acceptis
1724 2281 1893 2337 literis

297 2386 483 2442 satiari
512 2384 753 2455 potestis.
780 2380 1041 2437 Nimirum
1059 2379 1185 2434 illud
1215 2380 1377 2434 etiam
1407 2376 1601 2431 caritas
1627 2373 1811 2438 habet,
1834 2380 1894 2426 ut

300 2479 457 2548 plura
487 2491 700 2544 semper
719 2481 935 2544 appetat
970 2491 983 2528 :
1014 2487 1079 2528 ac
1107 2485 1255 2526 mare
1297 2469 1552 2535 imitatur,
1581 2464 1726 2537 quod
1771 2465 1895 2519 licet

299 2585 490 2624 amnes
517 2568 886 2637 undecumque
933 2564 987 2619 in
1027 2564 1200 2635 ipsum
1249 2560 1502 2626 inﬂuant,
1552 2574 1659 2614 non
1717 2568 1893 2610 tamen

301 2663 577 2733 impletur.
599 2659 796 2715 Eadem
822 2659 1020 2730 quippe
1040 2657 1248 2712 aurium
1276 2662 1570 2710 vestrarum
1601 2648 1896 2721 amplitudo

300 2765 388 2809 est
416 2772 430 2808 :
455 2768 521 2808 ex
540 2767 647 2822 quo
666 2748 916 2814 efﬁcitur,
943 2757 1000 2803 ut
1018 2762 1125 2819 quo
1152 2746 1300 2815 plura
1321 2746 1373 2800 in
1395 2759 1488 2800 eas
1517 2742 1858 2813 injecerimus
1877 2782 1893 2807 ,

301 2861 371 2900 eo
397 2844 557 2899 etiam
586 2842 806 2912 majoris
832 2849 1028 2896 vestra:
1049 2854 1173 2909 erga
1201 2852 1299 2893 nos
1318 2834 1706 2892 benevolentia:
1746 2830 1899 2886 llam-

303 2951 452 2991 mam
494 2935 812 2990 excitemus.
842 2930 1202 3000 Quamobrem
1243 2943 1313 2983 ne
1357 2925 1709 2989 existimetis,
1760 2936 1893 2984 nos,

301 3026 452 3098 quod
486 3026 554 3083 de
605 3035 784 3082 vestra
827 3023 1059 3080 amicitia
1103 3018 1347 3092 quaedam
1395 3016 1631 3088 suspicio
1660 3013 1896 3069 animmn

306 3131 552 3176 nostrum
575 3119 871 3192 tetigisset,
894 3117 1043 3173 brevi
1065 3114 1169 3170 hoc
1192 3109 1452 3182 temporis
1471 3109 1642 3180 spatio
1664 3106 1896 3162 siluisse.

306 3213 442 3268 Nam
485 3212 530 3267 si
574 3227 677 3283 qua
701 3210 935 3280 suspicio
959 3222 1056 3262 nos
1081 3204 1420 3269 incessisset,
1461 3202 1656 3272 saepius
1697 3198 1765 3254 ad
1804 3210 1900 3252 vos

308 3306 494 3360 literas
520 3303 875 3360 dedissemus.
899 3296 1358 3369 Quemadmodum
1385 3294 1531 3350 enim
1574 3292 1665 3364 qui
1698 3291 1899 3362 Optima

290 3396 615 3453 \valetudine
638 3402 783 3461 sunt,
805 3393 996 3449 medici
1027 3406 1185 3462 opem
1211 3405 1318 3445 non
1342 3387 1684 3444 desiderant:
1707 3383 1899 3441 eodem

309 3491 473 3546 modo
500 3489 673 3562 ignavi
698 3503 762 3543 ac
786 3487 980 3557 dcjecti
1012 3485 1257 3540 homines
1282 3481 1462 3537 multis
1488 3476 1741 3534 remediis
1767 3490 1902 3545 opus

310 3585 530 3639 habent.
554 3582 814 3648 Quocirca
844 3580 890 3635 si
910 3586 1146 3634 vestrum
1166 3589 1293 3645 erga
1318 3587 1417 3629 nos
1441 3562 1677 3627 animum
1699 3566 1904 3623 claudi-

307 3691 439 3730 cum
479 3674 866 3735 scnsissemus.
924 3686 1031 3726 non
1083 3668 1501 3740 neglexissemus
1543 3678 1605 3719 ea
1647 3662 1903 3717 adhibere

308 3783 435 3835 qua:
471 3765 643 3835 ipsum
676 3761 1007 3819 inﬂammare
1037 3766 1275 3832 possent.
1305 3758 1438 3826 Quia
1460 3771 1590 3810 vere
1615 3753 1901 3808 admodum

314 3857 469 3910 vobis
500 3854 710 3910 ﬁdimus
729 3897 746 3922 ,
777 3854 1050 3924 probeque
1079 3851 1309 3916 scimus,
1340 3848 1455 3903 sive
1474 3846 1657 3901 literas
1678 3860 1706 3899 a
1750 3844 1904 3898 nobis

311 3946 589 4017 accipiatis
609 3988 625 4014 ,
647 3947 760 4000 sive
776 3957 932 4001 secus
952 3985 969 4013 ,
999 3958 1094 3998 vos
1114 3942 1361 3997 affectum
1389 3953 1514 4009 erga
1539 3953 1638 3991 nos
1668 3935 1900 3999 ﬁrmum,

314 4040 597 4094 immotum
619 4079 633 4104 ,
668 4038 933 4107 vigentem
958 4043 1326 4105 perpetuoque
1354 4031 1633 4085 ﬂorentem
1660 4041 1900 4092 servare,

316 4134 519 4187 ideirco
545 4132 612 4187 ad
638 4147 756 4187 eam
784 4145 899 4186 rem
930 4129 1149 4184 minime
1176 4125 1508 4181 necessarias
1527 4122 1781 4192 cpiStulas
1807 4135 1906 4174 nc-

316 4238 461 4278 stras
498 4239 617 4280 esse
661 4222 988 4277 ducebamus
1016 4235 1240 4276 :vcrum
1277 4217 1343 4273 ad
1373 4219 1473 4271 hoc
1511 4216 1812 4277 dumtaxat,
1852 4219 1909 4267 ut

311 4317 504 4372 debito
541 4314 927 4371 benevolentiae
958 4327 1180 4368 munere
1215 4310 1578 4380 fungeremur.
1604 4305 1737 4361 Nam
1768 4318 1910 4359 nunc

312 4423 530 4479 quoque
554 4424 660 4462 non
683 4406 1004 4463 necessitate
1031 4404 1139 4459 ulla
1163 4401 1406 4473 impulsi,
1439 4400 1532 4455 sed
1558 4398 1787 4453 amicitia
1809 4395 1908 4451 ad-

316 4501 467 4555 ducti
492 4500 792 4556 scribimus.
822 4498 974 4568 Quod
1004 4498 1182 4563 enim,
1213 4497 1374 4550 etiam
1403 4494 1449 4548 si
1478 4491 1659 4547 multa:
1691 4490 1851 4545 variis
1878 4504 1909 4544 e

320 4592 455 4647 locis
499 4600 844 4662 tempestates
887 4591 1148 4654 oriantur,
1201 4594 1364 4656 atque
1406 4582 1675 4638 innumeri
1718 4580 1911 4636 ﬂuctus

316 4683 642 4746 excitentur,
665 4682 811 4736 nullo
838 4688 1015 4735 tamen
1045 4694 1141 4733 vos
1165 4677 1487 4732 detrimento
1517 4671 1735 4727 afﬁcere
1751 4680 1911 4740 atque

320 4778 374 4830 iu
426 4776 693 4831 mmstitize
744 4772 1032 4843 procellam
1079 4768 1347 4839 conjicere
1385 4773 1617 4836 queant,
1668 4764 1913 4832 superius

323 4881 536 4938 tempus
563 4866 776 4923 abunde
803 4864 1020 4937 planum
1045 4861 1188 4918 fecit.
1217 4862 1295 4915 Ac
1324 4856 1578 4930 proinde,
1611 4870 1716 4909 non
1741 4862 1796 4908 ut
1820 4868 1912 4906 so-

317 4961 507 5016 latium
533 4959 687 5014 vobis
713 4958 1000 5014 aﬂ‘eramus
1034 4955 1228 5027 (neque
1255 4951 1399 5009 enim
1425 4947 1792 5005 consolatione
1812 4960 1913 4999 no-

316 5066 432 5109 stra
459 5052 650 5124 egetis)
681 5051 796 5105 hare
827 5049 1111 5105 scribimus
1145 5063 1159 5100 :
1186 5060 1371 5100 verum
1402 5051 1460 5098 ut
1488 5041 1795 5111 intelligatis
1816 5053 1913 5093 nos

315 5146 515 5217 gaudio
545 5144 847 5208 exsultare,
891 5157 955 5197 ac
1000 5138 1203 5204 lauari,
1234 5136 1377 5208 quod
1408 5145 1608 5190 tantam
1653 5148 1721 5189 ex
1766 5140 1916 5186 tanto

322 5241 565 5293 locorum
617 5233 901 5290 intervallo
953 5232 1231 5288 caritatem
1279 5237 1513 5283 vestram
1557 5226 1912 5281 obtineamus.

319 5331 587 5400 Quoniam
628 5337 803 5383 autem
840 5326 955 5382 scio
978 5338 1186 5394 magna:
1205 5321 1361 5376 vobis
1403 5319 1602 5375 laztitia:
1625 5331 1780 5380 esse,
1809 5329 1917 5384 quo

317 5435 465 5480 statu
493 5438 583 5480 res
608 5432 804 5479 nostrae
848 5421 990 5486 sint,
1020 5416 1348 5487 intelligere,
1381 5414 1570 5468 scitote
1598 5427 1698 5468 nos
1718 5420 1916 5465 stoma-

319 5519 410 5572 chi
433 5515 797 5572 imbecillitate
815 5513 1074 5569 liberatos
1101 5522 1256 5571 esse,
1282 5514 1440 5575 atque
1474 5502 1683 5570 valere,
1724 5517 1787 5557 ac
1815 5516 1916 5558 nec

324 5609 606 5664 obsidione
645 5621 746 5661 nec
782 5605 1052 5660 latronum
1079 5599 1493 5664 incursionibus,
1523 5611 1625 5652 nec
1655 5596 1759 5651 loci
1786 5594 1915 5649 soli-

322 5702 538 5766 tudine,
568 5715 668 5755 nec
686 5705 1060 5755 sexcentarum
1097 5694 1444 5751 adversorum
1472 5703 1691 5746 casuum
1722 5688 1874 5742 tut-lia
1896 5726 1911 5745 .

322 5809 429 5853 nec
453 5794 685 5864 denique
706 5792 813 5847 ullo
840 5790 946 5848 alio
972 5787 1276 5859 huiusmodi
1308 5783 1650 5842 incommodo
1675 5783 1831 5853 dejici
1860 5793 1914 5836 cl.

321 5888 667 5955 conturbari;
690 5895 872 5942 verum
898 5884 1187 5941 securitate
1207 5925 1222 5953 ,
1248 5882 1378 5949 otio,
1405 5897 1467 5938 ac
1490 5878 1668 5953 quiete
1698 5875 1821 5945 frui,
1849 5889 1911 5931 ac

1737 440 2117 500 EPiSTOL/E.

3468 432 3576 491 690

1978 552 2208 624 singulis
2228 552 2420 609 diebus
2436 553 2506 608 de
2532 567 2716 608 rerum
2738 559 3036 608 vestrarum
3061 557 3202 605 statu
3219 550 3271 604 in
3293 564 3420 606 cura
3432 566 3574 618 esse,

1980 644 2154 716 deque
2175 644 2259 700 his
2282 644 2352 701 ad
2374 659 2469 701 eos
2487 645 2578 716 qui
2596 644 2861 701 accedunt
2880 658 3185 700 sermonem
3202 641 3422 698 habere.
3442 640 3576 696 Nam

1983 736 2087 793 hoc
2111 736 2226 793 veri
2249 737 2450 793 amoris
2474 744 2662 792 natura
2692 735 2849 801 facit,
2877 742 2939 790 ut
2957 735 2992 789 ii
3024 733 3113 805 qui
3133 733 3290 789 nobis
3318 734 3428 789 cari
3454 742 3580 788 sunt

1983 844 2195 900 semper
2213 828 2268 885 in
2297 843 2395 884 ore
2419 837 2605 883 nostro
2632 842 2696 883 ac
2715 827 2894 899 lingua
2913 835 3226 882 versentur.
3244 825 3398 894 Quod
3415 826 3576 879 etiam

1986 921 2038 975 iu
2062 920 2216 976 nobis
2236 928 2519 990 propterea
2543 934 2642 975 usu
2668 919 2816 974 venit
2832 959 2847 984 ,
2874 917 2999 990 quia
3019 916 3174 973 valde
3200 931 3478 971 amamus:
3502 916 3582 969 id-

1984 1028 2091 1084 que
2116 1011 2219 1083 ipsi
2237 988 2434 1068 _nostis.
2459 1012 2584 1068 Haec
2621 1011 2782 1082 igitur
2806 988 2986 1066 omnia
3012 1011 3287 1066 vobiscum
3326 988 3585 1079 reputant:

1990 1114 2099 1170 tes,
2131 1120 2201 1161 ne
2226 1104 2546 1160 existimetis
2589 1118 2689 1159 nos
2736 1103 2789 1158 in
2834 1112 3023 1157 nostro
3044 1116 3171 1172 erga
3197 1115 3296 1156 vos
3325 1099 3503 1155 ofﬁcio
3528 1107 3583 1153 ct

1988 1195 2359 1251 benevolentia
2385 1195 2642 1266 ιθιημογίε
2669 1207 2954 1264 progressu
3000 1206 3196 1263 segnes
3218 1205 3284 1247 ac
3311 1190 3582 1261 negligen-

1992 1293 2073 1340 tes
2100 1285 2339 1341 redditos
2358 1299 2497 1341 esse.
2522 1282 2720 1340 Caritas
2764 1283 2910 1339 enim
2962 1295 3236 1352 numquam
3283 1278 3467 1334 excidit
3499 1279 3577 1349 (l.

1991 1379 2108 1433 Cor.
2167 1380 2256 1435 15.
2315 1379 2370 1451 8)
2408 1396 2423 1434 :
2468 1394 2589 1446 nec,
2618 1376 2831 1433 tametsi
2868 1376 3064 1447 alioqui
3105 1375 3320 1445 longum
3371 1382 3583 1441 tempus

1990 1469 2238 1533 ﬂuxerit,
2269 1468 2477 1524 tametsi
2500 1466 2728 1537 longiori
2757 1466 2931 1522 adhuc
2950 1508 2966 1533 ,
2993 1480 3150 1534 quam
3181 1478 3342 1530 nunc,
3367 1461 3576 1517 itineris

1992 1560 2270 1615 intervallo
2298 1560 2435 1614 inter
2481 1575 2581 1614 nos
2612 1560 2957 1623 dirimamur,
2999 1557 3310 1625 interrumpi
3349 1564 3406 1610 et
3442 1554 3583 1607 cbli-

1992 1654 2151 1710 terari
2183 1662 2393 1724 potest,
2421 1668 2606 1707 verum
2633 1634 2806 1722 magis
2827 1665 2891 1706 ac
2921 1650 3091 1720 magis
3125 1648 3281 1703 ﬂoret
3304 1659 3463 1717 atque
3489 1661 3585 1698 au-

1991 1758 2168 1819 gelur.

2184 1874 2441 1933 CXXXI.
2469 1875 2679 1947 Elpidio
2708 1875 2964 1945 episcopo.
2999 1873 3190 1945 (Anno
3216 1870 3380 1943 406.)

2064 2010 2182 2066 Non
2211 2020 2518 2081 contemptu
2545 2010 2647 2077 tni,
2675 2025 2774 2066 nec
2801 2009 3025 2077 incuria,
3053 2006 3315 2078 superiori
3347 2013 3587 2076 tempore

1995 2103 2239 2157 siluimus
2268 2119 2282 2156 :
2314 2118 2499 2157 verum
2526 2089 2615 2157 res
2653 2101 2893 2156 adversa:
2911 2143 2927 2167 ,
2959 2102 3152 2171 quibus
3176 2098 3413 2168 undique
3437 2096 3586 2152 obsi-

1997 2194 2207 2262 demur,
2247 2194 2554 2249 diuturnum
2602 2192 2705 2248 hoc
2749 2194 3017 2248 silentium
3062 2172 3373 2247 effecerunt.
3396 2178 3588 2259 Neque

1996 2287 2138 2342 enim
2165 2296 2312 2341 certo
2342 2285 2453 2340 ullo
2478 2286 2597 2341 loco
2625 2282 2785 2339 deﬁxi
2812 2299 3016 2350 sumus,
3043 2298 3226 2338 verum
3257 2295 3398 2334 nunc
3416 2276 3590 2333 Cucu—

1998 2399 2157 2450 sum,
2199 2397 2340 2438 nunc
2381 2382 2691 2437 Arabissum
2718 2421 2734 2447 ,
2786 2394 2928 2434 nunc
2970 2378 3174 2441 valles,
3217 2390 3279 2429 ac
3324 2383 3588 2444 prmrupta

1998 2475 2316 2545 desertaque
2355 2473 2699 2528 circumimus
2724 2488 2740 2527 :
2773 2485 2939 2541 usque
2965 2467 3099 2523 adeo
3128 2474 3318 2521 cuncta
3346 2462 3585 2519 tumulti-

2001 2569 2099 2623 bus
2128 2584 2192 2624 ac
2217 2567 2617 2639 perturbatione
2655 2566 2808 2636 plcna
2857 2570 3016 2629 sunt,
3044 2560 3361 2629 ﬂammaque
3389 2567 3444 2612 et
3485 2557 3592 2610 fcr-

2001 2677 2140 2725 rum,
2175 2670 2280 2714 tam
2311 2674 2561 2729 corpora,
2604 2672 2764 2728 quam
2790 2654 3014 2719 :cdificia
3042 2651 3220 2707 omnia
3247 2647 3481 2705 conﬁcit.
3515 2648 3593 2701 Ac

1994 2752 2107 2823 jam
2154 2752 2315 2807 etiam
2359 2752 2519 2806 urbes
2568 2765 2672 2805 una
2717 2764 2839 2803 cum
2884 2747 3013 2801 viris
3059 2744 3307 2800 omnibus
3353 2740 3593 2796 funditus

2000 2844 2194 2899 excisae
2237 2851 2394 2910 sunt,
2440 2842 2698 2912 novisque
2738 2838 2974 2910 quotidie
3016 2834 3321 2892 rumoribus
3360 2832 3591 2904 perculsi

2001 2934 2157 2989 sedes
2202 2941 2504 2999 mutamus,
2551 2946 2716 3002 grave
2759 2928 3029 3001 quoddam
3073 2942 3137 2980 ac
3179 2941 3374 2979 novum
3417 2923 3593 2979 exsilii

2001 3040 2169 3095 genus
2202 3024 2577 3095 pcrpetientes,
2607 3030 2941 3091 mortemque
2974 3021 3025 3072 in
3056 3017 3170 3073 dies
3198 3023 3591 3086 exspectantes.

2003 3117 2135 3171 Nam
2161 3133 2229 3171 ne
2254 3115 2475 3171 castello
2499 3114 2734 3184 quidem,
2763 3110 2983 3183 perinde
3008 3120 3168 3179 atque
3186 3121 3423 3172 carcere,
3453 3120 3595 3160 nunc

2004 3210 2217 3278 inclusi,
2246 3209 2428 3263 ﬁdenti
2453 3208 2631 3262 animo
2656 3221 2776 3261 esse
2804 3218 3086 3275 possumus
3110 3218 3122 3255 :
3147 3208 3429 3273 propterea
3451 3197 3594 3267 quod

2006 3303 2172 3358 Isauri
2199 3299 2461 3371 ejusmodi
2491 3314 2641 3355 arces
2670 3296 2917 3353 obsidere
2952 3309 3059 3350 non
3087 3291 3350 3347 dubitent.
3375 3289 3455 3344 Ad
3482 3288 3597 3343 bare

2005 3397 2370 3467 gravisetiam
2401 3394 2619 3449 morbus
2643 3390 2870 3446 accessit
2896 3406 2911 3442 :
2942 3387 3092 3458 cujus
3116 3400 3259 3440 nunc
3284 3398 3426 3453 aegre
3448 3396 3599 3436 accr-

2006 3491 2169 3545 bitate
2215 3488 2457 3560 depulsa,
2508 3485 2761 3555 reliquias
2812 3480 2988 3536 adhuc
3035 3475 3501 3538 circumferimus;
3545 3483 3601 3527 et

2006 3579 2457 3652 quemadmodum
2488 3578 2540 3631 in
2592 3575 2818 3630 insulam
2847 3569 3131 3643 quamdam
3163 3582 3268 3622 non
3310 3562 3600 3636 navigabili

2008 3673 2141 3728 mari
2179 3669 2552 3726 circumfusam
2597 3667 2854 3737 relegati,
2898 3662 3087 3720 eodem
3128 3660 3289 3716 modo
3328 3659 3597 3715 neminem

2008 3764 2120 3819 fere
2148 3764 2252 3818 ulla
2278 3779 2344 3817 ex
2375 3771 2525 3832 parte
2546 3774 2769 3815 cernere
2799 3769 3111 3828 possumus,
3144 3752 3285 3823 quod
3312 3751 3393 3805 via
3424 3750 3599 3805 omnis

2011 3854 2329 3909 tumultuum
2363 3860 2507 3908 metu
2554 3849 2842 3906 interclusa
2870 3848 2957 3901 sit.
3002 3843 3359 3913 Quamobrem
3404 3840 3501 3895 abs
3547 3850 3602 3895 te

2011 3954 2156 4016 peto,
2189 3943 2634 4001 reverendissime
2662 3955 2725 3995 ac
2750 3936 3150 4009 religiosissime
3175 3933 3247 3989 mi
3276 3930 3511 3992 domine,
3545 3939 3603 3983 ut

2011 4040 2141 4096 mihi
2174 4040 2459 4110 ignoscas;
2491 4033 2598 4090 scis
2623 4033 2765 4089 enim
2793 4045 2925 4102 quas
2951 4028 3045 4083 tibi
3069 4024 3409 4098 jampridem,
3442 4030 3603 4092 atque

2012 4132 2080 4187 ab
2107 4130 2292 4195 initio,
2323 4127 2525 4184 amoris
2561 4133 2618 4181 et
2655 4120 3038 4180 benevolentiae
3065 4115 3479 4187 signiﬁcationes
3503 4112 3603 4167 dc-

2014 4224 2218 4288 derim;
2247 4235 2346 4276 nec
2372 4234 2470 4290 pro
2495 4217 2649 4274 nobis
2668 4216 2835 4272 Deum
2864 4210 3071 4285 precari
3098 4208 3439 4265 intermittas.
3468 4203 3601 4260 Nam

2014 4314 2178 4385 quod,
2223 4314 2268 4367 si
2316 4310 2560 4366 homines
2610 4307 2700 4378 qui
2748 4305 2971 4376 imperio
3017 4311 3111 4358 tuo
3152 4307 3403 4372 pareant,
3448 4295 3605 4351 facile

2016 4404 2248 4461 nancisci
2280 4416 2464 4475 queas,
2497 4400 2627 4455 nihil
2657 4396 3025 4454 submonitore
3066 4393 3133 4449 ad
3177 4404 3295 4446 eam
3321 4403 3433 4442 rem
3470 4401 3607 4455 opus

2016 4498 2293 4553 habiturus
2324 4495 2418 4559 sis,
2465 4502 2525 4548 ut
2554 4492 2619 4545 de
2645 4500 2731 4545 tua
2761 4486 3065 4543 valetudine
3092 4498 3249 4553 quam
3280 4477 3609 4535 creberrime

2016 4589 2083 4643 ad
2115 4601 2212 4641 nos
2254 4584 2496 4650 scribas,
2534 4570 2792 4651 ‘equidem
2835 4573 3174 4633 conﬁdimus.
3208 4573 3286 4625 Ac
3327 4581 3427 4623 nos
3455 4567 3604 4633 item,

2016 4681 2062 4735 si
2092 4679 2206 4734 haec
2233 4677 2467 4748 pericula
2513 4673 2915 4743 conquiescant,
2960 4677 3119 4737 atque
3155 4679 3222 4719 ex
3265 4662 3367 4717 hoc
3393 4675 3611 4716 carcere

2019 4785 2306 4842 prorepere
2325 4810 2341 4835 ,
2372 4778 2424 4823 et
2450 4766 2517 4822 ab
2545 4765 2823 4820 obsidione
2844 4803 2860 4829 ,
2888 4763 2941 4817 in
2969 4774 3071 4830 qua
3097 4772 3241 4815 nunc
3264 4767 3482 4820 sumus,
3511 4768 3611 4807 nos

2019 4866 2163 4934 ipsos
2188 4864 2516 4932 aliquantum
2550 4872 2795 4913 recreare
2819 4870 2883 4911 ac
2909 4853 3128 4910 reﬁcere
3166 4862 3428 4922 queamus
3448 4889 3463 4915 ,
3494 4846 3610 4901 nul-

2019 4955 2128 5010 lum
2176 4964 2385 5023 tempus
2428 4951 2755 5015 omittemus,
2799 4951 2927 5017 quin
2961 4943 3027 5000 ad
3059 4952 3112 4999 te
3151 4941 3467 4997 scribamus.
3501 4936 3613 4992 lloc

2019 5046 2162 5103 enim
2208 5046 2501 5110 facientes,
2546 5056 2706 5112 quam
2739 5038 2979 5093 maximo
3023 5050 3123 5090 nos
3164 5035 3310 5106 ipsos
3350 5027 3613 5090 beneﬁcio

2019 5138 2081 5193 af
2081 5137 2340 5192 lit'ietnus.

2527 5264 2756 5325 CXXXI
2769 5264 2816 5320 Ι.
2849 5262 3096 5321 Gentello.

2094 5414 2278 5483 Papae,
2308 5417 2503 5481 quanta
2527 5421 2616 5462 res
2652 5414 2737 5461 est
2778 5414 3069 5475 generosus
3092 5407 3148 5455 et
3176 5395 3326 5452 fortis
3366 5391 3613 5457 animus,

2019 5507 2112 5578 qui
2140 5504 2459 5574 voluptatem
2487 5515 2550 5554 ac
2588 5495 2929 5552 securitatem
2974 5506 3082 5547 non
3128 5486 3378 5551 aliunde,
3423 5498 3607 5539 verum

2021 5575 2164 5657 domi
2189 5608 2349 5668 atque
2376 5611 2405 5650 a
2433 5609 2493 5650 se
2518 5593 2634 5664 ipso
2661 5588 2919 5662 percipit,
2942 5582 3191 5658 quodque
3218 5575 3465 5668 mirabile
3492 5583 3576 5629 est
3596 5615 3612 5638 ,

2020 5694 2089 5747 ab
2115 5693 2181 5747 iis
2200 5667 2362 5747 rebus
2382 5702 2500 5760 qua:
2521 5683 2809 5740 multorum
2837 5677 3088 5750 opinione
3116 5667 3404 5728 horrenda:
3429 5682 3490 5721 ac
3517 5681 3613 5736 pe-

2020 5784 2264 5840 riculosa:
2289 5758 2434 5837 sunt.
2464 5778 2598 5837 Nam
2624 5791 2728 5831 nou
2751 5770 2911 5828 modo
2946 5782 3051 5825 non
3081 5760 3378 5836 perturbari
3404 5773 3468 5814 ac
3504 5758 3616 5813 dis-

2021 5874 2284 5943 cruciari,
2312 5888 2432 5928 cum
2458 5868 2775 5944 quibusdam
2805 5863 2929 5920 odio
2958 5860 3065 5927 sis,
3098 5872 3280 5913 verum
3324 5855 3478 5912 etiam
3512 5847 3615 5904 hoc
