3950 6358
304 353 398 408 691

305 465 523 518 nomine
553 463 767 532 gloriari
786 506 800 530 ,
826 477 996 532 neque
1023 461 1237 532 gloriari
1267 461 1462 525 solum,
1513 459 1606 514 sed
1627 471 1785 513 etiam
1803 473 1897 514 eos

306 558 396 625 qni
423 565 472 610 te
492 556 698 611 oderim
722 555 979 617 ιιιίειτιιΓι,
998 562 1156 622 atque
1174 561 1230 606 ut
1255 552 1531 606 meliorem
1552 559 1783 604 mentem
1815 550 1903 604 in-

309 645 496 712 duant,
514 647 770 716 probiqne
782 644 1534 713 efficiantur,expeterc,cujus
1552 641 1765 697 tandem
1782 657 1905 711 pru-

310 737 522 804 dentiae,
540 737 796 806 cujusque
813 736 1165 806 philosophia:
1181 736 1288 790 est?
1305 737 1380 789 Ae
1399 745 1676 804 propterea
1693 745 1763 801 te,
1782 749 1902 789 cum

312 829 498 898 primis
520 826 830 882 adniirande
846 838 901 882 et
920 828 1198 898 magnifice
1218 826 1454 891 domine,
1476 827 1718 881 laudibus
1738 825 1905 880 aflici-

314 938 433 976 mus
461 937 523 976 ac
549 921 867 990 su~picinms
896 939 910 976 :
944 930 1223 990 pr0pterea
1241 961 1256 987 ,
1289 920 1534 990 inquam,
1571 934 1669 973 nos
1693 933 1906 988 quoque

315 1028 638 1084 magnopere
681 1013 1048 1078 essttltamus,
1101 1013 1171 1066 ob
1197 1022 1343 1066 tuam
1391 1011 1716 1075 amicitiam,
1767 1019 1907 1063 tam-

313 1121 472 1174 quam
508 1104 578 1159 ob
603 1103 935 1174 Splendidam
976 1118 1230 1160 coronam
1278 1103 1591 1174 gloriantes.
1644 1101 1906 1169 Quoniam

313 1205 490 1251 autem
538 1213 722 1267 preces
751 1212 962 1268 quoque
990 1213 1020 1250 a
1064 1197 1217 1251 nobis
1263 1213 1357 1266 per
1405 1197 1583 1251 literas
1619 1196 1865 1265 exposcis
1893 1236 1908 1261 ,

315 1289 474 1342 velim
506 1288 802 1358 intelligas,
829 1303 927 1343 nos
955 1306 1018 1342 ne
1049 1299 1174 1343 ante
1204 1287 1299 1342 has
1320 1287 1532 1358 quidem
1580 1289 1762 1342 literas
1791 1295 1910 1340 vola

319 1380 495 1435 ficere
518 1381 788 1436 destitisse
813 1423 826 1444 ,
862 1391 917 1434 ut
954 1380 1187 1434 animam
1215 1395 1384 1450 uSque
1411 1381 1547 1434 adeo
1587 1395 1830 1449 magnam
1860 1387 1911 1432 et

321 1472 748 1541 philosophiram
794 1472 962 1528 sacris
1017 1473 1250 1537 initiari,
1306 1489 1368 1528 ac
1407 1475 1760 1526 sacrosanctis
1808 1472 1915 1527 illis

321 1564 720 1633 tremendisque
764 1565 1034 1635 mysteriis
1054 1565 1240 1637 donari
1287 1567 1740 1634 conspicerenius.
1775 1567 1850 1620 Ac
1871 1566 1915 1620 si

327 1655 482 1710 nobis
511 1656 690 1710 laetum
722 1656 1022 1726 hujnsmodi
1052 1657 1294 1711 nuntium
1321 1658 1565 1726 accipere
1596 1658 1782 1723 liceat,
1804 1657 1915 1727 jam

325 1756 376 1800 et
406 1745 506 1800 hoc
530 1747 720 1800 exsilio
752 1750 764 1776 ‘
797 1747 1003 1800 liberati
1033 1749 1266 1813 erimus,
1299 1758 1354 1802 et
1383 1748 1687 1802 solitudinis
1715 1763 1920 1802 memo-

329 1838 460 1889 riam
491 1835 821 1906 deponenms
842 1879 858 1899 .
888 1848 941 1892 et
966 1839 1206 1908 corporis
1235 1838 1597 1894 imbecillitate
1617 1881 1632 1906 ,
1657 1854 1780 1893 cum
1815 1855 1918 1909 qua

329 1944 470 1985 nunc
497 1932 650 1984 nobis
676 1942 947 1986 certamen
975 1942 1054 1985 est
1075 1971 1088 1994 ,
1125 1931 1329 1985 solutos
1359 1946 1456 1985 nos
1501 1946 1619 1985 esse
1641 1931 1918 1986 ducemus.

327 2023 437 2080 Nec
464 2039 592 2078 vero
618 2024 745 2078 illtnl
774 2026 925 2078 nobis
950 2024 1166 2079 dubium
1197 2035 1299 2090 est,
1327 2025 1407 2078 vir
1433 2024 1765 2089 admirandc,
1794 2024 1920 2094 quin

330 2127 508 2171 nostra
560 2131 722 2186 opera
775 2131 966 2170 arcana
996 2116 1108 2171 hac
1136 2117 1272 2172 bona
1323 2116 1581 2186 consequi
1625 2116 1840 2170 studeas
1869 2124 1924 2170 et

329 2212 700 2281 concupiscas.
737 2213 888 2279 Quod
916 2211 1078 2267 etiam
1098 2252 1113 2276 ,
1161 2221 1217 2266 ut
1249 2212 1360 2281 ipse
1391 2212 1561 2277 nosti,
1613 2210 1767 2265 nobis
1793 2226 1927 2280 quo-

329 2321 434 2375 que
499 2305 675 2358 studio
747 2316 906 2373 atque
950 2303 1222 2373 cupiditati
1265 2312 1364 2358 cst.
1407 2303 1604 2357 Verum
1650 2302 1696 2357 si
1741 2317 1774 2356 a
1824 2317 1923 2357 no-

331 2397 414 2451 bis
463 2411 612 2452 mora
666 2397 840 2465 aliqua
892 2397 1238 2461 interveniat,
1311 2394 1435 2449 hinc
1490 2403 1666 2448 tamen
1731 2393 1809 2448 rei
1857 2407 1926 2448 ne

334 2506 480 2544 mora
530 2489 804 2553 alferatnr,
836 2502 986 2542 cura.
1039 2486 1272 2542 Omnino
1301 2485 1480 2552 enim,
1532 2486 1690 2539 etiam
1739 2485 1785 2539 si
1826 2483 1924 2553 ipsi

331 2579 694 2647 abfuerimus,
736 2578 981 2634 homines
1017 2578 1173 2633 nobis
1209 2576 1520 2632 amicissimi
1560 2591 1664 2630 non
1695 2574 1927 2630 defuturi

333 2681 490 2738 sunt,
536 2673 711 2744 quite
753 2672 820 2726 ad
875 2672 993 2727 haec
1043 2668 1421 2744 mysteriorum
1471 2670 1620 2725 initia
1662 2668 1929 2725 deducere

332 2775 533 2837 queant
563 2768 656 2838 (α).
683 2765 834 2834 Quod
873 2765 919 2822 si
944 2766 1251 2837 contingat,
1282 2765 1470 2820 eadem
1518 2763 1789 2833 voluptate
1813 2763 1932 2817 affl-

333 2860 562 2925 ciemur,
594 2875 696 2930 qua
734 2859 1092 2926 afliceremur,
1129 2859 1173 2914 si
1203 2857 1441 2914 cmlestis
1480 2856 1639 2928 hujus
1683 2855 1928 2912 beneficii

339 2951 602 3021 largitioni
651 2949 1026 3005 administram
1086 2950 1300 3021 ipsimet
1355 2964 1572 3021 operam
1614 2948 1933 3019 prarbuissc-

337 3059 484 3112 mus,
507 3043 938 3115 quandoquidem
966 3044 1124 3098 etiam
1153 3043 1340 3098 eadem
1371 3051 1452 3098 cst
1483 3042 1671 3114 gratia.

530 3156 856 3215 CXXXIII.
890 3157 1106 3212 Adolire.
1137 3157 1373 3229 (Cucuso
1404 3172 1544 3212 anno
1576 3156 1732 3226 404.)

411 3272 548 3340 Quid
577 3271 695 3326 ais?
724 3271 957 3326 Rursum
1001 3271 1219 3326 insidias
1247 3272 1423 3342 luges,
1450 3270 1810 3341 gravibusque
1837 3283 1933 3324 ca-

342 3363 666 3422 lamitatibus
721 3362 968 3418 affectam
1023 3371 1077 3416 te
1134 3375 1256 3417 esse
1304 3361 1514 3432 inquis?
1559 3359 1696 3428 Quid
1754 3368 1935 3414 autem

340 3454 553 3521 obstat,
585 3467 798 3523 quwso,
849 3453 976 3524 quin
1017 3453 1069 3508 in
1099 3452 1440 3523 tranquillum
1471 3460 1684 3522 portum
1713 3460 1766 3507 te
1808 3467 1936 3506 eon~

342 3545 482 3599 feras
504 3587 518 3606 ,
546 3553 706 3613 atque
737 3543 818 3597 his
850 3543 1099 3598 omnibus
1129 3543 1378 3598 fluctibus
1419 3542 1702 3597 libereris?
1742 3543 1934 3596 Annon

344 3637 457 3690 lucc
485 3635 576 3690 tibi
608 3651 818 3705 setnprr
837 3635 1148 3690 occinebam
1166 3676 1182 3700 ,
1212 3649 1310 3690 nec
1333 3643 1508 3688 tamen
1533 3649 1782 3705 umquam
1807 3631 1937 3687 mihi

343 3726 818 3796 nbtemperandum
867 3726 1106 3780 duxisti?
1144 3725 1283 3792 Quin
1351 3724 1525 3794 potius
1562 3725 1673 3795 ipsa
1725 3739 1940 3794 quoque

345 3821 434 3874 tibi
489 3821 558 3875 ab
597 3819 901 3889 hujusmudi
953 3820 1284 3890 negotiorum
1331 3819 1442 3873 luto
1495 3828 1746 3874 sexcenta
1801 3818 1939 3873 mala

343 3913 614 3976 accersis,
675 3912 727 3964 in
777 3926 992 3967 caenum
1040 3921 1301 3981 perpetuo
1349 3910 1606 3976 illabens,
1639 3925 1705 3966 ac
1747 3910 1936 3976 nobis,

343 4002 470 4056 dum
509 4001 624 4057 haec
675 4003 901 4071 pateris,
928 4002 1145 4057 crebros
1166 4018 1228 4058 ac
1251 4013 1536 4073 perpetuos
1574 4016 1837 4057 maerores
1865 4001 1941 4056 af-

345 4097 476 4150 fers.
505 4097 588 4151 An
613 4111 697 4150 me
723 4096 824 4151 levi
853 4109 1089 4151 maerore
1108 4095 1250 4152 affici
1271 4110 1482 4162 censes,
1513 4111 1635 4150 cum
1652 4110 1715 4149 ea
1743 4093 1940 4159 audivi,

344 4202 466 4256 qua:
494 4185 561 4242 ad
592 4201 678 4242 me
703 4187 1004 4256 scripsisti,
1051 4187 1303 4242 nimirum
1336 4198 1388 4242 te
1415 4201 1446 4240 a
1477 4187 1793 4257 propinquis
1812 4227 1826 4248 ,
1856 4186 1944 4241 vel

348 4277 523 4347 potius
551 4275 744 4331 alienis
771 4277 1106 4347 (ipsisenim
1140 4277 1243 4331 tuis
1280 4277 1458 4331 verbis
1487 4278 1628 4346 utar)
1676 4275 1942 4348 proditam

343 4383 469 4422 esse
487 4408 504 4436 ,
529 4381 824 4439 gravesque
850 4367 1134 4439 tragoedias
1152 4368 1435 4438 pertulisse
1450 4367 1474 4420 ?
1489 4368 1777 4439 Quousque
1798 4367 1945 4423 fumo

347 4458 578 4524 assides,
597 4467 653 4514 et
674 4459 876 4514 clarum
903 4458 1068 4516 animi
1091 4460 1303 4516 oculum
1338 4460 1562 4515 turbas?
1584 4476 1947 4531 numquamne

345 4559 402 4605 te
431 4552 498 4605 ab
525 4551 624 4606 hac
659 4551 1003 4607 acerbissima
1055 4553 1312 4607 servitute
1359 4552 1410 4606 in
1442 4551 1742 4607 libertatem
1775 4551 1948 4606 vindi-

345 4642 529 4697 cabis?
557 4641 694 4710 Quid
735 4653 914 4698 autem
961 4642 1316 4714 impediebat,
1373 4644 1661 4714 quominus
1701 4643 1806 4698 huc
1856 4659 1949 4699 ve-

351 4733 514 4798 nires,
547 4748 752 4804 nosque
781 4735 847 4790 de
873 4733 957 4789 bis
983 4735 1142 4790 rebus
1159 4735 1438 4790 consilium
1466 4750 1569 4790 una
1597 4736 1948 4804 caperemus?

348 4822 624 4894 Siquidem
655 4826 844 4880 scribis
871 4835 922 4880 te
949 4841 1238 4896 numquam
1292 4828 1480 4882 horum
1512 4811 1742 4882 sensum
1777 4828 1944 4882 ullum

351 4924 627 4984 capturam
671 4913 867 4982 fuisse;
920 4917 964 4972 si
996 4917 1048 4972 id
1095 4919 1425 4989 contigisset.
1472 4918 1660 4989 Magna
1713 4919 1948 4975 admira-

353 5007 498 5062 tione
523 5019 587 5058 ac
628 5017 845 5076 stupore
896 5015 1102 5074 teneor,
1151 5025 1325 5079 neque
1356 5010 1518 5064 ullam
1545 5011 1702 5064 aliam
1730 5025 1945 5066 causam

354 5108 461 5152 tam
492 5095 759 5150 diuturna:
810 5107 914 5153 tuae
949 5115 980 5153 a
1012 5101 1164 5155 nobis
1217 5102 1475 5157 absentia:
1519 5103 1758 5172 reperio,
1786 5119 1945 5174 quam

353 5191 730 5264 negligentiam
760 5207 826 5246 ac
860 5192 1148 5262 pigritiam.
1179 5193 1311 5249 Nam
1337 5203 1391 5250 et
1415 5195 1608 5266 exiguo
1631 5196 1835 5250 itineris
1862 5197 1945 5250 in-

418 5329 433 5358 ¹
470 5323 680 5385 Colslin.,
705 5337 917 5376 carcere.

419 5388 578 5460 (a)7tn
599 5397 791 5460 praeco,
818 5401 875 5439 ιιι
894 5399 1030 5448 ταῦ-την
1051 5399 1282 5460 ᾲτξτᾳδιτῆι
1303 5405 1569 5460 ﬂammea...
1611 5397 1834 5460 verterat
1855 5393 1948 5442 sil-

355 5448 575 5517 linsz‘oqi
592 5456 637 5500 te
660 5453 727 5517 ad
749 5450 874 5517 hunc
897 5448 1156 5500 sacerdouz'
1178 5448 1458 5517 dignitatem
1476 5448 1733 5516 prove/tere
1751 5461 1950 5517 queant;

353 5512 442 5574 sed
468 5512 594 5560 male
635 5526 647 5562 :
682 5513 729 5561 id
767 5514 898 5562 enim
927 5525 1084 5574 graeci
1121 5512 1553 5574 non'exprimu'nt,
1586 5523 1638 5564 et
1679 5512 1948 5565 Gemellum

356 5572 484 5622 hunc
506 5587 571 5622 ex
588 5569 964 5638 virisprimariis
979 5583 1041 5638 et
1056 5587 1118 5623 ex
1141 5569 1613 5638 senatoribusfuisse
1628 5587 1835 5638 constat,
1849 5587 1950 5628 tum

358 5647 434 5707 cf.
448 5635 822 5707 compellatione
845 5636 1130 5707 hunc-rideat
1146 5635 1419 5700 mugni/ice,
1437 5647 1538 5707 tum
1559 5641 1722 5697 etiam,
1746 5635 1874 5704 quod
1901 5642 1949 5689 in

358 5695 468 5762 aliis
490 5695 710 5757 epistolis
728 5698 790 5748 70
816 5707 868 5748 et
893 5699 983 5748 124
1005 5695 1336 5762 magistratum
1359 5695 1576 5762 gessisse
1598 5695 1805 5751 constet.
1833 5711 1950 5752 Puto

355 5758 523 5818 Itaque
545 5771 654 5828 eum
680 5766 916 5828 Frontone
934 5758 1106 5812 υιιοωὸ
1129 5763 1205 5813 hic
1226 5761 1290 5812 de
1313 5758 1551 5824 baptismo
1566 5764 1661 5826 agi,
1681 5778 1829 5828 quem
1849 5779 1951 5816 sus-

357 5827 560 5883 ceperat
582 5820 843 5871 Gemellus.

1017 350 1073 406 S.
1115 347 1391 404 JO.\'.\'.\'lS
1427 347 1895 404 CllRYSOSTOMI
1941 346 2258 404 ARCHIEP.
2295 344 2836 404 CONSTANTlNOP.

3506 349 3619 410 ειη

2015 461 2237 515 tervallo
2266 459 2593 526 divellimur,
2624 469 2678 515 et
2701 460 2828 514 anni
2872 472 2997 529 pars
3033 457 3102 515 ad
3151 460 3616 532 peregrinandum

2009 568 2264 623 perquam
2296 553 2485 608 idonea
2532 562 2648 619 est,
2673 562 2732 607 ut
2754 566 2874 622 quae
2905 566 3004 606 nec
3043 550 3271 622 frigore,
3323 566 3437 608 nec
3481 563 3621 606 testu

2009 647 2231 700 molesm
2263 648 2352 701 sit.
2379 646 2576 701 Verum
2604 662 2790 701 rursus
2814 645 3062 713 fortasse,
3090 663 3210 717 qua:
3239 647 3330 701 tibi
3360 649 3618 701 omnium

2013 737 2273 792 malorum
2303 753 2496 809 parens
2523 736 2764 804 exsistit,
2793 737 2896 793 hoc
2919 747 3004 794 est
3027 728 3206 794 rerum
3235 737 3468 808 hujusce
3496 740 3625 793 vitae

2009 844 2170 896 cura,
2204 828 2391 884 eadem
2419 843 2560 884 nunc
2595 844 2808 901 quoque
2837 829 2932 884 tibi
2959 829 3400 899 impedimentum
3436 828 3624 882 affert.

2013 919 2128 990 Ego
2179 935 2309 974 vero
2356 921 2402 974 si
2455 920 2676 988 venias,
2731 920 2998 990 ingentem
3050 921 3274 990 gratiam
3326 919 3630 972 habiturus

2013 1027 2168 1078 sum;
2201 1013 2245 1066 si
2275 1026 2379 1067 non
2405 1012 2589 1068 venias
2608 1054 2624 1080 ,
2679 1027 2784 1067 non
2817 1020 3098 1083 propterea
3127 1021 3180 1067 te
3221 1014 3499 1066 accusabo
3520 1053 3533 1073 ,
3566 1026 3631 1064 ac

2015 1103 2241 1159 moleste
2281 1103 2445 1158 feram
2472 1123 2486 1159 :
2511 1119 2696 1159 verum
2723 1119 2840 1158 eam
2867 1104 3080 1175 quidem
3107 1105 3382 1159 caritatem
3407 1147 3422 1169 ,
3460 1119 3630 1173 quam

2019 1213 2232 1268 semper
2260 1197 2353 1251 tibi
2378 1197 2635 1268 praestiti,
2665 1197 2926 1267 integram
2964 1211 3027 1250 ac
3053 1197 3334 1251 florentem
3381 1195 3621 1250 retineo.

2022 1290 2151 1345 Illud
2179 1299 2358 1345 autem
2396 1290 2580 1360 iniquo
2610 1298 2768 1359 atque
2797 1287 2992 1344 acerbo
3013 1288 3195 1343 animo
3225 1287 3370 1351 fero,
3412 1302 3547 1342 cum
3580 1295 3632 1340 te

2019 1382 2316 1438 innumeris
2355 1382 2586 1453 negotiis
2630 1381 2952 1450 implicatam
2997 1381 3200 1438 teneri.
3225 1394 3288 1433 ac
3327 1386 3630 1431 sexcentas

2018 1489 2266 1529 curarum
2293 1471 2516 1543 hujusce
2544 1471 2668 1526 vita:
2697 1472 2937 1527 sarcinas
2964 1469 3308 1525 circumferre
3332 1467 3525 1522 audio.
3555 1467 3635 1520 Ae

2021 1565 2122 1620 nisi
2169 1580 2255 1620 me
2288 1564 2459 1619 exsilii
2493 1564 2784 1619 necessitas
2815 1571 3086 1633 tamquam
3128 1559 3486 1630 compedibus
3529 1558 3632 1611 ad-

2021 1659 2266 1714 strictum
2309 1667 2539 1726 teneret,
2572 1658 2663 1712 tibi
2686 1657 2957 1729 negotium
2992 1671 3097 1711 non
3129 1655 3455 1711 facesserem
3484 1697 3500 1721 ,
3534 1668 3629 1708 ve-

2023 1766 2140 1805 rum
2161 1793 2175 1818 ,
2209 1750 2418 1805 etiamsi
2449 1750 2692 1820 graviore
2730 1749 2906 1804 adhuc
2926 1791 2941 1818 ,
2972 1764 3130 1819 quam
3161 1763 3262 1818 qua
3293 1763 3440 1801 nunc
3472 1761 3631 1808 sum,

2023 1846 2267 1916 corporis
2294 1843 2657 1898 imbecillitate
2683 1842 3014 1908 laborarem,
3048 1841 3170 1911 ipse
3193 1854 3323 1894 sane
3351 1838 3418 1892 ad
3453 1848 3508 1892 te
3539 1851 3637 1892 ex—

2025 1939 2339 2000 currissem,
2374 1952 2546 2008 neque
2575 1936 2721 2005 prius
2744 1935 2954 2006 quidvis
2978 1949 3135 2004 agerc
3159 1948 3221 1986 ac
3243 1931 3422 1986 moliri
3454 1929 3632 1986 desti-

2027 2033 2231 2099 tissem,
2249 2045 2409 2101 quam
2427 2041 2479 2085 te
2508 2045 2572 2084 ex
2586 2027 2688 2084 hac
2706 2035 3022 2098 tempestate
3033 2035 3194 2096 atque
3216 2023 3634 2080 innumerorum

2027 2126 2288 2180 malorum
2311 2139 2468 2179 emno
2495 2132 2550 2178 et
2573 2123 2803 2179 colluvie
2831 2121 3205 2176 extraxissem.
3235 2117 3504 2186 Quoniam
3537 2132 3636 2170 au-

2029 2229 2136 2274 tem
2167 2218 2217 2272 id
2243 2217 2462 2273 minime
2488 2217 2616 2272 licet
2633 2259 2646 2282 ,
2677 2231 2928 2286 cuperem
2957 2230 3086 2270 sane
3114 2224 3168 2269 te
3192 2213 3295 2268 huc
3313 2211 3508 2267 venire
3529 2252 3546 2276 ,
3573 2223 3639 2265 ac

2028 2312 2095 2366 de
2133 2311 2217 2366 his
2246 2311 2404 2367 rebus
2437 2311 2504 2365 ad
2535 2325 2633 2365 nos
2659 2309 2881 2365 referre.
2910 2307 3062 2378 Quod
3091 2307 3136 2362 si
3184 2323 3284 2362 nec
3311 2305 3456 2361 istud
3511 2318 3637 2376 pro-

2029 2405 2165 2460 clive
2185 2415 2303 2469 est,
2333 2419 2520 2458 verum
2547 2402 2788 2470 difficile,
2813 2418 2910 2473 per
2935 2402 3118 2456 literas
3147 2408 3199 2454 te
3220 2413 3444 2454 monere
3470 2408 3638 2468 atque

2031 2498 2234 2554 hortari
2259 2513 2366 2552 non
2395 2497 2640 2552 desinam
2663 2537 2679 2563 ,
2712 2505 2770 2550 ut
2797 2505 2850 2548 ιιι
2879 2493 3035 2550 funes
3058 2509 3121 2548 ac
3147 2505 3314 2547 nexus
3335 2489 3629 2562 przecidas,

2031 2591 2333 2661 animaeque
2358 2588 2645 2660 compedes
2665 2587 2914 2658 elfringas
2935 2628 2950 2654 ,
2981 2598 3280 2656 magnaque
3307 2599 3428 2638 cum
3459 2581 3635 2636 facili-

2033 2691 2140 2738 tate
2163 2690 2219 2738 et
2243 2681 2488 2737 libertate
2505 2679 2783 2752 gradiaris.
2806 2679 2918 2736 Hac
2937 2679 3078 2734 enim
3100 2678 3307 2734 ratione
3333 2692 3442 2732 non
3471 2673 3636 2730 modo

2033 2773 2193 2844 hujus
2227 2773 2352 2828 vita:
2390 2773 2628 2828 laetitiam
2654 2771 3038 2842 consequeris.
3087 2769 3183 2826 sed
3232 2770 3393 2825 etiam
3439 2767 3634 2822 caelum

2034 2868 2200 2924 facili-
2227 2868 2444 2940 negotio
2484 2867 2738 2937 accipies.
2783 2865 3143 2934 Quamobrem
3169 2863 3238 2918 da
3276 2877 3538 2932 cperam,
3579 2867 3637 2914 ut

2035 2977 2156 3032 quae
2201 2958 2477 3031 aliquanto
2515 2967 2670 3030 post,
2702 2973 2825 3014 cum
2851 2955 2974 3012 hinc
3009 2953 3345 3026 migrandum
3372 2953 3478 3008 erit
3500 2993 3516 3017 ,
3556 2953 3634 3006 in-

2036 3055 2140 3109 vita
2174 3053 2426 3109 relictura
2457 3067 2547 3120 es,
2577 3065 2642 3105 ea
2669 3057 2860 3119 Sponte
2890 3050 2942 3103 in
2982 3047 3174 3102 aeraria
3205 3046 3273 3100 ab
3297 3043 3444 3100 omni
3472 3044 3636 3098 latro-

2038 3161 2166 3200 num
2189 3143 2381 3214 injuria
2415 3143 2580 3198 libera
2614 3137 2964 3197 et‘immunia
2998 3139 3326 3210 prmmittas,
3353 3152 3415 3193 ac
3444 3152 3545 3205 per
3573 3150 3633 3189 ea

2038 3239 2406 3306 immortales,
2439 3252 2539 3294 nec
2566 3252 2820 3306 umquam
2852 3242 3249 3289 marcescentes
3284 3248 3516 3288 coronas
3545 3228 3634 3286 libi

2040 3329 2373 3402 prmcondas.

2231 3407 2471 3476 CXXXI
2490 3418 2551 3474 γ.
2583 3417 2820 3490 Diogeni.
2855 3417 3088 3481 (Cucuso
3117 3429 3258 3469 anno
3283 3412 3435 3482 ιοι.)
3509 3471 3513 3474 ,

2113 3515 2411 3584 Pet-magno
2432 3556 2445 3577 ,
2474 3513 2689 3568 domine
2721 3513 2791 3564 mi
2824 3507 3166 3571 admirandc,
3198 3506 3337 3560 istud
3360 3505 3636 3566 emissem,

2044 3617 2098 3662 ut
2131 3607 2259 3661 mihi
2288 3605 2602 3659 suavitatem
2632 3613 2774 3657 tuam
2805 3600 2988 3654 videre
3025 3599 3242 3661 liceret,
3293 3596 3450 3666 idque
3476 3595 3635 3647 etiam

2045 3701 2159 3768 ipse
2184 3709 2307 3753 ante
2334 3699 2514 3752 literas
2545 3705 2756 3750 nostras
2779 3692 3115 3762 exploratum
3146 3689 3311 3743 habes
3346 3705 3358 3740 :
3391 3687 3632 3756 quando-

2044 3791 2261 3862 quidem
2293 3789 2386 3844 tibi
2417 3803 2630 3859 quoque
2674 3799 2824 3841 meus
2870 3799 2994 3853 erga
3044 3793 3095 3836 te
3133 3797 3285 3836 amor
3323 3787 3639 3849 perspectus

2043 3894 2148 3940 est.
2177 3883 2438 3951 Quoniam
2471 3889 2654 3936 autem
2684 3878 2735 3933 id
2767 3878 2985 3932 minime
3010 3875 3136 3929 licet
3166 3875 3314 3943 (nam
3339 3881 3392 3926 et
3421 3871 3637 3938 longum

2047 3979 2149 4033 iter
2193 3977 2334 4031 inter
2373 3989 2472 4028 nos
2517 3972 2851 4040 interjectum
2899 3975 3020 4030 est,
3068 3981 3168 4020 nec
3214 3965 3381 4018 nostri
3425 3961 3638 4032 quidem

2045 4068 2250 4123 arbitrii
2277 4074 2381 4132 est,
2403 4079 2510 4135 quo
2531 4063 2713 4126 libeat,
2743 4077 2839 4116 nos
2855 4059 3122 4123 conferre,
3149 4073 3211 4112 ac
3241 4056 3469 4123 denique
3499 4054 3642 4107 Isau-

2047 4162 2280 4217 ricarum
2326 4157 2689 4212 incursionum
2737 4152 2974 4224 quotidie
3024 4163 3198 4204 metus
3249 4144 3638 4218 ingravescit),

2047 4254 2144 4308 abs
2175 4261 2227 4306 te
2267 4259 2425 4322 peto,
2458 4257 2548 4314 ut,
2581 4245 3053 4317 quod-maximum
3095 4241 3249 4295 nobis
3281 4250 3390 4292 tum
3425 4237 3641 4306 hujusce

2049 4342 2376 4407 solitudinis,
2406 4349 2516 4395 tum
2543 4351 2902 4392 azrumnarum
2934 4334 3170 4388 omnium
3201 4341 3255 4386 et
3280 4330 3639 4384 calamitatum

2050 4434 2297 4492 solatium
2334 4439 2418 4487 est
2440 4473 2454 4498 ,
2491 4445 2650 4501 quam
2691 4428 2988 4499 sazpissime
3017 4442 3044 4479 a
3073 4435 3124 4478 te
3157 4425 3336 4479 literas
3364 4420 3642 4490 accipiam,

2051 4529 2244 4598 quibus
2269 4527 2335 4580 de
2362 4535 2449 4580 tua
2474 4525 2742 4594 totiusque
2767 4524 2957 4578 domus
2983 4531 3087 4575 tua:
3115 4517 3418 4572 valetudine
3441 4515 3640 4571 certior

2054 4625 2175 4677 liam
2206 4640 2219 4677 :
2253 4621 2304 4676 id
2329 4619 2487 4675 velim
2509 4661 2522 4685 ,
2571 4619 2616 4674 si
2660 4617 2886 4672 facultas
2923 4614 3080 4670 detur
3105 4653 3118 4678 ,
3158 4627 3317 4682 quam
3352 4609 3647 4680 saepissime

2053 4716 2207 4770 nobis
2233 4713 2519 4768 concedas.
2575 4711 2758 4781 Neque
2783 4709 2926 4764 enim
2967 4708 3120 4762 facile
3146 4716 3228 4761 est
3267 4720 3366 4760 nos
3389 4703 3527 4758 istud
3552 4717 3645 4756 co-

2055 4807 2202 4878 piose
2229 4806 2468 4860 obtinere
2490 4845 2505 4869 ,
2540 4803 2682 4873 quod
2711 4800 2848 4854 haud
2879 4799 3034 4854 facile
3063 4798 3340 4868 quisquam
3384 4797 3540 4848 istinc
3582 4792 3644 4847 ad

2056 4915 2152 4954 nus
2188 4899 2382 4953 veniat.
2413 4895 2678 4950 Cancrum
2698 4935 2711 4957 ,
2741 4892 2841 4947 etsi
2867 4892 3091 4945 arduum
3124 4886 3369 4958 estquod
3393 4887 3644 4956 petimus,

2056 5001 2230 5045 tamen
2257 4985 2428 5056 quoad
2457 4985 2573 5054 ejus
2597 4984 2708 5037 fieri
2737 4981 2970 5052 poterit,
2998 4980 3156 5034 velim
3183 4978 3278 5033 des
3306 4991 3524 5046 operam
3551 5017 3563 5036 ,
3595 4985 3648 5028 ut

2054 5083 2270 5138 crebras
2300 5079 2366 5134 ad
2408 5093 2506 5132 nos
2545 5077 2728 5130 literas
2755 5076 2935 5128 mittas
2955 5116 2970 5140 ,
3000 5088 3119 5142 qua:
3151 5071 3306 5125 nobis
3332 5067 3648 5144 valetudinis

2057 5185 2159 5228 line
2204 5182 2398 5227 statmn
2443 5176 2734 5238 exponant.
2780 5166 2849 5222 Ut
2887 5177 3097 5228 autem,
3141 5163 3267 5234 quid
3312 5162 3410 5231 ipsi
3441 5175 3648 5230 quoque

2055 5279 2302 5336 geramus
2325 5305 2338 5328 ,
2371 5262 2669 5332 intelligere
2711 5275 2896 5330 queas,
2928 5260 3037 5314 otio
3061 5267 3220 5328 atque
3248 5255 3442 5326 ingenti
3475 5254 3648 5323 quiete

2057 5360 2280 5412 fruimur
2301 5399 2317 5424 ,
2359 5371 2552 5427 magna
2577 5353 2962 5424 tranquillitate
2981 5395 2996 5420 ,
3039 5367 3103 5407 ac
3127 5349 3382 5405 mediocri
3411 5345 3649 5417 corporis

2055 5449 2284 5504 sanitate
2307 5465 2320 5513 ;
2349 5446 2451 5502 hoc
2475 5462 2636 5501 unum
2659 5447 2894 5500 animum
2924 5454 3162 5499 nostrum
3182 5439 3486 5503 conturbat,
3511 5435 3646 5508 quod

2055 5558 2082 5594 a
2114 5540 2291 5607 vobis,
2334 5555 2363 5594 a
2392 5540 2584 5609 quibus
2624 5553 2900 5603 amamur,
2942 5535 3167 5606 sejuncti
3213 5547 3417 5588 smnus.
3452 5529 3644 5584 Verum

2057 5643 2230 5703 potest
2258 5641 2344 5687 tua
2372 5630 2675 5701 prudentia,
2700 5646 2760 5683 ea
2787 5629 2992 5682 ratione
3010 5667 3026 5694 ,
3057 5642 3216 5694 quam
3243 5623 3494 5682 diximus,
3530 5618 3651 5673 huic

2055 5743 2267 5798 quoque
2301 5727 2441 5781 malo
2468 5725 2714 5780 solatium
2746 5722 3024 5778 adhibere.
3061 5717 3319 5789 Quocirca
3350 5716 3450 5770 hoc
3477 5713 3645 5770 nobis.

2055 5835 2260 5889 QUiUSO,
2296 5818 2612 5874 beneficium
2635 5817 2700 5872 da
2725 5859 2739 5884 ,
2773 5831 2905 5887 quo,
2941 5814 3064 5871 licet
3093 5820 3239 5868 tanto
3265 5809 3360 5865 abs
3399 5817 3450 5863 te
3480 5806 3636 5861 inter-
