3950 6380
262 398 357 457 691

259 526 444 572 τινων,
468 508 608 563 ἀλλά
638 509 732 563 καὶ
755 506 1193 572 καλλωπίζεσθαι
1224 508 1316 561 ἐπὶ
1348 507 1544 578 τούτῳ,
1572 505 1722 579 [677]
1745 508 1840 560 καὶ

263 611 336 675 μή
369 601 805 667 καλλωπίζεσθαι
841 602 1000 673 μόνον
1028 642 1041 663 ,
1069 601 1208 656 ἀλλά
1262 602 1357 655 καὶ
1399 601 1569 655 ἐλεεῖν
1598 600 1724 663 τοὺς
1752 617 1840 671 μι-

259 693 510 760 σοῦντας,
563 694 659 749 καὶ
706 693 993 765 ἐπιθυμεῖν
1029 694 1228 757 αὐτοὺς
1264 691 1714 764 μεταϐάλλεσθαι,
1746 690 1842 744 καὶ⁵

196 826 199 828 »
257 787 514 857 γενέσθαι
559 788 852 859 χρηστοὺς,
906 785 1080 857 πόσης
1118 785 1218 856 μὲν
1253 786 1546 849 συνέσεως,
1581 785 1755 855 πόσης
1782 783 1840 837 δὲ

255 880 324 934 ἂν
344 878 429 948 εῖη
448 877 802 947 φιλοσοφίαςς
825 876 928 930 Διά
951 876 1127 930 ταῦτά
1152 893 1210 929 σε
1235 877 1564 953 ἐπαινοῦμεν
1593 876 1687 929 καὶ
1711 874 1841 927 θαυ-

257 970 525 1041 μάζομεν,
554 970 790 1022 δέσποτα
841 967 1260 1039 θαυμασιώτατε
1300 968 1394 1022 καὶ
1425 967 1841 1040 μεγαλοπρεπέ-

253 1078 441 1122 στατε,
470 1061 560 1114 διὰ
581 1058 757 1114 ταῦτα
784 1060 878 1114 καὶ
898 1060 1052 1113 αὐτοὶ
1077 1059 1386 1132 σκιρτῶμεν
1413 1073 1440 1101 ι
1473 1059 1704 1131 μεγάλα,
1731 1057 1840 1112 ὥσ-

253 1170 363 1225 περ
390 1152 483 1205 ἐπὶ
509 1151 756 1222 στεφάνῳ
797 1150 1053 1224 λαμπρῷ,
1105 1154 1171 1224 τῇ
1206 1152 1354 1223 φιλία
1375 1152 1474 1224 τῆς
1506 1152 1604 1223 σῆς
1632 1168 1836 1222 σεμνυ-

247 1247 469 1319 νόμενοι
504 1246 1003 1316 μεγαλοπρεπείας.
1067 1245 1285 1317 Ἐπειδὴ
1329 1245 1386 1299 δὲ
1418 1244 1511 1298 καὶ
1545 1243 1708 1315 εὐχάς
1739 1243 1838 1307 τὰς

251 1338 385 1410 παρ’
405 1337 562 1411 ήμῶν
584 1339 831 1401 ἀπαιτεῖς
856 1337 944 1392 διά
964 1336 1073 1390 τῶν
1094 1336 1462 1408 γραμμάτων,
1490 1336 1730 1408 μάνθανε
1753 1336 1837 1390 ὅτι

250 1432 347 1486 καὶ
408 1430 512 1502 πρὸ
563 1430 672 1484 τῶν
708 1430 1056 1502 γραμμάτων
1097 1430 1305 1483 τούτων
1336 1429 1437 1481 οὐκ
1473 1426 1835 1497 ἐπαυσάμεθα

248 1523 558 1595 εὐχόμενοι,
592 1521 693 1593 τὴν
739 1522 983 1594 μεγάλην
1014 1520 1157 1575 οὑτω
1187 1521 1280 1574 καὶ
1330 1520 1619 1590 φιλόσοφον
1655 1518 1835 1590 ψυχὴν

250 1617 383 1670 ἰδεῖν
419 1614 750 1685 τελουμένην
777 1613 989 1685 ταχέως
1010 1613 1111 1683 τὴν
1144 1610 1298 1684 ίεράν
1331 1611 1575 1683 τελετὴν,
1609 1612 1702 1666 καὶ
1725 1610 1834 1665 τῶν

250 1708 418 1779 ιερῶν
468 1706 693 1761 ἐκείνων
723 1707 817 1759 καὶ
850 1703 1093 1775 φρικτῶν
1136 1703 1570 1774 καταξιουμένην
1621 1720 1833 1773 μυστη-

248 1799 405 1871 ρίων.
432 1797 554 1852 Κάν
572 1797 777 1851 τούτων
798 1795 1115 1867 δυνηθῶμεν
1147 1798 1440 1866 μετασχεῖν
1459 1794 1568 1848 τῶν
1600 1794 1832 1863 εὐαγγε-

245 1892 417 1952 λίων,
483 1890 579 1942 καὶ
637 1889 738 1958 τῆς
797 1887 1013 1959 ἐξορίας
1060 1887 1088 1926 δ
1135 1885 1533 1958 ἀπηλλάγμεθα
1588 1884 1831 1955 ταύτης,

243 1983 344 2037 καὶ
383 1981 483 2053 τῆς
509 1980 745 2052 ἐρημίας
770 1977 1200 2050 ἐπιλελήσμεθα,
1235 1980 1331 2032 καὶ
1376 1978 1476 2049 τῆς
1512 1975 1833 2048 σωματικῆς

246 2068 610 2146 ἀσθενείας,
641 2072 944 2142 παλαίομεν
964 2071 1081 2135 νῦν,
1113 2068 1557 2140 ἠλευθερώμεθα.
1579 2069 1691 2123 Καὶ
1714 2063 1831 2121 οἶδα

248 2167 354 2238 μὲν
380 2167 463 2219 ὃτι
492 2182 575 2219 σοι
607 2163 832 2234 σπουδὴ,
861 2161 1096 2216 δέσποτά
1126 2179 1227 2233 μου
1257 2159 1698 2232 θαυμασιώτατε,
1734 2158 1831 2211 καὶ

244 2259 516 2329 ἐπιθυμία
547 2257 633 2312 διὰ
666 2257 767 2327 τῆς
797 2256 1073 2328 ἡμετέρας
1106 2254 1445 2326 βραχύτητος
1493 2252 1603 2306 τῶν
1656 2252 1831 2321 ἀπορ-

245 2355 429 2423 ρήτων
462 2350 667 2404 τούτων
687 2348 1085 2420 καταξιωθῆναι
1106 2347 1348 2417 ἀγαθῶν,
1377 2347 1472 2400 καὶ
1500 2347 1630 2417 ἡμῖν
1651 2346 1731 2403 δὲ.
1754 2345 1830 2408 ὡς

242 2444 412 2507 αὐτὸς
435 2440 610 2507 οἶσθα,
642 2442 799 2497 τοῦτο
826 2440 1310 2513 περισπούδαστον.
1354 2437 1494 2491 Ἀλλ’
1533 2438 1629 2490 ἐὰν
1659 2436 1839 2510 μέλλῃ

242 2534 314 2586 τὰ
341 2530 609 2603 ἡμέτερα,
634 2530 793 2584 τοῦτο
817 2528 1088 2601 μηδεμίαν
1105 2528 1276 2599 ἐχέτω
1301 2526 1577 2599 μέλλησιν.
1604 2527 1829 2590 Πάντως

240 2623 356 2695 γάρ
384 2623 729 2695 εὐπορήσεις,
762 2624 856 2675 καὶ
881 2620 1038 2693 ἡμῶν
1068 2619 1337 2697 ἀπόντων,
1378 2617 1590 2688 ἀνδρῶν
1626 2617 1830 2687 σφόδρα

241 2712 378 2782 ἡμῖν
404 2710 664 2781 γνησίων,
693 2709 1009 2780 δυναμένων
1038 2725 1097 2761 σε
1127 2707 1221 2760 ἐπὶ
1242 2708 1445 2778 ταύτην
1473 2708 1703 2775 ἀγαγεῖν
1726 2708 1826 2777 τὴν

243 2798 658 2874 μυσταγωγίαν.
701 2796 819 2853 Κᾶν
847 2798 1006 2851 τοῦτο
1031 2798 1274 2868 γένηται,
1314 2797 1413 2868 τὴν
1442 2795 1612 2867 αὐτὴν
1633 2796 1828 2868 ἕξομεν

239 2893 461 2965 ἡδονὴν,
490 2891 666 2962 ἥνπερ
696 2890 763 2943 ἂν
812 2891 861 2944 εἰ
911 2891 1005 2943 καὶ
1052 2891 1214 2960 ﬂuet;
1272 2887 1714 2960 διηκονησάμεθα
1762 2890 1825 2959 τῇ

240 2987 390 3041 δόσει
411 2984 510 3054 τῆς
541 2980 867 3050 ἐπουρανίου
898 2979 1103 3053 ταύτης
1137 2981 1383 3053 δωρεᾶς,
1414 2979 1708 3052 ἐπειδήπερ
1735 2980 1829 3036 καὶ

238 3076 279 3148 ή
301 3074 463 3147 χάρις
491 3074 639 3127 ἐστὶν
662 3074 697 3147 ή
732 3070 892 3144 αὐτή.

794 3230 980 3283 PAI'".
1035 3228 1292 3297 Ἀδολίᾳ.

316 3366 384 3420 Τί
416 3364 599 3435 λέγεις
619 3384 634 3430 ;
658 3364 827 3420 Πάλιν
854 3364 1147 3429 ἐπιϐουλὰς
1186 3365 1385 3437 ὀδύρῃ,
1418 3365 1515 3419 καὶ
1551 3364 1700 3420 δεινά
1730 3381 1827 3417 πε-

237 3452 502 3506 πονθέναι
523 3442 660 3524 φῄςς
692 3452 800 3505 Καὶ
821 3452 874 3506 τί
912 3452 971 3506 τὸ
996 3453 1223 3518 κωλύον,
1260 3454 1382 3506 εἰπέ
1414 3472 1525 3524 μοι,
1555 3457 1638 3517 είς
1661 3455 1827 3526 γαλη-

236 3546 333 3600 νὸν
362 3545 737 3599 καταπλεῦσαι
764 3543 974 3617 λιμένα,
999 3546 1094 3598 καὶ
1119 3544 1322 3598 τούτων
1342 3545 1563 3600 πάντων
1590 3547 1828 3617 ἀπηλλά-

236 3638 373 3709 χθαι
392 3637 500 3690 τῶν
529 3637 820 3707 κυμάτων;
852 3636 926 3689 Οὐ
956 3635 1132 3690 ταῦτά
1153 3653 1234 3688 σοι
1262 3634 1351 3689 διά
1379 3636 1580 3700 παντὸς
1612 3638 1826 3709 ἐπᾴδων

235 3729 338 3782 τοῦ
375 3727 570 3800 χρόνου
590 3727 881 3793 διετέλουν,
909 3728 1002 3782 καὶ
1030 3726 1287 3781 οὐδέποτε
1312 3727 1469 3800 ήμῶν
1494 3728 1826 3799 ἀνασχέσθαι

236 3821 549 3892 ἠθέλησαςς
573 3819 737 3873 Ἀλλά
769 3821 864 3872 καὶ
888 3821 1055 3891 σαυτῇ
1095 3820 1267 3891 μυρία
1304 3820 1373 3873 τά
1403 3817 1549 3874 κακά
1591 3820 1700 3873 ἀπὸ
1730 3819 1823 3875 τοῦ

234 3907 420 3980 πηλοῦ
435 3907 543 3960 τῶν
566 3907 912 3979 πραγμάτων
930 3907 1136 3960 τούτων
1156 3907 1453 3978 προξενεῖς,
1479 3909 1559 3972 είς
1582 3907 1826 3978 τέλματα

145 4032 155 4047 .
237 4001 484 4074 συνεχῶς
504 3999 876 4071 ἐμπίπτουσα,
910 4000 1007 4053 καί⁵
1031 4000 1163 4070 ήμῖν
1191 4001 1257 4053 ἐκ
1293 3999 1389 4054 τοῦ
1421 3999 1594 4055 ταῦτα
1620 4001 1827 4074 ὑπομέ-

238 4113 354 4149 νειν
369 4092 546 4157 λύπας
574 4091 856 4161 ἐπάγουσα
880 4095 1125 4163 συνεχεῖς
1142 4092 1234 4146 καὶ⁵
1260 4093 1494 4158 πυκνάς.
1516 4095 1587 4147 Ἦ
1612 4094 1825 4167 μικρῶς

237 4184 346 4237 οτει
382 4198 452 4252 με
480 4179 574 4236 νῦν
598 4181 849 4252 ἀθυμεῖν,
866 4180 1175 4237 ἀκούσαντα
1198 4181 1372 4238 ταῦτα
1392 4184 1536 4255 άπερ
1553 4183 1827 4239 ἀπέσταλ-

239 4288 370 4335 κας,
403 4271 487 4324 ὅτι
517 4269 670 4342 παρά
692 4269 798 4324 τῶν
840 4272 1079 4335 οἰκείων,
1108 4270 1227 4341 ήτοι
1261 4271 1427 4338 ξένων
1458 4273 1677 4343 (αὐτοῖς
1716 4275 1825 4346 γάρ

240 4383 339 4421 σου
361 4364 642 4437 χρήσομαι
662 4365 774 4427 τοῖς
800 4362 1038 4436 ῥήμασι)
1065 4363 1353 4434 προδοσίας
1378 4364 1824 4436 ὑπομεμένηκας,

240 4461 342 4513 καὶ
391 4455 697 4529 τραγῳδίας
750 4454 1027 4526 χαλεπάς;
1074 4454 1254 4526 Μέχρι
1298 4455 1445 4521 τίνος
1494 4456 1573 4528 τῷ
1633 4459 1827 4530 καπνῷ

226 4548 653 4623 προσεδρεύεις,
676 4546 736 4601 τὸ
756 4545 949 4610 διειδές
970 4563 1064 4600 σου
1094 4545 1186 4600 τοῦ
1217 4545 1358 4600 κατά
1371 4547 1549 4619 ψυχὴν
1580 4548 1827 4620 ὄμματος

241 4637 605 4706 ἐπιθολοῦσα;
648 4637 810 4710 μέχρι
854 4637 999 4703 τίνος
1047 4637 1147 4690 οὐκ
1174 4636 1480 4709 ἐλευθεροῖς
1502 4639 1702 4711 σαυτὴν
1730 4657 1824 4693 πι-

243 4735 521 4809 κροτάτης
579 4733 857 4795 δουλείαςς
906 4732 971 4785 Τί
1017 4731 1075 4785 δὲ
1127 4731 1221 4785 καὶ
1262 4729 1324 4784 τὸ
1355 4729 1563 4786 κωλύον
1594 4730 1828 4786 ἐνταῦθα

242 4824 676 4899 παραγενέσθαι,
708 4824 801 4877 καὶ
832 4823 961 4893 περὶ
995 4822 1201 4876 τούτων
1243 4823 1390 4893 ἡμᾶς
1422 4825 1573 4895 κοινῇ
1606 4823 1827 4896 βουλεύ-

244 4917 484 4984 σασθαι;
522 4916 633 4969 Καὶ
659 4914 768 4986 γάρ
790 4913 926 4985 έφης
949 4914 1069 4985 μηδ’
1098 4915 1164 4969 ἂν
1201 4914 1454 4986 αἴσθησιν
1496 4916 1701 4971 τούτων
1732 4917 1829 4972 λα-

241 5014 380 5076 λεῖν,
412 5012 463 5065 εί
488 5008 649 5063 τοῦτο
677 5007 922 5077 γέγονεν.
962 5007 1103 5076 Ἐγὼ
1128 5007 1330 5080 σφόδρα
1346 5008 1718 5082 ἐκπλήττομαι
1736 5012 1830 5065 καὶ

243 5100 538 5174 θαυμάξω,
578 5099 675 5155 καὶ
711 5098 892 5153 αἰτίαν
941 5098 1196 5167 οὐδεμίαν
1226 5099 1464 5171 εὑρίσκω
1508 5100 1602 5155 τοῦ
1644 5102 1705 5155 σέ
1735 5104 1830 5157 ἐπὶ

246 5195 341 5267 [(37
354 5193 406 5266 5]
440 5190 694 5246 τοσοῦτον
727 5188 884 5262 ἡμῶν
916 5189 1329 5262 ἀπολειφθῆναι,
1371 5190 1405 5262 ἢ
1442 5191 1713 5263 ρᾳθυμίαν
1737 5193 1830 5249 καὶ

243 5286 410 5338 όκνον
442 5281 623 5353 μόνον.
648 5279 763 5335 Καὶ
786 5279 896 5352 γὰρ
927 5278 1026 5349 τῆς
1049 5277 1170 5332 ὀδοῦ
1201 5278 1263 5331 τὸ
1290 5278 1453 5350 μέσον
1493 5281 1695 5350 ὀλίγον,
1736 5282 1832 5337 καὶ

138 5393 143 5396 ο
248 5376 284 5445 ή
317 5370 414 5426 τοῦ
450 5370 604 5436 ἐτως
627 5367 747 5443 ῶρα
779 5368 915 5443 πρὸς
943 5368 1255 5440 ἀποδημίαν
1288 5369 1491 5440 σφόδρα
1527 5371 1828 5444 ἐπιτηδεία,

250 5460 378 5515 οὔτε
398 5459 615 5534 κρυμῷ,
632 5459 757 5514 οὐτε
780 5459 973 5518 θάλπει
994 5459 1258 5515 λυποῦσα.
1290 5462 1449 5517 Ἀλλὰ
1468 5462 1627 5519 πάλιν
1646 5464 1776 5529 ἴσως
1792 5468 1828 5539 η

255 5551 476 5615 πάντων
503 5568 587 5606 σοι
616 5553 801 5624 μήτηρ
829 5552 919 5606 ἀεὶ
945 5550 1055 5607 τῶν
1093 5551 1278 5608 κακῶν
1297 5553 1578 5627 γινομένη,
1606 5555 1747 5627 λέγω
1766 5557 1831 5629 δὴ

327 5775 579 5841 ﬁds!!!»
608 5774 838 5841 ιᾳῖήμεῖς
858 5777 1139 5841 πιρτῶμεν.

322 5838 354 5880 1³
372 5836 573 5891 Comm.
594 5836 777 5899 καὶτῆς
799 5836 999 5902 εἱρκτῆς.

1719 392 2111 452 EPIS‘TOLIE.

3416 396 3528 453 692

1946 506 2056 559 τῶν
2085 498 2350 576 βιωτικῶν
2375 508 2408 579 ἠ
2441 508 2684 579 φροντὶς,
2719 508 2858 582 αῦτη
2887 510 2981 564 καὶ
3005 510 3101 565 νῦν
3125 509 3352 580 κώλυμα
3375 510 3524 581 γίνε-

1943 613 2054 650 ται.
2090 594 2235 664 Ἐγὼ
2257 597 2355 667 μὲν
2374 594 2466 652 οῦν
2499 599 2593 652 καὶ
2618 602 3041 677 παραγενομένῃ
3072 603 3233 675 χάριν
3260 603 3369 674 ἐχω
3394 603 3523 659 πολ-

1942 686 2062 759 λὴν,
2094 687 2187 741 καὶ
2215 689 2291 759 μὴ
2313 692 2728 765 παραγενομένῃ
2751 694 2852 748 οὐκ
2886 693 3124 764 ἐγκαλῶ,
3170 694 3294 750 οὕτε
3328 696 3523 769 δυσχε-

1944 780 2136 851 ραίνω,
2159 779 2273 834 ἀλλ’
2290 780 2400 851 ἔχω
2425 782 2524 853 μέν
2548 784 2647 855 τὴν
2673 785 2913 853 ἀγάπην,
2940 785 3007 857 ἢν
3027 786 3115 840 ἀεὶ
3141 786 3269 857 περὶ
3295 787 3395 859 τὴν
3420 788 3525 858 σὴν

1942 866 2240 938 ἐμμέλειαν
2295 869 2657 943 ἐπεδειξάμην
2699 873 3072 945 ἀκμάζουσαν,
3111 874 3288 944 Ἀλγῶ
3339 874 3397 928 δὲ
3427 876 3526 929 καὶ

1944 959 2154 1032 σφόδρα
2176 958 2470 1030 ὀδυνῶμαι,
2488 963 2702 1016 ἀκούων
2724 963 2804 1017 ἐτι
2828 965 3043 1036 μυρίοις
3071 983 3129 1019 σε
3147 965 3522 1036 ἐμπεπλέχθαι

1941 1049 2256 1119 πράγμασι,
2279 1052 2374 1104 καὶ
2407 1052 2577 1122 μυρία
2602 1052 2921 1124 περιφέρειν
2939 1054 3048 1108 τῶν
3070 1054 3339 1125 βιωτικῶν
3366 1072 3525 1126 φρον-

1938 1133 2097 1187 τίδων
2128 1135 2345 1205 φορτία.
2381 1136 2491 1190 Καὶ
2522 1140 2569 1190 εί
2596 1138 2671 1209 μὴ
2695 1140 2839 1209 ἡμᾶς
2872 1142 2906 1211 ἡ
2937 1141 3037 1210 τῆς
3066 1142 3279 1215 ἐξορίας
3306 1144 3519 1214 ἀνάγκη

1939 1225 2225 1296 πεδήσασα
2254 1228 2487 1282 ἐνταῦθα
2519 1229 2803 1301 κατέσχεν,
2842 1232 2942 1285 οὐκ
2971 1232 3036 1287 ἂν
3060 1233 3267 1304 ἐσκηλά
3293 1251 3386 1287 σου
3421 1236 3521 1305 τὴν

1938 1314 2224 1369 εὐλάϐειαν
2255 1329 2301 1379 υ,
2331 1317 2442 1371 ἀλλ’
2460 1319 2508 1371 εί
2532 1320 2624 1371 καὶ
2650 1320 2750 1390 τῆς
2770 1320 3050 1386 ἀσθενείας
3078 1323 3298 1394 ταύτης,
3329 1320 3522 1396 ἦςέχω

1937 1403 2054 1472 νῦν,
2082 1405 2472 1479 ἀσθενέστερον
2498 1404 2663 1478 εἶχον,
2691 1410 2851 1474 αὐτὸς
2871 1410 2936 1464 ἂν
2957 1411 3272 1484 ἐξέδραμον,
3297 1413 3390 1465 καὶ
3419 1413 3520 1466 οὐκ

1936 1491 2002 1546 ἂν
2041 1494 2284 1567 ἀπέστην
2310 1496 2574 1568 πρότερον
2597 1496 2779 1552 πάντα
2809 1498 2976 1554 ποιῶν
3011 1502 3106 1555 καὶ
3131 1503 3518 1573 πραγματευό-

1939 1586 2240 1656 μενος,ἐως
2266 1586 2332 1641 ἄν
2367 1605 2426 1641 σε
2451 1589 2554 1659 τῆς
2587 1587 2756 1663 ζάλης
2803 1592 3045 1664 ταύτης,⁷
3085 1595 3179 1648 καὶ
3206 1594 3300 1647 τοῦ
3330 1594 3520 1666 βορϐό-

1940 1693 2055 1747 ρου,
2086 1677 2291 1731 καὶτοῦ
2315 1680 2550 1750 φορυτοῦ
2579 1681 2690 1734 τῶν
2720 1682 2931 1754 μυρίων
2965 1685 3255 1754 ἀπήλλαξα
3302 1685 3516 1744 κακῶν.

1948 1768 2166 1839 Ἐπειδὴ
2195 1769 2252 1821 δὲ
2272 1769 2429 1822 τοῦτο
2460 1771 2560 1824 οὐκ
2584 1772 2682 1839 ἔνι,
2720 1772 3022 1846 ἐϐουλόμην
3062 1779 3518 1849 παραγενομένην

1935 1859 2066 1930 περὶ
2093 1859 2297 1913 τούτων
2326 1863 2460 1932 ἡμῖν
2490 1862 2875 1920 κοινώσασθαι.
2907 1867 2968 1919 Et
2992 1867 3049 1920 δέ
3073 1868 3209 1939 μηδὲ
3234 1868 3395 1921 τοῦτο
3427 1870 3519 1923 εὐ-

1935 1949 2112 2016 κολον,
2151 1951 2266 2004 ἀλλ’
2298 1952 2556 2023 ἐργῶδες,
2590 1955 2652 2007 οὐ
2683 1956 3002 2027 παυσόμεθα
3042 1956 3132 2010 διά
3170 1958 3518 2028 γραμμάτων

1934 2043 2325 2114 παραινοῦντες
2357 2045 2452 2097 καὶ
2486 2044 2968 2116 συμϐουλεύοντες,
2996 2047 3137 2101 ὥστε
3172 2048 3426 2119 διακόψαι
3448 2047 3520 2103 τὰ

1937 2135 2166 2203 σχοινία,
2191 2136 2464 2208 διατεμεῖν
2496 2137 2596 2202 τὰς
2618 2138 2946 2203 πλεκτάνας,
2971 2139 3261 2194 διακλάσαι
3289 2140 3389 2203 τὰς
3416 2138 3516 2193 πέ-

1932 2226 2031 2291 δας
2064 2228 2161 2300 τῆς
2198 2228 2394 2300 ψυχῆς,
2443 2232 2538 2283 κα)¹
2590 2231 2727 2302 μετά
2763 2230 3016 2295 εὐκολίας
3071 2231 3167 2285 καὶ
3200 2232 3518 2303 ἐλευθερίας

1934 2316 2172 2387 βαδίζειν
2224 2320 2447 2390 πολλῆς.
2485 2321 2642 2375 Οὐτω
2668 2321 2777 2393 γάρ
2831 2323 2890 2376 οὐ
2921 2322 3083 2394 μόνον
3134 2323 3233 2394 τὴν
3265 2322 3516 2378 ἐντεῦθεν

1931 2413 2270 2483 εὐφροσύνην
2305 2413 2596 2489 καρπώσῃ,
2648 2414 2787 2468 ἀλλά
2823 2417 2917 2468 καὶ⁵
2970 2415 3061 2470 τὸν
3114 2417 3347 2489 οὐρανὸν
3377 2417 3520 2489 μετά

1932 2501 2132 2574 πολλῆς
2168 2502 2315 2576 λήψῃ
2359 2505 2459 2575 τῆς
2484 2505 2758 2568 εὐκολίας.
2788 2498 2890 2559 Ὧν
2925 2500 3018 2561 οὑν
3053 2507 3271 2579 μέλλεις
3322 2509 3518 2581 μικρὸν

1932 2592 2158 2665 ὕστερον
2182 2596 2240 2647 ἐν
2261 2595 2340 2666 τῷ
2364 2595 2540 2669 καιρῷ
2570 2595 2668 2666 τῆς
2695 2596 2946 2652 ἐντεῦθεν
2975 2598 3285 2671 ἀποδημίας
3309 2602 3517 2656 ἄκουσα

1930 2684 2281 2754 ἀφίστασθαι,
2315 2685 2486 2739 ταῦτα
2520 2684 2726 2741 ἑκοῦσα
2767 2687 3093 2760 πρόπεμψον
3120 2693 3201 2756 είς
3230 2690 3356 2756 τοὺς
3379 2691 3517 2745 ἀσυ-

1928 2774 2125 2847 λήτους
2149 2776 2474 2850 θησαυροὺς,
2501 2777 2594 2832 καὶ
2613 2777 2701 2832 διά
2723 2777 2929 2832 τούτων
2952 2797 3033 2834 σοι
3054 2782 3182 2844 τοὺς
3202 2781 3516 2852 ἀκηράτους

1928 2866 2169 2932 ἐκείνους
2216 2869 2309 2927 καὶ
2342 2868 2613 2939 μηδέποτε
2664 2869 3098 2942 μαραινομένους
3154 2872 3516 2943 προαποτιθε-

1931 2957 2067 3029 μένη
2099 2958 2394 3028 στεφάνους
2409 3001 2426 3018 .

2475 3120 2653 3175 ΡΛΔ’.
2685 3118 2968 3189 Διογένει.

2000 3248 2205 3305 Πολλοῦ
2234 3248 2301 3304 ἂν
2329 3249 2609 3324 ἐπριάμην
2642 3251 2770 3305 ίδεῖν
2804 3269 2900 3306 σου
2928 3252 3030 3324 τὴν
3068 3252 3389 3325 ἐμμέλειαν,
3423 3254 3514 3308 δέ·

1931 3338 2107 3392 σποτά
2147 3358 2250 3410 μου
2279 3339 2720 3412 θαυμασιώτατε,
2756 3342 2853 3394 καὶ
2908 3341 3071 3396 τοῦτο
3104 3338 3258 3397 οἶσθα
3286 3344 3380 3397 καὶ
3407 3343 3516 3418 πρὸ

1926 3430 2036 3483 τῶν
2059 3431 2405 3502 γραμμάτων
2433 3432 2619 3497 αὐτὸς,
2649 3432 2837 3504 ἐπειδὴ
2874 3434 2967 3486 καί
2993 3434 3055 3487 τὸ
3103 3425 3325 3509 φίλτρον
3357 3432 3516 3491 οἶσθα

1930 3523 2138 3592 σαφῶς,
2165 3523 2193 3576 δ
2227 3525 2356 3595 περὶ
2388 3525 2488 3596 τὴν
2521 3526 2620 3597 σὴν
2653 3524 2850 3595 ἔχομεν
2881 3526 3319 3599 θαυμασιότητα.
3369 3529 3513 3583 Ἀλλ’

1928 3616 2117 3688 ἐπειδὴ
2150 3615 2310 3669 τοῦτο
2337 3617 2439 3669 οὐκ
2464 3615 2546 3669 ἔνι
2580 3617 2713 3687 (καὶ
2736 3616 2845 3688 γὰρ
2873 3619 2973 3687 τῆς
2998 3618 3118 3671 ὀδοῦ
3149 3619 3284 3674 πολὺ
3314 3620 3375 3673 τὸ
3411 3620 3515 3690 μέ-

1929 3725 2041 3774 σον,
2069 3708 2165 3761 καὶ
2186 3707 2305 3761 οὐδέ
2332 3707 2511 3779 κύριοι
2538 3708 2825 3775 κινεῖσθαι,
2854 3709 3100 3777 ὅπουπερ
3125 3709 3193 3764 ἂν
3215 3711 3514 3783 ἐθέλωμεν,

1927 3799 2129 3870 ἐσμὲν,
2182 3798 2276 3852 καὶ
2335 3798 2444 3854 τῶν
2511 3800 2832 3872 ἰσαυρικῶν
2888 3801 3095 3871 ἐφόδων
3130 3802 3516 3875 καθ’ἑκάστην

1925 3888 2143 3960 ἡμέραν
2173 3890 2203 3942 ό
2237 3887 2403 3957 φόϐος
2440 3888 2737 3960 ἀκμάζει),
2766 3890 3073 3962 παρακαλῶ
3098 3909 3193 3945 σου
3225 3894 3321 3965 τὴν
3344 3894 3515 3963 -εὑγέ-

1928 3996 2098 4043 νειαν,
2122 3980 2260 4051 ὅπερ
2283 3980 2538 4050 μέγιστον
2564 3983 2700 4052 ἡμῖν
2730 3984 2813 4046 εἰς
2842 3983 3199 4056 παραμυθίαν
3243 3986 3363 4040 ἐστὶ
3418 3990 3516 4046 καὶ

1928 4073 2028 4143 τῆς
2049 4071 2292 4144 ἐρημίας
2319 4072 2419 4144 τῆς
2448 4072 2709 4139 ἐνταῦθα,
2732 4075 2827 4129 καὶ
2855 4074 2956 4146 τῆς
2981 4075 3383 4148 ταλαιπωρίας,
3418 4080 3517 4137 καὶ

1926 4163 2031 4235 τῆς
2063 4162 2231 4235 ἄλλης
2261 4163 2443 4235 πάσης
2495 4163 2749 4235 θλίψεως,
2801 4165 2865 4219 τὸ
2915 4165 3160 4238 συνεχῶς
3205 4169 3517 4241 γράμματα

1927 4255 2202 4327 δέχεσθαι,
2241 4255 2708 4329 εὐαγγελιζόμενα
2750 4256 2849 4329 τὴν
2884 4257 3075 4328 ὑγείαν
3112 4259 3212 4333 τὴν
3242 4261 3365 4334 σὴν,
3418 4264 3519 4321 καὶ

1928 4346 2025 4402 τοῦ
2052 4347 2203 4401 οῖκου
2247 4364 2341 4401 σου
2371 4347 2611 4417 παντὸς,
2649 4346 2809 4404 τοῦτο
2835 4349 3159 4423 χαρίζεσθαι
3190 4352 3323 4424 ἡμῖν
3355 4369 3515 4410 συνε-

1930 4439 2187 4511 χέστερον
2228 4439 2370 4493 κατά
2398 4439 2462 4493 τὸ
2494 4439 2793 4513 ἐγχωροῦν.
2840 4441 2977 4498 Οὐδὲ
3000 4441 3112 4514 γάρ
3138 4442 3299 4501 τοῦτο
3331 4444 3523 4517 ῥᾴδιον·

1932 4532 2073 4604 μετά
2101 4532 2299 4604 πολλῆς
2329 4533 2477 4603 ἡμᾶς
2520 4531 2668 4603 ἐχειν
2702 4533 2802 4604 τῆς
2835 4533 3119 4603 δαψιλείας
3143 4574 3161 4602 ,
3192 4535 3284 4591 διά
3312 4536 3375 4591 τὸ
3409 4554 3521 4611 μη-

1928 4625 2057 4681 δένα
2079 4625 2289 4695 ταχέως
2309 4623 2519 4679 ἐκεῖθεν
2538 4624 2774 4679 ἐνταῦθα
2795 4626 2869 4694 ἀφ
2878 4626 3163 4689 ικνεῖσθαι.
3179 4628 3323 4683 Ἀλλ’
3338 4630 3521 4701 ὅμως,

1931 4720 1980 4770 εί
2009 4717 2102 4771 καὶ
2136 4716 2375 4789 ἐργῶδες
2410 4717 2548 4788 ὅπερ
2566 4718 2872 4789 ῂτήσαμεν,
2899 4718 3017 4772 ἀλλ’
3037 4719 3115 4783 ὡς
3144 4720 3215 4776 ἂν
3246 4715 3363 4785 οἷόν
3387 4741 3449 4777 τε
3476 4720 3515 4799 ᾗ

1934 4810 2085 4884 [679]
2108 4811 2343 4880 σπουδὴν
2370 4804 2700 4881 ποιήσοΐσθαι
2723 4809 3129 4882 παρακλήθητι,
3156 4813 3253 4871 καὶ
3276 4815 3517 4887 συνεχῶς

1933 4905 2172 4976 πέμπειν
2201 4902 2488 4966 ἐπιστολὰς
2511 4902 2963 4971 ἀπαγγελλούσας
2993 4906 3125 4977 ἡμῖν
3156 4905 3228 4961 τὰ
3259 4909 3389 4981 περὶ
3416 4911 3517 4981 τῆς

1935 4994 2152 5066 ῥώσεως
2181 4994 2280 5065 τῆς
2305 4996 2424 5065 σῆς.
2449 4994 2568 5048 Ἵνα
2587 4980 2651 5047 δὲ’
2675 4995 2769 5050 καὶ
2795 4994 2866 5051 τὰ
2883 4998 3128 5069 ἡμέτερα
3143 4980 3343 5075 εἰδέναι
3360 4980 3519 5074 ἔχῃς,

1932 5087 2367 5161 ἀπραγμοσύνης
2387 5087 2761 5159 ἀπολαύομεν,
2779 5090 3013 5161 ἡσυχίας
3042 5091 3270 5166 πολλῆς,
3313 5093 3518 5165 λευκῆς

1933 5178 2034 5250 τῆς
2063 5179 2327 5251 γαλήνης,
2375 5178 2563 5249 ὑγείας
2597 5180 2937 5254 συμμέτρου,
2971 5182 3519 5257 τούτῳθορυϐούμε-

1933 5285 2015 5324 νοι
2048 5269 2207 5340 μόνον
2233 5311 2248 5336 ,
2294 5267 2375 5340 τῷ
2427 5269 2762 5341 κεχωρίσθαι
2803 5270 2960 5342 ὑμῶν
3012 5272 3123 5327 τῶν
3170 5275 3516 5343 ἀγαπώντων

1934 5363 1968 5433 ή
1978 5362 2103 5433 μᾶς.
2143 5360 2282 5414 Ἀλλ’
2310 5361 2469 5431 ίκανὴ
2494 5363 2528 5433 ή
2557 5360 2772 5426 σύνεσίς
2797 5379 2890 5417 σου
2920 5362 3016 5418 καὶ
3040 5364 3229 5420 τοῦτον
3257 5383 3517 5438 παραμυο

1937 5451 2205 5523 θήσασθαι
2239 5452 2331 5507 τὸν
2363 5453 2547 5519 πόνον,
2570 5453 2629 5508 δν
2650 5448 2825 5510 εἶπον.
2860 5456 3015 5513 Δίδου
3042 5456 3108 5530 δὴ
3136 5457 3341 5529 ταύτην
3385 5461 3519 5531 ἡμῖν

1936 5545 2037 5619 τὴν
2085 5547 2266 5619 χάριν,
2311 5547 2453 5603 ὥστε
2486 5550 2581 5605 καὶ
2610 5549 2680 5605 ἐκ
2705 5550 2963 5607 τοσούτου
2995 5551 3142 5624 ἡμᾶς
3172 5551 3517 5625 καθημένους

1940 5775 2247 5888 ῐσὲυξὲίείἰη.
2270 5778 2359 5830 οὐκ
2395 5782 2453 5832 ἂν
2495 5782 2759 5834 ἐσκύλευσά
2802 5796 2891 5831 σου
2927 5778 3012 5839 τὴν
3035 5778 3130 5830 ιὺλ.
3159 5774 3309 5832 Sam.
3330 5777 3419 5831 οὑκ
3456 5780 3519 5829 ἀν
