3950 6422
376 448 482 508 603

376 563 742 634 διαστήματος
769 559 1029 616 δύνασθαι
1049 560 1321 630 ἐντρυφᾷν
1354 559 1447 610 καὶ
1467 555 1669 627 ταύτης
1700 554 1798 624 τῆς
1821 552 1950 623 γλυ-

375 674 530 719 κειας
557 671 651 708 σου
676 652 771 707 καὶ
804 652 1015 723 θερμῆς
1044 649 1139 704 καὶ
1168 635 1675 720 γνησίαςάγάπης.

755 746 940 799 PAE'.
987 740 1252 812 Θεοδότῳ
1294 740 1570 808 διακόνῳ.

446 835 585 890 Οὐδέ
625 832 788 898 αὐτὸς
832 830 1036 902 ἀγνοῶ,
1069 832 1151 885 ὅτι
1189 830 1359 885 πάλαι
1394 830 1515 901 μεθ’
1546 829 1704 901 ἡμῶν
1735 827 1960 900 ἔμελλες

376 922 538 994 εἶναι,
585 929 633 981 εί
692 927 765 998 μὴ
797 925 909 979 τῶν
961 924 1222 996 Ἰσαύρων
1269 925 1296 977 6
1331 922 1495 993 φόϐος
1529 920 1866 994 διετείχιζεν.
1901 919 1959 972 '0

374 1019 483 1092 γὰρ
511 1021 569 1073 ἐν
619 1016 819 1090 κρυμῷ
858 1018 1037 1071 πάντα
1089 1014 1377 1086 πηγνύντι,
1415 1015 1511 1068 καὶ
1554 1012 1695 1084 χιόνι
1720 1010 1961 1085 τοσαύτῃ

373 1113 603 1184 δραμεῖν
641 1108 877 1164 ἐνταῦθα
925 1108 1295 1180 ἀνασχόμενος
1324 1147 1340 1173 ,
1394 1103 1574 1176 πολλῷ
1611 1103 1814 1175 μᾶλλον
1863 1101 1960 1156 τοῦ

376 1206 542 1276 ἡρους
559 1203 822 1273 φανέντος
840 1214 889 1267 ιι,
914 1203 1010 1255 καὶ
1031 1200 1232 1273 πολλῆς
1272 1203 1372 1271 τῆς
1404 1198 1547 1253 κατὰ
1579 1197 1671 1252 τὸν
1702 1196 1844 1268 ἀέρα
1867 1213 1964 1265 γα⁶

375 1294 544 1366 λήνης
573 1291 762 1358 οὔσης.
818 1292 921 1347 οὐκ
967 1291 1033 1345 ἂν
1067 1291 1292 1361 ἠνέσχου
1330 1289 1513 1362 μένειν
1573 1286 1782 1342 αὐτόθι.
1831 1281 1962 1340 Οἶδα

376 1387 485 1458 γὰρ
533 1386 597 1439 τὺ
635 1385 830 1455 γλυκὺ,
867 1384 961 1439 καὶ
992 1384 1282 1456 προσηνὲς,
1332 1384 1429 1438 καὶ
1466 1381 1669 1454 θερμόν
1720 1397 1812 1434 σου
1860 1379 1964 1450 τῆς

376 1479 694 1542 διαθέσεως,
721 1479 782 1531 τὸ
812 1476 1121 1549 εἰλικρινὲς,
1151 1475 1248 1548 τὴν
1276 1475 1474 1547 πολλῆς
1504 1474 1779 1546 γέμουσαν
1811 1472 1963 1526 ἐλευ-

379 1567 568 1640 θερίας
605 1568 804 1638 ψυχήν.
844 1566 936 1619 Διὸ
978 1565 1072 1620 καὶ
1097 1564 1263 1629 αὐτὸς
1309 1565 1406 1636 οὐχ
1433 1566 1509 1629 ὡς
1536 1563 1722 1635 ἔτυχεν
1748 1561 1962 1633 ἀθυμῶ,

379 1659 463 1711 ὅτι
493 1659 550 1710 ἐν
576 1659 642 1729 τῇ
673 1657 847 1721 οὓτως
871 1657 1201 1728 ἡμερωτάτῃ
1223 1656 1316 1710 τοῦ
1346 1657 1500 1721 ἔτους
1526 1657 1657 1729 ’ὥρᾳ
1677 1698 1692 1724 ,
1721 1657 1967 1729 χειμῶνα

381 1747 446 1801 οὐ
471 1746 561 1800 τὸν
584 1745 816 1816 τυχόντα
843 1748 975 1816 ἡμῖν
996 1745 1224 1814 ἐπάγεις
1245 1746 1504 1818 ἀθυμίας,
1528 1746 1780 1819 τοσοῦτον
1808 1748 1966 1819 ἡμῶν

383 1838 751 1911 χωριζόμενος
784 1839 994 1910 χρόνον.
1032 1838 1141 1892 Kal
1174 1838 1346 1892 ταῦτα
1375 1839 1519 1909 λέγω
1552 1840 1650 1912 οὐχ
1695 1840 1869 1894 ’ἐλκων
1905 1858 1965 1894 σε

382 1929 620 1984 ἐνταῦθα
674 1930 779 1983 κᾶν
840 1929 1101 2001 μυριάκις
1137 1930 1299 1995 αὐτὸς
1339 1930 1501 2005 θέλῃς
1558 1931 1811 2002 (πολλῶν
1857 1932 1967 2003 γάρ

384 2024 604 2078 ἅπαντα
638 2020 889 2091 πολέμων
930 2020 1334 2092 ἐμπέπλησται,
1386 2024 1481 2076 καὶ
1523 2020 1683 2075 τοῦτο
1728 2022 1849 2095 εἴσῃ
1881 2023 1969 2077 διὰ

381 2114 492 2168 τῶν
523 2111 769 2165 ἐντεῦθεν
797 2113 976 2164 ἐκεῖσε
1012 2113 1482 2183 ἀφικνουμένων),
1530 2112 1646 2167 ἀλλ’
1677 2113 1764 2168 ἴνα
1790 2113 1970 2187 μάθῃς

382 2206 464 2258 ὅτι
494 2203 614 2256 οὐδέ
639 2204 822 2274 ἡμεῖς.
852 2202 1031 2255 καίτοι
1061 2219 1125 2269 γε
1151 2203 1380 2274 ἡσυχίας
1410 2203 1506 2257 καὶ
1536 2202 1970 2275 ἀπραγμοσύνης

382 2296 584 2366 πολλῆς
608 2294 993 2358 ἀπολαύοντες.
1021 2294 1247 2359 ἀλύπως
1268 2295 1547 2367 δυνάμεθα
1574 2290 1713 2377 εἶναι
1737 2295 1971 2349 ἐνταῦθα

382 2390 481 2460 τῆς
513 2388 613 2457 σῆς
642 2387 1044 2461 κεχωρισμένοι
1092 2387 1428 2458 τιμιότητος,
1464 2388 1560 2441 καὶ
1596 2388 1757 2442 τοῦτο
1784 2387 1971 2460 μαθὼν

386 2479 627 2551 συνεχῶς
654 2481 787 2550 ἡμῖν
822 2478 1170 2551 ἐπιστέλλῃς,
1232 2478 1307 2551 μὴ
1372 2479 1533 2550 μόνον
1571 2479 1659 2533 διὰ
1692 2479 1799 2533 τῶν
1837 2480 1972 2551 παρ’

384 2569 544 2640 ἡμῶν
577 2572 755 2623 ἐκεῖσε
786 2569 1099 2641 ἐρχομένων
1121 2609 1136 2634 ,
1181 2569 1315 2623 άλλά
1344 2570 1439 2624 καὶ¹
1486 2570 1573 2625 διά
1604 2569 1714 2624 τῶν
1764 2570 1974 2625 ἐκεῖθεν

384 2661 708 2731 ἀττομένων
737 2660 839 2731 τῆς
866 2659 990 2713 ὁδοῦ
1027 2661 1122 2714 καὶ
1150 2660 1249 2732 τῆς
1281 2661 1518 2715 ἐνταῦθα
1549 2659 1807 2732 ἀφίξεως.
1846 2661 1976 2715 Πολ-

385 2751 482 2822 λὴν
519 2750 575 2804 δέ
613 2768 694 2804 σοι
732 2750 893 2822 χάριν
928 2752 1108 2822 ἴσμεν,
1142 2750 1383 2806 δέσποτά
1404 2769 1506 2823 μου
1534 2750 1857 2822 τιμιώτατε,
1883 2752 1976 2805 καὶ¹

385 2845 485 2914 τῆς
512 2843 813 2915 φροντίδος,
845 2845 940 2898 καὶ
972 2844 1074 2914 τῆς
1105 2843 1398 2916 μερίμνης,
1429 2844 1496 2917 ἢν
1525 2845 1668 2916 ἐχεις
1696 2844 1838 2917 ὑπὲρ
1866 2846 1975 2900 τῶν

387 2937 415 2990 ἐ
432 2938 624 2992 ιταῦθα
642 2936 908 3009 θορύϐων.
938 2936 1048 2991 Kal
1067 2937 1177 3008 γάρ
1198 2935 1322 2990 καθ’
1353 2936 1593 3007 ἑκάστην
1615 2937 1827 3008 ἡμέραν
1856 2938 1977 2990 ἐπι-

385 3028 620 3081 τείνεται
661 3028 730 3082 τά
763 3029 861 3099 τῆς
887 3027 1208 3099 πολιορκίας
1255 3027 1354 3097 τῆς
1384 3025 1618 3081 ἐνταῦθα
1639 3066 1654 3091 ,
1690 3026 1783 3080 καὶ
1813 3027 1889 3091 ὼς
1917 3029 1977 3080 ἐν

388 3119 600 3188 παγίδι,
629 3117 708 3190 τῷ
736 3117 983 3190 φρουρίῳ
1022 3117 1197 3188 τούτῳ
1218 3116 1527 3189 καθήμεθα.
1556 3115 1698 3187 Ἤδη
1721 3116 1855 3185 γοῦν
1885 3115 1979 3169 καὶ

392 3211 573 3281 μέσων
618 3210 828 3266 νυκτῶν
858 3210 986 3279 παρ’
1024 3208 1217 3261 ἐλπίδα
1247 3209 1428 3261 πᾶσαν
1481 3207 1579 3260 καὶ
1623 3207 1976 3278 προσδοκίαν,

391 3306 581 3372 στῖφος
608 3300 869 3372 Ἰσαύρων
893 3299 1221 3373 τριακοσίων
1246 3299 1275 3339 ι)
1297 3298 1397 3369 τὴν
1429 3299 1582 3352 πόλιν
1612 3297 1977 3369 κατέδραμον,

391 3397 487 3449 καὶ
520 3391 719 3464 μικροῦ
753 3393 820 3446 ἂν
846 3392 943 3446 καὶ
973 3393 1122 3463 ἡμᾶς
1147 3384 1471 3444 εἷλον.Ἀλλ’
1498 3391 1531 3461 ἡ
1572 3388 1666 3443 τοῦ
1698 3388 1834 3442 Θεοῦ
1860 3390 1981 3461 χεὶρ

391 3485 605 3556 ταχέως
630 3485 830 3548 αὐτοὺς
856 3485 951 3538 καὶ
978 3482 1053 3555 μὴ
1072 3481 1412 3553 αἰσθομένων
1443 3481 1599 3553 ἡμῶν
1614 3479 1978 3553 ἀπέστρεψεν,

393 3577 471 3640 ὡς
504 3575 579 3647 μὴ
613 3576 771 3647 μόνον
795 3575 905 3629 τῶν
935 3574 1221 3641 κινδύνων,
1242 3572 1381 3628 ἀλλά
1396 3573 1491 3628 καὶ
1516 3573 1611 3627 τοῦ
1632 3572 1799 3643 φόϐου
1824 3572 1983 3636 ἐκτὸς

393 3667 668 3737 γενέσθαι,
724 3667 819 3720 καὶ
880 3666 1094 3738 ἡμέρας
1142 3663 1468 3736 γενομένης,
1506 3664 1631 3718 τότε
1688 3662 1881 3736 μαθεῖν
1913 3662 1984 3715 τά

397 3758 704 3829 συμϐάντα.
755 3757 854 3811 Διά
880 3756 1058 3810 ταῦτα
1086 3759 1245 3829 χαῖρε
1273 3758 1368 3811 καὶ
1395 3755 1716 3827 εὐφραίνου,
1767 3754 1860 3808 καὶ
1907 3751 1984 3824 μὴ

398 3849 585 3923 παύσῃ
604 3849 694 3904 τὸν
724 3849 857 3902 Θεὸν
884 3846 1244 3919 παρακαλῶν,
1273 3846 1416 3901 ὥστε
1443 3848 1502 3902 ἐν
1532 3846 1805 3916 ἀσφαλείᾳ
1835 3847 1985 3918 ἡμᾶς

398 3939 740 4009 καταστῆσαι
772 3938 940 4010 πάσῃ,
972 3938 1070 3990 καὶ
1102 3935 1410 4002 ἀπαλλάξαι
1439 3937 1536 3991 καὶ
1572 3936 1672 4007 τῆς
1701 3934 1987 4006 ἐπικειμέ-

395 4047 494 4100 νης
516 4032 648 4101 ἡμῖν
676 4029 1009 4102 ἀρρωστίας.
1033 4029 1097 4082 El
1125 4028 1235 4100 γάρ
1264 4028 1362 4083 καὶ
1388 4026 1482 4082 τοῦ
1527 4026 1810 4099 σφαλερῶς
1840 4025 1986 4097 ἔχειν

397 4116 848 4190 ἡλευθερώμεθα,
881 4116 998 4170 ἀλλ’
1025 4117 1176 4187 ὅμως
1206 4116 1355 4187 μένει
1388 4114 1470 4169 ἔτι
1504 4114 1733 4186 λείψανα
1760 4115 1857 4186 τῆς
1885 4115 1986 4186 ap-

400 4210 637 4282 ρωστίας
689 4210 847 4279 ἡμῖν,
896 4208 1135 4279 συνεχῶς
1164 4208 1262 4279 τῆς
1296 4207 1611 4279 ἀρρωστίας
1667 4207 1985 4278 ἀναμιμνή-

401 4315 623 4353 σκοντα.
647 4298 917 4357 Ταῦταδέ
944 4297 1382 4369 ἐπεστάλκαμεν,
1404 4297 1502 4369 οὐχ
1526 4299 1612 4351 ἵνα
1627 4298 1981 4369 λυπήσωμεν,

399 4389 518 4446 ἀλλ’
547 4390 636 4443 ἵνα
668 4405 727 4444 σε
760 4387 1176 4460 σπουδαιότερον
1207 4387 1345 4459 πρὸς
1369 4388 1467 4451 τὰς
1489 4387 1629 4460 ύπέρ
1652 4386 1810 4460 ἡμῶν
1831 4385 1984 4460 [680]

398 4480 755 4553 διεγείρωμεν
800 4478 987 4550 εὐχάς.
1044 4479 1148 4533 Τὸν
1187 4478 1377 4551 κύριόν
1406 4495 1506 4549 μου
1532 4479 1622 4532 τὸν
1655 4478 1984 4549 τιμιώτατον

398 4572 493 4627 τὸν
536 4570 892 4643 ἀναγνώστην
919 4569 1176 4624 Θεόδοτον
1224 4567 1741 4642 παρακατατίθεμαί
1792 4585 1886 4622 σου
1915 4570 1985 4641 τῇ

401 4665 681 4737 εὐλαϐείᾳ,
713 4663 855 4719 ὥστε
886 4661 1110 4718 κατὰτὸ
1142 4661 1367 4717 δυνατὸν
1395 4662 1454 4714 ἐν
1482 4661 1687 4716 ἅπασιν
1713 4662 1863 4734 αὐτῷ
1894 4678 1985 4730 γε-

402 4759 589 4814 νέσθαι
618 4758 831 4831 λιμένα.
864 4756 1045 4813 Πολλά
1071 4756 1182 4829 γάρ
1217 4757 1386 4822 ἐστιν,
1424 4755 1500 4821 ὼς
1528 4756 1796 4827 ἔγνωμεν,
1822 4755 1986 4811 αὐτὸν

401 4854 473 4909 τά
498 4850 795 4907 λυποῦντα.

721 4943 915 5013 PAG’.
941 4944 1205 5011 Θεοδότῳ
1223 4942 1583 5013 ἀναγνώστῃ
1609 4955 1632 4983 α
1650 4983 1664 4998 .

316 5088 321 5093 .
477 5037 571 5109 Μὴ
602 5036 781 5108 κάμνε
813 5034 992 5108 ζητῶν
1031 5035 1331 5105 ἀπολογίαν
1360 5033 1455 5089 τοῦ
1480 5034 1693 5105 ταχέως
1738 5032 1986 5089 ἐντεῦθεν

405 5126 787 5199 ἀποδημῆσαι,
821 5127 915 5179 ἐπὶ
950 5127 1052 5197 τὴν
1087 5127 1196 5180 τῶν
1225 5125 1517 5198 ὀφθαλμῶν
1556 5125 1859 5190 ἀσθένειαν,
1892 5125 1988 5180 καὶ

406 5220 502 5273 ἐπὶ
530 5217 622 5272 τὸν
646 5216 859 5290 κρυμὸν
878 5217 1262 5287 καταφεύγων,
1286 5218 1380 5271 καὶ
1403 5217 1616 5281 τούτοις
1640 5216 1988 5288 λογιζόμενός

410 5331 506 5368 σου
531 5312 630 5384 τὴν
653 5308 982 5381 ἀποδημίαν.
999 5309 1188 5381 Ἡμεῖς
1217 5307 1326 5380 γάρ
1355 5327 1416 5363 σε
1456 5309 1553 5363 καὶ
1584 5312 1858 5379 παρεῖναι,
1895 5309 1989 5362 καὶ

412 5405 530 5477 μεθ’
566 5402 724 5477 ἡμῶν
752 5395 893 5456 εἶναι
923 5400 1024 5455 οὐκ
1054 5399 1273 5455 ἔλαττον
1302 5401 1336 5474 ἢ
1363 5402 1458 5455 καὶ
1489 5400 1798 5473 ἔμπροσθεν
1840 5401 1989 5470 λογι-

410 5495 615 5568 ζόμεθα
652 5494 795 5551 κατά
826 5493 917 5548 τὸν
952 5496 1054 5566 τῆς
1084 5493 1305 5565 ἀγάπης
1332 5493 1507 5565 λόγον,
1555 5493 1649 5547 καὶ
1674 5491 1990 5567 προσδοκῶ-

413 5606 513 5661 μεν
537 5589 633 5644 καὶ
658 5589 757 5660 τῆς
785 5589 904 5643 κατ’
925 5587 1049 5657 ὄψιν
1083 5586 1488 5642 ἀπολαύσεσθαί
1520 5604 1650 5641 ποτε
1678 5587 1985 5657 συντυχίας.

409 5681 593 5750 Μηδὲν
622 5676 713 5736 οῦν
742 5697 799 5734 σε
827 5680 1030 5733 τούτων
1061 5678 1379 5752 θορυϐείτω.
1410 5680 1468 5734 El
1498 5678 1606 5752 γὰρ
1627 5678 1838 5749 καὶτῆς
1862 5679 1987 5749 Ἀρ-

477 5773 502 5835 _‘
522 5772 717 5835 Cojslin.
738 5773 872 5835 έαρος
893 5773 1128 5834 φανέντος.

472 5832 501 5871 ὶι
517 5834 723 5896 (ζῡίςιὶη.
752 5832 980 5896 ἰσαύςέων
1005 5835 1277 5883 διακοσίων.

425 5958 437 5966 _
477 5897 502 5924 ο
529 5895 689 5966 C(ﬂex
716 5894 913 5951 ιιοεευς.
942 5896 1161 5960 Θεοδότῳ
1184 5895 1403 5958 διακόνῳ.
1432 5894 1543 5944 Mox
1567 5894 1759 5946 Coisﬁn.
1784 5894 1989 5944 ἐντεῦθεν

415 5959 742 6017 mmmam.
1016 5978 1021 5984 ς

1074 450 1130 505 S.
1171 444 1456 503 JOANNIS
1495 440 1980 499 CHRYSUSTOMI
2022 441 2341 497 ARCIIIEP.
2384 441 2934 500 CONSTANTINOP.
3020 440 3033 449 ’

3542 437 3646 496 σοι

2060 553 2249 624 μενίας
2297 554 2549 627 ἀπήγαγέ
2598 570 2657 607 σε
2699 555 2729 606 6
2770 552 2998 626 χειμὼν,
3046 553 3181 610 ἀλλά
3222 555 3325 628 τῆς
3367 553 3646 629 ἡμετέρας

2057 647 2238 719 ψυχῆς
2266 648 2368 702 οὐκ
2400 647 2675 715 ἐξέϐαλεν,
2722 646 2836 701 ἀλλ’
2863 645 2959 700 ἐπὶ
2997 646 3233 713 διανοίας
3262 665 3323 701 σε
3351 649 3653 721 περιφέρο-

2060 756 2164 812 μεν
2201 738 2482 812 διηνεκῶς.
2515 739 2624 794 Καὶ
2672 740 2722 791 εί
2773 736 2848 810 μὴ
2893 739 2922 793 6
2965 737 3075 792 τῶν
3109 739 3368 811 Ἰσαύρων
3411 740 3654 810 πόλεμος

2062 832 2245 887 πᾶσαν
2278 832 2629 904 ἀποτειχίσας
2661 833 2800 899 ὁδὸν,
2835 834 2892 887 ἐν
2918 832 3112 886 σπάνει
3140 831 3475 904 κατέστησεν
3499 833 3655 903 ἡμᾶς

2061 922 2171 977 τῶν
2197 923 2502 995 γράμματα
2529 923 2971 997 διακομιζόντων,
3001 923 3106 978 κᾶν
3136 923 3359 992 νιφάδας
3400 941 3484 977 σοι
3520 922 3656 975 πολ-

2061 1013 2219 1079 λάκις
2244 1014 2571 1087 ἐπέμψαμεν
2600 1013 2918 1069 ἐπιστολῶν.
2963 1013 3078 1067 Νῦν
3109 1013 3293 1085 μέντοι
3320 1015 3386 1084 τῇ
3430 1012 3660 1085 γλῲττῃ

2060 1106 2153 1161 τὸν
2202 1107 2541 1179 παρελθόντα
2586 1108 2958 1179 σεσιγήκαμεν
2986 1106 3197 1179 χρόνον,
3232 1108 3299 1177 τῇ
3347 1105 3550 1179 γνώμῃ
3599 1105 3659 1157 δέ

2063 1198 2344 1271 οὐδαμῶς·
2380 1198 2495 1253 ἀλλ’
2515 1198 2603 1253 ἀεί
2636 1216 2693 1253 σε
2723 1200 2818 1253 καὶ
2841 1200 2911 1254 τὰ
2944 1199 3010 1253 σὰ
3045 1197 3422 1270 μεριμνῶμεν,
3449 1197 3571 1260 καὶ,
3597 1197 3660 1248 τό

2064 1307 2130 1360 γε
2168 1291 2436 1363 ἡμέτερον
2489 1291 2675 1363 μέρος,
2724 1292 2964 1362 συνεχῶς
3016 1291 3452 1361 ἐπεστάλκαμεν.
3484 1286 3659 1342 Ταῦτ’

2064 1382 2159 1440 οὖν
2190 1386 2366 1451 εἰδὼς,
2403 1385 2520 1457 μεθ’
2550 1386 2707 1458 ἡμῶν
2739 1404 2799 1440 τε
2835 1383 2974 1440 εἶναι
3025 1384 3237 1455 νόμιζε,
3266 1385 3361 1437 καὶ
3391 1385 3489 1437 σὺν
3518 1385 3659 1456 ἡμῖν

2065 1479 2126 1533 ἐν
2162 1478 2425 1554 Ἀρμενία
2456 1477 2770 1551 διατρίϐειν.
2811 1480 2929 1533 Κάν
2971 1496 3053 1543 τις
3105 1477 3483 1531 ἐπιϐουλεύειν
3537 1478 3663 1530 ἐπι-‹

2067 1571 2221 1640 χειρῇ
2261 1569 2354 1622 καὶ
2388 1569 2574 1633 κακῶς
2606 1571 2801 1635 ποιεῖν,
2836 1569 3166 1641 ὑψηλότερος
3213 1567 3364 1638 γίνου
3416 1565 3529 1620 τῶν
3575 1567 3657 1618 ἐνο

2065 1659 2254 1714 τεῦθεν
2282 1659 2450 1730 βελῶν
2463 1660 2514 1725 δ,
2533 1660 2829 1733 ἐπειδήπερ
2850 1661 2912 1715 οὐ
2932 1660 2994 1714 τδ
3025 1659 3253 1730 πάσχειν
3282 1658 3489 1723 κακῶς,
3520 1657 3663 1712 ἀλλά

2065 1752 2128 1805 τὸ
2152 1753 2322 1805 ποιεῖν
2339 1751 2544 1816 κακῶς,
2577 1750 2723 1805 τοῦτ’
2751 1749 2867 1804 ἐστι
2888 1750 2950 1804 τὸ
2972 1751 3200 1821 πάσχειν
3232 1748 3441 1812 κακῶς.
3459 1747 3662 1818 Ἡμεῖς

2068 1844 2177 1914 γάρ
2216 1861 2275 1896 σε
2311 1844 2405 1897 καὶ
2435 1843 2524 1897 διὰ
2549 1842 2706 1897 τοῦτο
2742 1841 3001 1914 μειζόνως
3030 1840 3406 1912 θαυμάζομεν,
3429 1840 3527 1893 καὶ
3561 1837 3662 1909 τὴν

2072 1935 2407 2009 στεῤῥότητά
2442 1953 2536 1989 σου
2560 1933 2657 1989 καὶ
2681 1934 2779 2006 τὴν
2798 1932 3049 2006 ἀνδρείαν
3076 1930 3432 2003 ἐπαινοῦμεν,
3453 1931 3541 1984 ὅτι
3566 1928 3663 1983 καὶ

2069 2028 2338 2101 τοσαύτης
2363 2045 2422 2081 σε
2451 2027 2618 2100 ζάλης
2647 2025 3095 2098 περιαντλούσης,
3126 2024 3363 2095 ἕστηκας
3385 2020 3661 2093 ἀνώτερος

2069 2121 2179 2175 τῶν
2212 2120 2460 2175 ἐντεῦθεν
2483 2118 2728 2192 θορύϐων
2759 2117 3067 2188 γενόμενος.
3092 2114 3237 2169 Μένε
3258 2112 3330 2185 δὴ
3366 2111 3508 2183 μετά
3532 2110 3665 2165 πολ-

2070 2213 2170 2284 λῆς
2222 2212 2322 2283 τῆς
2368 2210 2562 2282 ἡδονῆς
2602 2209 2663 2262 τὸ
2715 2206 2949 2279 γαληνὸν
2994 2204 3152 2259 τοῦτο
3204 2203 3299 2257 καὶ
3344 2201 3663 2272 ἀκύμαντον

2072 2303 2253 2357 πλέων
2307 2302 2560 2372 πέλαγος.
2595 2300 2707 2354 Kal
2766 2299 2841 2372 μή
2891 2297 3198 2369 θαυμάσῃς,
3234 2293 3289 2347 εἴ
3316 2311 3409 2347 σου
3449 2291 3664 2345 πολλῶν

2074 2394 2375 2450 ἐπιϐουλῶν
2423 2392 2769 2465 μεμνημένου
2797 2389 2908 2461 ἐγὼ
2928 2401 2952 2430 θ
2980 2389 3042 2443 τὸ
3078 2388 3317 2455 πέλαγος
3345 2386 3667 2459 ἀκύμαντον

2073 2486 2245 2541 καλῶ.
2275 2487 2350 2541 Οὐ
2387 2484 2498 2556 γάρ
2536 2485 2645 2539 ἀπὸ
2687 2483 2788 2555 τῆς
2833 2481 2942 2536 τῶν
2990 2480 3371 2556 ταραττόντων
3404 2478 3660 2549 γνώμης,

2074 2579 2189 2634 ἀλλ’
2216 2578 2324 2632 ἀπὸ
2354 2558 2454 2649 τῆς
2488 2577 2608 2631 κατ’
2644 2574 2847 2647 ἀρετὴν
2878 2574 3113 2646 ἡσυχίας
3141 2571 3347 2642 ταύτην
3373 2571 3526 2642 φέρω
3567 2570 3665 2641 τὴν

2072 2673 2272 2744 ψῆφον.
2301 2671 2367 2725 Τί
2399 2670 2455 2724 δέ
2486 2672 2632 2724 ἐστιν
2659 2669 2688 2723 ὃ
2715 2686 2890 2741 φημι;
2923 2669 2982 2722 Ὀ
3013 2666 3184 2740 μέγας
3219 2658 3373 2729 οὗτος
3407 2663 3501 2717 καὶ
3527 2661 3668 2734 ὑψη-

2074 2764 2165 2829 λὸς
2193 2763 2327 2835 βίος,
2361 2763 2458 2817 καὶ
2500 2761 2637 2834 πρὸς
2682 2761 2774 2814 τὸν
2823 2760 3053 2830 οὐρανὸν
3094 2755 3409 2827 τεταμένος,
3449 2757 3515 2825 τῇ
3569 2755 3666 2825 μὲν

2078 2857 2240 2926 φύσει
2281 2854 2388 2909 τῶν
2434 2852 2776 2925 πραγμάτων
2803 2850 3069 2922 δυσχερής
3106 2866 3191 2912 τις
3225 2840 3365 2900 εἶναι
3390 2845 3562 2910 δοκεῖ,
3599 2847 3663 2915 τῇ

2077 2950 2135 3004 δέ
2171 2948 2393 3019 ἀνδρείᾳ
2436 2945 2544 2999 τῶν
2580 2943 2875 3017 μετιόντων
2907 2942 3000 2997 καὶ
3028 2944 3096 3013 τῇ
3129 2939 3408 3011 προθυμία
3446 2935 3665 2998 εὔκολος

2080 3040 2285 3109 σφόδρα
2306 3039 2537 3108 γίνεται.
2570 3037 2680 3090 Kal
2700 3035 2761 3089 τὸ
2791 3035 2854 3105 δὴ
2884 3032 3200 3104 θαυμαστὸν
3224 3031 3322 3101 τῆς
3346 3029 3668 3100 φιλοσοφίας

2078 3134 2283 3202 ταύτης
2311 3131 2470 3185 τοῦτο
2502 3128 2739 3202 μάλιστά
2777 3128 2947 3191 ἐστιν,
2978 3126 3060 3179 ὅτι
3096 3123 3200 3194 τῆς
3239 3121 3511 3193 θαλάττης
3544 3137 3667 3191 μαι-

2080 3229 2334 3298 νομένης,
2365 3223 2614 3295 ἐξουρίας
2640 3221 2765 3274 πλεῖ
2788 3220 2881 3274 καὶ
2909 3218 3048 3290 μετὰ
3069 3215 3272 3286 πολλῆς
3299 3214 3400 3284 τῆς
3428 3212 3667 3282 γαλήνης

2082 3323 2110 3374 6
2132 3318 2370 3392 γνησίως
2395 3316 2566 3387 αὐτὴν
2591 3311 2791 3386 μετιὼν
2822 3311 2915 3364 καὶ
2944 3307 3184 3381 θερμῶς,
3211 3305 3306 3359 καὶ
3330 3306 3433 3368 δτι,
3458 3301 3668 3356 πολλῶν

2083 3409 2421 3482 πανταχόθεν
2453 3406 2700 3478 θορύϐων
2739 3400 3124 3476 ἐγειρομένων,
3156 3397 3386 3468 ἡσυχίαν
3428 3392 3668 3465 καρποῦ-

2082 3520 2172 3557 ται
2211 3499 2479 3573 καθαρὰν,
2511 3497 2605 3553 καὶ
2656 3495 2865 3569 μυρίων
2913 3490 3255 3563 πανταχόθεν
3301 3486 3668 3559 πεμπομένων

2086 3593 2277 3665 βελῶν,
2305 3593 2536 3662 ἔστηκεν
2565 3589 2826 3661 ἄτρωτος,
2857 3584 3146 3656 δεχόμενος
3176 3580 3273 3653 μὲν
3310 3579 3380 3633 τά
3420 3578 3666 3637 ἀκόντια,

2085 3686 2311 3757 πάσχων
2357 3683 2414 3737 δέ
2461 3681 2708 3737 ἐντεῦθεν
2736 3678 2908 3732 οὐδέν.
2936 3673 3102 3743 Ταῦτ’
3128 3668 3223 3727 οὖν
3255 3669 3429 3733 εἰδὼς,
3456 3669 3552 3722 καὶ
3593 3668 3669 3720 δι-

2084 3778 2293 3853 ηνεκῶς
2320 3780 2379 3832 ἐν
2404 3775 2614 3839 τούτοις
2642 3770 2969 3845 φιλοσοφῶν,
2993 3765 3206 3840 καρποῦ
3231 3764 3329 3835 τὴν
3355 3762 3668 3834 ἀμάραντον

2082 3870 2302 3945 ἡδονὴν,
2336 3867 2623 3939 ἀναμένων
2656 3865 2782 3929 τούς
2815 3862 2956 3933 ὑπὲρ
2988 3859 3099 3913 τῶν
3131 3856 3311 3913 καλῶν
3342 3853 3669 3945 πόνωνῗτούέ¹

2085 3941 2195 4019 των
2236 3941 2527 4033 κειμένους
2579 3975 2661 4012 σοι
2709 3953 2859 4027 παρά
2891 3951 2969 4024 τῷ
3011 3950 3131 4021 Θεῷ
3163 3947 3478 4019 στεφάνους.
3516 3941 3665 4019 [68!]

2089 4056 2192 4110 Kal
2221 4056 2399 4128 γράφε
2432 4049 2671 4121 συνεχῶς
2699 4049 2855 4119 ἡμῖν,
2884 4043 3047 4117 ἡνίκα
3081 4043 3147 4097 ἂν
3179 4041 3296 4113 ἐξῇ,
3317 4040 3385 4093 τὰ
3420 4038 3546 4110 περὶ
3571 4037 3668 4109 τῆς

2089 4147 2276 4216 ὑγείας
2321 4161 2416 4198 σου
2459 4141 2634 4213 δηλῶν
2672 4140 2767 4192 καὶ
2807 4137 2906 4209 τῆς
2931 4134 3075 4190 κατὰ
3102 4132 3201 4205 τὴν
3225 4130 3422 4204 ψυχὴν,
3454 4128 3665 4197 καὶτῆς

2088 4239 2231 4295 κατά
2252 4237 2313 4292 τὸ
2349 4234 2541 4307 σῶμαῖ
2585 4233 2679 4287 καὶ
2724 4230 2823 4301 τὴν
2865 4228 3058 4300 σχολὴν
3088 4225 3307 4281 ἃπασαν
3332 4225 3412 4287 είς
3432 4220 3532 4291 τὴν
3559 4219 3667 4274 τῶν

2091 4332 2250 4386 θείων
2277 4329 2537 4385 ἀνάλισκε
2567 4325 2798 4397 Γραφῶν
2827 4322 3152 4392 ἀνάγνωσιν,
3184 4316 3434 4372 τοσοῦτον
3480 4314 3666 4375 αὐταῖς

2086 4425 2311 4498 ὁμιλῶν,
2344 4426 2465 4489 ὅσον
2493 4421 2587 4476 καὶ
2633 4422 2668 4493 ἡ
2714 4418 2823 4472 τῶν
2851 4413 3145 4488 ὀφθαλμῶν
3172 4411 3423 4467 ἀσθένεια
3452 4404 3668 4477 ἐπιτρέ-

2089 4537 2202 4584 πει,
2232 4519 2297 4572 ίν’
2327 4507 2380 4569 εἴ
2405 4532 2537 4570 ποτε
2568 4513 2779 4584 γένοιτο
2810 4507 2999 4581 καιρὸς
3023 4507 3155 4578 ἡμῖν
3201 4503 3295 4557 καὶ
3323 4500 3390 4554 τά
3421 4500 3667 4570 νοήματα

2088 4612 2266 4668 αὐτῶν
2295 4609 2524 4664 ἐνθεῖναι
2562 4609 2628 4679 τῇ
2661 4602 3023 4674 εὐγενεστάτη
3063 4616 3156 4653 σου
3186 4594 3353 4667 ψυχῇ,
3382 4591 3519 4664 μετά
3541 4589 3668 4679 πολ-

2087 4704 2185 4775 λῆς
2231 4702 2388 4756 τοῦτο
2433 4699 2747 4770 ποιήσωμεν
2793 4693 2894 4763 τῆς
2926 4689 3195 4751 εὐκολίας.
3230 4685 3304 4739 Οὐ
3336 4683 3443 4754 γὰρ
3470 4678 3668 4775 μικρὸν

2089 4767 2169 4858 είς
2223 4790 2381 4846 τοῦτο
2431 4767 2722 4858 δυνήσεταί
2772 4801 2855 4836 σοι
2908 4778 3226 4834 συντελέσαι
3274 4774 3334 4828 τὸ
3387 4771 3576 4843 μαθεῖν
3601 4767 3668 4822 τά

2090 4883 2385 4954 ἐγκείμενα
2417 4878 2747 4951 γράμματα,
2775 4872 2936 4945 ἡνίκα
2958 4870 3022 4924 ἂν
3052 4867 3249 4940 μέλλῃς
3270 4865 3339 4919 τὰ
3374 4864 3430 4918 ἐν
3460 4861 3667 4924 τούτοις

2089 4977 2333 5048 νοήματα
2370 4967 2746 5039 ὑποδέχεσθαι.

2478 5060 2639 5117 PAZ'
2648 5101 2661 5115 .
2705 5055 2969 5123 Θεοδότῳ
3006 5051 3282 5118 διακόνῳ.

2160 5158 2376 5216 Παῦσαι
2416 5150 2737 5226 κατηγορῶν
2782 5147 2942 5221 ἡμῶν
2970 5143 3320 5218 βραδυτῆτος,
3366 5137 3441 5210 μὴ
3478 5132 3666 5190 σαυτὸν

2092 5251 2356 5324 πρότερον
2384 5245 2512 5316 ἕλῃς
2537 5242 2614 5313 τῷ
2640 5238 2966 5310 ἐγκλήματι.
2999 5231 3278 5324 Τοσαύτας
3317 5228 3425 5324 γὰρ
3456 5227 3669 5324 ἐπιστο-

2090 5314 2188 5405 λάς
2234 5314 2526 5410 δεξάμενος
2575 5336 2705 5405 παρ’
2732 5330 2908 5403 ἡμῶν,
2943 5328 3072 5389 ὅσας
3125 5320 3485 5381 ἐπέσταλκας,
3528 5314 3664 5410 πλὴν

2095 5437 2245 5508 μιᾶς,
2293 5407 2481 5505 ὥσπερ
2525 5427 2753 5498 νιφάδας
2800 5424 3037 5494 πέμπων
3087 5414 3450 5491 γραμμάτων,
3497 5407 3664 5508 οὕτως

2091 5499 2250 5602 ἔφης,
2290 5529 2356 5598 τῇ
2404 5499 2535 5595 γοῦν
2579 5519 2831 5591 συνεχείᾳ
2883 5513 3206 5582 ἀναστήσειν
3250 5508 3397 5579 ἡμᾶς
3441 5503 3577 5602 πρὸς
3606 5499 3663 5553 τὸ

2091 5596 2787 5697 γράφεινήοίόμενοςῙΕστι
2840 5611 2938 5683 μὲν
2987 5603 3079 5663 οὖν
3122 5606 3216 5660 καὶ
3266 5596 3687 5697 μὴῃγράφοντα

2092 5688 2287 5788 φιλεῖν,
2313 5688 2456 5782 πλὴν
2494 5710 2609 5765 ἀλλ’
2643 5705 2755 5777 ἐγὼ
2806 5705 2897 5757 και
2941 5701 3169 5771 γράφων
3195 5697 3256 5748 οὐ
3286 5693 3543 5754 διέλιπον,
3572 5688 3660 5741 και

2154 5831 2182 5869 ά
2202 5826 2403 5878 Coisliu.
2427 5825 2521 5872 τῶν
2543 5818 2748 5870 ἐντεῦθεν
2770 5818 2949 5868 κακῶν.

2156 5895 2178 5921 ο
2202 5860 2406 5946 ὃιίίῖίιηη
2430 5899 2487 5931 ην
2504 5898 2543 5931 s.
2573 5884 2613 5930 εί
2630 5898 2717 5929 σου
2738 5881 2925 5929 πολλῶν
2945 5873 3206 5927 ἐπιϐουλῶν
3225 5866 3538 5934 μεμνημένου.
3554 5864 3661 5921 illi"

2097 5955 2148 6005 1n
2173 5945 2283 6003 3H5
2305 5948 2596 6011 μεμνημένου
2620 5945 2781 5993 deest.
