3950 6390
292 296 398 354 ('93

287 416 431 468 vallo
454 417 669 483 scmoti,
697 426 871 474 tamen
897 418 1107 476 dulcem
1129 435 1193 477 ac
1222 421 1516 481 ferventem
1545 433 1598 481 et
1626 426 1890 484 sinceram

286 516 433 561 tuam
463 510 746 565 cnritatem
780 526 878 582 pro
907 512 1112 569 deliciis
1146 514 1459 573 habeamus.

336 598 619 656 CXXXV.
665 602 923 658 Theodoto
948 605 1186 661 diacono.
1229 607 1508 679 (Arabisso
1533 625 1675 667 anno
1699 611 1851 685 406.)

357 694 469 750 Nec
497 711 583 749 me
611 697 827 765 quidem
856 697 958 753 hoc
996 697 1164 771 fugit,
1212 709 1264 757 te
1302 702 1508 771 pridem
1536 704 1603 759 ad
1633 721 1730 761 nos
1758 722 1891 762 ven-

285 796 466 842 turum
515 788 708 854 fuisse,
754 791 855 846 nisi
900 791 1201 849 Isaurorum
1246 804 1421 851 metus
1451 798 1563 853 vias
1607 796 1700 854 tibi
1749 815 1890 871 prae-

284 880 558 935 clusisset.
587 881 718 936 Nam
745 897 868 938 cum
890 885 1142 941 omnibus
1168 884 1365 956 frigore
1386 889 1702 958 rigentibus,
1732 901 1891 961 atque

285 971 341 1025 in
372 982 514 1026 tanta
554 973 757 1029 nivium
786 977 837 1030 vi
863 1015 880 1042 ,
919 975 1022 1031 huc
1049 992 1331 1034 accurrere
1360 979 1579 1036 minime
1608 980 1888 1050 dubitaris,

284 1063 456 1117 multo
484 1077 615 1119 sane
641 1065 841 1131 minus,
870 1076 1062 1121 exorto
1089 1083 1234 1134 vere,
1256 1083 1321 1124 ac
1342 1070 1474 1126 crclo
1503 1071 1701 1143 ingenti
1730 1081 1881 1128 tran-

284 1154 551 1224 quillitate
574 1156 815 1225 praedito,
844 1158 967 1214 istic
986 1173 1206 1217 manere
1224 1162 1590 1220 sustinuisses.
1617 1163 1887 1236 Siquidem

283 1248 452 1303 animi
496 1249 570 1304 tui
598 1237 924 1306 suavitatem
965 1259 1021 1307 et
1048 1254 1358 1310 comitatem
1378 1296 1394 1323 ,
1443 1256 1800 1328 ardoremque
1826 1274 1889 1315 ac

283 1341 649 1397 sinceritatem
669 1383 685 1406 ,
730 1357 993 1415 eamque,
1022 1360 1141 1416 qua:
1175 1346 1228 1401 in
1260 1356 1311 1402 te
1339 1362 1547 1403 summa
1577 1361 1691 1415 est,
1736 1351 1887 1420 inge-

286 1432 548 1487 nuitatem
580 1433 727 1488 novi.
771 1434 953 1505 anue
981 1435 1049 1492 de
1078 1452 1240 1492 causa
1268 1452 1378 1493 non
1408 1439 1614 1511 vulgari
1655 1455 1889 1497 mmrore

286 1524 528 1589 afﬁcior,
575 1533 628 1580 te
669 1527 722 1581 in
766 1536 871 1581 tam
902 1530 1051 1583 suavi
1080 1539 1134 1585 et
1167 1545 1379 1586 amoena
1419 1533 1545 1587 anni
1590 1543 1741 1605 parte
1777 1548 1886 1588 non

285 1629 506 1684 parvam
536 1616 688 1671 nobis
715 1617 985 1673 maestitiae
1014 1628 1389 1690 tempestatem
1420 1637 1736 1692 accersere,
1757 1623 1886 1679 dum

289 1707 490 1762 tamdiu
518 1723 549 1761 a
575 1708 732 1764 nobis
762 1710 913 1765 abes.
961 1710 1125 1782 quue
1164 1727 1269 1767 non
1298 1727 1365 1769 eo
1397 1728 1767 1769 commemoro
1786 1756 1801 1781 ,
1828 1724 1890 1770 ut

287 1813 343 1856 te
384 1802 524 1868 huc,
555 1802 764 1858 etiamsi
792 1804 988 1859 millies
1016 1805 1069 1859 id
1095 1805 1231 1861 velis
1253 1847 1269 1872 ,
1320 1806 1627 1877 pertraham
1673 1808 1887 1880 (multis

287 1895 431 1950 enim
473 1894 630 1950 bellis
654 1896 832 1950 omnia
868 1895 954 1950 hic
979 1894 1243 1967 flagrant,
1274 1897 1435 1973 idque
1463 1915 1528 1955 ex
1571 1900 1670 1967 iis,
1698 1901 1789 1971 qui
1820 1916 1887 1957 ex

288 1988 374 2043 his
400 1989 531 2043 locis
553 1989 688 2043 istnc
712 2003 772 2045 se
801 1988 1124 2055 conferunt,
1159 1991 1299 2046 scire
1325 1993 1577 2064 poteris),
1612 2007 1798 2048 verum
1829 2002 1889 2048 ut

290 2081 588 2152 intelligas,
619 2097 716 2137 ηος
741 2125 757 2149 ,
787 2084 890 2139 etsi
924 2084 1122 2156 alioqui
1147 2099 1338 2155 magna
1367 2085 1549 2156 quiete
1574 2094 1735 2157 atque
1777 2087 1888 2141 otio

286 2173 550 2241 fruimur,
605 2174 695 2234 hic
736 2184 912 2231 tamen
959 2176 1077 2233 sine
1119 2192 1354 2233 maerore
1397 2192 1518 2235 esse
1559 2194 1663 2234 non
1707 2193 1886 2249 posse,

285 2267 416 2322 dum
446 2283 477 2321 a
520 2276 572 2323 te
611 2267 861 2337 disjuncti
901 2283 1131 2325 sumus:
1164 2269 1373 2340 hocque
1412 2271 1528 2341 ipse
1564 2271 1881 2342 intelligens,

286 2373 446 2430 quam
477 2360 773 2430 sa-pissime
797 2361 863 2416 ad
907 2377 1005 2417 nos
1043 2362 1279 2431 scribas,
1325 2378 1431 2418 non
1460 2363 1620 2419 modo
1655 2379 1755 2434 per
1792 2379 1887 2419 eos

286 2455 379 2525 qui
409 2455 534 2510 hinc
558 2455 625 2510 ad
651 2472 747 2511 vos
778 2456 1213 2525 proficiscuntur,
1244 2456 1338 2512 sed
1367 2457 1526 2513 etiam
1556 2473 1652 2527 per
1674 2472 1770 2513 eos
1794 2457 1885 2528 qui

290 2549 451 2603 istinc
470 2547 539 2603 ad
568 2563 664 2603 nos
695 2547 933 2603 veniunt.
979 2546 1222 2618 Magnam
1249 2556 1428 2605 autem
1457 2548 1582 2612 tibi,
1628 2563 1884 2604 reveren-

286 2639 511 2695 dissime
537 2638 609 2693 mi
632 2638 877 2705 domine,
908 2639 977 2694 ob
1003 2654 1121 2694 eam
1149 2654 1332 2696 curam
1360 2647 1416 2695 et
1447 2639 1882 2705 sollicitudinem,

289 2731 343 2784 in
374 2745 478 2800 qua
521 2736 742 2801 propter
788 2729 1013 2800 hujusce
1053 2731 1288 2801 regionis
1329 2731 1587 2786 tumultus
1627 2731 1882 2797 versaris,

286 2821 514 2891 gratiam
544 2820 825 2875 habemus.
878 2820 1088 2876 Etenim
1124 2820 1336 2877 obsidio
1365 2829 1549 2877 nostra
1578 2821 1628 2876 in
1656 2820 1772 2876 dies
1800 2820 1883 2875 in-

286 2913 577 2982 gravescit,
606 2922 768 2984 atque
788 2914 843 2968 in
863 2913 963 2969 hac
987 2929 1131 2979 arce,
1162 2923 1433 2987 tamquam
1464 2916 1516 2970 in
1545 2915 1757 2986 laqueo,
1785 2913 1882 2970 dc—

286 3007 553 3062 sidemus.
580 3006 788 3077 Quippe
804 3006 914 3077 jam
945 3006 1105 3062 etiam
1133 3007 1305 3063 media
1332 3017 1490 3063 nocte
1512 3016 1707 3077 praeter
1730 3021 1884 3077 spent

288 3117 508 3155 omnem
538 3110 594 3156 et
632 3102 1091 3171 exspectationem
1140 3109 1504 3157 trecentorum
1533 3102 1549 3133 ¹
1580 3099 1884 3155 Isaurorum

286 3210 480 3267 agmen
505 3194 757 3266 oppidum
785 3195 1146 3266 percursavit,
1190 3208 1432 3265 pencque
1457 3209 1554 3249 nos
1576 3192 1740 3263 cepit.
1777 3192 1887 3248 Ve-

288 3302 410 3340 rum
440 3287 532 3341 Dei
557 3301 746 3341 manus
771 3286 1054 3342 confestim
1087 3300 1214 3354 eos,
1240 3286 1395 3342 nobis
1420 3287 1582 3341 etiam
1612 3285 1744 3340 nihil
1782 3284 1888 3341 tale

288 3378 667 3446 sentientibus,
695 3377 823 3434 hinc
848 3379 1047 3434 avertit
1077 3395 1092 3434 :
1125 3378 1196 3433 ita
1223 3386 1283 3433 ut
1306 3393 1415 3434 non
1439 3376 1601 3449 modo
1624 3376 1885 3448 periculo,

288 3471 386 3527 sed
416 3470 579 3526 etiam
600 3479 745 3526 metu
767 3470 920 3526 vacui
943 3484 1207 3538 essemus,
1229 3479 1459 3540 ortoque
1484 3469 1573 3525 die
1595 3478 1707 3523 tum
1733 3467 1857 3522 deni
1871 3494 1887 3505 -

288 3579 428 3633 quc,
472 3561 616 3632 quod
662 3562 996 3633 contigerat,
1035 3561 1433 3617 resciverimus.
1483 3560 1616 3628 Quae
1648 3573 1771 3615 cum
1816 3559 1887 3615 ita

287 3659 400 3711 sint
418 3699 434 3723 ,
462 3655 635 3726 gaude
662 3670 727 3711 ac
756 3655 960 3721 laetare,
994 3655 1270 3726 Deumque
1296 3653 1661 3709 indesinenter
1682 3666 1796 3717 ora,
1833 3663 1890 3708 ut

288 3762 391 3802 nos
414 3748 464 3801 in
485 3747 631 3802 omni
649 3747 936 3803 securitate
950 3747 1259 3811 constituat,
1281 3756 1440 3816 atque
1460 3753 1687 3816 urgente
1703 3744 1891 3799 morbo

290 3840 505 3895 liberet.
561 3840 816 3907 Quamvis
854 3839 996 3894 enim
1020 3839 1131 3910 jam
1170 3848 1321 3894 extra
1360 3838 1656 3909 periculum
1697 3837 1887 3901 simus,

291 3941 474 3987 tamen
501 3932 675 3987 morbi
714 3932 954 4003 reliquize
982 3930 1156 3987 adhuc
1185 3931 1425 3999 hterent,
1466 3930 1639 3985 morbi
1681 3944 1890 3985 memo—

291 4023 429 4077 riam
473 4023 601 4078 mihi
633 4033 892 4094 perpetuo
928 4023 1264 4079 refricantes.
1299 4022 1425 4078 limo
1469 4032 1649 4078 autem
1688 4037 1794 4077 non
1825 4037 1892 4077 co

290 4115 475 4171 animo
497 4116 813 4187 scripsimus
834 4157 850 4184 ,
885 4125 943 4172 ut
970 4117 1063 4172 tibi
1105 4131 1391 4174 maerorem
1430 4116 1716 4173 alicramus
1739 4160 1754 4184 ,
1794 4118 1890 4172 sed

292 4219 355 4262 ut
382 4218 436 4263 te
468 4207 537 4264 ad
568 4223 754 4278 preces
791 4207 1085 4265 studiosius
1123 4224 1223 4280 pro
1258 4209 1413 4265 nobis
1440 4208 1509 4265 ad
1539 4209 1706 4264 Deum
1735 4209 1890 4264 adhi-

292 4299 499 4354 bendas
526 4299 845 4354 excitemus.
875 4299 1159 4355 Dominum
1190 4315 1373 4363 meum
1417 4300 1891 4357 honoratissimum

295 4393 551 4446 lectorem
576 4390 915 4448 Theodotum
945 4393 1128 4463 pietati
1155 4402 1260 4450 tuze
1286 4393 1730 4449 commendamus
1761 4412 1775 4448 :
1813 4403 1895 4447 at-

293 4497 404 4553 que
432 4482 528 4537 abs
553 4490 606 4538 te
629 4483 883 4553 petimus,
907 4494 965 4538 ut
984 4498 1081 4555 pro
1106 4484 1246 4540 virili
1264 4494 1352 4540 tua
1378 4485 1627 4540 omnibus
1654 4486 1708 4540 in
1731 4486 1895 4541 rebus

293 4575 345 4630 ei
376 4583 563 4645 portus
583 4574 704 4630 loco
729 4576 824 4631 sis.
869 4575 1029 4632 Multa
1056 4576 1202 4632 enim
1224 4591 1347 4634 esse
1370 4577 1744 4646 animadverti,
1773 4594 1895 4650 qua:

292 4683 419 4720 cum
446 4682 679 4724 maerore
705 4666 961 4722 afficiant.
993 4668 997 4674 ’
1763 4673 1766 4676 ’

292 4799 500 4857 CXXX
512 4801 607 4857 VI.
654 4801 916 4858 Theodoto
955 4804 1131 4860 lectori
1159 4807 1200 4861 '.
1234 4806 1254 4880 (
1276 4806 1526 4862 Arabisso
1553 4823 1695 4864 anno
1724 4808 1850 4866 406.
1874 4808 1895 4883 )

370 4938 511 4993 Nihil
556 4948 658 5005 est,
689 4940 1039 5011 quamobrem
1085 4956 1153 4998 eo
1181 4943 1323 5013 quod
1351 4944 1611 5031 maturius
1649 4945 1774 5001 hinc
1801 4946 1898 5001 ab-

294 5031 577 5097 scesseris,
599 5033 999 5088 excusationem
1029 5049 1262 5104 quaeras,
1291 5050 1355 5091 ac
1376 5044 1486 5090 tum
1512 5036 1579 5091 ad
1617 5037 1897 5092 oculorum

294 5124 686 5189 infirmitatem,
739 5134 852 5181 tum
897 5126 964 5181 ad
995 5128 1101 5182 vim
1131 5128 1345 5200 frigoris
1388 5129 1687 5202 confugias,
1728 5132 1900 5202 iisque

298 5216 601 5271 discessum
646 5229 793 5273 tuum
824 5218 1118 5274 adscribas.
1149 5220 1258 5276 Nos
1286 5223 1427 5276 enim
1470 5232 1540 5289 te,
1587 5238 1691 5277 non
1722 5223 1901 5279 minus

297 5325 463 5379 quam
483 5309 734 5377 antehac,
762 5311 955 5368 adesse
979 5327 1043 5368 ac
1062 5314 1338 5370 nobiscum
1366 5314 1570 5370 versari
1594 5329 1897 5381 censemus,

298 5416 367 5456 ex
391 5401 613 5457 caritate
627 5401 878 5459 videlicet
905 5403 957 5459 id
978 5405 1372 5476 perpendentes
1396 5423 1409 5460 :
1442 5407 1732 5478 quinetiam
1749 5423 1900 5478 spem

304 5494 567 5551 habemus
592 5494 727 5562 fore,
758 5506 817 5553 ut
854 5497 1142 5568 aliquando
1179 5514 1470 5571 congressu
1510 5509 1601 5555 tuo
1640 5500 1898 5557 fruamur.

300 5585 567 5653 Quocirca
609 5587 742 5646 nihil
790 5598 845 5645 te
891 5589 1083 5646 horum
1128 5591 1428 5649 conturbet.
1477 5591 1729 5659 Quamvis
1758 5592 1900 5649 enim

369 5725 387 5757 ³
422 5720 636 5783 eoislin.,
660 5726 993 5776 (incentor-mn.

372 5787 390 5817 ⁸
420 5788 584 5836 ειιιυχ
608 5790 798 5850 Regius,
824 5789 1040 5841 diacono.

1778 312 2150 372 EPISTOIJE.

3499 339 3600 397 694

1999 433 2171 489 hiems
2215 443 2267 491 te
2303 434 2370 493 ab
2407 438 2659 497 Armenia
2698 441 3008 514 abduxerit,
3041 448 3263 507 minime
3307 461 3481 509 tamen
3530 472 3594 510 ex

1995 526 2176 581 animo
2202 540 2385 586 nostro
2413 532 2573 602 ejecit
2591 576 2609 602 ,
2641 545 2825 606 utpote
2854 554 3012 608 quem
3049 553 3229 599 mente
3256 556 3468 614 semper
3497 562 3598 602 no-

1995 616 2198 672 biscum
2225 620 2683 682 circumferamus.
2715 629 2794 684 Ac
2815 630 2916 685 nisi
2943 630 3247 688 Isaurorum
3278 635 3481 693 bellum
3508 636 3590 692 in-

1999 709 2249 766 terclusis
2293 714 2540 769 omnibus
2581 716 2860 776 itineribus
2895 720 2948 775 in
2991 722 3388 780 tabellariorum
3426 742 3596 798 penu-

1995 802 2131 859 riam
2172 819 2270 860 nos
2322 806 2650 874 adduxisset,
2693 810 3158 883 frequentissimas
3203 816 3271 872 ad
3313 827 3365 873 te
3413 819 3596 876 literas

1997 894 2350 954 misissemus.
2407 898 2560 956 Nunc
2601 912 2778 958 autem
2831 904 3009 976 lingua
3063 907 3276 979 quidem
3330 911 3592 980 superiori

1996 991 2239 1055 tempore
2278 989 2574 1057 tacuimus;
2603 993 2783 1047 animo
2812 1005 3020 1065 autem,
3061 1014 3166 1051 non
3198 1000 3321 1054 item
3350 1019 3362 1055 :
3405 1017 3593 1056 verum

1995 1083 2051 1131 te
2078 1091 2294 1147 semper
2322 1089 2546 1152 tuasque
2576 1097 2664 1139 res
2689 1084 2877 1140 sedulo
2919 1102 3170 1145 curamus
3193 1132 3208 1155 ,
3239 1099 3294 1145 et
3334 1104 3592 1163 quantum

1995 1169 2048 1223 in
2096 1170 2251 1226 nobis
2293 1171 2410 1239 fuit,
2454 1175 2754 1245 saepissime
2797 1179 3132 1249 scripsimus.
3176 1181 3307 1249 Quae
3352 1198 3473 1239 cum
3522 1185 3593 1238 ita

1994 1259 2123 1326 sint,
2145 1261 2307 1317 velim
2335 1262 2406 1317 ita
2433 1264 2706 1321 existimes
2732 1276 2785 1323 te
2811 1269 3088 1325 nobiscum
3116 1286 3258 1338 esse,
3290 1289 3502 1343 unaque
3530 1273 3583 1328 in

1994 1351 2246 1407 Armenia
2266 1358 2607 1412 commorari.
2628 1357 2781 1426 Quod
2801 1360 2845 1415 si
2869 1363 2986 1432 quis
3007 1361 3098 1418 tibi
3117 1363 3336 1421 insidias
3357 1376 3589 1435 struere,

1994 1450 2153 1512 teque
2175 1443 2514 1502 incommodo
2540 1446 2718 1520 aliquo
2743 1448 2958 1508 allicere
2978 1461 3222 1520 conetur,
3246 1455 3313 1510 da
3343 1471 3585 1526 operam,

1995 1540 2052 1586 ut
2092 1532 2397 1603 hujusmodi
2443 1538 2625 1594 omnia
2674 1539 2778 1595 tela
2812 1541 2830 1573 ¹
2862 1555 3122 1613 superes:
3165 1546 3593 1617 quandoquidem

1994 1640 2103 1678 non
2139 1624 2332 1696 injuria
2373 1627 2535 1696 affici,
2574 1629 2670 1685 sed
2698 1630 2944 1703 injuriam
2977 1633 3197 1703 inferre,
3236 1637 3491 1693 miserum
3532 1654 3597 1693 ac

1993 1716 2352 1785 perniciosum
2393 1727 2496 1774 est.
2530 1719 2642 1776 Nos
2663 1723 2860 1793 quippe
2898 1722 3001 1779 hoc
3028 1724 3191 1781 etiam
3234 1727 3452 1784 nomine
3490 1728 3594 1783 im-

1993 1807 2209 1875 pensius
2256 1814 2310 1863 te
2354 1808 2703 1878 admiramur,
2748 1813 3018 1885 animique
3055 1818 3128 1871 tui
3179 1817 3485 1874 firmitatem
3531 1835 3596 1875 ac

1995 1898 2357 1958 fortitudinem
2400 1903 2711 1971 laudamus,
2740 1907 2881 1978 quod
2941 1917 3085 1964 tanta
3129 1918 3445 1981 tempestate
3482 1913 3592 1967 cir-

1993 1992 2306 2060 cumfusus,
2357 1996 2673 2053 tumultibus
2723 2007 2904 2054 tamen
2950 1999 3049 2066 iis,
3102 2001 3192 2071 qui
3244 2001 3368 2057 hinc
3418 1984 3591 2059 exorti

1993 2093 2154 2151 sunt,
2199 2087 2533 2155 superiorem
2572 2095 2625 2144 te
2666 2090 2958 2159 praebuisti.
3006 2092 3365 2158 Quamobrem
3397 2106 3586 2165 magna

1993 2189 2114 2229 cum
2146 2177 2417 2248 voluptate
2448 2180 2794 2251 tranquillum
2843 2181 2945 2237 hoc
2978 2183 3348 2256 placidumque
3377 2187 3594 2257 pelagus

1995 2268 2245 2337 navigare
2274 2283 2455 2339 perge.
2485 2268 2594 2326 Nec
2619 2287 2749 2327 vero
2774 2272 3007 2341 mireris,
3041 2275 3206 2345 quod,
3234 2290 3356 2330 cum
3399 2280 3596 2331 multas

1994 2360 2216 2416 insidias
2267 2376 2557 2427 memores,
2605 2378 2705 2434 ego
2754 2373 2930 2421 tamen
2985 2367 3328 2437 tranquillum
3374 2367 3597 2439 pelagus

1992 2453 2277 2523 appellem.
2326 2452 2512 2524 Neque
2561 2454 2705 2510 enim
2756 2470 2786 2510 a
2836 2456 3260 2525 perturbantium
3308 2459 3491 2513 animo
3539 2470 3595 2513 et

1992 2543 2190 2610 studio,
2218 2543 2312 2600 sed
2335 2545 2403 2600 ab
2431 2561 2492 2601 ea
2523 2546 2726 2616 quiete,
2759 2563 2920 2618 quam
2952 2548 3045 2602 tibi
3073 2548 3241 2604 virtus
3268 2549 3428 2620 parit,
3459 2548 3597 2605 hanc

1991 2635 2309 2690 sententiam
2334 2635 2462 2690 fero.
2489 2636 2626 2704 Quid
2642 2647 2828 2715 autem
2851 2639 2951 2693 sibi
2984 2640 3096 2694 vult
3116 2639 3246 2694 illud
3272 2640 3413 2711 quod
3435 2640 3596 2696 dico?

1992 2727 2178 2799 Magna
2201 2727 2316 2784 lucc
2336 2739 2390 2784 et
2414 2730 2663 2786 sublimis
2681 2731 2810 2795 vita,
2837 2742 2996 2803 atque
3016 2733 3083 2788 ad
3109 2733 3296 2788 cadum
3323 2745 3591 2804 porrecta,

1992 2821 2035 2875 si
2063 2837 2240 2876 rerum
2272 2830 2457 2878 natura
2485 2831 2777 2894 Spectctur,
2806 2827 3030 2879 molesta
3060 2825 3455 2895 quodammodo
3474 2841 3597 2882 esse

1991 2913 2234 2969 videtur:
2267 2915 2309 2968 si
2338 2923 2514 2969 autem
2541 2929 2751 2983 eorum,
2778 2916 2866 2986 qui
2893 2931 3011 2972 cam
3039 2925 3355 2987 sequuntur,
3385 2919 3595 2972 fortitu-

1992 3006 2173 3061 dinem
2210 3006 2481 3077 animique
2515 3007 2847 3063 alacritatem
2879 3017 3108 3078 spcctes,
3142 3024 3395 3080 perquam
3428 3009 3596 3065 facilis

1994 3097 2241 3153 efficitur.
2275 3080 2533 3167 Quodque
2579 3098 2632 3152 in
2679 3097 2777 3153 hac
2807 3097 3146 3169 philosophia
3195 3100 3439 3155 mirabile
3468 3110 3590 3166 est,

1996 3190 2203 3244 furente
2233 3189 2367 3244 mari
2416 3203 2673 3260 prospere
2709 3203 3009 3261 magnaque
3047 3205 3169 3245 cum
3214 3191 3595 3261 tranquillitate

1995 3283 2228 3353 navigat,
2260 3280 2350 3352 qui
2380 3281 2593 3337 sincero
2619 3296 2684 3337 ac
2709 3280 2932 3337 ferventi
2963 3282 3144 3337 animo
3167 3298 3285 3338 eam
3313 3293 3595 3339 consecta-

1997 3385 2117 3433 tur:
2164 3376 2450 3446 multisque
2492 3376 2730 3449 undiquc
2772 3377 3088 3433 tumultibus
3116 3377 3362 3434 excitatis
3408 3392 3593 3448 puram

1994 3470 2227 3541 quietem
2269 3471 2462 3541 carpit,
2490 3480 2650 3541 atque
2679 3471 2977 3526 innumeris
3005 3471 3151 3527 omni
3180 3487 3245 3526 ex
3279 3481 3426 3541 parte
3460 3484 3595 3525 con-

1989 3560 2148 3631 jectis
2180 3561 2300 3617 telis
2327 3561 2525 3617 illaesos
2551 3568 2678 3628 stat,
2723 3560 2828 3617 tela
2858 3560 3110 3616 nimirum
3137 3561 3432 3631 excipiens,
3461 3560 3593 3616 nihil

1995 3663 2172 3709 autem
2221 3653 2345 3709 hinc
2386 3653 2694 3710 detrimenti
2738 3652 2936 3710 ferens.
2987 3653 3115 3711 Haec
3163 3654 3325 3725 igitur
3349 3669 3468 3708 cum
3502 3654 3596 3708 tibi

1995 3746 2268 3817 explorata
2298 3748 2427 3815 sint,
2455 3756 2509 3803 ct
2532 3755 2585 3802 tu
2610 3745 2725 3804 haec
2748 3747 3099 3803 commentari
3123 3761 3228 3802 non
3252 3746 3594 3811 intermittas,

1996 3850 2307 3912 perpetuam
2348 3840 2675 3911 voluptatem
2718 3841 2958 3912 percipe,
2998 3839 3313 3895 constitutas
3364 3836 3456 3892 tibi
3500 3843 3598 3908 pro

1997 3930 2268 4002 praeclaris
2293 3930 2439 3987 hisce
2464 3931 2735 3988 laboribus
2758 3931 2901 4002 apud
2926 3931 3095 3986 Deum
3127 3944 3353 3986 coronas
3400 3943 3597 4000 exSpe-

1996 4033 2168 4079 ctans.
2199 4024 2373 4095 Atque
2393 4039 2551 4094 quam
2583 4023 2880 4094 saepissime
2908 4022 3148 4088 licuerit,
3181 4019 3248 4076 de
3272 4020 3435 4075 animi
3468 4035 3594 4075 cor-

1998 4115 2249 4185 porisque
2277 4114 2349 4169 tui
2372 4114 2676 4171 valetudine
2703 4130 2802 4169 nos
2828 4114 2911 4169 fac
2935 4113 3191 4168 certiores
3215 4129 3229 4164 :
3255 4111 3413 4181 idque
3434 4125 3595 4165 omne

1998 4205 2186 4271 otium,
2217 4204 2359 4276 quod
2382 4205 2475 4261 tibi
2505 4205 2760 4277 suppetit,
2786 4205 2838 4260 in
2864 4203 3170 4260 divinarum
3200 4202 3595 4273 Scripturarum

1998 4297 2229 4354 lectione
2257 4312 2547 4364 censume,
2594 4306 2797 4354 tantum
2825 4297 2954 4368 ipsis
2996 4296 3251 4367 temporis
3288 4294 3599 4364 impertiens

1999 4398 2259 4458 quantum
2298 4389 2578 4445 oculorum
2610 4390 2949 4446 imbecillitas
2978 4388 3236 4460 permittit
3262 4402 3278 4441 :
3310 4401 3418 4458 quo
3446 4385 3598 4440 vidc-

2002 4479 2146 4542 licet,
2172 4479 2217 4534 si
2239 4479 2453 4549 quando
2481 4481 2693 4535 occasio
2709 4496 2830 4537 sese
2859 4480 3068 4543 offerat,
3100 4488 3364 4534 utearum
3386 4491 3598 4548 quoque

2000 4587 2157 4627 sensa
2179 4571 2512 4627 nobilissimo
2540 4573 2719 4627 animo
2744 4581 2833 4627 tuo
2855 4573 3094 4628 inserere
3117 4571 3400 4627 commode
3426 4570 3598 4641 possi-

2002 4679 2143 4731 mus,
2177 4680 2367 4736 magna
2394 4680 2515 4722 cum
2558 4665 2810 4721 facilitate
2844 4663 2895 4719 id
2938 4665 3213 4718 faciamus.
3245 4662 3426 4734 Neque
3455 4663 3598 4718 enim

2003 4757 2070 4813 ad
2108 4773 2227 4813 eam
2272 4774 2385 4814 rem
2433 4759 2528 4813 tibi
2564 4774 2751 4828 parum
2795 4756 3088 4828 adjumenti
3126 4754 3319 4812 afferre
3350 4763 3603 4826 poterunt

2006 4848 2136 4917 ipsae
2159 4844 2347 4914 literae,
2375 4865 2496 4905 cum
2524 4864 2702 4914 sensa,
2729 4865 2849 4921 qua:
2880 4850 2931 4904 in
2955 4849 3020 4903 iis
3047 4847 3389 4914 delitescunt,
3420 4848 3598 4904 susci-

2007 4958 2133 5014 pere
2157 4943 2390 5013 parabis.

2005 5032 2203 5089 CXXX
2221 5032 2350 5092 V11.
2371 5033 2626 5090 Theodoto
2643 5033 2874 5088 diacono.
2903 5035 3106 5099 (Anno,
3121 5042 3177 5089 ut
3196 5042 3429 5106 putatur,
3450 5031 3603 5104 406.)

2075 5125 2364 5182 Tarditatis
2388 5141 2452 5182 ac
2480 5126 2814 5198 negligentiae
2845 5140 2943 5180 nos
2972 5140 3227 5181 accusare
3264 5124 3450 5180 desine
3472 5165 3489 5189 ,
3534 5139 3604 5178 ne

2007 5225 2060 5273 te
2082 5217 2253 5288 ipsum
2285 5220 2432 5288 prius
2478 5218 2717 5289 ejusdem
2745 5217 2983 5273 criminis
3024 5233 3174 5272 reum
3205 5230 3443 5287 peragas.
3468 5214 3601 5269 Nam

2006 5323 2129 5364 cum
2161 5318 2237 5364 tot
2278 5309 2552 5380 epistolas,
2579 5318 2710 5379 quot
2738 5309 3021 5380 scripsisti,
3052 5323 3083 5363 a
3113 5309 3267 5363 nobis
3292 5306 3563 5376 acceperis
3583 5347 3600 5372 ,

2008 5418 2112 5458 una
2141 5402 2418 5458 dumtaxat
2447 5411 2694 5471 excepta,
2723 5412 2900 5459 tamen
2940 5402 3160 5475 perinde
3186 5417 3250 5457 ac
3274 5402 3317 5457 si
3346 5400 3605 5471 plurimas

2011 5511 2041 5550 a
2073 5504 2126 5551 te
2153 5496 2337 5551 literas
2360 5495 2789 5568 accepissemus,
2829 5494 2918 5553 his
2943 5496 3121 5552 verbis
3148 5482 3274 5550 usus
3305 5508 3387 5561 es,
3420 5502 3469 5547 te
3491 5490 3601 5547 fre-

2007 5589 2294 5659 quentibus
2342 5589 2510 5645 literis
2560 5605 2661 5647 nos
2706 5590 2773 5646 ad
2826 5590 3169 5648 scribendum
3222 5588 3598 5645 excitaturum.

2008 5683 2340 5752 Quamquam
2387 5691 2565 5740 autem
2614 5684 2728 5742 fieri
2774 5694 2976 5758 potest,
3019 5695 3074 5740 ut
3115 5682 3378 5756 quispiam
3422 5692 3597 5749 amet,

2079 5794 2096 5828 ί
2130 5792 2341 5858 Coislin.,
2360 5793 2507 5895 malo.

3564 5883 3666 5921 ηκ-
