3950 6414
407 389 510 444 695

402 503 621 557 e:iamsi
654 518 760 559 non
792 491 1026 560 scribat:
1060 517 1160 573 ego
1188 511 1366 558 tamen
1398 515 1499 556 nec
1528 499 1765 555 scribere
1790 498 2006 564 destiti,

406 608 504 647 nec
536 609 717 649 amare
746 594 954 648 desino.
985 595 1159 664 Atque
1185 602 1243 647 ut
1270 593 1429 647 etiam
1452 600 1662 660 tempus
1689 589 1838 655 illud,
1867 589 2010 659 quod

401 698 430 736 a
467 685 710 755 digressu
743 696 926 740 nostro
957 684 1133 752 ﬂuxit,
1173 685 1382 754 longius
1423 681 1600 738 adhuc
1642 681 2005 752 protrahatur,

415 788 572 846 atque
600 779 649 832 in
676 779 1024 833 desertiorem
1049 778 1222 832 adhuc
1243 778 1417 831 locum
1440 776 1805 846 deportemur,
1834 785 2010 828 tamen

418 886 515 924 nec
543 878 593 923 te
620 886 682 924 ex
715 870 896 923 animo
937 878 1123 925 nostro
1166 870 1360 940 ejicere
1390 882 1708 937 possumus,
1754 882 1855 921 nec
1892 867 2010 920 elli-

417 977 539 1015 evre
560 1002 572 1022 .
604 962 729 1030 quin
771 970 1010 1016 nostram
1043 978 1168 1033 erga
1209 971 1261 1018 te
1299 960 1722 1016 benevolentiam
1753 967 2013 1031 perpetuo

416 1052 694 1108 ﬂorentem
713 1070 1115 1109 conservemus.
1138 1055 1262 1110 llzcc
1278 1069 1400 1108 cum
1416 1054 1554 1108 scias
1571 1094 1585 1118 ,
1605 1051 1671 1107 de
1691 1060 1776 1107 tua
1807 1052 2014 1105 valetu-

416 1145 542 1200 dine
563 1161 720 1216 quam
747 1146 1047 1216 saapisshne
1072 1146 1136 1200 ad
1166 1160 1263 1200 nos
1294 1145 1486 1200 scribe.
1513 1144 1567 1198 ld
1591 1145 1732 1199 enim
1752 1143 1842 1197 tibi
1874 1142 2013 1197 factu

319 1228 336 1245 “
415 1234 625 1294 facilius
649 1249 752 1303 est,
785 1255 942 1310 quam
971 1241 1142 1294 nobis.
1173 1239 1324 1308 Quod
1366 1238 1410 1292 si
1438 1238 1561 1292 anni
1593 1248 1823 1306 tempus,
1856 1245 2015 1306 atque

419 1329 776 1384 lsauricorum
825 1331 1086 1385 malorum
1135 1330 1400 1384 acerbitas
1449 1327 1502 1382 id
1551 1327 1846 1398 prohibeat,
1893 1342 2012 1380 cum

421 1422 574 1476 nobis
617 1431 740 1476 tuus
780 1437 903 1492 erga
948 1437 1046 1476 nos
1085 1423 1294 1475 animus
1324 1420 1631 1488 exploratus
1657 1419 1762 1486 sit,
1805 1417 2016 1470 abunde

419 1513 652 1582 amplam
665 1512 899 1567 diuturni
917 1513 1110 1584 silentii
1128 1512 1546 1568 consolationem
1566 1509 1794 1565 habituri
1806 1522 2012 1564 sumus.

446 1643 646 1699 CXXX
661 1643 825 1699 γιιι.
862 1644 1071 1714 Elpidio
1100 1645 1360 1716 episcOpo.
1395 1643 1641 1716 (Cucuso
1668 1658 1810 1697 anno
1835 1641 1986 1714 405).

495 1777 609 1832 Νοη
631 1791 747 1830 sum
780 1777 1013 1841 nescius,
1039 1793 1123 1832 me
1154 1793 1276 1832 raro
1303 1777 1368 1830 ad
1392 1784 1444 1831 te
1470 1775 1748 1843 scripsisse
1782 1791 1794 1831 :
1828 1783 1879 1827 at
1907 1789 2015 1828 non

424 1871 475 1925 id
504 1870 706 1925 lubenti
734 1871 933 1937 animo,
958 1887 1141 1926 verum
1173 1869 1313 1941 quod
1340 1885 1518 1924 rerum
1548 1867 1804 1938 angustiis
1833 1865 2016 1936 prohi-

424 1962 601 2017 berer.
635 1961 765 2016 Nam
792 1971 846 2018 et
872 1962 996 2016 anni
1027 1971 1274 2031 tempus,
1307 1970 1361 2016 et
1394 1961 1528 2021 loci,
1574 1960 1627 2012 in
1670 1974 1776 2028 quo
1804 1957 2018 2028 gravius

423 2068 580 2123 quam
605 2053 656 2107 in
688 2053 798 2107 ullo
826 2067 1043 2108 carcere
1071 2052 1312 2108 conclusi
1344 2061 1590 2106 tenemur
1615 2089 1630 2115 ,
1668 2049 1898 2104 solitudo
1919 2091 1934 2114 ,
1963 2057 2018 2103 et

424 2161 636 2210 eorum,
668 2144 757 2214 qui
784 2143 887 2199 huc
918 2144 1156 2211 veniunt,
1190 2142 1544 2214 infrequentia
1567 2183 1580 2204 ,
1610 2139 1860 2212 quodque
1891 2141 2016 2195 item

427 2234 526 2290 hos
557 2251 752 2306 paucos
779 2251 883 2291 non
913 2251 1101 2291 omnes
1125 2237 1366 2291 sinceros
1386 2249 1448 2288 ac
1477 2233 1610 2288 fidos
1635 2232 2015 2298 nanciscimur,

423 2343 488 2381 ac
512 2327 739 2396 denique
765 2327 1009 2397 corporis
1034 2327 1252 2381 morbus
1271 2367 1284 2390 ,
1316 2328 1404 2396 qui
1439 2339 1536 2379 nos
1572 2323 1913 2378 vehementer
1935 2331 2018 2375 at-

427 2420 592 2482 trivit,
624 2428 678 2473 ct
705 2431 838 2488 pene
870 2419 1140 2483 confecit,
1186 2434 1250 2474 ac
1279 2434 1373 2488 per
1405 2428 1567 2472 totam
1613 2416 1845 2471 hiemem
1879 2416 2017 2471 lecto

427 2511 634 2577 affixit,
667 2510 881 2581 longum
915 2511 1016 2565 hoc
1045 2511 1315 2565 silentium
1361 2509 1492 2564 mihi
1533 2509 1711 2563 attulit
1743 2526 1756 2560 :
1796 2517 1849 2561 at
1890 2507 2018 2560 illttd

424 2604 703 2659 dumtaxat
729 2604 1037 2669 silentium,
1069 2603 1210 2673 quod
1258 2604 1308 2656 in
1352 2602 1531 2672 lingua
1557 2642 1572 2667 ,
1605 2615 1707 2654 non
1756 2601 1807 2654 iu
1840 2600 2020 2653 animo

425 2694 689 2749 consistit.
737 2693 847 2748 Nec
876 2709 1003 2749 vero
1033 2692 1307 2749 existimes
1344 2700 1396 2747 te
1423 2700 1499 2746 tot
1527 2692 1698 2745 solum
1729 2690 2016 2760 epistolas,

425 2797 558 2856 quot
583 2788 846 2849 misimus,
878 2787 1172 2856 accepisse,
1201 2801 1386 2840 verum
1419 2785 1590 2839 multo
1617 2783 1819 2854 plures.
1848 2781 1904 2836 ld
1927 2796 2023 2836 au-

427 2889 534 2932 tem
580 2893 700 2932 esse
749 2877 1108 2944 existimabis,
1157 2877 1201 2930 si
1245 2892 1352 2931 non
1398 2891 1489 2930 eas
1529 2875 1839 2939 dumtaxat,
1885 2888 2019 2943 quas

426 2969 628 3024 charta:
687 2978 849 3039 atque
897 2969 1182 3024 atramenti
1230 2984 1333 3040 ope
1385 2969 1738 3038 scripsimus,
1789 2965 1885 3022 sed
1929 2981 2022 3021 eas

427 3063 608 3129 etiam,
638 3078 758 3131 qua:
783 3061 850 3115 ab
876 3063 1055 3116 animo
1081 3069 1134 3115 et
1156 3061 1436 3115 voluntate
1463 3059 1890 3128 proﬁciscuntur,
1925 3073 2024 3112 nu-

427 3166 626 3206 meres.
649 3151 921 3222 Siquidem
949 3152 1129 3206 animo
1151 3166 1440 3221 numquam
1483 3149 1548 3203 ad
1576 3159 1631 3205 te
1668 3150 1904 3204 scribere
1931 3151 2024 3204 de-

430 3244 666 3296 stitimus
689 3283 704 3306 ,
737 3256 1064 3311 semperque
1105 3249 1282 3296 tecum
1313 3255 1595 3295 versamur
1629 3257 1641 3293 :
1674 3254 1737 3294 ac
1780 3254 1879 3294 nec
1923 3239 2024 3293 vite

437 3333 736 3404 longitudo,
761 3348 863 3388 nec
889 3333 1146 3404 temporis
1169 3332 1512 3399 diuturnitas,
1543 3347 1642 3387 nec
1671 3346 1848 3386 rerum
1879 3329 2022 3386 diffi-

428 3424 676 3489 cultates,
705 3435 903 3479 nostrze
924 3440 1048 3496 erga
1077 3433 1128 3479 te
1151 3423 1538 3480 benevolentia:
1565 3423 1910 3479 obscuritatis
1929 3424 2026 3479 ali-

431 3517 560 3588 quid
586 3519 899 3572 attulerunt.
930 3518 1127 3573 Verum
1159 3517 1436 3573 ﬂorentem
1469 3533 1588 3574 eam
1618 3528 1872 3590 perpetuo
1897 3517 2024 3573 reti-

431 3626 642 3675 nemus,
678 3621 832 3681 teque
857 3610 946 3681 qui
985 3610 1150 3665 nostri
1179 3625 1363 3665 amore
1388 3609 1580 3674 ardes,
1607 3609 1818 3665 etiamsi
1845 3609 1897 3664 in
1928 3609 2026 3666 de-

429 3704 711 3758 sertiorem
754 3703 931 3758 adhuc
973 3705 1150 3759 locum
1189 3701 1481 3771 abeamus,
1527 3703 1580 3757 in
1619 3702 1800 3757 animo
1841 3712 2025 3757 nostro

431 3793 754 3864 insculptum
796 3794 994 3863 passim
1037 3792 1501 3849 circumferemus.
1543 3793 1618 3847 Ea
1657 3793 1798 3846 enim
1829 3791 2025 3846 sinceri

429 3886 628 3940 amoris
655 3895 838 3940 natura
867 3896 989 3953 est,
1023 3895 1082 3941 ut
1125 3900 1227 3941 nec
1265 3893 1507 3955 tempore
1532 3925 1547 3950 ,
1594 3899 1693 3938 nec
1721 3883 1840 3939 loco
1862 3925 1876 3948 ,
1924 3896 2027 3937 nec

430 3980 530 4032 via:
581 3979 1003 4049 longinquitate,
1053 3992 1154 4033 nec
1199 3977 1360 4033 rebus
1402 3976 1642 4032 adversis
1687 3975 2021 4030 obliteretur.

433 4070 596 4140 quue
619 4071 732 4142 ipse
757 4086 969 4142 quoque
999 4071 1162 4138 nosti,
1185 4069 1612 4142 quandoquidem
1635 4068 1795 4123 etiam
1817 4067 2026 4124 sincere

433 4178 618 4218 amare
648 4163 812 4217 nosti.

430 4253 737 4310 CXXXIX.
766 4254 1030 4309 Theodoro
1061 4254 1232 4324 Syria:
1265 4253 1544 4308 consulari.
1579 4251 1702 4325 (Ab
1731 4267 1872 4307 anno
1919 4251 2027 4308 404

1107 4345 1174 4400 ad
1204 4345 1367 4415 407.)

508 4437 588 4493 Tu
619 4437 836 4509 quidem
867 4435 1008 4492 istud
1039 4437 1276 4491 maximo
1302 4443 1617 4506 argumento
1646 4434 1737 4489 tibi
1765 4431 1880 4489 fore
1908 4433 1988 4488 ais
2007 4474 2025 4501 ,

434 4546 524 4585 res
554 4538 671 4585 tuas
699 4529 854 4585 nobis
881 4544 1025 4584 curae
1051 4543 1172 4584 esse
1192 4570 1208 4595 ,
1241 4527 1286 4582 si
1320 4535 1438 4598 post
1466 4527 1796 4596 superiorem
1825 4525 2027 4595 episto-

435 4623 538 4677 lam
574 4623 796 4678 alteram
827 4637 1012 4676 rursus
1057 4636 1086 4675 a
1117 4620 1272 4675 nobis
1301 4620 1574 4689 acceperis
1605 4619 1645 4673 ¹.
1691 4618 1800 4673 Nos
1843 4624 2025 4673 autem

434 4714 480 4768 si
512 4714 778 4780 homines,
810 4713 900 4784 qui
925 4713 992 4768 ad
1023 4711 1267 4768 eamdem
1297 4726 1410 4766 rem
1443 4710 1598 4765 nobis
1627 4723 1846 4781 operam
1874 4724 2031 4764 nava-

435 4816 577 4869 rent,
605 4817 804 4876 praesm
831 4807 1174 4868 haberemus,
1205 4803 1270 4858 ad
1304 4813 1388 4867 te,
1420 4801 1522 4856 hoc
1553 4809 1638 4857 est
1660 4800 1726 4856 ad
1753 4799 2029 4855 hominem

438 4905 582 4950 tanta
612 4897 876 4965 probitate
922 4910 987 4950 ac
1016 4909 1227 4950 morum
1271 4892 1524 4948 facilitate
1565 4891 1844 4962 prteditum
1870 4931 1885 4956 ,
1927 4907 2028 4945 no-

437 4988 644 5058 strique
665 5003 852 5043 amore
887 4988 1202 5058 ﬂagrantem
1236 5029 1250 5053 ,
1283 4995 1535 5056 tantaque
1576 5000 1697 5040 cum
1741 4985 2030 5054 cupiditate

437 5079 692 5149 epistolas
717 5089 926 5134 nostras
952 5080 1301 5149 accipientem
1321 5120 1337 5145 ,
1381 5076 1684 5132 sexcenties
1721 5075 2032 5146 scripsisse-

439 5189 580 5230 mus.
611 5172 873 5242 Quoniam
903 5181 1081 5226 autem
1111 5171 1162 5227 id
1190 5171 1410 5227 minime
1450 5169 1606 5234 licet,
1641 5168 1736 5223 abs
1763 5179 1815 5224 te
1843 5176 2030 5238 postu-

440 5267 655 5326 lamus,
701 5280 770 5320 ne
805 5264 1084 5320 caritatem
1125 5274 1364 5319 nostram
1416 5263 1761 5333 epistolarum
1806 5276 2033 5316 numero

442 5359 732 5414 metiaris:
775 5371 961 5411 verum
1008 5354 1122 5410 sive
1166 5365 1438 5412 taceamus
1465 5398 1479 5420 ,
1531 5355 1645 5409 sive
1690 5354 2028 5418 scribamus,

444 5448 587 5518 quod
613 5448 680 5504 de
709 5463 769 5503 ea
799 5447 946 5518 prius
974 5444 1210 5500 habebas
1234 5487 1250 5513 ,
1281 5446 1422 5501 idem
1450 5453 1759 5501 constanter
1773 5443 2032 5514 judicium

448 5542 681 5599 retineas
711 5559 724 5594 :
760 5539 890 5596 illud
921 5549 1096 5595 tecum
1127 5547 1381 5609 reputans
1403 5581 1418 5605 ,
1451 5536 1708 5609 longioris
1751 5537 1919 5592 nostri
1965 5537 2036 5591 si-

510 5690 526 5721 ¹
557 5689 702 5742 Savil.
726 5690 866 5740 sicin
891 5697 1033 5740 textu
1057 5689 1308 5746 habet,....
1346 5701 1424 5737 res
1457 5691 1563 5737 tuas
1603 5685 1739 5738 nobis
1777 5701 1882 5738 non:
1903 5698 2039 5737 cura

444 5763 564 5818 esse,
592 5750 730 5800 «περ...
756 5751 1016 5818 acceperis.
1044 5757 1092 5800 In
1112 5752 1331 5818 margine
1363 5758 1527 5799 autem
1551 5750 1758 5810 conjicit,
1785 5763 1878 5818 non
1899 5761 2039 5799 acce-

449 5812 590 5922 ιὲςῖἱσς,
620 5826 723 5874 pro.
749 5812 1028 5876 acceperis;
1054 5821 1104 5863 et
1127 5814 1195 5863 sic
1216 5812 1275 5862 ad
1309 5825 1506 5863 sensum
1532 5818 1700 5862 textus
1725 5814 1872 5862 nostri
1898 5824 2032 5863 acces

483 5886 496 5921 ι
524 5908 535 5920 .

1204 387 1262 444 S.
1295 387 1576 444 JUANNIS
1613 384 2089 443 CHRYSOSTOMI
2129 385 2447 444 ARCHIEP.
2487 377 3030 446 (IONSTANTINOPI

3609 395 3701 453 696

2117 499 2267 554 lcntii
2306 515 2522 556 causam
2547 541 2564 568 ,
2607 516 2714 557 non
2752 502 3055 573 pigritiam,
3085 502 3179 559 sed
3220 503 3333 560 loci
3378 505 3708 564 solitudinem

2115 605 2252 646 esse.

2244 683 2405 739 CXL.
2443 684 2700 740 Theodoto
2729 685 2962 741 diacono.
3000 687 3237 752 (Cucuso
3260 703 3413 743 anno
3442 689 3595 760 405.)

2187 775 2304 831 Νοη
2337 792 2555 846 parvum
2586 778 2639 832 in
2669 787 2813 832 tanta
2834 779 3121 834 solitudine
3145 779 3413 834 solatium
3443 781 3597 836 nobis
3623 782 3711 838 huc

2118 879 2253 935 erat,
2285 869 2424 939 quod
2453 871 2518 925 ad
2542 881 2684 925 tuam
2714 873 3031 926 suavitatem
3061 887 3204 942 saepe
3237 874 3491 929 scribere
3517 888 3713 944 potera-

2119 975 2236 1014 mus
2270 978 2286 1014 :
2322 977 2505 1015 verum
2539 961 2769 1017 lsaurica
2796 963 2934 1017 mala
2967 961 3070 1017 hoc
3099 978 3325 1034 quoque
3355 964 3515 1020 nobis
3541 965 3710 1020 abstu-

2119 1049 2318 1105 lerunt.
2364 1053 2564 1108 Exorto
2589 1055 2733 1109 enim
2759 1069 2924 1121 vere,
2965 1054 3175 1109 illorum
3222 1071 3453 1126 quoque
3499 1056 3715 1126 impetus

2119 1142 2313 1198 ﬂorere
2352 1146 2560 1214 coepit,
2606 1159 2670 1200 ac
2701 1160 2796 1214 per
2823 1160 3013 1200 omnes
3056 1147 3168 1200 vias
3212 1146 3382 1201 eﬂusi
3429 1157 3592 1212 sunt,
3631 1165 3712 1204 eas

2119 1236 2368 1290 omnibus
2393 1252 2612 1305 prorsus
2641 1237 2811 1292 invias
2841 1237 3148 1292 reddentes.
3176 1237 3327 1294 Sane
3355 1238 3468 1307 jam
3497 1247 3553 1294 et
3579 1238 3713 1308 inge.

2120 1343 2240 1382 nure
2280 1337 2540 1384 matrona:
2567 1338 2736 1399 captae
2761 1337 2919 1394 sunt,
2948 1339 3004 1384 et
3029 1330 3128 1384 viri
3174 1330 3512 1385 obtruncati.
3551 1330 3712 1399 Quare

2119 1418 2278 1472 velim
2306 1420 2438 1474 mihi
2465 1435 2745 1490 agnoscas,
2778 1421 2920 1491 quod
2950 1435 3056 1475 non
3087 1420 3415 1491 frequenter
3434 1421 3501 1475 ad
3527 1430 3580 1477 te
3601 1424 3710 1477 scri-

2124 1511 2342 1580 pserim.
2378 1511 2640 1578 Quoniam
2671 1523 2850 1566 autem
2888 1527 2995 1566 non
3023 1511 3207 1566 dubito
3236 1512 3374 1582 quin
3407 1511 3477 1566 de
3518 1513 3707 1567 valetu-

2121 1600 2246 1656 dine
2272 1598 2454 1658 nostra
2479 1605 2680 1659 certior
2714 1603 2832 1658 fieri
2865 1605 3050 1674 cupias
3075 1646 3091 1672 ,
3130 1604 3273 1659 scito
3318 1617 3424 1658 nos
3460 1604 3706 1674 superiori

2123 1695 2301 1751 hieme
2337 1697 2638 1766 graviorem
2666 1696 2719 1752 in
2747 1696 2964 1752 modum
2995 1705 3316 1768 aegrotasse,
3360 1709 3508 1749 nunc
3547 1703 3707 1750 autem

2124 1788 2340 1856 paulum
2367 1798 2646 1844 recreatos
2670 1803 2812 1844 esse.
2843 1789 3148 1857 Quinetiam
3175 1786 3328 1843 aeris
3369 1787 3705 1842 inconstantia

2122 1893 2309 1933 rursus
2354 1879 2649 1948 perturbati
2684 1879 2847 1952 (nam
2891 1895 3033 1935 nunc
3061 1894 3280 1951 quoque
3326 1879 3502 1933 hiems
3528 1877 3611 1932 hic
3635 1877 3705 1930 vi-

2120 1971 2278 2041 get),
2306 1978 2484 2025 tamen
2512 1987 2792 2040 speramus
2821 1971 2940 2027 fore
2961 2015 2976 2037 ,
3005 1981 3062 2026 ut
3090 1987 3212 2026 cum
3245 1979 3411 2026 aestas
3450 1970 3602 2040 plane
3628 1969 3700 2022 ef-

2123 2064 2348 2133 fulserit,
2370 2065 2542 2120 morbi
2571 2066 2826 2136 reliquias
2848 2066 3200 2135 deponamus.
3229 2063 3422 2135 Neque
3442 2064 3583 2118 enim
3598 2077 3706 2116 cor-

2123 2174 2222 2229 pus
2252 2168 2492 2214 nostrum
2521 2159 2626 2214 ulla
2657 2175 2717 2214 re
2745 2167 2897 2228 atque
2939 2157 3297 2213 labefactatur
3319 2197 3334 2221 ,
3388 2165 3448 2210 ut
3485 2153 3700 2223 frigore;

2123 2266 2224 2307 nec
2253 2266 2440 2308 rursus
2467 2251 2568 2306 ulla
2595 2267 2656 2308 re
2675 2266 2826 2322 reque
2847 2251 3088 2322 juvatur,
3118 2259 3177 2304 ut
3202 2257 3422 2314 aestate,
3453 2254 3509 2302 et
3532 2245 3704 2301 caloris

2122 2345 2334 2400 solatio.

2159 2478 2353 2536 CXLI.
2376 2478 2638 2535 Theodoto
2659 2496 2722 2535 ex
2745 2479 3114 2535 consularibus.
3147 2480 3338 2552 (Anno
3368 2480 3504 2538 forte
3528 2477 3664 2550 406.)

2197 2616 2360 2672 Multa
2387 2615 2484 2672 tibi
2514 2615 2654 2672 bona
2679 2617 2948 2684 eveniant,
2972 2617 3062 2688 qui
3088 2626 3198 2673 tam
3230 2618 3529 2674 honorifice
3555 2617 3699 2672 ﬁlium

2123 2709 2420 2779 exceperis.
2450 2709 2507 2765 ld
2533 2710 2675 2764 enim
2705 2710 2818 2780 ipse
2841 2709 2998 2764 nobis
3031 2711 3320 2780 exposuit,
3352 2725 3452 2765 nec
3481 2709 3694 2764 occulta-

2129 2803 2225 2868 vit,
2259 2812 2369 2856 tum
2397 2817 2551 2858 suum
2580 2815 2704 2872 erga
2734 2810 2938 2870 patrem
2966 2801 3220 2857 aﬂ'ectum
3251 2800 3576 2866 ostendens,
3602 2809 3698 2853 tum

2129 2911 2229 2951 nos
2258 2895 2458 2965 ingenti
2490 2893 2669 2950 latitia
2695 2894 2992 2950 cumulans.
3023 2892 3305 2964 Siquidem
3335 2895 3434 2950 hac
3459 2896 3510 2949 in
3536 2907 3588 2947 re
3611 2891 3696 2944 du-

2123 2988 2248 3058 plici
2281 3003 2378 3043 nos
2405 2988 2608 3044 honore
2631 2987 2773 3042 afﬁci
2807 3002 3088 3044 censemus
3108 3029 3123 3052 ,
3152 2995 3270 3043 tum
3295 2989 3442 3058 quia,
3473 2983 3698 3056 quidquid

2126 3080 2215 3136 ille
2241 3079 2486 3136 beneficii
2515 3081 2825 3150 acceperit,
2874 3080 3015 3136 idem
3063 3081 3228 3136 nobis
3270 3083 3564 3151 impensum
3593 3077 3698 3132 feri-

2125 3186 2268 3236 mus,
2289 3180 2404 3226 tum
2425 3172 2585 3226 etiam
2609 3172 2735 3242 quia
2759 3187 2789 3224 a
2818 3171 2987 3226 literis
3011 3172 3211 3226 nostris
3237 3168 3541 3242 hujusmodi
3561 3169 3698 3222 bene-

2126 3265 2378 3321 volentiae
2421 3264 2813 3320 incrementum
2853 3264 3127 3336 accepisse
3154 3265 3406 3336 contigit.
3451 3263 3525 3317 Tu
3551 3273 3692 3320 vero.

2127 3356 2346 3413 domine
2387 3357 2460 3412 mi
2509 3357 2832 3428 cumprimis
2900 3355 3204 3412 venerande
3246 3371 3314 3413 ac
3357 3352 3694 3412 nobilissime.

2129 3449 2408 3520 pulchram
2430 3449 2570 3505 hanc
2594 3449 2816 3520 stirpem
2843 3448 3023 3504 colere
3050 3463 3238 3518 perge.
3269 3448 3520 3516 Quaenam
3541 3451 3693 3497 autem

2128 3541 2296 3612 ipsius
2335 3539 2575 3597 colendae
2607 3541 2749 3596 ratio
2790 3539 2934 3596 erit?
2975 3538 3239 3595 Nimirum
3271 3539 3318 3595 si
3357 3534 3695 3608 pulcherrima:

2129 3633 2350 3705 hujusce
2378 3633 2765 3705 philosophiae,
2797 3648 2958 3705 quam
2999 3647 3142 3689 nunc
3175 3639 3516 3690 consectatur
3536 3669 3550 3695 ,
3595 3634 3693 3680 stu-

2128 3728 2276 3784 dium
2301 3740 2465 3801 atque
2490 3744 2728 3784 amorem
2755 3736 3011 3800 perpetuo
3041 3728 3093 3784 in
3125 3729 3245 3798 ipso
3267 3729 3380 3784 alas
3398 3736 3453 3782 et
3472 3731 3691 3794 vegetes:

2128 3818 2207 3876 sic
2234 3819 2375 3875 enim
2415 3820 2618 3876 celeres
2646 3819 2849 3875 fructus
2885 3819 3039 3874 nobis
3068 3819 3226 3875 feret.
3257 3817 3522 3889 Siquidem
3550 3826 3689 3883 gene-

2129 3913 2240 3968 rosi
2265 3913 2454 3981 animi,
2484 3914 2733 3984 stirpium
2767 3916 2977 3980 harum,
3008 3929 3127 3984 quae
3158 3923 3318 3970 terra:
3344 3911 3540 3984 gremio
3564 3920 3692 3960 mau-

2129 4003 2344 4072 dantur,
2374 4005 2678 4061 tarditatem
2723 4022 2832 4060 non
2874 4005 3071 4060 imitari
3099 4005 3278 4062 solent
3307 4025 3322 4060 :
3354 4017 3528 4058 verum
3557 3993 3691 4052 simul

2129 4106 2289 4168 atque
2315 4098 2368 4154 in
2394 4097 2798 4169 praeclarissima
2833 4098 2994 4168 hujus
3021 4099 3236 4154 virtutis
3264 4097 3544 4167 cupiditate
3585 4103 3694 4142 con-

2131 4183 2403 4259 seruntur,
2426 4189 2493 4246 ad
2516 4189 2689 4260 ipsum
2719 4205 2929 4261 quoque
2955 4191 3144 4245 caelum
3166 4189 3485 4249 evehuntur,
3514 4187 3690 4235 tantus-

2131 4302 2236 4358 que
2281 4283 2481 4340 fructus
2545 4283 2731 4350 edunt,
2779 4291 2840 4338 ut
2882 4291 2936 4338 et
2982 4283 3135 4354 copia
3184 4295 3242 4338 et
3285 4289 3468 4337 natura
3511 4269 3693 4330 divitias

2131 4392 2320 4434 omnes
2349 4385 2622 4447 superent.
2653 4375 2838 4447 Neque
2861 4375 3005 4430 enim
3041 4389 3142 4429 una
3189 4390 3312 4430 cum
3344 4364 3578 4444 praasenti
3606 4361 3691 4412 vita

2132 4470 2542 4540 exstinguuntur
2567 4508 2585 4538 ,
2626 4482 2814 4524 verum
2843 4467 2910 4521 ad
2957 4463 3195 4521 futurum
3238 4477 3406 4520 ravum
3447 4455 3692 4513 nobiscum

2133 4562 2424 4618 excedunt.
3247 4599 3256 4608 _

2169 4649 2397 4707 CXLII.
2444 4649 2655 4721 Elpidt'o
2681 4651 2939 4720 episcopo.
2981 4647 3189 4722 (Anno,
3204 4656 3260 4702 ut
3288 4628 3661 4717 putaturJOG-l

2205 4743 2407 4814 Lingua
2443 4742 2658 4814 quidem
2688 4757 2810 4797 raro
2830 4783 2845 4810 ,
2876 4741 3057 4795 animo
3081 4747 3259 4794 autem
3291 4736 3356 4791 ad
3399 4741 3448 4787 te
3486 4733 3694 4799 persml’e

2134 4837 2466 4906 scripsimus,
2493 4833 2834 4904 quotidieque
2862 4841 3035 4887 tecum
3059 4844 3356 4886 versamur.
3388 4825 3550 4891 Atque
3575 4815 3692 4913 hunc

2134 4943 2480 5000 congressum
2510 4927 2664 4982 nobis
2695 4941 2795 4981 nec
2829 4923 3087 4994 temporis
3115 4919 3462 4979 diuturnitas,
3505 4920 3594 4964 nec
3619 4911 3691 4955 itt-

2137 5022 2283 5076 ncris
2315 5017 2671 5090 longinquitas
2693 5059 2705 5081 ,
2739 5031 2839 5072 nec
2866 5031 3044 5072 rerum
3075 5013 3368 5070 adversitas
3393 5005 3583 5072 eripere
3608 5005 3690 5090 P0:

2138 5123 2260 5170 test.
2291 5081 2434 5168 Nam
2465 5081 2529 5167 ea
2557 5112 2796 5166 caritatis
2825 5118 3014 5165 natura
3043 5117 3157 5173 est,
3189 5117 3247 5162 ut
3273 5101 3398 5159 nulli
3429 5081 3690 5164 hujusnmdi

2138 5209 2214 5264 rei
2264 5207 2442 5274 cedat,
2490 5220 2676 5261 verum
2725 5212 2868 5269 stet,
2917 5202 3206 5271 omniaque
3253 5199 3475 5264 superet.
3501 5182 3689 5280 Quen"

2140 5305 2324 5359 obrem
2343 5343 2358 5367 ,
2389 5298 2842 5356 reverendissime
2869 5310 2935 5352 ac
2963 5293 3364 5366 religiosissime
3394 5282 3460 5338 mi
3483 5277 3688 5332 domine.

2141 5396 2252 5454 noli
2278 5394 2624 5466 epistolarum
2654 5387 2880 5447 numero
2910 5403 3088 5444 meum
3114 5402 3238 5456 erga
3266 5393 3316 5438 te
3343 5379 3560 5433 amorem

2141 5451 2333 5545 derare
2361 5503 2374 5540 :
2406 5500 2616 5550 verum,
2643 5498 2764 5539 cum
2796 5481 2890 5538 tibi
2915 5481 3127 5536 animus
3152 5489 3302 5534 meus
3325 5485 3385 5526 ac
3411 5451 3685 5550 benevoli-n-

2237 5620 2251 5645 ,
2279 5593 2436 5650 quam
2461 5543 2649 5648 pietati
2675 5584 2782 5631 tute
2809 5587 3023 5642 semper
3052 5568 3306 5641 praestiti,
3335 5558 3422 5615 tibi
3448 5543 3680 5650 οοπξβεξξίι

2145 5643 2247 5738 sit,
2267 5643 2397 5725 nihil
2443 5643 2512 5725 ob
2537 5667 2844 5724 diuturnum
2891 5666 3160 5721 silentium
3197 5653 3386 5718 sinistri
3417 5643 3683 5738 ευδΡίῨθηές

2147 5732 2590 5833 Quandoquidem
2623 5777 2692 5818 ne
2733 5775 2832 5816 nos
2877 5759 3127 5830 quidem,
3174 5756 3273 5812 etsi
3317 5751 3481 5804 literas
3525 5732 3608 5788 alis

2154 5830 2278 5914 raro
2306 5830 2690 5923 acceperimus,
2738 5860 3020 5924 propterea
3052 5851 3347 5922 segniorem
3393 5849 3438 5894 te
3467 5841 3574 5898 erga
3602 5830 3678 5872 110':
