3950 6456
341 384 451 438 695

339 499 511 573 φιλῶν
542 499 603 553 οὐ
638 498 902 568 παύομαι.
922 495 1079 550 Ἀλλά
1106 494 1207 549 κᾶν
1243 493 1431 566 χρόνος
1460 492 1681 563 γένηται
1717 489 1921 562 μακρό-

338 610 501 664 τερος
533 595 560 646 6
597 591 797 663 μεταξὺ
827 588 920 643 τοῦ
949 585 1232 660 χωρισμοῦ
1263 585 1358 638 106
1386 584 1675 655 ἡμετέρου,
1709 580 1810 634 κᾶν
1844 580 1924 642 εἰς

342 686 686 756 ἐρημότερον
733 682 1121 751 ἀπενεχθῶμεν
1151 678 1367 749 χωρίον,
1394 676 1516 729 οὐτε
1565 673 1814 728 ἐκϐαλεῖν
1865 688 1926 724 σε

346 777 442 846 τῆς
469 775 648 846 ψυχῆς
684 772 979 844 δυνάμεθα,
1009 770 1132 825 οὐτε
1167 770 1241 840 μὴ
1285 767 1547 840 διηνεκῶς
1573 765 1926 836 ἀκμάζουσαν

345 866 618 937 διατηρεῖν
663 863 760 934 τὴν
809 862 936 933 περὶ
991 862 1051 914 σέ
1099 861 1357 914 διάθεσιν.
1402 853 1682 911 Ταῦτόὖν
1731 855 1923 921 εἰδὼς,

345 960 528 1031 γράφε
577 955 818 1026 συνεχῶς
869 956 998 1025 ἡμῖν
1043 953 1111 1007 τά
1154 954 1280 1025 περὶ
1327 954 1425 1023 τῆς
1461 952 1647 1020 ὑγείας
1674 952 1771 1022 τῆς
1805 950 1924 1020 σῆς.

345 1051 557 1106 Πλείων
582 1051 690 1119 γάρ
723 1050 851 1117 ὑμῖν
879 1049 911 1118 ἡ
937 1047 1155 1100 εὐκολία
1191 1046 1406 1112 τούτου,
1437 1047 1470 1117 ἢ
1503 1049 1654 1116 ἡμῖν.
1691 1047 1754 1099 Εἰ
1795 1044 1849 1097 δὲ
1894 1044 1927 1112 ἡ

347 1139 444 1193 τοῦ
478 1140 631 1203 ἔτους
658 1139 774 1208 ῶρα
806 1136 1112 1198 διακωλύει,
1141 1136 1362 1190 καὶτῶν
1401 1135 1719 1206 ἰσαυρικῶν
1745 1134 1930 1187 κακῶν

349 1235 386 1305 ἡ
420 1231 736 1300 σφοδρότης,
774 1228 976 1290 εἰδότες
1004 1245 1097 1280 σου
1135 1226 1232 1296 τὴν
1257 1225 1480 1296 γνώμην
1508 1226 1575 1298 ἢν
1618 1227 1745 1297 περὶ
1784 1228 1930 1297 ἡμᾶς

349 1323 515 1393 ἔχεις,
547 1320 823 1391 ἀρκοῦσαν
856 1320 956 1390 τῆς
995 1319 1213 1390 μακρᾶς
1248 1317 1406 1387 σιγῆς
1438 1316 1633 1388 ἕξομεν
1673 1335 1931 1390 παραμυ-

350 1416 496 1471 θίαν.

703 1507 890 1560 PAH'.
942 1505 1216 1572 Ἐλπιδίῳ
1249 1509 1577 1572 ἐπισκόπῳ.

427 1608 561 1668 Οἶδα
585 1613 667 1667 ὅτι
689 1613 936 1682 ὀλιγάκις
954 1615 1264 1672 ἐπέσταλκα
1290 1621 1355 1689 τῇ
1384 1635 1436 1671 τι
1445 1618 1660 1689 μιότητί
1685 1635 1798 1681 σου,
1817 1619 1932 1672 ἀλλ’

355 1707 454 1777 οὐχ
484 1703 648 1771 ἑκὼν,
698 1704 814 1760 ἀλλ’
852 1706 956 1758 ὑπὸ
1002 1708 1101 1778 τῆς
1149 1708 1260 1761 τῶν
1309 1711 1648 1781 πραγμάτων
1689 1710 1935 1781 ἀνάγκης

351 1801 734 1870 κατεχόμενος.
766 1801 876 1854 Καὶ
918 1802 1027 1872 γάρ
1070 1805 1103 1872 ή
1154 1802 1248 1856 τοῦ
1284 1803 1436 1867 ἐτους
1465 1803 1604 1875 ὥρα,
1635 1803 1729 1857 καὶ
1778 1806 1810 1875 ἡ
1841 1803 1934 1857 τοῦ

352 1891 556 1962 χωρίου
596 1890 800 1962 ἐρημία
828 1893 885 1945 ἐν
912 1885 956 1960 ᾧ
989 1893 1362 1966 καθείργμεθα
1387 1895 1763 1966 δεσμωτηρίου
1784 1894 1939 1965 χαλε-

352 1984 623 2055 πώτερον,
655 1985 749 2038 καὶ
780 1987 812 2056 ἡ
845 1985 954 2038 τῶν
981 1986 1215 2054 ἐνταῦθα
1246 1987 1693 2058 παραγινομένων
1719 1987 1934 2052 σπάνις,

353 2077 451 2132 καὶ
478 2077 537 2129 16
572 2077 706 2147 μηδὲ
735 2077 914 2131 αὐτῶν
941 2077 1046 2132 τῶν
1072 2078 1266 2145 ὀλίγων
1303 2079 1519 2132 πάντων
1548 2079 1784 2149 γνησίων
1817 2079 1936 2130 ἐπι-

354 2170 666 2239 τυγχάνειν,
699 2169 779 2222 ἔτι
802 2169 859 2222 δὲ
888 2171 983 2222 καὶ
1017 2171 1049 2240 ἡ
1079 2169 1172 2222 τοῦ
1202 2170 1452 2240 σώματος
1495 2170 1774 2242 ἀρρωστία
1805 2171 1936 2240 σφό-

352 2262 457 2332 δρα
490 2263 637 2332 ἡμᾶς
677 2261 1158 2332 κατεργασαμένη,
1195 2261 1289 2314 καὶ⁸
1331 2263 1508 2314 πάντα
1553 2261 1643 2315 τὸν
1689 2261 1938 2333 χειμῶνα

353 2357 420 2426 τῇ
474 2355 629 2426 κλίνῃ
673 2355 1095 2428 προσηλώσασα,
1124 2355 1224 2426 τὴν
1271 2355 1486 2428 μακρὰν
1533 2354 1739 2423 ταύτην
1780 2353 1938 2426 σιγὴν

355 2447 635 2517 ἐποίησεν,
667 2449 782 2501 ἀλλ’
809 2449 868 2501 οὐ
914 2448 1013 2519 τὴν
1070 2448 1183 2501 ἀπὸ
1227 2447 1473 2518 γνώμης,
1504 2447 1637 2500 ἀλλά
1686 2448 1784 2520 τὴν
1831 2448 1938 2501 ἀπὸ

354 2536 628 2608 γλώσσης.
658 2539 808 2608 Μηδὲ
838 2538 1024 2608 νόμιζε
1056 2539 1322 2602 τοσαύτας
1354 2539 1601 2608 δέχεσθαι
1626 2538 1935 2602 ἐπιστολὰς,

354 2630 488 2692 ὅσας
535 2629 976 2700 διεπεμψάμεθα,
1011 2630 1145 2684 ἀλλὰ
1175 2630 1355 2700 πολλῴ
1385 2629 1621 2689 πλείους.
1640 2631 1853 2703 Ἡγήσῃ
1881 2630 1940 2683 δὲ

352 2718 536 2782 τοῦτο,
562 2720 627 2773 ἂν
657 2719 730 2790 μὴ
759 2721 855 2784 τάς
881 2721 967 2774 διὰ
999 2722 1202 2792 χάρτου
1237 2723 1330 2774 καὶ
1353 2721 1582 2792 μέλανος
1605 2722 1785 2792 μόνον,
1805 2723 1940 2776 ἀλλά

356 2813 454 2866 καὶ
485 2813 582 2875 τὰς
617 2812 725 2864 ἀπὸ
745 2812 1043 2877 διαθέσεως
1077 2813 1336 2884 όιριθμῇς¹
1376 2815 1484 2867 Καὶ
1504 2813 1613 2886 γὰρ
1639 2817 1704 2886 τῇ
1731 2815 1940 2886 διανοίᾳ

357 2905 601 2974 συνεχῶς
649 2905 1084 2976 ἐπεστάλκαμεν,
1137 2906 1231 2959 καὶ
1279 2906 1364 2959 ἀεί
1415 2923 1498 2958 σοι
1550 2906 1939 2977 συγγινόμεθα,

356 2995 452 3048 καὶ
490 2996 640 3048 οὐδὲν
669 2996 788 3050 οὐδὲ
826 2997 926 3067 τῆς
955 2996 1075 3050 6606
1109 2997 1171 3050 16
1200 2998 1392 3068 μῆκος,
1431 2998 1492 3051 οὐ
1529 2997 1620 3052 τοῦ
1655 3000 1846 3070 χρόνου
1883 3001 1943 3054 16

357 3085 586 3157 πλῆθος,
619 3085 742 3140 οὐτε
793 3089 850 3141 αἱ
905 3089 1016 3141 τῶν
1060 3090 1402 3160 πραγμάτων
1449 3091 1799 3162 περιστάσεις
1844 3091 1943 3163 τὴν

357 3180 493 3252 περὶ
529 3180 630 3250 τὴν
675 3178 772 3250 σὴν
815 3180 1104 3251 τιμιότητα
1131 3180 1372 3235 διάθεσιν
1398 3182 1529 3252 ἡμῖν
1561 3182 1945 3254 ἀμαυροτέραν

359 3273 646 3342 ἐποίησαν.
679 3273 840 3326 Ἀλλά
890 3273 1123 3344 μένομεν
1172 3272 1525 3344 ἀκμάζουσαν
1564 3273 1732 3346 αὐτὴν
1763 3273 1947 3346 διατη-

361 3363 606 3434 ροῦντες,
638 3364 734 3416 καὶ
763 3362 854 3416 τὸν
890 3363 1120 3434 σφοδρὸν
1148 3363 1306 3436 ἡμῶν
1332 3365 1426 3418 καὶ
1455 3362 1655 3434 θερμὸν
1687 3365 1944 3436 ἐραστὴν,

361 3455 468 3509 κᾶν
501 3455 582 3518 εἰς
609 3453 939 3526 ἐρημότερον
974 3455 1164 3507 τούτου
1203 3453 1402 3526 χωρίον
1434 3454 1778 3526 ἀπέλθωμεν,
1813 3472 1948 3509 παν-

360 3545 530 3618 ταχοῦ
578 3546 968 3618 περιφέροντες
1014 3547 1254 3618 ἄπιμεν,
1307 3545 1500 3620 [682]
1545 3548 1947 3617 ἐγκολάψαντες

362 3641 396 3711 ἡ
406 3639 526 3710 μῶν
551 3642 617 3710 τῇ
651 3638 875 3710 διανοίᾳ.
898 3637 1148 3693 Τοιοῦτον
1169 3639 1277 3711 γὰρ
1302 3639 1363 3692 16
1390 3640 1628 3711 γνησίως
1657 3641 1831 3710 φιλεῖν
1851 3657 1862 3669 ·
1887 3643 1946 3694 ού

363 3732 563 3803 χρόνῳ,
605 3732 666 3784 οὐ
719 3731 889 3802 τόπῳ,
934 3732 1032 3801 οὐχ
1085 3732 1205 3784 6606
1258 3732 1446 3803 μήκει,
1492 3734 1553 3785 οὐ
1607 3732 1949 3804 πραγμάτων

365 3826 690 3897 περιστάσει
730 3823 972 3896 ἐξίτηλον
1021 3825 1254 3894 γίνεται.
1305 3826 1414 3879 Καὶ
1452 3823 1611 3879 τοῦτο
1653 3822 1812 3880 οἶσθα
1857 3827 1950 3879 καὶ

362 3917 547 3982 αὐτὸς,
576 3917 764 3989 ἐπειδὴ
789 3918 888 3971 καὶ
909 3918 1149 3989 γνησίως
1180 3912 1338 3970 οἶσθα
1367 3916 1562 3986 φιλεῖν.

544 4034 724 4087 ΡΛΘ’.
769 4031 1044 4101 Θεοδώρῳ
1080 4031 1514 4100 Κονσουλαρίφ
1531 4030 1772 4100 Συρίας.

439 4142 612 4206 Αὐτὸς
663 4142 762 4213 μὲν
806 4141 942 4213 ἔφης
983 4143 1209 4214 σημεῖον
1255 4140 1531 4196 ποιεῖσθαι
1569 4142 1823 4214 μέγιστον
1855 4141 1949 4195 τοῦ

369 4235 554 4307 μέλειν
577 4236 710 4306 ἡμῖν
745 4233 856 4287 τῶν
885 4234 1016 4300 σῶν,
1045 4237 1094 4290 εί
1123 4235 1389 4309 δευτέραα
1434 4236 1574 4307 μετὰ
1612 4236 1712 4307 τὴν
1756 4233 1954 4306 προτέ-

369 4344 478 4399 ραν
505 4327 763 4399 ἐπιστολὴ
795 4327 939 4380 ἔλθοι
973 4327 1110 4399 πρὸς
1147 4328 1246 4399 τὴν
1291 4328 1390 4399 σὴν
1432 4328 1796 4400 λαμπρότητα
1823 4327 1951 4399 παρ’

367 4417 549 4489 ἡμῶν.
578 4419 770 4490 Ἡμεῖς
810 4418 868 4472 δὲ
913 4421 962 4472 εί
1002 4418 1112 4472 τῶν
1159 4419 1242 4482 είς
1287 4417 1445 4472 τοῦτο
1485 4419 1954 4490 διακονησομένων

369 4514 505 4583 ἡμῖν
530 4509 892 4586 εὐποροῦμεν,
915 4511 1145 4580 νιφάδας
1166 4509 1232 4564 ἂν
1260 4511 1588 4582 ἐπέμψαμεν
1609 4511 1954 4583 γραμμάτων

369 4601 509 4673 πρὸς
538 4601 707 4673 ἄνδρα
735 4600 880 4655 οὓτω
917 4600 1173 4673 χρηστὸν,
1213 4601 1308 4655 καλ⁵
1335 4602 1576 4670 ἐπιεικῆ,
1609 4603 1698 4654 καὶ
1727 4601 1955 4672 σφοδρὸν

369 4688 530 4760 ἡμῶν
563 4688 820 4760 ἐραστὴν,
855 4690 952 4743 καὶ
988 4688 1128 4759 μετὰ
1169 4689 1441 4760 τοσαύτης
1485 4688 1778 4761 ἐπιθυμίας
1802 4691 1954 4762 δεχό-

375 4795 538 4848 μενον
567 4780 724 4851 ἠμῶν
769 4779 870 4845 τὰς
917 4780 1228 4845 ἐπιστολάς.
1260 4779 1399 4834 Ἀλλ’
1423 4781 1611 4853 ἐπειδὴ
1657 4781 1816 4836 τοῦτο
1857 4783 1956 4836 οὐκ

371 4871 478 4939 ἐνι,
499 4873 925 4946 παρακαλοῦμέν
957 4892 1050 4928 σου
1077 4875 1174 4948 τὴν
1201 4873 1580 4947 λαμπρότητα,
1617 4875 1691 4947 μὴ
1711 4875 1820 4931 τῶν
1844 4879 1958 4930 ἐπι-

373 4969 580 5022 στολῶν
599 4968 820 5042 ἀριθμῷ
848 4971 1068 5041 μετρεῖν
1099 4969 1258 5042 ἡμῶν
1285 4969 1383 5041 τὴν
1424 4972 1663 5043 ἀγάπην,
1698 4971 1832 5025 ἀλλὰ
1864 4971 1957 5026 καὶ

373 5058 655 5130 σιγώντων
682 5061 774 5114 καὶ
797 5060 1140 5132 γραφόντων,
1161 5061 1338 5132 ἥνπερ
1365 5061 1456 5115 καὶ
1483 5060 1790 5133 ἔμπροσθεν
1813 5057 1958 5131 εἶχες

372 5155 508 5225 περὶ
531 5155 702 5226 αὐτῆς
731 5155 930 5226 ψῆφον,
968 5152 1174 5224 ταύτην
1197 5153 1452 5224 ἀκίνητον
1486 5155 1783 5226 διατηρεῖν,
1807 5153 1957 5222 λογι-

373 5246 614 5318 ζόμενον
647 5249 724 5312 ώς
767 5249 866 5320 τὴν
911 5247 1068 5318 σιγὴν
1113 5248 1245 5318 ἡμῖν
1278 5247 1642 5319 μακροτέραν,
1671 5245 1770 5320 οὐχ
1797 5249 1830 5319 ἡ
1865 5249 1958 5303 106

373 5341 582 5411 τρόπω
617 5339 882 5413 ῥᾳθυμία,
905 5339 1020 5395 ἀλλ’
1044 5340 1077 5412 ἡ
1101 5338 1195 5393 τοῦ
1217 5338 1384 5392 τόπου
1410 5340 1808 5407 κατασκευάζει
1830 5342 1960 5414 ἐρη-

378 5431 500 5503 μία.
605 5499 610 5502 _

788 5525 926 5578 PM'.
973 5523 1236 5588 Θεοδότῳ
1267 5523 1542 5589 διακόνῳ.

454 5639 527 5693 Οὐ
563 5641 768 5710 μικρὰν
791 5639 1011 5710 εἴχομεν
1038 5637 1392 5710 παραμυθίαν
1413 5638 1472 5690 ἐν
1493 5637 1701 5709 ἐρημίᾳ
1723 5638 1958 5709 τοσαύτῃ

447 5748 473 5776 ⁸
493 5745 647 5802 ,8³νί1.
680 5746 904 5809 ἰηγῑθτω
925 5743 1012 5793 τοῦ
1036 5745 1223 5808 ἀμελεῖν
1265 5747 1391 5807 ἡμᾶς
1425 5745 1521 5794 τῶν
1542 5745 1661 5807 σῶν,
1685 5746 1724 5795 εἰ
1747 5746 1958 5809 δευτέρα.

377 5806 442 5861 ιο
461 5821 614 5871 marg.
639 5808 764 5870 conj.
788 5808 833 5858 εἰ
849 5808 918 5870 μὴ
941 5809 1064 5856 δευτ.

1793 367 2174 428 ΕΡῐὸΤΟΙΛΕ.

3491 372 3592 431 696
3627 453 3632 458 _

2026 489 2087 542 τὸ
2117 490 2355 560 συνεχῶς
2385 489 2642 543 δύνασθαι
2669 487 3008 542 ἐπιστέλλειν
3042 505 3135 540 σου
3166 489 3232 559 τῇ
3266 486 3597 559 γλυκύτητιο

2027 577 2164 630 ἀλλὰ
2207 579 2299 630 καὶ
2325 577 2482 630 τοῦτο
2507 579 2652 647 ἡμᾶς
2682 577 2969 648 παρείλετο
3000 575 3109 629 τῶν
3143 576 3459 648 Ἰσαυρικῶν
3496 594 3599 629 και

2027 664 2138 717 κῶν
2169 666 2202 735 ἡ
2231 665 2571 734 περίστασις.
2591 664 2938 726 Ἐπιστάντος
2966 663 3075 734 γὰρ
3100 663 3192 716 τοῦ
3217 663 3377 735 ἔαρος
3400 663 3602 733 ἤνθησε

2032 754 2128 806 καὶ
2156 754 2224 807 τὰ
2257 755 2354 824 τῆς
2389 755 2613 808 ἐκείνων
2655 755 2865 823 ἐφόδου,
2897 755 2992 807 καὶ
3031 754 3301 823 πανταχοῦ
3328 753 3436 806 τῶν
3467 755 3603 806 ὁδῶν

2029 843 2167 893 εἰσιν
2213 841 2606 912 ἐκκεχυμένοι,
2659 845 2823 894 πᾶσιν
2876 841 3112 904 ἀϐάτους
3169 840 3445 904 ποιοῦντες
3505 841 3602 902 τάς

2028 927 2506 1000 λεωφόρους.Ἤδη
2543 929 2672 998 γοῦν
2714 931 2806 984 καὶ
2849 932 3103 998 γυναῖκες
3131 929 3410 1000 ἐλεύθεραι
3443 928 3606 981 ἑάλω-

2033 1033 2151 1077 σαν,
2193 1018 2287 1069 καὶ
2308 1017 2498 1088 ἄνδρες
2522 1017 2858 1088 ἐσφάγησαν.
2895 1017 2986 1070 Διὸ
3008 1015 3307 1088 παρακαλῶ
3339 1012 3607 1084 συγγινώ-

2034 1121 2182 1157 σκειν
2218 1106 2348 1175 ἡμῖν
2381 1105 2453 1174 μὴ
2484 1105 2723 1174 συνεχῶς
2753 1105 3184 1174 γεγραφηκόσιν.
3204 1103 3422 1174 Ἐπειδὴ
3463 1103 3518 1156 δέ
3545 1098 3604 1154 εὗ

2031 1187 2166 1256 οἶδα,
2191 1193 2272 1244 ὅτι
2311 1190 2774 1262 περισπούδαστόν
2807 1209 2888 1244 σοι
2925 1191 3212 1259 μανθάνειν
3238 1191 3306 1244 τά
3340 1191 3466 1260 περὶ
3508 1190 3606 1258 τῆς

2034 1278 2245 1347 ὑγιείας
2295 1278 2473 1349 ἡμῶν,
2503 1278 2990 1350 δεινοπαθήσαντες
3030 1278 3281 1348 χαλεπῶς
3332 1277 3472 1332 κατά
3516 1277 3610 1329 τὸν

2035 1365 2372 1437 παρελθόντα
2419 1367 2685 1438 χειμῶνα,
2713 1367 2891 1436 ὀλίγον
2937 1367 3316 1438 ἀνηνέγκαμεν
3365 1366 3480 1431 νῦν,
3516 1367 3612 1418 καὶ

2032 1455 2485 1527 διαταραχθέντες
2520 1455 2682 1508 πάλιν
2721 1457 2794 1527 τῇ
2837 1455 3121 1527 ἀνωμαλίᾳ
3150 1455 3243 1508 τοῦ
3273 1455 3434 1526 ἀέρος
3475 1454 3613 1518 (καὶ

2034 1543 2144 1614 γὰρ
2177 1544 2270 1596 καὶ
2301 1541 2395 1596 νῦν
2426 1542 2634 1614 χειμὼν
2665 1541 2901 1596 ἐνταῦθα
2937 1543 3247 1614 ἀκμάζων),
3273 1543 3420 1612 ὅμως
3447 1559 3615 1613 προσ-

2035 1627 2282 1698 δοκῶμεν
2319 1627 2386 1681 τά
2423 1628 2650 1698 λείψανα
2676 1630 2776 1698 τῆς
2814 1629 3124 1701 ἀρρωστίας
3151 1628 3470 1693 ἀποθέσθαι,
3516 1644 3621 1680 κα-

2037 1716 2206 1788 θαροῦ
2235 1717 2495 1785 φανέντος
2515 1716 2608 1770 τοῦ
2635 1716 2847 1788 θέρους.
2874 1717 3038 1770 Οὐδὲν
3056 1718 3163 1789 γὰρ
3191 1717 3345 1788 ἡμῶν
3370 1716 3430 1769 τὺ
3456 1716 3614 1785 σῶμα

2037 1806 2209 1870 οὕτως
2240 1805 2580 1876 λυμαίνεται,
2617 1806 2693 1869 ὡς
2719 1806 2952 1877 κρυμὸς,
2984 1805 3107 1859 οὐτε
3139 1807 3398 1878 ὀνίνησιν,
3423 1805 3498 1874 ώς
3523 1804 3614 1857 θέ-

2041 1911 2153 1966 ρος,
2183 1894 2275 1948 καὶ
2299 1896 2333 1964 ἡ
2363 1893 2456 1948 τοῦ
2487 1893 2790 1947 θάλπεσθαι
2824 1892 3168 1964 παραμυθία.

2249 2031 2439 2082 ΡΜΑ’.
2485 2026 2744 2090 Θεοδότῳ
2771 2025 2890 2081 ἀπὸ
2922 2025 3406 2093 Κονσουλαρίων.

2108 2117 2287 2172 Πολλά
2325 2135 2406 2171 σοι
2455 2116 2526 2171 τά
2576 2116 2756 2184 ἀγαθά
2802 2115 3032 2185 γένοιτο,
3066 2117 3147 2169 ὃτι
3189 2117 3280 2168 τὸν
3320 2115 3434 2170 υἱὸν
3479 2114 3619 2185 μετὰ

2039 2206 2304 2276 τοσαύτης
2331 2204 2573 2271 ὐπεδέξω
2601 2204 2789 2274 τιμῆς.
2823 2203 2994 2257 Τοῦτο
3022 2205 3129 2277 γὰρ
3169 2203 3329 2266 αὐτὸς
3355 2205 3483 2274 ἡμῖν
3506 2203 3621 2275 ἐδή-

2039 2296 2201 2358 λωσε,
2238 2297 2332 2349 καὶ
2362 2295 2461 2347 οὐκ
2497 2292 2756 2364 ἔκρυψεν,
2784 2292 2918 2362 ὁμοῦ
2949 2310 3008 2345 τε
3028 2293 3126 2362 τὴν
3149 2293 3276 2362 περὶ
3295 2291 3384 2345 τὸν
3409 2292 3622 2362 πατέρα

2040 2381 2460 2451 εὐγνωμοσύνην
2496 2380 2960 2450 ἐπιδεικνύμενος,
2989 2380 3084 2433 καὶ
3115 2381 3260 2450 ἡμᾶς
3289 2379 3494 2449 πολλῆς
3517 2382 3620 2449 ἐμ-

2044 2473 2246 2541 πλῆσαι
2273 2470 2590 2541 βουλόμενος
2617 2469 2828 2539 ἡδονῆς.
2848 2470 3001 2523 Ἐπεὶ
3024 2470 3116 2523 καὶ
3140 2469 3411 2540 ἡμετέραν
3427 2468 3623 2536 διπλῆν

2042 2560 2323 2634 ἡγούμεθα
2355 2555 2493 2615 εἶναι
2529 2559 2625 2630 τὴν
2657 2559 2845 2630 τιμὴν,
2880 2557 2959 2629 τῷ
3007 2576 3065 2612 τε
3113 2560 3262 2630 ἡμᾶς
3316 2559 3514 2621 αὐτοὺς
3561 2553 3621 2612 εὖ

2041 2652 2369 2705 πεπονθέναι
2415 2649 2675 2721 νομίζειν,
2708 2651 2850 2720 άπερ
2899 2649 2965 2703 ἂν
3001 2652 3206 2712 ἐκεῖνος
3240 2645 3296 2702 εὖ
3333 2648 3500 2719 πάθῃ,
3543 2650 3623 2719 τῷ

2040 2759 2099 2794 τε
2133 2741 2227 2794 καὶ
2254 2739 2362 2792 ἀπὸ
2398 2738 2505 2791 τῶν
2535 2739 2925 2809 γραμμάτωνιι
2967 2737 3075 2790 τῶν
3107 2737 3391 2810 ἡμετέρων
3424 2737 3623 2807 πολλὴν

2043 2827 2190 2898 αὐτῷ
2234 2826 2489 2896 γενέσθαι
2515 2826 2611 2897 τὴν
2645 2824 2960 2896 προσθήκην
2990 2825 3221 2896 ταυτησὶ
3248 2825 3347 2893 τῆς
3389 2824 3620 2888 εὐνοίας.

2043 2916 2188 2971 Μένε
2220 2914 2306 2986 δὴ,
2340 2915 2577 2968 δέσποτά
2612 2930 2712 2984 μου
2749 2912 3143 2983 αἰδεσιμώτατε
3177 2913 3271 2965 καὶ
3301 2911 3626 2979 εὐγενέστα-

2043 3025 2123 3073 τε,
2156 3005 2470 3080 θεραπεύων
2503 3005 2562 3058 τὸ
2589 3004 2753 3057 καλὸν
2783 3003 2940 3057 10610
2975 3003 3160 3073 φυτόν.
3216 3001 3366 3074 [685]
3423 3003 3518 3065 Τίς
3567 3003 3626 3056 δὲ

2044 3095 2197 3148 ἔσται
2238 3095 2335 3164 τῆς
2380 3092 2677 3164 θεραπείας
2721 3093 2749 3145 6
2788 3091 3027 3162 196710;;
3063 3092 3163 3143 Ἢν
3199 3090 3288 3145 τὸν
3317 3090 3494 3161 ἔρωτα
3527 3091 3627 3158 τῆς

2046 3181 2340 3251 καλλίστης
2383 3179 2588 3251 ταύτης
2630 3177 2972 3248 φιλοσοφίας,
3013 3178 3081 3249 ἣν
3117 3178 3325 3248 μέτεισι
3359 3177 3472 3241 νῦν,
3503 3177 3628 3247 τρέ-

2047 3288 2154 3341 φῃς
2181 3270 2237 3322 ἐν
2260 3268 2407 3339 αὐτῷ
2435 3265 2718 3338 διηνεκῶς,
2744 3267 2838 3319 καὶ
2865 3266 3135 3336 ἀκμάζειν
3174 3264 3624 3336 παρασκευάζης·

2047 3357 2189 3410 οῦτω
2218 3355 2326 3428 γὰρ
2351 3356 2443 3409 καὶ
2461 3356 2646 3426 ταχεῖς
2673 3356 2804 3425 ἡμῖν
2829 3354 2965 3406 οἴσει
2991 3353 3115 3416 τοὺς
3141 3351 3405 3424 καρπούς.
3435 3354 3499 3406 Al
3522 3351 3630 3422 γάρ

2047 3447 2293 3514 γενναῖαι
2324 3442 2495 3514 ψυχαὶ
2521 3443 2581 3494 οὐ
2611 3440 2904 3512 μιμοῦνται
2933 3441 3032 3513 τὴν
3065 3440 3372 3512 βραδυτῆτα
3405 3439 3631 3493 τουτωνὶ

2047 3534 2156 3586 τῶν
2183 3532 2385 3601 φυτῶν,
2418 3531 2526 3584 τῶν
2557 3533 2669 3594 τοῖς
2696 3531 2916 3592 κόλποις
2940 3531 3041 3600 τῆς
3068 3529 3173 3599 γῆς
3200 3528 3633 3598 παρακατατιθε-

2053 3621 2252 3691 μένων,
2284 3619 2397 3673 ἀλλ’
2429 3618 2563 3690 ὁμοῦ
2593 3635 2651 3671 τε
2682 3617 3004 3687 φυτεύονται
3033 3619 3090 3669 ἐν
3119 3619 3184 3688 τῇ
3223 3617 3485 3688 καλλίστῃ
3532 3617 3630 3687 τῆς

2049 3709 2250 3778 ἀρετῆς
2277 3706 2480 3777 ταύτης
2515 3705 2802 3776 ἐπιθυμίᾳ,
2837 3705 2932 3758 καὶ
2963 3703 3098 3775 πρὸς
3129 3704 3288 3756 αὐτὸν
3321 3703 3627 3757 ἀνατείνον⁹

2049 3814 2139 3849 ται
2187 3795 2278 3848 16v
2321 3793 2571 3868 0690v6v,
2610 3794 2704 3846 καὶ
2754 3790 3024 3862 τοσαύτην
3074 3790 3472 3843 ἐπιδείκνυνται
3523 3789 3630 3842 τῶν

2051 3884 2280 3954 καρπῶν
2313 3883 2410 3954 τὴν
2441 3881 2633 3952 φορὰν,
2657 3881 2732 3944 ὡς
2763 3880 2980 3934 ἅπαντα
3004 3877 3378 3950 ἀποκρύπτειν
3406 3877 3633 3931 πλοῦτον

2053 3974 2147 4029 καὶ
2191 3976 2257 4044 τῇ
2307 3972 2555 4042 δαψιλείᾳ
2601 3972 2696 4024 καὶ
2727 3973 2793 4041 τῇ
2827 3970 3006 4039 φύσει.
3035 3969 3110 4022 Οὐ
3150 3969 3258 4039 γὰρ
3299 3967 3378 4039 τῷ
3404 3967 3630 4040 παρόντι

2055 4061 2516 4132 συγκαταλύονται
2549 4059 2669 4129 βίῳ,
2702 4057 2839 4112 ἀλλά
2875 4058 3009 4129 πρὸς
3033 4058 3134 4129 τὴν
3173 4056 3474 4129 μέλλουσαν
3499 4057 3632 4128 ἡμῖν

2057 4150 2328 4220 συναποδη
2338 4148 2494 4220 μοῦσι
2523 4149 2688 4218 ζωήν.

2400 4243 2587 4294 PMB'.
2638 4238 2916 4307 Ἐλπιδίῳ
2950 4237 3278 4303 ἐπισκόπῳ.

2127 4334 2346 4406 Γλώττῃ
2381 4334 2477 4404 μὲν
2499 4333 2768 4401 ὀλιγάκις,
2791 4332 2983 4404 γνώμῃ
3005 4332 3060 4385 δέ
3084 4331 3344 4395 πολλάκις
3371 4328 3636 4384 ἐπεστάλο

2055 4428 2231 4498 καμέν
2268 4443 2360 4479 σου
2395 4427 2459 4495 τῇ
2491 4424 2773 4495 θεοσεϐείᾳ
2813 4425 2908 4477 καὶ
2955 4422 3075 4476 καθ’
3105 4422 3342 4491 ἑκάστην
3387 4420 3636 4489 συγγινό-

2060 4516 2198 4590 μεθα
2227 4517 2324 4588 τὴν
2355 4514 2590 4584 ἡμέραν,
2621 4512 2718 4566 καὶ
2749 4511 2952 4582 ταύτης
2985 4512 3084 4564 οὐκ
3113 4509 3285 4580 ἰσχύει
3315 4509 3417 4579 τῆς
3443 4525 3634 4562 συνου-

2058 4611 2178 4673 σίας
2209 4609 2356 4679 ήμᾶς
2381 4606 2753 4677 ἀποστερῆσαι
2794 4603 2855 4657 οὐ
2902 4604 3093 4674 χρόνου
3136 4600 3359 4672 πλῆθος,
3389 4600 3486 4670 οὐχ
3513 4599 3635 4653 ὁδοῦ

2060 4704 2252 4775 μῆκος,
2289 4702 2348 4754 οὐ
2393 4699 2735 4771 πραγμάτων
2768 4695 3105 4768 περίστασις.
3138 4692 3369 4764 Τοιαύτη
3399 4693 3509 4763 γὰρ
3535 4692 3637 4763 τῆς

2057 4797 2277 4866 ἀγάπης
2312 4795 2347 4859 ἡ
2378 4792 2538 4861 φύσις
2559 4809 2571 4822 ·
2597 4789 2773 4843 οὐδενὶ
2805 4788 3010 4841 τούτων
3037 4787 3195 4852 εἴκει,
3227 4785 3347 4839 οὐδέ
3374 4801 3636 4856 παραχω-

2060 4890 2160 4960 ρεῖ,
2198 4885 2313 4940 ἀλλ’
2339 4885 2538 4953 ἕστηκε
2586 4882 2804 4937 πάντων
2861 4878 3167 4951 ὑψηλοτέρα
3213 4876 3491 4948 γινομένη.
3541 4875 3637 4947 Μὴ

2057 4979 2236 5033 τοίνυν
2286 4977 2366 5047 τῷ
2395 4977 2502 5030 τῶν
2547 4972 2845 5027 ἐπιστολῶν
2871 4969 3111 5043 ἀριθμῷ,
3145 4969 3379 5022 δέσποτά
3415 4985 3516 5038 μου
3551 4984 3637 5020 τι-

2062 5072 2299 5143 μιώτατε
2329 5070 2422 5124 καὶ
2451 5068 2832 5130 εὐλαϐέστατε,
2865 5065 3051 5136 μέτρει
3083 5062 3144 5115 16
3171 5062 3411 5133 φίλτρον,
3439 5061 3466 5114 ὃ
3507 5061 3639 5124 περὶ

2057 5165 2157 5235 τὴν
2185 5164 2282 5236 σὴν
2310 5162 2504 5234 ἔχομεν
2534 5159 2851 5232 ἐμμέλειαν,
2883 5155 2996 5210 ἀλλ’
3017 5155 3171 5218 εἰδὼς
3200 5154 3354 5226 ἡμῶν
3374 5151 3472 5225 τὴν
3498 5150 3637 5222 γνώ-

2063 5275 2170 5328 μην
2218 5255 2313 5310 καὶ
2361 5254 2459 5326 τὴν
2508 5252 2767 5314 διάθεσιν,
2801 5249 2869 5321 ἣν
2913 5248 3000 5302 ἀεὶ
3037 5247 3166 5319 περὶ
3207 5246 3307 5317 τὴν
3348 5242 3636 5298 εὐλάϐειαν

2059 5346 2454 5416 ἐπεδειξάμεθα
2482 5345 2582 5415 τὴν
2618 5343 2736 5414 σὴν,
2781 5340 2947 5413 μηδὲν
2979 5339 3088 5393 ἀπὸ
3114 5341 3214 5410 τῆς
3261 5338 3476 5408 μακρᾶς
3501 5333 3636 5388 ταύ-

2059 5456 2159 5510 της
2198 5437 2357 5508 σιγῆς
2388 5423 2699 5490 ύπόπτευε.
2718 5433 2870 5487 Ἐπεὶ
2898 5431 2993 5486 καὶ
3019 5433 3182 5502 ἡμεῖς
3210 5429 3454 5498 ὀλιγάκις
3483 5426 3636 5492 δεξά-

2126 5621 2153 5660 b
2174 5619 2376 5668 Codices
2418 5630 2590 5666 omnes
2617 5616 2770 5665 nostri
2813 5616 2909 5664 ἀπὸ
2941 5615 3036 5662 τῶν
3057 5611 3360 5676 γραμμάτωνο
3377 5608 3452 5676 _si_c
3486 5605 3635 5676 e_linm

2062 5697 2189 5732 unus
2215 5697 2240 5729 a
2265 5681 2512 5728 Frontone
2557 5677 2736 5726 Ducam
2759 5671 3276 5735 memoratus}'néqlle
3311 5671 3481 5720 dubito
3505 5671 3637 5735 hanc

2063 5757 2175 5793 esse
2197 5755 2360 5791 veram
2388 5742 2666 5789 lectionem.
2694 5737 2824 5788 Editi
2849 5739 2943 5786 ἀπὸ
2967 5738 3062 5784 τῶν
3083 5733 3469 5798 γνωριμωτέρων.
3498 5733 3637 5783 Savi-

2063 5807 2160 5856 lius
2174 5817 2371 5866 quoque
2395 5802 2544 5852 habet
2561 5802 2656 5850 ὰπὸ
2673 5799 3089 5863 τῶνιγραμμάτων.
