3950 6382
457 280 558 335 (97

460 411 610 467 μενοι
641 392 946 463 γράμματα
979 390 1128 462 παρά
1158 390 1256 460 τῆς
1303 390 1400 459 σῆς
1436 389 1746 450 διαθέσεως,
1775 385 1895 438 οὑδὲ
1951 386 2038 436 ἐν·

456 486 647 542 τεῦθεν
673 483 1041 558 ρᾳθυμότερόν
1073 499 1132 536 σε
1163 481 1291 553 περὶ⁵
1320 482 1465 552 ἡμᾶς
1479 477 2040 550 γεγενῆσθαινομίζο-

462 595 585 649 μεν,
613 579 728 630 ἀλλ’
753 577 908 646 ἴσμεν
937 573 1119 644 σαφῶς
1140 572 1233 627 καί¹
1258 571 1720 642 πεπιστεύκαμεν,
1747 571 1828 623 ὅτι
1860 569 2040 640 μένεις

461 668 727 723 ἀνθοῦσαν
757 667 1024 738 διατηρῶν
1044 667 1144 738 τὴν
1171 667 1301 738 περὶ
1326 666 1473 735 ἡμᾶς
1502 664 1760 727 διάθεσιν,
1783 663 1844 716 ού
1879 663 2039 734 μόνον

461 761 560 813 οὑκ
606 757 925 813 ἀναπίπτων
969 759 1033 814 ἐκ
1071 759 1171 828 τῆς
1215 756 1496 827 συνεχείας
1535 754 1642 808 τῶν
1683 753 2038 824 ἐπαγομένων

461 849 672 912 δεινῶν,
705 848 840 902 ἀλλά
877 849 971 902 καὶ
997 848 1352 920 σφοδρότερος
1384 847 1668 916 γινόμενος
1698 845 1826 916 περὶ
1856 845 2002 917 ἡμᾶς
2020 859 2036 874 ·

462 942 555 994 καὶ
579 939 768 993 τούτου
801 956 883 992 σοι
903 938 1062 1009 χάριν
1087 939 1246 1007 ἴσμεν
1273 937 1494 1007 πολλήν.
1515 935 1731 1006 Ἐπειδὴ
1763 934 1819 987 δὲ
1855 929 1914 988 εὖ
1941 927 2038 988 οἶδ’

459 1032 543 1084 ὅτι
590 1030 685 1083 καὶ
727 1028 798 1082 τά
835 1029 1081 1100 ἡμέτερα
1118 1027 1295 1098 βούλει
1327 1025 1642 1097 μανθάνειν,
1675 1024 1863 1094 ὑγείας
1906 1024 2041 1076 άποο

460 1119 698 1190 λαύομεν
725 1120 819 1172 καὶ
844 1117 1279 1190 ἀπραγμοσύνης
1305 1117 1528 1188 πολλῆς,
1553 1116 1649 1170 καὶ¹
1674 1114 1924 1187 ἡσυχίας,
1946 1115 2042 1167 καὶ

462 1213 519 1264 ἐν
560 1210 830 1282 ἀσφαλείᾳ
873 1210 1156 1281 διάγομεν,
1187 1209 1297 1263 τῶν
1331 1208 1649 1280 Ἰσαυρικῶν
1686 1208 1824 1270 τέως
1868 1206 2042 1277 ἀπηλ-

461 1300 720 1371 λαγμένοι
747 1300 1008 1373 θορύϐων.
1044 1300 1150 1354 Τὸν
1178 1298 1288 1369 γὰρ
1309 1298 1555 1370 χειμῶνα
1575 1297 1760 1352 λοιπὸν
1788 1297 1887 1367 τῆς
1920 1298 2042 1368 Ἀρ-

467 1392 654 1464 μενίας
707 1391 893 1464 φέρειν
942 1390 1268 1462 ἐμελέτησα,
1304 1390 1675 1462 βλαπτόμενος
1719 1389 1817 1461 μὲν
1861 1389 2042 1461 ήρέμα

465 1483 692 1555 βλάϐην,
727 1484 858 1553 ὅσην
891 1483 1036 1546 είκδς
1068 1482 1241 1547 οὕτως
1275 1481 1492 1537 ἀσθενεῖ
1521 1481 1733 1553 σώματι
1765 1482 2045 1553 κεχρημέι

464 1593 582 1630 νον’
633 1576 1056 1648 περιγενόμενος
1098 1575 1154 1629 δέ
1202 1575 1279 1647 τῷ
1330 1575 1592 1647 διηνεκῶς
1633 1577 1770 1628 οἴκοι
1810 1591 2045 1628 κατακες

465 1668 728 1731 κλεῖσθαι,
760 1669 887 1720 ὅταν
934 1669 1206 1739 ἀφόρητος
1244 1670 1272 1721 ό
1302 1669 1549 1740 κρυμὸς·
1588 1663 1644 1743 ᾖ,
1679 1671 1773 1722 καὶ
1799 1667 2045 1736 ὀλιγάκις

463 1759 573 1811 τῶν
606 1761 891 1830 προθύρων
921 1759 1384 1832 προκύπτειν.Ὥς
1417 1761 1525 1814 τῶν
1567 1779 1632 1830 γε
1666 1760 1840 1813 ἄλλων
1884 1759 2045 1832 ὡρῶν

463 1849 556 1902 τοῦ
589 1850 741 1916 ἔτους
770 1851 974 1924 σφόδρα
1016 1852 1246 1923 ἡδίστων
1280 1852 1752 1924 ἀπολελαύκαμεν,
1789 1853 1865 1918 ὡς
1887 1852 2047 1924 δυνη-

464 1941 620 2012 θῆναι
663 1942 899 2007 εὐκόλως
931 1943 1024 1997 καὶ
1051 1944 1149 2015 τὴν
1179 1945 1244 1996 ἐκ
1271 1943 1363 1996 τοῦ
1394 1943 1659 2016 χειμῶνος
1689 1945 2046 2016 ἐγγινομένην

463 2036 596 2104 ἡμῖν
625 2035 1022 2110 διορθώσασθαι
1050 2036 1386 2108 ἀρρωστίαν-

983 2173 1176 2226 PMI".
1218 2172 1512 2238 Πολυϐίῳ.

531 2284 638 2338 Τοῦ
681 2285 778 2356 μὲν
808 2284 1037 2355 ἐδάφους
1064 2284 1160 2338 καὶ
1203 2283 1313 2338 τῶν
1356 2285 1553 2354 τοίχων
1580 2283 1679 2354 τῆς
1722 2283 1929 2347 πόλεως
1953 2285 2046 2338 ἐκ·

461 2377 791 2448 ϐεϐλήμεθα,
821 2379 921 2450 τῆς
955 2378 1013 2432 δὲ
1047 2377 1252 2446 κυρίως
1282 2376 1490 2441 πόλεως
1511 2379 1572 2430 οὑ
1604 2377 2044 2448 μετῳκίσθημεν.

467 2470 528 2522 Εί
557 2470 666 2541 γὰρ
691 2471 850 2541 ὑμεῖς
873 2472 906 2540 ὴ
937 2470 1110 2534 πόλις,
1147 2467 1263 2539 μεθ’
1293 2467 1445 2540 ὑμῶν
1471 2469 1528 2522 δὲ
1561 2471 1723 2540 ἡμεῖς
1752 2469 1839 2521 ἀεὶ
1865 2471 1960 2522 καὶ
1989 2472 2047 2523 ἐν

464 2560 616 2630 ὑμῖν,
650 2559 874 2632 εῦδηλον
905 2561 986 2615 ὅτι
1025 2563 1120 2616 καὶ
1166 2563 1401 2619 ἐνταῦθα
1423 2564 1720 2634 διάγοντες,
1761 2569 1860 2636 τὴν
1893 2567 2047 2621 πόλιν

461 2652 720 2723 οἰκοῦμεν
770 2654 986 2726 ἐκείνην
1007 2671 1020 2686 ·
1068 2657 1163 2709 καὶ
1191 2657 1300 2728 γὰρ
1327 2657 1714 2730 ἐνδιαιτώμεοα
1745 2661 1897 2731 ὑμῶν
1929 2663 2047 2726 ταῖς

465 2744 616 2818 [684]
659 2745 880 2817 ψυχαῖς,
922 2743 982 2801 εὖ
1015 2743 1113 2802 οἷδ’
1147 2749 1250 2815 ὅτι,
1287 2752 1378 2803 καὶ
1406 2752 1650 2824 ὅπουπερ
1679 2752 1746 2806 ἂν
1771 2754 2044 2825 ἀπίωμεν,

465 2839 560 2894 καὶ
593 2839 801 2904 πάντας
831 2836 976 2912 ὑμᾶς
1002 2842 1130 2906 τοὺς
1163 2843 1426 2913 σφοδροὺς
1469 2843 1627 2914 ήμῶν
1672 2846 1908 2917 ἐραστὰς
1954 2847 2048 2900 ἐπὶ

463 2932 701 2996 διανοίας
735 2934 1121 3006 περιφέροντες
1146 2933 1370 3006 ἄπιμεν.
1404 2935 1574 2990 Τοῦτο
1605 2939 1750 3008 ἡμᾶς
1789 2937 1912 2992 οὔτε
1949 2938 2048 3009 τὴν

465 3022 706 3093 ἐρημίαν
738 3023 832 3076 τοῦ
864 3023 1067 3094 χωρίου
1097 3025 1288 3080 τούτου
1323 3025 1342 3096 (
1358 3026 1452 3079 καἽ⁸
1487 3027 1597 3098 γὰρ
1636 3027 1816 3098 πάσης
1841 3029 1940 3100 τῆς
1969 3030 2046 3081 οί-

463 3113 737 3184 κουμένης
782 3115 929 3168 ἐστὶν
976 3115 1378 3186 ἐρημότατον),
1406 3116 1530 3170 οὔτε
1581 3117 1682 3190 τὴν
1732 3119 2048 3192 πολιορκίαν

461 3205 570 3257 τῶν
593 3205 808 3278 λῃστῶν
841 3206 858 3276 (
879 3207 974 3259 καὶ
998 3207 1105 3278 γὰρ
1132 3208 1253 3260 καθ’
1282 3209 1520 3279 ἐκάστην
1551 3209 1920 3280 πολιορκεῖται
1948 3212 2049 3283 τὴν

463 3296 737 3367 ἡμέραν),
767 3297 828 3350 οὑ
872 3298 966 3350 τὸν
995 3298 1242 3352 ἐντεῦθεν
1274 3300 1592 3371 τικτόμενον
1634 3301 1790 3372 λιμὸν
1823 3303 2048 3373 ἀφίησιν

463 3389 596 3457 ὁρᾷν
617 3405 630 3418 ο
671 3387 859 3459 ἐπειδὴ
881 3389 948 3460 τὸ
983 3389 1082 3459 μὲν
1131 3389 1289 3460 σῶμα
1335 3391 1466 3462 ἡμῖν
1491 3391 1724 3446 ἐνταῦθα
1754 3391 1984 3464 ἵδρυται,
2012 3395 2045 3466 ή

463 3477 520 3530 δὲ
561 3477 708 3550 ψυχὴ
743 3481 871 3550 παρ’
905 3479 1034 3550 ὑμῖν
1066 3479 1350 3552 διηνεκῶς.
1369 3482 1510 3536 Ἀλλ’
1536 3483 1722 3554 ἐπειδὴ
1763 3487 1876 3550 τοῖς
1906 3485 2048 3540 οὕτω

465 3569 828 3638 διακειμένοις
867 3570 1090 3642 ποθεινὴ
1119 3572 1322 3646 σφόδρα
1348 3574 1442 3628 καὶ
1469 3573 1930 3645 περισπούδαστος
1953 3578 2048 3632 καὶ

463 3662 499 3733 ἡ
535 3664 818 3734 σωματικὴ
847 3664 1140 3736 παρουσία,
1178 3665 1271 3718 καὶ
1292 3664 1450 3717 λυπεῖ
1478 3665 1553 3736 μὴ
1580 3667 1864 3739 γινομένη,
1891 3669 2049 3724 τοῦτο

464 3755 520 3808 δὲ
550 3754 690 3818 τέως
713 3755 966 3825 γενέσθαι
995 3759 1096 3812 οὐκ
1121 3757 1222 3821 ενι,
1252 3758 1330 3812 ένι
1364 3759 1421 3812 δὲ
1452 3759 1588 3830 αὑτῇ
1625 3760 1916 3832 φάρμακον
1950 3761 2048 3831 μέ-

464 3863 650 3914 γιστον
676 3849 710 3918 ή
748 3847 837 3902 διά
868 3847 977 3901 τῶν
1003 3849 1348 3920 γραμμάτων
1382 3849 1656 3914 συνουσία,
1687 3852 1894 3921 πάρεχε
1918 3849 2049 3903 ταύ-

464 3951 564 4004 την
601 3935 731 4006 ἡμῖν
769 3935 907 4006 μετά
932 3935 1212 4006 δαψιλείας
1243 3938 1462 4009 πολλῆς.
1498 3939 1593 3992 καὶ
1638 3940 1843 4011 ταύτης
1868 3940 2046 4012 ἀπηλ-

464 4026 714 4099 λάγμεθα
762 4028 862 4098 τῆς
906 4027 1166 4099 ἀθυμίας.
1185 4030 1390 4093 Ἱκανὸς
1419 4029 1529 4101 γάρ
1562 4032 1648 4095 σὺ,
1677 4031 1914 4086 δέσποτα
1943 4049 2044 4102 μου

467 4115 910 4187 θαυμασιώτατε,
941 4118 1034 4171 καὶ
1061 4118 1150 4172 διά
1180 4119 1528 4190 γραμμάτων
1562 4119 1875 4190 σοφίζεσθαι
1905 4138 2047 4193 παρ-

463 4209 653 4272 ουσίας
681 4207 897 4279 ήδονήν.

1001 4339 1182 4391 ΡΜΔ’.
1235 4337 1510 4407 Διογένει.

540 4450 789 4522 Ἔρημον
814 4450 914 4523 μὲν
953 4452 1313 4522 ήΚουκουσὸς
1335 4455 1362 4494 b
1395 4455 1611 4528 χωρίον.
1643 4457 1734 4511 καὶ
1764 4458 1938 4524 άλλως
1967 4462 2047 4524 εἰς

463 4539 678 4610 οἴκησιν
709 4540 996 4613 σφαλερὸν,
1024 4541 1261 4612 διηνεκεῖ
1287 4544 1436 4616 φόϐῳ
1457 4545 1564 4598 τῶν
1593 4545 1804 4619 λῃστῶν
1830 4550 2047 4622 πολιορ-

467 4629 764 4702 κούμενον·
809 4634 871 4686 σὺ
913 4633 970 4686 δὲ
1020 4634 1191 4704 αὑτὴν
1224 4637 1315 4689 καὶ
1347 4635 1502 4689 ἀπὼν
1537 4639 1864 4709 παράδεισον
1905 4636 2046 4694 εἶναι

466 4723 969 4794 πεποίηκας.”οταν
998 4725 1105 4796 γάρ
1138 4743 1230 4778 σου
1278 4726 1368 4780 τὸν
1417 4727 1576 4800 ζῆλον
1607 4729 1927 4800 ἀκούσωμεν
1953 4732 2045 4785 τὸν

469 4813 656 4879 πολὺν,
694 4817 792 4886 τὴν
826 4817 1042 4887 ἀγάπην
1068 4818 1166 4890 τὴν
1201 4821 1328 4890 περὶ
1363 4822 1529 4890 ἡμᾶς,
1558 4822 1653 4892 τὴν
1687 4824 1917 4894 γνησίαν
1951 4824 2047 4877 καὶ

469 4904 676 4976 θερμήν
707 4906 894 4976 (οὐδὲν
942 4910 1050 4980 γάρ
1099 4913 1247 4982 ἡμᾶς
1294 4911 1542 4966 λανθάνει
1578 4915 1671 4967 καὶ
1699 4917 1764 4970 ὲκ
1791 4916 2045 4970 τοσούτου

470 4997 811 5066 καθημένους
859 5001 1289 5074 διαστήματος),
1343 5005 1419 5068 ώς
1466 5006 1733 5077 θησαυρὸν
1792 5009 2047 5079 μέγιστον

469 5089 702 5158 ἔχοντες,
743 5091 836 5142 καὶ
881 5092 1106 5146 πλοῦτον
1138 5095 1365 5164 ἄφατον,
1401 5097 1501 5168 τὴν
1543 5098 1781 5151 διάθεσίν
1819 5117 1912 5152 σου
1947 5102 2047 5171 τῆς

470 5179 787 5250 ἐμμελείας,
831 5182 926 5234 καὶ
974 5185 1030 5236 ὲν
1081 5187 1505 5262 ἀσφαλεστάτῃο
1544 5190 1705 5244 ⁸πόλει
1751 5191 2046 5264 διατρίϐειν

467 5270 773 5342 ἡγούμεθα,
804 5273 909 5327 ὑπὸ
938 5275 1034 5344 τῆς
1063 5277 1340 5349 τοσαύτης,
1359 5281 1695 5353 εὐφροσύνης
1741 5285 2046 5356 πτερούμε-

470 5381 576 5442 νοι,
596 5365 692 5419 καὶ
723 5367 985 5439 μεγίστην
1009 5371 1352 5441 παράκλησιν
1373 5374 1623 5429 ἐντεῦθεν
1653 5377 2042 5449 καρπούμενοι.

533 5567 756 5633 ξςρίεῇη
771 5603 782 5614 .
813 5569 1046 5632 ἀφόρητος
1067 5571 1092 5619 ὁ
1112 5570 1308 5633 χειμών.

535 5625 564 5693 ξ
592 5625 1068 5693 Υιι-ιὶςιιηυεέἑηιρετ
1103 5625 1402 5688 Κοκκουσὸς.
1424 5638 1481 5682 ιιι
1499 5634 1601 5693 jam
1621 5638 1853 5686 diximus.

535 5685 554 5710 ί
584 5689 785 5762 Coisli‘n.
812 5695 862 5738 el
886 5685 1011 5742 aiiu's
1034 5693 1081 5742 ἐν
1102 5685 1434 5757 ἀσφαλεστάτη
1457 5685 1534 5743 καὶ
1568 5685 1899 5762 εὐθαλεστάτῃ.

1136 283 1189 338 S.
1233 281 1514 339 JOANMS
1553 282 2040 337 (IIIII‘I'SOSTOMI

2146 283 2394 339 ICIIIEI‘.
2433 284 2984 340 CONSTANTINOP.

3585 277 3672 337 693

2144 383 2240 436 'lv‘
2269 381 2364 439 οὖν
2416 386 2509 438 καὶ
2541 380 2704 456 ἐτέρα
2739 389 3023 460 προσθήκη
3055 387 3277 461 γένηται
3324 391 3452 461 ⁴ἡμῖν
3493 391 3682 463 ἡδονῆς,

2142 475 2462 546 παρακαλῶ,
2491 478 2585 530 καὶ
2614 478 2917 550 γράμματα
2938 481 3070 550 ἡμῖν
3104 480 3349 550 χαρίζου,
3374 481 3441 535 τὰ
3467 481 3584 551 περὶ
3603 486 3685 553 τῆς

2141 565 2352 634 ὑγιείας
2388 567 2650 637 δηλοῦντα
2679 570 2777 640 τῆς
2810 570 2928 641 σῆς.
2947 571 3006 622 El
3030 571 3139 642 γάρ
3163 571 3253 624 καὶ
3284 571 3513 642 ἐργῶδες
3530 572 3687 639 τοῦτο,

2137 654 2224 708 διά
2255 655 2314 708 τὸ
2335 659 2432 728 τῆς
2457 658 2577 711 όδοῦ
2609 659 2804 730 μῆκος,
2846 661 2942 714 καὶ
2969 661 3030 714 τὸ
3064 662 3264 733 σφόδρα
3291 663 3587 731 ἀπῳκίσθαι
3603 663 3688 732 τῆς

2138 745 2404 816 δημοσίας
2439 750 2592 802 τουτὶ
2633 750 2694 804 τὸ
2727 752 2924 824 χωρίον
2953 752 3098 818 όδοῦ,
3128 754 3264 808 ἀλλά
3290 753 3369 825 τῷ
3411 753 3573 817 οῦτως
3614 771 3689 822 φι-

2139 837 2342 904 λοῦντι,
2358 840 2434 904 ὡς
2458 841 2620 906 αὑτὸς
2648 837 2804 896 οἶσθα
2835 843 3030 911 φιλεῖν,
3051 845 3146 898 καὶ
3173 844 3237 898 τά
3259 845 3492 898 δύσκολα
3518 844 3689 898 εὔκολα

2140 931 2399 1000 γίνονται.
2418 933 2704 1005 Ἐννοήσαος
2732 935 2909 989 τοίνυν
2941 935 3136 1007 ἡλίκην
3167 938 3296 1007 ἡμῖν
3352 938 3512 1007 χαριῇ
3555 936 3692 1006 χάριν

2141 1027 2208 1095 τῇ
2234 1025 2529 1095 πυκνότητι
2578 1027 2688 1079 τῶν
2713 1026 2969 1080 τοιούτων
2995 1028 3358 1099 γραμμάτων,
3391 1029 3587 1098 πάρεχε
3613 1027 3694 1080 καὶ

2142 1117 2345 1190 ταύτην
2395 1119 2526 1190 ἡμῖν
2563 1119 2664 1190 τὴν
2714 1119 3085 1192 εὐφροσύνην·
3117 1122 3209 1174 καὶ
3249 1120 3360 1192 γὰρ
3393 1120 3585 1190 σφόδρα
3612 1120 3693 1172 άλ-

2141 1207 2384 1278 γοῦμεν,-
2416 1211 2497 1262 ὅτι
2544 1210 2795 1282 δεύτερον
2824 1212 3218 1275 ἐπεσταλκότες
3257 1213 3382 1283 ήδη,
3411 1213 3527 1265 οὑδὲ
3569 1212 3695 1276 ἅπαξ

2144 1299 2446 1372 ἐδεξάμεθα
2469 1301 2776 1373 γράμματα
2805 1302 2905 1373 τῆς
2943 1305 3042 1375 σῆς
3074 1303 3390 1376 ἐμμελείας.

2460 1442 2651 1495 PME'.
2700 1441 2974 1506 Νικολάῳ
3007 1443 3407 1511 πρεσϐυτέρῳ.

2229 1551 2558 1624 Ἐϐουλόμην
2616 1553 2708 1606 καὶ
2763 1553 2926 1618 αὐτὸς
2947 1593 2961 1616 ,
3010 1554 3107 1608 καὶ
3159 1555 3366 1626 σφόδρα
3419 1552 3695 1624 ἐπεθύμουν

2149 1644 2275 1698 ἰδεῖν
2320 1663 2410 1697 σου
2444 1645 2544 1717 τὴν
2583 1647 2920 1717 ἐμμέλειαν,
2972 1647 3067 1699 καὶ
3110 1645 3538 1717 περιπτύξασθαι
3573 1663 3586 1677 ·
3617 1647 3696 1697 καὶ

2145 1736 2305 1790 τοῦτο
2356 1732 2516 1790 οἶσθα
2568 1739 2662 1791 καὶ⁵
2712 1738 2819 1808 πρὸ
2869 1737 2979 1792 τῶν
3031 1737 3314 1809 ἡμετέρων
3362 1737 3692 1809 γραμμάτων.

2143 1830 2320 1882 Φιλεῖν
2345 1831 2446 1902 γὰρ
2464 1830 2619 1894 εἰδὼς
2642 1830 2882 1902 γνησίως
2912 1832 3006 1884 καὶ
3036 1831 3164 1895 τοὺς
3185 1833 3426 1903 γνησίως
3442 1831 3696 1901 φιλοῦντας

2145 1921 2527 1990 διαγινώσκειν
2552 1923 2869 1977 ἐπίστασαι.
2913 1921 3057 1976 Ἀλλ’
3095 1923 3287 1993 ἐπειδὴ
3317 1921 3474 1976 τοῦτο
3495 1923 3586 1976 οὑκ
3609 1921 3693 1985 ἔνι,

2151 2017 2249 2071 δπε
2257 2036 2288 2088 ρ
2307 2016 2386 2070 ἔνι
2405 2014 2544 2069 ποιῶ
2555 2015 2605 2081 ά,
2623 2015 2761 2079 τέως
2776 2016 2994 2086 γράφω,
3006 2015 3414 2088 προσαγορεύω,
3429 2015 3695 2086 γράμματα

2147 2107 2384 2173 ἀπαιτῶ,
2415 2107 2483 2160 τά
2517 2107 2646 2177 περὶ
2678 2107 2776 2176 τῆς
2811 2107 2999 2174 ὑγείας
3031 2108 3130 2178 τῆς
3162 2107 3266 2178 σῆς
3300 2108 3427 2178 ὑμῖν
3459 2105 3694 2158 πυκνότε-

2147 2219 2244 2274 ρον
2266 2201 2551 2272 δηλοῦντα.
2583 2200 2826 2272 Χαρίζου
2860 2201 2923 2272 δὴ
2959 2199 3164 2269 ταύτην
3188 2202 3324 2271 ἡμῖν
3343 2199 3439 2272 τήν
3463 2199 3624 2270 χάριν.
3644 2197 3696 2249 Et

2148 2293 2258 2363 γάρ
2296 2292 2390 2346 καὶ
2424 2293 2500 2364 μή
2523 2293 2605 2347 δεῖ
2631 2309 2716 2346 σοι
2745 2292 3146 2364 παρακλήσεως
3169 2295 3252 2356 είς
3286 2291 3462 2356 τοῦτο,
3490 2293 3544 2345 οὑ
3576 2307 3692 2346 παυ-

2151 2384 2356 2455 σόμεθά
2393 2401 2452 2438 σε
2483 2385 2996 2455 ἀναμιμνήσκοντες
3019 2385 3160 2456 ὑπὲρ
3192 2384 3406 2444 τούτου.
3436 2382 3576 2456 [685]
3633 2383 3694 2435 Οὑ

2147 2471 2256 2542 γὰρ
2315 2470 2487 2543 μικρά
2528 2471 2876 2544 παράκλησις
2925 2474 3058 2543 ἡμῖν
3104 2472 3198 2526 καὶ
3246 2473 3560 2544 παραμυθία
3620 2471 3696 2524 καὶ

2145 2561 2247 2630 τῆς
2267 2560 2506 2632 ἐρημίας
2542 2560 2771 2616 καὶτῶν
2806 2561 2986 2631 φόϐων
3013 2563 3122 2616 τῶν
3156 2564 3571 2636 καθημερινῶν,
3605 2562 3695 2615 τῶν

2147 2656 2256 2710 ἀπὸ
2289 2656 2386 2726 τῆς
2433 2655 2625 2725 ἐφόδου
2659 2656 2962 2728 γινομένων
2999 2657 3099 2730 τῆς
3127 2658 3459 2732 λῃστρικῆς,
3507 2657 3694 2730 καὶτῆς

2148 2746 2239 2800 τοῦ
2271 2745 2523 2816 σώματος
2557 2747 2908 2818 ἀρρωστίας,
2951 2750 3047 2802 καὶ
3090 2749 3200 2803 τῶν
3242 2751 3417 2806 ἄλλων
3467 2751 3692 2820 περιστά-

2150 2853 2309 2901 σεων,
2342 2836 2402 2890 τὸ
2430 2836 2722 2908 μανθάνειν
2747 2837 2875 2908 περί
2895 2836 3004 2891 τῶν
3026 2837 3369 2906 ἀγαπώντων
3387 2839 3525 2909 ἡμᾶς
3547 2835 3692 2905 ὑμῶν.

2146 2927 2228 2981 ὅτι
2257 2945 2318 2981 τε
2343 2927 2589 3000 ἔρρωσθε
2630 2938 2676 2994 ο,
2705 2929 2801 2982 καὶ
2828 2929 3123 2998 ὑγιαίνετε,
3156 2931 3254 2985 καὶ
3287 2930 3428 2984 κατά
3453 2929 3570 3000 ῥοῦν
3587 2928 3693 2996 ὑμῖν

2149 3019 2369 3074 ἅπαντα
2400 3019 2650 3091 φέρεται,
2683 3019 2786 3075 κᾶν
2823 3021 3050 3093 μυρίους
3075 3023 3206 3092 ἡμῖν
3245 3022 3409 3096 λέγῃς
3436 3019 3691 3093 χειμῶνα·.

2148 3111 2272 3176 Πῶς
2329 3111 2426 3166 καὶ
2463 3112 2571 3167 τίνι
2621 3113 2844 3185 τρόπῳς
2877 3114 3003 3167 Ὅτι
3055 3113 3134 3167 ἔνι
3177 3114 3274 3168 τὸν
3325 3116 3573 3183 γενναῖον,
3617 3110 3692 3163 καὶ

2148 3201 2509 3276 ἐγρηγορότα,
2539 3205 2634 3258 καὶ
2666 3205 2906 3276 νήφοντα
2947 3205 3042 3259 καὶ
3075 3207 3131 3258 ἐν
3161 3206 3544 3278 ταραττομένῳ
3578 3219 3692 3271 πραο

2149 3294 2376 3364 γμάτων
2437 3295 2663 3364 πελάγει
2712 3295 2964 3365 ἐξουρίας
3015 3296 3170 3350 πλεῖν
3194 3337 3208 3361 ,
3267 3297 3452 3370 ὥσπερ
3496 3295 3582 3349 καὶ
3620 3291 3692 3346 τὸν

2149 3384 2346 3455 χαῦνον
2379 3387 2473 3440 καὶ
2502 3388 2938 3441 ἀναπεπτωκότα
2974 3388 3070 3441 καὶ
3097 3389 3354 3459 κείμενον
3391 3388 3584 3450 ὕπτιον,
3615 3382 3692 3436 καὶ

2149 3477 2208 3531 ἐν
2236 3477 2448 3552 γαλήνῃ
2473 3479 2933 3550 διαταράττεσθαι
2959 3480 3055 3533 καὶ
3080 3479 3447 3550 θορυϐεῖσθαι.

2148 3610 2349 3680 ΡΜΕΓ.
2407 3611 2689 3677 Θεοδότῳ,
2718 3613 3278 3686 Νικο.ιάῳ,ΫΧαιρέᾳ,
3313 3610 3690 3686 πρεσϐυτέροις

2695 3685 2793 3738 καὶ
2823 3683 3172 3754 μονάζουσι.

2231 3795 2422 3866 Ὑμεῖς
2457 3795 2555 3866 μὲν
2599 3796 2708 3848 τῶν
2753 3795 3016 3868 ’Ῑσαύρων
3057 3799 3306 3852 αἰτιᾶσθε
3339 3798 3432 3870 τήν
3468 3794 3688 3864 καταδρο-

2151 3883 2257 3955 μήν
2290 3884 2390 3954 τῆς
2407 3885 2692 3950 ’ἀπουσίας
2724 3885 2824 3955 τῆς
2851 3885 3120 3957 ὑμετέρας
3154 3903 3168 3918 ·
3212 3887 3326 3956 ἐγὼ
3357 3887 3410 3940 δὲ
3449 3886 3580 3956 ὑμᾶς
3615 3881 3716 3952 καὶ,

2149 3976 2405 4046 παρεῖναί
2433 3994 2609 4047 φημι,
2657 3977 2750 4030 καὶ
2779 3977 2876 4030 σὺν
2921 3978 3053 4048 ἡμῖν
3079 3973 3250 4043 εῖναι,
3300 3979 3391 4033 καὶ
3425 3977 3562 4031 οὐδὲν
3590 3966 3686 4026 οὐδὲ

2149 4067 2400 4120 ἐντεῦθεν
2455 4067 2709 4136 γενέσθαι
2751 4067 2979 4140 κώλυμα
3013 4070 3150 4141 πρὸς
3189 4070 3291 4142 τὴν
3331 4070 3505 4140 ἄφιξιν
3540 4064 3684 4136 ὑμῶν.

2149 4154 2387 4209 Τοιαῦτα
2413 4155 2521 4228 γάρ
2549 4157 2649 4227 τῆς
2678 4157 2900 4230 ἀγάπης
2927 4161 2995 4212 τὰ
3025 4161 3200 4230 πτερά
3219 4177 3234 4190 ·
3253 4161 3445 4232 ἀθρόον
3469 4155 3552 4211 καὶ
3575 4151 3687 4225 μετὰ

2149 4247 2351 4320 πολλῆς
2386 4249 2486 4320 τῆς
2543 4249 2796 4314 εὐκολίας
2849 4251 3129 4322 πανταχοῦ
3187 4253 3568 4324 παραγίνεται,
3602 4243 3686 4299 κᾶν

2151 4341 2321 4412 μυρία
2365 4341 2433 4395 τά
2486 4341 2788 4412 κωλύματα
2921 4344 2985 4397 El
3013 4344 3070 4397 δὲ
3100 4342 3202 4414 τῆς
3239 4343 3540 4417 σωματικῆς
3560 4333 3685 4408 ὑμῶν

2147 4433 2572 4504 ἀπεστερήμεθα
2607 4435 2911 4506 παρουσίας
2933 4475 2948 4499 ,
2993 4435 3068 4506 μὴ
3097 4435 3380 4508 διαλίπητε
3408 4432 3682 4504 εὐχόμενοι,

2148 4525 2242 4576 καὶ
2291 4523 2452 4576 δώσει
2500 4524 2673 4578 ταῦτα
2721 4527 2749 4579 ό
2799 4525 3178 4599 φιλάνθρωπος
3221 4529 3373 4592 Θεός.
3435 4523 3574 4578 Ἐπεὶ
3611 4519 3686 4573 καὶ

2148 4615 2316 4678 αὐτὸς
2342 4615 2605 4686 διηνεκῶς
2638 4617 2785 4687 ὑμᾶς
2812 4620 2868 4672 ἐν
2910 4617 3117 4692 διανοίᾳ
3150 4620 3487 4692 περιφέρων,
3515 4615 3601 4683 οὐχ
3625 4613 3684 4671 ὡς

2148 4707 2305 4780 ἔτυχε
2333 4710 2428 4762 καὶ
2453 4709 2554 4780 τῆς
2586 4712 2706 4764 κατ’
2737 4711 2858 4781 ὄψιν
2891 4711 3001 4782 ἐρῶ
3030 4715 3350 4785 συντυχίας,
3399 4713 3486 4766 καὶ
3526 4703 3579 4761 εὖ
3607 4700 3683 4756 οἷδ’

2147 4801 2228 4854 ὅτι
2270 4802 2364 4854 καὶ
2407 4804 2546 4874 αὑτὴ
2589 4803 2776 4868 ἔσται,
2809 4803 2948 4874 μετά
2975 4805 3253 4870 ἐκτενείας
3285 4805 3434 4877 ὑμῶν
3468 4811 3682 4870 παρακα-

2148 4887 2382 4942 λούντων
2433 4891 2524 4944 τὸν
2562 4892 2858 4962 δυνάμενον
2903 4894 3080 4947 πάντα
3123 4895 3281 4950 λῦσαι
3317 4894 3576 4967 χειμῶνα,
3607 4883 3684 4938 καὶ

2148 4980 2227 5043 εἰς
2262 4981 2501 5052 γαλήνην
2537 4979 2736 5054 λευκὴν
2766 4985 2983 5041 ἅπαντα
3010 4989 3256 5057 ἀγαγεῖν.
3291 4989 3401 5041 Ἵνα
3426 4984 3478 5037 δέ
3513 4979 3594 5034 καὶ
3627 4973 3683 5027 τὰ

2148 5071 2390 5143 ἡμέτερα
2423 5073 2686 5143 μαθόντες
2720 5077 3084 5148 εύφραίνησθε
3107 5119 3123 5140 ,
3155 5080 3352 5150 πολλῆς
3379 5071 3682 5139 ἀπολαύομεν

2148 5165 2377 5236 ἡσυχίας
2418 5167 2514 5220 καὶ
2561 5168 3028 5242 ἀπραγμοσύνης,
3064 5173 3122 5226 τὺ
3165 5173 3322 5244 σῶμα
3349 5171 3498 5241 ἡμῖν,
3533 5160 3680 5216 καίτοι

2149 5256 2361 5310 πολλῶν
2404 5259 2574 5313 ὄντων
2613 5260 2721 5313 τῶν
2759 5262 3171 5335 λυμαινομένων
3204 5263 3363 5318 αὑτοῦ
3389 5260 3480 5331 τὴν
3501 5252 3678 5323 ὑγείαν·

2148 5353 2244 5404 καὶ
2267 5351 2376 5424 γάρ
2423 5353 2623 5424 ἰατρῶν
2657 5356 2872 5421 σπάνις,
2904 5358 2997 5410 καὶ
3026 5359 3336 5425 ἀναγκαίων
3367 5348 3551 5423 ἀπορία
3585 5342 3677 5417 (⁰ί⁶’

2146 5439 2234 5494 δὲν
2259 5441 2366 5508 γάρ
2401 5444 2547 5496 ἐστιν
2572 5441 2732 5498 ῶνιον
2758 5445 3009 5508 ἐνταῦθα,
3035 5449 3093 5501 οὑ
3122 5447 3420 5520 φαρμάκων
3441 5432 3677 5509 εὔπορί³)ν

2211 5641 2234 5680 ἀ
2256 5640 2404 5707 ﬁavil.
2429 5644 2595 5707 ποιῶν.
2621 5643 2894 5707 Utrumque
2912 5653 3135 5707 quadrat.
3164 5652 3295 5702 Εωτ.

2216 5707 2237 5733 ε
2263 5704 2384 5752 Tres
2417 5717 2533 5754 mss.
2560 5706 2631 5754 ὅτι
2654 5707 2710 5764 δὴ
2738 5704 3064 5772 καίξῤῥίοσθε.
