3950 6380
285 350 394 405 697

284 461 558 521 redditum
601 458 766 519 fuisse
792 459 1162 516 existimamus
1192 474 1208 514 :
1236 471 1422 513 verum
1454 454 1583 510 illud
1615 466 1710 525 pro
1733 460 1883 507 certo

292 554 578 617 habemus,
627 554 886 624 nobisque
927 550 1310 622 persuademus
1332 590 1347 616 ,
1378 557 1430 603 te
1455 545 1883 603 benevolentiam

289 663 411 703 eam
434 690 451 713 ,
486 662 591 717 qua
616 660 716 701 nos
746 645 1002 701 hactenus
1030 646 1342 714 complexus
1366 655 1425 695 es
1449 638 1728 694 ﬂorentem
1758 636 1887 692 reti-

292 758 426 796 nere
446 781 461 807 ,
489 750 649 811 atque
682 739 753 794 ob
779 740 1110 794 calamitates
1135 778 1151 803 ,
1181 751 1301 806 qua:
1328 734 1480 789 nobis
1504 732 1718 788 assidue
1747 728 1885 785 infe-

295 842 522 895 runtur,
554 847 660 885 non
692 831 852 885 modo
875 844 982 884 non
1006 825 1373 891 consternari,
1406 824 1501 879 sed
1529 824 1691 880 etiam
1718 822 1881 876 vehe-

296 923 564 978 mentiore
592 937 716 992 erga
746 936 846 975 nos
890 934 1075 974 amore
1118 918 1300 972 affici:
1336 915 1455 970 idco
1496 915 1761 984 ingentem
1794 910 1887 967 tibi

295 1013 526 1083 gratiam
558 1012 834 1066 habemus.
869 1010 1002 1078 Quia
1041 1019 1218 1064 autem
1249 1007 1415 1078 probe
1444 1005 1555 1060 scio
1586 1013 1638 1058 te
1676 1016 1889 1073 quoque

293 1104 365 1159 de
413 1105 575 1159 rebus
612 1103 811 1158 nostris
838 1103 1123 1157 certiorem
1167 1098 1281 1153 ficri
1328 1111 1565 1168 cupere,
1608 1093 1888 1150 commoda

295 1195 601 1251 valetudine
630 1210 815 1250 sumus
836 1235 852 1260 ,
885 1193 1192 1262 ingentique
1218 1191 1329 1245 otio
1355 1199 1409 1244 et
1433 1188 1613 1260 quiete
1642 1186 1885 1251 fruimur,

295 1297 459 1358 atque
503 1289 556 1341 in
590 1287 878 1341 securitate
914 1284 1190 1353 degimus,
1239 1281 1482 1336 Isauricis
1511 1278 1760 1333 nimirum
1802 1286 1888 1330 tu-

297 1378 559 1434 multibus
606 1376 836 1431 liberati.
884 1375 1017 1429 Nam
1057 1371 1200 1444 quod
1241 1372 1307 1426 ad
1349 1369 1615 1426 Armenia:
1660 1367 1889 1422 hiemem

294 1470 508 1533 attinet,
543 1483 663 1522 eam
707 1466 817 1537 jam
850 1480 948 1519 usu
994 1465 1112 1533 ipso
1147 1463 1288 1519 ferre
1331 1461 1512 1518 didici.
1557 1460 1889 1528 Quamquam

294 1562 443 1619 enim
475 1560 672 1631 frigore
700 1576 806 1614 non
850 1557 984 1614 nihil
1025 1556 1301 1621 offendor,
1331 1564 1390 1611 ut
1429 1555 1567 1610 solet
1595 1555 1638 1609 is
1665 1551 1757 1623 qui
1782 1560 1890 1605 tam

294 1652 554 1710 imbecilli
600 1650 828 1720 corpore
873 1648 1126 1720 prmditus
1159 1647 1229 1702 sit
1257 1664 1272 1701 :
1304 1645 1549 1716 superior
1577 1653 1752 1699 tamen
1792 1656 1890 1696 cx-

295 1744 454 1809 sisto,
503 1743 630 1797 dum
670 1742 816 1796 denti
863 1754 951 1795 me
1003 1746 1293 1809 perpetuo,
1344 1752 1466 1792 cum
1511 1735 1676 1805 frigus
1718 1734 1890 1799 szevit,

298 1835 536 1898 include,
563 1850 794 1905 raroque
821 1849 853 1889 e
881 1834 1066 1888 limine
1093 1831 1281 1902 pedem
1304 1829 1488 1886 effero.
1517 1828 1650 1889 Nam
1670 1837 1893 1883 caeteras

296 1929 514 1999 quidem
543 1928 668 1981 anni
716 1936 893 1996 partes
935 1927 1006 1980 ita
1044 1923 1312 1994 jucundas
1354 1937 1419 1978 ac
1458 1934 1650 1976 suaves
1695 1920 1890 1985 sentio,

301 2032 359 2078 ut
387 2036 509 2074 eum
542 2020 703 2074 etiam
750 2018 1014 2080 morbum,
1050 2032 1209 2086 quem
1255 2030 1324 2070 ex
1370 2013 1562 2069 hiemis
1605 2012 1894 2085 asperitate

298 2109 564 2176 contraxi,
596 2110 848 2179 perfacile
878 2109 1150 2178 depellere
1177 2123 1389 2178 queam.

513 2201 776 2258 CXLIII.
812 2201 1046 2272 Polybio.
1085 2199 1328 2273 (Cucuso
1348 2214 1492 2255 anno
1517 2198 1681 2270 ιοι.)

372 2292 535 2350 Urbis
570 2292 786 2364 quidem
830 2294 970 2358 solo,
1016 2307 1083 2348 ac
1107 2291 1276 2346 muris
1316 2300 1370 2345 ct
1409 2290 1700 2360 parietibus
1739 2286 1894 2358 ejecti

299 2402 488 2443 sumus
519 2403 533 2441 :
564 2401 750 2441 verum
795 2401 862 2439 ex
913 2384 1066 2449 urbe,
1113 2398 1232 2454 qua:
1275 2383 1489 2453 proprie
1531 2380 1635 2437 hoc
1679 2382 1896 2436 nomine

298 2478 528 2550 gaudet,
558 2478 777 2533 minime
806 2477 1172 2549 migravimus.
1217 2475 1351 2532 Nam
1383 2475 1428 2530 si
1459 2489 1557 2530 vos
1588 2473 1715 2537 urbs
1741 2473 1891 2541 estis,

299 2588 431 2632 sane
456 2587 577 2627 cum
610 2573 889 2629 vobiscum
932 2579 1092 2641 atque
1138 2570 1190 2623 in
1221 2568 1372 2623 vobis
1400 2576 1659 2639 perpetuo
1702 2565 1892 2632 simus,

296 2665 427 2720 illud
475 2664 813 2735 perSpicuum
861 2671 984 2730 est,
1034 2678 1130 2716 nos
1159 2661 1318 2715 etiam
1349 2659 1434 2714 hic
1475 2667 1891 2726 commorantes,

295 2758 491 2811 urbem
542 2756 685 2810 illam
731 2755 993 2811 habitare.
1039 2753 1226 2824 Neque
1269 2751 1412 2813 enim
1457 2751 1642 2806 dubito
1669 2751 1797 2821 quin
1839 2750 1894 2805 in

296 2848 494 2903 animis
535 2848 725 2903 vestris
770 2847 1072 2901 habitemus
1116 2862 1130 2899 :
1168 2859 1235 2900 ac
1276 2844 1508 2899 vicissim
1555 2856 1895 2914 quocumque

294 2939 624 3004 abierimus,
672 2954 768 2993 vos
812 2951 1043 3002 omnes,
1089 2936 1181 3006 qui
1210 2935 1378 2990 nostri
1406 2949 1592 2989 amore
1631 2932 1891 3003 llagratis,

294 3032 479 3086 animo
507 3029 948 3085 circumferimus.
995 3028 1107 3082 Hoc
1146 3042 1304 3098 porro
1333 3040 1431 3081 nos
1456 3040 1556 3080 nec
1586 3024 1744 3093 hujus
1787 3023 1893 3079 loci

298 3121 645 3177 solitudinem
672 3122 795 3190 (est
825 3129 1004 3174 autem
1031 3119 1193 3173 totius
1225 3117 1372 3173 orbis
1403 3127 1560 3172 terrae
1584 3114 1893 3171 desertissi-

297 3216 464 3284 mus),
513 3230 613 3269 nec
640 3212 951 3282 praedonum
979 3211 1314 3266 obsidionem
1344 3210 1506 3282 (nam
1534 3209 1769 3280 quotidie
1798 3209 1894 3265 ob—

297 3304 555 3375 sidctur),
589 3320 687 3359 nec
711 3303 942 3373 denique
970 3301 1185 3368 famem,
1213 3316 1332 3372 quae
1354 3302 1479 3357 hinc
1503 3311 1681 3357 ortum
1710 3300 1891 3367 trahit,

296 3395 607 3464 perspicere
631 3394 758 3450 sinit
785 3411 805 3446 :r
824 3392 1258 3465 quandoquidem
1298 3407 1495 3463 corpus
1536 3391 1622 3447 hic
1660 3391 1892 3447 defixum

295 3495 413 3551 est,
461 3486 639 3540 anima
679 3500 808 3540 vero
854 3484 993 3555 apud
1035 3499 1131 3540 vos
1174 3484 1379 3539 versari
1418 3498 1529 3540 non
1568 3482 1785 3539 desinit.
1822 3483 1894 3538 At

296 3579 553 3649 quoniam
582 3578 670 3643 iis,
717 3578 805 3648 qui
858 3576 960 3632 hoc
985 3576 1166 3631 animo
1211 3575 1418 3646 praediti
1463 3585 1606 3641 sunt,
1649 3574 1891 3645 corporis

295 3686 514 3743 quoque
554 3671 841 3742 praesentia
865 3684 1193 3744 magnopere
1220 3684 1344 3725 cara
1381 3676 1437 3724 et
1463 3667 1759 3738 expetenda
1785 3677 1888 3734 est,

295 3779 608 3834 mrerorque
633 3764 806 3832 adest,
833 3780 958 3820 cum
983 3780 1045 3820 ea
1087 3770 1330 3834 negatur,
1376 3762 1428 3817 id
1469 3776 1631 3833 porro
1670 3762 1892 3820 minime

296 3855 419 3912 ﬁeri
460 3864 658 3926 potest,
685 3854 813 3911 huic
835 3856 912 3911 rei
938 3855 1230 3911 maximum
1254 3853 1555 3909 remedium
1582 3852 1736 3909 affert
1761 3868 1892 3910 con-

298 3965 520 4020 gressus
561 3950 672 4016 ille,
716 3950 808 4023 qui
849 3949 1056 4006 mutuis
1096 3946 1338 4018 epistolis
1378 3955 1757 4017 comparatur:
1785 3961 1893 4018 quo

294 4042 346 4099 si
388 4041 545 4096 nobis
586 4057 683 4111 per
707 4056 803 4096 vos
827 4040 1046 4112 copiose
1083 4039 1187 4096 frui
1219 4038 1510 4108 contingat,
1555 4038 1656 4095 hac
1680 4053 1892 4111 quoque

297 4131 554 4192 mmstida
584 4133 840 4188 liberatos
882 4146 981 4187 nos
1020 4130 1336 4189 sentiemus.
1380 4130 1540 4187 Potes
1568 4130 1712 4186 enim
1753 4130 1889 4202 ipse,

298 4225 517 4283 domine
558 4227 630 4281 mi
669 4221 985 4295 cumprimis
1034 4222 1381 4294 admirande,
1410 4224 1712 4294 praesentiae
1740 4223 1893 4280 volu-

296 4325 500 4389 ptatem
531 4332 626 4387 per
651 4316 832 4372 literas
854 4315 1196 4372 adumbrare.

336 4402 341 4411 ’
514 4408 762 4465 CXLIV.
796 4408 1033 4481 Diogeni.
1070 4408 1316 4481 (Scripta
1344 4421 1485 4463 anno
1515 4407 1678 4479 404.)

375 4503 629 4558 Desertus
656 4501 871 4573 quidem
914 4502 1065 4557 locus
1093 4509 1176 4557 est
1213 4499 1485 4569 Cucusus,
1517 4510 1571 4556 et
1597 4500 1795 4572 alioqui
1820 4500 1891 4559 ad

293 4592 646 4650 habitandum
690 4592 1020 4664 periculosus
1044 4634 1059 4659 ,
1092 4600 1150 4647 ut
1189 4592 1279 4663 qui
1318 4600 1576 4664 perpetuo
1620 4594 1888 4649 latronum

296 4695 447 4741 metu
472 4684 697 4743 infestus
721 4686 790 4740 sit
823 4702 836 4739 :
869 4694 925 4743 tu
955 4686 1106 4749 vero,
1136 4684 1296 4745 etiam
1326 4683 1520 4741 absens
1538 4726 1553 4750 ,
1584 4700 1707 4741 eum
1736 4686 1891 4741 nobis

297 4775 354 4829 in
385 4774 808 4831 amoenissimum
854 4775 1030 4830 locum
1074 4773 1436 4835 commutasti,
1481 4774 1614 4831 Nam
1645 4791 1764 4831 cum
1805 4776 1890 4835 in-

288 4879 513 4940 gentem
538 4878 685 4924 tuum
711 4870 885 4924 zelum
906 4910 922 4935 ,
947 4844 1327 4939 sinceramque’
1350 4882 1416 4924 ac
1439 4866 1735 4926 ferventem
1764 4885 1890 4940 erga

291 4974 398 5015 nos
438 4960 715 5016 caritatem
758 4960 1003 5015 audimus
1033 4959 1210 5030 (nihil
1249 4961 1394 5014 enim
1432 4959 1620 5028 nobis,
1647 4961 1889 5031 quamvis

296 5065 408 5113 tam
438 5054 599 5124 longe
639 5053 876 5121 dissitis,
903 5052 1232 5123 incognitum
1273 5052 1390 5115 est)
1414 5095 1430 5121 ,
1462 5051 1888 5110 benevolentiam

292 5154 476 5211 tuam,
521 5155 790 5216 tamquam
836 5144 1150 5215 amplissimi
1195 5144 1472 5216 cujusdam
1515 5145 1791 5211 thesauri,
1824 5161 1890 5203 ac

288 5238 731 5295 inenarrabilium
759 5237 1063 5293 divitiarum
1104 5237 1272 5292 instar
1300 5237 1587 5305 habentes,
1619 5239 1690 5294 ita
1714 5239 1886 5296 afﬁci-

290 5345 440 5391 mur.
462 5339 519 5384 ut
541 5330 696 5386 nobis
719 5331 821 5401 ipsi
842 5332 896 5384 in
926 5330 1188 5385 tutissima
1214 5329 1348 5385 urbe
1366 5331 1566 5386 versari
1589 5331 1883 5401 videamur,

288 5428 441 5475 tanta
466 5419 715 5475 videlicet
737 5420 920 5477 laetitia
951 5420 1138 5487 erecti,
1169 5420 1567 5492 maximumque
1595 5422 1718 5480 hinc
1739 5425 1885 5482 sola.

286 5510 426 5566 tium
456 5511 751 5580 capientes.
781 5512 900 5580 Quo
928 5512 1089 5583 igitur
1126 5511 1266 5569 alter
1291 5512 1511 5583 insuper
1550 5513 1705 5572 nobis
1730 5515 1883 5576 volu-

286 5601 454 5673 ptatis
499 5603 746 5658 cumulus
795 5603 1051 5670 accedat,
1108 5603 1269 5659 velim
1320 5604 1488 5660 literis
1530 5620 1741 5676 quoque
1787 5620 1886 5663 nos

286 5705 527 5757 recrees,
553 5692 745 5762 quibus
765 5691 832 5748 de
856 5701 943 5748 tua
965 5693 1268 5750 valetudine
1285 5694 1546 5755 certiores
1565 5694 1882 5752 efﬁciamur.

284 5782 422 5843 Nam
450 5784 551 5843 etsi
581 5784 799 5841 difficile
837 5784 980 5842 istud
1008 5795 1125 5855 est,
1159 5795 1272 5843 tum
1299 5787 1370 5846 ob
1394 5788 1494 5848 via:
1521 5785 1883 5862 longinquita-

627 5892 901 5959 Ρηιιοι.
946 5892 1065 5958 Gn.
1111 5893 1241 5958 LII.

1745 338 2125 398 EPISTOLIE.

3480 330 3589 401 093

1994 462 2125 519 tem,
2155 450 2267 508 tum
2294 451 2440 524 quod
2470 450 2559 508 hic
2588 451 2738 509 locus
2764 466 2797 507 a
2825 447 3038 522 publica
3066 448 3151 505 via
3175 447 3327 504 valde
3346 457 3587 507 semotus

1992 544 2082 609 sit,
2114 550 2293 599 tamen
2339 541 2543 597 homini
2573 542 2645 597 ita
2686 540 2909 606 amanti,
2954 551 3011 596 ut
3045 540 3159 611 ipse
3197 554 3380 594 amare
3423 536 3585 602 nosti.

1992 634 2153 689 etiam
2182 649 2302 704 qua:
2330 632 2498 689 ardua
2539 641 2665 689 sunt
2700 631 2879 687 facilia
2918 632 3233 687 redduntur.
3266 618 3397 686 Cum
3429 628 3589 701 igitur

1992 724 2409 790 animadvertas,
2432 734 2682 795 quantam
2709 723 3013 795 hujusmodi
3040 723 3310 777 literarum
3336 721 3588 792 frequen-

1995 819 2064 873 tia
2094 819 2319 889 gratiam
2344 833 2376 873 a
2404 818 2558 873 nobis
2579 817 2808 873 initurus
2828 817 2924 884 sis,
2950 815 3086 871 hanc
3111 828 3323 885 quoque
3348 812 3589 868 laetitiam

1993 910 2148 964 nobis
2190 909 2369 979 prtebe
2397 926 2412 963 :
2441 906 2702 978 siquidem
2733 906 2865 962 illud
2904 904 3131 961 moleste
3157 902 3413 971 ferimus,
3443 899 3588 972 quod

1993 1017 2115 1058 cum
2143 1003 2335 1057 iterum
2360 1002 2469 1071 jam
2498 1001 2564 1056 ad
2601 1009 2655 1056 te
2678 998 3087 1070 scripserimus,
3119 1008 3296 1058 tamen
3321 1011 3391 1057 nc
3419 991 3589 1058 semel

1994 1095 2209 1167 quidem
2240 1095 2421 1150 iiteras
2447 1108 2476 1149 a
2509 1103 2560 1150 te
2588 1092 2912 1164 accepimus.

2065 1229 2278 1291 CXLV.
2302 1229 2521 1286 Nicolao
2553 1228 2864 1302 presbytero.
2919 1225 2939 1300 (
2963 1227 3115 1284 Anno
3133 1222 3353 1281 circiter
3380 1220 3487 1283 405

2649 1342 2733 1397 vel
2763 1340 2920 1412 too.)

2065 1478 2332 1549 Cuperem
2354 1477 2567 1549 quidem
2596 1477 2713 1549 ipse
2727 1490 2959 1547 quoque,
2987 1481 3040 1529 et
3064 1471 3279 1544 quidem
3291 1468 3588 1526 vehemen-

1998 1579 2079 1626 ter
2109 1585 2363 1640 cuperem
2418 1581 2471 1626 te
2498 1569 2685 1625 videre
2713 1577 2873 1638 atque
2909 1564 3237 1636 complecti:
3274 1561 3434 1632 idque
3475 1560 3593 1630 ipso

1995 1661 2157 1716 etiam
2188 1671 2314 1717 ante
2361 1670 2572 1717 nostras
2599 1669 2848 1731 acceptas
2874 1658 3057 1713 literas
3080 1654 3307 1712 minimc
3353 1654 3592 1725 ignoras.

1996 1753 2126 1809 Nam
2153 1770 2275 1809 cum
2305 1754 2516 1810 sincero
2545 1754 2725 1810 animo
2754 1767 2936 1807 amare
2985 1750 3135 1806 noris
3157 1790 3173 1817 ,
3230 1762 3326 1804 eos
3367 1759 3587 1819 quoque

1995 1846 2087 1915 qui
2117 1845 2330 1902 sincero
2380 1845 2563 1901 animo
2588 1852 2792 1913 amant,
2839 1857 3132 1915 agnoscere
3177 1838 3341 1896 nosti.
3393 1837 3592 1899 Verum

1999 1938 2123 2008 quia
2146 1938 2198 1994 id
2225 1954 2332 1993 non
2360 1938 2505 2006 licet,
2539 1938 2778 2006 interim,
2809 1935 2951 2008 quod
2981 1936 3125 2001 licet,
3155 1933 3297 1993 facio
3324 1930 3545 1988 :scribo
3570 1968 3602 1996 ,.

1998 2030 2194 2097 saluto,
2246 2030 2449 2097 literas,
2497 2045 2616 2101 qua:
2664 2029 2819 2085 nobis
2873 2025 3192 2086 valetudinis
3240 2036 3344 2080 tuae
3388 2031 3593 2078 statum

1940 2137 1961 2145 ί
1999 2121 2193 2177 crebro
2218 2130 2508 2192 exponant,
2563 2121 2794 2190 postulo.
2846 2118 3206 2188 Quamobrem
3250 2117 3389 2170 hanc
3437 2110 3594 2173 nobis

1996 2214 2220 2283 gratiam
2244 2212 2499 2268 concede.
2524 2212 2657 2267 Nam
2679 2226 3000 2282 quamquam
3036 2209 3104 2265 ad
3150 2223 3268 2264 eam
3309 2220 3426 2261 rem
3469 2204 3594 2258 hor-

1999 2314 2170 2362 tatore
2197 2305 2328 2361 nihil
2356 2305 2579 2375 indiges,
2614 2313 2793 2359 tamen
2820 2304 2890 2359 de
2934 2302 3039 2357 hac
3082 2316 3146 2356 re
3190 2308 3248 2355 te
3264 2297 3595 2354 submonere

1998 2398 2217 2454 minime
2247 2397 2590 2453 desistetnus.
2623 2395 2808 2467 Neque
2837 2395 2980 2449 enim
3011 2394 3256 2464 exiguam
3306 2390 3474 2457 animi
3500 2390 3585 2447 le.

2000 2488 2293 2553 vationcm,
2318 2497 2482 2557 atque
2512 2498 2622 2542 tum
2655 2485 2983 2551 solitudinis,
3014 2493 3126 2539 tum
3156 2482 3592 2554 quotidianoruns

2000 2589 2290 2647 terrorum,
2336 2581 2428 2651 qui
2459 2595 2527 2636 ex
2559 2578 2870 2651 pratdonum
2903 2576 3208 2632 incursione
3232 2574 3388 2630 nobis
3408 2573 3594 2630 oriuno

2001 2684 2107 2740 tur,
2133 2682 2242 2727 tum
2274 2670 2448 2727 morbi
2475 2671 2738 2741 corporis,
2762 2668 3219 2738 adversarumque
3241 2666 3467 2721 aliarum
3500 2678 3591 2720 re-

1996 2779 2116 2820 rum
2147 2762 2574 2819 consolationem
2601 2761 2735 2816 illud
2762 2761 2919 2815 nobis
2945 2760 3230 2815 allaturum
3252 2768 3332 2814 est
3357 2797 3373 2823 ,
3426 2756 3477 2813 si
3517 2771 3592 2813 ex

1995 2855 2167 2921 vobis,
2192 2854 2384 2925 quibus
2410 2853 2520 2908 cari
2543 2867 2747 2918 sumus,
2770 2851 2886 2913 hoe‘
2903 2850 3283 2922 intelligamus,
3308 2861 3405 2904 vos
3428 2847 3587 2911 firma

1996 2947 2302 3004 valetudine
2326 2961 2468 3015 esse,
2497 2947 2785 3017 omniaque
2804 2945 2956 3001 vobis
3003 2959 3072 3000 ex
3118 2943 3281 2998 animi
3324 2941 3589 2999 sententia

1997 3041 2244 3107 evenire,
2279 3039 2489 3095 etiamsi
2515 3039 2714 3110 alioqui
2754 3049 3035 3094 sexcentos
3064 3034 3217 3092 nobis
3244 3041 3591 3104 tempestates

1995 3146 2413 3188 commemores.
2433 3130 2540 3199 Qui
2568 3130 2782 3186 tandem
2812 3129 2991 3186 istud?
3016 3127 3278 3197 Quoniam
3322 3126 3456 3183 nihil
3482 3126 3591 3181 im.

1997 3223 2162 3294 pedit,
2194 3222 2502 3294 quominus,
2535 3222 2628 3294 qui
2677 3221 2926 3293 generosi
2970 3230 3027 3277 et
3075 3219 3375 3291 experrecti
3425 3227 3591 3288 atque

1993 3315 2186 3371 attenti
2211 3314 2375 3371 animi
2429 3324 2543 3381 est,
2590 3314 2752 3370 etiam
2798 3314 2851 3369 in
2898 3312 3212 3385 perturbato
3253 3308 3590 3382 negotiorum

1995 3407 2132 3462 mari
2162 3396 2389 3462 feliciter
2426 3406 2676 3477 naviget:
2709 3404 3163 3478 quemadmodum
3207 3413 3392 3460 contra
3419 3444 3438 3472 ,
3492 3402 3591 3474 qui

1997 3496 2173 3566 ignavi
2201 3512 2267 3551 ac
2284 3497 2612 3552 consternati
2638 3496 2922 3566 supinique
2945 3496 3111 3551 animi
3136 3504 3240 3559 est,
3296 3493 3591 3565 tranquillo

1995 3601 2208 3657 quoque
2243 3588 2376 3642 mari
2422 3587 2760 3657 perturbetur
2782 3588 3015 3658 atquein
3055 3587 3286 3642 tumultu
3324 3594 3590 3646 versetur.

2067 3723 2205 3781 CXL
2220 3724 2313 3780 γι.
2342 3723 2626 3789 Theodoto,
2656 3723 2900 3793 Nicolao,
2929 3724 3185 3792 Chwrete,
3214 3722 3518 3797 presbyteri:

2306 3825 2352 3871 et
2381 3816 2660 3875 monachis.
2693 3813 2926 3888 (Cucuso
2947 3831 3088 3874 anno
3116 3814 3269 3890 405.)
3472 3834 3475 3839 ·

2071 3951 2182 4008 Vos
2205 3951 2419 4023 quidem
2436 3950 2743 4008 lsaurorum
2767 3951 3128 4008 incursionem
3149 3959 3310 4023 atque
3325 3949 3587 4023 impetum

1996 4045 2256 4101 absentiae
2283 4053 2476 4101 vestrae
2501 4059 2717 4101 causam
2745 4059 2868 4102 esse
2902 4044 3080 4101 dicitis
3105 4062 3119 4101 :
3166 4053 3224 4100 at
3256 4059 3356 4116 ego
3382 4059 3478 4101 vos
3528 4055 3589 4102 et

1996 4136 2210 4203 adesse,
2230 4144 2296 4193 et
2314 4136 2590 4192 nobiscum
2620 4136 2823 4193 versari
2858 4135 2980 4192 dico
3003 4176 3019 4202 ,
3069 4150 3246 4206 neque
3279 4134 3587 4206 huiusmodi

1995 4243 2132 4294 rem,
2154 4228 2283 4300 quin
2296 4227 2364 4282 ad
2384 4243 2483 4283 nos
2494 4227 2771 4297 veneritis,
2806 4226 3189 4299 impedimento
3215 4227 3367 4283 vobis
3397 4226 3585 4284 fuisse.

1995 4319 2131 4377 Nam
2160 4335 2241 4376 ea:
2257 4319 2505 4376 caritatis
2529 4334 2720 4390 pennae
2765 4328 2932 4386 sunt,
2982 4329 3045 4375 ut
3073 4320 3282 4376 etiamsi
3332 4328 3590 4376 sexcenta

1996 4410 2374 4482 impedimenta
2392 4426 2452 4467 se
2486 4411 2762 4482 objiciant,
2802 4419 3025 4482 repente
3063 4419 3241 4468 tamen
3281 4426 3350 4467 ac
3389 4426 3587 4481 mgna

1993 4516 2118 4558 cum
2149 4500 2405 4557 facilitate
2432 4500 2631 4572 ubique
2654 4501 2813 4556 adsit.
2843 4501 2995 4571 Quod
3025 4500 3070 4556 si
3114 4515 3377 4572 corporea
3406 4510 3586 4575 vestra

1996 4592 2282 4665 prresentia
2307 4605 2574 4657 caremus,
2596 4592 2806 4662 precari
2833 4606 2901 4647 ne
2921 4576 3296 4649 intermittite:
3324 4604 3394 4645 ac
3443 4590 3588 4653 Deus

1994 4697 2114 4738 eam
2139 4697 2234 4753 pro
2285 4696 2381 4737 sua
2407 4682 2737 4751 benignitate
2781 4680 2950 4738 dabit,
2979 4680 3419 4751 Quandoquidem
3469 4680 3586 4755 ipse

1995 4792 2207 4848 quoque
2258 4777 2441 4831 animo
2465 4790 2563 4831 vos
2589 4775 2803 4832 assidue
2831 4789 3045 4847 gerens,
3095 4784 3440 4845 congressum
3487 4790 3585 4831 ve-

1994 4878 2165 4923 strum
2197 4866 2341 4927 haud
2373 4867 2650 4939 vulgarem
2674 4867 2728 4923 in
2747 4867 2965 4923 nmdum
2990 4865 3242 4923 desidero
3261 4884 3274 4921 :
3293 4882 3466 4938 neque
3481 4866 3587 4922 du-

1994 4958 2125 5023 bito,
2148 4958 2276 5029 quin
2307 4958 2447 5014 istud
2477 4957 2610 5014 mihi
2635 4959 2931 5029 contingat,
2960 4956 3250 5015 dummodo
3278 4972 3402 5019 eum
3425 5000 3440 5025 ,
3492 4957 3585 5029 qui

1994 5059 2368 5123 tempestatem
2386 5066 2601 5107 omnem
2619 5050 2909 5118 discutere,
2935 5058 3236 5121 cunctaque
3261 5049 3314 5106 in
3337 5066 3583 5121 magnam

1995 5146 2434 5216 tranquillitatem
2461 5143 2727 5201 adducere
2748 5152 2949 5216 potest,
3001 5144 3198 5200 obnixe
3220 5143 3387 5199 oretis
3406 5153 3460 5198 ct
3482 5143 3582 5198 ob-

1994 5236 2241 5293 secretis.
2273 5233 2348 5293 Ut
2376 5245 2555 5292 autem
2604 5251 2788 5293 rerum
2830 5249 3043 5311 quoque
3084 5245 3395 5293 nostrarum
3443 5241 3582 5293 statu

1991 5329 2208 5398 cognito
2236 5327 2511 5395 ltetemini,
2544 5326 2744 5398 ingenti
2772 5328 2952 5398 quiete
2977 5336 3138 5398 atque
3166 5327 3278 5383 otio
3312 5325 3538 5381 fruimur
3564 5365 3578 5393 ,

1991 5435 2293 5491 corpusque
2311 5428 2579 5487 nostrum,
2609 5420 2710 5477 etsi
2739 5420 2937 5492 alioqui
2969 5420 3136 5477 multa
3158 5420 3266 5477 sint
3279 5434 3397 5498 quae
3418 5417 3584 5487 ipsius

1992 5517 2355 5575 valetudinem
2381 5516 2720 5584 labefactent,
2774 5519 2907 5572 satis
2960 5514 3243 5574 commode
3287 5529 3352 5570 se
3400 5511 3581 5572 habet.

1989 5607 2325 5680 Quamquam
2375 5607 2518 5665 enim
2566 5617 2622 5664 et
2656 5606 2989 5664 medicorum
3042 5605 3252 5676 inopia,
3303 5613 3359 5660 et
3401 5617 3584 5666 rerum

1992 5699 2418 5755 necessariarum
2462 5699 2687 5772 penuria
2736 5698 2914 5771 (nihil
2951 5699 3096 5754 enim
3124 5697 3213 5752 hic
3241 5697 3433 5755 venale
3454 5708 3581 5768 est,

1998 5805 2097 5850 nec
2111 5790 2498 5858 medicamenta
2515 5794 2625 5851 ulla
2642 5791 2965 5881 suppetunt)
2980 5831 2997 5861 ,
3025 5797 3082 5849 ut
3103 5789 3219 5850 caeli
3237 5787 3591 5880 intotan

3148 5906 3231 5978 20
