3950 6372
386 393 482 450 7M

389 520 528 571 σεως
555 504 665 559 τῶν
694 516 887 572 γιγενη
899 495 1092 570 μένων,
1120 491 1220 561 τὴν
1248 481 1664 572 ἐπιτεταμένην,
1701 473 1962 572 μεγίστην

577 558 951 665 παράμυθίάν.
999 558 1110 638 Kui
1155 558 1262 651 γὰρ
1303 579 1402 670 οὺχ
1431 577 1464 645 ή
1504 569 1745 670 τυχοῦσα
1776 558 1967 670 γέγοῖἐ

399 651 488 761 μ’ῦι
510 651 807 757 παραίθυχὴ
829 720 842 745 ,
881 679 941 731 τὸ
972 671 1279 744 λογίζεσθαι
1309 669 1391 723 ὅτι
1438 668 1501 719 ἐκ
1536 659 1791 715 τοσούτου
1837 651 1972 759 καθ-

395 744 1001 853 ήμενοιιδιαστήματος,
1041 768 1139 837 οὐχ
1178 762 1482 836 ἑωρακότες
1514 756 1660 827 ἡμᾶς
1690 766 1839 853 ποτε,
1874 744 1975 797 οὐκ

396 845 651 941 όφθέντες
674 867 802 923 παρ’
836 863 1013 935 ἡμῶν,
1050 859 1111 912 οὐ
1143 858 1318 922 λόγων
1342 852 1476 923 ἡμῖν
1503 845 1932 911 κοινωνήσαντες
1958 875 1972 899 ,

399 961 592 1034 ἀθρόον
624 959 729 1013 ὑπὸ
774 957 875 1027 τῆς
906 950 1252 1027 παρανομίας
1279 946 1387 998 τῶν
1417 939 1792 1010 τολμηθέντων
1823 948 1977 1001 κινη-

401 1024 603 1117 θέντες,
652 1024 921 1118 τοσαύτην
974 1024 1323 1105 ἐπεδείξασθε
1367 1034 1497 1104 περὶ
1538 1030 1684 1101 ήμΞς
1735 1024 1978 1118 ἀγάπην,

399 1146 532 1216 ὅσην
560 1142 794 1213 πατέρες
827 1117 958 1211 περὶ
1003 1135 1197 1195 παῖδας
1219 1172 1232 1195 ,
1281 1126 1481 1200 μᾶλλον
1515 1123 1572 1175 δὲ
1610 1121 1704 1175 καὶ
1742 1117 1983 1187 πατέρας

401 1212 757 1306 ἀπεκρύψατε
787 1234 853 1303 τῇ
876 1229 1111 1300 τοσαύτῃ
1143 1219 1457 1295 κηδεμονίᾳ.
1492 1216 1589 1270 Διά
1621 1212 1794 1266 ταῦτα
1832 1214 1986 1280 χάρι-

403 1344 502 1390 τας
533 1302 687 1397 ύμῶν
719 1302 876 1396 ῐσμεν
905 1325 973 1393 τῇ
1004 1320 1262 1390 εὐλαϐείᾳ
1288 1360 1302 1383 ,
1329 1314 1683 1390 θαυμάζομεν
1702 1349 1716 1373 ,
1755 1302 1990 1378 μακαρί-

407 1418 598 1489 ζομεν,
640 1415 1067 1488 παρακαλοῦμεν
1097 1414 1240 1484 ὑμᾶς
1273 1411 1472 1474 αὐτοὺς
1496 1408 1563 1462 τά
1584 1401 1790 1459 ἑαυτῶν
1819 1397 1991 1469 μιμή-

411 1487 627 1577 σασθαι,
650 1487 745 1562 xui
759 1507 825 1578 ἢν
848 1506 907 1574 ἐξ
926 1506 1100 1577 ἀρχῆς
1120 1501 1466 1568 ἐπεδείξασθε
1494 1496 1820 1571 προθυμίαν,
1839 1487 1990 1562 [688]

400 1603 616 1674 ταύτην
651 1603 731 1665 είς
771 1600 923 1662 τέλος
957 1600 1205 1667 ἀγαγεῖν.
1248 1595 1363 1649 Κᾶν
1409 1594 1518 1663 γὰρ
1569 1589 1732 1661 μηδὲν
1774 1586 1993 1654 γίνηται

414 1694 579 1750 πλέον
607 1696 686 1758 είς
717 1691 1003 1763 διόρθωσιν
1030 1689 1137 1743 τῶν
1166 1684 1568 1758 γεγενημένων,
1590 1682 1651 1734 οὐ
1685 1676 1856 1750 μικρὰ
1893 1689 1999 1726 πα·

418 1785 686 1859 ράιιλησις
713 1786 867 1855 ἡμῖν,
903 1783 1039 1853 ὅπερ
1070 1780 1241 1851 ἔφθην
1276 1778 1466 1843 εἰπὼν,
1502 1772 1771 1841 τοσαύτης
1799 1766 1996 1822 ἀπολε-

415 1873 640 1927 λαυκόσι
681 1871 777 1926 xui
828 1871 1163 1925 ἀπολαύουσι
1215 1868 1367 1940 παρά
1408 1868 1505 1939 τῆς
1551 1863 1863 1935 τιμιότητος
1900 1857 1998 1926 τῆς

408 1966 693 2037 ,ὑμετέρας
718 1964 957 2034 ἀγάπης.

771 2101 953 2156 PNA'.
1008 2098 1267 2162 Ἇσέλλῳ
1319 2092 1648 2157 ἐπισκόπφ.

491 2215 622 2274 οἶδα
652 2219 750 2291 μὲν
779 2219 862 2272 ὅτι
884 2217 1036 2271 οὐδὲν
1060 2216 1191 2287 ὑμῖν
1220 2215 1301 2268 δεῖ
1321 2209 1665 2284 γραμμάτων
1701 2207 1779 2269 εἰς
1807 2204 1867 2258 τὸ
1894 2203 2009 2256 δια-

423 2312 707 2380 ναστῆναι,
740 2312 832 2365 xui
865 2308 1250 2363 ἀντιλαϐέσθαι
1275 2305 1374 2376 τῆς
1403 2302 1742 2373 διορθώσεως
1774 2296 1880 2349 τῶν
1909 2294 2008 2357 τὰς

440 2404 765 2475 Ἐκκλησίας
782 2402 884 2473 τῆς
921 2398 1212 2469 Ἀνατολῆς
1240 2395 1644 2466 κατειληφότων
1670 2390 1875 2444 κακῶν.
1900 2386 2012 2441 Kui

426 2495 588 2549 τοῦτο
617 2494 683 2548 δι’
709 2488 786 2547 ὧν
812 2493 1169 2563 πεποιήκατε,
1194 2483 1565 2552 ἐπεδείξασθε,
1598 2477 2013 2553 αύτοπαράκλη-

428 2604 514 2641 τοι
544 2585 813 2654 τοσαύτην
847 2582 1223 2655 παρασχόντες
1267 2592 1289 2620 ³
1340 2577 1592 2649 σπουδήν,
1640 2574 1781 2629 Ἀλλ’
1825 2571 2016 2642 ἐπειδὴ

431 2684 502 2737 τά
528 2681 675 2737 κακὰ
696 2679 777 2735 ἔτι
812 2677 960 2750 μένει
983 2673 1305 2747 ἀδιόρθωτα,
1337 2671 1425 2726 διὰ
1453 2668 1552 2742 τήν
1576 2668 1763 2723 ἄνοιαν
1790 2666 1898 2720 τῶν
1927 2681 2016 2719 το-

435 2773 608 2828 σαῦτα
640 2770 1165 2843 παρανομησάντων,
1201 2766 1497 2834 ἀναγκαῖον
1522 2757 1660 2815 εἶναι
1688 2758 2019 2830 ἐνομίσαμεν

426 2862 820 2938 παρακαλέσαι
852 2861 1005 2932 ὑμῶν
1031 2860 1129 2931 τὴν
1156 2857 1473 2921 εὐλάϐειαν,
1512 2853 1653 2938 ὥστε
1691 2851 1767 2924 μὴ
1815 2851 2023 2904 ἀποκα-

420 2934 583 3028 μεῖν,
613 2953 748 3027 μηδὲ
780 2955 1174 3025 περικακῆσαι,
1211 2949 1325 3004 ἀλλ’
1355 2934 1681 3017 ἀκμαζούσῃ
1715 2938 2024 3014 χρήσασθαι

434 3052 506 3121 τῇ
552 3046 851 3120 προθυμίᾳ,
881 3045 975 3098 xui
999 3043 1071 3096 τά
1093 3043 1224 3115 παρ’
1257 3039 1468 3094 ἑαυτῶν
1488 3036 1652 3090 πάλιν
1683 3034 1899 3089 ἅπαντα
1921 3034 2028 3084 εἰσ-

441 3143 707 3212 ενεγκεῖν.
748 3141 896 3209 Ὃσῳ
923 3137 1031 3209 γάρ
1056 3135 1125 3189 ἂν
1165 3132 1360 3189 ἀνίατα
1386 3131 1616 3185 νοσῶσιν
1658 3130 1711 3183 οἱ
1751 3126 1889 3200 πρὸς
1926 3125 2027 3196 τὴν

443 3233 554 3290 τῶν
600 3230 937 3301 Ἑκκλησιῶν
964 3227 1301 3283 κατάστασιν
1332 3222 1746 3288 στασιάζοντες,
1788 3217 2030 3288 τοσούτῳ

446 3324 721 3380 κάκείνων
746 3322 777 3363 ιι
805 3320 966 3375 πλέον
992 3319 1145 3373 ἔσται
1174 3318 1237 3371 τὸ
1274 3319 1448 3388 κρῖμα
1472 3353 1487 3379 ,
1521 3312 1617 3368 xui
1643 3312 1771 3383 ὑμῖν
1801 3311 1914 3373 τοῖς
1954 3308 2030 3380 μὴ

448 3414 830 3486 ἀποκάμνουσι
856 3410 1238 3484 λαμπρότερος
1278 3410 1307 3461 ὁ
1341 3405 1530 3478 μισθὸς
1557 3447 1572 3475 ,
1600 3404 1693 3458 xui
1726 3402 1947 3483 μείζους
1981 3402 2030 3454 oi

453 3508 729 3578 στέφανοι.

912 3645 1100 3698 PNB'.
1154 3641 1560 3705 Ἐπισκόποις.

487 3759 641 3815 -Καὶ
677 3757 784 3830 ίδίᾳ
806 3756 1050 3827 ἑκάστῳ,
1088 3755 1183 3809 xui
1216 3755 1371 3824 κοινῇ
1397 3753 1565 3805 πᾶσιν
1595 3750 1722 3820 ὑμῖν
1749 3745 2038 3815 ὀφείλομεν

454 3854 705 3926 χάριτας,
727 3852 827 3923 οὐχ
849 3852 1012 3922 ἡμεῖς
1032 3848 1091 3903 δὲ
1114 3847 1295 3919 μόνον,
1313 3845 1452 3899 ἀλλά
1474 3844 1569 3898 xui
1597 3842 1796 3903 πάντες
1819 3839 1871 3891 οί
1898 3834 2039 3890 κατά

458 3944 557 4023 τὴν
589 3942 878 4014 ’Λνατολὴν
906 3941 1213 4007 ἐπίσκοποι,
1239 3937 1493 4010 κληρικοὶ
1515 3934 1787 4005 διαφόρων
1809 3928 2040 3993 πόλεων,

458 4022 579 4090 λαοὶ
612 4033 872 4099 ποικίλως
921 4032 1291 4105 ἐλαυνόμενοι,
1336 4031 1419 4085 ὅτι
1473 4029 1717 4099 πατρικά
1760 4022 2045 4091 σπλάγχνα

460 4127 901 4198 ἐπιδειξάμενοι,
944 4125 1321 4197 συνηλγήσατε
1347 4163 1361 4187 ,
1400 4122 1593 4191 ἔστητε
1638 4116 1929 4188 γενναίως,
1975 4111 2047 4166 τὰ

461 4220 596 4290 παρ’
619 4219 773 4290 ὑμῶν
793 4219 973 4273 αὐτῶν
995 4218 1174 4272 πάντα
1204 4214 1577 4286 είσηνέγκατε.
1593 4210 1691 4264 Διὰ
1714 4207 1887 4264 ταῦτα
1913 4205 2048 4260 πάν-

464 4327 558 4374 τες
588 4309 734 4380 ὑμᾶς
764 4307 1223 4378 άνακηρύττουσι,
1260 4303 1635 4376 στεφανοῦσιν,
1659 4300 1751 4354 ἐπὶ
1781 4297 2048 4368 στόματος

468 4402 728 4474 φέρουσιν
749 4400 916 4472 ιὺμῶν
936 4399 1004 4453 τὰ
1029 4397 1447 4469 κατορθώματα.
1493 4394 1556 4447 Ei
1583 4393 1638 4446 δὲ
1664 4390 1816 4462 παρά
1840 4385 2049 4460 ἀνθρώ-

467 4511 592 4549 πων
618 4491 866 4549 τοιαῦται
907 4493 965 4544 αἱ
1010 4491 1202 4561 τιμαὶ,
1234 4490 1522 4561 ἐννοήσατε
1554 4484 1707 4557 παρά
1734 4481 1830 4537 τοῦ
1865 4481 2051 4550 φιλαν-

469 4587 690 4661 θρώπου
717 4585 855 4642 Θεοῦ
903 4584 1068 4639 πόσαι
1115 4582 1245 4653 ὑμῖν
1287 4582 1342 4634 αἱ
1389 4579 1684 4640 ἀντιδόσεις
1745 4574 1911 4630 Ταῦτ’
1958 4570 2051 4626 οὖν

470 4680 703 4743 σίδότες,
734 4677 1057 4751 τιμιώτατοι
1098 4671 1355 4728 δέσποταί
1387 4688 1488 4743 μου
1520 4669 1615 4724 xui
1645 4667 2051 4730 εὐλαϐέστατοι,

472 4770 577 4824 κᾶν
606 4771 656 4823 οἱ
689 4766 1046 4840 θορυϐοῦντες
1083 4766 1183 4830 τὰς
1224 4761 1551 4831 Ἐκκλησίας
1589 4758 1783 4814 ἀνίατα
1824 4757 2053 4824 νοσῶσι,

479 4863 555 4935 μὴ
582 4861 862 4931 παύσησθε
900 4861 999 4933 τὴν
1042 4861 1172 4931 παρ’
1200 4858 1356 4930 ὑμῶν
1387 4855 1565 4911 αῦτῶν
1605 4853 1946 4926 εἰσφέροντες
1971 4852 2057 4905 θε-

481 4954 733 5026 ραπείαν.
767 4955 917 5022 Ὄσῳ
954 4952 1059 5023 γὰρ
1104 4951 1171 5005 ἂν
1214 4948 1435 5003 πλείονα
1466 4946 1533 5001 τὰ
1562 4945 1861 5017 κωλύματα
1889 4941 1922 5017 ᾖ
1964 4943 2061 4998 καὶ

477 5046 737 5117 πλείωνή
767 5045 1022 5099 δυσκολία
1045 5084 1061 5108 ,
1100 5043 1340 5114 τοσούτῳ
1380 5042 1475 5096 xui
1511 5038 1712 5110 μείζων
1741 5039 1869 5107 ὑμῖν
1901 5038 1929 5090 ὁ
1971 5056 2059 5108 μι-

482 5135 628 5199 σθός.
648 5136 712 5188 Ei
731 5135 840 5205 γὰρ
865 5135 1030 5187 ποτόν
1059 5151 1142 5197 τις
1164 5133 1376 5205 ψυχρὸν
1401 5143 1422 5170 ε
1448 5130 1686 5193 ἐπιδοὺς,
1714 5130 1812 5181 οὐκ
1833 5128 2063 5198 ἄμισθον

476 5226 593 5291 ἕξει
615 5224 712 5297 τὴν
738 5225 995 5295 βραχεῖαν
1012 5223 1410 5299 φιλοφροσύνην
1430 5238 1442 5252 ’
1463 5221 1512 5275 οί
1535 5220 1775 5275 τοσαῦτα
1801 5219 1896 5274 xui
1914 5219 2066 5289 ποιῆ-

486 5336 577 5374 σαι
602 5319 695 5373 xui
728 5317 922 5372 παθεῖν
954 5315 1197 5387 ἑλόμενοι
1234 5316 1376 5387 ὑπὲρ
1420 5314 1760 5385 Ἐκκλησιῶν
1796 5329 2066 5385 ταρασσο-

478 5411 666 5479 μένων
684 5455 699 5475 ,
733 5411 1023 5480 ἐννοήσατε
1050 5406 1243 5478 ἡλίκην
1274 5405 1510 5476 λήψεσθε
1541 5405 1639 5474 τὴν
1664 5404 1900 5475 ἀμοιϐὴν
1922 5443 1937 5466 ,
1974 5405 2070 5457 καὶ

488 5501 629 5555 πόσα
653 5501 798 5572 ὑμᾶς
826 5497 1087 5570 ἀναμένει
1121 5496 1229 5550 τῶν
1274 5496 1456 5551 καλῶν
1493 5497 1672 5552 πόνων
1703 5496 1772 5551 τά
1819 5496 2066 5569 βραϐεῖα.
2099 5525 2102 5529 ~

551 5663 579 5723 _'
603 5659 728 5723 {res
747 5672 863 5710 mss.
878 5659 1185 5723 παρέχοντες.

548 5720 585 5761 8
621 5720 804 5771 Omnes
827 5734 943 5771 mss.
958 5718 1215 5777 κάκείνοις.
1239 5718 1371 5770 Edit.
1400 5718 1649 5769 κάκείνων.

547 5782 583 5814 ⁶
609 5780 794 5834 Omnes
824 5783 941 5833 editi
967 5784 1004 5832 εί
1027 5784 1115 5847 γὰρ
1137 5782 1362 5846 ποτήριόν
1385 5799 1455 5839 τις
1486 5778 1690 5845 ψυχροῦ.

1074 367 1134 422 5.
1179 362 1464 421 JOANNIS
1499 358 1988 417 CHRYSOSTOMI
2039 352 2362 415 ARCHIEP.
2406 346 2955 409 CONSTANTI‘NUP.

3537 332 3633 386 703

2569 456 2752 511 PNF'.
2794 452 2921 519 Τοῖς
2947 449 3168 516 αὐτοῖς.
3606 436 3612 445 ’

2154 578 2228 630 Ού
2262 572 2695 645 διαλιμπάνομεν
2718 569 2879 640 χάριν
2906 567 3033 636 ὑμῖν
3073 557 3457 635 ὁμολογοῦντες
3485 557 3641 630 διηνε-

2079 670 2212 733 κῶς.
2254 669 2315 720 Ei
2345 666 2453 735 γὰρ
2485 663 2578 718 xui
2623 661 2794 714 πολλά
2836 655 3328 731 παρανενομήμεθα
3367 650 3514 723 παρά
3545 648 3645 702 τῶν

2083 761 2316 833 ἐχθρῶν,
2347 759 2459 813 ἀλλ’
2494 760 2643 827 ὅμως
2676 754 2876 823 πολλῆς
2908 750 3041 823 παρ’
3076 749 3231 820 ὑμῶν
3268 744 3649 816 ἀπηλαύσαμεν

2087 852 2242 925 [689]
2273 853 2372 921 τῆς
2404 848 2744 918 συμμαχίας,
2772 842 3027 913 δαψιλοῦς
3048 841 3148 909 τῆς
3174 840 3409 906 ἀγάπης,
3441 834 3651 903 γνησίας

2089 942 2522 1015 φιλοφροσύνης,
2562 937 2901 1009 θερμοτάτης
2946 933 3186 1003 σπουδῆς
3218 948 3231 960 ·
3263 930 3356 985 xui
3396 928 3560 982 ταῦτα
3595 926 3650 980 οὑ

2094 1040 2296 1108 μικράν
2320 1034 2665 1105 παράκλησιν
2695 1031 2786 1084 xui
2816 1030 2913 1099 τῆς
2941 1025 3329 1099 χαλεπωτάτης
3357 1020 3582 1094 ἐξορίας,
3602 1022 3656 1072 ἐν

2092 1124 2127 1201 ᾖ
2176 1125 2541 1198 κατεχόμεθα,
2589 1126 2683 1177 xui
2728 1123 2837 1176 τῶν
2888 1122 3061 1176 ἄλλων
3114 1119 3223 1171 τῶν
3277 1114 3656 1184 ἐπενεχθέντων

2094 1224 2226 1292 ήμῖν
2270 1219 2492 1281 δεινῶν,
2529 1218 2745 1288 ἔχομεν.
2788 1215 2879 1269 Διὸ
2922 1210 3345 1284 παρακαλοῦμεν
3392 1208 3540 1279 ὑμῶν
3571 1205 3659 1277 τὴν

2096 1314 2379 1369 εὐλάϐειαν
2405 1313 2682 1381 ἐπιμεῖναι
2704 1310 2802 1381 τὴν
2833 1308 3003 1379 αὐτὴν
3034 1306 3163 1376 περὶ
3202 1306 3347 1375 ἡμᾶς
3372 1301 3661 1355 ἐπιδεικιυ-

2102 1409 2300 1480 μένους
2329 1404 2568 1460 διάθεσίν
2597 1420 2653 1456 τε
2702 1402 2798 1456 καὶ
2841 1400 3097 1470 σπουδήν.
3130 1397 3263 1451 Οὐδὲ
3289 1396 3398 1467 γὰρ
3425 1395 3503 1454 είς
3530 1393 3663 1464 ήμᾶς

2102 1500 2359 1569 στήσεται
2379 1496 2440 1549 τὸ
2461 1495 2746 1566 γινόμενον
2780 1493 2962 1563 μόνον,
2991 1488 3131 1544 ἀλλά
3158 1487 3251 1540 xui
3274 1488 3352 1549 εἰς
3374 1484 3435 1537 τὸ
3454 1482 3479 1522 ά
3505 1482 3664 1536 κοινὸν

2098 1588 2580 1660 τῶνῘΕκκλησιῶν
2609 1586 2946 1656 διαϐήσεται.
3004 1584 3079 1636 Οὐ
3109 1581 3217 1652 γὰρ
3251 1578 3349 1651 μία
3376 1619 3392 1642 ,
3429 1579 3521 1631 xui
3555 1576 3665 1638 δύο,

2103 1685 2198 1738 καὶ
2235 1685 2384 1755 τρεῖς
2415 1681 2599 1743 πόλεις
2624 1720 2638 1745 ,
2670 1677 2785 1732 ἀλλ’
2815 1676 3085 1747 ὁλόκληρα
3107 1673 3233 1743 ἔθνη
3270 1670 3545 1742 πανταχοῦ
3580 1669 3669 1739 τῆς

2102 1777 2207 1847 γῆς
2236 1775 2583 1846 ταράττεται.
2610 1772 2721 1825 Καὶ
2742 1769 3012 1839 τοσαύτην
3034 1766 3161 1837 παρ’
3199 1765 3354 1836 ὑμῶν
3382 1761 3669 1833 ἐπιδειχθῆ-

2104 1884 2192 1919 ναι
2213 1866 2419 1918 δίκαιον
2444 1863 2699 1934 σπουδὴν,
2726 1862 2856 1931 ὅσην
2879 1860 3024 1923 είκδς
3053 1859 3192 1929 ὑπὲρ
3219 1857 3487 1910 τοσούτων
3502 1852 3671 1925 ψυχῶν

2107 1957 2509 2019 ἐσπουδακότας
2557 1955 2651 2009 xui
2696 1953 3005 2024 κάμνοντας
3068 1948 3461 2015 ἐπιδείξασθαι.
3519 1948 3576 2000 Εἰ
3622 1945 3672 1999 δὲ

2109 2049 2283 2104 πολλά
2308 2050 2677 2120 πεπονήκατε,
2714 2045 2810 2097 xui
2836 2044 2902 2096 τά
2935 2045 3063 2114 παρ’
3083 2040 3297 2095 ἑαυτῶν
3315 2038 3674 2110 είσηνέγκατε,

2114 2145 2272 2215 ἴσμεν
2315 2142 2473 2196 τοῦτο
2517 2141 2610 2195 xui
2652 2141 2834 2210 ἡμεῖς,
2864 2137 2962 2191 xui
2993 2133 3446 2208 εὐχαριστοῦντες
3474 2133 3594 2203 ὑμῖν
3622 2130 3673 2183 οὐ

2113 2235 2401 2305 παυόμεθα
2423 2251 2434 2264 ⁸
2450 2232 2710 2302 ἀξιοῦμεν
2726 2232 2783 2285 δὲ
2809 2230 2885 2301 μὴ
2906 2228 3172 2282 διαλιπεῖν
3200 2226 3361 2279 τοῦτο
3390 2223 3675 2285 ποιοῦντας.

2126 2329 2191 2381 Ἠ
2233 2326 2342 2399 γὰρ
2390 2325 2657 2397 καρτερία
2701 2322 2853 2394 ὑμῶν
2879 2366 2892 2390 ,
2926 2322 3021 2375 xui
3051 2318 3296 2390 ὑπομονὴ
3327 2359 3341 2381 ,
3370 2318 3465 2371 xui
3490 2318 3522 2388 ή
3550 2314 3682 2369 εῦτυ-

2117 2437 2205 2483 νος
2226 2417 2419 2489 γνώμη
2440 2418 2730 2488 δυνήσεται
2751 2415 2844 2469 xui
2871 2415 2993 2477 τοὺς
3028 2413 3229 2483 σφόδρα
3258 2409 3572 2481 φιλονείκως
3585 2407 3682 2460 8.0.-

2120 2509 2410 2581 κειμένους
2440 2510 2534 2562 xui
2556 2508 2751 2561 ἀνίατα
2782 2505 3072 2568 νοσοῦντας
3095 2503 3410 2572 ἀποστῆσαι
3444 2501 3539 2572 τῆς
3571 2515 3685 2552 κατα

2122 2604 2353 2677 εχούσης
2384 2604 2579 2667 αὐτοὺς
2608 2602 2725 2656 νυνὶ
2755 2600 3200 2673 παραφροσύνης.
3221 2599 3283 2651 Ei
3315 2597 3375 2651 δὲ
3405 2594 3687 2666 ἐπιμένοιεν

2124 2698 2221 2752 xui
2247 2696 2421 2761 οὕτως
2447 2697 2683 2756 ἀνιάτως
2716 2694 2951 2765 ἔχοντες,
2988 2692 3100 2745 ἀλλ’
3142 2692 3269 2761 ὑμῖν
3301 2684 3689 2761 ἀπηρτισμένος

2125 2792 2155 2843 ὁ
2179 2788 2368 2862 μισθὸς
2398 2788 2572 2851 ἔσται,
2605 2788 2699 2841 xui
2736 2786 2916 2857 πλήρη
2946 2784 3016 2838 τά
3041 2784 3139 2854 τῆς
3168 2781 3408 2852 ἀμοιϐῆς
3431 2820 3446 2846 ,
3475 2777 3565 2833 xui
3591 2774 3691 2830 ὁλό-

2131 2881 2332 2954 κληρος
2362 2879 2469 2934 τῶν
2504 2879 2685 2934 καλῶν
2717 2877 2922 2932 τούτων
2956 2879 2984 2930 ὁ
3010 2876 3275 2946 στέφανος
3308 2884 3361 2928 ο.

2611 3032 2787 3084 PIi‘A'.
2818 3029 2946 3095 Τοῖς
2978 3027 3199 3095 αὐτοῖς.

2216 3167 2407 3240 Ἦμεϊς
2439 3164 2539 3238 μὲν
2564 3163 2866 3235 ὲποθοῦμεν
2894 3162 2912 3202 τ
2940 3163 3034 3217 xui
3066 3165 3182 3226 ταῖς
3209 3161 3301 3216 τοῦ
3331 3161 3576 3235 σώματος
3599 3159 3699 3230 64':-

2138 3288 2221 3326 σιν
2246 3270 2392 3342 ὑμᾶς
2428 3267 2759 3322 θεάσασθαι·
2792 3266 2979 3340 ἐπειδὴ
3004 3266 3061 3322 δὲ
3088 3266 3246 3320 τοῦτο
3270 3265 3376 3319 οὐκ
3405 3266 3502 3328 ἔνι,
3526 3264 3599 3335 τῷ
3616 3261 3700 3333 τῆς

2135 3369 2350 3442 ἑξορίας
2389 3365 2574 3438 δεσμῷ
2626 3365 3008 3436 κατεχομένων
3048 3363 3237 3435 ήμῶν,
3284 3367 3403 3430 τοῖς
3432 3362 3701 3433 ὀφθαλμοῖς

2136 3473 2239 3543 τῆς
2295 3469 2514 3541 ἀγάπης
2548 3469 2693 3541 ὑμᾶς
2749 3467 2869 3521 καθ’
2904 3466 3141 3536 ἑκάστην
3193 3463 3574 3535 φανταζόμεθα
3616 3461 3701 3530 τὴν

2136 3572 2357 3645 ⁴ήμέραν
2379 3610 2394 3636 ,
2427 3571 2520 3623 xui
2549 3567 3034 3642 περιπτυσσόμεθα
3054 3609 3069 3633 ,
3120 3568 3216 3620 xui
3258 3567 3578 3639 κροτοῦντες
3626 3563 3703 3616 καὶ

2143 3672 2515 3745 θαυμάζοντες
2543 3672 2604 3725 οὐ
2637 3670 3089 3741 διαλιμπάνομεν,
3116 3670 3198 3723 δτι
3227 3669 3497 3741 τοσαύτην
3533 3665 3706 3738 προθυ-

2149 3774 2277 3843 μίαν
2323 3772 2420 3825 xui
2470 3768 2707 3842 σπουδὴν
2756 3769 2815 3835 ἐξ
2845 3768 3020 3839 ἀρχῆς
3052 3768 3213 3839 μέχρι
3252 3766 3351 3820 νῦν
3392 3765 3705 3838 μεμενήκατι

2148 3873 2579 3944 ἐπιδεικνύμενοι
2609 3872 2750 3944 ὑπὲρ
2776 3868 2884 3924 τῶν
2906 3869 3005 3941 τῆς
3020 3868 3308 3939 ’Δνατολῆς
3352 3863 3669 3937 Ἐκκλησιῶν
3690 3877 3705 3892 ·

2150 3979 2245 4033 xui
2273 3973 2699 4047 παρακαλοῦμεν
2722 3973 2867 4039 ἄξιον
2897 3972 3006 4027 τῶν
3034 3971 3334 4044 προοιμίων
3370 3967 3710 4033 ἐπιδείξασθαι

2149 4077 2212 4132 τὸ
2243 4076 2415 4139 τέλος.
2447 4075 2510 4128 Εἰ
2540 4075 2650 4146 γὰρ
2673 4074 2725 4126 οἱ
2758 4075 2934 4127 πάντα
2958 4073 3292 4144 ταράξαντες
3312 4111 3326 4137 ,
3375 4073 3469 4126 xui
3488 4067 3711 4138 θορύϐων

2154 4180 2539 4252 ἐμπλήσαντες
2567 4215 2582 4241 ,
2630 4173 2869 4249 τοσαύτῃ
2933 4175 3228 4247 κέχρηνται
3278 4177 3346 4245 τῇ
3420 4167 3712 4244 φιλονεικίᾳ,

2156 4281 2336 4355 πολλῷ
2361 4280 2559 4355 μᾶλλον
2586 4280 2758 4352 ὑμᾶς,
2782 4281 2908 4344 τοὺς
2929 4279 2996 4334 τά
3028 4278 3216 4342 κακῶς
3239 4276 3579 4350 γεγενημένα
3599 4274 3716 4343 διορ-

2158 4385 2283 4441 θοῦν
2313 4382 2736 4447 ἐσπουδακότας,
2759 4381 2928 4454 πολλῇ
2952 4382 3159 4437 δίκαιον
3191 4380 3496 4453 κεχρῆσθαι
3520 4381 3582 4449 τῇ
3603 4377 3717 4430 ὓπο-

2162 4489 2330 4559 μονῇ,
2359 4488 2453 4540 xui
2485 4484 2751 4556 καρτερίᾳ
2781 4485 2848 4554 τῇ
2884 4483 3012 4554 περὶ
3058 4482 3156 4554 τήν
3186 4482 3446 4553 τοιαύτην
3484 4476 3715 4546 σπουδήν.

2161 4587 2316 4643 Οῦτω
2343 4586 2454 4658 γὰρ
2486 4584 2688 4638 πλείων
2734 4585 2861 4655 ὑμῖν
2890 4582 3044 4636 ἔσται
3077 4583 3105 4634 ὁ
3135 4580 3324 4653 μισθὸς
3346 4620 3361 4645 ,
3395 4580 3492 4635 xui
3542 4574 3718 4648 μείζων

2161 4690 2194 4759 ή
2222 4684 2455 4758 ἀμοιϐὴ,
2503 4685 2638 4739 ὅταν
2670 4684 2767 4738 xui
2810 4682 3019 4736 πολλῶν
3052 4681 3390 4752 κωλυμάτων
3424 4677 3717 4748 γινομένων.

2169 4785 2243 4857 μὴ
2274 4784 2649 4858 ἀνακρούησθε
2673 4825 2688 4849 ,
2740 4783 2876 4839 ἀλλά
2911 4783 3108 4856 μένητε
3139 4783 3238 4855 τὴν
3265 4782 3374 4835 τῶν
3405 4776 3721 4852 πραγμάτων

2166 4886 2449 4941 δυσκολίαν
2482 4889 2548 4957 τῇ
2599 4887 2728 4957 παρ’
2770 4884 2976 4939 ἑαυτῶν
3014 4884 3449 4956 ἀποτειχίζοντες
3475 4873 3725 4954 ἀγρυπνίᾳ

2168 5006 2225 5045 τε
2256 4989 2349 5044 xui
2389 4988 2611 5059 σπουδῇ.

2344 5152 2527 5205 ΡΝΕ’.
2564 5149 2877 5219 Χρωματίῳ
2902 5149 3213 5211 ἐπισκόπει)
3251 5146 3575 5214 Ἀκυλητας.

2246 5294 2458 5364 Ἦχησε
2488 5292 2584 5346 καὶ
2623 5290 2814 5362 μέχρις
2848 5290 3001 5365 ἡμῶν
3027 5291 3060 5362 ἡ
3092 5288 3477 5361 μεγαλόφωνος
3504 5284 3598 5354 τῆς
3626 5280 3730 5349 θερ-

2170 5395 2286 5467 μῆς
2312 5413 2405 5449 σου
2434 5394 2527 5448 xui
2553 5391 2783 5464 γνησίας
2814 5392 3034 5464 ἀγάπης
3063 5391 3296 5459 σάλπιγξ
3322 5431 3336 5456 ,
3373 5388 3516 5459 μέγα.
3563 5400 3612 5436 τι
3650 5372 3728 5434 καί

2185 5586 2476 5698 ἆλξνῗῖῐὲξὲδ
2524 5599 2640 5636 ms"
2683 5585 2794 5634 οὐδὲ
2814 5584 2903 5647 γὰρ
2946 5584 2994 5634 ἐν
3044 5584 3111 5633 ἐνί
3153 5585 3378 5642 στήσεται
3421 5578 3479 5629 τὸ
3503 5573 3729 5638 γινόμενοψ

2177 5666 2281 5701 ἀλλ’
2301 5666 2341 5698 ει
2382 5666 2455 5698 το.

2250 5717 2273 5743 ⁶
2304 5669 2409 5763 ῡίιο
2434 5723 2549 5759 mss.
2575 5709 2756 5757 τούτων
2776 5707 2935 5756 πόνων
2957 5709 2983 5754 ὁ
3003 5708 3249 5763 στέοανος.

2250 5772 2270 5815 ί
2304 5776 2411 5827 Duo
2432 5786 2546 5823 mss.
2569 5771 2705 5836 ἡμεῖς
2726 5767 3056 5835 ἐπιθυμοῦμεν.
3097 5764 3109 5774 ’
