3950 6406
338 449 431 506 ποι
1786 426 2161 483 EPISTOLE.

338 567 424 633 lis,
444 578 565 636 quas
584 562 942 633 contigerunt,
974 556 1306 630 corrigendis
1327 550 1671 625 vigilantiam,
1706 546 1923 602 maximi

334 656 512 715 solatii
549 655 672 715 loco
712 654 938 710 ducens.
984 651 1260 724 Siquidem
1291 648 1342 704 id
1373 662 1476 702 non
1507 641 1764 699 mediocri
1794 639 1925 694 mihi

334 747 688 808 consolationi
720 747 838 814 fuit,
871 762 993 802 cum
1032 744 1159 800 illud
1186 758 1395 799 mecum
1435 746 1743 810 reputarem
1765 777 1779 802 ,
1829 749 1927 788 vos

337 847 487 896 tanto
512 838 796 894 intervallo
824 853 855 892 a
887 853 973 892 me
989 836 1305 907 disjunctos,
1336 847 1459 887 etin)
1516 845 1617 886 nec
1669 843 1755 883 me
1807 840 1928 879 um-

334 946 495 1004 quam
521 930 810 996 vidissetis,
839 943 941 985 nec
989 944 1019 983 a
1068 942 1157 983 me
1202 926 1302 982 visi
1345 923 1534 979 essetis
1562 965 1579 991 ,
1613 936 1711 976 nec
1762 919 1930 974 ullum

338 1036 589 1093 umquam
625 1035 927 1077 sermonem
966 1034 1177 1076 mecum
1217 1015 1535 1072 habuissetis
1560 1055 1573 1079 ,
1604 1020 1932 1084 perpetrato-

338 1128 456 1168 rum
480 1111 773 1167 facinorum
804 1112 1079 1182 iniquitate
1116 1113 1662 1180 repenteeommotos,
1681 1111 1931 1175 quantam

339 1213 519 1276 patres
532 1218 656 1275 erga
669 1203 888 1273 liberos,
906 1209 1103 1257 tantam
1117 1217 1241 1272 erga
1259 1217 1346 1256 me
1373 1200 1647 1256 caritatem
1674 1195 1936 1252 ostendis-

339 1311 421 1365 se,
435 1296 544 1353 imo
570 1298 731 1353 etiam
744 1310 886 1351 curae
908 1310 969 1351 ac
992 1292 1359 1351 sollicitudinis
1379 1290 1740 1362 magnitudine
1764 1298 1937 1361 pater-

341 1403 468 1443 num
496 1402 734 1444 amorem
763 1400 1063 1457 superasse.
1096 1388 1174 1442 Ac
1215 1394 1498 1455 propterea
1537 1383 1720 1455 pietati
1745 1390 1935 1437 vestras

341 1481 570 1551 gratiam
603 1479 797 1547 habeo,
827 1495 1026 1550 vosque
1070 1477 1313 1534 mirificis
1356 1478 1599 1533 laudibus
1641 1476 1693 1531 in
1745 1475 1936 1530 caelum

346 1573 483 1641 fero,
512 1581 741 1644 petoque
760 1588 791 1629 a
816 1573 987 1639 vobis,
1020 1581 1077 1627 ut
1097 1568 1727 1642 ipsivosmetitnitemini,
1751 1584 1939 1639 quam-

345 1680 452 1737 que
478 1669 707 1734 antehac
735 1680 950 1736 semper
978 1665 1141 1719 animi
1168 1662 1637 1734 promptitudinem
1664 1659 1939 1715 exhibuis-

348 1759 437 1826 tis,
464 1771 583 1813 eam
612 1756 679 1812 ad
712 1765 1010 1812 extremum
1043 1756 1366 1826 perducatis.
1421 1754 1492 1811 Ut
1541 1754 1681 1810 enim
1723 1752 1789 1808 ad
1833 1767 1895 1808 ea
1922 1792 1937 1818 ,

348 1866 469 1921 qua:
494 1849 824 1918 acciderunt,
861 1849 1136 1904 sarcienda
1166 1848 1300 1904 nihil
1352 1848 1475 1902 hinc
1528 1847 1769 1901 utilitatis
1819 1859 1941 1915 pro-

349 1943 640 2013 grediatur,
698 1957 804 1999 non
833 1957 997 2012 parva
1025 1951 1227 2008 tamen,
1258 1949 1310 1995 ut
1329 1942 1439 2010 jam
1466 1939 1594 2003 dixi,
1644 1938 1798 1993 nobis
1828 1939 1943 1993 haec

348 2034 648 2091 consolatio
677 2034 853 2089 futura
882 2042 985 2099 est,
1014 2032 1154 2104 quod
1187 2041 1385 2087 tantam
1411 2047 1440 2085 a
1469 2032 1618 2087 vobis
1665 2032 1940 2086 caritatem

350 2128 699 2197 obtinuerim,
727 2136 887 2200 atque
908 2128 1199 2183 etiamnum
1225 2125 1518 2181 obtineam.

653 2260 793 2318 CLI.
819 2262 990 2316 Asello
1009 2261 1263 2332 episcOpo.
1298 2258 1476 2331 (Anno
1500 2258 1657 2330 406.):

421 2388 549 2447 Scio
594 2402 695 2444 vos
723 2386 895 2444 literis
920 2386 1050 2441 nihil
1080 2384 1321 2456 indigere
1341 2426 1354 2446 .
1382 2384 1575 2455 quibus
1601 2383 1905 2439 excitetuini
1925 2423 1942 2450 ,

350 2491 512 2555 atque
543 2496 607 2537 ea
636 2480 777 2537 mala
797 2521 812 2546 ,
843 2495 960 2550 quae
988 2477 1276 2535 orientales
1307 2477 1571 2532 Ecclesias
1600 2476 1903 2531 invaserunt
1924 2514 1942 2541 ,

351 2573 635 2631 sarcienda
669 2572 990 2643 suscipiatis.
1022 2571 1186 2642 idque
1209 2585 1308 2642 per
1336 2585 1397 2624 ea
1423 2612 1437 2636 ,
1471 2586 1589 2640 qua}
1614 2584 1645 2625 a
1675 2568 1823 2624 vobis
1848 2584 1945 2638 ge-

350 2674 435 2720 sta
476 2675 635 2731 sunt,
679 2664 893 2734 planum
934 2662 1134 2718 fecistis
1166 2680 1179 2716 :
1210 2662 1404 2733 quippe
1433 2663 1521 2731 qui
1550 2672 1724 2716 vestra
1753 2671 1945 2729 Sponte

354 2765 560 2812 tantum
607 2756 768 2811 studii
814 2772 878 2811 ac
916 2756 1203 2826 diligentia:
1244 2755 1544 2827 praebentis.
1579 2754 1773 2809 Verum
1807 2768 1941 2822 quo-

354 2850 497 2904 niam
542 2849 842 2918 hujusmodi
872 2850 1009 2903 mala
1030 2891 1045 2915 ,
1078 2860 1295 2918 propter
1324 2863 1511 2903 eorum
1540 2847 1626 2916 qui
1656 2861 1715 2900 ea
1752 2861 1942 2915 perpe-

355 2948 566 2995 trarunt
589 2941 873 2995 amentiam
897 2983 910 3004 ,
936 2957 1040 2994 non
1068 2939 1241 2993 adhuc
1263 2939 1542 2993 emendata
1568 2946 1691 2992 sunt
1711 2980 1723 3001 ,
1750 2937 1947 2992 idcirco

356 3034 718 3091 necessarium
770 3034 1018 3089 duximus
1068 3050 1163 3089 vos
1210 3033 1443 3098 hortari,
1495 3041 1551 3087 ut
1592 3049 1660 3087 ne
1688 3032 1946 3102 defatige-

356 3124 525 3187 mini,
560 3140 742 3179 verum
773 3133 1044 3179 strenuam
1071 3124 1231 3178 animi
1262 3124 1587 3179 alacritatem
1610 3123 1906 3178 adbibeatis
1928 3162 1944 3187 ,

358 3228 518 3285 atque
545 3234 573 3271 a
603 3217 753 3273 Vobis
776 3219 902 3287 ipsis
931 3234 1115 3273 rursus
1140 3218 1317 3273 omnia
1345 3218 1651 3273 conferatis.
1686 3218 1815 3272 Nam
1844 3234 1950 3288 quo

360 3308 744 3377 perieulusiore
798 3325 861 3364 ac
911 3309 1283 3365 incurabiliore
1334 3310 1523 3366 morbo
1571 3311 1813 3365 laborant
1861 3311 1948 3380 qui

359 3397 625 3453 adversus
662 3400 1020 3455 Ecclesiarum
1060 3411 1254 3456 statum
1274 3385 1594 3457 'seditiones
1624 3404 1857 3471 agitant,
1888 3417 1954 3458 eo

361 3507 573 3563 quoque
592 3494 806 3564 gravius
828 3495 1062 3565 ipsvrum
1086 3495 1342 3564 judicium
1370 3497 1472 3551 erit
1500 3514 1515 3550 :
1545 3513 1606 3551 ac
1631 3496 1801 3563 vobis,
1826 3512 1955 3550 cun-

364 3594 475 3650 tra,
519 3600 745 3655 quorum
786 3587 946 3641 animi
991 3588 1208 3643 minime
1257 3589 1594 3659 franguntur,
1641 3588 1956 3644 luculentior

363 3690 575 3731 merces
604 3686 656 3732 et
680 3678 909 3748 majores
934 3695 1171 3735 corona).

440 3843 445 3846 ’
525 3836 701 3895 CLII.
735 3835 1026 3940 E‘piswpis.
1058 3834 1256 3908 (Anno,
1286 3840 1345 3888 ut
1372 3842 1606 3904 putatur,
1638 3833 1789 3903 406.)

440 3973 503 4028 Et
548 3973 794 4043 privatim
838 3970 1094 4040 singulis,
1126 3980 1182 4025 et
1209 3971 1499 4026 universim
1530 3970 1779 4023 omnibus
1808 3968 1958 4023 vobis

363 4063 567 4134 gratias
612 4061 817 4118 referre
865 4061 1158 4128 debemus,
1206 4076 1312 4115 non
1361 4075 1458 4116 nos
1505 4061 1816 4125 dumtaxat,
1864 4060 1958 4114 sed

367 4158 529 4209 etiam
561 4169 750 4209 omnes
769 4152 1058 4209 orientales
1085 4153 1319 4224 episcopi
1340 4194 1356 4218 ,
1386 4153 1717 4208 diversarum
1750 4153 1960 4207 urbium

374 4245 557 4300 clerici
581 4287 595 4311 ,
642 4260 706 4301 ac
744 4244 863 4299 laici
894 4244 1042 4299 vario
1071 4244 1230 4300 modo
1262 4245 1434 4314 pulsi,
1464 4244 1604 4313 quod
1635 4253 1856 4313 paterna
1882 4245 1963 4298 vi-

369 4353 521 4393 scera
553 4337 887 4403 exhibentes,
916 4337 1086 4392 vicem
1116 4344 1351 4391 nostram
1365 4335 1627 4402 doluistis,
1650 4336 1966 4407 fortiterque

369 4427 616 4484 stetistis.
645 4427 775 4481 Nam
803 4427 1059 4498 quidquid
1084 4437 1382 4483 vestrarum
1412 4428 1638 4497 partium
1660 4438 1795 4491 erat,
1825 4443 1964 4498 prae-

371 4519 605 4574 stitistis.
649 4520 728 4574 Ac
765 4529 1045 4589 pr0pterea
1075 4518 1250 4573 cuncti
1284 4534 1379 4573 vos
1406 4518 1732 4589 praedicant,
1765 4534 1965 4575 corona

371 4609 609 4677 donanL,
653 4618 939 4680 vestraque
983 4609 1192 4681 egregia
1238 4607 1472 4665 facinora
1512 4609 1567 4663 in
1607 4624 1701 4667 ore
1746 4609 1963 4665 habent.

371 4702 528 4771 Quod
564 4703 608 4758 si
639 4705 768 4757 tanti
798 4701 1032 4757 honores
1056 4702 1209 4757 vobis
1237 4703 1305 4756 ab
1336 4702 1640 4756 hominibus
1669 4704 1969 4772 habentur,

371 4795 606 4864 cogitate
645 4803 839 4865 quanta
881 4794 1032 4848 vobis
1072 4809 1103 4849 a
1133 4796 1364 4864 benigno
1390 4794 1501 4848 Deo
1532 4795 1747 4862 prasmia
1774 4810 1955 4864 exspe-

373 4887 570 4941 ctanda
600 4887 726 4941 sint.
756 4888 887 4954 Qua:
915 4901 1036 4941 cum
1069 4886 1166 4956 ipsi
1196 4903 1299 4940 non
1323 4885 1604 4957 ignoretis,
1632 4886 1970 4943 reverendis-

377 4978 501 5033 simi
533 4993 594 5032 ac
621 4978 1009 5048 religiosissimi
1036 4978 1234 5032 domini
1259 4978 1395 5044 mei,
1422 4979 1631 5033 etiamsi
1661 4980 1729 5047 ii,
1754 4980 1842 5048 qui
1873 4980 1973 5034 Ec-

376 5071 577 5127 clesias
628 5071 968 5140 perturbant,
1018 5071 1294 5126 incurabili
1336 5071 1525 5126 morbo
1562 5082 1872 5140 teneantur,
1907 5088 1974 5129 ne

382 5175 597 5229 tamen,
644 5164 785 5235 quod
835 5165 1089 5235 potestis,
1135 5165 1430 5219 remedium
1479 5164 1672 5220 aﬂ'erre
1700 5166 1975 5241 desinstis.

380 5257 516 5312 Nam
557 5272 666 5327 quo
713 5257 861 5326 plura
904 5256 1278 5325 impedimenta
1322 5257 1448 5319 hac
1483 5260 1653 5326 major
1691 5258 1978 5314 difficultas

387 5349 581 5411 fuerit,
624 5363 689 5402 eo
730 5362 944 5418 quoque
986 5346 1157 5417 major
1195 5348 1350 5402 vobis
1384 5363 1590 5403 merces
1620 5350 1741 5404 erit.
1773 5349 1905 5404 Nam
1932 5351 1977 5405 si

387 5440 479 5510 qui
513 5439 759 5509 poculum
790 5454 941 5509 aqua)
970 5438 1173 5507 frigida:
1198 5438 1323 5503 dat,
1358 5454 1463 5492 non
1492 5440 1607 5494 sine
1636 5440 1881 5495 mercede
1909 5440 1979 5494 ob

388 5532 774 5586 humanitatem
801 5530 913 5586 abit
935 5529 1148 5602 (Matth.
1182 5530 1269 5586 10.
1292 5532 1404 5602 42);
1422 5532 1752 5602 perpendite,
1775 5548 1980 5605 quaeso,

459 5730 474 5759 '
502 5722 696 5789 Omnes,
716 5724 1025 5789 Msstpostri.
1045 5736 1142 5789 quo
1162 5724 1326 5789 plures
1345 5728 1641 5789 tempestates
1666 5727 1762 5789 (gr.
1784 5727 1979 5777 πὶγλονα

395 5790 454 5838 τὰ
496 5787 725 5847 κύματα).
774 5786 923 5844 Ed“...
968 5784 1067 5852 φεύ
1087 5784 1233 5852 plura
1272 5784 1612 5852 intpedimenta
1654 5784 1976 5852 (ἶῳλῦματα),

397 5854 855 5919 quamdeclionem
900 5848 1231 5919 praeferebant.
1255 5848 1766 5919 latiquotd’rontonis
1806 5848 1976 5910 Durati

398 5910 511 5963 Uss.
543 5914 697 5962 Savil.
726 5910 876 5962 etiam
898 5910 947 5961 in
974 5917 1117 5962 textu
1141 5911 1400 5975 κωλύματα
1420 5910 1585 5963 habet.

3516 430 3623 485 702

2036 549 2287 612 quantam
2334 553 2463 607 vos,
2515 539 2603 610 qui
2656 552 2752 610 pro
2790 537 3112 609 perturbatis
3150 541 3406 599 Ecclesiis
3453 555 3530 599 tot
3562 562 3624 604 ac

2034 640 2180 687 tanta
2205 640 2262 688 et
2288 635 2463 687 facere
2488 641 2543 686 et
2571 632 2772 702 perpeti
2803 632 2855 686 in
2877 632 3113 687 animum
3143 634 3447 703 ittduxistis,
3478 652 3622 694 mer-

2034 724 2220 779 cedem
2251 723 2520 793 accepturi
2548 722 2666 777 sitis
2685 764 2698 788 ,
2727 732 3030 796 quantaque
3060 740 3153 782 vos
3181 728 3519 801 egr.-giorutn
3548 732 3627 786 la-

2034 814 2225 870 borum
2254 815 2470 884 praemia
2495 824 2765 870 maneant.

2213 905 2422 962 CLIII.
2450 904 2664 961 Iisdem.
2693 907 2894 978 (Anno,
2922 920 2979 965 ιιι
3000 920 3235 981 putatur,
3264 913 3416 985 106.)

2107 997 2406 1067 Numquam
2436 998 2588 1053 vobis
2614 999 2812 1069 gratias
2841 998 3039 1057 habere
3069 1003 3484 1061 intertnittimus.
3516 1008 3626 1064 Etsi

2038 1092 2180 1147 enim
2220 1091 2414 1146 multas
2451 1090 2522 1147 ab
2566 1091 2806 1147 hostibus
2832 1092 3054 1162 injurias
3079 1097 3415 1166 accepimus,
3449 1107 3627 1155 tamen

2040 1183 2325 1254 plurimum
2370 1185 2551 1239 auxilii
2595 1192 2755 1255 atque
2792 1184 3014 1240 subsidii
3059 1201 3090 1241 a
3131 1188 3311 1257 vobis,
3355 1190 3626 1262 ingentem

2039 1274 2316 1330 caritatem
2342 1315 2359 1343 ,
2401 1275 2662 1331 sinceram
2694 1274 3118 1346 humanitatem,
3145 1278 3631 1338 ferventissimum-

2041 1382 2146 1437 que
2173 1367 2408 1422 Studium
2438 1368 2703 1423 sensimus
2732 1385 2747 1422 :
2774 1383 2836 1423 ex
2864 1368 3034 1439 iisque
3060 1370 3220 1427 rebus
3243 1388 3347 1428 nou
3378 1374 3627 1445 exiguum

2045 1468 2154 1516 tum
2189 1461 2489 1531 gravissimi
2529 1461 2732 1527 exsilii,
2763 1475 2869 1531 quo
2898 1461 3233 1531 detinemur,
3265 1473 3376 1520 tum
3404 1465 3631 1523 aliorum

2043 1551 2340 1617 malorum,
2376 1566 2495 1622 quae
2531 1550 2684 1606 nobis
2713 1551 2857 1607 illata
2883 1562 3042 1619 sunt,
3074 1554 3321 1610 solatium
3349 1557 3632 1615 habemus.

2046 1644 2170 1699 Ideo
2204 1660 2298 1698 vos
2342 1660 2593 1714 rogamus
2613 1685 2629 1706 .
2669 1653 2728 1700 ut
2756 1646 3000 1702 eamdem
3029 1648 3184 1704 nobis
3208 1650 3632 1709 benevolentiam

2048 1735 2296 1805 idemque
2320 1726 2554 1790 Studium
2583 1735 2834 1792 extibere
2860 1739 3115 1810 pergatis.
3141 1739 3324 1812 Neque
3348 1743 3490 1798 enim
3511 1744 3634 1799 offi-

2045 1829 2188 1883 cium
2214 1829 2367 1883 nobis
2389 1836 2593 1882 tantum
2623 1828 2983 1899 ptaastabitur,
3006 1846 3191 1886 verum
3213 1833 3375 1889 etiam
3397 1835 3463 1890 ad
3487 1851 3636 1891 com-

2047 1935 2262 1975 munem
2296 1919 2656 1974 Ecclesiarum
2688 1920 2970 1976 utilitatem
3000 1922 3315 1979 dimanabit.
3344 1925 3461 1981 Non
3491 1929 3635 1983 enim

2052 2025 2188 2077 una,
2218 2019 2310 2064 aut
2338 2011 2503 2065 altera
2524 2051 2539 2077 ,
2572 2019 2666 2065 aut
2693 2019 2800 2066 tres
2821 2012 3012 2080 urbes,
3044 2029 3225 2071 verum
3258 2016 3480 2087 integrae
3504 2034 3638 2089 gen-

2049 2110 2133 2158 tes
2152 2102 2345 2173 ubique
2370 2112 2627 2157 terrarum
2653 2103 3050 2172 perturbantur.
3078 2105 3158 2162 Ae
3181 2107 3405 2174 proinde
3433 2118 3637 2165 tantum

2048 2210 2079 2250 a
2132 2195 2283 2250 vobis
2341 2195 2572 2250 studium
2628 2195 2871 2252 adhiberi
2927 2199 3214 2263 convenit.
3262 2211 3516 2272 quantum
3569 2205 3638 2260 ab

2050 2288 2114 2342 iis
2156 2287 2394 2342 adhiberi
2444 2302 2537 2357 par
2583 2296 2698 2352 est,
2725 2289 2813 2357 qui
2867 2304 2963 2358 pro
3008 2299 3083 2344 tot
3135 2292 3427 2347 animarum
3470 2296 3641 2351 salute

2051 2380 2287 2435 laborem
2346 2380 2662 2449 suscipiunt.
2718 2381 2870 2449 Quod
2921 2382 2963 2436 si
3019 2383 3214 2439 multos
3267 2386 3377 2455 jatn
3433 2387 3643 2445 labores

2053 2472 2378 2543 pertulistis,
2439 2474 2738 2543 vestrisque
2802 2475 3038 2543 partibus
3104 2479 3266 2532 functi
3328 2482 3492 2550 estis,
3547 2498 3644 2538 nos

2050 2581 2264 2636 quoque
2313 2566 2363 2620 id
2406 2566 2739 2636 eXploratum
2772 2567 3059 2637 habemus,
3092 2586 3262 2641 eoque
3287 2575 3501 2630 nomine
3529 2578 3646 2632 sine

2049 2660 2156 2714 ulla
2205 2660 2600 2715 intermissione
2644 2660 2797 2716 vobis
2851 2663 3049 2733 gratias
3105 2666 3310 2735 agimus
3357 2685 3369 2720 :
3416 2669 3648 2737 petimus

2051 2762 2232 2808 autem
2264 2768 2296 2808 a
2327 2753 2506 2820 vobis,
2541 2769 2608 2807 ne
2635 2753 2736 2808 hoc
2762 2754 2940 2811 facere
2961 2756 3237 2812 desinatis.
3266 2760 3539 2831 Siquidem
3567 2770 3649 2817 to-

2052 2845 2275 2899 lerantia
2295 2887 2310 2912 ,
2346 2847 2594 2913 patientia
2616 2886 2632 2913 ,
2664 2854 2720 2902 et
2742 2857 2996 2903 constans
3023 2851 3285 2906 sententia
3316 2863 3520 2922 vestra,
3552 2871 3647 2911 eos

2053 2936 2213 2990 etiam
2255 2936 2345 3007 qui
2390 2936 2653 3006 pervicaci
2692 2939 2872 2993 animo
2912 2949 3070 3007 sunt,
3116 2956 3180 2997 ac
3209 2958 3343 3012 pene
3368 2946 3649 3003 incurabili

2056 3028 2244 3082 morbo
2277 3038 2525 3083 tenentur
2552 3071 2565 3093 ,
2595 3030 2660 3084 ab
2689 3044 2783 3093 ea,
2812 3047 2914 3101 qua
2947 3048 3087 3087 nunc
3113 3033 3391 3104 laborant,
3424 3037 3649 3094 demen.

2059 3120 2126 3173 tia
2154 3119 2421 3174 abducere
2453 3121 2669 3190 poterit.
2703 3120 2759 3175 Si
2789 3137 2916 3178 vero
2947 3123 3320 3179 immedicabili
3351 3127 3537 3181 morbo
3571 3130 3652 3183 la-

2058 3211 2249 3266 borent
2275 3255 2288 3277 ,
2335 3221 2389 3266 at
2421 3213 2575 3268 vobis
2615 3223 2762 3269 certe
2797 3217 3064 3271 cumulata
3094 3233 3331 3287 merces,
3362 3220 3654 3277 bonorum.

2058 3321 2163 3377 que
2195 3305 2385 3362 horum
2416 3307 2430 3338 ³
2459 3321 2656 3362 corona
2684 3308 2885 3380 integra
2916 3310 3039 3366 erit.

2186 3493 2199 3499 _
2274 3417 2393 3474 CLI
2410 3418 2466 3471 ν.
2494 3418 2703 3476 Iisdem.
2720 3420 2923 3494 (Anno,
2947 3433 3004 3478 ut
3029 3434 3263 3496 putatur,
3288 3428 3441 3499 406.)

2133 3532 2241 3587 Nos
2271 3533 2488 3603 quidem
2521 3535 2762 3605 corporis
2788 3537 2945 3591 etiam
2979 3539 3146 3596 oculis
3173 3556 3265 3596 vos
3293 3532 3474 3600 videre
3496 3560 3661 3617 cupe-

2062 3641 2284 3691 remus;
2326 3627 2575 3695 quoniam
2606 3639 2784 3683 autem
2817 3629 2865 3683 id
2894 3630 3113 3686 minime
3139 3633 3298 3697 licet,
3332 3637 3453 3706 quia
3482 3640 3656 3696 exsilii

2061 3718 2288 3772 vinculis
2329 3718 2606 3772 constricti
2638 3728 2881 3774 tenemur
2903 3763 2915 3784 ,
2947 3722 3184 3779 caritatis
3210 3726 3378 3780 oculis
3405 3744 3499 3782 vos
3528 3747 3663 3800 quo-

2065 3809 2195 3863 tidie
2233 3809 2502 3863 cernimus
2537 3819 2698 3880 atque
2727 3811 3133 3881 amplectimur,
3169 3815 3461 3887 plausuque
3486 3829 3538 3874 et
3566 3822 3661 3875 ad.

2066 3900 2351 3955 miratione
2382 3902 2632 3971 prosequi
2659 3917 2763 3957 non
2789 3903 3100 3967 desinimus,
3120 3906 3261 3975 quod
3282 3917 3478 3962 tantam
3498 3913 3661 3967 animi

2067 3990 2393 4045 alacritatem
2420 4006 2482 4045 ac
2505 3992 2737 4047 studium
2768 4008 2864 4062 pro
2884 3993 3116 4051 Orientis
3142 3996 3397 4053 Ecclesiis
3419 4000 3485 4055 ab
3512 4001 3665 4058 initio

2067 4083 2133 4138 ad
2157 4083 2260 4139 hoc
2298 4099 2467 4155 usque
2496 4093 2705 4155 tempus
2731 4097 3037 4143 constanter
3066 4089 3385 4145 exhibuistis
3417 4112 3430 4148 :
3463 4110 3664 4166 vosque

2067 4191 2321 4248 rogamus
2341 4219 2355 4243 ,
2397 4186 2453 4231 ut
2484 4192 2663 4247 parem
2690 4178 2853 4233 initiis
2883 4179 3042 4234 tinem
3070 4185 3353 4252 prwSIetis.
3383 4184 3514 4240 Nam
3541 4203 3671 4242 cum

2070 4270 2104 4324 ii
2130 4269 2219 4341 qui
2249 4271 2427 4324 omnia
2455 4271 2837 4341 perturbarunt
2856 4288 2918 4328 ac
2943 4275 3256 4333 tumultibus
3279 4278 3667 4349 impleverunt,

2073 4372 2216 4419 tanta
2247 4364 2590 4420 contentione
2615 4380 2677 4420 ac
2695 4367 2989 4435 pervicacia
3018 4371 3095 4422 usi
3125 4370 3233 4424 sint
3252 4412 3266 4434 ,
3298 4372 3464 4426 multo
3487 4375 3676 4443 utique

2073 4455 2335 4524 majorem
2377 4470 2470 4509 vos
2490 4495 2506 4521 ,
2536 4456 2625 4525 qui
2672 4457 3024 4514 incommodis
3067 4462 3299 4529 acceptis
3329 4463 3527 4517 mederi
3555 4474 3672 4519 stu-

2075 4547 2249 4613 detis,
2298 4549 2606 4615 patientiam
2660 4563 2725 4603 ac
2766 4549 3100 4605 tolerantiam
3147 4552 3196 4605 itt
3242 4552 3545 4622 hujusmodi
3574 4574 3671 4611 co-

2075 4646 2202 4692 natu
2228 4637 2484 4693 adhibere
2504 4640 2773 4693 convenit.
2802 4639 2911 4694 Hac
2934 4640 3073 4694 enim
3099 4643 3302 4698 ratione
3327 4646 3497 4716 major
3517 4649 3680 4703 vobis

2077 4744 2288 4784 merces
2339 4730 2616 4799 majusque
2669 4731 2945 4800 prmmium
3000 4732 3234 4800 erit,si,
3278 4735 3401 4791 licet
3444 4738 3675 4808 impedi-

2078 4830 2255 4876 menta
2300 4822 2463 4875 multa
2503 4837 2622 4877 sese
2653 4822 2802 4877 vobis
2839 4822 3126 4893 objiciunt,
3156 4841 3250 4879 vos
3280 4836 3454 4885 tamen
3487 4832 3676 4900 pedem

2080 4916 2302 4971 minime
2348 4915 2623 4981 referatis,
2672 4930 2859 4970 verum
2906 4932 3086 4971 rerum
3131 4918 3500 4978 difficultatem
3545 4925 3679 4996 vigi-

2082 5008 2245 5063 lantia
2274 5018 2451 5063 vestra
2481 5007 2724 5063 etstudio
2749 5018 3062 5065 constanter
3091 5011 3478 5070 intereludatis.

2085 5121 2245 5177 CLV.
2291 5120 2583 5177 Chromatio
2617 5120 2695 5192 (α)
2723 5121 2966 5191 Aquileia:
3010 5123 3267 5196 episcopo.
3301 5125 3482 5195 (Anno
3519 5128 3682 5198 406.)

2157 5234 2465 5290 Clarissima
2509 5231 2770 5287 ferventis
2812 5240 2915 5286 tum
2951 5248 3013 5288 ac
3042 5234 3265 5290 sincera:
3293 5238 3530 5293 caritatis
3556 5240 3682 5296 tuba

2087 5326 2153 5382 ad
2179 5341 2278 5381 nos
2307 5340 2473 5395 usque
2499 5340 2688 5379 sonum
2716 5339 2870 5380 suum
2895 5324 3133 5394 diffudit,
3153 5343 3401 5397 magnum
3429 5330 3681 5401 quiddam

2152 5421 2170 5452 ι
2204 5426 2306 5468 nuo
2328 5424 2436 5467 Mss.
2461 5416 2644 5466 addunt
2661 5454 2674 5475 ,
2701 5415 2937 5467 laborum.

2154 5481 2228 5546 (α)
2262 5482 2344 5529 ttic
2366 5480 2664 5549 Chromatius
2681 5480 2746 5549 ad
2766 5487 3003 5549 Joannem
3025 5480 3428 5549 _Chrysostomum
3463 5486 3685 5549 scripsit,

2089 5538 2513 5610 utg'commemorat
2531 5538 2772 5610 palladius
2794 5543 2844 5590 in
2869 5543 2970 5610 _\ita
2992 5538 3309 5610 Qbrysbstomi
3333 5556 3438 5610 cap.
3467 5546 3512 5610 4.
3539 5538 3689 5610 tiujué

2094 5608 2241 5656 etiam
2261 5604 2443 5674 mentio
2467 5603 2674 5674 trahetur
2698 5616 2845 5674 supra
2869 5603 2917 5651 in
2946 5603 3434 5674 epistula‘lnttocentii
3456 5607 3516 5656 ad
3539 5603 3686 5674 phry-

2092 5676 2375 5719 sostomum.
2401 5666 2730 5729 Eumdemque
2760 5664 3090 5729 Chromatium
3130 5666 3203 5729 Aq
3216 5665 3500 5719 uileiensem
3540 5664 3686 5721 hou'o-

2093 5731 2229 5781 riﬁce
2246 5734 2593 5779 commemorat
2615 5727 2935 5790 Itieronymus
2967 5727 3202 5790 Praefatioi
3218 5741 3247 5778 e
3273 5730 3320 5778 in
3343 5731 3494 5781 libros
3516 5733 3690 5783 Parali-

2095 5804 2341 5857 pomenon
2366 5791 2487 5839 etin
2511 5787 2715 5851 Epistola
2735 5787 2815 5840 66.
2830 5789 2952 5857 _ll_uic
2972 5788 3192 5857 epistola:
3216 5790 3418 5857 alteram
3441 5796 3705 5853 subiunxit.

2097 5851 2332 5920 Savilius,
2357 5864 2467 5915 qua:
2493 5860 2657 5920 tamen
2696 5851 2886 5920 nonnisi
2910 5851 3127 5912 pauculis
3163 5854 3423 5920 verbisab
3464 5851 3597 5908 initio
3630 5862 3688 5909 ait

2099 5919 2190 5970 hac
2212 5914 2404 5980 (infert,
2436 5924 2487 5968 et
2511 5914 2739 5967 eumdem
2761 5914 2958 5964 omnino
2990 5927 3191 5966 sensum
3222 5916 3441 5970 exhibet.
