3950 6372
398 422 505 479 705

399 548 459 593 at.
505 530 805 593 diutissime
835 534 1038 588 durans
1065 544 1130 587 ex
1162 539 1310 606 tanto
1343 526 1550 584 itineris
1581 524 1863 580 intervallo
1887 522 1995 592 spi-

400 637 549 696 rans,
568 638 730 701 atque
757 625 823 680 ad
852 633 1121 680 extremos
1147 637 1315 693 usque
1334 630 1495 676 terra:
1515 621 1648 673 fines
1669 617 2000 687 pertingens.

397 721 509 779 Nec
554 736 689 786 "03,
736 720 855 777 licet
903 717 1102 789 alioqui
1148 726 1253 772 tam
1295 716 1452 785 longe
1491 712 1738 784 disjuncti
1765 753 1780 777 ,
1822 711 1999 765 minus

400 829 563 885 quam
611 814 645 868 ii
691 813 782 884 qui
828 811 1062 878 adsunt,
1108 806 1632 864 vehementissimam
1670 814 1830 874 atque
1876 802 1996 872 igne

401 907 613 977 plenam
656 905 968 969 caritatem,
1016 903 1391 972 sinceramque
1426 909 1482 956 ct
1522 898 1724 969 ingenti
1755 898 2001 954 libertate

395 1014 464 1055 ac
521 998 713 1054 ﬁducia
759 996 1029 1068 perfusam
1068 994 1301 1067 linguam
1333 1033 1351 1060 ,
1398 1003 1562 1063 atque
1603 989 1999 1046 adamantinam

403 1091 803 1149 contentionem
830 1089 1163 1161 exploratam
1194 1086 1470 1141 habemus.
1496 1084 1618 1140 Ideo
1639 1092 1820 1138 vestro
1840 1081 2001 1137 etiam

396 1195 691 1257 «inspectu
756 1191 920 1254 atque
980 1190 1271 1253 congressu
1318 1178 1420 1235 frui
1472 1187 1797 1250 magnopere
1848 1175 2003 1231 nobis

402 1281 458 1337 in
522 1280 664 1335 votis
712 1287 876 1334 esset.
928 1277 1191 1346 Quoniam
1247 1284 1425 1330 autem
1480 1272 1533 1329 id
1581 1287 1796 1344 quoque
1849 1270 2003 1325 nobis

396 1388 465 1429 ea
535 1371 806 1437 solitudo,
869 1382 973 1441 qua
1021 1382 1165 1424 nunc
1224 1374 1476 1437 tanquam
1523 1363 1870 1433 compedibus
1916 1377 2005 1417 reb

396 1465 571 1520 stricti
638 1477 827 1518 smnus
859 1502 875 1527 ,
938 1461 1141 1531 eripuit
1189 1476 1204 1514 :
1254 1458 1455 1514 idcirco
1501 1455 1776 1511 dominum
1821 1467 2002 1509 meum

402 1555 913 1612 reverendissimum
935 1563 999 1609 ac
1023 1551 1483 1622 religiosissimum
1510 1547 1881 1620 presbyterum
1909 1560 2004 1599 na-

397 1648 471 1703 cti
497 1683 515 1716 ,
565 1646 907 1718 cupiditatem
942 1654 1216 1711 nostram,
1268 1651 1326 1698 ut
1351 1644 1512 1710 licet,
1539 1640 1850 1712 capiemus,
1871 1638 2006 1694 seriaL

400 1741 591 1797 bcntes
634 1748 691 1796 et
732 1739 1062 1805 salutantes,
1115 1736 1376 1806 vobisque
1413 1749 1511 1806 pro
1531 1748 1599 1790 eo
1624 1732 1799 1789 studio
1821 1772 1837 1800 ,
1860 1730 2005 1801 quod

402 1841 519 1888 toto
562 1832 665 1887 hoc
709 1842 816 1886 tam
855 1830 1108 1886 diuturno
1146 1838 1389 1898 tempore
1427 1840 1616 1896 magna
1664 1839 1789 1880 eum
1840 1823 2003 1877 animi

408 1925 755 1982 contentione
782 1924 1124 1997 praestitistis,
1156 1921 1516 1993 amplissimas
1541 1921 1737 1992 gratias
1762 1928 2003 1991 agentes.

407 2018 486 2073 Ac
503 2027 603 2073 ros
630 2031 879 2087 rogamus
900 2023 955 2073 et
982 2014 1328 2072 obsecramus
1346 2056 1360 2078 ,
1392 2023 1449 2069 ut
1477 2030 1598 2069 cum
1628 2014 1742 2085 ipse
1766 2019 2007 2069 reverte-

404 2117 528 2175 tur,
573 2109 896 2180 insnperquc
918 2108 1080 2165 etiam
1099 2139 1116 2174 ,
1147 2106 1194 2163 si
1220 2106 1480 2163 tabellarii
1506 2114 1792 2162 occurrant
1818 2105 1907 2177 qui
1937 2101 2005 2158 ad

400 2194 543 2256 hanc
590 2199 933 2256 solitudinem
978 2200 1229 2268 veniant,
1273 2199 1342 2255 de
1376 2207 1551 2255 vestra
1590 2198 1899 2255 valetudine
1936 2198 2007 2255 ad

403 2308 506 2350 nos
544 2292 815 2349 scribatis.
863 2292 983 2350 Scis
1027 2293 1170 2347 enim
1218 2299 1471 2363 quantam
1513 2291 1638 2347 hinc
1678 2292 2006 2362 voluptatem

409 2384 715 2456 percepturi
763 2384 932 2441 simus
956 2424 972 2450 ,
1010 2399 1134 2440 eum
1171 2383 1242 2439 de
1285 2383 1562 2439 hominum
1608 2392 1717 2439 tam
1754 2384 2009 2440 ardenter

402 2490 507 2533 nos
548 2476 843 2534 amantium
882 2480 1143 2548 prospera
1177 2474 1481 2532 valetudine
1525 2476 1770 2532 crebrius
1811 2476 1879 2531 ad
1908 2491 2007 2533 nos

405 2569 610 2642 aliquid
633 2568 913 2626 all'eretur.

551 2699 636 2760 Cb
652 2702 747 2758 VI.
776 2701 1069 2776 Episwpis.
1103 2701 1305 2775 (Anno,
1329 2708 1387 2757 ut
1416 2707 1652 2772 putatur,
1683 2698 1838 2774 406.)

479 2835 689 2892 Clamat
715 2836 934 2907 quidem
963 2836 1160 2907 ubique
1185 2835 1303 2907 ipsa
1329 2852 1543 2908 quoque
1572 2853 1751 2892 rerum
1782 2845 1966 2893 natura
1987 2879 2006 2908 ,

402 2929 595 2999 quavis
642 2929 766 2984 tuba
805 2928 1214 2984 luculentiorem
1254 2943 1439 2983 vocem
1462 2929 1750 2997 emittens,
1778 2931 2009 3000 praecla-

405 3021 679 3079 rissimum
718 3022 958 3077 vestrum
1001 3022 1199 3088 zelum,
1229 3021 1503 3092 animique
1527 3037 1626 3093 pro
1651 3022 1891 3077 veritatis
1915 3022 2011 3078 de-

411 3114 660 3169 fensione
700 3112 1031 3168 alacritatem
1053 3148 1070 3179 ,
1121 3128 1280 3184 quam
1324 3128 1430 3168 non
1461 3114 1669 3169 itineris
1693 3114 1968 3184 longitudo
1989 3152 2007 3181 ,

410 3216 522 3261 non
561 3205 819 3276 temporis
858 3205 1180 3260 diuturnitas
1205 3246 1220 3271 ,
1263 3222 1370 3260 non
1417 3207 1693 3260 hominum
1722 3207 2008 3262 insanabili

410 3295 599 3353 morbo
645 3296 1004 3350 laborantium
1046 3310 1247 3351 Vesana
1291 3299 1599 3365 contentio,
1647 3313 1754 3353 non
1779 3299 2012 3369 denique

408 3386 553 3442 aliud
577 3386 867 3457 quidquam
896 3387 1201 3456 hujusmodi
1231 3391 1532 3459 oppressit,
1559 3391 1830 3447 autetiam
1855 3390 2010 3447 debi-

412 3479 609 3536 litavit.
634 3481 713 3535 Ac
734 3494 830 3534 nos
853 3480 978 3535 item
1007 3495 1228 3551 magnas
1251 3482 1403 3540 vobis
1430 3485 1628 3553 gratias
1653 3498 1833 3555 agerc,
1851 3493 2011 3555 atque

409 3586 732 3629 coronarum
777 3588 963 3630 earum
1008 3575 1264 3643 nomine,
1306 3591 1425 3646 qua:
1465 3577 1615 3633 vobis
1656 3577 1727 3633 ob
1755 3581 2010 3648 prteclara

411 3665 530 3721 haec
551 3666 848 3722 Certamina
885 3682 915 3723 a
944 3667 1175 3739 benigno
1202 3668 1313 3723 Deo
1341 3669 1725 3735 reconduntur,
1753 3672 2009 3741 gratulari

411 3768 519 3811 non
559 3756 874 3812 desinimus.
926 3757 996 3813 Et
1021 3758 1234 3829 quidem
1263 3774 1445 3814 coram
1474 3763 1635 3817 etiam
1666 3778 1760 3818 vos
1786 3778 2011 3823 cernere

410 3860 753 3919 imperemus;
799 3850 1062 3917 Quoniam
1108 3861 1286 3906 autem
1331 3852 1380 3906 id
1409 3856 1626 3909 minime
1656 3855 1766 3911 ﬁeri
1800 3865 2007 3927 potest,

411 3940 552 4012 quod
596 3944 768 3999 easilii
812 3944 1039 3999 vinculis
1065 3945 1305 4002 adstricti
1334 3956 1646 4016 teneamur;
1680 3950 1882 4006 idcirco
1908 3951 2009 4006 do-

410 4036 613 4089 minum
665 4046 842 4092 meum
890 4039 1391 4095 reVercndissimum
1442 4054 1508 4098 ac
1548 4043 2009 4113 religiosissimum

410 4130 779 4202 presbyterum
812 4132 948 4187 uneti
970 4173 985 4198 ,
1015 4146 1112 4202 per
1127 4149 1248 4188 cum
1276 4134 1556 4190 scribimus
1578 4174 1594 4200 ,
1624 4136 1887 4207 vobisque
1911 4137 2009 4192 de-

411 4224 578 4279 bitum
623 4225 958 4280 salutationis
1006 4241 1202 4285 munus
1245 4227 1600 4296 persolvimus
1644 4245 1657 4281 :
1700 4228 1826 4284 illud
1859 4229 2011 4285 vobis

410 4316 807 4387 signiﬁcantes,
833 4325 929 4370 vos
957 4316 1264 4371 universum
1295 4316 1568 4373 Orientem
1598 4318 1761 4373 vestri
1792 4317 2009 4374 deside»-

411 4414 494 4465 rio
515 4410 894 4475 inllanimassc,
922 4410 1297 4481 ingentemque
1326 4411 1487 4465 vestri
1514 4425 1752 4466 amorem
1774 4411 1906 4481 ipsis
1925 4423 2008 4466 at-

412 4506 624 4569 tulisse,
670 4513 831 4575 atque
871 4520 1122 4561 numeros
1164 4505 1408 4562 homines
1445 4504 1602 4574 justze
1640 4505 1898 4576 hujusce.
1939 4505 2010 4564 ob

409 4610 470 4652 ea
514 4597 708 4666 flagitia
749 4612 867 4669 qua:
911 4607 1211 4668 perpetrata
1239 4607 1398 4665 sunt,
1432 4597 1806 4668 indignationis
1834 4599 2009 4654 socios

410 4687 630 4742 habere.
680 4687 783 4740 Vos
827 4690 1005 4758 itaque
1050 4685 1361 4753 hortamur,
1409 4698 1466 4742 ut
1510 4688 1647 4741 idetu
1676 4689 1909 4742 studium
1940 4690 2007 4743 ad

408 4786 708 4831 extremum
753 4794 922 4848 usque
962 4781 1243 4849 praestetis.
1289 4778 1447 4835 Scitis
1485 4777 1628 4833 enim
1670 4791 1896 4850 quantas
1938 4781 2009 4836 ob

413 4867 606 4923 breves
647 4869 745 4921 hos
776 4870 983 4926 labores
1011 4887 1238 4927 coronas
1266 4872 1536 4941 accepturi
1566 4872 1683 4926 sitis
1706 4915 1722 4939 ,
1755 4874 2006 4929 nimirum

414 4961 736 5014 immortalia
776 4962 927 5015 vobis
967 4973 1125 5032 atque
1168 4964 1383 5035 copiosa
1429 4965 1647 5035 pra-mia
1687 4965 1827 5036 apud
1859 4967 2011 5022 beni-

408 5068 573 5124 gnum
609 5053 774 5106 Deum
807 5055 1177 5112 I‘CCOIIdelIleS‘.

495 5145 724 5202 CLVII.
755 5144 1044 5219 Episcopis,
1067 5153 1150 5223 qui
1175 5151 1236 5206 ub
1265 5150 1536 5207 Occidente
1558 5163 1796 5208 uenerant
1817 5153 1917 5227 (a).

844 5260 1045 5333 (Anno,
1074 5273 1131 5318 ut
1160 5275 1393 5336 putatur,
1421 5266 1578 5338 406.)

485 5369 554 5432 Et
574 5373 789 5448 quidem
824 5377 970 5447 prius
991 5386 1202 5448 quoque
1227 5381 1459 5437 studium
1488 5393 1758 5453 vestrum,
1790 5396 1844 5441 et
1867 5387 2003 5441 aﬂ'e-

476 5491 563 5565 fa)
584 5499 696 5542 Haec
719 5499 773 5543 et
802 5499 1076 5565 sequentes
1101 5493 1322 5556 epistolae
1358 5497 1416 5545 ad
1440 5499 1709 5565 episcopos
1731 5502 1814 5565 qui
1837 5503 1901 5552 ab
1923 5511 2010 5553 oo-

405 5553 604 5620 cidente
621 5563 861 5620 venerant
879 5553 1064 5614 missio,
1092 5553 1232 5618 circe]
1254 5566 1302 5606 to
1324 5553 1534 5620 quodam
1557 5553 1820 5613 verborum
1836 5568 2008 5616 discri-

409 5615 561 5690 mine,
587 5616 809 5690 ejusdem
831 5630 965 5690 pene
991 5626 1155 5690 formae
1178 5615 1291 5690 sunt
1307 5659 1321 5679 ,
1342 5615 1402 5690 "et
1431 5624 1493 5668 ab
1520 5624 1693 5673 eodem
1718 5628 2008 5690 presbytero

405 5677 695 5744 deferendae
725 5677 971 5729 dicuntur.
1003 5681 1078 5744 sic
1113 5688 1278 5730 autem
1303 5677 1330 5729 a
1352 5683 1685 5744 (lirysostomo
1709 5677 2006 5740 conciliasti

409 5736 562 5788 fuisse
602 5740 854 5806 videntur,
895 5749 951 5791 ut
988 5743 1081 5791 etsi
1121 5744 1183 5792 ad
1218 5736 1477 5806 episcopos
1513 5747 1843 5799 occidentales
1863 5736 2006 5803 sim—td

408 5799 850 5924 aﬁpﬁ‘eantur,
882 5810 1024 5854 suum
1059 5812 1223 5855 tamen
1253 5799 1438 5870 cuique
1475 5807 1702 5873 episcopo
1729 5799 2008 5868 traderetur

1146 415 1202 471 S.
1242 409 1521 471 JOANNiS
1555 401 2033 465 CllRYSOSTOMl
2080 401 2393 458 ARClllEP.
2415 402 2952 463 CONSTANTlNOP.

3578 408 3671 476 7d!

2108 526 2250 572 ctum
2275 559 2290 584 ,
2335 533 2493 588 quem
2535 519 2602 574 ad
2651 520 3015 578 Ecclesiarum
3059 522 3377 584 detrimenta
3421 534 3670 592 sarcienda

2105 611 2466 682 praestitistis,
2518 613 2726 670 ﬁrmam
2771 617 2933 671 etiam
2974 631 3039 672 ac
3078 620 3341 676 sinceram
3378 621 3672 683 benevolen-

2106 704 2265 770 tiam,
2310 703 2705 771 fortitudinem,
2755 708 2919 763 animi
2961 713 3315 770 constantiam
3358 732 3423 772 ae
3462 721 3670 778 tuleram

2111 798 2278 865 tiam,
2316 814 2475 869 quam
2520 801 2717 856 tamdiu
2747 817 2859 872 pra:
2900 803 3052 860 vobis
3093 807 3321 875 tulistis,
3364 814 3605 883 majorem
3628 819 3673 874 in

2107 891 2325 945 modum
2355 891 2683 950 admirabar.
2713 893 2866 950 Nunc
2892 906 3069 952 autem
3098 914 3165 955 ex
3194 904 3391 972 ingenti
3418 908 3571 961 animi
3595 926 3674 965 reo

2106 983 2203 1038 atri
2228 983 2409 1054 vigure
2435 993 2653 1054 stupore
2680 985 2901 1043 allecms
2931 1002 3084 1046 sum:
3113 993 3311 1064 quippe
3338 998 3426 1067 qui
3454 1008 3553 1051 tam
3580 1002 3675 1056 leno

2106 1089 2227 1146 gam
2272 1092 2337 1132 ac
2383 1078 2682 1148 marinam,
2727 1080 3080 1156 laborumque
3123 1096 3178 1142 et
3204 1089 3459 1146 sudorum
3489 1094 3675 1162 plenam

2109 1170 2597 1240 peregrinationem
2637 1174 2825 1241 vobis,
2875 1186 2931 1230 ut
2962 1177 3217 1234 Ecclesiae
3246 1183 3535 1238 commodis
3562 1201 3677 1239 coun-

2106 1260 2354 1317 suleretis
2374 1304 2390 1330 ,
2430 1264 2824 1334 suscipiendam
2851 1265 3130 1324 duxeritis.
3161 1270 3240 1325 Ac
3265 1273 3453 1328 vellem
3484 1274 3676 1344 quidem

2108 1352 2238 1406 milii
2279 1368 2493 1425 quoque
2538 1369 2683 1425 sa'pe
2711 1358 2949 1413 scribere
2968 1401 2983 1427 ,
3015 1360 3355 1433 debitamque
3382 1365 3528 1420 vobis
3553 1369 3677 1424 saltt-

2110 1441 2363 1498 tationem
2412 1446 2718 1514 persolvere
2764 1448 2967 1505 liceret.
3010 1450 3275 1518 Quoniam
3305 1464 3483 1511 autcm
3513 1458 3561 1512 id
3590 1461 3676 1513 mi.

2110 1534 2254 1590 nime
2294 1536 2453 1604 licet,
2481 1538 2622 1609 quod
2649 1539 2702 1594 in
2732 1556 2799 1596 eo
2826 1540 2945 1599 loco
2975 1542 3210 1600 habitem
3232 1587 3247 1613 ,
3282 1548 3373 1617 qui
3406 1565 3534 1618 pene
3552 1554 3678 1608 omni

2108 1629 2256 1684 adittt
2295 1641 2479 1699 caret,
2520 1641 2575 1687 ct
2616 1634 2904 1692 solitudine
2940 1637 3206 1709 undique,
3255 1649 3506 1712 tanquam
3546 1661 3677 1701 more

2109 1723 2338 1794 quodam
2362 1760 2380 1793 ,
2411 1726 2737 1796 interceptus
2763 1740 2879 1797 cst,
2912 1731 3111 1786 idcirco
3141 1749 3284 1789 nunc
3310 1737 3678 1793 reverendissiu

2110 1832 2256 1871 mum
2299 1832 2365 1873 ac
2406 1819 2864 1890 religiosissimum
2911 1823 3185 1880 domimun
3230 1843 3408 1884 meum
3436 1831 3681 1902 presbyte-

2109 1918 2226 1963 rum
2274 1920 2464 1967 nactus
2486 1945 2504 1980 ,
2542 1914 2820 1970 caritatem
2863 1925 3091 1972 vestram
3119 1920 3296 1974 saluto
3320 1958 3336 1987 ,
3365 1938 3558 1993 vosque
3583 1940 3680 1979 mo-

2111 2016 2214 2057 nco
2238 2017 2303 2058 ac
2325 2018 2455 2074 rogo
2475 2036 2494 2071 ,
2525 2013 2582 2059 ut
2608 2005 2767 2061 ﬁnem
2793 2007 3070 2079 principiis
3092 2022 3507 2069 consentaneum
3534 2015 3680 2085 impo-

2110 2094 2271 2148 natis.
2314 2093 2475 2151 Scitis
2515 2097 2657 2152 enim
2684 2109 2882 2168 quanta
2910 2101 3063 2179 vobis
3092 2104 3364 2173 patientiae
3388 2121 3586 2163 merces
3608 2106 3682 2162 fu-

2112 2193 2229 2240 tura
2251 2185 2349 2254 sit,
2378 2199 2681 2260 quantaque
2708 2190 2773 2245 iis
2801 2206 2832 2246 a
2860 2192 3090 2265 benigno
3120 2195 3231 2251 Deo
3254 2199 3475 2267 praemia
3501 2199 3679 2255 consti-

2112 2285 2225 2332 tuta
2247 2320 2263 2345 ,
2286 2279 2376 2350 qui
2399 2294 2496 2350 pro
2517 2282 2724 2351 publica
2746 2298 2876 2353 pace
2900 2284 3112 2341 labores
3136 2287 3392 2356 subeunt,
3419 2305 3483 2346 ac
3502 2299 3681 2349 tantum

2104 2378 2381 2427 certamen
2410 2373 2728 2443 suscipiunt.

2277 2503 2364 2562 CL
2377 2504 2540 2561 VIII.
2570 2506 2781 2566 Iisdem.
2816 2509 3018 2584 (Anno,
3046 2521 3106 2570 ut
3127 2522 3365 2586 putatur,
3397 2517 3546 2593 406.)

2183 2641 2300 2702 Non
2330 2660 2547 2718 parvam
2579 2658 2632 2704 ct
2659 2650 2811 2707 vobis
2843 2650 2971 2722 ipsis
2995 2667 3322 2711 coronarum
3353 2671 3578 2728 segetem
3600 2701 3613 2723 ,
3636 2664 3682 2714 et

2113 2736 2271 2793 nobis
2296 2740 2731 2797 consolationum
2765 2747 3043 2801 materiam
3074 2788 3089 2813 ,
3136 2750 3551 2818 prmelarissimo
3594 2751 3681 2807 hoc

2109 2842 2295 2898 vestro
2346 2833 2524 2890 studio
2577 2835 2954 2907 laboribusque
3019 2846 3395 2910 comparastis.
3450 2845 3680 2916 Quocirca

2114 2931 2265 2979 tanto
2316 2925 2479 2980 etiam
2518 2925 2724 2983 itineris
2754 2927 3035 2985 intervallo
3054 2947 3084 2986 a
3110 2934 3259 2989 vobis
3288 2936 3462 2992 dissiti
3481 2979 3497 2999 .
3524 2939 3681 2993 laudes

2111 3027 2322 3072 vestras
2345 3018 2716 3087 praedicamus,
2741 3021 2892 3076 vobis
2919 3024 3118 3092 gratias
3154 3027 3390 3097 agimus,
3431 3046 3523 3086 vos
3558 3031 3681 3086 deni-

2110 3126 2218 3179 que
2238 3125 2437 3167 corona
2470 3112 2751 3175 donamus.
2787 3130 2851 3171 ac
2901 3116 3084 3172 beatos
3110 3134 3419 3177 censemus.
3448 3126 3520 3180 Ae
3546 3125 3681 3182 veile-

2113 3215 2236 3256 mus
2271 3201 2485 3272 quidem
2509 3202 2841 3275 frequentius
2866 3209 3025 3262 etiam
3065 3211 3131 3264 ad
3156 3227 3250 3267 vos
3279 3216 3516 3272 scribere
3549 3218 3680 3272 nobis

2114 3294 2333 3362 liceret;
2363 3313 2484 3352 nam
2516 3299 2639 3354 hinc
2663 3315 2875 3372 quoque
2898 3303 3185 3358 maximum
3211 3309 3460 3364 solatium
3487 3326 3679 3379 capere-

2115 3402 2273 3453 mus;
2305 3388 2349 3442 si
2370 3388 2582 3459 quidem
2601 3392 2688 3461 qui
2717 3392 2897 3447 literas
2916 3392 3119 3450 ferrent
3146 3399 3385 3455 nancisci
3410 3415 3677 3471 possemus.

2111 3479 2376 3549 Quoniam
2421 3492 2600 3538 autem
2630 3485 2801 3550 nobis,
2833 3487 2923 3556 qui
2953 3488 3019 3542 ad
3048 3501 3327 3547 extremos
3369 3508 3536 3566 usque
3557 3495 3679 3549 orbis

2114 3576 2249 3631 lines
2275 3576 2493 3646 relegati
2523 3592 2729 3643 sumus,
2762 3578 2812 3633 id
2857 3582 3076 3637 minime
3096 3581 3251 3639 facile
3280 3596 3390 3651 est,
3417 3603 3533 3642 cum
3561 3604 3678 3658 pra:-

2116 3666 2301 3721 sertim
2333 3666 2474 3723 haud
2503 3666 2658 3724 facile
2676 3671 2956 3741 quisquam
2972 3672 3038 3726 ad
3068 3689 3166 3729 nos
3204 3679 3465 3735 accedere
3503 3684 3677 3750 queat,

2115 3756 2317 3814 idcirco
2353 3774 2497 3815 nunc
2520 3802 2536 3828 ,
2586 3776 2707 3815 cum
2740 3763 3249 3823 reverendissimum
3281 3785 3349 3825 ac
3372 3771 3680 3844 religiosissi-

2114 3865 2261 3905 mum
2287 3851 2562 3907 dominutn
2594 3868 2771 3911 meum
2824 3857 3192 3928 presbyterum
3225 3864 3366 3919 nacti
3400 3865 3580 3933 simus,
3603 3864 3681 3919 de-

2114 3938 2276 3996 bitam
2295 3942 2665 3999 salutationem
2690 3945 2840 4001 vobis
2871 3948 3182 4017 pendimus;
3208 3968 3411 4025 vosque
3438 3969 3678 4027 rogamus,

2115 4044 2174 4088 ut
2198 4034 2297 4100 rei,
2326 4039 2372 4090 si
2402 4036 2675 4103 succedat,
2732 4040 3154 4110 magnitudinem
3184 4045 3371 4101 animo
3399 4048 3644 4101 intuentes
3663 4080 3678 4108 ,

2112 4126 2322 4181 etiamsi
2349 4126 2544 4198 alioqui
2576 4129 2865 4199 plurimum
2892 4132 3003 4201 jam
3035 4137 3292 4203 temporis
3316 4138 3367 4190 in
3397 4153 3459 4194 ea
3489 4152 3545 4192 re
3565 4151 3671 4191 con-

2116 4228 2387 4286 sumptum
2414 4228 2520 4287 est,
2548 4230 2708 4289 atque
2735 4222 3160 4279 adversariorum
3197 4230 3492 4297 pervicacia
3520 4229 3676 4298 ingra-

2113 4310 2300 4374 vescit,
2332 4325 2429 4366 nec
2457 4312 2785 4368 curationem
2815 4314 2974 4368 ullam
3005 4316 3297 4372 etiamnum
3327 4319 3582 4384 admittit;
3611 4326 3678 4370 ta-

2113 4414 2278 4468 men,
2324 4415 2445 4471 qua:
2489 4412 2787 4457 vestrarum
2836 4407 3070 4475 partium
3119 4417 3264 4474 sunt,
3294 4412 3361 4465 ad
3391 4411 3679 4467 detrimenta

2110 4493 2390 4549 sarcienda
2418 4495 2665 4553 conferre
2690 4511 2758 4552 ne
2781 4496 3070 4553 desistatis.
3103 4501 3222 4567 Quo
3250 4504 3396 4557 enim
3427 4504 3586 4572 major
3598 4498 3680 4555 dif-

2114 4586 2323 4643 ﬁcultas
2349 4597 2454 4653 est,
2504 4604 2570 4644 eo
2599 4605 2810 4661 quoque
2840 4592 3010 4662 major
3043 4602 3098 4647 et
3128 4595 3345 4651 uberior
3373 4597 3675 4668 egregiorum

2115 4676 2302 4734 horum
2333 4681 2686 4736 certaminum
2718 4699 2923 4740 merces
2952 4700 2984 4740 a
3010 4686 3240 4758 benigno
3272 4689 3382 4744 Deo
3411 4689 3555 4743 vobis
3568 4701 3679 4740 con-

2113 4774 2387 4829 stituetur.

2308 4907 2499 4964 CLIX.
2534 4907 2968 4985 Iisdem.(Anno,
2998 4924 3057 4971 ut
3086 4925 3320 4987 putatur,
3351 4916 3502 4987 406.)

2185 5045 2300 5101 Non
2322 5047 2565 5117 exiguam
2608 5049 2870 5104 maiorum
2915 5066 3101 5121 eorum
3122 5094 3137 5119 ,
3187 5070 3306 5123 qua:
3336 5053 3431 5108 has
3458 5051 3680 5122 regiones

2112 5136 2445 5204 invaserunt,
2473 5140 2896 5195 consolationem
2919 5156 2981 5196 ex
3010 5144 3170 5198 studii
3199 5146 3358 5199 vestri
3386 5158 3449 5198 ac
3471 5143 3677 5211 diligen-

2113 5229 2201 5285 tiae
2223 5230 2588 5300 magnitudine
2610 5234 2868 5300 capimus.
2896 5240 2973 5288 Ac
3001 5230 3239 5303 proiecto
3263 5251 3323 5289 ea
3350 5249 3554 5305 quoque
3577 5242 3679 5299 qua!

2112 5321 2262 5389 prius
2291 5335 2321 5375 a
2356 5322 2506 5376 vobis
2535 5319 2673 5378 facta
2702 5333 2830 5379 sunt
2851 5365 2867 5393 ,
2899 5334 3185 5396 vestraque
3224 5327 3485 5397 vigilantia
3511 5334 3560 5378 ct
3585 5330 3681 5375 stu-

2110 5413 2282 5479 dium,
2310 5422 2561 5484 tantaque
2590 5429 2715 5469 cura
2764 5431 2829 5471 ac
2878 5418 3182 5473 sollicitudo
3209 5459 3225 5485 ,
3261 5418 3325 5474 ad
3362 5420 3542 5487 ingens
3567 5415 3679 5469 stila-

2114 5506 2246 5559 timn
2294 5505 2448 5561 nobis
2496 5504 2824 5563 afferendum
2877 5508 3094 5565 abunde
3142 5511 3517 5565 sufﬁciebant:
3556 5501 3675 5573 quod

2113 5611 2291 5653 autem
2360 5613 2504 5654 nunc
2557 5600 2866 5670 adjccistis,
2919 5610 2976 5656 ut
3029 5620 3125 5673 pro
3170 5605 3420 5659 Ecclesia:
3467 5609 3679 5656 comnio—

2111 5689 2197 5744 dis
2227 5701 2332 5744 tam
2362 5691 2578 5761 longum
2608 5694 2709 5746 iter
2736 5695 3100 5762 susciperetis,
3125 5711 3223 5751 nos
3243 5710 3424 5750 omnes
3443 5690 3674 5758 majorem

2115 5782 2169 5837 in
2195 5782 2410 5837 modum
2444 5785 2722 5840 recreavit.
2769 5783 2951 5854 itaque
2991 5787 3364 5841 communibus
3391 5782 3569 5837 animis
3610 5777 3674 5830 ire

2118 5886 2307 5944 gentes
2337 5889 2433 5944 pro
2477 5884 2556 5933 tot
2586 5876 2857 5933 laboribus
2895 5892 2959 5932 ac
2990 5877 3273 5934 sudoribus
3321 5872 3669 5947 prmciarisqtle
