3950 6394
382 421 494 477 703

373 534 665 606 διωλύγιον
705 533 773 589 ἐκ
821 534 1076 589 τοσούτου
1129 537 1408 593 πνεύσασα
1455 538 1549 594 τοῦ
1581 540 1967 612 διαστήματος.

376 630 477 685 καὶ
508 629 641 701 πρὸς
684 629 826 684 αὒτά
868 630 1174 703 ἀφικομένη
1206 632 1305 703 τῆς
1349 632 1454 702 γῆς
1494 632 1564 686 τά
1610 633 1841 704 πέρατα.
1866 634 1973 686 Καὶ

375 721 491 776 τῶν
518 720 802 791 παρόντοιν
835 720 935 773 οὐκ
972 720 1194 776 ἔλαττον
1225 723 1385 794 ῐσμεν
1413 723 1577 793 ἡμεῖς
1599 762 1613 786 ,
1646 724 1695 775 οἱ
1721 722 1975 775 τοσοῦτον

373 810 759 881 ἀπῳκισμένοι
806 810 985 882 μῆκος
1012 810 1133 865 όδοῦ
1153 852 1169 878 ,
1222 812 1319 884 τὴν
1350 814 1720 885 σφοδροτάτην
1760 829 1854 868 σου
1884 815 1978 867 καὶ

371 897 535 972 [690]
566 900 742 971 πυρὸς
794 899 1071 970 γέμουσαν
1116 902 1379 974 ἀγάπην,
1426 902 1523 975 τὴν
1575 904 1842 976 εἰλικρινῆ
1882 904 1978 958 καὶ

375 991 694 1062 ἐλευθερίας
743 991 947 1062 πολλῆς
1006 992 1101 1046 καὶ
1145 995 1457 1065 παρρησίας
1509 996 1978 1068 ἐμπεπλησμένην

376 1083 651 1153 γλῶτταν,
699 1084 797 1154 τὴν
828 1083 1079 1139 ἔνστασιν
1130 1086 1229 1158 τὴν
1289 1088 1574 1157 ἀδάμαντα
1609 1089 1974 1161 μιμουμένην.

373 1176 476 1232 Διὸ
504 1177 598 1231 καὶ
627 1175 833 1249 σφόδρα
858 1177 1234 1249 ἐπιθυμοῦμεν
1263 1179 1351 1233 καὶ
1379 1179 1474 1251 τῆς
1516 1179 1659 1234 κατὰ
1686 1181 1978 1249 πρόσωπον

375 1266 691 1322 ἀπολαῦσαί
743 1284 838 1321 σου
873 1270 1183 1339 συντυχίας.
1249 1270 1388 1323 Ἀλλ’
1445 1271 1628 1344 ἐπειδὴ
1675 1273 1768 1326 καὶ
1821 1273 1980 1328 τοῦτο

377 1360 533 1431 ἡμᾶς
561 1361 595 1431 ἡ
650 1360 857 1433 ἐρημία
888 1359 1030 1433 αῦτη
1064 1362 1374 1432 παρείλετο,
1480 1364 1574 1417 νῦν
1612 1366 1781 1435 ἐσμεν
1810 1383 1980 1420 πεπε-

374 1453 647 1523 δημένοι,
710 1451 962 1525 εὑρόντες
1012 1453 1104 1506 τὸν
1143 1453 1331 1525 κύριόν
1390 1472 1490 1527 μου
1524 1455 1851 1527 τιμιώτατον
1887 1457 1980 1512 καὶ

378 1540 778 1597 εὐλαϐέστατον
804 1543 1191 1617 πρεσϐύτερον,
1222 1546 1407 1611 καθὼς
1432 1547 1531 1614 ἔνι,
1559 1549 1657 1620 τὴν
1684 1548 1980 1622 ἐπιθυμίαν

379 1632 702 1705 πληροῦμεν
725 1633 822 1707 τὴν
842 1636 1075 1703 ἐαυτῶν,
1099 1636 1404 1709 γράφοντες
1429 1645 1522 1694 καὶ
1543 1644 1979 1715 προσαγορεύον-

378 1741 517 1790 τες,
571 1725 801 1798 χάριτας
855 1728 1245 1799 ὁμολογοῦντες
1277 1730 1407 1802 ὑμῖν
1456 1733 1656 1799 πολλάς
1690 1737 1829 1810 ὑπὲρ
1879 1738 1979 1809 τῆς

380 1817 625 1888 σπουδῆς
648 1858 664 1884 ,
698 1818 766 1888 ἢν
787 1818 874 1873 διὰ
902 1819 1104 1884 παντὸς
1134 1821 1229 1874 τοῦ
1265 1821 1476 1895 μακροῦ
1496 1823 1687 1878 τούτου
1722 1829 1913 1898 χρόνου
1926 1840 1978 1893 ι,

384 1908 531 1980 μετά
547 1908 748 1980 πολλῆς
773 1910 1118 1975 ἐπεδείξασθε
1147 1914 1245 1984 τῆς
1284 1914 1549 1978 εὐτονίας.
1583 1917 1694 1971 Καὶ
1728 1936 1981 1990 παρακα-

376 2006 587 2077 λοῦμεν
605 2006 771 2076 ἡνίκα
793 2007 860 2061 ἂν
887 2007 1086 2080 ἐπανίῃ
1105 2048 1120 2070 ,
1159 2009 1254 2062 καὶ
1293 2007 1484 2062 τούτου
1519 2012 1717 2083 χωρὶς,
1751 2012 1839 2066 διά
1871 2015 1980 2068 τῶν

379 2100 770 2169 ἐμπιπτόντων
798 2099 1307 2171 γραμματηφόρων,
1332 2099 1387 2153 εί
1408 2100 1470 2169 γέ
1521 2118 1666 2165 τινες
1709 2103 1981 2174 εὑρεθεῖεν

376 2191 440 2244 οἱ
470 2189 608 2262 πρὸς
629 2188 728 2262 τὴν
775 2190 1013 2261 ἐρημίαν
1062 2192 1268 2261 ταύτην
1297 2192 1723 2264 ἀφικνούμενοι,
1753 2194 1823 2249 τά
1853 2197 1981 2268 περὶ

374 2280 487 2350 τῆς
520 2278 708 2347 ὑγείας
739 2280 872 2350 ἡμῖν
926 2280 1263 2335 ἐπιστέλλειν
1313 2284 1415 2353 τῆς
1461 2283 1752 2354 ὑμετέρας.
1810 2280 1981 2338 Οἶσθα

376 2369 498 2442 γὰρ
538 2371 670 2441 ὅσην
720 2369 970 2423 ἐντεῦθεν
1028 2372 1435 2442 καρπωσόμεθα
1468 2373 1565 2444 τὴν
1618 2374 1840 2444 ἡδονὴν,
1873 2375 1981 2430 τῶν

376 2459 533 2516 οὕτω
572 2461 795 2533 θερμῶς
833 2463 962 2535 περὶ
1014 2465 1165 2534 ἡμᾶς
1228 2463 1587 2536 διακειμένων
1635 2464 1736 2531 τὴν
1791 2467 1982 2536 ὑγείαν

378 2555 738 2625 πυκνοτέρως
766 2554 1268 2627 εὐαγγελιζόμενοι.

860 2692 1054 2758 PNCI'.
1094 2691 1503 2759 Ἐπισκόποις.

463 2799 573 2874 Bo;
627 2801 727 2874 μέν
775 2801 1051 2872 πανταχοῦ
1102 2803 1194 2856 καὶ
1222 2802 1362 2874 αὑτὴ
1405 2804 1514 2857 τῶν
1566 2806 1907 2877 πραγμάτων
1947 2809 1981 2880 ἡ

380 2895 554 2967 φύσις
577 2937 591 2960 ,
628 2895 928 2965 σάλπιγγος
958 2895 1346 2968 λαμπροτέραν
1381 2899 1599 2966 ἀφιεῖσα
1632 2900 1848 2969 φωνὴν,
1890 2900 1982 2954 τὸν

379 2988 675 3044 κάλλιστον
709 2988 867 3059 ὑμῶν
913 2987 1111 3058 ζῆλον,
1144 2989 1239 3042 καὶ
1258 2987 1354 3060 τὴν
1392 2988 1533 3060 ὑπὲρ
1576 2989 1676 3059 τῆς
1723 2990 1981 3061 ἀληθείας

380 3079 700 3152 ¹προθυμίαν
724 3119 739 3144 ,
767 3079 834 3150 ἣν
860 3079 960 3150 οὑχ
987 3076 1110 3131 ὁδοῦ
1148 3079 1319 3150 μῆκος
1338 3119 1353 3143 ,
1400 3079 1463 3131 οὐ
1509 3079 1705 3150 χρόνου
1754 3080 1978 3151 πλῆθος,

378 3172 453 3226 οὐ
485 3171 594 3225 τῶν
626 3172 820 3226 ἀνίατα
867 3170 1167 3226 νοσούντων
1222 3173 1255 3242 ἡ
1316 3171 1625 3242 παράλογος
1659 3173 1979 3241 φιλονεικία,

378 3266 495 3321 οὑκ
520 3266 650 3320 ἀλλο
666 3265 774 3320 τῶν
800 3266 1059 3319 τοιούτοιν
1085 3265 1238 3318 οὐδὲν
1261 3266 1577 3331 κατέλυσεν,
1601 3268 1721 3321 οὐδὲ
1746 3266 1773 3307 b
1804 3268 1983 3339 ἀμαυ-

385 3360 624 3432 ροτέραν
669 3359 913 3429 ἐποίησε.
966 3359 1074 3411 Καὶ
1110 3360 1275 3429 ἡμεῖς
1313 3359 1371 3411 δὲ
1425 3360 1486 3413 ού
1548 3360 1984 3432 διαλιμπάνομεν

383 3449 593 3512 πολλάς
616 3449 745 3519 ὑμῖν
769 3448 980 3520 ἔχοντες
1013 3448 1264 3519 χάριτας,
1294 3451 1388 3503 καὶ
1415 3451 1806 3523 μακαρίζοντες
1840 3452 1984 3521 ὑμᾶς

382 3543 455 3597 οὐ
482 3541 767 3611 παυόμεθα
794 3580 811 3605 ,
863 3539 971 3594 τῶν
1006 3542 1100 3594 ἐπὶ
1135 3544 1248 3604 τοῖς
1298 3541 1483 3605 καλοῖς
1532 3542 1743 3607 τούτοις
1776 3544 1983 3612 ἀγῶσιν

386 3633 773 3701 ἀποκειμένων
802 3631 931 3701 ὑμῖν
961 3630 1242 3700 στεφάνων
1271 3632 1423 3703 παρά
1466 3631 1560 3685 τοῦ
1600 3632 1982 3705 φιλανθρώπου

385 3725 552 3781 Θεοῦ.
590 3725 700 3777 Καὶ
736 3720 1113 3793 ἐπιθυμοῦμεν
1160 3722 1306 3792 ὑμᾶς
1352 3723 1446 3775 καὶ
1497 3723 1617 3775 κατ’
1661 3722 1783 3792 ὄψιν
1833 3724 1980 3777 ίδεῖν.

401 3815 626 3885 Ἐπειδὴ
659 3814 716 3868 δὲ
758 3813 918 3868 τοῦτο
957 3814 1057 3866 οὐκ
1115 3812 1193 3867 ἔνι
1225 3813 1447 3867 δυνατὸν
1494 3813 1574 3884 τῷ
1621 3815 1719 3884 τῆς
1769 3816 1985 3887 ἐξορίας

384 3907 577 3979 δεσμῷ
623 3905 1058 3978 πεπεδημένοις,
1099 3904 1480 3975 ἐπιλαϐόμενοι
1525 3904 1622 3958 τοῦ
1659 3906 1846 3978 κυρίου
1882 3924 1982 3978 μου

385 3999 489 4055 τοῦ
516 3999 845 4070 τιμιωτάτου
894 3998 989 4051 καὶ
1033 3996 1429 4051 εὑλαϐεστάτου
1476 3997 1847 4071 πρεσϐυτέρου
1869 4040 1885 4064 ,
1916 4000 1984 4053 δι’

387 4090 560 4149 αὑτοῦ
592 4090 918 4163 γράφομεν,
980 4088 1075 4142 καὶ
1120 4089 1221 4160 τὴν
1270 4089 1628 4162 ὀφειλομένην
1681 4094 1986 4163 πρόσρησιν

386 4184 752 4255 ἀποδιδόαμεν
779 4183 908 4253 ὑμῖν
937 4180 1221 4253 δηλοῦντες
1250 4181 1326 4247 ὡς
1355 4182 1575 4237 ἃπασαν
1601 4183 1984 4256 ἀνηρτήσασθε

385 4275 474 4347 τῷ
499 4274 646 4346 πόθῳ
671 4273 771 4344 τὴν
805 4272 1091 4344 ἀνατολὴν,
1121 4272 1217 4325 καὶ
1242 4272 1505 4342 σφοδροὺς
1534 4273 1687 4344 ὑμῶν
1722 4271 1988 4348 κατεστή-

388 4384 528 4421 σατε
581 4364 852 4438 ἐραστάς,
914 4363 1009 4417 καὶ
1071 4363 1299 4434 μυρίους
1358 4362 1513 4433 ἔχετε
1572 4364 1699 4428 τοὺς
1753 4382 1987 4435 συναγα-

386 4454 725 4517 νακτοῦντας
780 4454 909 4525 ὑμῖν
947 4452 1046 4523 τὴν
1078 4451 1296 4507 δικαίαν
1347 4452 1551 4524 ταύτην
1610 4454 1987 4526 ἀγανάκτησιν

388 4548 490 4603 ἐπὶ
518 4549 638 4611 ταῖς
665 4544 1059 4616 γεγενημέναις
1089 4544 1475 4617 παρανομίαις.
1504 4544 1614 4600 Καὶ
1641 4545 1988 4619 παρακαλοῦ-

390 4656 501 4712 μεν
525 4640 624 4710 τὴν
648 4638 820 4709 αὐτὴν
842 4635 1212 4701 ἐπιδείξασθαι
1241 4637 1401 4707 μέχρι
1432 4635 1621 4703 τέλους
1652 4637 1984 4709 προθυμίαν.

392 4734 544 4786 Ἰστε
564 4732 672 4803 γὰρ
696 4732 850 4794 ὅσους
865 4726 1226 4801 καρπώσεσθε
1246 4729 1542 4797 στεφάνους
1561 4728 1670 4782 ἀπὸ
1685 4729 1793 4783 τῶν
1818 4747 1988 4803 προσ-

394 4827 610 4897 καίρων
661 4826 866 4879 τούτων
904 4825 1121 4892 πόνων,
1177 4823 1275 4887 τὰς
1323 4822 1625 4886 ἀθανάτους
1671 4823 1801 4894 ὑμῖν
1849 4823 1987 4893 μετά

389 4919 602 4991 πολλῆς
656 4916 937 4988 δαψιλείας
971 4915 1458 4989 προαποτιθέμενοι
1508 4913 1661 4986 παρά
1691 4915 1769 4986 τῷ
1798 4915 1988 4985 φιλαν-

395 5013 607 5087 θρώπῳ
643 5012 762 5083 Θεῷ
794 5010 1050 5082 ἀμοιϐάς.

434 5129 618 5183 PNZ'.
661 5124 1053 5189 Ἐπισκόπὶοις
1090 5122 1379 5178 ἐλθοῦσιν
1402 5122 1523 5178 ἀπὸ
1556 5121 1667 5191 τῆς
1686 5122 1949 5189 Δύσεως.

471 5234 581 5289 Καὶ
602 5232 908 5304 ἔμπροσθεν
937 5232 1036 5302 μὲν
1058 5230 1673 5302 ἐξεπληττόμεθαιὺμῶν
1696 5233 1794 5303 τὴν
1821 5249 1989 5287 σπου-

383 5326 531 5397 δὴν,
561 5325 658 5395 τὴν
684 5324 995 5396 προθυμίαν
1039 5323 1139 5395 τὴν
1180 5323 1321 5394 ὑπὲρ
1360 5325 1459 5394 τῆς
1513 5322 1851 5394 διορθώσεως
1880 5325 1988 5378 τῶν

403 5415 747 5487 Ἑκκλησιῶν
778 5415 1173 5487 γεγενημένην,
1228 5415 1326 5486 τὴν
1361 5413 1600 5486 στερρὰν
1631 5416 1726 5469 καὶ
1759 5416 1988 5486 γνησίαν

388 5508 638 5565 διάθεσιν
664 5549 680 5575 ,
725 5508 824 5579 τὴν
879 5507 1133 5580 ἀνδρείαν
1163 5508 1257 5561 καὶ
1301 5507 1700 5578 ἀπερίτρεπτον
1738 5508 1984 5579 γνώμην,

388 5601 501 5674 τὴν
538 5599 832 5672 καρτερίαν
856 5643 872 5665 ,
914 5600 980 5672 ἦν
1024 5600 1117 5653 ἐπὶ
1162 5598 1417 5652 τοσοῦτον
1463 5597 1811 5665 ἐπεδείξασθε
1837 5598 1985 5672 [691]

461 5776 491 5840 f‘
512 5776 717 5837 Coislin.
741 5778 819 5826 διὰ
836 5776 1011 5833 παντὸς
1034 5775 1207 5840 μικροῦ
1232 5774 1328 5840 δεῖν
1349 5773 1436 5840 τοῦ
1458 5773 1649 5840 χρόνου.

460 5835 485 5876 δ
521 5835 720 5887 (ἷέιίςιιιι.
747 5840 881 5889 οὐδὲν
899 5835 1282 5896 κατασϐεσθῆναι
1309 5835 1506 5897 ἐποίησε
1528 5837 1607 5886 καὶ
1631 5835 1801 5895 οὐδείς.
1829 5839 1991 5890 νιος.

396 5908 458 5952 εὶ
482 5901 603 5965 Reg.
627 5901 759 5951 οὐδὲν
779 5901 1094 5968 ῥᾳθυμοτέραν
1118 5899 1330 5959 ἐποίησε.

1839 424 2223 482 ΕΡΙΞΤΟΙΑΕ.

3553 395 3670 502 ’πί

2077 544 2288 615 χρόνον.
2315 547 2565 603 Μάλιστα
2592 550 2649 605 δέ
2679 551 3056 626 ἐξεπλάγημεν
3082 554 3173 610 νῦν
3204 557 3294 612 τὸν
3323 560 3488 614 πολὺν
3515 563 3665 634 ὑμῶν

2077 650 2228 704 τόνον
2251 691 2266 715 ,
2309 652 2453 707 οὕτω
2485 656 2702 727 μακρὰν
2731 660 2827 712 καὶ
2876 660 3179 715 διαπόντιον
3212 664 3519 738 ἀποδημίαν
3552 667 3667 722 ἐλοο

2080 756 2278 825 μένων,
2321 758 2414 811 καὶ
2450 759 2628 817 πόνων
2658 762 2751 816 καὶ
2782 763 3018 836 ἱδρώτων
3053 766 3347 837 γέμουσαν,
3382 770 3523 842 ύπέρ
3559 773 3667 825 τῶν

2078 865 2198 927 ταῖς
2231 864 2578 938 Ἐκκλησίαις
2608 870 3015 941 συμφερόντων.
3051 874 3159 926 Καὶ
3194 873 3525 946 ἐϐουλόμεθα
3568 878 3667 948 μὶν

2080 970 2175 1025 καὶ
2211 972 2547 1029 ἐπιστέλλειν
2587 975 2826 1047 συνεχῶς
2851 1018 2866 1044 ,
2915 978 3009 1032 καὶ
3044 980 3143 1051 τὴν
3193 981 3548 1054 ὀφειλομένην
3602 987 3667 1056 τῇ

2078 1075 2333 1150 εὐλαϐείᾳ
2383 1078 2538 1149 ὑμῶν
2567 1080 2878 1136 ἀποδιδόναι
2926 1084 3249 1156 πρόσρησιν.
3304 1087 3444 1142 Ἀλλ’
3478 1087 3667 1159 ἐπειδὴ

2080 1179 2235 1234 τοῦτο
2262 1181 2362 1235 οὑκ
2395 1181 2472 1236 ἔνι
2503 1184 2712 1254 (σχεδὸν
2745 1186 2855 1258 γάρ
2887 1187 3086 1243 ἄϐατον
3114 1192 3225 1253 τοῖς
3248 1190 3459 1253 πολλοῖς
3487 1192 3668 1245 οἰκοῦ-

2083 1305 2182 1360 μεν
2209 1289 2427 1361 χωρίον,
2467 1289 2672 1364 ἐρημίᾳ
2694 1292 2958 1347 πάντοθεν
2984 1296 3548 1368 ἀποτετειχισμένον),
3573 1296 3668 1350 νῦν

2081 1398 2463 1469 ἐπιλαϐόμενοι
2509 1397 2602 1452 τοῦ
2662 1399 2849 1470 κυρίου
2902 1416 2999 1470 μου
3053 1399 3147 1453 τοῦ
3199 1400 3528 1471 τιμιωτάτου
3575 1399 3669 1452 καὶ

2080 1504 2475 1559 εύλαϐεστάτου
2533 1503 2943 1577 πρεσϐυτέρου,
2991 1504 3469 1577 προσαγορεύομεν
3513 1502 3669 1575 ὑμῶν

2080 1610 2177 1682 τὴν
2205 1611 2448 1681 ἀγάπην,
2474 1611 2567 1665 καὶ
2599 1610 3026 1683 παρακαλοῦμεν
3061 1615 3172 1675 τοῖς
3203 1610 3509 1682 προοιμίοις
3538 1627 3671 1683 συμο

2081 1715 2262 1770 ϐαῖνον
2284 1716 2548 1770 ἐπιθεῖναι
2570 1716 2743 1781 τέλος.
2784 1717 2927 1770 Ἰστε
2956 1715 3065 1788 γάρ
3086 1718 3209 1780 ὅσος
3242 1717 3371 1785 ὑμῖν
3392 1715 3540 1769 ἐσται
3568 1716 3667 1786 τῆς

2084 1820 2358 1890 ὑπομονῆς
2385 1822 2414 1873 ό
2449 1819 2639 1891 μισθὸς
2661 1861 2676 1884 ,
2714 1821 2806 1873 καὶ
2834 1820 2957 1874 ὅσαι
2982 1820 3132 1890 παρὰ
3163 1819 3255 1873 τοῦ
3284 1818 3668 1890 φιλανθρώπου

2082 1929 2219 1984 Θεοῦ
2266 1930 2321 1983 αἱ
2354 1928 2647 1992 ἀντιδόσεις
2675 1928 2815 1999 ὑπὲρ
2846 1928 2946 1998 τῆς
2994 1930 3179 1999 κοινῆς
3226 1928 3447 2000 εἰρήνης
3477 1942 3669 1981 πονου·

2087 2034 2295 2106 μένοις,
2324 2033 2418 2088 καὶ
2444 2032 2695 2088 τοσοῦτον
2722 2032 3135 2104 άναδεχομένοις
3161 2031 3371 2101 ἀγῶνα.

2575 2150 2761 2206 PNH'.
2799 2151 2929 2215 Τοῖς
2954 2148 3179 2216 αὐτοῖς.

2154 2265 2229 2319 Ού
2279 2262 2483 2336 μικράν
2536 2263 2633 2316 καὶ
2667 2264 2793 2334 ὑμῖν
2838 2262 3023 2324 αὐτοῖς
3076 2257 3360 2329 στεφάνων
3386 2256 3667 2321 ὑπόθεσιν,

2084 2369 2178 2422 καὶ
2206 2368 2335 2438 ἡμῖν
2363 2364 2760 2437 παρακλήσεως
2808 2362 3059 2436 ἀφορμὴν
3109 2361 3216 2414 ἀπὸ
3251 2363 3351 2432 τῆς
3377 2359 3671 2429 καλλίστης

2084 2472 2240 2544 ὑμῶν
2267 2471 2473 2542 ταύτης
2499 2468 2753 2541 σπουδῆς,
2790 2470 2883 2522 καὶ
2911 2466 3017 2521 τῶν
3040 2466 3236 2533 πόνων,
3260 2467 3354 2520 καὶ
3379 2466 3484 2519 τῶν
3511 2463 3671 2537 ἱδρώε-

2082 2595 2192 2631 των
2223 2575 2685 2633 κατεσκευάσατε.
2716 2574 2808 2627 Διὸ
2841 2572 2936 2627 καὶ
2985 2574 3050 2627 ἐκ
3084 2571 3337 2643 τοσούτου
3367 2569 3665 2641 καθήμενοι

2080 2684 2448 2754 διαστήματος
2471 2722 2486 2745 ,
2522 2679 2967 2752 ἀνακηρύττομεν
3000 2678 3176 2749 ὑμᾶς,
3222 2678 3448 2748 χάριτας
3480 2673 3673 2745 ὁμολο-

2083 2788 2327 2859 γοῦμεν,
2374 2787 2471 2841 καὶ
2522 2783 2930 2855 στεφανοῦμεν,
2984 2783 3080 2836 καὶ
3125 2780 3522 2853 μακαρίζομεν.
3558 2777 3671 2831 Καὶ

2083 2891 2420 2963 ἐϐουλόμεθα
2457 2890 2554 2963 μὲν
2604 2889 2698 2943 καὶ
2733 2886 3118 2958 συνεχέστερον
3151 2884 3485 2939 ἐπιστέλλειν
3511 2898 3524 2911 ·
3574 2882 3670 2936 καὶ

2083 2995 2193 3069 γάρ
2218 2995 2479 3067 μεγίστην
2522 2992 2770 3045 ἐντεῦθεν
2798 2991 2861 3045 ἂν
2891 2986 3334 3062 ἐκαρπωσάμεθα
3369 2999 3393 3026 ο
3423 2986 3520 3057 τὴν
3559 3002 3661 3039 παι

2089 3098 2380 3173 ραμυθίαν,
2437 3097 2491 3150 εί
2532 3114 2595 3165 γε
2638 3096 2745 3149 τῶν
2796 3094 2865 3148 τά
2896 3095 3201 3167 γράμματα
3246 3087 3673 3161 διακομιζόντων

2084 3204 2548 3276 ἐπετυγχάνομεν.
2577 3202 2796 3271 Ἐπειδὴ
2819 3201 2875 3254 δέ
2899 3199 2959 3252 οὐ
2991 3199 3171 3271 ῥᾴδιον
3199 3199 3328 3267 ἡμῖν
3353 3195 3508 3249 τοῦτο
3534 3193 3672 3267 πρὸς

2084 3313 2255 3377 αὑτὰς
2289 3310 2389 3374 τὰς
2431 3307 2688 3380 ἐσχατιὰς
2735 3306 2835 3376 τῆς
2886 3304 3211 3377 οἰκουμένης
3246 3298 3671 3373 ἀπῳκισμένοις,

2086 3418 2181 3474 καὶ
2216 3416 2429 3482 ούδενδς
2480 3416 2611 3485 ἡμῖν
2666 3411 2876 3483 ταχέως
2922 3410 3306 3481 ἐπιχωριάζειν
3353 3407 3674 3479 δυναμένου,

2085 3523 2182 3577 νῦν
2207 3523 2295 3576 ὅτε
2331 3517 2668 3589 ἐπετύχομεν
2710 3513 2807 3569 τοῦ
2838 3514 3027 3584 κυρίου
3076 3529 3174 3583 μου
3205 3511 3300 3566 τοῦ
3346 3511 3673 3582 τιμιωτάτου

2085 3625 2182 3681 καὶ
2240 3622 2637 3678 εὑλαϐεστάτου
2695 3618 3070 3691 πρεσϐυτέρου
3096 3659 3111 3685 ,
3160 3618 3261 3686 τὴν
3316 3615 3674 3686 ὀφειλομένην

2085 3731 2507 3802 ἀποδεδώκαμεν
2551 3728 2890 3800 πρόσρησιν,
2932 3728 3027 3781 καὶ
3068 3724 3494 3797 παρακαλοῦμεν
3517 3723 3674 3794 ὑμῶν

2084 3837 2183 3911 τὴν
2202 3834 2510 3899 εὐλάϐειαν,
2545 3832 2860 3895 ἐννοοῦντας
2891 3830 2985 3885 τοῦ
3028 3829 3451 3903 κατορθώματος
3477 3829 3537 3882 τὸ
3572 3829 3672 3900 μέ-

2085 3942 2245 4013 γεθος
2266 3982 2282 4007 ,
2311 3943 2359 3994 εἰ
2387 3941 2482 3994 καὶ
2506 3938 2672 4003 πολὺς
2695 3940 2723 3992 ό
2748 3937 3033 4009 παρελθὼν
3063 3936 3312 4010 ἀπλώθη
3342 3937 3553 4007 χρόνος,
3579 3938 3676 3993 καὶ

2086 4050 2182 4105 ἐπὶ
2221 4050 2283 4103 τὸ
2309 4051 2489 4120 χεῖρον
2512 4045 2620 4100 τῶν
2646 4044 3073 4116 ἐναντιουμένων
3112 4042 3335 4111 αὒξεται
3361 4046 3395 4115 ἡ
3438 4043 3672 4112 φιλονει-

2086 4156 2181 4209 κία
2206 4194 2221 4219 ,
2262 4154 2356 4208 καὶ
2407 4151 2626 4224 μένουσι
2664 4149 2946 4214 νοσοῦντες
2997 4148 3211 4212 ἀνίατα,
3249 4149 3318 4203 τά
3365 4147 3496 4217 γοῦν
3542 4149 3675 4221 παρ’

2088 4259 2243 4329 ὑμῶν
2276 4258 2350 4330 μὴ
2403 4256 2672 4311 διαλιπεῖν
2708 4258 2788 4319 είς
2838 4254 3127 4326 διόρθωσιν
3156 4254 3264 4309 τῶν
3292 4255 3677 4328 γεγενημένων

2089 4361 2462 4433 εἰσφέροντας.
2497 4358 2651 4430 Ὀσῳ
2684 4358 2793 4430 γὰρ
2826 4357 3027 4411 πλείων
3059 4359 3092 4430 ἡ
3120 4357 3408 4426 δυσκολία,
3434 4359 3675 4429 τοσούτῳ

2092 4465 2292 4539 μείζων
2327 4464 2421 4519 καὶ
2473 4461 2833 4532 δαψιλεστέρα
2883 4461 3038 4515 ἔσται
3088 4459 3197 4514 τῶν
3244 4462 3422 4516 καλῶν
3469 4463 3677 4519 τούτοιν

2088 4570 2313 4641 ἀγώνων
2339 4569 2470 4640 ὑμῖν
2498 4569 2535 4639 ή
2562 4565 2765 4638 ἀμοιϐὴ
2793 4565 2946 4633 παρά
2983 4563 3075 4618 τοῦ
3107 4564 3486 4637 φιλανθρώπου
3511 4564 3672 4625 Θεοῦ.

2589 4687 2769 4740 PNO’.
2801 4683 2929 4750 Τοῖς
2959 4682 3184 4750 αὐτοῖς.

2158 4800 2235 4856 Ού
2279 4796 2480 4871 μικρὰν
2504 4796 2700 4869 ἔχομεν
2735 4793 3089 4865 παραμυθίαν
3126 4792 3235 4846 τῶν
3268 4794 3674 4866 κατειληφότων

2088 4906 2155 4962 τά
2180 4906 2412 4960 ἐνταῦθα
2438 4904 2646 4966 κακῶν,
2672 4904 2772 4973 τῆς
2795 4900 3064 4972 ὑμετέρας
3090 4900 3324 4971 σπουδῆς
3341 4901 3400 4953 τὸ
3423 4900 3672 4973 μέγεθος.

2102 5011 2286 5065 ἰκανά
2313 5011 2409 5080 μὲν
2437 5010 2547 5081 γάρ
2574 5011 2669 5063 καὶ
2688 5007 2756 5061 τὰ
2779 5006 3090 5077 ἔμπροσθεν
3121 5007 3252 5078 παρ’
3276 5007 3430 5078 ὑμῶν
3456 5024 3677 5080 γεγενη.

2094 5118 2265 5189 μένα,
2308 5119 2342 5187 ἠ
2390 5114 2698 5187 ἀγρυπνία,
2730 5114 2824 5168 καὶ
2858 5113 2892 5183 ἡ
2933 5112 3136 5182 σπουδὴ
3161 5151 3174 5176 ,
3221 5114 3315 5167 καὶ
3353 5115 3386 5185 ή
3438 5112 3674 5185 τοσαύτη

2091 5221 2345 5291 φροντὶς,
2384 5219 2585 5288 πολλὴν
2623 5218 2756 5287 ἡμῖν
2792 5217 3097 5287 παρασχεῖν
3145 5215 3247 5285 τὴν
3292 5215 3673 5285 παράκλησιν

2089 5326 2118 5381 ὃ
2145 5327 2201 5381 δὲ
2236 5324 2333 5378 νῦν
2365 5322 2741 5395 προσεθήκατε
2760 5361 2774 5384 ,
2809 5320 2873 5373 τὸ
2921 5318 3139 5391 μακρὰν
3166 5318 3339 5382 οὕτως
3368 5318 3677 5389 ἀποδημίαν

2092 5427 2443 5494 στείλασθαι,
2489 5426 2630 5496 ὑπὲρ
2663 5423 2771 5477 τῶν
2819 5426 2939 5486 ταῖς
2982 5421 3332 5493 Ἐκκλησίαις
3373 5422 3681 5490 συμφερόν-

2090 5552 2218 5600 των,
2245 5532 2448 5604 σφόδρα
2480 5533 2686 5595 πάντας
2714 5531 2865 5603 ἡμᾶς
2894 5526 3232 5583 ἀναπνεῦσαι
3262 5524 3545 5595 πεποίηκε.
3571 5524 3681 5577 Καὶ

2089 5643 2242 5713 κοινῇ
2275 5640 2474 5702 πάντες
2515 5640 2642 5705 ὑμῖν
2673 5636 2829 5710 [692]
2878 5638 3107 5708 χάριτας
3138 5631 3507 5705 ὁμολογοῦμεν
3550 5629 3679 5686 πολ.

2089 5747 2189 5813 λάς
2225 5744 2367 5817 ὑπὲρ
2412 5743 2523 5798 τῶν
2559 5742 2830 5797 τοσούτων
2883 5740 3096 5802 πόνων,
3142 5739 3235 5791 καὶ
3268 5736 3376 5791 τῶν
3413 5735 3673 5810 ἱδρώτων,

2155 5903 2180 5936 ⁸
2202 5902 2310 5954 Duo
2330 5914 2441 5950 IDSS.
2464 5899 2686 5961 μεγίστην
2710 5896 2915 5947 ἐντεῦθεν
2938 5895 3305 5963 καρπωσόμιθα.
3414 5956 3419 5965 ρ
