3950 6384
195 412 294 470 705

198 529 277 581 his
299 520 675 581 certaminibus
713 518 911 591 gratias
934 517 1088 574 vobis
1115 515 1341 588 agimus,
1365 529 1464 570 nec
1496 529 1594 585 pro
1627 528 1771 583 egre-

194 619 280 689 gio
308 616 409 670 hoc
428 612 589 668 animi
614 611 791 667 studio
814 610 999 665 beatos
1015 623 1115 664 vos
1143 607 1433 678 praedicare
1453 606 1770 662 desinimus.

198 708 417 777 Ideoque
435 705 710 761 dominum
737 717 914 759 meum
939 699 1449 757 reverendissimum
1477 705 1535 753 et
1569 697 1773 769 religio-

197 797 461 855 rissimum
485 793 878 865 presbyterum,
912 800 971 847 ut
997 791 1065 846 ad
1095 805 1192 845 vos
1221 805 1388 860 usque
1416 796 1727 845 cxcurreret
1753 829 1770 857 ,

194 887 600 944 obsecravimus.
629 886 706 941 Eo
741 885 900 956 igitur
926 884 998 940 ita
1025 894 1083 940 ut
1102 884 1328 941 comitas
1352 892 1528 938 vestra
1557 881 1766 951 poscit,

194 988 431 1050 excepto,
473 978 630 1034 velim
657 992 876 1048 operam
901 976 1060 1041 detis,
1103 985 1162 1030 ut
1188 974 1348 1030 ﬁnem
1370 973 1647 1045 principiis
1687 971 1774 1031 di-

193 1085 346 1139 gnum
398 1070 700 1139 imponatis.
732 1066 865 1123 Nam
895 1083 1017 1122 cum
1049 1065 1329 1122 incurabili
1376 1065 1556 1125 adhuc
1583 1068 1775 1124 morbo

194 1160 432 1217 laborent
455 1199 472 1227 ,
498 1161 591 1230 qui
619 1167 698 1215 tot
723 1167 1067 1229 tempestates
1088 1172 1151 1213 ac
1177 1156 1322 1218 bella
1340 1160 1597 1217 Ecclesiis
1635 1169 1775 1216 attu-

195 1254 382 1318 Ιθηιηι,
425 1268 519 1309 eos
548 1253 767 1333 quidem
796 1251 899 1307 hoc
929 1260 1145 1314 nomine
1170 1256 1398 1312 miseros
1429 1257 1736 1311 existimare
1755 1295 1771 1319 ,

194 1347 541 1419 lacrymisque
590 1347 844 1416 prosequi
873 1365 973 1421 par
1022 1358 1125 1413 est,
1151 1365 1248 1404 vos
1297 1356 1476 1403 autem
1520 1347 1775 1402 admirari

195 1451 251 1493 sc
278 1435 605 1507 praedicare,
653 1438 796 1511 quod
845 1441 1004 1495 etiam
1058 1439 1545 1509 ingravescentibus
1588 1438 1771 1503 malis,

196 1534 358 1605 majus
387 1544 603 1604 semper
629 1533 694 1588 ad
723 1548 786 1589 ea
816 1532 1129 1603 depellenda
1157 1531 1389 1586 studium
1411 1532 1775 1602 majoremque

198 1623 512 1695 diligentiam
540 1639 823 1695 progressu
856 1624 1109 1694 temporis
1133 1622 1416 1678 adhibetis.

198 1754 345 1812 CLX.
385 1755 667 1830 Episcopo,
717 1758 805 1831 qui
833 1759 895 1813 ab
923 1757 1195 1812 Occidente
1235 1768 1454 1813 venerat.
1487 1759 1687 1831 (Anno,
1718 1769 1776 1814 ut

763 1862 998 1922 putatur,
1020 1851 1171 1922 406.)

260 1983 387 2040 Cum
413 1983 643 2041 sudores
671 2000 784 2051 eos,
837 2000 973 2055 quos
998 1993 1053 2041 et
1082 1984 1252 2053 domi,
1285 1994 1339 2038 et
1368 1984 1420 2039 in
1474 1995 1580 2040 tam
1620 1986 1774 2055 longa

199 2089 257 2132 ac
274 2077 473 2132 marina
503 2077 935 2149 peregrinatione
964 2092 1061 2147 pro
1088 2077 1344 2132 Ecclesiae
1373 2077 1667 2132 commodis
1696 2094 1778 2133 su-

198 2167 350 2235 biisti,
384 2183 601 2224 mecum
655 2168 951 2240 perpendo,
993 2169 1152 2223 etiam
1205 2177 1330 2223 ante
1378 2169 1540 2223 ﬁnem
1589 2167 1775 2224 laudes

198 2268 302 2316 tuas
334 2262 666 2333 praedicare,
709 2270 867 2333 teque
910 2277 1108 2317 corona
1148 2262 1421 2329 redimire,
1450 2276 1515 2317 ac
1558 2261 1775 2316 beatum

198 2356 360 2413 dicere
382 2372 496 2413 non
523 2356 730 2413 desino.
753 2357 886 2413 Nam
913 2358 1028 2413 sive
1058 2368 1148 2412 tuo
1174 2357 1353 2411 studio
1396 2371 1459 2411 ac
1501 2357 1774 2429 diligentia

197 2449 375 2520 aliquid
397 2450 736 2522 perﬁciatur,
769 2449 986 2505 domine
1024 2449 1098 2504 mi
1145 2449 1593 2504 reverendissime
1617 2491 1632 2515 ,
1662 2450 1776 2503 sive

199 2540 248 2594 in
273 2541 449 2596 eadem
473 2541 643 2595 animi
667 2539 959 2611 pertinacia
982 2540 1061 2595 illi
1085 2541 1342 2606 haeream,
1364 2555 1427 2595 ac
1446 2530 1773 2596 medicinam

199 2646 393 2688 omnem
417 2643 799 2704 aspernentur,
831 2634 918 2703 qui
953 2630 1053 2688 hos
1092 2642 1268 2688 motus
1315 2634 1541 2703 primum
1579 2633 1776 2703 injcee-

198 2733 328 2790 runt,
353 2725 443 2781 tibi
470 2735 626 2780 certe
651 2724 723 2780 ob
749 2725 892 2781 hunc
937 2726 1170 2780 animum
1199 2766 1214 2791 ,
1238 2735 1293 2781 et
1341 2726 1482 2797 quod
1506 2742 1567 2781 ea
1595 2727 1774 2781 omnia

197 2829 304 2885 qua:
332 2816 402 2871 tui
424 2815 672 2872 muneris
706 2825 859 2872 erant
884 2816 1177 2872 contuleris
1200 2857 1215 2883 ,
1243 2816 1401 2887 plena
1427 2825 1480 2872 et
1504 2818 1773 2871 cumulata

197 2921 383 2964 merces
421 2908 552 2964 erit.
578 2909 656 2963 Ac
677 2918 959 2979 propterea
990 2911 1105 2963 sine
1133 2909 1238 2963 ulla
1284 2909 1683 2965 intermissione
1723 2920 1774 2966 te

196 2997 388 3055 beatum
416 3001 658 3070 prmdico
695 3016 758 3057 ac
791 3001 1049 3071 suspicio,
1081 3000 1386 3072 gratiasque
1410 3002 1500 3055 tibi
1523 3015 1641 3072 ago.
1673 3002 1774 3055 At-

196 3106 286 3161 que
303 3094 453 3148 etiam
489 3093 683 3148 vellem
712 3095 951 3150 crebrius
982 3094 1110 3147 mihi
1134 3095 1366 3150 scribere
1390 3096 1572 3151 liceret
1600 3115 1614 3152 :
1643 3111 1778 3166 quo-

196 3183 320 3239 niam
337 3194 522 3241 autem
550 3185 708 3255 hujus
733 3186 834 3240 loci
861 3228 876 3252 ,
908 3201 1014 3256 quo
1037 3188 1319 3242 conclusus
1351 3199 1554 3255 teneor,
1584 3189 1775 3245 solitu-

195 3274 257 3329 do
274 3277 393 3333 mihi
423 3279 536 3334 hoc
561 3279 793 3343 ademit,
840 3280 1038 3335 ideirco
1091 3296 1264 3348 nunc,
1292 3297 1415 3337 eum
1459 3283 1587 3337 mihi
1619 3299 1776 3338 reve-

200 3367 479 3425 rendissimi
545 3385 611 3425 ac
647 3370 1039 3441 religiosissimi
1075 3371 1277 3428 domini
1322 3374 1429 3429 mei
1478 3374 1776 3447 presbyteri

202 3469 417 3527 potestas
443 3462 586 3516 facta
614 3469 726 3527 est,
772 3471 828 3517 et
864 3464 1062 3529 scribo,
1091 3471 1145 3518 et
1173 3479 1333 3534 quam
1375 3464 1545 3520 debeo
1571 3466 1775 3520 saluta-

203 3550 383 3609 tionem
408 3555 501 3610 tibi
538 3554 805 3624 persnlvo.
832 3554 965 3609 Nam
985 3555 1165 3610 animo
1178 3556 1388 3626 quidem
1414 3571 1477 3611 ac
1506 3557 1776 3612 voluntate

202 3655 421 3716 persaepe
440 3647 633 3717 scripsi
656 3663 670 3703 :
690 3647 890 3702 chartae
914 3656 1091 3703 autem
1122 3656 1281 3717 atque
1306 3649 1586 3703 atramenti
1613 3663 1775 3719 opera

202 3749 328 3790 nunc
360 3739 629 3808 primum:
656 3741 907 3809 quoniam
934 3741 1139 3795 scilicet
1165 3756 1306 3795 nunc
1343 3741 1503 3796 etiam
1541 3741 1774 3810 primum

202 3822 449 3884 hominem
473 3871 492 3898 ,
540 3830 633 3901 qui
660 3829 726 3885 ad
771 3846 868 3886 vos
895 3830 1339 3900 proﬁcisceretur,
1397 3842 1584 3888 nactus
1615 3849 1773 3889 .sum.

202 3917 318 3975 Cum
339 3922 491 3993 igitur
510 3923 676 3989 hunc,
699 3934 757 3978 ut
785 3923 1086 3979 humanitas
1115 3934 1201 3979 tua
1252 3926 1444 3995 poscit,
1475 3925 1773 3995 exceperis,

201 4026 427 4084 eamque,
454 4031 618 4087 quam
641 4017 910 4082 convenit,
939 4031 1064 4086 erga
1091 4032 1213 4070 eum
1232 4016 1510 4071 caritatem
1554 4017 1778 4071 demon-

204 4106 457 4171 straveris,
490 4107 597 4164 hoc
622 4107 670 4162 ei
693 4107 809 4172 des,
861 4123 1064 4178 quaeso,
1088 4117 1146 4162 ut
1192 4123 1256 4162 ex
1288 4115 1376 4162 tua
1405 4108 1776 4163 benevolentia

202 4191 388 4266 ingenti
414 4200 689 4270 voluptate
735 4199 1017 4254 afficiatur.
1060 4198 1176 4254 Non
1213 4200 1354 4255 enim
1386 4214 1593 4269 magna:
1621 4199 1778 4269 hujus

201 4299 458 4358 armeme,
500 4305 662 4361 quam
716 4291 769 4345 in
813 4291 1003 4345 itinere
1046 4290 1321 4346 subiturus
1374 4298 1498 4357 est,
1531 4291 1777 4360 exiguam

201 4378 610 4437 consolationem
661 4380 910 4449 habebit,
945 4380 990 4435 si
1020 4380 1067 4435 ei
1122 4388 1210 4434 tua
1257 4380 1630 4435 benevolentia
1677 4380 1778 4434 frui

200 4469 475 4541 contingat.
504 4470 640 4526 Nam
666 4471 806 4541 quod
834 4470 963 4525 nihil
990 4486 1209 4526 necesse
1229 4472 1298 4526 sit
1321 4471 1597 4525 admoneri
1625 4487 1721 4527 vos
1747 4487 1779 4526 a

203 4559 385 4628 nobis,
434 4572 491 4617 ut
518 4561 586 4617 ad
615 4562 976 4617 Ecclesiarnm
1030 4564 1312 4617 utilitatem
1359 4563 1776 4632 promerendam

203 4663 457 4709 summum
505 4656 740 4710 studium
785 4670 848 4711 ac
897 4654 1228 4725 diligentiam
1272 4655 1591 4722 adhibentis,
1619 4657 1782 4712 rebus

204 4738 322 4812 ipsis
350 4749 566 4818 planum
591 4748 813 4806 fecistis.

204 4874 384 4935 CLXI.
412 4881 661 4939 Romanis
688 4883 991 4955 presbyteris
1015 4927 1030 4953 ,
1077 4886 1164 4956 qui
1189 4902 1305 4940 cum
1354 4888 1604 4958 episcopis
1633 4904 1784 4943 cene-

526 4985 665 5031 ranl.
688 4975 708 5048 (
734 4978 910 5043 Anno,
939 4986 997 5032 ut
1025 4986 1253 5048 putatur,
1275 4979 1397 5035 406.
1421 4980 1440 5051 )

267 5108 559 5166 Plurimum
589 5112 792 5168 laboris
823 5127 887 5169 ac
937 5114 1148 5170 sudoris
1197 5117 1456 5186 subiistis,
1491 5126 1595 5174 tam
1627 5119 1783 5191 longa

201 5206 252 5252 et
278 5202 480 5257 marina
523 5205 951 5275 peregrinatione
971 5217 1213 5277 suscepta
1249 5226 1263 5262 :
1293 5226 1479 5266 verum
1533 5229 1638 5267 non
1687 5230 1785 5285 pro

201 5292 409 5350 caducis
452 5310 517 5351 ac
549 5296 825 5368 lragilibus
872 5299 1099 5369 hujusce
1145 5303 1269 5357 vitae
1319 5305 1511 5372 rebus,
1544 5306 1638 5362 sed
1687 5324 1784 5378 pro

205 5381 555 5441 Ecclesiarnm
586 5391 817 5446 utilitate
839 5431 856 5459 ,
878 5407 976 5463 pro
1002 5409 1104 5463 qua
1152 5395 1366 5464 przemia
1396 5414 1606 5468 quoque
1633 5414 1659 5453 a
1693 5401 1786 5457 be-

205 5476 360 5544 nigno
412 5478 526 5534 Deo
577 5482 851 5538 laboribus
886 5487 1056 5541 multo
1088 5488 1290 5558 majora
1334 5500 1493 5560 atque
1521 5496 1780 5564 ampliora

204 5566 455 5624 referetis.
490 5571 850 5638 Quamobrem
882 5586 935 5631 et
985 5579 1135 5634 vobis
1182 5588 1237 5635 et
1290 5582 1445 5637 nobis
1494 5596 1672 5641 vester
1703 5589 1789 5644 hic

207 5658 368 5724 labor,
390 5674 740 5738 vestrumque
767 5670 999 5725 studium
1049 5689 1155 5728 non
1211 5689 1388 5744 parva:
1429 5680 1787 5737 consolationi

206 5765 284 5806 est
304 5772 318 5807 :
342 5754 490 5811 vobis
518 5757 771 5815 nimirum
791 5801 809 5829 ,
833 5764 976 5833 quod
1021 5778 1118 5834 pro
1150 5774 1226 5821 tot
1256 5766 1613 5825 Ecclesiarnm
1658 5788 1788 5842 pace

210 5847 507 5911 praclarum
540 5850 647 5909 hoc
669 5863 937 5914 certamen
963 5858 1293 5931 suscepistis,
1324 5861 1596 5936 multoque
1619 5865 1787 5937 majo-

1606 396 1979 453 EPISTOLXE.

3368 420 3474 479 706

1886 528 1973 569 res
1994 528 2226 572 coronas
2259 525 2532 591 accepturi
2560 528 2728 583 estis:
2759 529 2913 585 nobis
2937 540 3136 600 autem,
3168 534 3312 605 quod
3354 545 3474 592 tan-

1885 610 1991 660 tam
2040 621 2071 660 a
2100 609 2254 664 vobis
2300 615 2577 672 caritatem
2602 621 2915 690 consequuti
2943 638 3147 690 sumus,
3180 625 3475 698 ingensque

1882 704 1961 753 tot
1987 708 2043 754 et
2069 708 2340 761 tantorum
2361 708 2598 764 virorum
2620 712 2852 767 studium
2879 713 3239 773 obtinuimus:
3268 735 3497 789 nosque“

1880 790 2002 856 etsi,
2029 805 2290 865 quantum
2316 799 2384 853 ad
2410 814 2605 871 corpus
2631 803 2856 871 attinet,
2888 814 3037 862 tanto
3068 808 3272 864 itineris
3302 812 3472 867 inter-

1882 882 2072 941 valloa
2100 888 2254 945 vobis
2279 890 2597 961 disjunctos,
2643 897 2958 954 arctissimis
2981 901 3219 957 caritatis
3248 903 3473 961 vinculis

1881 976 2161 1034 vobiscum
2202 980 2586 1040 adstrinxistis.
2637 986 2975 1060 Quapropter
3022 993 3265 1064 ingentes
3318 999 3473 1055 vobis

1881 1073 2078 1140 gratias
2124 1072 2420 1143 habemus,
2476 1089 2814 1151 vestramque
2864 1099 2989 1154 erga
3021 1102 3119 1142 nos
3147 1088 3471 1147 benevolen-

1883 1162 2007 1216 tiam
2034 1164 2329 1233 prtedicare
2350 1183 2453 1222 non
2476 1170 2790 1228 desinimus.
2814 1173 3144 1247 Quamquam
3176 1181 3317 1237 enim
3349 1199 3468 1240 eam

1881 1252 1993 1323 ipsa
2019 1271 2229 1327 quoque
2251 1273 2432 1315 rerum
2463 1277 2564 1316 vox
2594 1263 2791 1319 clamat
2820 1284 2835 1321 :
2861 1276 3036 1324 tamen
3086 1288 3184 1327 nos
3214 1274 3339 1329 item
3361 1276 3462 1332 lin-

1879 1358 1980 1413 gua
2009 1355 2190 1401 nostra
2221 1347 2363 1404 idem
2394 1351 2608 1408 efﬁcere
2634 1370 2742 1408 non
2790 1355 3207 1418 intermittimus.
3232 1364 3383 1432 Quod
3423 1366 3468 1422 si

1880 1450 2023 1490 nunc
2053 1436 2278 1505 primam
2307 1441 2372 1495 ad
2416 1457 2509 1496 vos
2537 1444 2867 1515 scripsimus,
2903 1448 3005 1504 hoc
3052 1468 3159 1508 non
3190 1457 3467 1527 negligens

1882 1528 1971 1592 tia,
1995 1529 2087 1584 sed
2111 1530 2214 1585 loci
2235 1533 2521 1590 solitudine
2547 1536 2738 1592 factum
2762 1548 2862 1594 est.
2885 1540 3036 1598 Nunc
3063 1545 3280 1615 quippe,
3314 1557 3459 1618 post-

1879 1632 2103 1687 eaquam
2141 1624 2645 1680 reverendissimnm
2689 1642 2752 1683 ac
2792 1630 3251 1700 religiosissimum
3289 1637 3465 1694 domi.-
3558 1674 3561 1675 ν

1882 1726 2008 1765 num
2053 1729 2230 1767 meum
2265 1715 2633 1787 presbyterum
2665 1734 2731 1774 eo
2761 1720 2850 1776 ubi
2887 1723 3079 1794 degitis
3124 1730 3471 1797 proficiscen-

1882 1809 1987 1856 tem
2019 1805 2157 1858 nocti
2188 1821 2393 1872 sumus,
2450 1817 2558 1862 tmn
2612 1825 2754 1878 eam,
2804 1829 2962 1883 quam
2996 1816 3145 1873 vobis
3170 1818 3427 1876 debemus
3450 1864 3465 1889 ,

1879 1891 2255 1948 salutationem
2303 1898 2683 1965 pers'ilvimns,
2720 1910 2828 1955 tum
2880 1919 2975 1959 vos
3010 1921 3250 1976 oramus,
3303 1920 3360 1966 nt
3404 1930 3466 1969 ea

1879 1985 2102 2041 caritate
2132 2028 2148 2053 ,
2205 2003 2325 2058 quae
2367 1990 2516 2045 vobis
2569 1991 2729 2062 digna
2759 2003 2877 2061 est,
2934 1997 3104 2067 ipsum
3153 2004 3465 2073 excipiatis:

1879 2090 2108 2147 eumque
2133 2089 2451 2143 revertetur,
2479 2083 2547 2139 de
2578 2098 2751 2141 veSIra
2773 2088 3097 2159 valetudine,
3124 2093 3192 2149 de
3215 2111 3316 2165 qua
3367 2099 3469 2153 ali-

1878 2167 2004 2236 quid
2038 2168 2341 2241 intelligere
2371 2187 2713 2246 summopere
2755 2179 2999 2248 cupimus
3025 2222 3040 2246 ,
3087 2187 3344 2242 certiores
3373 2204 3470 2246 nos

1879 2256 2105 2313 faciatis.
2138 2260 2404 2319 Utautem
2431 2280 2570 2329 eam,
2603 2284 2761 2338 quam
2785 2273 3034 2327 convenit
3066 2274 3376 2332 industriam
3407 2296 3472 2337 ac

1880 2350 2210 2422 diligentiam
2252 2356 2319 2410 ad
2344 2373 2461 2412 eam
2505 2375 2638 2426 rem,
2665 2360 2736 2415 ob
2760 2377 2918 2432 quam
2945 2367 3188 2435 venistis,
3219 2371 3472 2426 adhibea-

1880 2441 1970 2508 tis,
2003 2444 2199 2499 nullius
2224 2448 2622 2506 submonitinne
2651 2453 2803 2510 vobis
2851 2472 2986 2527 opus
3032 2475 3150 2515 esse
3178 2465 3426 2519 existimo
3454 2482 3470 2519 :

1878 2533 2039 2604 idque
2066 2552 2161 2606 per
2188 2538 2238 2593 id
2268 2541 2526 2611 studium,
2555 2544 2698 2615 quod
2729 2557 2987 2619 perpetuo
3015 2566 3125 2620 prte
3154 2554 3304 2609 vobis
3347 2557 3470 2610 tuli-

1878 2627 1995 2693 stis,
2030 2631 2308 2699 perspicue
2336 2632 2665 2690 declarastis.

1880 2739 2106 2797 CLXII.
2137 2745 2330 2816 Anysio
2383 2746 2820 2805 Thessalonicensi
2860 2755 3115 2828 episcOpo.
3164 2756 3392 2830 (Anno,
3416 2771 3472 2816 ut

2468 2848 2705 2909 putatur,
2722 2842 2877 2914 406.)

1951 2948 2085 3003 Sero
2108 2950 2323 3020 quidem
2363 2967 2425 3007 ac
2456 2953 2608 3009 tarde
2662 2954 2728 3008 ad
2775 2964 2827 3010 te
2876 2957 3194 3028 scripsimus
3227 2972 3318 3017 :at
3364 2980 3472 3019 non

1880 3050 2073 3110 sponte
2101 3053 2282 3097 nostra
2328 3044 2581 3099 diuturno
2609 3046 2714 3101 hoc
2751 3049 2968 3104 silentio
3016 3052 3097 3105 usi
3124 3067 3331 3121 sumus,
3380 3071 3473 3110 ve-

1879 3148 1995 3186 rum
2022 3135 2092 3187 ob
2122 3135 2257 3199 loci,
2302 3151 2409 3205 quo
2438 3137 2627 3191 inclusi
2656 3146 2923 3208 tenemur,
2959 3142 3328 3213 solitudinem,
3361 3163 3469 3202 non

1879 3235 2056 3280 autem
2103 3228 2173 3282 ob
2216 3228 2515 3283 socordiam
2558 3230 2610 3284 in
2656 3240 2706 3286 te
2758 3231 2922 3287 ullam
2974 3249 3038 3289 ac
3077 3237 3470 3307 negligentiam.

1879 3314 2032 3371 Nunc
2083 3318 2281 3388 quippe
2341 3319 2848 3375 revercndissimum
2901 3337 2965 3378 ac
3012 3325 3471 3396 religiosisdmum

1879 3407 2155 3463 dominum
2178 3426 2359 3465 meum
2386 3412 2759 3483 presbyterum
2786 3415 2949 3479 nacti,
2976 3432 3132 3487 quam
3152 3419 3472 3490 jampridem

1879 3498 2138 3554 debemus
2169 3501 2543 3556 salutationem
2578 3503 2669 3556 tibi
2699 3507 3053 3573 persolvimus
3081 3550 3095 3575 ,
3125 3508 3476 3581 ingentesque

1878 3606 1976 3661 pro
1998 3607 2057 3645 ea
2088 3593 2436 3647 contentione
2463 3608 2526 3647 ac
2555 3593 2887 3659 fortitudine,
2921 3613 3079 3666 quam
3113 3601 3475 3658 Ecclesiarnm

1879 3699 2039 3738 causa
2074 3685 2365 3754 prmstitisri
2396 3727 2411 3752 ,
2459 3687 2655 3756 gratias
2697 3690 2923 3758 agimus.
2969 3691 3101 3746 Cum
3145 3695 3302 3764 igitur
3328 3714 3471 3765 eum,

1880 3775 2329 3830 reverendissime
2355 3778 2425 3830 mi
2450 3777 2684 3845 domine,
2725 3790 2781 3833 ut
2805 3781 3108 3838 humanitas
3138 3795 3221 3840 tua
3254 3790 3426 3856 poscit
3454 3832 3468 3853 ,

1879 3866 2195 3935 exceperis,
2246 3882 2509 3936 eamque,
2560 3884 2718 3938 quam
2764 3873 3041 3941 convenit,
3074 3878 3380 3932 comitatem
3420 3891 3476 3937 et

1880 3955 2268 4011 humanitatem
2322 3973 2447 4028 erga
2499 3974 2622 4013 eum
2675 3962 3016 4030 ostenderis,
3069 3983 3137 4022 ne
3192 3968 3373 4026 labore
3422 3982 3474 4027 te

1881 4048 2050 4119 frangi
2082 4066 2143 4104 ac
2166 4051 2429 4105 debilitari
2455 4051 2622 4121 sinas,
2654 4062 2814 4125 atque
2835 4059 3122 4125 quominus
3152 4076 3234 4126 ea,
3264 4079 3381 4133 qum
3404 4067 3471 4120 ad

1881 4155 2222 4195 connnunem
2255 4144 2613 4199 Ecclesiarnm
2649 4148 3038 4203 correctionem
3077 4153 3322 4220 attinent,
3354 4157 3477 4210 effi-

1882 4233 1993 4287 cias
2013 4248 2075 4289 ac
2097 4234 2353 4300 moliaris,
2381 4235 2650 4304 impediri.
2699 4235 2816 4292 Scis
2842 4240 2984 4315 enim
3032 4253 3225 4311 quanta
3255 4245 3477 4315 hujusce

1883 4325 1982 4389 rei,
2016 4325 2059 4378 si
2083 4324 2337 4379 succedat
2370 4367 2385 4392 ,
2427 4326 2737 4397 magnitudo
2767 4330 2874 4391 sit,
2898 4313 3163 4402 quamque
3194 4313 3473 4392 [multarum

1884 4414 2246 4470 Ecclesiarum
2275 4432 2434 4471 causa
2461 4418 2777 4487 prmclarnm
2806 4419 2906 4475 hoc
2936 4432 3208 4478 certamen
3240 4441 3269 4480 a
3297 4437 3347 4481 te
3387 4445 3478 4481 su-

1884 4518 2123 4575 sccplum
2157 4508 2258 4561 sit:
2286 4522 2348 4560 ac
2369 4507 2599 4578 denique
2624 4521 2836 4577 quantae
2864 4525 2959 4580 pro
3002 4513 3275 4570 laboribus
3303 4519 3477 4586 publi-

1884 4612 1963 4652 ca:
1994 4599 2140 4666 pacis
2161 4612 2319 4651 causa
2374 4598 2570 4653 subitis
2614 4613 2830 4655 coronae
2860 4602 2952 4655 tibi
3002 4618 3032 4656 a
3085 4604 3317 4677 benigno
3363 4609 3473 4665 Deo

1887 4688 2265 4743 recondantur.

1887 4805 2150 4861 CLXIII.
2191 4807 2380 4878 Anysio
2409 4849 2424 4873 ,
2480 4807 2761 4874 Numerio,
2810 4809 3127 4881 Theodosio,
3183 4816 3430 4890 Eutrapio
3462 4864 3477 4887 ,

1960 4899 2252 4964 Euslat/zio,
2288 4899 2534 4953 Marcello
2559 4941 2574 4964 ,
2626 4899 2867 4970 Eusebio,
2927 4903 3244 4962 Maximiano
3265 4952 3279 4973 ,
3305 4911 3481 4984 Euge-

1961 4993 2066 5056 nio,
2097 4990 2336 5046 Gerontio
2369 4992 2410 5057 ¹,
2435 5002 2479 5044 et
2505 4990 2723 5062 Thyrso,
2768 5003 2920 5064 atque
2967 4997 3200 5054 omnibus
3231 5000 3479 5059 Macedo-

1960 5085 2060 5139 nia:
2083 5084 2379 5138 ortlzodoxis
2403 5083 2648 5154 episcopis
2674 5096 2696 5139 :
2716 5084 2908 5152 (Auno,
2928 5100 2981 5141 ut
3008 5096 3242 5156 putatur,
3258 5093 3409 5167 406.)

1963 5198 2157 5269 Ingens
2185 5207 2333 5252 certe
2358 5196 2639 5266 pristinum
2667 5212 2879 5268 quoque
2908 5208 3103 5257 vestra:
3125 5205 3361 5261 caritatis
3382 5219 3486 5264 stn-

1891 5294 2038 5349 dium
2077 5294 2301 5348 exstitit.
2330 5291 2514 5362 quue
2539 5292 2756 5362 nomine
2779 5294 2977 5362 gratias
3007 5295 3155 5351 vobis
3180 5298 3438 5356 habemus
3464 5342 3482 5368 ,

1892 5387 2032 5457 quod
2057 5395 2164 5441 tam
2209 5385 2462 5438 diuturno
2510 5393 2774 5453 tempore,
2824 5401 2951 5441 cum
3007 5402 3100 5455 ea,
3128 5405 3244 5457 qua:
3273 5407 3302 5445 a
3332 5395 3484 5452 vobis

1895 5481 2287 5551 postulabatur,
2340 5476 2656 5533 fortitudine
2708 5480 2953 5545 stetistis,
3008 5482 3208 5535 nemini
3266 5501 3479 5555 eorum,

1895 5572 1986 5645 qui
2014 5588 2108 5627 vos
2129 5571 2195 5626 ad
2225 5586 2284 5625 se
2314 5570 2554 5639 arripere
2590 5570 2946 5635 conabantur,
2978 5572 3252 5628 cedentes.
3299 5575 3485 5649 Itaque

1895 5666 1993 5722 vos
2023 5665 2322 5725 hortamur,
2367 5673 2425 5717 ut
2453 5679 2575 5718 eum
2628 5665 2788 5718 etiam
2815 5705 2829 5729 ,
2862 5680 3022 5735 quem
3054 5680 3147 5735 par
3176 5675 3280 5735 est,
3324 5669 3484 5723 ﬁnem

1896 5757 2200 5830 imponatis.
2235 5755 2365 5811 Nam
2394 5770 2499 5826 quo
2525 5755 2708 5825 plures
2728 5758 2891 5811 vestri
2934 5756 3145 5814 labores
3175 5756 3393 5831 fuerint,
3416 5780 3481 5823 eo

1959 5881 1970 5909 ²
2001 5877 2220 5942 Coislin.,
2249 5875 2455 5943 Georgio
2477 5878 2738 5944 (Γεωργίφὶ
