3950 6376
554 386 659 448 707

553 512 715 560 etiam
740 498 910 571 major
940 511 1148 554 merces
1176 505 1337 568 atque
1376 496 1641 568 ampliora
1675 499 1895 569 prtemia
1927 514 1954 553 a
1996 500 2148 556 beni-

555 610 662 665 gno
690 594 803 650 Deo
837 591 1156 649 referentur.
1188 590 1268 646 Ac
1306 589 1500 646 vellem
1522 591 1739 680 quidem
1773 591 1930 649 nobis
1967 603 2148 652 vestro

553 700 764 756 quoque
788 692 1078 756 conspectu
1100 681 1202 739 frui
1228 682 1466 738 daretur.
1498 682 1763 752 Quoniam
1791 695 1970 742 autem
1994 689 2141 742 exsi-

553 778 606 832 lii
629 776 844 833 vincula
873 774 977 831 hoc
999 774 1154 830 nobis
1191 774 1529 831 abstulerunt
1551 816 1565 841 ,
1597 785 1759 846 atque
1790 776 1842 831 in
1872 793 1978 833 uno
2018 779 2140 834 loco

550 870 956 936 coneluserunt,
987 868 1499 925 reverendissimum
1522 885 1587 925 ac
1619 870 2015 940 pientissimum
2044 872 2147 929 do-

551 963 753 1017 minum
784 976 963 1018 meum
1007 961 1377 1033 presbyterum
1407 961 1670 1030 misimus,
1701 977 1766 1018 ac
1806 978 1905 1033 per
1931 964 2103 1035 ipsum
2127 1005 2144 1033 ,

547 1068 711 1124 quam
742 1053 1024 1116 debemus,
1052 1054 1431 1109 salutationem
1462 1053 1614 1109 vobis
1643 1055 2005 1125 persolvimus
2038 1074 2051 1110 :
2077 1056 2146 1111 il-

549 1144 749 1216 ludque
785 1144 940 1201 vobis
975 1144 1360 1215 signiﬁcamus,
1394 1160 1492 1200 nos
1539 1145 1797 1216 plurimas
1850 1155 2012 1219 atque
2061 1148 2147 1203 iii-

549 1244 740 1307 gentes
782 1236 901 1294 sine
941 1236 1051 1291 ulla
1091 1236 1492 1292 intermissione
1518 1237 1670 1293 vobis
1719 1239 1923 1310 gratias
1948 1254 2144 1311 agere:

549 1337 713 1400 atque
737 1344 767 1384 a
797 1328 950 1385 vobis
978 1338 1181 1398 petere,
1221 1338 1283 1384 ut
1326 1345 1423 1400 pro
1463 1330 1717 1385 diuturno
1762 1333 1976 1389 silentio
1999 1377 2013 1398 ,
2042 1350 2148 1405 quo

548 1419 780 1475 antehae
809 1419 892 1475 usi
927 1435 1113 1475 sumus
1137 1461 1154 1486 ,
1201 1423 1411 1475 veniam
1468 1421 1623 1477 nobis
1669 1423 1939 1479 tribuatis.
1967 1425 2149 1496 Neque

548 1512 696 1567 enim
728 1511 893 1566 vestri
943 1520 1253 1582 contemptu
1294 1522 1454 1583 atque
1495 1514 1817 1585 negligentia
1841 1516 2040 1571 tamdiu
2069 1519 2147 1572 εἰς

549 1602 745 1657 luimus
774 1621 787 1656 :
815 1603 911 1657 sed
939 1603 1061 1673 quia
1093 1618 1234 1658 nunc
1265 1605 1490 1672 primum
1519 1604 1791 1661 hominem
1819 1608 1909 1676 qui
1941 1624 2028 1673 eo,
2058 1610 2145 1664 ubi

552 1709 697 1749 nunc
725 1693 875 1748 vobis
901 1693 1059 1748 sedes
1085 1701 1190 1757 est,
1229 1695 1681 1764 proﬁcisceretur,
1711 1708 2031 1769 nostrasque
2077 1699 2147 1754 li-

549 1794 696 1840 teras
720 1782 860 1839 ferre
889 1792 1093 1853 posset,
1122 1788 1261 1839 nacti
1292 1800 1499 1853 sumus,
1534 1788 1747 1842 tandem
1793 1789 1861 1844 ad
1890 1805 1986 1843 vos
2014 1791 2149 1844 scri-

548 1872 748 1942 bimus,
779 1873 1017 1944 quidque
1048 1890 1229 1930 rerum
1259 1890 1532 1945 geramus,
1557 1879 1897 1947 exponimus.
1928 1880 2148 1936 Postea-

547 1980 706 2036 quam
733 1966 894 2036 igitur
918 1982 1041 2022 eum
1089 1967 1303 2023 sincero
1344 1970 1510 2023 animi
1550 1968 1745 2025 aﬁ‘ectu
1779 1974 2098 2041 exet-peritis
2128 2015 2145 2040 ,

547 2058 705 2112 velim
731 2056 800 2113 de
828 2057 1136 2114 valetudine
1171 2072 1349 2116 vestra
1378 2076 1476 2116 nos
1501 2063 1762 2119 certiores
1796 2064 2021 2120 faciatis.
2064 2066 2149 2122 Si-

545 2149 762 2217 quidem
793 2165 860 2205 ex
902 2150 1208 2221 huiusmodi
1241 2153 1433 2220 literis,
1462 2155 1622 2210 etiam
1653 2156 1704 2211 in
1738 2159 1838 2214 hac
1859 2159 2148 2217 solitudine

546 2241 850 2311 constituti,
881 2244 1169 2298 maximam
1218 2246 1646 2303 consolationem
1670 2248 1903 2305 habituri
1935 2265 2145 2310 smnus.

615 2377 787 2433 CLXI
802 2376 863 2434 γ.
893 2379 1184 2438 Alexandro
1199 2381 1432 2440 Corinthi
1447 2385 1702 2458 episcopo.
1719 2387 1898 2461 (Anno
1918 2390 2071 2464 406.)

618 2510 764 2566 Nosti
795 2530 954 2584 quam
981 2531 1105 2587 erga
1146 2525 1199 2574 te
1240 2519 1517 2576 caritatem
1565 2537 1675 2593 pra:
1703 2539 1790 2580 me
1826 2526 2061 2594 tulerim,
2090 2536 2148 2583 et

544 2616 653 2671 quo
701 2614 878 2672 pacto,
927 2606 1135 2661 etiamsi
1191 2609 1317 2663 mihi
1363 2613 1550 2681 exigua
1598 2623 1771 2671 tecum
1815 2620 2146 2675 consuetudo

545 2694 724 2761 fuerit,
760 2697 830 2752 Ini
863 2706 1037 2754 tamen
1084 2717 1267 2757 amore
1295 2712 1543 2775 tanquam
1571 2708 1793 2764 vinculis
1821 2712 2142 2781 quibusdam

543 2787 831 2846 adstrictus
855 2792 974 2846 sim.
1010 2793 1191 2865 anue
1219 2796 1287 2851 de
1307 2812 1466 2853 causa
1490 2801 1780 2871 permirum
1812 2805 1941 2859 mihi
1970 2806 2142 2862 visum

540 2887 645 2945 est,
677 2886 730 2935 te
756 2891 860 2935 tam
895 2882 1054 2953 longo
1087 2894 1329 2957 tempore
1376 2905 1443 2944 ne
1491 2892 1661 2947 semel
1708 2895 1924 2963 quidem
1956 2896 2021 2951 ad
2054 2913 2142 2954 me

538 2972 777 3028 scribere
804 2976 1142 3033 sustinuisse.
1176 2981 1254 3034 Ac
1283 2991 1336 3034 tu
1366 2981 1600 3051 quidem,
1626 2997 1711 3039 sat
1751 2986 1885 3054 scio,
1921 2988 2141 3045 tabella-

538 3062 739 3117 riorum
766 3066 1043 3134 penuriam
1075 3070 1402 3135 causaberis,
1449 3089 1627 3144 neque
1677 3075 1728 3130 id
1770 3078 2003 3135 alicuum
2034 3088 2135 3136 est.

537 3151 671 3207 Nam
713 3156 814 3209 etsi
863 3158 1011 3211 multi
1059 3158 1217 3213 istinc
1261 3162 1502 3230 veniunt,
1546 3180 1705 3220 nemo
1735 3176 1910 3224 tamen
1949 3186 2138 3225 eorum

539 3243 664 3305 huc,
698 3245 784 3299 ubi
815 3262 956 3302 nunc
983 3248 1230 3319 degimus
1262 3253 1300 3316 ι,
1333 3252 1485 3310 facile
1514 3257 1773 3313 accedere
1803 3269 1993 3328 potest.
2018 3262 2140 3317 Cae-

535 3343 735 3402 terum,
764 3352 885 3391 cum
918 3354 984 3392 ne
1017 3341 1185 3396 semel
1213 3343 1432 3413 quidem
1475 3346 1656 3403 literas
1691 3349 1786 3403 abs
1823 3360 1875 3405 te
1916 3367 2140 3424 accepe-

535 3427 661 3490 riui,
693 3426 793 3483 hac.
820 3432 1166 3489 excusatione
1207 3435 1425 3491 minime
1452 3452 1571 3492 sum
1611 3450 1916 3497 contentus.
1952 3444 2137 3516 Neque

533 3519 678 3573 enim
710 3521 843 3590 ipse,
875 3536 996 3577 cum
1028 3524 1094 3579 ad
1126 3527 1370 3582 eamdem
1400 3530 1803 3587 excusationem
1833 3534 1961 3589 mihi
2005 3551 2137 3592 con-

532 3607 719 3680 fugere
744 3612 951 3681 liceret,
982 3615 1150 3682 tacui;
1175 3632 1357 3671 verum
1386 3621 1893 3678 reverendissimum
1917 3642 1979 3680 ac
2006 3628 2136 3698 piis-

530 3702 725 3757 simum
754 3704 948 3772 virum,
976 3706 1249 3763 dominum
1281 3726 1459 3767 incum
1488 3717 1856 3788 presbyterum
1882 3721 2131 3789 excitavi,

527 3802 584 3847 et
610 3793 675 3847 ad
704 3804 756 3850 te
800 3796 942 3863 misi,
976 3808 1032 3851 ut
1061 3806 1114 3854 te
1157 3804 1488 3872 conveniret,
1518 3818 1678 3875 atque
1723 3806 1859 3863 hanc
1892 3822 2130 3866 nostram

525 3885 901 3941 Salutationem
941 3888 1242 3958 perferret,
1295 3894 1722 3967 valetudinisque
1763 3908 1888 3964 tum,
1931 3899 1998 3955 de
2027 3917 2131 3971 qua

525 3973 594 4025 aii
617 3974 723 4042 inid
770 3976 1068 4049 intelligere
1106 3996 1450 4052 summopere
1490 3988 1668 4056 cupio,
1699 3995 1894 4043 statum
1932 4005 2131 4062 cog:;o~

524 4075 718 4119 secret.
762 4066 1113 4138 Posteaquam
1145 4071 1304 4142 igitur
1344 4089 1466 4130 eum
1510 4078 1685 4131 amico
1726 4079 1927 4147 animo,
1959 4097 2130 4153 eaque

523 4168 629 4224 qua
658 4163 910 4213 convenit
941 4161 1290 4228 humanitate,
1322 4173 1572 4235 tanquam
1612 4169 1915 4225 membrum
1946 4188 2124 4227 meum

522 4250 890 4317 conspexeris,
910 4266 1033 4305 cum
1064 4253 1128 4305 ad
1160 4270 1246 4309 me
1274 4270 1333 4309 se
1359 4256 1576 4322 referet,
1610 4257 1676 4313 de
1705 4266 1792 4313 tua
1820 4262 2127 4321 valetudine

519 4342 806 4393 certiorem
851 4357 938 4396 me
978 4341 1154 4398 facere
1184 4360 1271 4412 ne,
1301 4361 1506 4417 quaeso,
1543 4350 1806 4419 graveris.
1845 4350 2124 4422 Siquidem

519 4430 693 4486 literae
730 4442 833 4486 tua:
878 4435 1166 4490 maximam
1198 4438 1348 4503 mihi,
1382 4439 1541 4494 etiam
1573 4441 1629 4495 in
1670 4443 1957 4500 solitudine
1994 4460 2125 4502 con-

517 4523 726 4590 stituto,
759 4527 1180 4583 consolationem
1207 4529 1449 4586 allatum
1475 4543 1620 4588 sunt.
1643 4604 1653 4622 ο

518 4655 661 4713 CLX
675 4658 737 4713 V.
768 4658 1035 4733 Episcopis
1061 4667 1274 4735 quicum
1291 4667 1687 4727 occidentalibus
1707 4684 1963 4730 venerant.
1992 4675 2119 4746 (An-

1010 4772 1100 4821 no,
1132 4766 1186 4809 ut
1216 4767 1453 4826 putatur,
1482 4760 1640 4831 406.)

588 4884 875 4942 Pristinam
906 4890 1123 4959 quidem
1147 4904 1380 4947 vestram
1409 4894 1572 4950 animi
1613 4898 2109 4968 promptitudinem,

514 4988 678 5047 atque
702 4980 955 5047 studium,
986 4985 1126 5053 quod
1162 5001 1256 5054 pro
1285 4986 1644 5042 Ecclesiarum
1674 4992 1973 5047 commodis
2003 5009 2115 5063 pra:

515 5069 670 5126 vobis
692 5070 905 5137 tulistis,
930 5074 1175 5130 admirati
1197 5093 1402 5133 sumus.
1426 5078 1779 5150 Posteaquam
1802 5091 1981 5138 autem
2005 5094 2112 5140 tam

513 5160 726 5233 longam
756 5165 1235 5235 peregrinationem
1279 5170 1498 5239 insuper
1532 5171 1826 5242 adjecistis,
1856 5176 2112 5247 omnique

507 5254 855 5310 cunctatione
884 5255 1112 5324 abiecta,
1144 5258 1285 5325 forti,
1314 5272 1370 5315 ut
1396 5276 1490 5316 vos
1517 5262 1760 5330 decebat,
1793 5265 1973 5321 animo
2002 5277 2107 5323 tam

509 5345 728 5417 longum
774 5346 876 5401 iter
920 5350 1254 5418 suscepistis,
1302 5369 1407 5407 non
1444 5354 1734 5425 vulgariter
1764 5357 1867 5414 hoc
1893 5376 2109 5431 quoque

507 5453 727 5494 nomine
762 5455 857 5493 vos
883 5440 1240 5509 suspicimus:
1265 5461 1364 5500 nec
1395 5446 1567 5511 vobis,
1614 5458 1722 5502 tum
1753 5467 1895 5506 nunc
1920 5469 2015 5522 per
2041 5454 2107 5507 li-

504 5536 669 5596 teras,
698 5543 810 5585 tum
837 5533 968 5585 citra
1000 5533 1200 5596 literas,
1229 5537 1427 5603 gratias
1461 5553 1619 5606 agere
1651 5539 1966 5597 desinimus.
1997 5543 2107 5598 Nec

501 5629 630 5674 Vero
662 5639 758 5675 nos
787 5622 1086 5690 dumtaxat,
1130 5625 1224 5679 sed
1264 5626 1424 5681 etiam
1470 5631 1763 5687 orientales
1792 5650 1979 5689 omnes
2004 5635 2103 5691 ad-

509 5713 798 5770 miratione
840 5724 1093 5772 tenentur
1121 5732 1419 5790 veStrrcqne
1463 5723 1727 5780 firmitatis
1780 5736 1940 5797 atque
1970 5745 2102 5784 eon-

564 5842 578 5873 '
615 5843 840 5909 Coislim,
865 5849 1093 5903 ubinunc
1117 5853 1467 5906 conclttdimur.

1368 381 1426 439 S.
1457 381 1737 441 JOANNIS
1773 383 2151 443 CHRYSOST.
2194 386 2517 446 ARCIIIEP.
2558 392 3099 453 CONSTANTINOP.
3698 419 3775 476 τω

2259 505 2489 573 stantize,
2520 506 2886 581 ferventisque
2920 513 3163 570 caritatis
3208 523 3263 572 et
3305 517 3528 579 immotae
3554 533 3779 590 sententia

2257 615 2531 669 praecones
2557 614 2698 659 sunt.
2731 606 2809 661 Ae
2853 622 2952 663 nec
2994 609 3200 665 itineris
3246 611 3672 689 longinquitatem,
3708 641 3781 682 nec

2256 693 2702 763 peregrinationis
2744 713 3037 754 aerumnam
3066 701 3177 757 ullo
3205 705 3361 761 modo
3385 722 3586 777 gravem
3615 723 3663 769 et
3693 732 3782 771 ino-

2257 783 2445 838 lestam
2473 800 2594 841 esse
2621 786 2841 865 ducunt,
2867 800 2925 845 ut
2953 792 3021 847 ad
3049 808 3143 849 vos
3172 808 3454 855 excurrant
3472 818 3537 858 ac
3561 813 3626 860 tot
3647 818 3782 865 vestra

2256 875 2512 945 praeclara
2551 876 2690 933 facta
2717 882 3071 952 conspiciant.
3116 886 3345 958 Ideoque
3367 895 3785 957 reverendissinius

2254 976 2309 1021 et
2342 967 2616 1038 piissimus
2640 969 2890 1028 dominus
2912 989 3066 1030 meus
3090 979 3383 1052 presbyter,
3411 985 3607 1041 etiamsi
3631 990 3780 1061 alioqui

2257 1072 2442 1128 parum
2474 1060 2631 1116 ﬁrmo
2654 1077 2882 1133 corpore
2923 1067 3199 1138 prteditus,
3228 1072 3360 1128 nihil
3390 1090 3492 1130 non
3534 1079 3624 1135 sibi
3650 1060 3782 1150 peris.

2256 1151 2482 1206 rendum
2527 1155 2762 1224 putavit,
2804 1166 2865 1213 ut
2904 1160 2971 1216 ad
3003 1177 3097 1218 vos
3126 1177 3186 1219 se
3228 1165 3514 1234 conferret,
3556 1183 3785 1247 vestroque

2255 1255 2546 1315 conspectu
2598 1257 2760 1318 atque
2803 1264 3097 1324 congressu
3151 1254 3437 1315 frueretur.
3493 1260 3783 1336 Posteaquam

2257 1335 2416 1405 igitur
2441 1337 2637 1407 ipsum,
2679 1350 2736 1395 ut
2761 1352 2942 1398 vestra
2986 1347 3182 1402 caritas
3227 1351 3476 1419 postulat,
3506 1335 3783 1426 exceperitis,

2256 1427 2385 1483 illud
2408 1444 2437 1482 a
2469 1430 2621 1484 vobis
2652 1433 2903 1502 petimus,
2929 1447 2986 1490 ut
3025 1439 3235 1495 etiamsi
3279 1444 3417 1497 mala
3457 1444 3783 1515 iugravescant,

2257 1537 2353 1578 vos
2385 1532 2559 1578 tamen
2588 1526 2653 1580 iis
2681 1526 3001 1585 medicinam
3024 1530 3216 1587 aﬁ’erre
3236 1550 3304 1589 ne
3330 1539 3784 1607 gravemini,vcrum

2258 1628 2439 1683 parem
2469 1616 2638 1671 initiis
2683 1618 2842 1673 linem
2872 1621 3177 1690 imponatis.
3227 1624 3387 1682 Scitis
3416 1629 3553 1684 enim
3591 1643 3784 1702 quantam

2257 1706 2406 1761 vobis
2436 1706 2696 1780 benignus
2744 1711 2883 1766 Deus
2907 1714 3211 1772 mercedem
3250 1719 3513 1777 relaturus
3545 1722 3626 1789 sit,
3650 1726 3687 1780 si
3718 1740 3786 1795 pro

2258 1805 2336 1851 tot
2365 1798 2620 1855 Ecclesiis
2646 1805 2969 1871 perturbatis
3003 1806 3282 1876 laborctis,
3310 1812 3547 1883 nihilque
3564 1816 3783 1882 omittatis,

2255 1906 2363 1961 quo
2392 1906 2484 1948 eas
2509 1892 2577 1948 ad
2609 1896 2955 1967 tranquillum
2985 1907 3198 1970 portum
3220 1904 3520 1973 appellatis.

2255 2046 2504 2104 CLXVI.
2549 2049 2838 2124 Episcopis,
2893 2055 2983 2126 qui
3026 2072 3141 2110 cum
3169 2058 3558 2114 occidentalibus
3597 2063 3784 2133 ερὶτεορὲι

2503 2153 2745 2199 uenerant
2772 2145 2809 2199 ί.
2848 2144 3048 2218 (Anno,
3079 2156 3136 2202 ut
3165 2159 3401 2220 putatur,
3430 2153 3577 2221 ‘06.)

2327 2295 2513 2368 Magna
2546 2298 2763 2369 quidem
2804 2314 2868 2357 ac
2907 2302 3161 2374 prteclara
3198 2320 3261 2359 ea
3294 2322 3506 2379 quoque
3534 2320 3659 2373 sunt,
3699 2327 3782 2380 qur.

2255 2389 2403 2459 prius
2430 2390 2653 2456 fecistis,
2685 2409 2879 2464 nempe
2911 2396 3053 2466 quod
3090 2397 3290 2468 justam
3331 2402 3609 2473 virtutique
3644 2414 3784 2458 vestae

2253 2490 2690 2551 consentaneam,
2723 2485 2794 2540 ob
2817 2500 2881 2542 ea
2926 2488 3064 2542 mala
3100 2504 3222 2560 qua:
3266 2500 3346 2545 tot
3387 2492 3637 2549 Ecclesias
3666 2510 3783 2549 occu-

2253 2583 2467 2645 parunt,
2525 2576 2947 2649 indignationem
2992 2584 3316 2652 concepistis
3357 2601 3632 2657 carumque
3660 2588 3784 2641 viceni

2251 2664 2500 2721 doluistis
2541 2685 2556 2725 :
2590 2685 2764 2741 neque
2800 2669 2885 2726 hic
2932 2671 3156 2743 gradum
3209 2673 3423 2743 ﬁxistis,
3469 2694 3634 2732 verum
3667 2678 3783 2732 etiam

2251 2773 2371 2828 qua:
2397 2760 2635 2815 muneris
2654 2763 2818 2817 vestri
2844 2764 2978 2816 ratio
3008 2764 3330 2833 postulabat,
3368 2768 3466 2835 ipsi
3499 2769 3780 2838 prastitistis.

2250 2850 2382 2909 Illud
2411 2862 2591 2908 autem
2621 2854 2777 2925 longe
2798 2857 3085 2911 maximum
3108 2873 3171 2912 ac
3193 2860 3662 2929 praeclarissimum,
3680 2859 3782 2931 quod

2251 2959 2394 2999 nunc
2418 2960 2446 2998 a
2478 2946 2628 3001 vobis
2658 2945 2856 3001 factum
2887 2959 2993 3025 est1
3023 2950 3274 3005 nimirum
3306 2953 3451 3022 quod
3479 2953 3778 3022 unusquisque

2249 3044 2486 3091 vestrum
2512 3037 2822 3094 domesticis
2852 3040 3071 3095 sedibus
3101 3042 3300 3097 relictis
3324 3055 3434 3098 tam
3462 3046 3649 3116 longam
3672 3059 3779 3113 pere-

2247 3129 2610 3199 grinationem
2640 3130 2775 3196 iniit,
2811 3138 2973 3203 atque
3004 3132 3056 3186 in
3086 3144 3266 3189 extera
3298 3139 3518 3206 regione
3541 3150 3779 3192 commora-

2248 3226 2355 3284 tur,
2386 3236 2450 3276 ac
2493 3237 2589 3291 pro
2622 3223 2978 3278 Ecclesiarum
3019 3226 3246 3282 utilitate
3288 3228 3555 3285 diuturna:
3597 3227 3779 3299 peregri-

2247 3314 2481 3369 nationis
2525 3314 2736 3370 laborcs
2775 3317 2983 3372 suffert.
3037 3320 3116 3374 Ac
3147 3333 3431 3390 propterea
3474 3324 3613 3376 vobis
3636 3322 3779 3392 gratias

2245 3418 2425 3475 agere,
2450 3421 2648 3477 vosque
2675 3407 2743 3463 ob
2775 3418 2852 3463 tot
2879 3424 2943 3464 ac
2973 3418 3115 3465 tanta
3155 3414 3399 3483 prauuia,
3444 3432 3560 3483 quae
3594 3413 3679 3467 huc
3712 3426 3775 3463 no-

2245 3495 2389 3552 mine
2416 3499 2555 3553 Dens
2582 3498 2731 3554 vobis
2756 3515 2855 3571 pro
2894 3517 2989 3556 sua
3022 3502 3348 3572 benignitate
3379 3506 3631 3569 reCondit,
3650 3502 3775 3557 admi-

2243 3589 2352 3643 rari
2378 3604 2441 3643 ac
2468 3589 2654 3645 beatos
2684 3591 2979 3660 prmdicare
3007 3610 3110 3648 nou
3138 3595 3454 3651 desinimus.
3489 3599 3560 3652 Ac
3583 3596 3776 3666 quoniam

2242 3696 2343 3736 nos
2373 3697 2473 3737 nec
2500 3682 2569 3736 ob
2596 3684 2862 3752 exsilium,
2890 3701 2995 3756 quo
3022 3704 3163 3742 nunc
3204 3704 3536 3752 coercenmr,
3563 3690 3775 3743 vobiscum

2242 3775 2465 3840 versari,
2501 3790 2603 3830 nec
2632 3776 2780 3842 itetn,
2810 3779 2972 3846 quod,
3017 3780 3101 3833 eui
3130 3780 3311 3836 literas
3338 3781 3548 3843 deuius,
3580 3780 3696 3835 hand
3722 3778 3775 3831 ia-

2238 3864 2343 3919 cile
2383 3867 2765 3931 nanciscimur,
2807 3869 3021 3925 assidue
3050 3871 3116 3925 ad
3149 3888 3245 3925 vos
3287 3875 3523 3928 scribere
3552 3883 3776 3943 pmsnums

2243 3954 2386 4025 (nam
2414 3956 2610 4026 alioqui
2651 3958 2921 4012 literarum
2954 3959 3249 4030 frequentia
3279 3978 3373 4018 vos
3402 3956 3772 4030 obruisseiuus):

2239 4045 2441 4102 idcirco
2463 4050 2977 4107 reverendissimum
2996 4068 3057 4106 ac
3080 4054 3538 4123 religiosissimum
3556 4055 3773 4109 dominum

2237 4152 2416 4193 meum
2451 4140 2843 4212 presbyterum,
2875 4143 3155 4213 quietiam
3193 4146 3308 4214 ipse
3337 4157 3529 4214 Sponte
3566 4161 3648 4199 sua
3685 4158 3773 4212 pur

2234 4229 2398 4286 ﬁcisci
2426 4247 2490 4287 ac
2522 4248 2618 4287 vos
2647 4234 2833 4291 videre
2880 4235 3150 4304 cupiebat,
3195 4239 3609 4301 obsecravinuis,
3652 4244 3698 4289 ut
3731 4234 3772 4285 li-

2236 4331 2377 4377 teras
2406 4339 2434 4377 a
2480 4324 2633 4380 vobis
2662 4325 2730 4381 ad
2780 4342 2879 4382 nos
2907 4327 3195 4395 obtineret,
3248 4340 3411 4400 atque
3460 4332 3567 4400 ipse
3601 4328 3771 4383 caritate

2232 4425 2409 4469 vestra
2436 4430 2617 4471 coram
2650 4415 2937 4474 frueretur.
2984 4419 3337 4490 Posteaquam
3373 4422 3532 4492 igitur
3556 4435 3679 4480 cum,
3703 4430 3771 4487 pro

2230 4520 2296 4560 eo
2317 4513 2478 4572 atque
2503 4522 2598 4561 vos
2626 4506 2800 4573 decet,
2834 4511 3172 4579 cxceperitis,
3204 4511 3270 4565 de
3293 4522 3470 4566 vestra
3500 4509 3763 4567 valetudiw‘.

2228 4611 2349 4650 cum
2377 4597 2605 4665 licuerit,
2634 4600 2892 4653 certiores
2938 4615 3034 4655 nos
3079 4600 3276 4668 facere,
3308 4618 3512 4672 quaeso,
3542 4617 3605 4656 ne
3626 4610 3766 4670 grave-

2227 4688 2380 4741 mini.
2409 4688 2682 4759 Siquidem
2717 4690 2872 4745 nobis
2901 4691 2949 4745 id
2975 4693 3114 4747 scire
3143 4708 3352 4747 suunno
3376 4694 3551 4748 studio
3571 4701 3645 4747 est
3667 4707 3679 4743 :
3701 4699 3768 4741 ne-

2225 4794 2330 4849 que
2356 4793 2573 4848 parvam
2599 4781 2905 4836 solitudinis
2938 4783 3113 4853 hujus,
3163 4783 3215 4838 in
3243 4802 3346 4856 qtta
3374 4794 3766 4849 vcrsamur,cun-

2224 4873 2542 4929 solationem
2572 4876 2695 4930 hinc
2715 4879 2983 4959 accepturi
3013 4893 3216 4933 sumus.

2540 5030 2678 5087 CLX
2696 5030 2824 5085 νη.
2858 5031 3050 5127 Iisdem
3076 5036 3115 5088 ³.
3152 5034 3331 5108 (Anno
3357 5036 3508 5107 406.)

2293 5178 2665 5249 Amplissimas
2694 5181 2842 5235 vobis
2872 5182 2941 5235 ob
2973 5190 3171 5236 tantam
3199 5183 3362 5237 animi
3390 5182 3691 5239 ﬁrmitatem.
3717 5186 3762 5226 ac

2220 5272 2474 5333 studium,
2504 5279 2555 5324 et
2576 5288 2778 5336 curam,
2810 5272 3126 5343 laboresque
3153 5282 3207 5327 et
3230 5273 3474 5341 sudores,
3495 5288 3556 5327 ac
3576 5268 3763 5334 denique

2219 5365 2290 5420 ob
2317 5366 2526 5435 longam
2556 5366 2693 5419 hanc
2721 5367 3222 5436 peregrinationem,
3255 5384 3410 5437 quam
3444 5364 3665 5419 utilitatis
3684 5359 3760 5412 Ec-

2219 5457 2501 5511 clesiarum
2530 5474 2689 5511 causa
2731 5458 3064 5527 suscepistis,
3108 5459 3308 5529 gratias
3337 5459 3557 5529 agimus.
3587 5449 3760 5508 Etenim

2281 5674 2523 5743 f_t‘.oislii_i.
2551 5675 2623 5743 sic
2653 5675 2845 5725 titulum
2878 5674 3031 5726 habet
3056 5674 3322 5743 :Episcopo
3342 5674 3423 5740 qui
3449 5685 3555 5725 cum
3574 5667 3761 5721 occtdcn‘

2214 5736 2389 5788 talibus
2408 5735 2649 5807 episcopis
2672 5744 2884 5807 reuertit.
3028 5801 3039 5807 _
3126 5735 3136 5741 ’
3173 5801 3184 5807 _
3354 5735 3364 5740 ’
3418 5797 3429 5807 ,
3644 5792 3658 5807 .-

2279 5795 2657 5867 *_ttujus‘_etiam
2686 5799 2869 5867 titulus
2911 5807 2988 5849 est
3028 5801 3074 5850 in
3108 5800 3318 5853 coisiin.:
3345 5797 3566 5867 Episcopo
3585 5795 3760 5860 qut'cm

2216 5856 2593 5914 occidentalibus
2616 5860 2848 5927 episcopis
2874 5871 3081 5914 reuertit.
