3950 6388
215 399 321 458 707

211 519 318 573 καὶ
348 515 457 572 τῶν
482 516 726 587 agema»
759 516 907 588 παρὰ
947 517 1039 571 τοῦ
1086 516 1463 591 φιλανθρώπου
1492 521 1647 574 Θεου.
1678 520 1791 574 Καὶ

214 611 603 683 ἐπεθυμοῦμεν
641 611 781 664 κατὰ
818 611 1105 680 πρόσωπον
1155 611 1309 675 ὑμῶν
1358 612 1655 666 θεάσασθαι
1695 612 1793 681 τὴν

210 703 528 775 τιμιότητα.
577 696 978 772 Ἐπειδὴδέτά
1006 702 1105 771 τῆς
1151 702 1365 774 ἐξορίας
1412 703 1588 774 δεσμά
1636 702 1796 755 τοῦτο

212 798 368 868 ἡμᾶς
393 793 701 867 παρείλετο,
727 790 821 847 καὶ
856 793 912 845 ἐν
943 793 1022 847 ἐνὶ
1048 793 1299 865 καθεῖρξε
1330 795 1545 865 χωρίῳ,
1578 794 1668 848 τὸν
1694 793 1794 847 κύ-

215 890 338 960 ριόν
376 905 479 959 μου
523 886 614 940 τὸν
639 884 965 956 τιμιώτατον
1003 885 1095 939 καὶ
1133 886 1521 940 εὐλαϐέστατον
1555 885 1794 957 πρεσϐύ-

209 992 379 1053 τερον
407 978 849 1049 ἀπεστάλκαμεν,
887 977 980 1031 καὶ
1003 978 1070 1031 δι’
1098 977 1263 1032 αὐτοῦ
1297 981 1394 1049 τήν
1430 996 1490 1031 τε
1516 977 1796 1048 ὀφειλομέ-

209 1086 316 1145 νην
346 1070 649 1145 πρόσρησιν
679 1067 1059 1141 ἀποδιδόαμεν.
1091 1069 1185 1123 καὶ
1227 1070 1512 1141 δηλοῦμεν,
1540 1072 1621 1123 ὅτι
1646 1070 1797 1142 χάρι·

210 1183 318 1229 τας
343 1165 544 1227 πολλὰς
575 1163 670 1217 καὶ
716 1162 956 1233 μεγάλας
990 1161 1376 1233 ὁμολογοῦντες
1402 1162 1430 1215 ὑ
1440 1162 1556 1233 μῶν
1582 1166 1647 1233 τῇ
1680 1161 1797 1214 θεο-

214 1259 409 1328 σεϐείᾳ
448 1257 509 1309 οὐ
556 1255 1022 1326 διαλιμπάνομεν,
1067 1251 1162 1308 καὶ
1201 1253 1476 1318 ἀξιοῦντες
1517 1254 1657 1324 ὑπὲρ
1697 1254 1798 1324 τῆς

216 1349 441 1420 μακρᾶς
466 1346 620 1415 σιγῆς
635 1345 733 1416 τῆς
752 1343 1058 1416 ἔμπροσθεν
1086 1345 1411 1416 συγγνώμην
1436 1345 1566 1415 ἡμῖν
1590 1347 1792 1414 νεῖμαι.

212 1441 294 1494 Οὐ
316 1438 427 1510 γάρ
445 1437 508 1509 δὴ
536 1436 923 1509 ῥᾳθυμοῦντες,
949 1436 1067 1489 οὐδέ
1096 1436 1592 1508 κατολιγωροῦντες
1620 1436 1792 1508 ὑμῶν,

211 1531 471 1586 τοσοῦτον
502 1530 839 1599 ἐσιγήσαμεν
872 1528 1090 1601 χρόνον·
1143 1528 1258 1582 ἀλλ’
1298 1529 1485 1600 ἐπειδὴ
1518 1527 1611 1583 νῦν
1642 1527 1795 1600 πρῶ-

210 1634 308 1678 τον
334 1621 569 1695 εὕρομεν
605 1619 696 1675 τὸν
714 1620 1011 1691 δυνάμενον
1034 1620 1211 1674 ἐκεῖσε
1234 1621 1504 1691 διαϐῆναι,
1531 1622 1658 1675 ἔνθα
1686 1622 1795 1676 δια-

210 1714 431 1786 τρίϐετε
451 1713 673 1777 νῦν,καὶ
695 1712 763 1766 τά
793 1712 923 1782 παρ’
944 1713 977 1782 ἡ
988 1711 1102 1783 μῶν
1130 1711 1443 1783 διακομίσαι
1464 1713 1790 1784 γράμματα,

211 1809 500 1879 γράφομεν
529 1804 658 1876 ὑμῖν
692 1798 998 1875 δηλοῦντες,
1044 1807 1102 1858 ἐν
1140 1798 1222 1867 οἷς
1261 1806 1448 1874 ἐσμεν.
1501 1804 1792 1875 Δεξάμενοι

148 1892 153 1897 ’
208 1898 396 1953 τοίνυν
423 1896 582 1949 αὐτὴν
610 1894 725 1966 μετ’
764 1891 974 1958 εὐνοίας
997 1893 1094 1947 καὶ
1125 1892 1420 1958 διαθέσεως
1448 1892 1696 1965 γνησίας,
1723 1892 1793 1947 τά

212 1988 346 2058 περὶ
387 1987 488 2057 τῆς
534 1984 722 2054 ὑγείας
785 1985 938 2057 ὑμῶν
968 1984 1160 2056 δηλοῦν
1209 1984 1341 2055 ἡμῖν
1380 1984 1788 2058 παρακλήθητε.

211 2074 494 2149 Μεγίστην
529 2076 638 2147 γάρ
688 2072 797 2130 ἀπὸ
841 2075 952 2129 τῶν
997 2073 1253 2129 τοιούτων
1282 2076 1648 2147 γραμμάτων.
1698 2074 1794 2129 καὶ

211 2163 277 2224 ἐν
302 2166 507 2239 ἐρημίᾳ
534 2165 852 2238 καθήμενοι,
880 2163 1076 2235 ἐξομεν
1111 2164 1485 2237 παραμυθίαν.

372 2323 545 2380 ΡΞΔ’.
592 2320 957 2394 Ἀλεξάνδρῳ
980 2322 1290 2389 ἐπισκόπῳ
1318 2325 1629 2394 Κορίνθου.

285 2479 456 2537 Οἶσθα
482 2479 579 2553 τὴν
603 2478 848 2553 ἀγάπην,
876 2480 943 2552 ἢν
980 2481 1380 2554 ἐπεδειξάμεθα
1415 2485 1541 2556 περὶ
1563 2483 1659 2556 τὴν
1689 2485 1789 2557 σὴν

209 2574 526 2646 τιμιότητα,
559 2572 654 2627 καὶ
683 2573 800 2637 πῶς
832 2572 986 2641 ὀλίγα
1019 2586 1100 2627 σοι
1126 2573 1535 2648 συγγενόμενοι,
1571 2576 1787 2631 συνεδέ-

212 2658 391 2737 θημέν
424 2683 519 2721 σου
558 2666 637 2739 τῷ
665 2664 836 2740 πόθῳ.
876 2664 966 2722 Διὸ
998 2667 1092 2723 καὶ
1132 2669 1338 2743 σφόδρα
1379 2671 1790 2743 ἐθαυμάσαμεν,

210 2754 296 2813 ὅτι
317 2759 377 2811 ἐν
405 2757 548 2812 οὕτω
570 2758 745 2830 χρόνῳ
775 2759 971 2832 μακρῷ
997 2761 1119 2814 οὐδέ
1155 2762 1298 2828 ἅπαξ
1326 2760 1461 2834 ἡμῖν
1492 2765 1791 2820 ἐπιστεῖλαι

211 2849 504 2914 κατεδέξω.
532 2850 643 2903 Kal
663 2847 778 2904 οἶδα
802 2850 899 2921 μὲν
924 2851 1004 2905 ὅτι
1027 2852 1513 2925 γραμματηφόρων
1544 2855 1788 2928 προϐαλῇ

213 2940 432 3005 σπάνιν,
479 2941 574 2994 καὶ
626 2934 777 2995 οὐδὲν
837 2942 1083 3007 ἀπεικός.
1127 2942 1189 2997 Εί
1230 2942 1339 3016 γὰρ
1384 2945 1478 2997 καὶ
1516 2944 1701 2999 πολλοὶ
1741 2947 1790 2998 οἱ

214 3033 425 3087 ἐκεῖθεν
451 3031 854 3104 ἀφικνούμενοι,
871 3030 983 3089 ἀλλ’
1002 3035 1130 3091 ἔνθα
1153 3037 1438 3109 καθήμεθα
1457 3050 1484 3079 ι
1502 3038 1597 3092 νῦν
1617 3038 1792 3104 οὐδεὶς

213 3121 282 3177 ἂν
302 3122 509 3194 ταχέως
539 3123 896 3193 παραγένοιτο
920 3124 1030 3179 τῶν
1052 3127 1258 3180 ἐκεῖθεν
1286 3129 1613 3199 ἐρχομένων.
1644 3129 1792 3200 Πλὴν

213 3213 331 3269 ἀλλ’
358 3216 458 3268 οὐκ
479 3217 638 3287 ἀρκεῖ
659 3216 813 3270 τοῦτο
841 3214 971 3288 ἡμῖν
1000 3219 1079 3282 εἰς
1107 3217 1167 3272 τὸ
1200 3220 1335 3291 μηδὲ
1370 3221 1516 3287 ἅπαξ
1536 3221 1790 3286 δέξασθαι

212 3306 537 3378 γράμματα.
598 3308 750 3361 Ἐπεὶ
806 3309 901 3363 καὶ
958 3311 1117 3381 ἡμεῖς
1174 3308 1252 3375 είς
1322 3312 1523 3383 ταύτην
1577 3312 1793 3384 ἔχοντες

211 3400 568 3473 ἀναχωρῆσαι
611 3399 710 3471 τὴν
748 3400 1040 3473 πρόφασιν,
1079 3401 1199 3456 οὐδὲ
1234 3400 1406 3466 οὕτως
1432 3405 1789 3475 ἐσιγήσαμεν,

212 3490 352 3545 ἀλλά
372 3490 463 3544 τὸν
485 3490 673 3562 κύριόν
700 3507 801 3562 μου
819 3485 911 3545 τὸν
936 3491 1260 3563 τιμιώτατον
1282 3492 1377 3547 καὶ⁵
1400 3494 1791 3550 εὐλαϐέστατον

212 3581 587 3655 πρεσϐύτερον
639 3582 1062 3654 ἀναστήσαντες,
1132 3584 1384 3639 ἐντεῦθεν
1443 3586 1789 3657 ἐπέμψαμεν,

209 3672 358 3727 ὥστε
401 3674 497 3727 καὶ
539 3674 605 3744 τῇ
650 3675 718 3744 σῇ
765 3675 1043 3743 συντυχεῖν
1103 3674 1398 3746 τιμιότητι,
1447 3677 1541 3730 καὶ
1588 3676 1790 3747 ταύτην

211 3763 372 3836 ήμῶν
405 3765 503 3836 τὴν
532 3765 901 3838 προσηγορίαν
933 3765 1285 3835 ἀποκομίσαι,
1316 3766 1408 3820 καὶ
1445 3767 1634 3838 μαθεῖν
1663 3768 1791 3842 περὶ

212 3854 314 3924 τῆς
339 3855 526 3922 ὑγείας
550 3855 649 3925 τῆς
675 3856 793 3924 σῆς,
832 3856 960 3927 περὶ
988 3849 1056 3926 ἦς
1095 3857 1296 3929 σφόδρα
1328 3858 1790 3931 περισπούδαστον

212 3949 349 4018 ἡμῖν
378 3947 687 4017 μανθάνειν.
720 3947 865 4002 Ἰδὼν
896 3945 1073 4003 τοίνυν
1099 3951 1261 4005 αὐτὸν
1291 3953 1409 4021 μετ’
1438 3952 1669 4017 εὐνοίας,
1697 3954 1791 4007 καὶ

211 4039 456 4109 ἀγάπης,
514 4037 607 4092 καὶ
650 4038 755 4108 τῆς
804 4040 1188 4112 προσηκούσης
1240 4042 1660 4115 φιλοφροσύνης,
1713 4045 1790 4110 ὡς

213 4130 380 4201 μέλος
408 4131 693 4202 ἡμέτερον,
725 4131 888 4202 ἡνίκα
916 4131 981 4185 ἂν
1013 4134 1232 4205 ἐπανίῃ,
1259 4134 1329 4189 τά
1362 4136 1489 4209 περὶ
1515 4138 1614 4204 τῆς
1642 4136 1789 4212 [695]

212 4218 434 4290 pacem;
468 4238 560 4274 σου
584 4220 820 4291 δηλῶσαι
851 4223 982 4294 ἡμῖν
1021 4225 1094 4297 μὴ
1121 4229 1482 4302 κατοκνήσῃς.
1511 4227 1791 4302 Μεγίστην

211 4308 333 4382 γὰρ
380 4313 511 4381 ἡμῖν
559 4312 666 4366 ἀπὸ
721 4313 828 4368 τῶν
888 4316 1248 4386 γραμμάτων,
1309 4320 1404 4373 καὶ
1463 4322 1522 4374 ἐν
1584 4322 1792 4395 ἐρημίᾳ

211 4402 622 4473 καθεζομένοις,
649 4401 905 4477 παρέξεις
932 4404 1033 4478 τὴν
1060 4408 1424 4481 παράκλησιν.

211 4559 392 4614 ΡΞΕ.
449 4559 861 4639 Ἐπισκόπομιςᾼ
886 4563 1134 4639 ρλθοῦσι
1178 4564 1327 4639 μετά
1368 4564 1487 4639 τῶιΑ
1529 4567 1647 4623 ἀπὸ
1680 4565 1789 4639 τῆς

497 4632 734 4698 Δύσεως
755 4630 1054 4687 ἐλθόντων
1080 4630 1426 4690 ἐπισκόπων
1454 4636 1504 4692 δ.

301 4780 718 4855 Ἐθαυμάσαμεν
738 4782 891 4856 ὑμῶν
915 4786 1009 4839 καὶ
1033 4787 1130 4858 τὴν
1153 4788 1460 4861 ἔμπροσθεν
1483 4794 1790 4865 προθυμίαν

211 4886 275 4926 τε
310 4873 404 4926 καὶ
439 4873 694 4945 σπουδὴν,
722 4876 787 4946 ἣν
821 4876 960 4947 ὑπὲρ
987 4878 1095 4932 τῶν
1119 4883 1236 4945 ταῖς
1277 4881 1623 4954 Ἐκκλησίαις
1655 4905 1792 4960 συμ-

209 4964 491 5034 φερόντων
525 4966 895 5032 ἐπεδείξασθε.
941 4970 1093 5025 Ἐπεὶ
1139 4972 1193 5024 δὲ
1226 4973 1320 5026 καὶ
1364 4978 1580 5047 μακράν
1617 4978 1790 5044 οὓτως

206 5053 524 5124 ἀποδημίαν
557 5056 950 5129 προσεθήκατε,
998 5062 1092 5113 καὶ
1126 5061 1301 5115 πάντα
1341 5064 1497 5119 ὄκνον
1535 5067 1792 5121 ἐκϐαλόνο

206 5158 322 5206 τες,
361 5144 500 5213 μετά
539 5148 637 5217 τῆς
669 5148 1050 5220 προσηκούσης
1078 5151 1208 5222 ὑμῖν
1241 5154 1491 5225 ἀνδρείας
1524 5159 1790 5231 τοσαύτην

201 5235 330 5288 ὁδὸν
354 5236 683 5304 ἐστείλασθε,
711 5239 810 5310 οὐχ
829 5240 903 5305 ὡς
925 5240 1081 5311 ἔτυχε
1112 5244 1206 5298 καὶ
1229 5244 1317 5297 διὰ
1345 5246 1502 5301 τοῦτο
1535 5249 1677 5319 ὑμᾶς
1699 5252 1790 5304 ἐκ·

207 5325 582 5398 πληττόμεθα,
621 5329 716 5383 καὶ
757 5331 1203 5403 εὐχαριστοῦντες
1233 5337 1294 5390 οὐ
1332 5337 1783 5410 διαλιμπάνομεν,

204 5417 308 5470 καὶ
360 5418 448 5470 δια
506 5423 847 5492 γραμμάτων
895 5423 1010 5485 νῦν,
1070 5425 1164 5477 καὶ
1211 5427 1378 5497 χωρὶς
1421 5430 1784 5500 γραμμάτων.

201 5508 329 5579 Οὐχ
369 5511 527 5580 ἡμεῖς
574 5512 629 5564 δὲ
676 5514 856 5585 μόνον,
898 5516 1031 5569 ἀλλά
1073 5519 1167 5571 καὶ
1210 5521 1406 5582 πάντες
1433 5521 1482 5573 οί
1524 5522 1666 5574 κατὰ
1692 5522 1787 5595 τὴν

272 5704 297 5773 ξ
322 5704 520 5773 (ξοῇεξῇη.
544 5707 649 5773 ἔνθα
666 5709 987 5773 καθείργμεθα.

197 5764 543 5875 ΐὲοιοὶςίίυη
588 5764 1052 5835 ἐπισκόπῷἳλθὸντι
1077 5776 1194 5836 μετά
1238 5778 1332 5826 τῶν
1355 5777 1448 5826 ἀπὸ
1489 5784 1569 5837 τῆς
1607 5780 1787 5840 δύσεως

234 5839 261 5873 λ
316 5843 457 5875 ντων.

1640 384 2025 447 ΕίῚδΊῸιΑζ.

3368 403 3470 463 708

1905 517 2192 588 Ἀνατολὴν
2212 515 2602 587 θαυμάζονται,
2638 514 2730 570 καὶ
2766 515 3008 588 κήρυκες
3042 516 3196 588 ὐμῶν
3233 517 3472 587 γίνονται

1895 608 2184 671 διαπαντὸς
2204 608 2303 677 τῆς
2328 608 2682 681 στερρότητος
2711 609 2812 680 τῆς
2837 608 3107 673 ἀκλινοῦς,
3138 608 3232 662 καὶ
3265 609 3473 682 θερμῆς

1896 699 2136 768 ἀγάπης,
2176 699 2269 752 καὶ
2311 699 2410 770 τῆς
2454 700 2855 770 άπεριτρέπτου
2907 703 3151 771 γνώμης.
3201 701 3313 755 Kal
3348 699 3474 754 οὐτε

1895 789 2016 844 όδοῦ
2062 792 2253 862 μῆκος,
2285 790 2409 844 οὔτε
2454 790 2828 862 ταλαιπωρίαν
2869 793 3181 864 ἀποδημίας
3215 791 3473 864 ἡγοῦνταί

1894 898 1949 935 τι
1986 881 2125 953 βαρὺ
2167 882 2352 936 λοιπὸν
2389 881 2482 936 καὶ
2513 882 2770 953 ἐπαχθὲς,
2803 882 2943 954 ὑπὲρ
2973 884 3067 937 τοῦ
3097 883 3342 955 δραμεῖν,
3377 884 3474 937 καὶ

1901 973 2027 1027 ίδεῖν
2057 974 2210 1045 ὑμῶν
2242 973 2311 1027 τὰ
2347 973 2584 1027 τοσαῦτα
2626 973 3047 1047 κατορθώματα.
3087 976 3177 1028 Διὸ
3217 976 3279 1046 δὴ
3315 976 3410 1028 καὶ
3444 977 3474 1029 ὁ

1897 1062 2084 1134 κύριός
2112 1080 2213 1133 μου
2248 1066 2275 1118 ὁ
2297 1063 2621 1134 τιμιώτατος
2642 1065 2737 1118 καὶ
2758 1065 3148 1128 εὐλαϐέστατος
3172 1065 3474 1137 πρεσϐύτεο

1897 1172 2012 1227 ρος,
2059 1154 2235 1208 καίτοι
2278 1172 2342 1224 γε
2384 1157 2598 1210 ἀσθενεῖ
2637 1158 2973 1228 κεχρημένος
3021 1158 3258 1228 σώματι,
3295 1150 3477 1215 πάντα

1897 1246 2071 1299 εἵλετο
2122 1247 2311 1301 παθεῖν
2351 1248 2493 1320 ὑπὲρ
2544 1248 2736 1302 τούτου
2758 1242 3215 1323 ’παραγενόμενος
3254 1252 3348 1306 καὶ
3372 1253 3475 1323 τῆς

1898 1340 2016 1392 κατ’
2045 1337 2166 1409 ὄψιν
2214 1340 2522 1395 ἀπολαῦσαι
2564 1341 2849 1404 συνουσίας
2904 1343 3057 1413 ὐμῶν
3080 1354 3128 1398 ο.
3181 1344 3474 1417 Δεξάμενοι

1894 1428 2072 1482 τοίνυν
2105 1430 2268 1483 αὐτὸν
2311 1431 2448 1502 μετὰ
2472 1432 2570 1503 τῆς
2597 1432 2911 1505 πρεπούσης
2938 1435 3066 1506 ὑμῖν
3092 1434 3332 1507 ἀγάπης.
3366 1436 3472 1490 κᾶν

1898 1521 1990 1573 ἐπὶ
2052 1521 2238 1592 μεῖζον
2299 1523 2523 1596 αίρηται
2570 1524 2640 1578 τά
2695 1525 2865 1587 δεινὰ,
2924 1526 3347 1597 παρακαλοῦμεν
3397 1526 3473 1599 μὴ

1898 1612 2232 1684 κατοκνῆσαι
2289 1615 2704 1688 διορθουμένους
2765 1616 2924 1683 αὐτὰ,
2987 1616 3102 1671 ἀλλ’
3164 1616 3312 1682 ἄξιον
3366 1617 3476 1670 τῶν

1898 1703 2194 1775 προοιμίων
2234 1704 2500 1759 ἐπιθεῖναι
2538 1706 2600 1759 τὸ
2624 1707 2794 1771 τέλος.
2831 1709 2975 1761 Ἵστε
2995 1707 3104 1780 γάρ
3130 1708 3318 1780 ἡλίκος
3345 1709 3476 1778 ὑμῖν

1895 1792 2048 1848 ἔσται
2084 1797 2113 1849 ό
2154 1796 2342 1867 μισθὸς
2391 1797 2543 1868 παρὰ
2580 1796 2676 1852 τοῦ
2720 1798 3100 1872 φιλανθρώπου
3132 1799 3288 1867 Θεοῦ,
3331 1800 3474 1871 ὑπὲρ

1892 1886 2159 1942 τοσούτων
2191 1887 2526 1958 Ἐκκλησιῶν
2545 1891 2962 1962 ταραττομένων
2986 1891 3359 1963 πονουμένοις,
3378 1892 3475 1947 καὶ

1894 1980 2072 2034 πάντα
2087 1979 2601 2051 ποιοιιμένοις,ὦστε
2624 1983 2705 2046 είς
2723 1983 2978 2036 εὐδιεινὺν
3006 1983 3033 2023 ἀ
3053 1984 3223 2049 αὐτὰς
3246 1986 3472 2057 ὁρμίσαι

1892 2070 2113 2141 λιμένα.

1891 2224 2079 2294 PSG”.
2133 2224 2523 2299 Ἐπισκόιζοις
2564 2225 2815 2299 ἐλβοῦσι
2854 2227 3007 2297 μετὰ
3050 2227 3170 2282 τῶν
3212 2228 3329 2283 ἀπὸ
3359 2229 3472 2299 τῆς

2357 2297 2595 2364 Δύσεως
2621 2296 2991 2353 ἐπισκόπων.

1960 2431 2073 2486 Kal
2121 2433 2190 2488 τὰ
2243 2432 2551 2505 ἔμπροσθεν
2602 2433 2754 2502 παρά
2798 2432 2901 2505 τῆς
2945 2436 3254 2507 τιμιότητος
3315 2435 3472 2506 ὑμῶν
3537 2432 3551 2449 ⁵

1892 2524 2234 2595 γεγενημένα
2264 2523 2493 2597 μεγάλα,
2531 2524 2593 2578 τὸ
2625 2525 2840 2580 δικαίαν
2866 2527 2962 2581 καὶ
2992 2527 3308 2599 πρέπουσαν
3341 2529 3472 2600 ὑμῖν

1892 2615 2263 2689 ἀγανάκτησιν
2306 2616 2448 2688 ὑπὲρ
2489 2615 2600 2671 τῶν
2642 2617 2910 2681 τοσαύτας
2966 2617 3290 2688 Ἐκκλησίας
3334 2635 3473 2671 κατ-

1893 2707 2192 2779 ειληφότων
2241 2708 2429 2763 κακῶν
2468 2706 2872 2779 ἀγανακτῆσαι,
2911 2709 2972 2763 τὸ
3009 2711 3362 2782 συναλγῆσαι,
3409 2711 3472 2764 τὸ

1897 2799 1971 2871 μὴ
2023 2799 2187 2872 μέχρι
2224 2800 2412 2854 τούτου
2467 2800 2661 2871 στῆναι
2713 2801 2892 2871 μόνον,
2931 2802 3068 2857 ἀλλά
3108 2805 3201 2857 καὶ
3242 2803 3311 2857 τὰ
3340 2803 3472 2875 παρ’

1894 2891 2100 2945 ἐαυτῶν
2148 2892 2497 2961 εἰσενεγκεῖν.
2549 2894 2693 2947 Πολὺ
2741 2894 2800 2949 δέ
2851 2894 3106 2966 μέγιστον
3153 2895 3251 2950 καὶ
3294 2896 3355 2950 τὺ
3377 2896 3470 2951 νῦν

1891 2985 2254 3055 γεγενημένον
2299 2985 2449 3056 παρὰ
2483 2986 2586 3057 τῆς
2617 2986 2839 3058 ἀγάπης
2873 2986 3049 3058 ὑμῶν,
3074 2987 3135 3040 τὸ
3166 2989 3466 3060 ἀναστῆναι

1890 3076 2122 3129 ἕκαστον
2165 3076 2319 3147 ὑμῶν
2348 3076 2577 3140 οἴκοθεν,
2613 3078 2673 3132 τὸ
2704 3078 2920 3148 μακρὰν
2953 3077 3127 3157 οὓτως
3157 3080 3466 3153 ἀποδημίαν

1892 3168 2224 3233 στείλασθαι,
2246 3168 2306 3221 τδ
2334 3169 2629 3241 διατρίϐειν
2651 3172 2738 3224 ἐπ’
2763 3171 3067 3243 ἀλλοτρίας,
3097 3171 3191 3226 καὶ
3214 3175 3338 3239 τοὺς
3361 3176 3470 3230 ἀπὸ

1890 3263 1991 3332 τῆς
2037 3264 2253 3334 μακρᾶς
2294 3264 2603 3335 ἀποδημίας
2654 3266 2946 3337 ὑπομένειν
2978 3269 3280 3338 καμάτους,
3326 3270 3470 3343 ὑπὲρ

1888 3356 1999 3409 τῶν
2028 3359 2147 3419 ταῖς
2185 3356 2532 3428 Ἐκκλησίαις
2557 3360 2965 3430 συμφερόντων.
3006 3361 3105 3415 Διά
3133 3362 3308 3418 ταῦτα
3338 3365 3469 3435 ὑμῖν

1892 3445 2337 3517 εὐχαριστοῦντες
2377 3448 2436 3499 οὐ
2476 3449 2780 3519 παυόμεθα,
2808 3451 3200 3522 θαυμάζοντες,
3233 3456 3470 3527 μακαρίυ

1890 3537 2093 3603 ζοντες,
2135 3536 2293 3601 ὅσους
2342 3539 2554 3603 ἑαυτοῖς
2605 3540 2746 3613 ὑπὲρ
2792 3543 3001 3596 τούτων
3036 3545 3182 3615 παρὰ
3217 3546 3308 3600 τοῦ
3348 3548 3472 3615 φιλ-

1890 3629 2177 3699 ανθρώπου
2225 3630 2359 3683 Θεοῦ
2403 3633 2834 3701 προαποτίθεσθε
2880 3635 3006 3699 τοὺς
3066 3636 3311 3706 μισθούς.
3356 3640 3470 3693 Kal

1890 3720 2076 3793 ἐπειδὴ
2097 3716 2219 3774 οὐτε
2243 3721 2598 3790 συγγενέσθαι
2620 3724 2747 3794 ὑμῖν
2771 3724 2995 3780 δυνατὸν
3011 3727 3105 3781 νῦν
3128 3728 3231 3781 ὑπὸ
3255 3728 3471 3801 ἐξορίας

1889 3812 2258 3883 κατεχομένῳ,
2281 3812 2403 3865 οὐτε
2423 3815 2660 3885 συνεχῶς
2688 3817 3041 3884 ἐπιστέλλειν,
3068 3819 3145 3891 τῷ
3166 3820 3239 3893 μὴ
3253 3824 3468 3892 ταχέως

1891 3903 2142 3973 εὐπορεῖν
2203 3908 2685 3977 γραμματοφόρων
2726 3904 2781 3980 (ἦ
2812 3908 2921 3979 γὰρ
2961 3909 3026 3964 ἂν
3059 3912 3286 3981 νιφάδας
3314 3912 3466 3987 [696]
3542 3944 3560 3955 ο

1889 3995 2218 4065 ἐπέμψαμεν
2254 3998 2640 4069 γραμμάτων),
2679 3999 2770 4053 τὸν
2814 4001 3002 4070 κύριόν
3032 4020 3131 4073 μου
3163 4004 3254 4058 τὸν
3282 4005 3472 4076 τιμιώ-

1889 4103 2049 4139 τατον
2090 4087 2184 4139 καὶ
2218 4087 2607 4143 εὐλαϐέστατον
2638 4091 3027 4167 πρεσϐύτερον,
3068 4095 3163 4149 καὶ
3200 4096 3359 4150 αὐτὸν
3391 4094 3468 4149 οἴ-

1891 4176 2048 4231 κοθεν
2065 4177 2384 4251 ὁρμώμενον
2407 4181 2599 4247 ἐλθεῖν,
2628 4185 2722 4237 καὶ
2742 4184 3041 4241 θεάσασθαι
3066 4187 3162 4259 τὴν
3183 4189 3468 4245 εὐλάϐειαν

1890 4267 1988 4340 τὴν
2015 4269 2305 4342 ὑμετέραν,
2349 4274 2825 4347 παρεκαλέσαμεν,
2858 4276 2997 4332 ὥστε
3032 4280 3289 4353 καὶπρὸς
3323 4280 3469 4354 ἡμᾶς

1890 4361 2235 4432 γραμμάτων
2258 4363 2554 4435 ἐπιτυχεῖν,
2585 4369 2681 4421 καὶ
2711 4369 2873 4422 αὐτὸν
2903 4371 2995 4423 καὶ
3020 4371 3160 4426 κατά
3180 4374 3471 4445 πρόσωπον

1890 4453 2198 4507 ἀπολαῦσαι⁹
2249 4456 2346 4527 τῆς
2396 4457 2617 4530 ἀγάπης
2672 4461 2770 4531 τῆς
2819 4462 3108 4535 ὑμετέρας.
3176 4466 3470 4535 Δεξάμενοι

1888 4544 2067 4599 τοίνυν
2092 4546 2254 4598 αὐτὸν
2283 4547 2358 4611 ὡς
2388 4549 2518 4618 ὑμῖν
2539 4550 2746 4621 πρέπον
2768 4553 2934 4618 ἐστὶν,
2965 4555 3125 4624 ἡνίκα
3150 4555 3214 4609 ἂν
3237 4556 3351 4629 ἐξῇ,
3377 4557 3474 4612 καὶ

1888 4636 2024 4705 ἡμῖν
2069 4635 2261 4705 δηλοῦν
2299 4637 2371 4708 μὴ
2401 4644 2711 4694 κατοκνεῖτε
2745 4643 2815 4696 τά
2860 4646 2987 4716 περὶ
3027 4647 3126 4716 τῆς
3156 4648 3342 4715 ὑγείας
3370 4650 3483 4719 τῆς,

1893 4725 2186 4797 ὑμετέρας.
2226 4729 2437 4800 Σφόδρα
2483 4735 2591 4802 γάρ
2631 4735 2761 4805 ἡμῖν
2803 4737 3267 4809 περισπούδαστον
3314 4741 3474 4796 τοῦτο

1895 4816 2202 4885 μανθάνειν,
2234 4820 2328 4872 καὶ
2353 4820 2413 4872 οὐ
2456 4824 2627 4894 μικρὰ
2663 4827 2759 4895 τῆς
2789 4827 3047 4898 ἐρημίας,
3085 4832 3141 4884 ἐν
3227 4832 3472 4906 καθήμε-

1891 4907 1979 4973 θα,
2000 4907 2158 4962 τοῦτο
2186 4911 2316 4982 ἡμῖν
2339 4910 2493 4966 ἔσται
2528 4916 2896 4989 παράκλησις.

2342 5060 2515 5117 ΡΞΖν.
2563 5065 2690 5132 Τοῖς
2713 5068 2916 5135 αὐτοῖς
2949 5082 2991 5125 ε.

1959 5212 2134 5283 Χάριν
2177 5216 2307 5286 ὑμῖν
2355 5217 2512 5289 ἴσμεν
2539 5220 2738 5293 πολλὴν
2766 5223 2863 5296 τῆς
2904 5228 3171 5301 τοσαύτης
3204 5210 3447 5299 εὐτονίας

1892 5303 1986 5356 καὶ
2011 5308 2265 5378 σπουδῆς,
2303 5312 2396 5363 καὶ
2424 5314 2718 5382 φροντίδος,
2755 5318 2847 5370 καὶ
2870 5319 2980 5374 τῶν
3020 5323 3218 5388 πόνων,
3242 5327 3335 5380 καὶ
3359 5328 3470 5384 τῶν

1894 5393 2132 5464 ἱδρώτων
2186 5399 2397 5470 καὶτῆς
2423 5406 2638 5473 μακρᾶς
2661 5408 2864 5478 ταύτης
2890 5412 3058 5483 ἁποδη
3068 5415 3213 5483 μίας,
3237 5418 3301 5488 ἢν
3328 5420 3470 5491 ὑπὲρ

1889 5485 1998 5539 τῶν
2048 5492 2431 5561 συμφερόντων
2489 5497 2554 5567 τῇ
2608 5498 2904 5573 Ἐκκλησία
2955 5506 3273 5577 πεποίησθε.
3319 5509 3470 5583 Ὄσφ

1953 5664 1977 5749 2
2000 5662 2543 5749 ρυριᾳιςεηάπολαῦσαι
2578 5674 2829 5749 συντυχίας
2849 5677 2999 5737 ὑμῶν.

1953 5721 1979 5759 τι
2002 5724 2199 5775 σῖοίειίη.
2225 5728 2289 5781 εἰς
2311 5729 2480 5779 εὐδιον.
2505 5732 2654 5783 Snvil.
2683 5721 2879 5783 εῦδινον.

1896 5796 1979 5861 Ue
2000 5786 2202 5859 Cuigliu.
2248 5791 2448 5861 jlerum,
2488 5795 2735 5859 ἐπισκόπῳ
2782 5800 2959 5849 ἐλθόντι
2985 5800 3102 5861 μετὰ
3133 5803 3228 5854 τῶν
3256 5802 3349 5852 ἀπὸ
3394 5808 3477 5861 τῆς

1892 5864 2070 5905 suam;
2095 5862 2384 5901 επισκοπων.
