3950 6396
599 363 705 423 709

596 481 705 552 γάρ
774 479 884 542 τοϊς
941 475 1295 546 ταράττουσιν
1360 472 1574 526 ἃπαντα
1632 470 1815 540 μεῖζον
1868 470 1930 522 τὸ
1976 473 2167 541 κρῖμα,

594 570 834 640 τοσούτῳ
857 570 951 623 καὶ
971 569 1097 638 ὑμῖν
1131 565 1327 618 πλείων
1350 565 1378 615 6
1401 562 1611 633 μισθὸς.
1638 561 1875 632 τοσαύτῃ
1899 578 2068 632 κεχρη
2079 561 2175 631 μὲ-

596 679 708 726 νοις
740 661 983 730 ὑπομονῇ
1024 659 1117 712 καὶ
1160 655 1361 727 σπουδῇ
1397 657 1478 717 εἰς
1511 653 1797 723 διόρθωσιν
1843 652 1954 706 τῶν
1991 652 2174 717 κακῶς

596 756 726 823 παρ’
758 752 960 824 ἐτέρων
988 748 1389 828 γεγενημένων.
1420 748 1530 802 Καὶ
1568 746 1906 817 ἐϐουλόμεθα
1954 748 2051 817 μὲν
2081 747 2175 800 καὶ

597 845 858 916 παρόντες
885 842 1026 898 κατὰ
1054 842 1345 913 πρόσωπον
1385 836 1665 911 συντυχεῖν
1711 839 1866 911 ὐμῶν
1909 842 1974 910 τῇ
2013 838 2173 892 εὐλα-

594 935 733 1009 ϐείᾳ·
764 934 949 1005 ἐπειδὴ
972 934 1028 988 δέ
1062 933 1220 988 τοῦτο
1245 932 1580 1006 ἀφῃρήμεθα
1626 931 1733 986 ἀπὺ
1762 933 1863 1004 τῆς
1907 930 2048 986 κατά
2074 930 2173 1002 τὴν

590 1028 807 1099 ἐξορίαν
836 1027 1107 1099 ἀνάγκης,
1138 1026 1236 1096 ὀψέ
1260 1043 1392 1079 ποτε
1417 1025 1513 1080 καὶ
1539 1024 1690 1095 μόλις
1712 1024 2059 1091 ἐπιτυχόντες
2076 1022 2170 1077 τοῦ

591 1121 728 1193 πρὸς
762 1122 906 1193 ὑμᾶς
934 1118 1355 1191 ἀφικνουμένου,
1385 1116 1478 1170 τοῦ
1506 1116 1695 1186 κυρίου
1726 1132 1826 1185 μου
1857 1113 1951 1167 τοῦ
1982 1126 2173 1184 τιμιω-

590 1212 753 1267 τάτου
782 1212 877 1265 καὶ
910 1210 1304 1264 εὐλαϐεστάτου
1331 1206 1726 1279 πρεσϐυτέρου,
1754 1204 2173 1275 διεπεμψάμεθα

590 1302 753 1357 ταυτὶ
787 1301 857 1356 τά
882 1302 1208 1373 γράμματα,
1230 1301 1331 1371 τήν
1352 1316 1413 1352 τε
1452 1296 1807 1367 ὀφειλομένην
1836 1296 2173 1359 ἀποδιδόντες

590 1395 916 1467 πρόσρησιν,
944 1395 1038 1448 καὶ
1066 1390 1516 1464 εὐχαριστοῦντες
1548 1389 1690 1460 ὐπέρ
1725 1405 1784 1440 τε
1819 1387 1927 1440 τῶν
1968 1386 2171 1458 παρελ-

591 1484 815 1549 θόντων,
851 1485 995 1556 ὐπέρ
1026 1501 1084 1537 τε
1115 1483 1223 1536 τῶν
1249 1482 1367 1546 νῦν,
1394 1481 1534 1552 ὐπέρ
1561 1497 1620 1533 τε
1654 1479 1950 1550 ὁλοκλήρου
1976 1478 2076 1547 τῆς
2096 1479 2173 1533 δι-

590 1576 877 1649 ορθώσεως
899 1574 1006 1630 τῶν
1035 1574 1237 1629 κακῶν,
1264 1573 1384 1627 Κᾶν
1412 1573 1519 1644 γάρ
1551 1572 1715 1643 μηδὲν
1733 1571 1957 1642 γένηται
1989 1570 2170 1634 πλέον,

592 1670 753 1741 ὐμεῖς
778 1670 836 1723 τὸ
860 1669 1122 1741 ὐμέτερον
1150 1669 1506 1737 πεποιήκατε.
1541 1666 1630 1719 Διὸ
1652 1666 1746 1720 καὶ
1766 1665 2172 1736 ἀπηρτισμένον

591 1761 743 1832 ἔχετε
775 1759 926 1832 παρὰ
947 1759 1041 1813 τοῦ
1065 1758 1447 1830 φιλανθρώπου
1471 1758 1605 1812 Θεοῦ
1627 1759 1716 1812 τὸν
1744 1758 1955 1829 μισθὸν,
1978 1759 2173 1813 τοσαύ-

590 1868 660 1927 τῃ
721 1852 817 1907 καὶ
881 1851 1085 1922 σπουδῇ
1143 1851 1239 1904 καὶ
1287 1850 1567 1922 προθυμίᾳ
1616 1852 1751 1923 πρὸς
1787 1850 1849 1903 τὸ
1883 1852 1952 1904 τά
1985 1852 2171 1916 κακῶς

589 1943 933 2015 γεγενημένα
982 1942 1237 1998 ἰάσασθαι
1283 1941 1371 1997 διά
1432 1943 1632 2007 παντὸς
1694 1944 2029 2019 χρησάμενοι
2075 1944 2168 1999 τοῦ

588 2038 805 2109 χρόνου.

828 2125 1006 2182 ΡΞΗ.
1039 2127 1233 2195 Πρόϐῃ
1271 2124 1573 2195 ἐλευθέρᾳ,
1607 2124 1679 2178 ἐν
1715 2123 1919 2196 Ῥώμῃ.

656 2219 723 2276 El
749 2219 844 2283 καὶ
873 2217 1054 2290 πολλῷ
1082 2217 1422 2289 διῳκίσμεθα
1444 2217 1523 2289 τῷ
1559 2218 1708 2288 μέσῳ
1746 2218 1843 2288 τῆς
1866 2217 2006 2282 ὀδοῦ,
2034 2217 2170 2272 ἀλλά

586 2310 686 2381 τῆς
721 2310 952 2381 γνησίας
979 2327 1072 2363 σου
1121 2310 1215 2362 καὶ
1245 2309 1454 2380 θερμῆς
1490 2311 1730 2379 ἀγάπης,
1767 2308 1843 2373 ὼς
1878 2312 2165 2379 παρόντες,

587 2402 687 2456 καὶ
716 2401 894 2457 πάντα
912 2401 985 2455 τά
1015 2400 1083 2454 σά
1109 2400 1361 2472 ὁρῶντες,
1384 2399 1558 2464 οῦτως
1577 2401 1777 2472 ἀκριϐῆ
1804 2403 1997 2470 πεῖραν
2023 2402 2169 2474 εἱλή-

589 2508 790 2565 φαμεν,
827 2490 936 2545 τῶν
969 2491 1179 2544 ἐκεῖθεν
1204 2490 1616 2561 ἀφικνουμένων
1647 2490 1784 2561 πρὸς
1813 2492 1959 2562 ήμᾶς
1985 2492 2168 2561 ἀπαγ-

588 2583 888 2652 γελλόντων
951 2581 1078 2653 περὶ
1141 2581 1241 2651 τῆς
1295 2583 1395 2651 σῇς
1456 2580 1753 2651 ἐμμελείας
1791 2581 1982 2649 ταῦτα,
2026 2581 2169 2654 άπερ

587 2672 970 2745 ἐπεθυμοῦμεν
1001 2670 1311 2742 μανθάνειν.
1331 2670 1430 2724 Διά
1453 2669 1610 2724 τοῦτό
1638 2687 1717 2723 σοι
1753 2669 1981 2741 χάριτας
2011 2671 2169 2742 ίσμεν

590 2763 793 2828 πολλὰς
809 2763 905 2818 καὶ
923 2762 1184 2834 μεγάλας,
1216 2762 1310 2816 καλ¹
1338 2761 1766 2834 ἐναϐρυνόμεθα,
1785 2762 1877 2816 καὶ
1895 2762 2166 2819 καλλωπι-

588 2854 795 2927 ζόμεθα
821 2853 914 2908 ἐπὶ
939 2857 1005 2926 τῇ
1051 2852 1286 2908 διαθέσει
1328 2853 1432 2923 τῆς
1481 2854 1761 2923 εὐγενείας
1787 2870 1900 2909 σου·
1926 2857 2019 2910 καὶ
2043 2857 2169 2920 τούς

585 2948 927 3020 ἀγαπητούς,
952 2945 1043 3000 τὸν
1065 2945 1459 3001 εὐλαϐέστατον
1493 2946 1864 3020 πρεσϐύτερον
1892 2949 2166 3021 Ἰωάννην,

584 3040 683 3095 καὶ
710 3039 801 3094 τὸν
832 3037 1157 3109 τιμιώτατον
1196 3037 1440 3092 διάκονον
1472 3038 1684 3093 Παῦλον
1722 3041 2168 3111 παρακατατιθέ-

588 3131 731 3205 μεθά
768 3148 863 3185 σου
892 3131 959 3201 τῇ
998 3129 1337 3200 κοσμιότητι,
1366 3129 1443 3193 ὡς
1478 3132 1557 3194 εἰς
1586 3129 1780 3200 λιμένα
1808 3130 1907 3195 τάς
1941 3130 2040 3195 σάς
2072 3134 2172 3187 αὐ.

585 3224 715 3287 τοὺς
746 3223 1211 3295 παραπέμποντες
1244 3224 1450 3293 χεῖρας.
1495 3222 1646 3275 ’ἰδεῖν
1670 3223 1847 3277 τοίνυν
1869 3223 2066 3288 αὐτοὺς
2093 3223 2169 3287 ὥς

589 3333 674 3372 σοι
712 3314 922 3386 πρέπον
970 3316 1106 3379 ἐστὶ,
1152 3316 1410 3370 δέσποινά
1456 3332 1555 3385 μου
1598 3315 1899 3387 τιμιωτάτη
1939 3317 2035 3370 καὶ
2076 3317 2169 3369 εὐ·-

583 3405 906 3477 γενεστάτη,
943 3405 1350 3478 παρακλήθητι.
1383 3400 1557 3461 Οἶσθα
1594 3405 1723 3478 γὰρ,
1755 3407 1877 3470 ὅσος
1901 3407 2053 3461 ἔσται
2086 3425 2168 3462 σοι

583 3499 687 3571 τῆς
732 3497 1130 3569 φιλοφροσύνης
1174 3498 1377 3570 ταύτης
1423 3500 1453 3551 6
1500 3498 1707 3569 μισθός.
1758 3500 1868 3553 Καὶ
1901 3501 2063 3572 ήνίκα
2101 3502 2168 3555 ἂν

587 3590 739 3664 [697]
787 3590 904 3664 ἐξῇ,
946 3592 1329 3663 συνεχέστερον
1387 3592 1517 3663 ήμίν
1578 3590 1738 3663 δήλου
1787 3591 1855 3647 τά
1899 3593 2028 3665 περὶ
2067 3592 2168 3664 τῆς

585 3684 778 3754 ὐγείας
821 3682 924 3754 τῆς
974 3683 1094 3754 σῆς,
1146 3684 1274 3755 περὶ
1318 3678 1385 3755 ἧς
1441 3683 1646 3754 σφόδρα
1705 3684 2167 3754 περισπούδαστον

584 3777 716 3847 ήμῖν
771 3773 1084 3845 μανθάνειν,
1135 3772 1431 3846 ἐπειδήπερ
1480 3772 1683 3844 σφόδρα
1725 3773 1895 3845 αὐτῆς
1945 3774 2166 3845 ἀντεχό-

587 3866 749 3939 μεθα.

789 3956 963 4011 ΡΞΘν.
1006 3955 1323 4025 Ἰουλίαν-ᾖ,
1349 3957 1447 4010 καὶ
1473 3956 1602 4023 ταῖς
1628 3956 1751 4012 σὺν
1775 3956 1951 4028 αὐτῇ.

656 4047 809 4119 Ὅσῳ
849 4046 1230 4119 χαλεπώτερον
1276 4047 1337 4101 τὸ
1378 4050 1555 4119 κρῖμα
1602 4049 1894 4120 γεγένηται
1937 4051 2049 4113 τοῖς
2096 4048 2166 4104 τά

585 4140 810 4195 τοιαῦτα
852 4143 1297 4213 παρανομήσασι,
1329 4141 1570 4212 τοσούτῳ
1600 4141 1800 4196 πλείων
1839 4144 1967 4211 ὑμῖν
2012 4142 2165 4197 ἔσται

582 4233 614 4285 6
653 4231 863 4303 μισθὸς,
898 4235 1010 4296 τοῖς
1039 4233 1309 4296 τοσαύτας
1344 4233 1689 4304 παρανομίας
1715 4234 1862 4288 λύειν
1900 4236 2166 4291 ἐσπουδα-

585 4325 729 4389 κόσι,
760 4325 855 4378 καὶ
882 4324 1134 4379 τοσοῦτον
1174 4324 1641 4400 ἐπιδεικνυμένοις
1672 4326 1832 4379 πόνον
1859 4327 1951 4381 καὶ
1987 4329 2166 4400 κάμα-

582 4431 695 4470 τον.
728 4414 866 4470 Οὐδὲ
898 4413 1007 4486 γάρ
1038 4413 1226 4468 ἔλαθεν
1252 4417 1399 4486 ἡμᾶς
1436 4398 1538 4485 τῆς
1573 4416 1845 4487 ὑμετέρας
1876 4398 2167 4483 διαοέσεως

579 4507 618 4579 ἡ
655 4506 889 4574 εὐποιία,
915 4507 1009 4561 καὶ
1032 4508 1065 4578 ἡ
1098 4507 1323 4579 σπουδὴ,
1347 4507 1413 4579 ήν
1446 4510 1540 4562 καὶ
1566 4510 1646 4571 εἰς
1674 4508 1773 4581 τὴν
1801 4512 2164 4581 προκειμένην

580 4595 839 4653 ὑπόθεσιν
866 4595 1238 4662 ἐπεδείξασθε,
1272 4598 1367 4650 καὶ
1395 4600 1474 4662 εἰς
1496 4597 1593 4669 τὴν
1628 4599 2022 4672 φιλοφροσύνην
2058 4603 2164 4654 τῶν

582 4686 891 4760 παρ’ήμῶν
924 4688 1103 4740 ἐκεῖσε
1133 4686 1471 4757 ἀφιγμένων.
1513 4688 1604 4740 Διὸ
1639 4689 1733 4741 καὶ
1770 4692 1998 4759 χάριτας
2039 4692 2163 4761 ὑμῖν

582 4777 798 4849 ἔχομεν,
828 4778 922 4832 καὶ
959 4777 1388 4850 παρακαλοῦμεν
1432 4782 1499 4850 τῇ
1542 4781 1678 4852 αὐτῇ
1712 4782 1990 4852 ἐπιμένειν
2029 4802 2165 4855 προ-

581 4868 775 4939 θυμία,
804 4870 899 4922 καὶ
928 4871 1413 4942 ἐρρωμενεστέραν
1442 4871 1806 4938 ἐπιδείξασθαι
1830 4875 2074 4928 εὐτονίαν
2096 4894 2162 4929 »τε

584 4960 678 5013 καὶ
707 4961 975 5032 ἀνδρείαν.
1012 4964 1157 5015 ’Ίστε
1192 4962 1301 5034 γὰρ
1324 4963 1509 5035 ἡλίκον
1534 4964 1628 5018 τοῦ
1658 4966 2077 5036 κατορθώματος
2102 4969 2164 5022 τὸ

586 5056 836 5127 μέγεθος,
864 5058 959 5111 καὶ
995 5059 1118 5113 ὅσον
1145 5057 1385 5129 λήψεσθε
1414 5059 1505 5111 τὸν
1536 5059 1747 5129 μισθὸν,
1775 5061 2043 5132 τοσαύτην
2072 5080 2164 5115 τα-

585 5149 781 5220 ραχὴν,
806 5149 899 5201 καὶ
919 5148 1059 5203 οὕτω
1084 5150 1305 5221 κύματα
1335 5150 1521 5223 ἄγρια,
1552 5150 1614 5203 τό
1639 5168 1703 5220 γε
1727 5154 1805 5215 εἰς
1830 5153 1974 5222 ὑμᾶς
2004 5149 2158 5225 ἧκον,

581 5238 1064 5303 καταστέλλουσαι,
1108 5241 1203 5295 καὶ
1238 5242 1338 5311 τὴν
1378 5242 1760 5313 προσήκουσαν
1804 5245 1884 5307 εἰς
1927 5244 2022 5315 τήν
2057 5245 2163 5299 τῶν

576 5348 778 5403 γεγενη
787 5330 964 5403 μένων
996 5332 1183 5386 κακῶν
1217 5333 1567 5405 εἱσφέρούσαι
1588 5334 1893 5406 διόρθωσιν.

1150 5420 1281 5476 ΡΟ’.
1320 5422 1594 5493 Ἰταλικῇ.

662 5514 788 5568 Ἐπὶ
809 5513 908 5585 μὲν
933 5511 1042 5566 τῶν
1066 5510 1263 5577 ἔξωθεν
1285 5516 1646 5584 πραγμάτων,
1677 5515 1866 5587 ὥσπερ
1893 5520 1956 5589 τῇ
1981 5519 2159 5587 φύσει,

577 5607 722 5662 οὓτω
773 5607 869 5661 καὶ
917 5609 983 5677 τῇ
1024 5605 1220 5678 πράξει
1263 5605 1358 5659 καὶ
1397 5609 1464 5678 τῇ
1501 5610 1868 5679 μεταχειρίσει
1910 5611 2161 5683 διῄρηται

580 5698 753 5753 ταῦτα
792 5698 862 5752 τὰ
890 5697 1049 5768 γένη,
1094 5697 1235 5769 ἀνὴρ
1290 5695 1434 5766 λέγω
1472 5698 1566 5750 καὶ
1610 5701 1767 5770 γυνή.
1799 5702 1876 5773 Τῇ
1918 5702 2018 5774 μὲν
2049 5705 2160 5774 γὰρ

578 5785 850 5857 οἰκουρεῖν
887 5785 1213 5857 νενόμισται,
1244 5785 1322 5857 τῷ
1358 5786 1413 5839 δὲ
1454 5786 1563 5842 τῶν
1603 5788 1891 5847 πολιτικῶν
1923 5794 2014 5847 καὶ
2046 5794 2155 5849 τῶν

1317 357 1375 414 S.
1414 356 1696 413 JOANNIS
1735 352 2227 412 CHRYSOSTOMI
2268 350 2588 408 ARCIIIEP.
2629 347 3179 405 CONSTANTINOP.
3690 377 3765 432 τεο

2280 472 2337 523 ἐν
2360 473 2530 544 ἀγορᾷ
2549 476 2887 544 πραγμάτων
2916 477 3201 532 ἅπτεσθαι.
3232 479 3353 535 Ἐπὶ
3379 481 3434 536 δὲ
3460 483 3558 537 τῶν
3577 485 3652 538 τοῦ
3668 488 3766 542 Θεού

2274 560 2519 627 ἀγώνων,
2550 565 2642 616 καὶ
2673 565 2781 616 τῶν
2816 566 2844 618 ὐ
2854 566 2915 618 πε
2924 585 2952 636 ρ
2974 567 3073 637 τῆς
3100 568 3417 639 Ἐκκλησίας
3444 574 3603 629 πόνων
3620 578 3697 630 οὐκ
3714 579 3770 635 ἔνι

2272 655 2451 720 τοῦτο,
2488 655 2603 709 ἀλλ’
2627 656 2743 709 ἐστι
2774 659 2868 710 καὶ
2899 662 3131 726 γυναῖκα
3154 661 3341 729 ἀνδρὸς
3369 666 3770 744 ἐρρωμενέστεροι

2274 746 2380 800 τῶν
2421 746 2601 801 καλῶν
2643 748 2847 803 τούτων
2889 751 3211 820 ἀντέχεσθαι
3262 753 3479 822 ἀγώνων
3512 759 3593 811 καὶ
3622 760 3768 818 πόνον).

2273 838 2383 894 Καὶ
2410 839 2567 893 τοῦτο
2594 840 2767 911 δηλῶν
2805 843 2833 894 ὁ
2875 842 3087 908 Παῦλος
3119 846 3178 898 ἐν
3213 849 3276 917 τῇ
3310 847 3442 917 πρὸς
3479 848 3566 919 τὴν
3594 854 3773 922 πατρίδα

2272 932 2369 1003 τὴν
2398 932 2673 1005 ὑμετέραν
2710 934 2989 1006 ἐπιστολῇ,
3037 936 3235 1001 πολλάς
3268 939 3612 1011 ἀνακηρύττει
3637 948 3771 1010 γυναῖο

2273 1042 2395 1090 κας,
2412 1025 2587 1094 λέγων
2610 1026 2780 1091 αὐτὰς
2802 1029 2862 1080 οὐ
2886 1028 3056 1098 μικρὰ
3082 1031 3442 1100 πεπονηκέναι
3472 1033 3606 1103 ἐντῷ
3626 1036 3772 1106 ἄνδρας

2271 1116 2538 1186 διορθοῦν,
2569 1118 2662 1172 καὶ
2690 1121 2902 1188 ἐνάγειν
2931 1122 3023 1173 ἐπὶ
3055 1120 3121 1174 τά
3151 1122 3509 1192 προσήκοντα.
3547 1124 3678 1190 Τίνος
3692 1127 3771 1182 ἑνε-

2273 1225 2368 1262 κεν
2411 1209 2585 1264 ταῦτά
2620 1228 2795 1282 φημι;
2829 1212 2946 1265 ’Ὶνα
2985 1212 3058 1283 μή
3092 1213 3350 1285 νομίσητε
3381 1214 3636 1288 ἀλλότριον
3663 1218 3770 1287 ὐμῶν

2272 1295 2411 1354 εἶναι
2443 1301 2507 1354 τὸ
2535 1302 2635 1371 τῆς
2663 1303 2897 1374 σπουδῆς
2933 1303 3218 1364 ἅπτεσθαι.
3256 1305 3350 1358 καὶ
3380 1306 3487 1359 τῶν
3513 1306 3666 1361 πόνων
3697 1311 3770 1362 τῶν

2273 1393 2353 1456 είς
2412 1392 2509 1463 τὴν
2571 1394 3030 1465 ἐκκλησιαστικὴν
3080 1395 3364 1467 διόρθωσιν
3428 1398 3769 1462 συντελούντων,

2272 1483 2387 1537 ἀλλ’
2412 1484 2487 1548 ὡς
2510 1485 2717 1556 πρέπον
2743 1486 2870 1557 ὑμῖν
2899 1490 3035 1551 ἐστι,
3056 1487 3148 1540 καὶ
3173 1487 3242 1540 δι’
3272 1488 3496 1552 ἑαυτῶν,
3524 1490 3607 1544 καὶ
3628 1490 3680 1543 δι’
3698 1493 3773 1544 ἑτέ·

2275 1593 2404 1646 ρων,
2429 1573 2504 1630 ὧν
2530 1577 2596 1632 ἂν
2627 1573 2737 1632 οἶόν
2760 1596 2819 1631 τε
2851 1576 2908 1651 ᾖ,
2942 1580 3041 1649 τὴν
3079 1582 3463 1651 προσήκουσαν
3496 1582 3770 1652 είσενέγκητε

2275 1667 2532 1736 σπουδὴν,
2560 1670 2639 1730 είς
2674 1668 2732 1721 τὸ
2756 1668 2915 1722 λῦσαι
2950 1669 3047 1738 τὴν
3075 1669 3258 1740 κοινὴν
3292 1668 3459 1741 ζάλην
3485 1671 3570 1723 καὶ
3589 1672 3770 1741 ταραχὴν

2272 1755 2369 1826 τὴν
2421 1755 2518 1820 τὰς
2565 1756 2890 1828 Ἐκκλησίας
2936 1761 3034 1829 τῆς
3081 1759 3373 1829 Ἀνατολῆς
3416 1761 3769 1815 καταλαϐοῦσαν.

2274 1848 2422 1918 ”Οσῳ
2449 1848 2558 1917 γὰρ
2584 1849 2937 1919 χαλεπωτέρα
2969 1851 3189 1916 γέγονεν
3218 1852 3251 1921 ἡ
3294 1851 3452 1922 ζάλη,
3483 1853 3568 1905 καὶ
3604 1852 3771 1924 3195:;-

2274 1958 2364 2012 ρος
2424 1942 2453 1993 6
2511 1937 2739 2011 χειμὼν,
2798 1941 3034 2012 τοσούτῳ
3088 1943 3180 1996 καὶ
3224 1944 3355 2013 ύμῖν
3406 1943 3588 1997 πλείων
3612 1944 3769 1999 ἔσταιὸ

2274 2028 2485 2099 μισθὸς,
2508 2032 2626 2094 ταῖς
2658 2032 2837 2084 πάντα
2867 2031 3068 2101 πρᾶξαι
3096 2034 3188 2086 καὶ
3217 2033 3411 2087 παθεῖν
3435 2033 3768 2105 αίρουμέναιςι,

2272 2121 2412 2193 ὑπὲρ
2440 2121 2533 2174 τοῦ
2564 2123 2662 2191 τὴν
2691 2122 3145 2194 διαταραχθεῖσαν
3184 2126 3412 2195 εἰρήνην
3456 2129 3765 2194 ἐπαναγαγεῖν,

2272 2213 2365 2266 καὶ
2394 2214 2452 2265 ἐν
2485 2214 2816 2266 καταστάσει
2859 2218 2923 2286 τῇ
2950 2216 3302 2291 προσηκούσῃ
3339 2218 3618 2271 σπουδάσαι
3647 2235 3765 2271 κατα·

2273 2304 2466 2375 στῆσαι
2496 2304 2922 2376 διαταραχθέντα
2946 2307 3176 2361 ᾶπαντα.

2823 2400 2999 2455 POA'.
3029 2399 3282 2463 Μοντίῳ.

2342 2487 2538 2559 Πόρρω
2565 2487 2663 2555 μέν
2694 2506 2787 2542 σου
2812 2489 3098 2561 καθήμεθα
3125 2495 3190 2563 τῇ
3222 2492 3491 2563 παρουσίᾳ
3521 2492 3604 2545 τοῦ
3637 2491 3767 2561 σώμαι

2268 2595 2378 2643 τος,
2412 2580 2579 2648 ἐγγὺς
2616 2579 2672 2633 δέ
2709 2582 2773 2651 τῇ
2800 2580 3037 2634 διαθέσει
3078 2583 3176 2653 τῆς
3215 2582 3417 2653 ψυχῆς,
3453 2584 3542 2637 καὶ
3572 2582 3767 2652 σύνισμέν

2271 2686 2373 2737 σοι,
2400 2668 2552 2743 [698]
2584 2673 2679 2725 καὶ
2708 2673 3175 2743 συμπεπλέγμεθα
3205 2673 3329 2727 καθ’
3355 2676 3575 2745 ἑκάστην
3597 2673 3766 2745 ἡμέραν,

2268 2764 2360 2817 τὸν
2388 2764 2588 2835 θερμόν
2611 2782 2705 2818 σου
2738 2766 2865 2836 περὶ
2891 2767 3038 2837 ἡμᾶς
3058 2766 3255 2838 ἔρωτα,
3278 2768 3382 2838 τὴν
3405 2768 3686 2838 φιλοξενίαν,
3703 2765 3767 2833 τὴν

2271 2852 2686 2926 φιλοφροσύνην,
2721 2855 2818 2926 τὴν
2840 2855 3109 2927 τοσαύτην
3140 2858 3439 2935 θεραπείαν
3466 2861 3552 2912 καὶ
3579 2857 3766 2927 σπουδὴν,

2269 2945 2336 3016 ήν
2363 2945 2450 2998 διὰ
2490 2946 2704 2999 πάντων
2737 2948 3015 3013 ἐπεδείξω,
3051 2948 3173 3002 καθ’
3206 2951 3435 3015 ἐαυτούς
3464 2949 3767 3019 ἀναλογιζόμε-

2269 3052 2370 3100 νοι,
2408 3036 2504 3089 καὶ
2534 3036 2907 3107 ἐντρυφῶντες
2943 3042 3009 3109 τῇ
3062 3040 3249 3112 μνήμῃ
3298 3042 3403 3111 τῆς
3432 3042 3673 3111 εὐγενείας
3701 3040 3765 3110 τῆς

2272 3127 2391 3197 σῆς,
2432 3127 2525 3181 καὶ
2555 3131 2689 3200 πρὸς
2713 3130 2957 3194 ἅπαντας
2983 3131 3450 3203 ἀνακηρύττοντές
3477 3152 3561 3187 σου
3581 3135 3660 3204 τὴν
3678 3132 3765 3183 εἰλι-

2269 3219 2431 3289 κρινῆ
2453 3219 2713 3285 διάθεσιν,
2738 3221 2832 3275 καὶ
2856 3222 3004 3277 δόλον
3023 3224 3123 3277 οὐκ
3144 3224 3393 3296 ἔχουσαν.
3431 3227 3517 3280 Διὸ
3538 3227 3618 3281 καὶ
3638 3241 3763 3296 γραμ-

2272 3311 2460 3378 μάτων
2511 3309 2884 3382 ἐπιθυμοῦμεν
2918 3312 3017 3377 τῆς
3058 3314 3338 3383 εὐγενείας
3375 3318 3472 3388 τῆς
3500 3317 3604 3387 σῆς,
3633 3315 3703 3368 καί
3725 3329 3762 3364 σε

2269 3400 2690 3473 παρακαλοῦμεν
2738 3403 2976 3473 συνεχῶς
3023 3406 3159 3475 ἡμῖν
3215 3408 3562 3471 ἐπιστέλλειν,
3615 3408 3686 3459 καὶ
3721 3403 3761 3455 τὰ

2269 3495 2399 3564 περὶ
2430 3492 2531 3562 τῆς
2554 3493 2743 3561 ὑγείας
2776 3497 2875 3565 τῆς
2900 3495 2998 3565 σῆς
3023 3497 3489 3566 εὐαγγελίζεσθαι,
3524 3500 3600 3553 ἵνα
3631 3496 3699 3549 καὶ
3722 3497 3760 3547 ἐκ

2266 3584 2454 3637 τούτου
2492 3583 2692 3654 πολλὴν
2719 3586 3141 3657 καρπωσώμεθα
3167 3588 3267 3659 τὴν
3301 3590 3642 3660 παράκλησιν,
3674 3600 3761 3656 μαν-

2269 3675 2519 3738 θάνοντες
2566 3676 2634 3729 τά
2680 3678 2806 3748 περὶ
2852 3677 2952 3747 τῆς
3013 3678 3233 3751 ῥώσεως
3274 3684 3376 3754 τῆς
3402 3684 3516 3753 σῆς.
3554 3683 3673 3735 Πάνυ
3691 3676 3761 3745 γὰρ

2267 3769 2400 3839 ἡμῖν
2432 3766 2589 3820 τοῦτο
2618 3768 3085 3838 περισπούδαστον
3126 3771 3344 3826 εἰδέναι.
3380 3774 3469 3846 Μή
3495 3776 3647 3827 τοίνυν
3671 3771 3761 3823 ἁποο

2269 3860 2537 3930 στερήσῃς
2577 3860 2722 3928 ἡμᾶς
2753 3860 2959 3932 ταύτης
2984 3863 3083 3933 τῆς
3108 3864 3463 3937 εὐφροσύνης·
3511 3865 3609 3919 ἀλλ’
3631 3862 3762 3920 ὁσάκις

2268 3951 2334 4006 ἂν
2366 3951 2460 4021 ἐξῇ
2490 3950 2688 4024 γράφε,
2726 3950 2898 4006 ταῦτα
2924 3954 3410 4027 εὐαγγελιζόμενος
3430 3960 3477 4010 b.

2787 4043 2962 4099 POB'.
3002 4047 3317 4113 Ἑλλαδίῳ.

2352 4134 2538 4203 Ὀλίγα
2572 4135 2669 4205 μέν
2703 4152 2784 4189 σοι
2812 4140 3232 4208 συνεγενόμεθα,
3260 4140 3462 4210 πολλὴν
3491 4139 3544 4193 δὲ
3578 4138 3657 4206 τὴν
3683 4134 3761 4185 πεῖ-

2272 4225 2371 4296 ράν
2406 4243 2498 4281 σου
2532 4227 2633 4297 τῆς
2662 4228 2892 4298 γνησίας
2924 4229 3017 4282 καὶ
3044 4229 3250 4302 θερμῆς
3275 4233 3564 4304 εἰλήφαμεν
3585 4228 3759 4296 ἀγάπης.

2267 4317 2379 4370 Καὶ
2402 4316 2510 4388 γὰρ
2535 4320 2590 4371 αἱ
2613 4321 2855 4386 γενναῖαι
2883 4319 3055 4390 ψυχαὶ
3086 4323 3144 4373 ἐν
3175 4323 3369 4392 βραχεῖ
3397 4322 3560 4393 καιρῷ
3582 4320 3681 4379 τοὺς
3702 4317 3759 4365 ἐν·

2265 4409 2632 4479 τυγχάνοντας
2669 4412 2998 4482 χειροῦνται·
3035 4413 3100 4465 Ὃ
3132 4413 3195 4484 δὴ
3220 4414 3314 4467 καὶ
3354 4415 3509 4477 αὐτὸς
3533 4410 3760 4478 πεποίηκας

2265 4501 2325 4553 ἐν
2352 4501 2516 4571 ὀλίγῳ
2553 4504 2816 4574 σφοδροὺς
2852 4505 3001 4574 ήμοῖς
3037 4506 3268 4575 ποιήσας
3298 4507 3530 4577 ἐραστὰς
3552 4504 3633 4573 τῆς
3654 4500 3759 4565 εὐγε-

2265 4592 2415 4656 νείας
2461 4595 2558 4666 τῆς
2611 4595 2729 4664 σῆς.
2784 4595 2873 4648 Διὸ
2908 4596 3000 4649 καὶ¹
3034 4597 3438 4668 ἐπιστέλλομεν,
3474 4598 3559 4650 καὶ
3593 4593 3649 4647 τά
3678 4585 3757 4643 καθ’

2265 4686 2411 4754 ἡμᾶς
2443 4686 2642 4750 αὐτοὺς
2670 4687 2961 4759 δηλοῦμεν,
2995 4689 3077 4741 ὅτι
3114 4691 3170 4741 ἐν
3200 4690 3398 4762 ήσυχία
3433 4690 3519 4742 καὶ
3544 4689 3757 4756 ἀπραγμο-

2267 4776 2402 4847 σύνῃ
2433 4778 2695 4848 διάγομεν
2739 4780 2928 4851 πολλῇ,
2975 4782 3192 4835 πάντων
3228 4782 3375 4851 ἡμᾶς
3414 4780 3626 4834 ἐνταῦθα
3649 4776 3756 4842 Θερα-

2268 4870 2541 4923 πευόντων
2575 4872 2714 4941 μετὰ
2750 4874 3008 4944 σπουδῆς,
3048 4876 3142 4927 καὶ
3187 4876 3322 4945 μετὰ
3351 4875 3542 4945 πολλῆς
3575 4870 3754 4941 δρώντων

2262 4958 2365 5029 τῆς
2409 4960 2639 5024 εὐνοίας.
2674 4964 2768 5015 'lv‘
2802 4958 2894 5016 οὖν
2947 4964 3041 5017 καὶ
3078 4964 3148 5017 τά
3195 4966 3432 5036 ὑμέτερα
3475 4961 3752 5035 μανθάνοντες

2262 5053 2702 5125 εὐφραινώμεθα,
2758 5058 2994 5127 συνεχῶς
3038 5059 3169 5129 ἡμῖν
3218 5060 3537 5114 ἐπιστέλλειν
3577 5055 3639 5126 μὴ
3672 5063 3755 5103 κιτ⁸

2262 5146 2431 5209 όκνει,
2471 5148 2564 5201 καὶ
2605 5148 2673 5201 τά
2706 5151 2834 5219 περὶ
2872 5151 2970 5220 τῆς
3000 5152 3186 5220 ὑγείας
3214 5153 3311 5224 τῆς
3358 5153 3455 5222 σῆς
3488 5139 3755 5216 εὐαγγελίζεο

2265 5238 2408 5302 σθαι,
2452 5239 2539 5291 ἵνα
2576 5240 2669 5292 καὶ
2707 5243 2770 5293 ἐκ
2810 5241 3002 5295 τούτου
3042 5243 3239 5314 πολλὴν
3288 5236 3671 5315 καρπωςώμεθα
3690 5232 3754 5297 τὴν

2264 5330 2631 5403 παράκλησιν,
2675 5333 2899 5388 τοιαῦτα
2944 5335 3095 5407 παρά
3119 5337 3220 5407 τῆς
3251 5338 3349 5409 σῆς
3379 5332 3628 5405 εὐγενείας
3650 5320 3755 5391 δεχέο

2268 5441 2418 5493 μενοι
2448 5425 2777 5496 γράμματα..

2806 5522 2991 5575 P01".
3023 5521 3275 5588 Εὐηθίῳ.
3377 5501 3388 5509 ’

2333 5606 2397 5659 ΕΞ
2428 5605 2523 5659 καὶ
2544 5607 2620 5678 τῷ
2647 5607 2858 5679 σώματι
2890 5612 3272 5683 κεχωρίσμεθά
3297 5631 3384 5667 σου
3408 5612 3498 5684 τῆς
3524 5598 3752 5677 εὐγενείας,

2325 5742 2346 5811 τ
2381 5744 2485 5811 Duo
2510 5758 2624 5793 mas.
2649 5749 2804 5811 τοῖς...
2830 5753 3133 5811 αἱρουμένοις.

2329 5808 2356 5845 ι’
2380 5806 2490 5856 Duo
2510 5820 2620 5856 mss.
2649 5809 2797 5857 ταῦτα
2824 5806 2933 5873 ἡμίν
2958 5806 3374 5875 εὐαγγελιζόμενος.

3406 6206 3842 6352 *Α

3320 6356 3354 6366 -.
