1975 3217
79 181 138 209 ’109

78 239 191 273 quanto
203 236 311 271 gravius
326 242 383 269 eos,
400 234 445 270 qui
468 233 557 262 omnia
572 232 740 269 perturbant,
754 230 883 267 judicium

78 285 189 314 manet,
212 285 285 308 tanto
303 288 410 316 qttoque
429 280 514 315 majus
535 279 696 313 uberiusque
719 278 794 305 vobis
816 276 884 311 prii:-

78 329 172 356 mium
186 328 396 363 exspectandum
411 332 461 360 est,
477 326 520 361 qui
536 326 569 353 ad
580 333 621 357 ea,
636 333 695 360 qum
707 325 742 351 ab
753 324 811 351 aliis
827 331 885 350 sce-

80 373 174 400 lerate
194 380 225 400 ac
239 373 342 400 nefarie
369 372 485 399 admissa
505 376 577 402 sunt,
595 369 763 405 corrigenda,
784 373 885 396 tantntn

79 418 226 453 patientiae
248 418 381 453 studiique
395 417 563 444 adhibuistis.
579 416 666 451 Atque
681 416 780 442 utittattt
795 422 886 442 coram

79 473 197 500 quoque
212 465 348 491 vobiscum
362 463 488 498 congredi
504 470 654 497 possemus.
669 461 744 494 Quod
760 461 886 496 quoniam

80 511 167 537 nobis
184 510 269 537 exsilii
286 509 431 536 necessitas
444 508 551 540 ademit,
569 507 676 535 tandetn
691 507 833 541 aliquando
847 511 887 533 at-

80 563 140 590 que
155 563 227 590 :cgre
239 555 437 582 ornatissimum
454 561 484 580 ac
503 553 732 588 religiosi5sinutm
747 553 886 579 dominum

81 609 179 630 meum
192 601 377 637 presbyterum
393 601 425 628 ad
441 608 490 627 vos
513 600 726 635 proficiscentem
741 600 822 632 nacti,
837 599 887 626 has

82 648 181 675 literas
207 647 337 679 misimus,
361 647 457 681 quibus
479 646 596 673 debitum
622 646 698 672 vobis
721 645 887 672 salutationis

83 701 189 721 munus
204 693 353 727 pendimus,
372 700 403 720 ac
416 697 470 719 tum
486 700 534 727 pro
548 692 723 727 prmsentibus
737 691 832 719 vestris
849 691 889 718 of~

84 740 169 772 ﬁciis,
186 744 240 765 tum
257 747 305 773 pro
320 747 365 772 eo,
391 747 444 773 quo
471 739 598 773 llagratis,
624 738 823 765 sarciendorttm
850 738 889 765 in-

84 785 293 812 commodorum
307 785 376 818 zelo,
394 784 494 819 gratias
513 785 626 819 agimus.
648 784 713 811 Nam
734 784 784 811 etsi
804 784 888 810 nihilo

84 831 204 858 meliore
224 834 294 857 statu
307 837 349 857 res
364 835 406 857 est
419 840 426 857 :
441 835 528 857 tamen
544 830 605 865 ipsi,
628 829 698 864 qttod
713 829 830 856 tnuneris
845 836 889 855 ve-

85 877 138 904 stri
155 881 222 908 erat,
238 876 408 909 prmstitistis.
430 877 519 911 quue
540 875 649 902 nomine
663 875 741 909 plena
757 883 859 902 merces
874 883 888 902 a

86 922 206 957 benigno
218 922 272 948 Deo
283 922 357 948 vobis
370 922 512 949 constituta
525 916 616 954 e>t,‘nt
626 921 669 956 qui
681 921 714 947 ad
731 921 888 948 medicinam

86 968 217 995 admissis
234 968 382 995 sceleribus
403 967 564 995 ail‘crendam
580 971 652 994 tanto
666 967 755 994 studio
768 966 889 994 fervore-

86 1021 143 1048 qtte
158 1013 264 1040 assidue
278 1013 317 1040 usi
332 1014 403 1040 sitis.

88 1078 249 1106 CLXVIII.
275 1078 368 1107 Proba:
393 1084 517 1107 matrona:
546 1079 635 1107 Roma:
657 1079 765 1115 degenti.
792 1079 890 1115 (Anno

450 1127 511 1154 406.
523 1127 532 1162 )

126 1182 184 1209 Etsi
208 1182 287 1218 longo
311 1183 413 1210 itineris
438 1184 525 1218 spatio
539 1183 588 1210 abs
608 1188 633 1211 te
651 1183 801 1219 disjunclus
817 1192 887 1218 sum,

97 1234 190 1257 tamen
207 1230 340 1257 sinceram
361 1237 392 1257 ac
412 1230 559 1257 ferventem
578 1234 650 1257 tuam
669 1231 818 1263 caritatem,
837 1239 889 1258 non

91 1282 174 1302 secus
195 1282 226 1301 ae
247 1275 269 1301 si
284 1282 374 1301 coram
391 1282 489 1307 essem,
514 1280 612 1310 tuaque
629 1275 718 1302 omnia
740 1283 889 1308 cernerem,

89 1325 167 1349 certe
180 1325 307 1356 expertus
327 1328 397 1351 sum,
424 1320 457 1347 iis
480 1321 614 1353 nimirum,
629 1321 673 1356 qui
694 1321 770 1348 istinc
793 1321 826 1348 ad
842 1329 891 1348 tios

91 1366 213 1399 veniunt,
229 1373 259 1393 ea
272 1366 306 1393 de
322 1371 347 1393 te
361 1366 542 1400 alferentibus,
558 1374 617 1402 qua:
632 1366 723 1394 audire
738 1366 888 1399 cupiebam.

93 1412 184 1446 anue
210 1411 244 1439 de
264 1419 344 1439 causa
371 1412 467 1439 multas
486 1418 564 1447 atque
586 1413 706 1447 ingentes
731 1413 777 1440 tibi
793 1413 891 1447 gratias

92 1457 190 1490 habeo,
206 1463 287 1492 atque
302 1458 335 1485 ob
352 1458 430 1485 istuut
448 1462 521 1485 tttum
538 1459 655 1486 animum
669 1459 778 1494 glorior,
797 1467 891 1495 tneque

93 1504 176 1531 effero
198 1504 347 1539 :virosque
371 1505 437 1531 mihi
460 1505 613 1532 carissimos
629 1526 635 1537 ,
661 1505 891 1540 religiosissimum

93 1550 280 1585 presbyterum
306 1550 448 1582 Joannem,
474 1555 501 1578 ct
525 1551 724 1578 ornatissimum
748 1551 890 1578 diaconum

94 1596 205 1623 Paulum
223 1597 268 1624 tibi
288 1598 457 1630 commendo,
478 1601 557 1631 atqtte
581 1597 614 1624 ad
638 1602 696 1624 tuas
711 1605 805 1624 tnattns
819 1598 892 1625 velut

92 1642 126 1668 ad
143 1648 247 1676 portum
264 1642 426 1669 transmitte.
442 1642 497 1669 Abs
519 1646 545 1669 te
568 1642 655 1677 igitur,
673 1643 829 1677 cumprimis
845 1650 891 1670 ve-

94 1687 212 1714 nerantia
224 1691 250 1715 et
265 1687 429 1714 nobilissima
442 1687 547 1714 domina
560 1695 629 1720 mea,
642 1692 712 1722 peto,
726 1692 753 1714 ut
764 1689 893 1723 quemad-

93 1733 203 1760 modum
218 1733 407 1760 humanitatent
433 1737 503 1759 tuatn
519 1732 606 1765 decet,
631 1733 702 1767 ipsos
721 1733 820 1760 videas.
835 1734 893 1761 Seis

93 1779 166 1806 enim
180 1783 304 1813 quantam
325 1778 435 1813 hujusce
451 1778 583 1805 comitatis
603 1777 755 1805 mercedem
776 1778 892 1805 relatura

94 1824 143 1850 eis.
157 1824 195 1850 Ac
205 1832 283 1859 quam
295 1824 442 1857 saepissime
456 1823 554 1855 licebit,
564 1823 596 1849 de
608 1827 651 1849 tua
664 1823 824 1857 valetudine,
834 1831 893 1858 qua:

94 1869 238 1897 admodum
253 1869 330 1896 nobis
340 1877 412 1897 cura:
427 1873 478 1902 est,
494 1868 534 1896 fac
549 1876 592 1896 me
607 1869 759 1896 certiorem.

94 1936 219 1965 CLXIX.
241 1937 355 1964 Iuliana:
376 1942 399 1963 ct
418 1937 459 1968 iis,
483 1944 539 1971 qua:
560 1944 617 1962 cum
637 1936 692 1971 ipsa
713 1937 893 1970 sunt.(Anno

455 1982 516 2009 406.
524 1983 533 2016 )

130 2038 190 2071 Quo
203 2039 324 2073 graviore
338 2046 414 2072 paena
445 2038 564 2065 tnulctati
588 2043 659 2070 sttnt,
674 2038 717 2072 qui
737 2043 775 2065 tot
790 2038 891 2065 scelera

95 2088 294 2119 perpeti-urunt,
309 2092 341 2111 eo
355 2092 459 2118 quoque
474 2084 560 2115 vobis,
577 2084 621 2118 qtti
635 2088 672 2110 tot
685 2084 785 2111 scelera
800 2084 890 2111 delere

95 2130 244 2161 studuistis,
261 2134 420 2164 tantttmqtte
442 2129 541 2156 laboris
558 2134 585 2156 et
606 2138 731 2157 mt'umnat
747 2130 889 2165 suscipitis,

95 2176 209 2211 amplior
221 2184 324 2203 merces
335 2176 422 2203 futura
438 2180 488 2203 est.
503 2175 593 2210 Neque
606 2176 676 2202 enim
692 2176 768 2203 nobis
779 2176 891 2203 obscura

96 2221 145 2248 fuit
159 2228 190 2248 ea
211 2221 396 2252 beneficentia,
411 2220 489 2255 idque
505 2220 632 2253 stnditun,
645 2221 714 2255 quod
730 2225 756 2247 et
771 2222 796 2247 in
812 2229 892 2256 nego—

96 2267 144 2299 tio,
157 2266 190 2293 de
205 2274 257 2301 quo
271 2266 366 2301 agitur,
382 2271 408 2293 et
424 2266 448 2292 iu
461 2266 627 2300 excipiendis
642 2266 808 2300 benigneque
819 2274 892 2293 com-

96 2311 245 2346 plectendis
259 2312 302 2345 iis,
317 2320 384 2346 quos
409 2311 476 2338 istttc
499 2311 631 2343 misimus,
652 2311 823 2345 pra‘stitistis.
838 2312 892 2338 Eo-

96 2366 150 2393 que
165 2357 271 2384 nomine
286 2357 384 2392 gratias
398 2357 475 2384 vobis
496 2356 635 2389 habemus,
653 2364 753 2390 vosque
768 2364 892 2392 rogamus

97 2409 126 2430 nt
141 2403 167 2430 in
181 2403 275 2430 eodem
288 2403 376 2430 studio
391 2408 418 2430 ct
438 2403 573 2430 alacritate
590 2403 766 2437 permaneatis
781 2423 788 2435 ,
803 2411 834 2430 ac
848 2402 893 2430 lir-

96 2449 167 2476 mius
181 2449 259 2476 etiam
278 2449 358 2476 animi
380 2449 464 2476 robur
478 2453 505 2476 et
528 2448 708 2476 fortitudinem
733 2448 891 2476 adhibeatis.

97 2496 189 2531 Neque
204 2497 276 2524 enim
294 2504 340 2523 vos
361 2496 436 2531 fugit,
451 2501 550 2531 quanta
565 2495 674 2530 hujusce
689 2496 808 2530 pra-clari
831 2496 892 2522 facti

97 2543 254 2577 magnitudo
277 2544 322 2576 sit,
343 2548 523 2578 quantamque
551 2542 699 2569 mercedum
730 2547 892 2576 perceptum

98 2590 166 2620 sitis,
182 2593 268 2616 tantos
282 2595 379 2621 motus,
396 2596 427 2616 ac
443 2594 495 2615 tam
511 2596 595 2614 sumis
610 2588 714 2619 fluctus,
728 2593 854 2622 quantum
867 2588 892 2614 in

96 2635 174 2661 Vobis
186 2639 239 2667 est,
259 2639 470 2669 compescentcs,
490 2642 610 2668 eatuque.
628 2642 705 2668 quant
721 2641 767 2667 par
782 2638 831 2665 est,
850 2640 892 2659 ac-

97 2680 182 2716 ecptis
196 2680 371 2707 incommodis
385 2679 543 2707 medicinam
555 2679 704 2705 afferentes.

285 2746 391 2775 CLXX.
409 2746 516 2774 Italica}.
533 2746 621 2782 (Anno
636 2745 709 2780 406.)

134 2814 163 2840 In
182 2814 301 2842 exlernis
323 2814 455 2849 negotiis,
475 2818 506 2841 ut
526 2817 630 2846 natura,
645 2812 680 2840 ita
692 2812 771 2839 etiam
789 2811 893 2838 aclione

97 2865 179 2894 atque
199 2859 429 2888 administratione
444 2860 562 2887 distincti
586 2863 647 2887 sunt
664 2858 689 2884 hi
711 2865 799 2889 sexus,
816 2857 894 2883 nimi-

102 2912 163 2932 rum
173 2905 213 2931 vir
232 2909 258 2932 et
275 2906 380 2934 mulier.
408 2906 452 2934 Sic
476 2905 547 2933 enim
571 2904 689 2932 moribus
711 2907 891 2938 comparatum

817 173 1007 202 EPISTOLE.

1688 176 1740 205 710

940 235 991 264 est,
1009 234 1036 257 ιιι
1061 230 1158 258 mulier
1171 231 1243 258 domi
1264 239 1292 259 se
1312 236 1410 265 teneat,
1427 232 1466 260 vir
1483 237 1572 262 autem
1587 234 1691 270 publica
1708 242 1737 265 et

941 275 1056 303 forensia
1071 277 1174 311 negotia
1186 277 1323 311 suscipiat.
1338 279 1372 304 At
1386 278 1411 305 in
1423 278 1519 306 divinis
1532 280 1736 314 certaminibus,
1765 312 1772 317 I

941 322 1025 357 iisque
1041 323 1184 356 laboribus,
1199 324 1243 358 qui
1258 322 1386 351 Ecclesim
1408 332 1488 352 causa
1509 325 1665 358 subeuntur,
1686 326 1737 354 ltoe

941 368 1028 395 locum
1043 376 1093 395 non
1110 368 1187 395 habet
1209 377 1321 395 :verutn
1343 369 1398 396 fieri
1424 374 1519 404 potest,
1535 375 1562 397 ιιι
1587 370 1684 398 femina
1711 372 1738 399 in

942 413 1078 447 prmelaris
1097 413 1137 440 his
1151 414 1341 441 certaminibus
1361 414 1548 450 laboribusque
1566 417 1741 451 capessendis

941 459 1026 485 virum
1040 467 1145 493 qttoque
1170 460 1324 487 fortitudine
1340 466 1456 495 superet.
1479 461 1553 494 Quod
1566 463 1646 489 etiam
1670 463 1741 489 iudi«

941 513 1006 532 cans
1019 506 1116 533 Paulus
1132 506 1156 533 itt
1170 514 1200 533 ea
1215 507 1336 541 epistula,
1354 515 1433 543 quant
1449 508 1481 535 ad
1497 510 1608 543 patriam
1623 515 1738 537 vestram

942 552 1059 587 scripsit,
1071 553 1224 587 complttres
1238 553 1350 580 feminas
1369 554 1541 588 amplissimis
1563 556 1684 583 laudibus
1697 557 1737 583 ef-

943 598 1003 632 fert,
1022 599 1092 633 ipsas
1106 599 1230 626 nimirum
1245 599 1315 627 haud
1331 608 1424 634 parum
1445 601 1471 627 in
1489 609 1521 628 eo
1534 602 1685 629 elaborasse
1696 611 1739 629 ns-

942 652 1046 676 serens,
1062 650 1090 671 ut
1115 645 1184 671 viros
1200 645 1280 672 etiam
1296 646 1461 680 corriget-ent
1475 652 1554 681 atque
1573 647 1605 674 ad
1621 647 1738 675 officium

942 695 1099 716 revocarent
1114 690 1201 725 (Rom.
1218 691 1276 725 alt).
1290 691 1422 724 Quorsum
1442 696 1531 719 autem
1553 692 1610 719 luce
1621 700 1740 720 comme-

942 736 1037 762 moro?
1052 735 1153 770 Nempe
1169 743 1201 763 ne
1216 736 1333 763 alienum
1355 736 1431 764 vobis
1446 737 1603 764 existimetis
1621 739 1739 765 studium

942 780 1018 813 illud,
1035 789 1066 808 ac
1081 782 1185 808 labores
1200 790 1246 809 eos
1260 782 1399 817 attingere,
1416 791 1475 817 quae
1494 783 1527 809 ad
1542 784 1737 811 ecclesiastica-

942 835 1000 854 rum
1013 836 1102 855 rcrttm
1119 829 1330 856 emendationem
1343 829 1495 856 conducunt
1510 839 1516 857 :
1528 838 1619 857 verum
1633 831 1737 866 etquod

943 873 1056 907 pritnum
1071 879 1121 906 est,
1139 882 1186 909 per
1202 883 1247 901 vos
1262 875 1343 909 ipsos,
1358 879 1384 901 et
1399 882 1446 909 per
1456 875 1521 902 alios
1534 884 1646 910 quorttm
1658 884 1740 911 opera

943 919 979 944 uti
996 919 1085 945 licebit
1099 919 1131 946 ad
1153 919 1298 946 sedandam
1318 913 1485 947 communem
1505 925 1689 956 tempestatem
1702 929 1735 950 ac

943 965 1179 998 perturbationem,
1205 966 1229 992 in
1252 973 1330 1000 quain
1350 965 1466 992 Orientis
1487 966 1612 993 Ecclesia:
1638 967 1741 995 incide-

939 1015 1013 1042 runt,
1027 1018 1085 1038 eam
1097 1019 1176 1045 quant
1190 1012 1314 1038 convenit
1327 1020 1418 1039 curam
1437 1019 1468 1039 ac
1485 1012 1649 1047 diligentiam
1663 1013 1739 1040 adhi-

943 1057 1034 1084 beatis.
1050 1056 1115 1084 Nam
1127 1065 1179 1091 quo
1194 1058 1311 1085 atrocior
1328 1062 1471 1093 tempestas
1486 1063 1513 1086 et
1526 1059 1661 1093 graviores
1675 1065 1736 1092 pro-

943 1103 1018 1129 cell:e
1032 1103 1201 1136 astiterunt,
1222 1111 1254 1130 eo
1269 1112 1373 1138 quoque
1388 1104 1474 1139 major
1488 1112 1591 1132 merces
1605 1105 1681 1132 vobis
1690 1109 1734 1129 re-

944 1147 1054 1180 feretur,
1071 1149 1103 1181 si,
1119 1154 1147 1176 ttt
1171 1150 1302 1176 turbatam
1322 1157 1414 1183 pacetn
1435 1150 1566 1176 reducatis
1578 1170 1585 1182 ,
1607 1150 1671 1177 nihil
1687 1157 1739 1177 non

943 1201 1022 1228 agerc
1038 1202 1068 1221 ae
1084 1196 1184 1229 perpeti
1198 1196 1223 1221 in
1245 1195 1362 1221 animum
1384 1195 1524 1227 inducatis,
1540 1195 1682 1230 omniaque
1697 1203 1740 1229 ea,

943 1248 1002 1274 qua:
1025 1241 1177 1274 perturbata
1202 1244 1272 1273 sunt,
1300 1241 1326 1267 in
1345 1241 1501 1275 congruenti
1523 1245 1593 1268 statu
1608 1241 1741 1269 collocare

943 1285 1083 1312 studeatis.

1029 1330 1150 1358 CLXXI.
1169 1331 1278 1358 Montio.
1295 1331 1356 1368 (Ab
1370 1339 1440 1359 anno
1455 1333 1507 1360 404
1522 1332 1555 1360 ad
1570 1333 1655 1369 407.)

979 1397 1035 1425 Etsi
1053 1398 1142 1432 procul
1162 1406 1176 1425 a
1197 1402 1222 1425 te
1236 1406 1348 1433 corpore
1371 1403 1491 1425 somotus
1511 1406 1569 1425 smn
1582 1419 1590 1431 ,
1613 1403 1640 1425 at
1659 1399 1741 1427 animi

945 1448 1032 1470 tamen
1049 1443 1144 1470 affectu
1159 1451 1251 1479 prope,
1268 1448 1411 1478 tecumque
1424 1444 1543 1478 quotidie
1559 1453 1659 1476 versor,
1674 1452 1705 1472 ac
1716 1449 1742 1472 to

943 1489 1100 1523 amplector,
1111 1490 1236 1516 nimirum
1247 1490 1384 1517 ardentem
1395 1495 1469 1517 tuutn
1478 1498 1540 1525 erga
1556 1498 1598 1518 tne
1609 1499 1740 1524 amorem,

944 1536 1168 1571 hospitalitatem,
1188 1537 1341 1564 comitatem
1357 1557 1364 1569 ,
1387 1537 1521 1571 ingentem
1543 1537 1740 1565 observantiam

944 1587 1023 1617 atque
1036 1582 1162 1615 studium,
1179 1582 1250 1617 quod
1266 1582 1330 1609 mihi
1346 1590 1452 1617 semper
1465 1583 1621 1617 pratstitisli,
1636 1591 1741 1612 mecum

944 1633 1081 1663 reputans,
1101 1629 1190 1663 tuique
1207 1628 1362 1655 memoriam
1377 1636 1423 1663 pro
1439 1629 1541 1657 deliciis
1557 1629 1668 1663 habens,
1684 1631 1741 1657 siu-

944 1682 1086 1709 coramque
1102 1675 1313 1702 benevolentiam
1328 1683 1359 1702 ac
1374 1675 1427 1702 doli
1444 1680 1583 1710 expertem
1597 1676 1666 1711 apud
1681 1684 1741 1703 om-

944 1728 991 1747 nes
1005 1720 1163 1754 praedicans.
1179 1721 1269 1755 anue
1282 1721 1316 1748 de
1329 1729 1409 1748 causa
1424 1721 1559 1748 literarum
1576 1726 1679 1750 tuarum
1693 1723 1742 1751 de-

944 1768 1042 1795 siderio
1056 1772 1165 1795 teneor:
1179 1773 1256 1802 teque
1269 1775 1344 1802 rogo,
1360 1772 1389 1795 ut
1401 1776 1479 1802 qttatn
1493 1769 1640 1803 sazpissimc
1653 1770 1684 1796 ad
1699 1778 1743 1798 tne

945 1814 1056 1845 scribas,
1073 1821 1168 1847 meque
1184 1813 1217 1840 de
1238 1818 1281 1839 tua
1299 1813 1452 1840 valetudine
1472 1814 1614 1841 certiorem
1638 1814 1717 1842 facias
1733 1823 1741 1842 :

945 1867 997 1893 qtto
1013 1860 1146 1895 ingentem
1163 1859 1224 1886 hinc
1237 1858 1447 1886 consolationem
1463 1860 1576 1894 capiant,
1588 1860 1622 1887 de
1638 1862 1740 1889 valetu-

945 1904 1014 1931 dinis
1029 1909 1080 1931 tua:
1095 1904 1219 1931 firmitate
1229 1925 1237 1936 ,
1254 1912 1312 1939 quze
1327 1904 1391 1931 mihi
1405 1912 1516 1931 summm
1530 1912 1601 1932 cura:
1615 1911 1656 1932 est
1667 1927 1674 1938 ,
1689 1907 1741 1934 ali-

945 1950 1008 1985 quid
1030 1950 1161 1977 cdiscens.
1178 1950 1265 1983 Quare
1287 1957 1321 1976 ne
1335 1957 1377 1976 tne
1389 1971 1396 1981 ,
1413 1958 1503 1984 qua‘so
1514 1971 1521 1983 ,
1539 1950 1587 1977 hac
1605 1952 1741 1986 voluptate

946 2005 1037 2024 carere
1057 1997 1129 2024 sinas
1146 2005 1152 2023 :
1169 2004 1260 2024 verum
1285 1996 1390 2031 quoties
1414 1997 1525 2024 facultas
1548 1997 1664 2033 dabitur,
1685 2001 1744 2028 hac

945 2042 1043 2076 scribe,
1059 2042 1172 2077 laetoque
1186 2042 1279 2069 nuntio
1291 2049 1339 2069 nos
1351 2042 1480 2069 exhilara.

1043 2122 1182 2150 CLXXII.
1200 2122 1330 2150 Ilellndio.
1346 2123 1470 2159 (Cueuso
1484 2131 1555 2151 anno
1567 2125 1643 2161 404.)

981 2191 1082 2225 Exigua
1097 2190 1161 2218 ntibi
1177 2195 1263 2217 tecum
1278 2190 1408 2217 hactenus
1423 2191 1587 2218 consuetudo
1601 2191 1650 2218 fuit
1663 2213 1669 2224 ,
1685 2199 1743 2219 ma-

944 2244 1025 2272 gnum
1038 2241 1126 2263 tamen
1135 2236 1231 2262 sinceri
1244 2235 1280 2262 tui
1291 2239 1370 2269 atque
1381 2235 1501 2262 ardentis
1513 2243 1575 2270 erga
1587 2244 1629 2263 me
1642 2241 1741 2266 amoris

945 2282 1159 2317 experimentum
1178 2280 1248 2315 cepi.
1264 2280 1368 2307 Etenim
1392 2287 1530 2315 generosa:
1550 2281 1647 2309 anima:
1666 2283 1738 2311 brevi

946 2333 1066 2363 tempore
1086 2335 1132 2355 eos
1146 2348 1153 2360 ,
1171 2327 1215 2362 qui
1236 2326 1269 2354 ad
1289 2334 1318 2354 se
1336 2326 1452 2358 adeunt,
1467 2326 1517 2354 sibi
1532 2326 1688 2356 devinciunt.
1705 2327 1732 2352 id

946 2374 1004 2408 ipse
1019 2381 1124 2407 qttoque
1138 2372 1223 2400 fecisti
1238 2393 1244 2404 ,
1261 2376 1290 2399 ut
1303 2372 1348 2407 qui
1364 2371 1436 2398 brevi
1452 2377 1569 2406 tempore
1583 2378 1631 2400 tam
1645 2377 1726 2398 aerem

947 2420 982 2446 tui
1000 2427 1118 2446 antorem
1139 2418 1203 2445 inibi
1219 2418 1349 2445 attuleris.
1367 2417 1407 2444 Ob
1422 2425 1533 2453 eamque
1546 2424 1642 2445 causam
1655 2413 1686 2438 ad
1700 2417 1724 2437 lc

946 2465 1051 2497 scribo,
1074 2472 1215 2499 rerutttque
1239 2472 1358 2491 ntearutn
1381 2468 1478 2491 statum
1496 2470 1606 2498 expono,
1628 2464 1721 2488 nempe

945 2511 1016 2547 quod
1032 2512 1057 2538 in
1073 2518 1167 2546 magna
1181 2511 1270 2545 quiete
1289 2515 1368 2545 atque
1387 2511 1441 2537 otio
1453 2510 1555 2544 degant,
1571 2507 1656 2534 meque
1672 2500 1716 2529 hic

947 2565 1038 2584 omnes
1054 2558 1194 2591 diligenter
1210 2565 1239 2582 ac
1255 2557 1373 2582 studiose
1389 2551 1632 2591 colant,_Ittit-""“"’l"c
1653 2552 1713 2573 9”“!

1320 2623 1321 2627 η
1338 2602 1369 2629 Ut
1383 2603 1453 2635 igitur
1595 2596 1643 2621 ¹Ι¹¹υ

1324 2596 1500 2686 scribetil
1598 2632 1642 2686 :5”

946 2697 1013 2723 sime
1025 2716 1031 2727 ,
1050 2702 1080 2721 ac
1094 2694 1126 2721 de
1141 2699 1183 2720 tua
1198 2694 1342 2720 vah-tudine
1361 2686 1495 2734 mw
1596 2686 1646 2734 [ο

945 2741 1055 2800 ςιθἫ
1135 2740 1244 2766 ‘vlstnodi
1261 2739 1323 2765 enim
1342 2734 1470 2800 litt,
1570 2734 1625 2800 Ῑ

947 2795 994 2800 nm.
1181 2786 1279 2800 ,ιηςςηηη
1291 2777 1374 2800 qﬂit‘fUr

946 2800 978 2823 ὅτε
1036 2800 1055 2836 ι
1182 2800 1277 2812 uatum
1290 2800 1335 2806 ut...
1345 2826 1352 2832 ν

961 2800 1033 2868 ι
1198 2860 1203 2866 .
1217 2836 1312 2866 Evt/Illo.
1324 2800 1428 2868 (ί.
1554 2800 1606 2868 1

489 2868 562 2887 ιιιιριι
586 2868 647 2887 sunt
664 2868 689 2884 nt
711 2868 799 2889 sexus,
817 2868 894 2883 ttttttt-
1605 2893 1608 2898 Ι

486 2905 547 2933 mim
571 2904 689 2932 moribus
711 2907 891 2938 comparatum
1035 2899 1060 2934 _'
1196 2899 1246 2935 pro
1261 2888 1322 2914 Γε¹¹¹⁰
1593 2888 1632 2911 l-m

1621 3091 1632 3106 Ἰ

1593 2888 1662 2911 tam
