3950 6374
510 330 605 388 7η

504 462 627 501 cum
667 447 846 502 animo
886 451 981 501 tuo
1021 443 1297 500 devinctus
1338 456 1477 497 sum.
1509 441 1824 512 Hujusmodi
1849 442 2099 500 videlicet

502 536 752 591 amicitiai
808 535 1030 611 pignora
1077 534 1231 589 nobis
1258 533 1527 603 injecisti,
1571 533 1698 589 dum
1739 542 1939 590 tantam
1969 549 2096 606 erga

507 642 593 681 me
622 626 1013 682 observantiam
1041 639 1102 680 ac
1128 624 1553 679 benevolentiam
1574 624 1693 680 istic
1709 639 1818 695 prae
1839 635 1890 679 te
1910 625 2094 680 tulisti.

505 717 629 774 Ideo
666 731 1055 787 quemcumque
1093 716 1146 770 in
1185 715 1359 770 locum
1387 716 1706 771 accesserim
1732 757 1747 783 ,
1779 716 1979 786 gratias
2002 717 2099 773 tibi

499 827 660 882 agere
687 811 909 866 minime
939 810 1251 865 intermitto.
1285 807 1362 864 Ac
1388 816 1440 863 te
1465 823 1614 879 rogo,
1643 816 1700 863 ut
1724 808 1790 864 ad
1821 823 1905 863 me
1933 824 2095 879 quam

498 902 796 971 Saepissime
839 901 954 971 ipse
980 914 1193 972 quoque
1234 901 1456 965 scribas,
1487 915 1552 955 ac
1580 899 1649 955 de
1675 910 1761 954 tua
1792 899 2098 955 valetudine

498 1007 585 1047 me
631 991 795 1046 facias
823 992 1127 1048 certiorem.
1160 992 1273 1062 Ego
1316 992 1458 1047 enim
1485 1033 1501 1059 ,
1529 992 1613 1046 via
1641 992 1785 1046 omni
1812 991 2098 1062 tranquille

497 1100 562 1141 ac
593 1095 709 1141 tuto
753 1085 982 1142 decursa
1005 1125 1021 1152 ,
1064 1084 1260 1141 Cucusi
1296 1084 1433 1155 dego
1456 1125 1472 1150 ,
1521 1084 1622 1140 loci
1665 1086 1898 1155 quietem
1934 1095 2097 1155 atque

1232 327 1289 383 S.
1328 324 1607 383 JOANNIS
1643 324 2117 383 CllRYSOS’l‘OZlﬂ
2155 326 2474 388 ARClllEP.
2517 332 3053 397 CONSTANTINOP.

3708 351 3802 415 τη

2208 446 2377 539 otium
2406 463 2505 520 pro
2532 450 2735 508 deliciis
2777 453 3017 525 habens,
3049 468 3208 533 atque
3247 463 3522 536 ingentem
3564 478 3804 539 omnium

2205 537 2601 639 observantiam
2647 554 2702 601 et
2746 546 3176 608 benevolentiam
3216 557 3486 616 obtinens.
3538 561 3608 623 Ut
3649 537 3805 639 igitur

2207 630 2511 689 valetudine
2533 649 2746 705 quoque
2767 648 2855 692 tua
2877 641 3088 712 cognita
3118 643 3354 702 laetitiam
3383 630 3709 724 concipiam,
3728 661 3794 716 da

2205 736 2445 794 operam,
2474 733 2534 780 ut
2559 727 2808 797 crebras,
2831 730 2939 786 imo
2962 735 3206 791 assiduas
3232 738 3443 810 literas,
3471 760 3593 815 quae
3615 747 3687 804 de
3713 760 3799 811 tua

2205 817 2470 888 totiusque
2488 820 2681 877 domus
2702 830 2807 877 tuae
2833 824 3138 884 valetudine
3168 833 3433 901 nuntient,
3460 836 3529 894 ad
3557 853 3657 895 nos
3678 845 3799 898 mit.

2205 917 2307 966 tas.
2349 911 2484 969 illnc
2521 913 2664 969 enim
2715 916 3100 989 amplissimam
3147 924 3569 985 consolationem
3621 935 3797 1003 perci-

2202 1017 2428 1074 ptemus.

1360 1301 1907 1387 EJUSDEM
1965 1303 2546 1391 EPISTOL/E
2587 1308 2965 1399 LXVIII

1896 1495 1983 1541 All
2020 1496 2348 1543 DIVERSOS.

500 1634 733 1691 Primum
760 1633 814 1687 in
844 1632 1006 1688 lucem
1025 1629 1174 1687 edite
1199 1644 1333 1683 anno
1356 1626 1495 1684 l6l5
1512 1668 1528 1693 ,
1555 1642 1617 1681 ea;
1645 1622 2548 1719 codicneAﬂi-toerp‘iuni
2567 1626 2760 1689 Societ.
2790 1631 2939 1704 Iesu,
2959 1636 3248 1701 Flemus
3272 1645 3494 1719 Ducat),
3524 1650 3789 1716 Sadalam

1769 1695 1800 1749 J
1808 1713 1895 1750 esu
1925 1696 2178 1770 tlteologo,
2204 1695 2492 1771 interprete.

1968 1857 2339 1913 mw

491 1997 792 2058 CLXXIV.
823 1994 1093 2069 Episcopis
1112 2038 1127 2062 ,
1161 1996 1496 2066 presbyteris,
1539 2001 1586 2047 et
1624 1990 1851 2045 diaconis
1877 1988 2091 2045 Chalce-

560 2091 691 2145 done
708 2089 937 2145 inclusis.
960 2087 1221 2158 (Scripta,
1249 2096 1306 2142 ut
1321 2095 1561 2158 putatur,
1587 2099 1709 2140 cum
1738 2082 2002 2140 Cucusum
2031 2079 2087 2135 in

559 2181 805 2238 exsilium
836 2188 1104 2250 pergeret,
1133 2194 1276 2233 anno
1303 2178 1456 2246 404.)

558 2272 708 2328 Beati
736 2286 831 2327 vos
858 2281 914 2327 et
938 2270 1011 2326 ob
1038 2270 1268 2336 vincula,
1297 2275 1354 2323 et
1377 2269 1447 2324 ob
1473 2267 1710 2322 animum
1735 2280 1843 2337 quo
1872 2263 2086 2320 vincula

487 2370 765 2437 toleratis,
795 2378 850 2424 et
888 2368 943 2422 in
985 2367 1067 2423 his
1094 2366 1402 2436 apostolicae.
1444 2362 1766 2419 fortitudinis
1809 2361 2084 2431 specimen

487 2459 757 2515 exhibetis
786 2479 801 2513 :
829 2456 1256 2529 quandoquidem
1288 2455 1362 2509 illi
1389 2455 1549 2509 etiam
1581 2454 1709 2508 dum
1740 2452 2083 2523 flagellaren-

488 2563 607 2617 tur,
635 2558 959 2606 vexarentur
977 2589 992 2615 ,
1023 2563 1086 2602 ac
1109 2547 1470 2612 vincirentur,
1501 2544 1615 2599 haec
1642 2544 1807 2599 multa
1832 2557 1952 2596 cum
1984 2557 2083 2596 vo-

486 2643 689 2712 luptate
735 2640 1072 2706 tolerabant;
1115 2652 1290 2708 neque
1333 2652 1460 2692 vero
1506 2645 1709 2692 tantum
1753 2634 1919 2690 multa
1958 2647 2081 2688 cum

486 2735 757 2804 voluptate
786 2732 1123 2796 tolerabant,
1171 2730 1265 2786 sed
1309 2730 1471 2786 etiam
1511 2730 1636 2784 dum
1675 2728 1880 2783 catenis
1917 2726 2081 2781 vincti

484 2832 685 2889 essent,
714 2839 813 2878 suo
841 2837 1062 2877 munere
1092 2820 1464 2891 fungebantur,
1497 2828 1551 2874 et
1581 2820 1646 2873 de
1676 2827 1789 2873 toto
1817 2826 2079 2872 terrarum

480 2916 611 2972 orbe
635 2914 848 2970 solliciti
870 2923 1042 2969 erant.
1073 2911 1332 2982 Quocirca
1359 2920 1590 2965 vestram
1616 2910 1776 2963 etiam
1801 2908 2077 2965 caritatem

478 3025 597 3076 oro,
632 3017 689 3062 ut
719 3022 787 3063 ne
814 3006 1012 3062 idcirco
1038 3005 1219 3059 animo
1246 3001 1540 3058 concidatis
1561 3044 1575 3069 ,
1607 3000 1701 3056 sed
1730 3009 1930 3072 quanto
1958 3015 2077 3056 ma-

479 3100 650 3170 jorem
682 3097 833 3151 vobis
878 3094 1090 3151 sentitis
1131 3093 1299 3164 inﬂigi
1335 3091 1576 3147 dolorem
1604 3104 1668 3146 ex
1698 3091 1762 3145 iis
1788 3106 1907 3161 qua:
1938 3091 2078 3160 pati-

479 3187 633 3254 mini,
667 3197 814 3242 tauto
854 3187 1014 3240 etiam
1054 3185 1310 3252 majorem
1342 3183 1505 3236 animi
1533 3182 1861 3239 alacritatem
1890 3190 2077 3237 osten-

474 3280 608 3344 dite,
627 3294 829 3348 vosque
849 3276 1072 3347 singulis
1091 3275 1280 3330 diebus
1298 3273 1659 3328 Ecclesiarum
1680 3287 1863 3326 curam
1882 3271 2074 3343 gerite,

477 3387 598 3440 qua:
627 3370 679 3423 in
712 3377 825 3423 toto
851 3375 976 3422 sunt
1001 3366 1133 3423 orbe
1163 3374 1450 3431 terrarum,
1481 3374 1537 3416 ut
1563 3363 1890 3418 conveniens
1919 3362 2077 3419 malis

480 3460 773 3516 remedium
804 3457 1141 3524 adhibeatur,
1189 3468 1363 3525 neque
1404 3453 1605 3510 idcirco
1647 3453 1946 3509 reddamini
1984 3469 2073 3510 se-

477 3555 692 3624 gniores
716 3594 731 3619 ,
762 3551 904 3623 quod
942 3563 1169 3605 numero
1212 3562 1409 3620 paucos
1451 3562 1547 3603 vos
1583 3560 1704 3604 esse
1747 3546 1991 3616 videatis,
2022 3556 2076 3603 et

476 3643 620 3715 quod
667 3643 1019 3714 undequaque
1060 3641 1347 3696 vexemini.
1394 3639 1512 3695 Non
1551 3640 1695 3696 enim
1738 3639 1957 3696 dubium
1990 3648 2075 3695 est

475 3738 605 3810 quin
631 3779 647 3803 ,
672 3753 793 3792 cum
835 3753 899 3793 ex
944 3736 1029 3792 his
1054 3752 1174 3806 qua:
1203 3735 1444 3805 patimini
1472 3731 1731 3806 majorem
1757 3736 1908 3792 vobis
1933 3735 2073 3807 apud

476 3830 645 3885 Deum
668 3829 915 3884 fiduciam
940 3827 1258 3895 conciliatis,
1284 3826 1514 3897 majores
1544 3825 1667 3882 inde
1691 3840 1903 3898 quoque
1931 3827 2073 3881 vires

476 3922 720 3993 adepturi
746 3921 883 3976 sitis.
914 3921 1045 3976 Date
1075 3920 1232 4001 igitur
1251 3935 1491 3990 operam,
1512 3928 1572 3975 ut
1594 3936 1718 3975 cum
1739 3934 1859 3976 sese
1880 3920 2072 3975 oileret

474 4018 687 4072 occasio
710 4058 726 4084 ,
768 4015 1002 4070 studium
1042 4024 1096 4070 et
1141 4015 1464 4070 alacritatem
1500 4016 1796 4071 exhibeatis
1820 4057 1836 4082 ,
1866 4029 1929 4070 ac
1958 4024 2070 4069 lum

475 4126 573 4181 per
601 4124 698 4166 vos
728 4110 901 4179 ipsos,
934 4117 1046 4163 tum
1078 4123 1171 4177 per
1197 4107 1331 4162 alios
1373 4122 1737 4177 quoscumque
1759 4148 1773 4171 ,
1806 4120 1904 4176 per
1937 4121 2071 4177 quos

474 4204 688 4258 licuerit
712 4244 725 4268 ,
753 4218 818 4257 ea
846 4203 1027 4256 facere
1055 4215 1118 4255 ac
1145 4201 1324 4254 dicere
1350 4199 1560 4254 studeto
1583 4240 1597 4265 ,
1630 4216 1749 4268 quae
1784 4200 2069 4266 proceliam

474 4304 725 4367 poterunt
772 4303 1012 4348 exortam
1049 4290 1382 4361 sedareaSic
1423 4291 1565 4345 enim
1612 4292 1844 4344 maxime
1880 4290 2070 4360 profici

474 4388 690 4458 poterit,
714 4387 757 4441 si
785 4399 880 4440 vos
898 4384 1129 4440 studium
1153 4383 1534 4438 adhibueritis:
1558 4383 1700 4453 quod
1727 4383 1772 4438 si
1795 4383 1923 4437 nihil
1947 4399 2072 4453 pro-

472 4480 557 4538 lici
588 4481 850 4552 potuerit,
880 4492 977 4534 vos
1006 4472 1355 4533 nihilominus
1385 4476 1454 4533 ob
1485 4477 1625 4532 hanc
1671 4476 1834 4532 animi
1875 4478 2066 4534 alacri-

476 4583 637 4629 tatem
669 4572 969 4633 mercedem
997 4586 1027 4626 a
1057 4570 1287 4642 benigno
1320 4571 1427 4626 Deo
1455 4570 1745 4642 recipietis.

520 4662 789 4720 CLXXV.
817 4665 1062 4734 Agapeto.
1093 4660 1323 4735 (Cucuso
1348 4674 1489 4718 anno
1513 4661 1641 4730 404,
1669 4671 1728 4717 ut
1755 4663 2014 4734 pntatur.)

542 4757 738 4812 Multos
762 4756 924 4811 subiit
948 4766 1003 4813 et
1026 4758 1310 4812 continuos
1335 4754 1560 4813 sudores
1588 4757 2068 4816 reverendissimus

470 4866 533 4906 ac
564 4850 990 4922 religiosissimus
1015 4850 1297 4923 presbyter
1322 4849 1575 4906 dominus
1603 4865 1756 4906 meus
1788 4849 2026 4921 Elpidius
2048 4893 2065 4920 ,

470 4941 599 4998 dum
631 4942 788 5011 hujus
818 4943 1015 4998 montis
1042 4942 1264 5008 incolas,
1295 4941 1398 4997 hoc
1421 4951 1504 4996 est
1532 4942 1747 5009 Amani,
1772 4942 1952 4998 studet
1980 4958 2061 5008 ea,

471 5049 574 5104 qua
597 5034 922 5100 detinentur,
948 5034 1220 5105 impietate
1245 5031 1491 5088 liberare.
1522 5031 1748 5103 Jamque
1772 5032 1905 5088 adeo
1931 5033 2066 5088 libe-

474 5126 614 5182 ravit
637 5167 653 5193 ,
684 5133 740 5181 et
762 5124 982 5181 abduxit
1008 5142 1103 5182 eos
1128 5127 1195 5182 ab
1219 5141 1401 5182 errore
1420 5166 1434 5190 ,
1463 5125 1761 5180 construxit
1788 5126 2061 5193 ecclesias,

472 5227 526 5275 et
556 5217 879 5272 tnonasteria
904 5218 1271 5285 exredilicavit,
1299 5227 1462 5288 atque
1491 5217 1607 5272 hzcc
1635 5218 1702 5272 ab
1727 5218 1847 5273 aliis
1875 5219 2067 5274 nobili-

476 5318 556 5365 tas
583 5317 674 5365 tua
718 5309 915 5381 poterit
951 5307 1267 5380 intelligere.
1304 5309 1532 5378 Quando
1571 5310 1730 5379 igitur
1767 5311 1884 5381 pios
1923 5313 2066 5368 viros

476 5413 635 5471 atque
671 5412 967 5472 generosos
1004 5414 1035 5454 a
1065 5409 1115 5453 te
1143 5400 1254 5455 scio
1277 5401 1625 5456 vehementer
1652 5402 1886 5457 adamari
1912 5444 1926 5467 ,
1958 5419 2064 5459 non

475 5491 800 5550 mediocrem
830 5504 861 5546 a
892 5500 943 5546 te
982 5490 1205 5562 gratiam
1250 5492 1503 5546 initurum
1552 5507 1639 5547 me
1678 5494 1840 5558 novi,
1869 5495 1912 5549 si
1941 5510 2064 5549 eum

474 5584 567 5637 tibi
594 5593 777 5639 notum
807 5582 996 5638 faciam
1022 5623 1042 5651 ,
1067 5583 1221 5651 cujus
1250 5591 1357 5637 tam
1388 5583 1643 5652 praeclara
1681 5593 1894 5639 exstant
1938 5585 2068 5641 faci-

476 5689 608 5733 nora
638 5674 828 5742 simul,
860 5685 918 5731 ut
944 5684 1282 5746 quacumque
1301 5673 1424 5729 data
1446 5680 1728 5730 occasione
1752 5683 1806 5731 te
1832 5677 2067 5734 salutare

476 5767 739 5823 contendo
763 5809 776 5835 ,
807 5767 1130 5840 adjiciendus
1162 5765 1259 5825 has
1285 5765 1470 5824 censui
1499 5765 1682 5823 literas
1702 5807 1719 5837 ,
1752 5776 1809 5825 ut
1838 5776 1894 5827 et
1917 5768 2066 5827 debi¢

2200 1985 2304 2075 tam
2333 1980 2423 2036 tibi
2453 1984 2822 2045 salutationem
2845 1993 3158 2067 penderem,
3189 2009 3244 2055 et
3268 2002 3440 2059 virum
3466 2016 3574 2063 tua:
3597 2010 3783 2075 nobili-

2194 2072 2289 2125 tati
2339 2078 2793 2137 commendarem.
2845 2085 3205 2153 Quamobrem
3257 2093 3349 2149 illo
3392 2097 3609 2158 intuens
3660 2072 3781 2161 eum

2190 2174 2431 2235 aspectu,
2456 2184 2566 2239 quo
2592 2178 2644 2227 te
2669 2172 2841 2240 decet,
2870 2177 3086 2237 domine
3114 2183 3185 2236 tni
3212 2166 3697 2251 observandissime
3721 2211 3782 2260 ac

2190 2269 2533 2328 summopore
2559 2261 2872 2321 admirando
2897 2309 2912 2336 ,
2954 2269 3027 2324 illi
3061 2272 3218 2330 rebus
3261 2274 3388 2346 ipsis
3426 2283 3653 2340 ostende
3680 2301 3779 2347 non

2192 2354 2597 2448 temere_neque
2622 2351 2817 2414 frustra
2844 2368 3028 2417 nostra
3068 2363 3218 2423 illum
3247 2365 3346 2422 hac
3372 2372 3637 2430 munitum
3666 2379 3780 2448 epi-

2189 2442 2325 2499 stola
2355 2442 2422 2501 ad
2453 2456 2503 2501 te
2528 2448 2741 2504 venisse
2764 2491 2779 2517 ,
2812 2452 2908 2507 sed
2947 2454 3136 2511 harum
3175 2459 3479 2521 interventu
3509 2442 3781 2529 literarum

2188 2533 2409 2589 multam
2450 2538 2621 2606 ipsum
2662 2543 2801 2613 apud
2842 2554 2895 2601 te
2936 2546 3362 2611 benevolentiam
3404 2567 3461 2614 et
3504 2563 3779 2623 caritatem

2187 2635 2462 2695 expertum
2480 2644 2619 2686 esse.
2641 2631 2732 2688 Sic
2751 2636 2894 2693 enim
2915 2639 3025 2706 fiet,
3045 2651 3103 2696 ut
3117 2653 3171 2698 et
3190 2659 3289 2701 nos
3306 2650 3529 2706 multam
3553 2656 3780 2714 solertia

2189 2722 2292 2808 tua:
2320 2717 2335 2748 ¹
2366 2720 2594 2788 gratiam
2624 2723 2882 2781 habemus
2905 2769 2920 2796 ,
2962 2732 3104 2800 quod
3144 2743 3291 2791 tanto
3326 2736 3449 2795 licet
3475 2757 3506 2798 a
3537 2752 3589 2799 te
3611 2746 3780 2808 dissiti

2187 2807 2428 2866 locorum
2458 2813 2760 2884 intervallo,
2794 2834 2892 2890 per
2914 2823 3199 2893 epistolam
3232 2836 3335 2885 tua:
3362 2834 3575 2897 caritati
3603 2807 3779 2900 conci?

2184 2899 2316 2959 liare
2356 2918 2419 2959 ac
2463 2910 2832 2980 conglutinare
2874 2918 3143 2985 possimus
3183 2936 3316 2987 eos,
3358 2927 3447 2995 qui
3492 2931 3651 2998 potiri
3692 2899 3776 2994 illa

2185 2998 2506 3068 percupiunt
2532 3018 2546 3056 :
2576 3017 2647 3058 es
2675 3005 2869 3075 quibus
2892 3024 3031 3065 unus
3060 3010 3149 3068 hic
3183 3026 3263 3070 est
3291 3031 3501 3072 summo
3526 3031 3634 3078 ista!
3661 3040 3776 3085 suav

2182 3088 2363 3144 vitatis
2381 3107 2565 3161 amore
2586 3095 2944 3157 inflammatus
2960 3119 2974 3157 ι
2994 3120 3154 3174 quam
3176 3107 3245 3164 ob
3265 3123 3481 3173 causam
3500 3124 3558 3177 et
3570 3132 3775 3181 summa

2181 3181 2360 3237 studio
2386 3182 2483 3240 has
2510 3201 2540 3240 a
2572 3203 2659 3243 me
2682 3189 2865 3247 literas
2892 3197 3196 3263 postulavit.

2361 3274 2664 3335 CLXXVI.
2693 3281 2971 3356 Hesychia.
3002 3288 3237 3360 (Cucuso
3263 3309 3405 3351 anno
3433 3297 3591 3370 404.)

2250 3366 2361 3424 Nos
2383 3379 2438 3426 et
2465 3374 2782 3441 praesentem
2810 3379 3002 3439 intueri
3033 3393 3084 3443 to
3108 3388 3372 3457 cupimus,
3397 3400 3447 3447 et
3464 3366 3774 3455 dulcissimo

2177 3457 2671 3554 jucundissimoque
2698 3478 2789 3525 tuo
2813 3487 3104 3545 congressu
3134 3477 3256 3541 frui.
3285 3481 3392 3544 Sed
3413 3489 3668 3554 quoaiam
3694 3500 3773 3547 est

2181 3549 2284 3605 hoc
2310 3551 2530 3611 difficile
2553 3596 2566 3619 ,
2598 3572 2721 3618 cum
2755 3574 2974 3632 propter
2999 3567 3203 3624 itineris
3229 3549 3633 3646 diliiculiatem,
3665 3591 3769 3645 tum

2178 3652 2397 3712 propter
2429 3648 2658 3718 negotia,
2690 3666 2753 3707 ac
2779 3657 3022 3725 corporis
3048 3660 3462 3727 imbecillitatem
3486 3685 3500 3721 :
3530 3676 3771 3730 consul.

2178 3735 2401 3803 tionem,
2429 3756 2547 3809 quae
2572 3745 2862 3835 percipitur
2886 3764 2952 3810 ex
2981 3751 3148 3810 literis
3171 3796 3186 3819 ,
3221 3759 3546 3827 requirimus
3567 3806 3584 3830 ,
3613 3781 3767 3835 quam

2177 3842 2351 3926 neque
2376 3833 2619 3902 corporis
2643 3836 2927 3906 aegritudo,
2960 3857 3133 3911 neque
3157 3849 3419 3915 asperitas
3443 3833 3655 3910 itineris
3676 3872 3770 3926 po.

2177 3929 2283 3976 test
2303 3922 2723 4019 interrumpere.
2773 3929 2886 3987 Hoc
2934 3934 3093 4002 igitur
3130 3954 3229 3994 nos
3273 3940 3428 3998 aftice
3474 3922 3767 4019 beneﬁcio,

2174 4016 2317 4115 quod
2346 4028 2401 4072 et
2425 4020 2543 4115 leve
2579 4032 2696 4088 est,
2732 4032 2787 4080 et
2831 4026 3049 4084 minime
3088 4033 3369 4093 molestum
3392 4077 3409 4103 ,
3441 4016 3770 4115 multamque

2176 4106 2334 4201 nobis
2376 4109 2704 4179 voluptatem
2744 4114 2932 4182 affert,
2966 4130 3019 4173 et
3057 4134 3386 4181 contractam
3413 4145 3480 4183 ex
3509 4106 3769 4201 θυι-νοέω

2174 4194 2529 4292 disjuuctione
2554 4207 2860 4262 mmstitiam
2882 4224 2985 4265 non
3014 4214 3354 4274 mediocriter
3378 4194 3768 4292 mitigat.-Nam

2175 4287 2280 4343 hoc
2317 4291 2510 4346 solatio
2550 4296 2594 4350 si
2634 4296 2893 4366 fruamur,
2923 4314 2978 4358 et
3004 4321 3101 4360 uos
3129 4323 3296 4378 prope
3332 4326 3454 4369 esse
3479 4287 3768 4375 a'rbitrabi.

2175 4396 2316 4449 mur,
2341 4392 2397 4439 et
2425 4397 2681 4456 perpetuo
2706 4406 2825 4447 cum
2860 4399 3159 4454 reverentia
3189 4410 3276 4457 tua
3301 4408 3525 4463 versari.
3558 4410 3771 4472 Sullicit

2173 4474 2315 4529 enim
2343 4478 2429 4533 vel
2456 4480 2572 4536 sola
2598 4485 2793 4540 caritas
2820 4488 2886 4541 ad
2916 4488 3018 4545 hoc
3036 4496 3399 4563 praestandum
3428 4516 3443 4553 :
3477 4501 3572 4556 sed
3600 4507 3765 4561 multa

2172 4574 2349 4666 tamen
2379 4576 2688 4631 accessione
2726 4584 3083 4639 cumulabitur
3114 4588 3229 4657 ipsa
3271 4591 3433 4647 animi
3473 4596 3757 4666 cogitatio.

2170 4663 2216 4715 si
2248 4661 2523 4719 literarum
2552 4669 2790 4724 subsidio
2814 4672 3049 4742 juvetur.
3332 4738 3335 4741 ,

2172 4750 2363 4849 Χ
2379 4755 2829 4816 V11.Artemidoro
2856 4765 3089 4830 (Cucuso
3109 4783 3268 4837 anno,
3287 4782 3343 4827 ut
3363 4782 3596 4845 putatur,
3610 4776 3766 4849 ιω.)

2242 4846 2430 4919 Magna
2462 4859 2514 4905 te
2539 4855 2941 4924 complexurum
2979 4860 3152 4928 ipsum
3195 4863 3562 4927 benevolentia
3585 4846 3767 4926 diuisi,

2171 4957 2274 4997 nus
2301 4959 2452 4998 meus
2480 4948 2772 5004 Antiochus
2802 4951 3090 5008 arbitratus
3115 4964 3219 5023 est,
3250 4959 3295 5012 si
3321 4974 3441 5013 cum
3465 4960 3634 5016 literis
3664 4980 3763 5020 no-

2171 5035 2297 5091 stris
2327 5044 2430 5090 tuae
2458 5040 2707 5095 suavitati
2733 5056 2794 5098 se
2822 5044 3056 5100 sisteret.
3086 5046 3164 5103 Da
3197 5049 3352 5118 igitur
3374 5067 3594 5120 operam
3613 5095 3627 5117 ,
3662 5056 3769 5113 do-

2171 5128 2316 5182 mine
2359 5127 2432 5183 mi
2477 5130 2762 5200 plurimum
2792 5138 3098 5195 venerande
3124 5180 3138 5205 ,
3181 5151 3238 5197 ut
3266 5158 3335 5198 ne
3375 5146 3623 5214 Opinione
3669 5163 3771 5207 sua

2170 5220 2479 5307 frustretur,
2510 5231 2565 5279 et
2589 5240 2709 5279 cum
2737 5242 2800 5281 ea
2830 5243 2932 5300 qua
2961 5245 3057 5299 par
3081 5243 3165 5287 est
3192 5234 3339 5291 illum
3364 5238 3637 5307 exceperis
3672 5239 3772 5295 be-

2172 5314 2474 5370 nevolentia
2501 5357 2517 5384 ,
2557 5318 2602 5372 si
2632 5319 2762 5389 quid
2790 5336 3000 5393 aaquum
3027 5338 3091 5379 ac
3116 5327 3310 5387 rationi
3339 5340 3770 5386 consentaneum

2170 5416 2355 5477 petat,
2387 5421 2690 5480 promptum
2716 5456 2731 5481 ,
2759 5431 2942 5484 quaeso
2965 5459 2981 5485 ,
3009 5433 3072 5474 ac
3103 5429 3343 5489 paratum
3373 5423 3448 5478 illi
3482 5433 3531 5478 te
3558 5425 3767 5491 praebe.

2170 5500 2355 5572 illique
2381 5504 2543 5560 rebus
2564 5506 2693 5578 ipsis
2713 5511 2936 5566 ostende
2956 5528 3060 5566 non
3088 5512 3282 5571 frusua
3299 5530 3399 5570 nec
3417 5526 3613 5571 temere
3629 5527 3765 5569 cum

2170 5595 2341 5652 literis
2367 5599 2566 5656 nostris
2608 5603 2782 5671 ipsum
2826 5601 2895 5658 ad
2935 5613 2987 5659 te
3016 5606 3226 5668 venisse
3254 5624 3269 5663 :
3300 5607 3396 5667 sed
3424 5606 3491 5671 ad
3504 5605 3758 5666 oliuae!»

2236 5781 2253 5813 ι
2287 5786 2463 5830 omnes
2486 5784 2613 5841 Mss,
2637 5776 2870 5835 nobilitati
2901 5786 3019 5835 tum.
