3950 6380
202 346 304 402 7H

191 463 334 519 ἀλλά
363 463 431 534 τῇ
463 462 655 535 ἀγάπῃ
698 459 1056 531 συνδεδέμεθά
1102 478 1196 513 σου
1240 463 1306 533 τῇ
1337 461 1504 534 ψυχῇ.
1538 461 1776 517 Τοιαῦτα

191 553 433 624 ἐνέχυρα
456 553 640 623 φιλίας
661 554 791 623 ἡμῖν
813 552 1099 617 ἐναπέθου,
1122 552 1322 623 πολλὴν
1350 552 1479 624 περὶ
1510 554 1661 623 ἡμᾶς
1678 554 1777 623 τὴν

189 645 495 717 θεραπείαν
517 645 610 698 καὶ
628 644 726 714 τὴν
752 643 991 697 διάθεσιν
1018 642 1424 714 ἐπιδειξάμενος
1454 642 1659 698 αιττόθι.
1681 644 1780 697 Διά

187 735 353 790 τοῦτο
383 738 627 807 ὅπουπερ
661 735 727 789 ἂν
752 734 1097 804 ἀφικώμεθα,
1131 736 1190 787 οὐ
1224 736 1511 806 παυόμεθα
1551 736 1779 807 χάριτας

188 828 589 899 ὁμολογοῦντες
611 828 677 896 τῇ
706 827 953 897 εὐγενείᾳ
978 828 1046 897 τῇ
1080 829 1167 897 σῇ.
1195 826 1305 879 Καί
1335 844 1395 879 σε
1429 825 1781 898 παρακαλοῦ-

194 937 301 992 μεν
331 918 570 989 συνεχῶς
602 918 730 990 ἡμῖν
759 918 856 971 καὶ
878 917 1041 972 αὑτὸν
1064 919 1420 985 ἐπιστέλλειν,
1445 920 1540 973 καὶ
1563 920 1631 972 τὰ
1653 920 1782 991 περὶ

189 1014 296 1081 τῆς
328 1009 516 1078 ὑγείας
546 1010 648 1079 τῆς
683 1009 784 1080 σῆς
816 1009 1285 1079 εὐαγγελίζεσθαι.
1327 1012 1516 1081 Ἡμεῖς
1545 1009 1654 1082 γάρ
1682 1008 1781 1080 τὴν

190 1102 315 1156 ὁδὸν
344 1101 565 1155 ἅπασαν
595 1102 968 1172 ἀπραγμόνως
1033 1104 1129 1155 καὶ
1167 1103 1307 1173 μετὰ
1344 1102 1647 1171 ἀσφαλείας
1700 1104 1781 1155 δι-

190 1191 493 1255 ανύσαντες
515 1193 576 1246 ὲν
604 1194 670 1263 τῇ
702 1190 1000 1263 Κουκουσῷ
1018 1191 1386 1264 διατρίϐομεν,
1406 1191 1780 1264 ἐντρυφῶντες

984 1370 1203 1377 ..--.

1637 348 2025 407 EPISTOLJE.

3354 350 3464 408 7ξῖ

1884 465 1950 534 τῇ
2002 461 2199 535 ἡσυχία
2250 463 2343 517 τοῦ
2390 464 2614 537 χωρίου,
2657 465 2753 519 καὶ
2798 466 2863 536 τῇ
2905 464 3326 540 ἀπραγμοσύνῃ,
3366 469 3464 522 καὶ

1885 556 2088 627 πολλῆς
2116 555 2479 620 ἀπολαύοντες
2522 557 2822 628 θεραπείας
2862 573 2923 609 τε
2962 556 3055 610 καὶ
3098 556 3328 621 εὐνοίας.
3366 555 3466 613 Ἵν⁹

1885 640 1980 700 οὖν
2013 646 2108 699 καὶ
2141 647 2267 717 περὶ
2292 646 2389 716 τῆς
2419 646 2635 718 ῥώσεως
2668 647 2768 717 τῆς
2795 645 3068 716 ὑμετέρας
3101 644 3470 711 μανθάνοντες

1887 735 2332 807 εὐφραινώμεθα,
2387 737 2568 791 πυκνὰ
2631 738 2725 791 καὶ
2787 738 2981 808 συνεχῆ
3042 737 3285 807 πέμπειν
3334 738 3470 808 ἡμῖν

1886 832 1954 883 τά
1981 830 2286 901 γράμματα
2316 830 2640 895 σπούδασον,
2680 830 3143 901 εὐαγγελιζόμενα
3165 831 3313 902 ἡμᾶς
3338 833 3469 902 περὶ

1882 922 1983 991 τῆς
2037 922 2223 990 ὑγείας
2276 922 2377 991 τῆς
2446 923 2547 992 σῆς
2603 922 2698 975 καὶ
2757 921 2851 975 τοῦ
2911 922 3061 975 οῖκου
3112 938 3205 975 σου
3241 921 3465 986 παντός.

1883 1010 2041 1064 Οὕτω
2104 1011 2213 1084 γάρ
2274 1013 2537 1084 μεγίστην
2597 1011 2848 1067 ἐντεῦθεν
2899 1012 3310 1083 καρπωσόμεθα
3367 1011 3469 1083 τὴν

1885 1102 2251 1176 παράκλησιν.

885 1513 1041 1591 [6991
1096 1523 1324 1611 ΤΟΥ
1370 1521 1748 1610 ΑΥΤΟΥ
1801 1520 2095 1608 ΠΡΟΣ
2137 1520 2758 1610 ΔΙΛΦΟΡΟΥΣ

1579 1706 1920 1763 Ἐπιστολαί
1949 1707 2059 1776 ειν.

190 2034 370 2089 ΡοΔ’.
416 2031 544 2098 Τοῖς
585 2030 656 2083 ἐν
696 2030 1039 2096 Χαλκηδόνι
1099 2027 1619 2097 ἐγκεκλεισμένοις
1656 2027 1783 2080 ἐπι-

341 2103 619 2167 σκόποις,
651 2100 1078 2168 πρεσϐυτέροις
1103 2118 1165 2153 τε
1200 2100 1298 2152 καὶ
1331 2097 1653 2164 διακόνοις.

272 2196 551 2265 Μακάριοι
580 2192 803 2246 καὶτῶν
829 2193 1044 2263 δεσμῶν
1079 2194 1257 2263 ὑμεῖς,
1286 2191 1380 2245 καὶ
1411 2190 1513 2261 τῆς
1540 2190 1784 2261 γνώμης,

199 2285 324 2358 μεθ’
354 2281 419 2358 ἧς
457 2283 653 2353 φέρετε
713 2282 781 2335 τά
815 2281 1011 2351 δεσμά,
1053 2281 1415 2352 ἀποστολικὴν
1446 2280 1699 2353 ἀνδρείαν
1730 2283 1788 2334 ἐν

197 2378 413 2439 τούτοις
451 2373 904 2444 ἐπιδεικνύμενον
945 2371 1067 2425 ἐπεὶ
1104 2373 1342 2425 κάκεῖνοι
1371 2370 1464 2425 καὶ
1493 2372 1788 2442 μαστιγού-

202 2486 378 2540 μενοι,
440 2467 533 2520 καὶ
592 2466 961 2536 ἐλαυνόμενοι,
1026 2465 1120 2516 καὶ
1183 2462 1578 2534 δεσμούμενοι,
1649 2464 1786 2533 μετὰ

200 2559 408 2627 πολλῆς
438 2557 612 2610 ταῦτα
642 2555 834 2626 ἔφερον
879 2555 976 2625 τῆς
1005 2554 1216 2625 ἡδονῆς·
1251 2553 1311 2606 οὐ
1364 2553 1523 2624 μόνον
1554 2553 1611 2606 δὲ
1650 2554 1787 2624 μετὰ

197 2649 406 2718 πολλῆς
425 2648 615 2719 ἔφερον
644 2645 741 2716 τῆς
772 2642 982 2716 ἡδονῆς,
1005 2641 1141 2697 ἀλλὰ
1164 2641 1257 2695 καὶ
1273 2641 1341 2694 τὰ
1368 2640 1548 2695 αὐτῶν
1570 2643 1787 2695 ἐποίουν

197 2744 260 2796 ὲν
290 2744 415 2804 ταῖς
445 2738 697 2792 ἁλύσεσιν
726 2734 1000 2801 δντες,καὶ
1015 2733 1114 2804 τὴν
1134 2733 1458 2805 οἰκουμένην
1479 2732 1788 2805 μεριμνῶν-

197 2853 293 2897 τες
332 2834 571 2887 ἃπασαν.
604 2830 695 2883 Διὸ
722 2826 785 2900 δὴ
816 2827 1115 2899 παρακαλῶ
1144 2825 1242 2899 τὴν
1273 2826 1547 2898 ὑμετέραν
1565 2828 1787 2898 ἀγάπην

204 2925 378 2997 μηδὲν
406 2920 656 2976 ἐντεῦθεν
679 2921 990 2985 ἀναπεσεῖν,
1019 2918 1134 2973 ἀλλ’
1165 2918 1275 2989 ὅσῳ
1320 2918 1521 2972 πλείων
1548 2918 1677 2989 ὑμῖν
1699 2933 1723 2960 ι
1752 2921 1785 2991 ἡ

199 3016 364 3085 ὀδύνη
389 3014 597 3083 γίνεται
623 3012 681 3078 ἐξ
704 3005 777 3066 ὧν
808 3011 1069 3082 πάσχετε,
1098 3011 1320 3065 πλείονα
1343 3012 1437 3065 καὶ
1459 3012 1558 3082 τὴν
1588 3012 1789 3085 προθυ-

204 3110 339 3179 μίαν
368 3104 756 3171 ἐπιδείξασθαι,
776 3104 869 3157 καὶ
886 3104 1006 3157 καθ’
1027 3103 1265 3174 ἑκάστην
1282 3103 1493 3174 ἡμέραν
1517 3105 1787 3175 μεριμνᾷν

200 3199 347 3268 ὑπὲρ
370 3196 478 3249 τῶν
505 3194 645 3248 κατὰ
664 3195 761 3267 τὴν
787 3193 1113 3265 οἰκουμένην
1157 3191 1516 3266 Ἐκκλησιῶν,
1543 3192 1691 3257 ὅπως
1721 3193 1787 3247 ἂν

200 3289 417 3361 γένοιτό
443 3306 525 3351 τις
550 3278 835 3357 διόρθωσις
878 3287 912 3358 ἡ
963 3287 1353 3357 προσήκουσα,
1408 3286 1541 3357 μηδὲ
1577 3287 1656 3349 είς
1690 3285 1788 3355 τὴν

199 3380 495 3451 ὀλιγότητα
545 3377 697 3448 ὑμῶν
732 3378 1038 3442 ἀπιδόντες,
1076 3379 1170 3431 καὶ
1214 3376 1294 3448 τῷ
1340 3376 1791 3448 περιελαύνεσθαι

200 3472 563 3542 πανταχόθεν,
584 3471 909 3541 ὑπτιώτεροι
923 3469 1173 3540 γένησθε.
1200 3471 1278 3522 Δι’
1296 3461 1369 3523 ὧν
1389 3469 1496 3541 γὰρ
1528 3468 1788 3539 πάσχετε,

201 3564 433 3639 μείζονα
488 3563 588 3633 τὴν
642 3562 793 3632 παρὰ
845 3561 923 3632 τῷ
960 3562 1080 3631 Θεῷ
1124 3562 1436 3634 παρρησίαν
1485 3560 1788 3632 κτώμενοι,

200 3656 432 3710 πλείονα
460 3654 679 3725 εὐδηλον
701 3655 781 3708 ὃτι
804 3654 898 3706 καὶ
914 3652 1011 3724 τὴν
1035 3652 1267 3723 δύναμιν
1296 3652 1466 3718 ἕξετε.
1497 3652 1790 3723 Χρήσασθε

198 3748 391 3802 τοίνυν
422 3747 501 3809 είς
538 3745 730 3817 καιρὸν
764 3746 829 3814 τῇ
869 3743 1168 3814 προθυμία,
1202 3745 1297 3796 καὶ
1326 3741 1392 3795 δι’
1433 3740 1663 3806 ἑαυτῶν,
1697 3740 1791 3794 καὶ

198 3837 277 3892 δι’
300 3838 521 3909 ἑτέρων.
554 3828 627 3889 ὧν
660 3834 723 3889 ἂν
744 3828 855 3887 οἷόν
878 3851 935 3886 τε
967 3830 1023 3908 ᾖ,
1045 3832 1217 3886 ταῦτα
1244 3832 1341 3886 καλ⁹
1361 3832 1565 3903 πρᾶξαι
1593 3832 1687 3886 καὶ
1717 3832 1792 3884 εἱ-

200 3933 334 3987 πεῖν
364 3927 739 3991 σπουδάσατε,
776 3926 864 3979 ἴνα
901 3925 962 3978 τὸ
1006 3925 1232 3997 κατέχον
1280 3924 1570 3979 κλυδώνιον
1616 3940 1789 3978 κατα-

202 4021 419 4077 στεῖλαι
447 4017 762 4087 δυνήσεσθε.
818 4018 1069 4071 Μάλιστα
1114 4018 1214 4088 μὲν
1257 4018 1367 4089 γάρ
1406 4016 1559 4069 ἔσται
1600 4033 1653 4069 τι
1698 4016 1791 4070 καὶ

203 4114 377 4166 πλέον
409 4108 813 4173 σπουδαζόντων
845 4109 1027 4179 ὑμῶν’
1079 4111 1128 4161 εί
1165 4111 1208 4162 δ’
1246 4110 1353 4181 ἄρα
1391 4109 1556 4179 μηδὲν
1583 4108 1792 4177 γένοιτο

201 4204 397 4262 πλέον.
415 4200 515 4270 τῆς
538 4200 709 4271 προίλυ
719 4199 845 4269 μίας
870 4202 963 4252 καὶ
992 4201 1088 4269 τῆς
1110 4200 1333 4272 γνώμης
1357 4199 1506 4265 ἕξετε
1525 4201 1676 4271 παρά
1698 4198 1790 4253 τοῦ

200 4296 598 4371 φιλανθρώπου
620 4292 756 4345 Θεοῦ
792 4293 882 4344 τὸν
912 4292 1124 4362 μισθόν.

721 4386 899 4437 PUE'.
946 4383 1002 4436 Ἀ
1013 4382 1268 4452 γαπητῷ.

281 4477 518 4539 Πολλοὺς
553 4476 645 4529 καὶ
690 4477 932 4546 συνεχεῖς
978 4475 1207 4546 ἱδρῶτας
1255 4475 1484 4544 ἵδρωσεν
1532 4477 1560 4528 ὀ
1603 4475 1792 4547 κύριός

205 4584 316 4640 μου
351 4568 378 4620 ὁ
400 4566 795 4627 εὐλαϐέστατος
811 4564 906 4616 καὶ
922 4562 1249 4633 τιμιώτατος
1277 4562 1646 4635 πρεσϐύτερος
1676 4564 1792 4617 Ἐλ-

202 4657 306 4711 πίδ
327 4675 407 4720 ος,
452 4658 579 4719 τοὺς
626 4655 687 4708 τὸ
740 4654 862 4725 ὅρος
918 4654 1222 4717 οἰκοῦντας,
1256 4654 1315 4706 τὸ
1358 4654 1589 4725 ’Λμανὸν
1624 4654 1788 4724 λέγω,

201 4748 531 4813 σπουδάζων
561 4746 868 4812 ἀπαλλάξαι
910 4746 1008 4815 τῆς
1046 4742 1384 4815 κατεχούσης
1423 4744 1622 4808 αὐτοὺς
1666 4745 1791 4798 ἀσε-

198 4842 382 4906 ϐείας.
404 4841 514 4894 Καὶ
538 4838 837 4910 ἀπήλλαξε,
872 4838 965 4892 καὶ
998 4836 1297 4908 μετέθηκεν
1331 4838 1529 4900 αὐτοὺς
1557 4837 1669 4891 ἀπὸ
1692 4837 1792 4905 τῆς

200 4933 442 5002 πλάνης,
486 4933 583 4984 καὶ
615 4929 909 5000 ἐκκλησίας
952 4927 1291 4999 ᾠκοδόμησε,
1324 4929 1418 4981 καὶ
1454 4930 1794 4999 μοναστήρια

200 5027 601 5094 συνεστήσατο·
635 5024 729 5075 καὶ
773 5022 948 5087 ἔξεστι
981 5019 1153 5072 ταῦτα
1189 5021 1257 5090 τῇ
1294 5019 1544 5089 εὐγενείᾳ
1579 5032 1673 5073 σου
1700 5019 1795 5071 καὶ

201 5116 345 5190 παρ’
378 5115 580 5184 ἐτέρων
617 5110 932 5184 μανθάνειν.
973 5108 1129 5163 Ἐπεὶ
1158 5106 1252 5163 οὐν
1267 5105 1385 5163 οῖδα
1402 5111 1485 5162 ὅτι
1512 5108 1621 5162 τῶν
1636 5109 1794 5162 εὐλα-

201 5209 325 5262 6ῶν
352 5205 561 5277 ἀνδρῶν
587 5205 682 5260 καὶ
701 5204 965 5272 γενναίων
990 5202 1196 5273 σφόδρα
1222 5201 1454 5269 γέγονας
1482 5200 1718 5272 ἐραστὴς
1741 5201 1792 5263 b,

203 5299 370 5362 εἰδὼς
400 5300 485 5352 ὅτι
511 5312 593 5353 σοι
626 5296 919 5369 χαριοῦμαι
941 5293 1220 5366 γνώριμον
1252 5292 1422 5347 ποιῶν
1450 5292 1539 5346 τὸν
1559 5290 1794 5347 τοσαῦτα

205 5389 654 5460 κατωρθωκότα,
698 5386 836 5459 ὁμοῦ
873 5386 968 5440 καὶ
1004 5387 1320 5458 προσειπεῖν
1364 5398 1422 5437 σε
1452 5383 1520 5438 δι’
1558 5385 1792 5455 ἑκάστης

208 5483 543 5554 προφάσεως
562 5482 936 5550 ἐπειγόμενος,
957 5476 1318 5548 προστέθεικα
1338 5477 1511 5531 ταῦτα
1534 5477 1601 5529 τά
1620 5476 1799 5547 γράμ-

212 5589 386 5644 ματα,
426 5572 528 5641 τήν
558 5588 617 5624 τε
647 5568 1006 5639 ὀφειλομένην
1045 5566 1350 5640 πρόσρησιν
1374 5567 1680 5633 ἀποδιδοὺς,
1704 5567 1798 5621 καὶ

277 5665 305 5725 ξι
331 5662 663 5725 ᾼὶὶῳιοιιῐισε.
685 5662 837 5725 ὑμῶν..

277 5724 309 5765 ιο
330 5724 411 5774 Sic
429 5718 543 5773 inss.
558 5718 745 5772 omnes}.
764 5720 892 5770 Edit.
910 5732 1027 5769 vero
1050 5719 1251 5783 σφοδρὸς
1265 5720 1339 5768 ἀεὶ
1362 5720 1555 5782 γέγονας
1574 5718 1794 5783 ἐραστής.

217 5783 347 5836 Infra
365 5799 538 5835 omnes
560 5800 675 5834 mss.
695 5784 1004 5848 προστέθεικα
1022 5781 1155 5830 ταυτὶ
1179 5781 1254 5829 τά.

1897 2028 1991 2081 τὸν
2016 2026 2184 2099 ἄνδρα
2211 2025 2786 2097 παρακατατιθέμενός
2816 2044 2911 2080 σου
2941 2030 3007 2099 τῇ
3035 2028 3302 2102 εὐγενείᾳ.
3321 2028 3470 2084 Ἰδὼν

1889 2120 2072 2173 τοίνυν
2096 2119 2258 2175 αὐτὸν
2275 2119 2351 2183 ὥς
2380 2137 2461 2172 σοι
2478 2119 2688 2190 πρέπον
2716 2119 2853 2183 ἐστὶ,
2884 2120 3122 2175 δέσποτά
3148 2139 3249 2193 μου
3275 2120 3470 2193 τιμιώ-

1888 2227 2018 2263 τατε
2049 2211 2143 2265 καὶ
2171 2207 2611 2280 θαυμασιώτατε,
2642 2207 2811 2273 δεῖξον
2841 2208 2992 2279 αὐτῷ
3014 2209 3102 2264 διὰ
3128 2210 3237 2263 τῶν
3262 2210 3463 2281 ἔργων,

1891 2300 2041 2373 [700]
2070 2300 2145 2364 ώς
2166 2300 2226 2353 οὐ
2259 2300 2434 2369 μάτην
2466 2300 2588 2352 οὐδὲ
2616 2299 2738 2369 είκῆ
2754 2299 2960 2368 ταύτην
2982 2296 3144 2371 ἦλθεν
3174 2300 3313 2372 ἔχων
3339 2304 3471 2373 παρ’

1889 2394 1922 2462 ἡ
1933 2391 2047 2461 μῶν
2076 2393 2175 2463 τὴν
2202 2390 2509 2461 ἐπιστολὴν,
2532 2390 2645 2443 ἀλλ’
2672 2389 2857 2459 ἴσχυσε
2885 2391 3042 2443 ταυτὶ
3065 2391 3134 2445 τὰ
3167 2392 3473 2464 γράμματα
3580 2410 3589 2411 ί

1890 2483 2089 2554 πολλῆς
2121 2482 2283 2536 αὐτὸν
2310 2483 2530 2552 ποιῆσαι
2559 2480 2867 2535 ἀπολαῦσαι
2893 2481 3104 2547 εὐνοίας
3133 2500 3191 2536 τε
3215 2485 3310 2537 καὶ
3335 2484 3472 2553 ἀγά-

1889 2594 2018 2647 πης.
2044 2576 2199 2630 Οὕτω
2215 2576 2326 2645 γάρ
2351 2576 2443 2629 καὶ
2471 2578 2633 2645 ἡμεῖς
2657 2575 2817 2646 χάριν
2837 2576 3039 2647 πολλὴν
3064 2575 3473 2649 ὁμολογήσομεν

1888 2671 1953 2740 τῇ
1991 2667 2243 2738 ἀγχινοίᾳ,
2268 2677 2289 2705 ο
2323 2670 2388 2737 τῇ
2430 2669 2519 2738 σῇ,
2544 2668 2625 2719 ὄτι
2656 2667 2748 2720 καὶ
2788 2667 2852 2720 ἐκ
2881 2666 3137 2720 τοσούτου
3171 2666 3470 2738 καθήμενοι

1888 2761 2276 2830 διαστήματος,
2310 2759 2418 2811 ἀπὸ
2444 2759 2542 2828 τῆς
2572 2758 2862 2828 ἐπιστολῆς
2881 2757 3159 2829 δυνάμεθα
3178 2759 3473 2814 συνάπτειν

1892 2871 1983 2906 σου
2018 2855 2083 2923 τῇ
2108 2854 2295 2923 ἀγάπῃ
2323 2851 2563 2921 γνησίως
2584 2852 2709 2914 τοὺς
2726 2850 3126 2921 ἐπιθυμοῦντας
3143 2851 3314 2921 αὐτῆς
3337 2854 3471 2905 ἀποο

1888 2940 2092 2994 λαύειν·
2122 2935 2195 2993 ὧν
2222 2934 2302 3003 εἷς
2325 2934 2480 3003 οὗτός
2515 2939 2631 2991 ἐστι
2652 2978 2667 3003 ,
2715 2938 2946 3006 σφοδρὸς
2992 2941 3228 3012 ἐραστὴς
3259 2938 3335 2993 ὢν
3376 2958 3469 2993 σου

1888 3032 1987 3101 τῆς
2022 3030 2382 3100 κοσμιότητος
2404 3045 2417 3059 ·
2448 3030 2530 3083 διὸ
2557 3029 2653 3082 καὶ
2687 3029 2825 3100 μετὰ
2862 3029 3064 3099 πολλῆς
3096 3030 3195 3102 τῆς
3234 3030 3471 3103 σπουδῆς

1888 3122 2089 3193 ταύτην
2128 3123 2259 3192 παρ’
2280 3120 2439 3192 ημῶν
2474 3120 2646 3191 ᾔτησε
2675 3119 2772 3190 τὴν
2802 3120 3110 3192 ἐπιστολήν.

2412 3212 2604 3278 POT.
2649 3211 2936 3279 Ἡσυχίῳ.

1970 3306 2160 3376 Ἡμεῖς
2198 3300 2575 3373 ἐπιθυμοῦμεν
2609 3302 2707 3355 καὶ
2745 3303 2993 3374 παρόντα
3031 3319 3090 3356 σε
3136 3300 3471 3369 θεάσασθαι,

1891 3399 2102 3469 καὶτῆς
2134 3396 2482 3465 γλυκυτάτης
2507 3396 2602 3449 καὶ
2625 3394 2850 3466 ἡδίστης
2884 3412 2977 3448 σου
3008 3394 3313 3450 ἀπολαῦσαι
3345 3412 3474 3448 συν-

1890 3489 2098 3551 ουσίας.
2128 3487 2267 3540 Ἀλλ’
2298 3486 2484 3557 ἐπειδὴ
2522 3484 2681 3540 τοῦτο
2712 3486 2973 3558 ἐργῶδες,
3009 3489 3103 3541 καὶ
3134 3488 3221 3543 διὰ
3249 3490 3349 3560 τὴν
3374 3491 3474 3561 τῆς

1889 3581 2011 3634 ὀδοῦ
2035 3579 2320 3633 δυσκολίαν
2348 3579 2443 3631 καὶ
2463 3577 2551 3632 διὰ
2574 3578 2670 3649 τὴν
2690 3579 2802 3631 τῶν
2832 3581 3177 3650 πραγμάτων
3194 3582 3471 3651 ἀσχολίαν,

1890 3672 1984 3724 καὶ
2014 3672 2113 3740 τὴν
2140 3668 2234 3722 τοῦ
2268 3667 2520 3739 σώματος
2550 3667 2857 3732 ἀσθένειαν,
2888 3669 2987 3740 τὴν
3020 3669 3130 3722 ἀπὸ
3158 3670 3268 3723 τῶν
3286 3688 3472 3743 γραμ-

1894 3762 2078 3834 μάτων
2118 3760 2389 3831 ζητοῦμεν
2418 3759 2788 3831 παράκλησιν,
2824 3760 2891 3831 ἣν
2931 3760 3055 3813 οὔτε
3090 3760 3340 3832 σώματος
3375 3764 3474 3835 ἀῤ-

1893 3852 2140 3924 ρωστία,
2190 3851 2309 3904 οὐδὲ
2366 3850 2486 3903 ὁδοῦ
2527 3850 2803 3921 τραχύτης
2854 3850 3188 3904 διακωλῦσαι
3225 3852 3469 3909 δύναται.

1891 3944 2041 3997 Δίδου
2070 3942 2133 4012 δὴ
2167 3942 2265 4011 τὴν
2294 3941 2455 4011 χάριν
2477 3942 2608 4011 ἡμῖν
2638 3940 2847 4010 κούφην
2877 3958 2932 3993 τε
2955 3937 3121 3995 οὖσαν
3145 3942 3237 3995 καὶ
3260 3944 3469 3996 ἀνεπαο

1891 4036 2015 4107 χθῆ,
2053 4035 2146 4088 καὶ¹
2179 4031 2381 4104 πολλὴν
2416 4030 2748 4102 κομίζουσαν
2777 4034 2908 4100 ἡμῖν
2941 4031 3036 4102 τὴν
3055 4032 3382 4104 ἡδονὴν,κα“ι
3402 4034 3464 4087 οὐ

1895 4126 2088 4198 μικρὸν
2104 4124 2204 4194 τῆς
2224 4124 2325 4176 άθυ
2334 4123 2482 4194 μίας,
2510 4124 2609 4193 τῆς
2633 4126 2696 4177 ὲκ
2717 4124 2811 4176 τοῦ
2833 4123 3147 4193 σωματικοῦ
3166 4125 3472 4196 χωρισμοῢ,

1893 4214 2360 4286 ὑποτεμνομένην.
2395 4215 2491 4267 Ἂν
2531 4213 2641 4283 γὰρ
2681 4213 2888 4281 ταύτης
2922 4214 3320 4285 ἀπολαύσωμεν
3372 4216 3475 4286 τῆς

1894 4307 2312 4379 παρακλήσεως,
2348 4305 2443 4359 καὶ
2470 4305 2699 4376 πλησίον
2727 4307 3049 4377 ἡγησόμεθα
3071 4303 3230 4374 εἶναι,
3265 4311 3360 4361 καὶ
3386 4310 3474 4362 ἀεὶ⁵

1897 4400 2036 4472 μετὰ
2063 4399 2162 4468 τῆς
2191 4397 2500 4468 τιμιότητός
2528 4415 2641 4451 σου.
2687 4397 2875 4468 Ἀρκεῖ
2908 4399 3008 4468 μὲν
3038 4400 3144 4471 γάρ
3168 4402 3260 4452 καὶ
3280 4403 3312 4470 ἡ
3336 4402 3476 4469 ἀγά-

1893 4511 1970 4564 πη
2000 4491 2159 4544 τοῦτο
2192 4491 2435 4559 ποιῆσαι·
2474 4489 2693 4543 πλείονα
2727 4491 2785 4543 δὲ
2816 4491 3008 4561 αὐτὴή
3045 4493 3317 4560 φαντασία
3336 4490 3476 4562 λαμ-

1893 4583 2046 4637 ϐάνει
2070 4581 2408 4653 προσθήκην,
2429 4581 2557 4634 ὅταν
2594 4582 2688 4635 καὶ
2717 4580 2814 4651 τὴν
2842 4581 2950 4635 ἀπὸ
2982 4582 3093 4636 τῶν
3129 4584 3476 4654 γραμμάτων

1893 4674 1991 4747 ἔχῃ
2021 4671 2360 4743 συμμαχίαν.

2356 4789 2533 4841 ΡΟΖ’.
2581 4785 2998 4855 Ἀρτεμιδώρῳ.

1964 4900 2175 4971 Πολλῆς
2217 4901 2467 4971 ἐνόμισεν
2508 4899 2911 4954 ἀπολαύσεσθαι
2951 4900 3163 4963 εὐνοίας
3205 4898 3234 4952 ὀ
3285 4899 3479 4972 κύριός

1897 5014 1997 5068 μου
2039 4994 2329 5064 Ἀντίοχος,
2355 4994 2402 5046 εί
2437 4992 2578 5064 μετά
2602 4992 2947 5063 γραμμάτων
2972 4994 3257 5064 ἡμετέρων
3278 4997 3474 5069 φανείη

1891 5090 1957 5159 τῇ
1994 5086 2263 5158 ἐμμελείᾳ
2296 5087 2363 5157 τῇ
2409 5089 2497 5157 σῇ.
2533 5085 2716 5150 Δεῖξον
2748 5085 2955 5148 τοίνυν,
2992 5082 3231 5140 δέσποτά
3268 5104 3372 5158 μου
3404 5106 3481 5140 τι·

1899 5178 2155 5252 μιώτατε,
2206 5178 2280 5241 ὼς
2301 5178 2360 5231 οὐ
2392 5177 2673 5247 τηνάλλως
2704 5174 2881 5229 ταῦτα
2912 5173 3152 5248 ὲνόμ.σε,
3193 5178 3289 5231 καὶ
3318 5178 3477 5246 δεξά-

1898 5289 2058 5343 μενος
2088 5269 2252 5325 αὑτὸν
2279 5268 2417 5339 μετὰ
2438 5269 2539 5339 τῆς
2564 5286 2647 5321 σοι
2675 5265 3060 5340 προσηκούσης
3084 5268 3316 5332 εὐνοίας,
3339 5270 3403 5324 ἄν
3422 5288 3477 5325 τι

1894 5365 2102 5418 δίκαιον
2159 5364 2377 5435 νομίζῃ,
2427 5363 2519 5417 καὶ
2571 5361 2727 5429 λόγον
2783 5360 2927 5433 ἕχον,
2983 5360 3202 5432 ἕτοιμον
3252 5363 3478 5417 σεαυτὸν

1896 5455 2043 5528 αὐτῷ
2090 5459 2392 5527 παρασχεῖν
2447 5453 2863 5525 παρακλήθητι,
2916 5453 3011 5507 καὶ
3052 5452 3224 5518 δεῖξον
3252 5452 3337 5508 διὰ
3368 5453 3479 5506 τῶν

1897 5549 2073 5621 ἔργων
2105 5549 2254 5619 αὐτῷ
2288 5549 2362 5612 ώς
2391 5548 2451 5601 οὑ
2481 5548 2658 5617 μάτην
2686 5547 2807 5600 οὐδὲ
2835 5545 2960 5615 είκῆ
2989 5545 3193 5616 ταύτην
3222 5540 3356 5614 ἦλθε
3390 5543 3481 5612 φάο

1901 5657 2007 5711 ρων
2041 5641 2168 5711 παρ’
2193 5639 2350 5710 ἡμῶν
2379 5638 2479 5709 τὴν
2508 5638 2818 5708 ἐπιστολὴν,
2855 5635 2993 5689 ἀλλὰ
3018 5633 3211 5704 γέγονέ
3238 5651 3289 5688 τι
3319 5632 3479 5688 πλέον

1963 5776 1986 5806 ⁸
2011 5771 2195 5825 Omnes
2215 5787 2328 5824 mss.
2363 5774 2718 5836 ὁμολογήσομεν
2739 5776 2796 5834 τῇ
2822 5770 3046 5833 εὐγενείο.
