3950 6372
490 310 596 366 ’115

493 417 642 488 αὐτῷ
668 419 747 481 εἰς
790 420 1002 483 εὐνοίας
1049 422 1141 473 καὶ
1175 422 1491 491 συμμαχίας
1527 421 1739 484 δικαίας
1771 422 1925 489 λόγον
1961 422 2070 474 ἀπὸ

493 507 602 561 τῶν
630 511 973 580 γραμμάτων
1002 510 1111 564 τῶν
1145 512 1451 583 ἡμετέρων.
1487 512 1645 564 Οὕτω
1676 513 1785 583 γὰρ
1823 513 2067 567 ἀπολαύ-

496 616 648 653 σεται
675 600 773 671 μὲν
810 602 909 671 τῆς
932 602 1251 673 εὐεργεσίας
1277 598 1450 667 οὗτος,
1490 602 1855 675 καρπώσομαι
1875 605 1933 657 δὲ
1957 604 2070 674 ἐγὼ

493 692 655 762 τιμὴν
680 694 745 745 δι’
774 685 850 746 ὧν
876 694 969 746 καὶ
999 687 1155 757 οὗτος
1187 696 1285 764 τῆς
1317 695 1637 766 εὐεργεσίας
1670 693 1980 766 ἀπήλαυσε.

1023 808 1204 861 POH'.
1238 808 1526 875 Εὺθαλίςι.

562 895 772 966 Σφόδρα
798 896 1026 968 γνησίας
1046 898 1141 951 καὶ
1170 898 1380 970 θερμῆς
1410 900 1629 970 ἀγάπης
1655 900 2070 972 ἀνακέχρωσταί

494 1002 586 1036 σου
608 984 675 1038 τὰ
703 989 1025 1058 γράμματα,
1063 991 1390 1060 εἰλικρινοῦς
1420 993 1512 1044 καὶ
1538 992 1728 1047 ἀδόλου
1753 992 2066 1054 διαθέσεως.

490 1076 590 1129 Διά
628 1078 800 1133 ταῦτά
826 1097 907 1134 σοι
935 1081 1137 1147 πολλὰς
1168 1083 1397 1158 χάριτας
1419 1083 1815 1155 ὁμολογοῦμεν,
1848 1084 1943 1139 καὶ
1988 1086 2070 1137 ὅτι

490 1168 744 1237 γράφεις,
780 1171 874 1224 καὶ
912 1172 997 1225 ὅτι
1032 1174 1130 1245 τῆς
1169 1176 1399 1245 γνησίας
1447 1194 1539 1229 σου
1574 1176 1756 1244 φιλίας
1804 1177 1901 1246 τῆς
1944 1178 2072 1248 περὶ

493 1264 639 1333 ἡμᾶς
671 1266 927 1335 μέγιστον
956 1266 1155 1339 δεῖγμα
1188 1270 1463 1340 ἐκφέρεις.
1510 1271 1567 1323 'U
1597 1270 1732 1333 Θεὸς
1762 1287 1843 1323 σοι
1866 1269 1955 1322 τὸν
1984 1287 2071 1339 μι-

493 1355 621 1409 σθὸν
648 1357 758 1430 δῴη
786 1361 884 1431 τῆς
908 1360 1165 1433 τοιαύτης
1187 1364 1477 1428 διαθέσεως
1500 1365 1593 1418 ml
1615 1365 1870 1428 ἐνταῦθα,
1895 1367 1988 1420 ml
2013 1368 2070 1419 ὲν

491 1446 569 1518 τῷ
602 1450 848 1521 μέλλοντι
879 1454 1057 1520 αἰῶνι,
1088 1457 1183 1510 καὶ
1204 1456 1457 1526 τειχίσειέ
1486 1475 1565 1523 σε,
1601 1459 1695 1511 καὶ
1718 1462 2065 1531 φρουρήσειε,

492 1540 588 1593 ml
632 1544 690 1597 ὲν
738 1543 886 1616 πάσῃ
934 1549 1328 1617 καταστήσειεν
1356 1550 1645 1621 ἀσφαλείᾳ,
1684 1550 1778 1604 καὶ
1809 1551 2066 1624 εὑθυμίᾳ.

494 1627 666 1685 Οἶσθα
703 1635 811 1705 γὰρ
848 1636 1004 1707 αὐτὴ,
1036 1638 1203 1704 κυρία
1239 1656 1342 1709 μου
1369 1642 1697 1712 τιμιωτάτη,
1723 1640 1875 1715 [701]
1904 1643 1986 1716 ὡς
2007 1644 2069 1696 οὑ

499 1724 701 1794 μικρὰν
734 1728 867 1795 ήμίν
895 1728 1235 1799 εὐφροσύνην
1264 1731 1439 1803 φέρει,
1460 1733 1553 1784 καὶ
1579 1732 1754 1787 ταῦτα
1780 1735 1838 1787 ἐν
1867 1734 2075 1808 ἐρημίᾳ

494 1814 844 1886 καθημένοις,
876 1818 938 1871 τὸ
973 1822 1213 1893 συνεχῶς
1250 1824 1470 1878 ἀκούειν
1504 1826 1648 1880 κατά
1677 1826 1802 1880 νοῦν
1825 1839 1852 1868 ι
1890 1845 1971 1880 σοι
2005 1829 2073 1881 τὰ

493 1904 795 1974 πράγματα
832 1909 1113 1978 φέρεσθαι.
1146 1912 1331 1967 Ταῦτα
1361 1914 1424 1986 δὴ
1451 1914 1610 1986 δήλου
1646 1917 1887 1988 συνεχῶς
1917 1921 2072 1990 ήμῖν,

494 1996 589 2047 καὶ
628 1994 701 2066 μὴ
733 1996 1015 2070 διαλείπῃς
1049 2002 1177 2073 περὶ
1213 2003 1315 2073 τῆς
1346 2005 1560 2072 ὑγιείας
1580 2007 1680 2077 τῆς
1719 2008 1818 2079 σῆς
1844 2009 2076 2077 εὐαγγε-

492 2084 769 2158 λιζομένη,
813 2090 897 2143 ἴνα
927 2094 1022 2147 ml
1071 2096 1128 2148 ἐν
1161 2096 1368 2169 ἐρημία
1403 2099 1703 2171 καθήμενοι
1745 2101 1946 2174 πολλὴν
1989 2105 2077 2156 ἐν·

491 2177 681 2232 τεῦθεν
716 2184 1142 2257 καρπωσὼμεθα
1174 2189 1271 2261 τὴν
1307 2191 1677 2264 παράκλησιν.

1030 2329 1211 2382 1³08⁸.
1258 2328 1518 2400 Ἀδονίίᾳ.

566 2435 640 2488 Τὸ
665 2437 764 2507 μὲν
787 2440 1190 2509 παραγενέσθαι
1211 2442 1594 2516 ἴσωςέργῶδες
1621 2446 1711 2501 διὰ
1732 2449 1830 2520 τὴν
1857 2449 1948 2503 τοῦ
1975 2449 2079 2503 σώ-

500 2544 667 2597 ματος
697 2529 1010 2583 ἀσθένειαν⁹
1044 2532 1194 2585 οὐδὲν
1227 2534 1335 2606 γὰρ
1363 2535 1551 2607 ἕτερον
1578 2537 1830 2610 κώλυμα,
1863 2541 1932 2597 τά
1970 2542 2080 2615 γὰρ

498 2618 608 2672 τῶν
632 2620 843 2689 λῃστῶν
875 2623 1054 2677 πάντα
1084 2625 1398 2680 πέπαυται·
1448 2630 1507 2683 τὸ
1546 2631 1603 2685 δὲ
1644 2633 1879 2704 γράφειν
1932 2637 2081 2690 ποῖον

498 2709 611 2779 ἔχει
645 2711 839 2779 πόνον;
869 2714 944 2767 Οὐ
976 2715 1084 2786 γὰρ
1108 2716 1293 2787 δήκαὶ
1319 2719 1557 2774 ἐνταῦθα
1586 2724 1666 2786 εἰς
1696 2724 1875 2776 ἐκεῖνο
1910 2741 2082 2779 κατα-

497 2805 694 2871 φυγεῖν
725 2803 888 2874 ἔχεις,
925 2806 1108 2861 Ταῦτα
1157 2809 1215 2862 δὲ
1244 2810 1422 2880 λέγω,
1457 2814 1540 2867 ὅτι
1571 2814 1758 2886 ἕκτην,
1792 2816 1867 2880 ὡς
1906 2816 2081 2887 ἔγωγε

498 2890 674 2963 οἶμαι,
732 2897 937 2968 ταύτην
977 2900 1430 2974 διαπεμψάμενος
1477 2906 1576 2977 τὴν
1624 2907 1948 2980 ἐπιστολὴν,
1988 2908 2083 2962 δύο

503 2984 672 3053 μόνας
702 2986 972 3061 ἐδεξάμην
1000 2994 1155 3064 παρὰ
1189 2994 1290 3064 τῆς
1326 2995 1606 3063 εὐγενείας
1635 2997 1738 3068 τῆς
1774 3000 1891 3069 σῆς.
1936 3001 2083 3072 Πλὴν

501 3077 637 3132 ἀλλὰ
660 3080 725 3133 ἄν
750 3098 806 3133 τε
843 3082 1091 3154 γράφῃς,
1124 3084 1188 3138 ἂν
1219 3102 1278 3138 τε
1324 3088 1504 3158 σιγᾷς,
1557 3091 1719 3160 ἡμεῖς
1750 3091 1821 3144 τὰ
1872 3093 2084 3148 ἑαυτῶν

504 3169 784 3233 ποιοῦντες
806 3173 865 3224 οὐ
894 3173 1345 3247 διαλιμπάνομεν.
1377 3181 1450 3232 Οὐ
1474 3178 1582 3251 γὰρ
1610 3181 1953 3253 δυνησόμεθα
1974 3186 2087 3239 ἐπι-

501 3262 763 3319 λαθέσθαι
824 3285 916 3320 σου
962 3269 1062 3339 τῆς
1096 3271 1327 3341 ἀρχαίας
1364 3274 1578 3344 ἐκείνης
1612 3277 1705 3329 καὶ
1734 3278 1964 3348 γνησίας
1997 3298 2085 3349 φι-

503 3355 627 3421 λίας
661 3358 711 3424 ιι,
749 3359 862 3413 ἀλλ’
897 3362 1167 3417 ἀνθοῦσαν
1202 3366 1370 3436 αὐτὴν
1397 3366 1660 3437 διηνεκῶς
1694 3370 2084 3442 διατηροῦμεν,

507 3449 603 3502 καὶ
628 3451 790 3521 ἡνίκα
815 3451 878 3504 ἂν
901 3452 1017 3524 ἐξῇ,
1041 3455 1348 3526 γράφομεν.
1373 3457 1595 3529 Ἐπειδὴ
1620 3459 1676 3512 δὲ
1705 3461 1911 3533 σφόδρα
1934 3479 2089 3534 μερι-

509 3542 732 3612 μνῶμεν
766 3541 834 3595 τὰ
870 3543 959 3607 σά,
997 3546 1201 3616 σφόδρα
1242 3547 1619 3620 ἐπιθυμοῦμεν
1658 3552 1752 3605 καὶ
1780 3554 2088 3624 γράμματα

508 3631 659 3703 παρὰ
691 3632 783 3686 σοῦ
817 3634 1088 3705 δέχεσθαι,
1119 3639 1246 3709 περὶ
1271 3640 1369 3711 τῆς
1392 3642 1603 3710 ὑγιείας
1636 3646 1768 3715 ἡμῖν
1799 3647 2088 3716 εὐαγγελι-

506 3725 710 3794 ζόμενα
742 3730 842 3799 τῆς
875 3730 994 3798 σῆς.
1031 3733 1122 3801 Μὴ
1157 3732 1231 3804 δὴ,
1247 3733 1450 3807 ταύτης
1483 3738 1632 3808 ἡμᾶς
1658 3739 1950 3812 ἀποστέρει
1991 3743 2090 3813 τῆς

508 3823 882 3892 παραμυθίας
916 3824 1030 3877 ἀλλ’
1064 3826 1235 3878 εἰδυῖα
1264 3829 1388 3881 ὅσον
1418 3830 1641 3901 χαρίζῃ,
1695 3830 1797 3885 κᾶν
1834 3833 2090 3888 ἐπίπονόν

507 3909 643 3985 σοι
666 3914 726 3967 τὸ
756 3914 1007 3985 γράφειν,
1037 3916 1102 3970 δι’
1125 3919 1275 3988 ἡμᾶς
1296 3920 1422 3982 τοὺς
1443 3920 1647 3991 σφόδρα
1676 3939 1735 3975 σε
1757 3923 2092 3991 ἀγαπῶντας

506 4005 601 4058 καὶ
629 4005 816 4059 τοῦτον
847 4009 1146 4079 καταδέχου
1182 4010 1272 4064 τὸν
1299 4011 1463 4065 πόνον
1485 4029 1499 4043 ο
1536 4014 1630 4066 καὶ
1661 4014 1817 4086 δήλου
1850 4016 1918 4070 τά
1961 4020 2090 4089 περὶ

506 4098 607 4167 τῆς
642 4097 862 4169 ῥώσεως
896 4103 1027 4172 ἡμῖν
1057 4103 1157 4173 τῆς
1209 4104 1327 4173 σῆς,
1371 4104 1578 4175 σφόδρα
1607 4107 1937 4179 ἐπιθυμοῦσι
1967 4111 2089 4165 καθ’

510 4193 749 4264 ἑκάστην
781 4195 992 4266 ἡμέραν
1024 4197 1153 4268 περὶ
1192 4197 1394 4267 ταύτης
1432 4200 1746 4268 μανθάνειν.

850 4333 983 4386 ΡΠ’.
1031 4332 1293 4396 ’Υπατίῳ
1315 4334 1717 4404 πρεσϐυτέρῳ.

580 4463 654 4516 Οὐ
683 4464 964 4535 παύσομαι
1019 4467 1340 4539 μακαρίζων
1388 4487 1481 4523 σου
1525 4472 1625 4544 τὴν
1672 4474 1961 4545 τιμιότητα
1993 4478 2094 4548 τῆς

511 4552 809 4624 ὑπομονῆς,
840 4555 939 4626 τῆς
969 4555 1244 4628 ἀνδρείας,
1292 4559 1391 4632 τῆς
1418 4562 1714 4635 καρτερίας
1741 4565 1838 4636 τῆς
1867 4567 2090 4638 πολλῆς,

510 4644 574 4714 ἢν
607 4644 887 4711 ἐπεδείξω,
926 4646 1020 4700 καὶ
1052 4648 1422 4705 ἐπιδείκνυσαι
1473 4654 1532 4706 ὲν
1580 4656 1694 4718 τοῖς
1740 4661 2089 4727 πειρασμοῖς.

509 4734 618 4788 Καὶ
641 4734 799 4787 τοῦτο
822 4737 917 4789 ml
934 4737 1025 4792 διὰ
1046 4739 1146 4810 τῆς
1167 4742 1440 4813 προτέρας
1459 4753 1481 4782 ο
1510 4745 1801 4816 ἐπιστολῆς
1825 4748 2092 4819 ἐδήλωσα,

509 4826 590 4880 ὅτι
628 4826 850 4894 διπλοῦς
886 4830 978 4884 ml
1010 4832 1272 4903 τριπλοῦς
1312 4851 1394 4888 σοι
1423 4837 1453 4888 ὁ
1485 4837 1675 4906 μισθὸς
1712 4839 1854 4911 ὑπὲρ
1886 4841 2091 4896 τούτων

510 4918 820 4984 ἀπόκειται,
850 4921 992 4994 ὑπέρ
1032 4940 1091 4977 τε
1140 4916 1218 4978 ὧν
1262 4925 1425 4990 αὐτὸς
1454 4928 1723 4999 τοσαύτην
1759 4932 2094 5003 στερρότητα

511 5008 904 5079 ἐπιδείκνυσαι,
935 5014 1028 5067 καὶ
1050 5014 1273 5087 ἐτέρους
1302 5019 1384 5082 είς
1420 5018 1509 5072 τὸν
1531 5020 1695 5074 αὑτὸν
1725 5023 1879 5091 ἄγεις
1909 5024 2089 5095 ζῆλον,

512 5102 570 5153 ἐν
591 5102 740 5175 γήρᾳ
760 5104 901 5158 οὑτω
924 5106 1080 5176 βαθεῖ
1095 5110 1365 5183 τοσαύτην
1386 5111 1694 5184 προθυμίαν
1714 5116 2095 5191 ἐπιδεικνύμε-

513 5212 602 5259 νος
636 5195 778 5267 ὑπὲρ
806 5196 901 5249 τοῦ
946 5200 1275 5271 διωκομένου
1309 5203 1460 5259 λαοῦ.
1504 5204 1611 5259 Καὶ
1657 5206 1957 5280 ἐϐουλόμην
1997 5210 2095 5281 μὲν

515 5287 754 5359 συνεχῶς
793 5289 1125 5346 ἐπιστέλλειν
1177 5313 1270 5348 σου
1327 5299 1393 5368 τῇ
1449 5298 1742 5370 τιμιότητι’
1801 5301 1987 5372 ἐπειδὴ
2037 5303 2093 5356 δὲ

510 5382 669 5436 τοῦτο
702 5383 800 5437 οὐκ
824 5382 1067 5451 εὐκολον,
1097 5386 1187 5439 διά
1211 5405 1269 5441 τε
1291 5390 1389 5461 τὴν
1410 5390 1504 5443 τοῦ
1534 5393 1797 5462 χειμῶνος
1820 5392 1969 5464 ὥραν
1998 5395 2092 5447 ml

576 5505 604 5568 ξι
629 5502 815 5568 ancs
843 5518 958 5568 mss.
981 5505 1105 5568 κατὰ
1127 5503 1253 5568 ῥοῦν.

575 5565 604 5633 lg
627 5565 710 5633 §ic
729 5578 819 5615 nos
837 5581 865 5616 e
888 5564 1039 5633 Sayil.
1067 5564 1310 5633 ρι’Μοςρί.
1348 5567 1483 5633 Unus
1514 5570 1707 5633 γνησίας
1728 5571 1926 5633 ἀγάπης.
1958 5570 2090 5620 Eon.

580 5631 601 5657 ο
624 5630 705 5676 Sic
730 5642 904 5678 omnes
947 5629 1053 5679 fere
1078 5642 1191 5677 mss.
1223 5628 1351 5678 Edil.
1399 5631 1480 5678 καὶ
1508 5628 1590 5679 διὰ
1625 5628 1779 5681 τοῦτο’
1801 5634 1882 5681 καὶ
1907 5633 1985 5681 διὰ
2009 5638 2094 5689 τῆς

516 5693 760 5751 προτέρας.

1208 323 1264 377 S.
1302 318 1586 376 JOANNIS
1619 314 2115 372 CIIRYFOSTOMI
2157 310 2475 365 ARCHIEP.
2518 305 3070 361 (ZONSTAVTINOP.

3639 310 3738 365 7H

2168 421 2257 471 τὸν
2286 420 2395 472 τῶν
2417 419 2628 491 λῃστῶν
2658 418 2841 489 φόϐον,
2882 419 2977 471 καὶ
3009 416 3106 489 τὴν
3137 419 3230 472 τοῦ
3260 420 3464 493 χωρίου
3511 422 3744 492 ἐρημίαν

2170 512 2227 562 ὲν
2256 502 2300 576 ᾦ
2330 509 2636 580 καθήμεθα,
2665 510 2829 580 ἡνίκα
2863 508 2929 563 ἂν
2971 510 3087 581 ἐξῇ,
3132 512 3226 564 ml
3264 511 3746 583 προσαγορεύομέν

2173 618 2266 653 σου
2293 602 2390 671 τὴν
2418 602 2722 667 εὐλάϐειαν,
2756 603 2850 655 καὶ
2889 602 3146 674 αἰτοῦμεν
3184 605 3425 674 συνεχῶς
3461 606 3596 675 ἡμῖν
3626 607 3745 657 ἐπι-

2174 692 2431 757 στέλλειν,
2460 694 2554 747 καὶ
2582 694 2649 746 τὰ
2682 695 2807 766 περὶ
2833 696 2931 765 τῆς
2965 695 3173 763 ὑγιείας
3204 696 3302 766 τῆς
3335 694 3435 767 σῆς
3458 697 3748 766 εὑαγγελίυ

2175 782 2379 846 ζεσθαι·
2402 783 2605 853 σφόδρα
2625 783 2730 855 γὰρ
2752 784 3124 855 ἐπιθυμοῦμεν
3142 787 3210 840 τά
3234 788 3361 858 περὶ
3386 787 3593 858 ταύτης
3614 806 3747 858 μαν-

2173 873 2372 928 θάνειν.
2413 876 2804 946 Μακαρίζομεν
2830 877 2885 930 δὲ
2908 880 2999 931 καὶ
3026 878 3150 941 τοὺς
3175 881 3540 950 τιμιωτάτους
3567 880 3746 934 διακό-

2170 984 2295 1030 νους
2324 966 2580 1021 Εὐσέϐιον
2606 970 2700 1022 καὶ
2724 970 3143 1041 Λαμπρότατον,
3162 972 3287 1034 τοὺς
3308 972 3747 1046 κοινωνήσαντὼς

2174 1073 2256 1109 σοι
2298 1057 2406 1111 τῶν
2433 1058 2709 1129 διωγμῶν.
2742 1061 2884 1113 Ἴστε
2910 1062 3019 1133 γὰρ
3040 1061 3216 1133 ήλίκοι
3260 1063 3512 1131 στέφανοι
3542 1063 3746 1117 τούτων

2176 1147 2303 1217 ὑμῖν
2333 1150 2674 1213 ἀπόκεινται,
2704 1152 2797 1206 καὶ
2825 1153 2949 1215 ὅσος
2975 1155 3002 1205 6
3035 1152 3245 1224 μισθὸς,
3277 1154 3371 1210 καὶ
3414 1155 3516 1223 ὅση
3545 1156 3580 1224 ἡ
3610 1154 3739 1209 ἀντ-

2178 1237 2453 1300 απόδοσις.
2491 1238 2643 1312 [702]
2677 1240 2841 1294 Ταῦτ’
2875 1238 2968 1295 οὖν
3003 1242 3223 1307 εἰδότες,
3286 1244 3473 1313 μένετε
3522 1243 3743 1315 ἑδραῖοι,

2174 1330 2582 1401 ἀμετακίνητον
2610 1335 2709 1403 τῆς
2726 1351 2786 1386 τε
2806 1334 2915 1406 γὰρ
2935 1336 3211 1407 ὑπομονῆς
3225 1335 3418 1407 δαψιλῆ
3441 1336 3533 1389 τὸν
3559 1334 3747 1406 μισθὸν

2173 1423 2201 1474 ὁ
2231 1422 2363 1486 Θεὸς
2392 1425 2519 1494 ὑμῖν
2548 1424 2838 1490 ἀποδώσει,
2868 1427 2962 1481 καὶ
2989 1427 3056 1480 τὰ
3096 1427 3337 1498 παρόντα
3363 1428 3576 1499 ταχέως
3599 1426 3749 1483 λύσει

2172 1515 2340 1569 δεινά.
2373 1517 2618 1587 Γράφετε
2650 1517 2706 1573 δὲ
2738 1520 2872 1589 ἡμῖν
2906 1520 3163 1591 συνεχῶς,
3190 1521 3259 1573 τά
3290 1520 3540 1608 περὶτῆς
3563 1519 3748 1589 ὑγείας

2173 1609 2271 1678 τῆς
2303 1608 2571 1678 ὑμετέρας
2593 1611 2724 1680 ἡμῖν
2758 1610 3254 1681 εὐαγγελιζόμενοι,
3282 1607 3411 1685 περὶ
3433 1607 3504 1686 ἦς
3547 1612 3749 1685 σφόδρα

2176 1699 2644 1770 περισπούδαστον
2682 1704 2817 1773 ἡμῖν
2858 1703 3171 1773 μανθάνειν.

2644 1861 2830 1916 ΡΠ.1’.
2877 1861 3275 1927 Ἐπισκόποις.

2247 2017 2358 2071 Καὶ
2386 2019 2418 2087 ἡ
2448 2018 2829 2074 καταλαϐοῦσα
2854 2020 2953 2085 τὰς
2993 2020 3319 2092 Ἑκκλησίας
3349 2020 3448 2086 τὰς
3488 2018 3630 2074 κατά
3652 2018 3755 2090 τὴν

2189 2108 2478 2179 Ἀνατολὴν
2521 2110 2756 2182 ταραχὴ,
2810 2112 3146 2184 σφοδροτάτη
3190 2113 3284 2165 καὶ
3324 2111 3564 2183 ποικίλη,
3599 2112 3690 2165 καὶ
3716 2115 3751 2181 ἡ

2179 2199 2330 2271 παρὰ
2367 2201 2466 2272 τῆς
2491 2202 2775 2267 εὐλαϐείας
2809 2205 2960 2274 ὑμῶν
2991 2205 3359 2275 εἰσενεχθεῖσα
3393 2205 3472 2268 εἰς
3497 2207 3595 2273 τὴν
3615 2203 3755 2273 διόρ-

2178 2291 2344 2346 θωσιν
2373 2293 2577 2365 ταύτης
2613 2296 2838 2366 σπουδὴ,
2869 2296 3038 2368 πολλὴ
3069 2297 3161 2351 καὶ
3187 2295 3435 2368 δαψιλής.
3468 2295 3531 2350 Εἰ
3563 2296 3621 2349 δὲ
3654 2313 3757 2365 μησ-

2179 2384 2269 2437 δέν
2302 2384 2530 2457 μηδέπω
2562 2387 2751 2456 γέγονε
2775 2388 2954 2455 πλέον,
2984 2390 3109 2454 τοὺς
3136 2389 3233 2461 μὲν
3257 2389 3452 2443 ἀνίατα
3469 2388 3759 2449 νοσοῦντας

2182 2478 2277 2532 καὶ
2306 2478 2380 2552 μὴ
2418 2478 2811 2549 διορθωθέντας
2838 2481 3196 2553 ταλανίζομεν
3215 2522 3231 2547 ,
3269 2481 3415 2552 ὑμᾶς
3447 2482 3506 2534 δὲ
3551 2479 3761 2549 θαυμά-

2183 2572 2368 2635 ζοντες
2400 2571 2495 2624 ml
2523 2572 2919 2642 μακαρίζοντες
2942 2574 3000 2627 οὐ
3029 2572 3481 2644 διαλιμπάνομεν,
3513 2572 3596 2625 ὅτι
3623 2572 3761 2640 μετὰ

2180 2663 2435 2718 τοσοῦτον
2455 2664 2646 2735 χρόνον
2674 2664 2781 2720 τῶν
2809 2666 3148 2738 πραγμάτων
3174 2664 3516 2737 ἀδιορθώτων
3548 2663 3764 2734 μεινάν-

2181 2774 2312 2821 των,
2365 2757 2467 2811 οὐκ
2513 2758 2850 2829 ἀπεκάμετε,
2899 2759 3019 2814 οὐδὲ
3070 2758 3249 2813 ὕπτιοι
3293 2757 3576 2828 γεγόνατε,
3628 2755 3765 2810 ἀλλὰ

2184 2849 2279 2903 καὶ
2311 2849 2611 2914 ἐπίκεισθε,
2649 2850 2727 2903 ἔτι
2754 2849 3076 2923 ἀκμαζούσῃ
3102 2853 3169 2925 τῇ
3198 2849 3475 2924 προθυμία
3505 2848 3602 2922 τὴν
3632 2848 3761 2919 παρ’

2186 2939 2396 2993 ἑαυτῶν
2446 2939 2789 3010 εἰσφέροντες
2836 2941 3175 3015 συμμαχίαν,
3210 2942 3286 3004 εἰς
3321 2942 3495 3011 κρῖμα
3529 2939 3628 3008 μὲν
3654 2938 3765 2989 τῶν

2183 3033 2283 3086 οὐκ
2310 3032 2602 3085 ἐθελόντιιιν
2624 3033 2652 3085 ὐ
2662 3032 2777 3103 μῶν
2798 3031 3147 3102 ἀνασχέσθαι,
3173 3032 3253 3096 εἰς
3277 3030 3574 3101 στεφάνους
3591 3030 3649 3083 δὲ
3667 3028 3767 3098 τῆς

2187 3123 2460 3196 ὑμετέρας
2514 3125 2767 3195 σπουδῆς,
2816 3124 2909 3177 ml
2957 3123 3184 3195 βραϐεἰα
3226 3122 3418 3176 πολλά.
3460 3120 3564 3174 Διὰ
3593 3119 3766 3173 ταῦτα

2189 3209 2334 3278 ὑμᾶς
2358 3209 2450 3260 καὶ
2473 3210 2653 3279 ἡμεῖς,
2695 3210 2789 3262 ml
2832 3209 3033 3273 πάντες
3062 3210 3109 3261 οἱ
3141 3208 3278 3262 κατά
3301 3207 3399 3280 τὴν
3439 3207 3767 3277 οἰκουμένην

2187 3301 2625 3371 ἀνακηρύττουσι
2680 3300 2774 3353 καὶ
2829 3299 3216 3371 στεφανοῦσιν,
3269 3299 3350 3353 ὅτι
3400 3301 3465 3353 ἐκ
3510 3297 3765 3351 τοσούτου

2188 3392 2532 3463 καθημένους
2562 3392 2948 3464 διαστήματος,
2992 3393 3053 3446 οὐ
3082 3393 3179 3463 τῆς
3213 3390 3332 3445 ὁδοῦ
3360 3391 3421 3444 τὸ
3452 3390 3657 3463 μῆκος,
3705 3391 3767 3443 οὑ

2186 3484 2279 3537 τοῦ
2310 3485 2501 3555 χρόνου
2544 3484 2609 3537 τὸ
2652 3484 2854 3556 πλῆθος
2902 3484 3305 3559 ρᾳθυμοτέρους
3346 3483 3626 3555 ἐποίησεν,
3658 3483 3766 3538 ἀλλ’

2190 3577 2265 3641 ὡς
2301 3577 2527 3648 πλησίον
2558 3577 2709 3641 ὄντες
2735 3579 2843 3632 τῶν
2873 3578 3200 3648 γενομένων,
3241 3577 3333 3630 καὶ
3365 3576 3559 3641 αὑταῖς
3585 3577 3767 3645 ὄψεσιν

2191 3670 2423 3744 ὁρῶντες
2441 3670 2539 3734 τὰς
2559 3671 2857 3742 γενομένας
2880 3668 3242 3741 παρανομίας,
3268 3667 3440 3732 οὕτως
3458 3671 3770 3742 ἐρρωμενε-

2195 3766 2364 3839 στάτῃ
2396 3762 2674 3837 προθυμίᾳ
2694 3762 2761 3816 τὰ
2782 3763 2911 3833 παρ’
2932 3761 3139 3815 ἑαυτῶν
3164 3760 3437 3833 εἰσφέρειν
3459 3760 3485 3800 ἀ
3509 3759 3772 3815 ἐσπουδά-

2192 3872 2347 3908 κατε.
2378 3855 2439 3906 Εἰ
2474 3854 2529 3907 δὲ
2562 3857 2726 3925 μήπω
2750 3852 2853 3926 τὴν
2882 3853 3107 3925 ἄκαιρον
3136 3863 3160 3892 ο
3193 3851 3525 3921 φιλονεικίαν
3565 3852 3771 3905 καὶτὸν

2193 3946 2386 4014 ἄλογον
2437 3945 2670 4015 πόλεμον
2715 3944 3005 4000 καταλύειν
3062 3943 3340 4016 βούλονται
3389 3945 3436 3997 οἰ
3488 3944 3669 3997 ταῦτα
3715 3942 3775 4008 ἐξ

2193 4035 2367 4107 ἀρχῆς
2403 4035 2653 4099 τεκόντες
2676 4036 2746 4088 τὰ
2773 4035 2939 4099 κακὰ,
2969 4034 3135 4106 μηδὲν
3166 4036 3308 4106 ὑμᾶς
3331 4034 3489 4087 τοῦτο
3521 4034 3774 4103 00906;!-

2192 4141 2290 4188 τω,
2346 4124 2485 4194 μήτε
2530 4124 2872 4195 ἀποκάμνειν
2901 4125 3125 4181 ποιείτω
3149 4140 3164 4155 ο
3196 4124 3306 4198 ὅσῳ
3338 4124 3446 4196 γάρ
3476 4123 3544 4178 ἂν
3574 4123 3772 4177 πλείων

2193 4220 2221 4271 ὁ
2257 4216 2415 4279 πόνος
2445 4217 2573 4287 ὑμῖν
2602 4217 2914 4288 ἐγγένηται,
2952 4216 3191 4291 τοσούτῳ
3221 4217 3315 4272 καὶ
3341 4216 3543 4288 μείζων
3565 4216 3721 4270 ἔσται
3747 4217 3774 4270 6

2198 4306 2479 4376 στέφανος,
2511 4306 2604 4360 τοῦ
2637 4307 2771 4360 Θεοῦ
2806 4308 2904 4372 τὰς
2931 4310 3206 4379 ἀρρήτους
3241 4308 3368 4378 ὑμῖν
3408 4308 3502 4361 καὶ
3531 4308 3773 4376 ἀφάτους

2196 4398 2412 4461 ὲκείνας
2437 4397 2531 4451 καὶ
2562 4396 2721 4466 λόγον
2751 4396 3185 4468 ὑπερϐαινούσας
3205 4395 3478 4468 ὁρίζοντος
3513 4397 3771 4469 ἀμοιϐάς.

2351 4553 2537 4610 PIIB'.
2583 4554 2839 4624 Βενερίφ
2865 4554 3174 4623 ἐπισκόπει)
3201 4554 3604 4611 Μεδιολὰνων.
3717 4582 3727 4593 -

2268 4712 2378 4784 Τὴν
2420 4712 2672 4784 ἀνδρείαν
2702 4710 2876 4782 ὑμῶν,
2911 4712 3005 4767 ml
3039 4714 3138 4784 τὴν
3168 4712 3499 4784 παρρησίαν,
3545 4711 3644 4767 καὶ
3679 4710 3772 4782 τὴν

2197 4806 2338 4875 ὑπὲρ
2361 4806 2461 4876 τῆς
2477 4805 2733 4874 ἀληθείας
2761 4804 3243 4875 ἐλευθεροστομίαν
3274 4806 3367 4861 ml
3392 4804 3660 4876 πρότερον
3680 4804 3771 4874 μὲν

2198 4897 2435 4960 ἅπαντες
2486 4897 2725 4967 ᾔδεσανο
2771 4894 2937 4961 ἔδειξε
2984 4896 3041 4948 δὲ
3087 4896 3475 4967 ἀκριϐέστερον
3521 4898 3551 4949 6
3585 4895 3771 4968 παρὼν

2200 4989 2389 5061 καιρὸς
2419 4989 2517 5060 τὴν
2551 4987 2923 5059 φιλαδελφίαν,
2948 4988 3046 5060 τὴν
3078 4991 3320 5060 ἀγάπην,
3348 4990 3444 5060 τὴν
3466 4988 3766 5051 εὐλάϐειαν,

2198 5083 2297 5151 τὴν
2342 5080 2541 5151 πολλὴν
2593 5081 2937 5151 συμπάθειαν
2969 5081 3145 5152 ὑμῶν,
3187 5081 3286 5152 τὴν
3320 5081 3651 5153 κηδεμονίαν
3680 5080 3773 5149 τὴν

2200 5173 2345 5245 ὑπὲρ
2368 5172 2478 5226 τῶν
2508 5173 2862 5244 Ἐκκλησιῶν.
2912 5175 3065 5229 Ἐπεὶ
3106 5174 3200 5229 ml
3233 5173 3573 5246 κυϐερνήτην
3599 5175 3629 5226 6
3661 5191 3774 5244 χει·

2203 5266 2320 5337 μὼν
2377 5265 2612 5337 μάλιστα
2660 5266 2902 5321 δείκνυσι
2946 5269 3046 5340 τῆς
3089 5267 3386 5338 θαλάσσης,
3441 5267 3536 5321 καὶ
3593 5265 3776 5335 ἰατρὸν

2198 5358 2419 5431 ἄριστον
2467 5358 2538 5414 τὰ
2584 5357 2797 5429 χαλεπά
2842 5358 2951 5412 τῶν
2982 5358 3250 5431 σωμάτων
3277 5358 3558 5429 νοσήματα
3583 5372 3598 5387 ο
3632 5355 3776 5409 οὑτω

2259 5570 2560 5640 ἆῌίσφέρειν
2580 5572 2724 5640 ᾶςεει
2746 5573 2798 5622 in
2819 5572 3010 5623 duobus
3038 5586 3151 5640 ωδε.
3260 5632 3271 5640 _
3351 5631 3371 5640 _
3491 5628 3520 5640 ,.

2268 5647 2292 5673 ο
2324 5628 2482 5682 \erbé
2502 5635 2588 5699 τῂν
2610 5635 2825 5698 ἄκαιρον,
2870 5641 2923 5685 et
2959 5648 3072 5686 mox
3101 5635 3203 5699 ὅσῳ
3222 5632 3313 5697 γὰρ
3341 5631 3417 5694 ἄν,
3440 5642 3469 5680 e
3489 5628 3674 5680 Savilio
3695 5636 3776 5676 η·-

2201 5700 2344 5761 cepla
2364 5700 2495 5744 sunt.
2521 5695 2659 5745 Eon.
