3950 6376
228 399 333 456 â€™115

225 515 355 571 dam
399 508 828 570 benevolentiam
855 547 870 574 ,
907 514 964 562 et
997 504 1198 575 justum
1242 499 1498 556 auxilium
1545 496 1830 568 plurimum

228 607 432 663 nostris
462 619 584 660 eum
614 602 784 658 literis
807 599 1048 670 adiutum
1076 597 1258 652 fuisse.
1290 593 1381 650 Sic
1419 592 1560 648 enim
1593 590 1686 646 fiet
1710 631 1726 654 ,
1773 600 1832 645 ut

228 711 289 756 et
313 700 403 754 ille
431 696 749 752 beneficium
792 692 1122 761 adipiscatur
1140 730 1154 753 ,
1183 698 1237 743 et
1272 701 1372 758 ego
1399 685 1604 739 honore
1630 682 1836 738 afficiar

226 808 300 848 ex
327 806 394 846 eo
417 787 558 860 quod
587 783 906 842 beneficium
931 782 1020 837 ille
1044 780 1205 836 fuerit
1231 785 1615 847 consequutus.

393 917 588 977 CLXX
599 913 674 971 VI
680 913 742 970 11
752 955 765 968 .
796 912 1071 968 Euthaliw.
1102 909 1334 984 (Cucuso
1359 923 1500 962 anno
1525 904 1678 976 403.)

303 1057 629 1125 Magnopere
655 1051 863 1106 sincera
884 1055 940 1104 et
965 1045 1195 1102 ferventi
1222 1044 1445 1100 cari-tate
1467 1039 1697 1097 condita:
1723 1037 1828 1094 fue-

229 1157 360 1204 runt
381 1149 550 1202 litera:
578 1153 702 1208 tuas,
727 1155 855 1197 vero
883 1139 1209 1208 minimeque
1237 1136 1412 1191 fucato
1440 1149 1647 1190 amore.
1681 1132 1833 1200 Quo-

229 1241 376 1295 circa
405 1239 648 1309 ingentes
681 1235 771 1291 tibi
800 1233 999 1303 gratias
1027 1231 1287 1285 habemus
1307 1271 1322 1297 ,
1355 1238 1408 1283 et
1434 1227 1576 1298 quod
1604 1226 1830 1292 scribas,

230 1342 290 1388 et
317 1330 460 1401 quod
485 1329 707 1385 sincer-ac
735 1335 838 1380 tua:
856 1339 983 1395 erga
1009 1338 1106 1378 nos
1131 1320 1520 1378 benevolentia:
1542 1318 1832 1374 maximum

231 1425 508 1493 specimen
539 1419 686 1474 edas.
722 1418 860 1472 Deus
890 1415 981 1470 tibi
1020 1412 1321 1469 mercedem
1351 1411 1480 1466 tanti
1507 1410 1710 1464 amoris
1733 1450 1748 1476 ,
1781 1415 1836 1464 et

231 1517 321 1570 hic
351 1522 409 1570 et
435 1514 488 1568 in
521 1511 699 1566 futuro
729 1509 926 1564 saeculo
957 1507 1192 1573 tribuat,
1223 1516 1378 1577 teque
1424 1505 1632 1559 muniat
1659 1513 1712 1558 et
1737 1517 1835 1556 cu-

233 1606 454 1669 stodiat,
481 1610 641 1673 atque
671 1600 722 1656 in
755 1600 899 1656 omni
923 1598 1210 1654 securitate
1235 1596 1505 1665 animique
1537 1593 1836 1665 tranquilli-

235 1710 345 1754 tate
370 1696 681 1753 constituat.
710 1692 826 1748 Non
853 1692 995 1746 enim
1028 1700 1079 1745 te
1109 1691 1256 1754 latet,
1288 1687 1504 1742 domina
1536 1701 1653 1741 mea
1682 1701 1837 1740 reve-

236 1791 560 1849 rendissima
581 1829 597 1856 ,
629 1803 734 1843 non
763 1784 1020 1841 mediocri
1064 1798 1162 1838 nos
1190 1781 1330 1836 affici
1365 1780 1639 1850 voluptate
1663 1821 1679 1847 ,
1711 1794 1834 1833 cum

233 1885 319 1940 vel
347 1884 402 1938 in
429 1883 529 1937 hac
553 1879 839 1936 solitudine
863 1877 1119 1946 degentes
1155 1873 1459 1944 frequentet
1495 1871 1740 1926 audimus
1769 1887 1837 1927 ex

234 1975 402 2030 animi
451 1973 528 2027 tui
571 1971 839 2027 sententia
883 1984 972 2024 res
1015 1967 1108 2023 tibi
1148 1965 1460 2022 succedere.
1502 1961 1629 2020 llrcc
1677 1966 1838 2036 igitur

239 2067 396 2122 nobis
423 2064 638 2120 assidue
667 2062 845 2118 scribe
869 2103 886 2128 ,
915 2074 1088 2130 neque
1126 2058 1339 2114 felicem
1367 2056 1436 2112 de
1467 2065 1554 2111 tua
1584 2070 1836 2126 prospera

233 2159 544 2216 valetudine
567 2157 810 2212 nuntium
840 2155 1052 2209 mittere
1080 2152 1285 2218 desine,
1312 2158 1371 2205 ut
1391 2149 1550 2205 etiam
1580 2149 1632 2204 in
1653 2149 1836 2204 solitu-

235 2254 363 2309 dine
377 2231 632 2322 degentes
651 2248 874 2303 multam
900 2245 1023 2301 inde
1043 2242 1465 2300 consolationem
1503 2239 1832 2295 hauriamus.

470 2383 774 2443 CLXXIX.
802 2382 1017 2438 Adofiaz.
1050 2380 1282 2455 (Cucuso
1304 2391 1445 2433 anno
1471 2373 1622 2448 405.)

309 2518 538 2574 Difficile
589 2504 817 2572 fortasse
865 2523 1086 2586 prepter
1126 2509 1369 2581 corporis
1415 2507 1837 2563 imbecillitatem

235 2612 452 2677 fuisset,
484 2617 539 2663 ut
584 2607 688 2662 huc
731 2606 982 2662 venires:
1018 2603 1149 2658 nihil
1185 2599 1386 2672 quippe
1429 2598 1576 2654 aliud
1615 2597 1838 2654 subesse

235 2704 416 2776 potuit
447 2699 834 2772 impedimenti,
866 2714 988 2752 cum
1019 2712 1050 2751 a
1080 2694 1380 2750 latronibus
1424 2693 1644 2747 omnino
1672 2689 1836 2760 quieti

235 2799 441 2862 simus;
488 2794 583 2851 sed
629 2792 757 2864 quid
799 2791 1003 2847 laboris
1045 2798 1129 2846 est
1182 2788 1236 2844 in
1292 2784 1620 2842 scribendo?
1652 2783 1838 2853 Neque

235 2891 386 2947 enim
431 2887 522 2943 hic
563 2885 631 2942 ad
676 2887 821 2941 illam
871 2882 1160 2954 confugere
1201 2881 1605 2938 excusationem
1660 2885 1835 2948 potes.

235 2981 370 3037 llznc
395 2987 574 3035 autem
603 2993 632 3031 a
664 2991 751 3032 me
775 2975 974 3031 idcirco
990 2974 1260 3036 dicuntur,
1283 2971 1429 3043 quod
1448 2985 1568 3025 cum
1601 2977 1835 3035 sextam,

239 3083 300 3127 ut
329 3071 579 3142 equidem
610 3069 876 3133 arbitror,
901 3066 967 3122 ad
1009 3077 1059 3121 te
1088 3064 1327 3121 miserim
1356 3063 1493 3118 hanc
1517 3062 1800 3134 epistolam
1818 3100 1837 3128 ,

237 3164 376 3219 duas
402 3172 607 3218 tantum
635 3177 663 3214 a
687 3160 966 3216 nobilitate
990 3169 1077 3213 tua
1108 3148 1428 3228 receperim.
1457 3156 1838 3211 Verumtamen

237 3257 357 3313 sive
394 3255 621 3321 scribas,
663 3255 775 3309 sive
799 3261 1002 3316 taceas,
1031 3266 1151 3321 qua:
1195 3258 1500 3305 nostrarum
1549 3256 1676 3302 sunt
1717 3262 1842 3316 par-

240 3349 418 3414 tium,
471 3354 729 3418 praestare
770 3359 881 3400 non
922 3343 1253 3399 desinemus.
1300 3342 1418 3397 Non
1457 3341 1601 3396 enim
1642 3340 1842 3396 veteris

239 3445 388 3499 illius
402 3457 464 3498 ac
486 3442 711 3496 sincerae
740 3439 1032 3510 poterimus
1049 3437 1298 3500 amicitiae
1325 3443 1429 3490 tu:e
1454 3433 1718 3499 oblivisci,
1746 3432 1841 3488 sed

240 3536 516 3607 vigentem
567 3532 713 3587 illam
751 3539 1013 3602 perpetuo
1043 3531 1372 3593 retinemus,
1421 3536 1476 3581 et
1518 3526 1728 3595 quoties
1763 3523 1842 3578 fa-

240 3628 419 3683 cultas
447 3624 606 3678 datur
626 3663 642 3689 ,
673 3622 977 3676 scribimus.
1007 3619 1272 3686 Quoniam
1303 3627 1482 3672 autem
1527 3616 1596 3671 de
1621 3615 1726 3670 tuis
1754 3630 1840 3670 re-

239 3723 346 3778 bus
371 3718 526 3774 valde
548 3716 762 3773 solliciti
788 3729 996 3780 sumus,
1025 3713 1210 3768 literas
1231 3725 1446 3782 quoque
1471 3725 1502 3764 a
1529 3719 1578 3766 te
1600 3709 1843 3778 accipere

242 3823 594 3878 summopere
634 3806 1007 3862 desideramus
1029 3844 1043 3868 ,
1077 3819 1196 3874 qua:
1240 3803 1446 3857 felicem
1472 3801 1542 3856 de
1581 3810 1667 3855 tua
1699 3800 1842 3855 vale-

245 3903 435 3960 tudine
477 3900 720 3956 nuntium
768 3899 962 3953 ferant.
1009 3895 1131 3952 Noli
1182 3909 1312 3965 ergo
1359 3909 1459 3949 nos
1507 3894 1611 3948 hoc
1653 3891 1845 3948 solatio

243 3995 462 4065 privare
493 4009 505 4046 :
529 3990 625 4046 sed
653 4005 774 4046 cum
807 4003 912 4043 non
943 3997 994 4042 te
1019 3987 1202 4050 lateat,
1229 3992 1430 4055 quanto
1452 3998 1550 4038 nos
1578 3982 1844 4039 beneficio

247 4087 344 4142 tibi
376 4083 681 4149 devincias,
728 4081 941 4136 tametsi
981 4079 1311 4134 laboriosum
1354 4085 1439 4132 est
1478 4075 1748 4142 scribere,
1790 4075 1843 4128 in

245 4177 477 4248 gratiam
508 4174 700 4241 nostri,
729 4174 818 4245 qui
853 4183 905 4228 te
942 4172 1188 4241 impense
1214 4169 1512 4241 diligimus,
1547 4167 1690 4223 hunc
1713 4182 1846 4238 quo-

244 4285 357 4340 que
389 4267 624 4323 laborem
651 4267 886 4336 suscipe,
914 4262 1087 4334 deque
1117 4271 1205 4318 tua
1235 4263 1464 4318 sanitate
1492 4276 1591 4316 nos
1615 4260 1698 4316 fac
1723 4274 1845 4315 cer-

247 4362 454 4424 tiores,
507 4361 596 4430 qui
645 4357 713 4413 de
763 4355 855 4412 illa
898 4354 1136 4426 quotidie
1188 4353 1459 4426 quidpiam
1515 4353 1845 4424 intelligendi

249 4467 466 4507 summo
493 4449 760 4507 desiderio
788 4456 1052 4504 tenemur.

326 4581 594 4639 CLXXX.
620 4581 847 4654 Hypatio
863 4579 1168 4652 presbytero.
1194 4577 1425 4652 (Cucuso
1449 4593 1590 4635 anno
1623 4577 1774 4650 405.)

205 4782 228 4791 ,
326 4717 628 4788 Numquam
658 4724 713 4772 te
742 4715 956 4771 beatum
1000 4713 1294 4784 praedicare
1332 4711 1609 4776 desinam,
1650 4712 1720 4768 ob
1747 4728 1844 4783 pa-

254 4811 532 4878 tientiam,
578 4808 967 4874 fortitudinem,
1013 4806 1352 4862 tolerantiam
1400 4807 1642 4871 multam,
1689 4821 1846 4876 quam

253 4902 578 4966 exhibuisti,
608 4909 664 4956 et
687 4901 910 4956 exhibes
939 4900 988 4954 in
1017 4899 1418 4955 tentatiouibus.
1450 4898 1682 4969 ldipsum
1711 4913 1848 4968 quo-

251 5011 363 5067 que
390 4995 660 5066 prioribus
688 4994 780 5050 tibi
809 4995 822 5025 Â¹
849 4993 1015 5047 literis
1042 4992 1352 5062 signiï¬cavi,
1378 4991 1643 5062 duplicem
1665 5005 1727 5046 ac
1759 4992 1851 5046 tri-

257 5089 458 5160 pliccm
487 5088 675 5143 horum
704 5101 865 5141 causa
903 5095 955 5140 te
980 5100 1197 5140 manere
1240 5083 1578 5150 mercedem,
1619 5093 1671 5138 et
1709 5083 1851 5155 quod

253 5191 464 5237 tantam
515 5179 868 5235 constantiam
918 5193 1030 5248 pra:
1083 5186 1134 5231 te
1184 5175 1356 5244 feras,
1411 5186 1740 5245 creterosque
1784 5174 1853 5230 ad

256 5271 510 5329 eumdem
560 5271 732 5326 zelum
791 5268 1066 5340 impellas,
1110 5266 1237 5321 dum
1285 5267 1338 5320 in
1389 5273 1535 5320 tanta
1576 5275 1853 5322 senectute

258 5372 467 5419 tantam
494 5376 590 5432 pro
623 5361 820 5431 populo
843 5359 1312 5430 persequutionem
1342 5371 1499 5427 passo
1524 5356 1853 5411 alacritatem

261 5453 427 5508 animi
479 5451 720 5507 exhibes.
773 5451 1040 5521 Cuperem
1095 5449 1341 5518 equidem
1390 5447 1455 5502 ad
1501 5449 1852 5502 reverentiam

266 5555 415 5598 tuam
447 5556 593 5612 saepe
620 5542 857 5597 scribere
886 5559 900 5595 :
928 5541 1020 5596 sed
1045 5540 1295 5610 quoniam
1335 5539 1387 5594 id
1419 5538 1574 5595 facile
1599 5557 1704 5595 non
1736 5550 1853 5608 est,

267 5647 380 5691 tum
409 5644 626 5705 propter
661 5634 942 5689 hibernum
979 5643 1208 5704 tempus,
1247 5642 1358 5686 tum
1398 5641 1618 5703 propter
1655 5641 1856 5689 metum

267 5725 600 5798 prmdonum,
626 5725 832 5796 locique
861 5726 912 5779 in
941 5741 1050 5796 quo
1072 5724 1315 5796 degimus
1340 5723 1701 5792 solitudinem,
1724 5740 1857 5795 quo-

344 5839 364 5874 Î¹
389 5841 464 5890 sic
485 5851 660 5890 omnes
681 5837 788 5888 fere
817 5845 924 5886 uss.
960 5837 1079 5886 Edit.
1093 5873 1109 5887 .
1134 5834 1296 5893 itaque
1317 5834 1558 5902 prioribus
1581 5835 1727 5889 etiam
1748 5833 1852 5888 tibi.

583 5935 853 5998 Î¡Î‘Ï„ÎºÎ¿á¿‘Î¹Î¿
910 5945 1026 6013 Gn.
1075 5949 1200 6017 LII.

1665 381 2053 441 EPISTOLE.
2547 390 2600 398 "â€˜
2803 391 2827 425 â€™Î´

3433 392 3539 450 7H

1945 495 2044 552 ties
2074 493 2301 553 facultas
2329 497 2520 567 datur,
2556 500 2806 570 pietatem
2840 512 2983 561 tuam
3010 505 3303 562 salutamus
3323 547 3338 572 ,
3375 517 3542 580 utque

1942 590 2011 644 ad
2041 603 2140 644 nos
2176 604 2335 660 quam
2367 591 2667 662 sepissime
2705 595 2911 651 scribas
2937 599 3188 667 petimus,
3216 612 3282 654 ac
3327 597 3540 654 felicem

1943 679 2012 736 de
2038 689 2126 736 tua
2153 682 2458 740 valetudine
2497 685 2743 742 nuntium
2787 689 3000 754 mittas;
3031 681 3154 745 nam
3183 693 3444 748 certiores
3477 693 3543 750 de

1944 774 2034 829 illa
2077 775 2190 830 fieri
2232 791 2555 846 magnopere
2603 778 2992 837 desideramus.
3037 782 3540 840 Revereudissimos

1941 882 2157 938 quoque
2180 867 2437 924 diaconos
2461 869 2756 927 Eusebium
2777 881 2836 928 et
2871 873 3294 945 Lamprotatum,
3328 877 3417 946 qui
3446 877 3540 931 tibi

1941 968 2224 1015 consortes
2249 976 2608 1017 aerumna-rum
2650 963 2900 1032 fuerunt,
2933 965 3121 1022 beatos
3163 967 3538 1038 prredicamus.

1941 1051 2057 1106 Non
2084 1053 2228 1108 enim
2260 1054 2536 1122 ignoratis,
2567 1056 2754 1126 quales
2794 1073 2889 1114 vos
2916 1059 2986 1114 ob
3007 1061 3106 1115 ista
3151 1068 3402 1116 maneant
3443 1075 3540 1116 co-

1943 1160 2116 1211 ronae,
2142 1155 2340 1216 quanta
2374 1162 2614 1216 merces,
2659 1159 2857 1220 quanta
2907 1152 3210 1208 retributio.
3251 1153 3382 1221 Qua:
3415 1169 3537 1209 cum

1943 1237 2098 1292 vobis
2127 1237 2406 1308 explorata
2432 1239 2560 1306 sint,
2593 1241 2813 1298 stabiles
2835 1251 2889 1297 et
2915 1245 3120 1299 immoti
3145 1256 3490 1315 perseverate
3520 1265 3532 1300 :

1943 1331 2214 1400 copiosam
2242 1331 2386 1386 enim
2409 1333 2558 1388 vobis
2594 1334 2735 1388 Deus
2762 1334 3032 1405 patientia:
3074 1338 3375 1394 mercedem
3417 1355 3540 1410 per-

1942 1421 2155 1489 solvet,
2186 1437 2249 1478 ac
2274 1425 2560 1493 praesentia
2587 1425 2728 1480 mala
2753 1427 2860 1480 cito
2887 1425 3139 1498 depellct.
3179 1429 3445 1484 Cmtcrum
3476 1430 3540 1483 li-

1947 1523 2088 1570 teras
2114 1515 2180 1569 ad
2210 1531 2308 1570 nos
2336 1531 2493 1586 quam
2536 1517 2898 1573 creberrimas
2937 1520 3160 1586 mittite,
3204 1536 3324 1591 quae
3361 1522 3537 1575 laetum

1942 1607 2010 1661 de
2037 1599 2214 1662 vestra
2238 1609 2543 1664 valetudine
2573 1610 2820 1664 nuntium
2849 1611 3044 1675 ferant,
3073 1612 3142 1668 de
3180 1629 3283 1683 qua
3315 1614 3542 1671 subinde

1941 1698 2139 1769 aliquid
2164 1699 2351 1754 audire
2376 1699 2729 1757 vehementer
2757 1714 3023 1772 optamus.

2066 1829 2366 1887 CLXXXI.
2397 1833 2685 1906 Episwpis.
2716 1836 2911 1906 (Anno,
2933 1846 2989 1891 ut
3012 1846 3248 1908 putatur,
3268 1839 3424 1910 406.)

2017 1965 2084 2020 Î•Î¹
2112 1982 2232 2037 qua:
2270 1968 2464 2023 invasit
2493 1969 2762 2027 Ecclesias
2791 1970 3026 2028 Orientis
3051 1974 3384 2044 perturbatio
3404 2015 3420 2041 ,
3445 1991 3539 2031 ve-

1945 2056 2346 2114 hementissima
2372 2058 2475 2115 fuit
2499 2076 2560 2116 ac
2587 2063 2862 2132 multiplex
2883 2104 2897 2128 ,
2923 2073 2978 2119 et
3005 2079 3254 2133 magnum
3296 2065 3450 2120 simul
3482 2077 3539 2122 et

1942 2149 2242 2219 impensum
2266 2152 2499 2207 studium
2527 2153 2659 2209 illud
2689 2153 2808 2221 fuit,
2837 2155 2981 2226 quod
3003 2156 3068 2210 ad
3100 2171 3216 2211 eam
3241 2157 3531 2212 sedandam

1945 2241 2116 2310 pietas
2138 2252 2312 2298 vestra
2335 2244 2581 2299 contulit.
2606 2245 2759 2314 Quod
2785 2246 2829 2301 si
2854 2247 2990 2302 forte
3015 2248 3276 2303 nihildum
3296 2250 3539 2306 utilitatis

1942 2330 2066 2387 inde
2091 2335 2452 2403 promanarit,
2482 2348 2577 2392 eos
2603 2337 2821 2408 quidem
2856 2339 2944 2408 qui
2975 2339 3293 2394 medicinam
3324 2357 3538 2397 omnem

1943 2434 2320 2495 aspernantur,
2351 2443 2528 2498 neque
2561 2430 2789 2484 correcti
2817 2439 2958 2495 sunt,
2995 2430 3225 2486 miseros
3253 2431 3532 2501 ducimus,

1942 2530 2041 2570 vos
2063 2525 2240 2572 autem
2272 2517 2492 2574 laudare
2515 2519 2806 2590 beatosque
2833 2521 3126 2591 prmdicare
3147 2537 3254 2576 non
3277 2523 3544 2579 intermit-

1944 2607 2126 2675 timus,
2154 2608 2296 2678 quod
2341 2624 2462 2665 cum
2491 2620 2596 2666 tam
2627 2611 2880 2667 diuturno
2917 2614 3101 2686 elapso
3143 2625 3386 2686 tempore
3424 2634 3540 2673 mc-

1943 2696 2133 2752 liorem
2178 2700 2228 2753 in
2280 2709 2475 2755 statum
2519 2702 2728 2757 restitui
2776 2718 2864 2758 res
2892 2719 2996 2758 non
3040 2708 3331 2775 potuerint,
3373 2709 3539 2780 frangi

1943 2797 2124 2845 tamen
2147 2806 2210 2847 ac
2237 2791 2506 2848 debilitari
2541 2809 2636 2849 vos
2677 2810 2781 2849 non
2813 2796 3032 2864 sinatis,
3057 2813 3156 2852 nec
3183 2797 3422 2853 animum
3442 2799 3539 2854 dc-

1945 2885 2277 2956 spondeatis,
2304 2887 2400 2944 sed
2445 2888 2686 2956 instetis,
2709 2897 2765 2944 et
2797 2900 3016 2945 strenue
3054 2891 3365 2963 fortiterque
3389 2892 3542 2947 auxi-

1943 2977 2070 3032 lium
2098 2976 2282 3033 feratis
2303 3020 2316 3044 ,
2346 2979 2488 3049 quod
2519 2980 2573 3034 in
2615 2980 3120 3036 condemnationem
3169 2983 3312 3037 cedit
3350 2998 3538 3040 eorum

1943 3071 2034 3141 qui
2087 3071 2228 3127 ferre
2275 3088 2374 3128 nos
2411 3073 2620 3138 nolunt,
2661 3089 2889 3129 coronas
2932 3086 3110 3130 autem
3163 3084 3439 3147 comparat
3486 3088 3542 3132 et

1942 3165 2162 3235 praemia
2207 3165 2437 3235 plurima
2480 3166 2657 3221 studio
2702 3165 2844 3237 quod
2873 3181 2905 3221 a
2937 3167 3090 3222 vobis
3119 3166 3423 3224 adhibetur.
3453 3168 3538 3224 ld-

1943 3256 2089 3311 circo
2130 3257 2409 3313 nobiscum
2455 3273 2681 3323 omnes,
2726 3259 2817 3328 qui
2856 3258 3162 3314 universum
3204 3261 3389 3316 orbem
3431 3269 3542 3317 ter-

1945 3362 2125 3402 rarum
2172 3349 2435 3417 incolunt,
2487 3365 2584 3406 vos
2623 3351 2948 3421 prmdieant,
2978 3360 3033 3407 et
3067 3366 3265 3408 corona
3306 3353 3542 3422 donant,

1945 3441 2087 3510 quod
2115 3449 2262 3497 tanto
2285 3442 2412 3497 licet
2434 3442 2718 3498 intervallo
2751 3443 3088 3512 disjuuctos,
3120 3459 3296 3514 neque
3337 3445 3545 3503 itineris

1945 3533 2242 3604 longitudo,
2273 3550 2447 3605 neque
2473 3535 2731 3605 temporis
2757 3535 3106 3605 intercapedo
3129 3536 3546 3606 negligentiores

1945 3625 2258 3692 reddiderit,
2282 3625 2377 3680 sed
2406 3625 2556 3695 quasi
2583 3625 2745 3679 vicini
2791 3625 2982 3680 essetis
3024 3640 3210 3680 eorum
3240 3643 3360 3696 quae
3389 3643 3544 3698 gere-

1947 3716 2168 3784 bantur,
2228 3726 2390 3788 alque
2443 3716 2573 3786 ipsis
2627 3716 2796 3772 oculis
2837 3731 2898 3771 ea
2929 3731 3048 3786 qua:
3102 3719 3548 3787 perpetrabantur

1947 3811 2156 3866 scelera
2203 3810 2611 3880 eonspiceretis,
2661 3811 2732 3865 ita
2772 3809 2980 3864 fortiter
3021 3821 3380 3882 strenueque,
3423 3827 3545 3882 qua:

1947 3912 2246 3958 vestrarum
2272 3909 2427 3957 erant
2453 3902 2704 3972 partium,
2739 3909 2998 3971 praestare
3026 3901 3359 3957 studueritis.
3392 3903 3544 3970 Quod

1949 3995 1993 4049 si
2017 3993 2240 4049 necdum
2271 3993 2591 4062 importuna:
2616 4007 2727 4047 sua:
2747 3992 3077 4048 contentioni
3100 4002 3156 4048 et
3184 3993 3383 4063 injusto
3409 3994 3546 4048 bello

1951 4087 2110 4152 finem
2142 4087 2418 4154 imponere
2461 4085 2673 4152 volunt,
2703 4085 2793 4156 qui
2837 4084 3028 4139 horum
3068 4100 3099 4139 a
3139 4086 3400 4157 principio
3429 4102 3546 4140 ma-

1948 4181 2121 4237 lorum
2151 4190 2398 4236 auctores
2425 4179 2656 4245 fuerunt,
2681 4195 2750 4235 ne
2775 4194 2870 4234 vos
2897 4182 3182 4235 conturbet
3209 4179 3374 4244 istud,
3408 4195 3544 4235 neve

1953 4273 2164 4328 animos
2198 4279 2408 4327 vestros
2446 4271 2726 4327 debilitet:
2755 4280 2956 4343 quanto
2998 4272 3140 4328 enim
3184 4272 3356 4342 major
3397 4274 3549 4328 vobis

1950 4367 2190 4422 exoritur
2229 4365 2400 4432 labor,
2446 4372 2596 4419 tanto
2627 4365 2790 4421 etiam
2834 4365 3005 4434 major
3041 4381 3238 4420 corona
3279 4375 3545 4431 nectetur,

1951 4473 2073 4513 cum
2100 4459 2240 4514 Deus
2277 4473 2471 4513 arcana
2499 4457 2589 4512 illa
2627 4467 2681 4514 et
2724 4457 3032 4525 ineffabilia,
3059 4474 3280 4528 qumque
3325 4474 3540 4514 onmem

1953 4564 2260 4606 sermonem
2281 4548 2570 4616 excedunt,
2603 4549 2822 4620 prwmia
2846 4549 2999 4603 vobis
3033 4549 3341 4604 constituet.

2025 4663 2362 4722 CLXXXII.
2421 4663 2634 4719 Venerio
2682 4664 2918 4735 episcopo
2962 4661 3334 4719 Mediolanensi
3375 4665 3472 4736 (Î±).

2563 4754 2743 4828 (Anno
2787 4755 2890 4812 406
2903 4757 2940 4828 .)

2025 4891 2224 4947 Omnes
2249 4889 2463 4962 quidem
2493 4888 2859 4945 fortitudinem
2892 4898 3147 4956 vestram,
3178 4905 3241 4945 ac
3272 4891 3542 4957 fiduciam,

1955 4994 2009 5041 et
2039 5000 2137 5056 pro
2167 4984 2394 5040 veritate
2431 4983 2682 5055 loquendi
2723 4984 3022 5039 libertatem
3056 4985 3214 5038 etiam
3255 4995 3413 5040 antea
3453 5003 3552 5042 no-

1956 5084 2183 5130 verant:
2215 5075 2310 5130 scd
2345 5075 2648 5130 accuratius
2676 5075 2969 5129 fraternum
3003 5084 3238 5130 vestrum
3279 5091 3551 5143 amorem,

1959 5168 2259 5234 caritatem,
2277 5166 2614 5238 religionem,
2637 5166 2859 5221 multam
2882 5167 3428 5234 commiserationem,
3452 5169 3552 5222 sol-

1960 5257 2293 5314 licitudinem
2340 5259 2702 5313 Ecclesiarum
2742 5259 2843 5312 hoc
2873 5266 3082 5329 tempus
3119 5259 3388 5314 indicavit.
3416 5259 3550 5315 Nam

1961 5351 2373 5423 gubernatorem
2397 5366 2610 5420 quoque
2636 5351 2800 5406 maris
2827 5361 3116 5422 tempestas
3145 5353 3439 5422 praesertim
3465 5353 3552 5407 in.

1961 5443 2139 5507 dicat,
2197 5453 2251 5498 et
2313 5443 2574 5511 optimum
2629 5443 2891 5498 medicum
2946 5443 3216 5513 graviores
3265 5457 3552 5511 corporum

1963 5535 2175 5590 morbi:
2206 5534 2284 5589 sic
2323 5542 2378 5589 et
2416 5534 2563 5589 illum
2606 5537 2696 5605 qui
2754 5535 3004 5606 religiose
3039 5535 3201 5589 vitam
3244 5548 3398 5590 suam
3437 5543 3542 5588 tra-

2028 5707 2103 5771 (a)
2136 5708 2381 5772 Venerius,
2401 5706 2772 5758 Mediolanensis
2795 5707 2853 5772 ad
2875 5709 3263 5772 Chrysostomum
3293 5707 3552 5770 scripsisse

1965 5769 2121 5821 fertur
2144 5773 2269 5833 apud
2295 5771 2552 5820 Palladium
2575 5774 2625 5821 in
2647 5779 2666 5814 \
2683 5773 2747 5820 ita
2765 5769 3081 5834 Chrysostomi
3099 5785 3205 5832 cap.
3228 5771 3276 5821 4.
3301 5769 3554 5822 Î—á½¶ÏƒÎµÎ¹Î¹ÎµÎ·Î¹

1966 5842 2372 5886 commemoratur
2389 5847 2538 5896 supra
2561 5835 2608 5884 in
2629 5835 2774 5896 epist.
2791 5833 3054 5884 Innocentii
3079 5834 3138 5882 ad
3155 5834 3555 5898 Chrysostomum.

3104 5928 3174 5987 21
