3950 6380
405 385 506 448 715

401 509 600 565 ducere
619 501 842 566 studuit,
863 513 924 554 ac
942 496 1103 552 multa
1122 493 1377 565 praeditus
1399 499 1482 547 cst
1501 485 1837 555 fortitudine,
1861 491 1996 540 tem-

406 613 596 668 porum
646 592 987 651 difficultates
1041 586 1354 643 ostendunt.
1419 581 1576 652 Quod
1625 579 1778 636 vobis
1833 577 1998 634 etiam

409 690 653 761 contigit,
683 698 740 742 et
769 692 1023 756 quantum
1053 681 1103 736 in
1126 679 1282 735 vobis
1307 673 1638 744 fuit,-omnia
1684 671 1821 726 bene
1870 682 1997 724 suc-

406 789 704 847 cesserunt,
729 792 900 848 neque
925 776 1032 831 ulla
1055 788 1176 844 pars
1196 770 1360 827 officii
1381 767 1545 824 vestri
1571 763 1874 822 desiderata
1891 768 1996 817 est.

411 877 514 931 Sed
549 873 801 945 quoniam
834 870 907 924 illi
935 867 1026 938 qui
1050 867 1231 922 turbas
1269 863 1600 928 excitarunt,
1635 867 1691 915 et
1727 856 1996 921 excitant,

399 981 476 1022 eo
521 964 808 1021 dementiae
857 970 982 1016 sunt
1033 957 1332 1030 progressi,
1377 963 1436 1009 ut
1473 967 1580 1008 non
1617 949 1780 1006 modo
1821 948 2000 1018 priora

406 1062 640 1132 gessisse
667 1059 788 1113 illos
815 1071 920 1111 non
947 1053 1162 1125 pudeat,
1193 1051 1286 1106 sed
1317 1049 1423 1104 illis
1452 1047 1611 1103 etiam
1635 1043 1878 1116 graviora
1909 1055 2002 1112 pa-

411 1165 551 1209 trare
572 1150 939 1212 contendant,
962 1160 1150 1203 onmes
1175 1159 1272 1200 vos
1298 1141 1459 1197 simul
1487 1141 1740 1195 cohortor
1758 1179 1773 1202 ,
1803 1145 1861 1189 ut
1886 1133 1999 1188 for-

411 1247 670 1300 tissimam
725 1241 1056 1296 alacritatem
1107 1237 1270 1291 animi
1324 1231 1659 1294 adhibeatis,
1711 1242 1886 1299 neque
1932 1225 2002 1281 de

408 1347 556 1394 tanto
583 1335 760 1390 studio
801 1333 1091 1404 quidquam
1133 1328 1448 1393 remittatis,
1483 1324 1577 1380 sed
1615 1321 1743 1378 illud
1771 1319 2002 1391 amplius

408 1430 567 1486 etiam
606 1427 876 1498 augeatis,
925 1425 1051 1478 licet
1087 1422 1383 1478 innumera:
1423 1415 1767 1474 difficultates
1813 1427 2002 1468 occur-

415 1530 556 1578 tant.
580 1521 679 1586 Qui
703 1520 846 1575 enim
880 1516 1120 1587 pluribus
1144 1529 1264 1568 cum
1306 1509 1590 1565 sudoribus
1628 1521 1692 1562 ac
1730 1504 2002 1560 laboribus

412 1627 662 1682 maguum
691 1607 904 1680 aliquod
932 1621 995 1661 ac
1018 1617 1337 1676 generosum
1367 1601 1572 1656 facinus
1593 1597 1841 1662 ediderit,
1871 1595 2003 1652 ubc—

410 1708 608 1761 riorem
638 1703 763 1768 illis,
791 1701 879 1771 qui
913 1699 1064 1754 facile
1089 1712 1154 1752 ac
1184 1695 1333 1751 nullo
1361 1692 1578 1764 negotio
1619 1691 1850 1760 idipsum
1875 1703 1999 1760 ges—

411 1797 611 1862 serint,
662 1792 964 1849 mercedem
1011 1788 1258 1858 accipiet.
1295 1783 1568 1857 Siquidem
1613 1781 1997 1854 Unusquisque,

411 1887 584 1958 inquit
624 1886 812 1941 beatus
857 1881 1075 1947 Paulus,
1126 1879 1388 1951 propriam
1438 1875 1720 1930 mercedem
1764 1873 1999 1944 accipiet,

410 1976 686 2034 secundum
716 1974 976 2046 praprium
1005 1971 1228 2026 laborem
1251 1969 1331 2039 (l.
1371 1967 1492 2024 Cor.
1520 1967 1574 2022 5.
1600 1965 1680 2037 8).
1729 1964 1808 2020 Ne
1845 1963 2002 2035 igitur

411 2069 612 2125 idcirco
636 2068 875 2122 animum
904 2062 1302 2134 despondeatis,
1331 2059 1475 2132 quod
1505 2057 1659 2114 multi
1695 2055 1850 2113 vobis
1887 2056 2002 2111 fue-

411 2162 518 2216 rint
541 2158 844 2216 exantlandi
876 2157 1108 2222 labores,
1137 2154 1232 2210 sed
1264 2155 1366 2208 hoc
1392 2155 1563 2224 ipsum
1591 2150 1759 2223 magis
1783 2163 1880 2206 vos
1909 2165 2003 2206 ex-

412 2255 562 2308 citet.
603 2253 813 2320 Quauto
859 2249 1001 2304 enim
1043 2248 1216 2318 major
1254 2245 1602 2301 afllictionum
1643 2243 1701 2299 fit
1741 2243 2000 2307 accessio,

412 2354 560 2399 tanto
603 2343 772 2414 magis
807 2350 1072 2412 augentur
1114 2353 1355 2406 coronae,
1394 2351 1459 2391 ac
1495 2334 1916 2405 multiplicantur
1941 2348 2002 2388 ea

413 2437 632 2508 prmmia
653 2476 670 2504 ,
699 2450 820 2503 quze
858 2433 1012 2489 vobis
1054 2447 1152 2503 pro
1187 2431 1272 2486 bis
1316 2427 1588 2502 praeclaris
1623 2425 2006 2485 certaminibus

408 2519 799 2585 reconduntur.

500 2663 644 2721 CLX
649 2662 750 2718 XX
755 2663 780 2717 1
793 2661 816 2715 l
826 2661 875 2716 1.
925 2660 1180 2733 Hesychia
1224 2658 1460 2730 episcopo
1508 2655 1778 2714 Statonensi
1817 2652 1916 2727 (α).

1006 2752 1185 2824 (Anno
1222 2749 1375 2822 406.)

483 2886 602 2944 Etsi
633 2901 828 2958 magno
859 2885 1064 2942 itineris
1087 2885 1370 2941 intervallo
1396 2899 1427 2940 a
1453 2884 1755 2942 reverentia
1786 2891 1874 2939 tua
1895 2881 2006 2938 dis-

409 2980 698 3052 jtmgimur,
740 2987 794 3035 et
815 2978 880 3032 ad
902 2987 1177 3046 extremos
1206 2992 1374 3048 usque
1401 2976 1548 3032 orbis
1573 2985 1835 3031 terrarum
1871 2975 2006 3031 fines

406 3075 633 3146 relegati
668 3086 890 3138 sumus;
924 3081 1100 3126 tamen
1139 3070 1240 3125 levi
1273 3069 1513 3126 caritatis
1548 3083 1724 3140 penna
1767 3076 2003 3138 utentes,

409 3181 529 3236 qua:
559 3163 743 3219 faciles
768 3161 948 3218 reddit
973 3161 1236 3233 ejusmodi
1277 3161 1738 3232 peregrinationes
1757 3201 1773 3226 ,
1799 3168 1856 3216 et
1880 3175 2008 3232 pro-

409 3255 594 3328 pinqui
617 3269 803 3310 sumus
827 3253 942 3319 tibi,
966 3263 1020 3309 et
1045 3262 1216 3308 tecum
1247 3265 1544 3318 versamur,
1570 3265 1634 3306 ac
1651 3250 1886 3307 debitam
1911 3266 2006 3321 per

412 3347 597 3404 literas
621 3345 999 3401 salutationem
1022 3342 1406 3411 persolvimus,
1431 3348 1594 3412 teque
1621 3341 1922 3406 hortamur,
1948 3348 2008 3396 ut

411 3440 477 3496 ad
502 3436 766 3508 juvandas
808 3435 1042 3492 Orientis
1083 3433 1354 3490 Ecclesias
1388 3432 1720 3489 conveniens
1771 3431 2004 3488 studium

411 3526 688 3587 adhibeas.
718 3526 837 3584 Scis
880 3526 1026 3582 enim
1053 3533 1250 3596 quanta
1278 3524 1348 3579 sit
1386 3531 1570 3595 parata
1601 3537 1809 3579 merces
1843 3523 1893 3579 ei
1915 3525 2004 3593 qui

413 3621 675 3679 divexatis
703 3619 957 3676 Ecclesiis
981 3632 1198 3672 manum
1223 3615 1540 3687 porrexerit,
1568 3624 1624 3671 et
1649 3623 1848 3671 tantam
1875 3630 2000 3686 pro-

410 3715 604 3772 cellam
631 3714 686 3769 in
713 3713 1151 3784 tranquillitatem
1176 3710 1522 3779 converterit,
1552 3724 1615 3766 ac
1643 3709 2007 3766 bellumadeo

411 3823 574 3878 grave
600 3805 930 3864 restinxerit.
963 3806 1137 3876 Atque
1177 3803 1243 3858 ad
1276 3803 1391 3859 haec
1417 3817 1515 3858 vos
1541 3803 1821 3857 hortamur
1844 3843 1860 3870 ,
1897 3816 2004 3856 non

412 3899 565 3971 quasi
590 3897 958 3955 admonitione
984 3907 1167 3952 nostra
1206 3895 1521 3967 indigeatis;
1551 3894 1815 3966 siquidem
1850 3905 2006 3950 ante-

412 4007 571 4063 quam
594 4001 806 4047 nostras
830 3991 1015 4046 literas
1033 3989 1399 4060 accepissetis,
1429 4003 1550 4059 quae
1573 3987 1741 4045 vestri
1769 3988 2008 4044 muneris

413 4092 591 4154 erant,
635 4084 737 4155 ipsi
777 4083 1103 4154 prmstitistis
1149 4099 1162 4136 :
1209 4080 1302 4136 sed
1350 4080 1472 4151 quia
1522 4079 1758 4135 nondum
1799 4079 2008 4134 sublata

412 4185 539 4235 sunt
563 4177 723 4242 mala,
758 4175 852 4231 sed
879 4174 1053 4230 adhuc
1086 4173 1267 4244 vigent
1305 4182 1359 4226 et
1386 4181 1599 4244 urgent,
1628 4186 1843 4227 oramus
1868 4187 1967 4228 vos
1989 4215 2006 4240 ,

416 4278 474 4324 ut
513 4282 584 4322 ne
626 4267 806 4322 animo
853 4262 1184 4328 concidatis,
1227 4277 1402 4332 neque
1439 4263 1592 4317 malis
1630 4262 1872 4331 cedatis,
1913 4263 2010 4319 sed

415 4357 669 4431 quamdiu
700 4365 918 4412 manent
945 4355 1157 4419 ulcera,
1186 4353 1377 4422 quibus
1416 4352 1675 4409 Ecclesiae
1703 4368 1898 4425 corpus
1926 4353 2012 4408 af-

418 4453 636 4524 fligitur,
664 4458 842 4507 vestra
867 4448 1258 4504 medicamenta
1285 4445 1601 4502 adhibeatis.
1626 4447 1838 4516 Quanto
1867 4447 2011 4503 enim

421 4543 662 4615 pluribus
688 4558 810 4598 cum
831 4539 1104 4596 laboribus
1135 4554 1222 4595 res
1239 4549 1518 4609 geruntur,
1547 4548 1694 4596 tanto
1723 4541 1874 4598 vobis
1900 4556 2014 4597 am-

423 4636 561 4706 plior
587 4635 750 4690 etiam
778 4646 989 4688 merces
1018 4631 1393 4688 constituetur.

421 4767 697 4826 CLXXXI
717 4768 775 4825 V.
795 4767 1079 4823 Gaudentio
1099 4768 1333 4839 episwpo
1345 4767 1590 4824 Brixiano
1611 4768 1711 4841 (b).
1739 4769 1939 4841 (Anno,
1960 4781 2018 4827 ut

1026 4867 1258 4931 putatur,
1288 4861 1442 4932 406.)

487 4995 638 5076 ‘Nihil
664 5009 762 5050 nos
797 4995 926 5052 latet
955 5011 1134 5053 rerum
1168 5005 1402 5064 tuarum,
1435 4995 1532 5051 sed
1565 4985 1839 5069 tamquam
1882 5014 2018 5068 prae-

425 5096 608 5144 sentes
648 5086 817 5158 probe
857 5088 1108 5144 novimus
1149 5087 1383 5144 studium
1429 5095 1610 5151 tuum,
1660 5089 2012 5160 vigilantiam,

427 5196 607 5250 curas,
638 5179 852 5236 labores
894 5195 1029 5251 quos
1069 5196 1169 5251 pro
1205 5181 1434 5236 veritate
1480 5182 1786 5252 suscepisti,
1817 5183 2018 5254 tibique

432 5278 676 5347 ingentes
699 5273 901 5345 gratias
935 5275 1141 5344 agimus
1169 5291 1182 5326 :
1222 5289 1398 5345 neque
1436 5273 1761 5330 mediocrem
1791 5277 1843 5331 in
1871 5283 2018 5332 tanta

429 5371 686 5440 degentes
715 5366 1000 5424 solitudine
1029 5367 1450 5423 consolationem
1500 5367 1777 5425 haurimus
1815 5386 1880 5426 ex
1913 5378 2018 5427 tua:

429 5461 668 5516 caritatis
691 5458 884 5514 ardore
917 5473 982 5512 ac
1023 5457 1350 5525 sinceritate,
1391 5458 1562 5528 cujus,
1591 5459 1716 5514 dum
1757 5461 1844 5517 hic
1873 5463 2018 5534 peri-

433 5553 608 5607 rulum
652 5551 908 5618 fecimus,
940 5549 1060 5605 istic
1105 5563 1318 5620 quoque
1347 5553 1608 5620 integram
1657 5551 1803 5606 illam
1841 5553 2018 5625 vigere

494 5663 566 5729 (α)
603 5664 866 5729 Hesychius
902 5661 1184 5732 Salonensis
1221 5662 1476 5732 episcopus
1513 5661 1600 5714 ille
1639 5670 1837 5726 putatur
1874 5680 2017 5732 esse,

433 5725 571 5786 cujus
593 5725 755 5775 exstat
776 5725 1152 5774 commentarius
1171 5725 1221 5773 in
1240 5725 1517 5774 Leviticum.

498 5786 573 5847 (ὑ)
599 5788 848 5837 Gaudentii
873 5787 1079 5849 Brixiani
1105 5786 1316 5849 episcopi
1336 5794 1531 5849 exstant
1551 5799 1806 5840 sermones
1829 5792 1877 5842 in
1900 5799 2022 5847 Exo-

435 5845 627 5897 dum'et
649 5849 698 5896 iu
721 5845 997 5910 Evangelia,
1022 5845 1170 5911 atque
1193 5845 1285 5898 alia
1308 5848 1528 5914 quantum
1551 5851 1798 5913 opuscula.

1138 371 1196 436 S.
1236 371 1513 433 JOANNIS
1550 363 2026 428 CllRYSOSTOMl
2063 363 2384 427 ARCHIEP.
2423 365 2968 426 CONSTANTI‘NOP.
3591 367 3687 424 7lfi

2105 485 2474 555 cognovimus,
2505 501 2604 541 nec
2631 487 2738 541 ullo
2759 487 2918 542 modo
2937 494 3038 542 aut
3051 490 3306 559 temporis
3325 489 3679 550 diuturnitate

2102 586 2195 632 aut
2241 577 2448 634 itineris
2492 578 2818 649 longitudine
2845 580 3172 636 debilitatam
3214 582 3396 639 fuisse.
3444 585 3564 653 Quo
3603 601 3693 639 no-

2109 667 2252 722 mine
2279 669 2499 724 multam
2530 669 2622 724 tibi
2651 670 2875 756 gratiam
2904 669 3181 736 habemus,
3213 683 3369 744 teque
3397 674 3695 743 hortamur,

2103 771 2162 815 ut
2220 761 2274 815 in
2332 762 2576 818 instituto
2613 777 2836 834 pergas,
2897 773 2952 819 et
2992 764 3132 819 idem
3189 780 3407 837 semper
3460 769 3696 823 studium

2105 867 2216 924 pra:
2247 862 2299 910 te
2341 855 2504 910 feras.
2554 855 2670 910 Non
2695 857 2840 912 enim
2880 857 3113 928 ignoras,
3157 868 3289 930 quot
3331 859 3695 916 Ecclesiarum

2105 946 2253 1001 salus
2281 961 2422 1002 nunc
2443 956 2629 1018 agatur
2648 990 2664 1015 ,
2685 956 2741 1003 et
2769 964 2927 1018 quam
2954 949 3208 1004 eximium
3238 949 3472 1006 futurum
3505 953 3574 1007 sit
3599 952 3699 1007 hoc

2105 1055 2261 1110 opus.
2290 1041 2416 1097 Haec
2446 1042 2605 1112 igitur
2625 1042 2886 1112 cogitans,
2910 1041 3127 1098 domine
3155 1043 3226 1098 mi
3251 1043 3698 1100 reverendissime

2104 1146 2168 1187 ac
2199 1132 2636 1202 religiosissime,
2668 1134 2720 1208 in
2762 1133 2954 1194 eodem
2997 1134 3176 1190 studio
3217 1150 3568 1206 perseverare
3615 1135 3699 1190 di-

2105 1239 2270 1296 gnare
2302 1243 2315 1278 :
2342 1224 2419 1280 sic
2446 1224 2589 1280 enim
2617 1224 2727 1291 fiet,
2757 1234 2816 1280 ut
2844 1227 3050 1296 exiguis
3074 1227 3349 1283 laboribus
3388 1229 3697 1295 exantlatis,

2107 1317 2432 1374 immortalia
2476 1319 2629 1375 vobis
2656 1335 2756 1391 pro
2801 1319 2886 1375 his
2917 1321 3191 1392 praeclaris
3227 1323 3611 1378 certaminibus
3647 1325 3700 1379 in

2104 1409 2238 1464 ca-lo
2269 1411 2484 1480 prmmia
2523 1411 2848 1468 recondatis.

2175 1547 2496 1605 CLXXXV.
2546 1549 2813 1607 Pentadio:
2849 1553 3166 1609 diaconime.
3205 1554 3384 1628 (Anno
3415 1556 3542 1622 405,
3573 1564 3630 1612 ut

2771 1645 3034 1718 putatur.)

2177 1777 2441 1832 Diuturno
2461 1777 2677 1833 silentio
2697 1793 2791 1833 usa
2818 1793 2898 1844 es,
2922 1779 3132 1834 tametsi
3158 1779 3308 1836 multi
3333 1788 3486 1835 erant
3513 1781 3604 1852 qui
3628 1781 3695 1836 ad

2105 1883 2205 1925 nos
2228 1869 2383 1925 istinc
2399 1869 2885 1940 proficiscerentur.
2905 1869 3043 1938 Quid
3067 1884 3196 1942 ergo
3215 1871 3430 1927 tandem
3454 1872 3505 1927 iu
3533 1887 3690 1928 causa

2107 1961 2242 2016 fuit?
2270 1977 2397 2017 num
2433 1977 2614 2016 rerum
2644 1961 3006 2031 perturbatio?
3041 1962 3228 2028 Absit;
3269 1961 3371 2017 hoc
3403 1978 3502 2034 ego
3542 1963 3611 2019 de
3649 1975 3698 2020 te

2106 2067 2396 2123 numquam
2417 2052 2642 2107 dixerim
2670 2070 2684 2106 :
2714 2053 2836 2108 novi
2858 2054 3054 2123 quippe
3079 2069 3324 2124 magnum
3353 2065 3407 2110 et
3430 2057 3699 2111 excelsum

2105 2145 2542 2211 animum~tuum,
2563 2145 2653 2214 qui
2692 2145 2778 2200 vel
2803 2145 2856 2199 in
2885 2146 3065 2201 multis
3095 2147 3498 2216 tempestatibus
3529 2158 3700 2219 potest

2107 2236 2415 2293 felicissime
2441 2238 2719 2308 navigare,
2752 2247 2911 2308 atque
2950 2238 3004 2294 in
3047 2239 3237 2295 mediis
3270 2239 3518 2297 fluctibus
3548 2253 3698 2297 trau-

2107 2331 2368 2401 quillitate
2398 2345 2584 2401 magna
2625 2329 2748 2385 frui.
2795 2330 2850 2385 ld
2880 2345 3011 2386 vero
3041 2339 3093 2386 tu
3126 2332 3285 2388 rebus
3317 2333 3448 2403 ipsis
3474 2333 3699 2389 demou-

2109 2423 2310 2489 strasti,
2331 2431 2649 2492 tuorumque
2675 2423 2856 2476 nuntia
2884 2433 3030 2478 recte
3048 2421 3307 2478 factorum
3334 2424 3400 2479 ad
3431 2435 3700 2481 extremos

2109 2527 2278 2584 usque
2307 2512 2441 2568 fines
2467 2513 2611 2568 orbis
2639 2521 2904 2568 terrarum
2931 2512 3068 2567 fama
3092 2514 3354 2583 pervenit,
3380 2523 3437 2570 et
3461 2517 3698 2570 omnium

2109 2619 2203 2661 ore
2241 2603 2496 2672 laudaris,
2540 2601 2682 2674 quod
2721 2619 2843 2660 cum
2876 2603 2930 2658 in
2957 2619 3063 2658 uno
3106 2604 3392 2659 consututa
3441 2605 3515 2660 sis
3560 2606 3696 2672 loco,

2109 2697 2268 2768 longe
2309 2696 2526 2752 dissitos
2569 2697 2769 2751 excites
2809 2704 2895 2750 tua
2934 2697 3151 2766 pietate,
3204 2707 3364 2768 atque
3412 2697 3703 2753 alacriores

2108 2787 2332 2843 efficias.
2360 2787 2615 2855 Quaenam
2661 2787 2820 2859 igitur
2856 2795 3130 2843 estcausa
3169 2787 3402 2844 silentii?
3442 2788 3701 2859 Equidem

2109 2880 2290 2937 dicere
2315 2881 2536 2937 minime
2563 2895 2800 2951 possum.
2824 2880 2990 2936 Tuam
3020 2889 3198 2937 autem
3228 2897 3326 2938 oro
3365 2883 3698 2950 suavitatem,

2111 2983 2170 3030 ut
2187 2989 2285 3046 per
2315 2989 2441 3030 emn
2469 2973 2562 3045 qui
2581 2974 2764 3029 literas
2787 2973 2967 3045 pietati
2996 2984 3098 3029 tute
3132 2974 3302 3030 tradet
3328 2974 3380 3029 in
3407 2991 3617 3044 manus,
3639 2977 3704 3033 de

2110 3079 2199 3125 tua
2224 3068 2550 3136 valetudine,
2581 3068 2962 3140 tranquillitate
2991 3067 3154 3122 animi
3179 3084 3242 3124 ac
3267 3069 3558 3124 securitate
3583 3085 3700 3124 cum

2111 3173 2220 3230 tua,
2246 3171 2357 3218 tum
2384 3161 2651 3217 universae
2688 3160 2883 3216 domus
2913 3170 3039 3226 tute,
3067 3163 3328 3217 certiores
3362 3177 3460 3217 nos
3491 3161 3653 3219 facias
3687 3181 3700 3217 :

2110 3264 2169 3312 ut
2197 3256 2321 3311 licet
2359 3263 2505 3309 tanto
2544 3268 2574 3308 a
2605 3261 2658 3308 te
2687 3252 2969 3308 intervallo
3013 3254 3267 3323 sejuncti,
3312 3262 3472 3322 atque
3509 3255 3564 3309 in
3600 3265 3702 3309 tant

2110 3347 2333 3402 molesta
2363 3345 2620 3415 degentes
2641 3343 2950 3412 solitudine,
2994 3343 3218 3398 multum
3258 3358 3326 3400 ex
3353 3344 3614 3416 ejusmodi
3642 3346 3704 3400 li-

2111 3438 2240 3494 teris
2265 3436 2623 3508 percipiamus
2651 3434 2921 3490 solatium.

2307 3569 2663 3628 CLXXXVI.
2695 3571 2901 3644 Alypio.
2935 3570 3171 3643 (Cucuso
3199 3586 3341 3627 anno
3365 3571 3519 3644 604.)

2183 3705 2263 3761 Tu
2285 3705 2506 3777 quidem
2531 3706 2734 3762 veritus
2759 3719 2838 3772 es,
2867 3720 2955 3774 ne,
2992 3705 3134 3776 quod
3171 3706 3319 3776 prior
3344 3706 3410 3762 ad
3443 3722 3544 3763 nos
3579 3709 3705 3764 scri-

2111 3799 2334 3871 psisses,
2381 3800 2435 3854 in
2476 3798 2918 3870 praecipitationis
2960 3798 3434 3868 reprehensionem
3475 3800 3709 3856 incurre-

2113 3907 2244 3948 res:
2280 3893 2411 3964 ipsis
2444 3893 2587 3948 enim
2630 3893 2735 3947 tuis
2781 3901 2901 3947 utar
2940 3891 3148 3959 verbis;
3185 3907 3288 3964 ego
3329 3908 3460 3949 vero
3505 3903 3708 3950 tantum

2113 3987 2286 4056 abest,
2311 3996 2369 4043 ut
2394 3987 2616 4059 hujusce
2637 3988 2716 4044 rei
2745 3988 2837 4044 tibi
2856 3989 3122 4044 actionem
3145 3989 3441 4059 intendam,
3467 4001 3524 4047 ut
3550 3994 3706 4048 etiam

2116 4079 2456 4150 negligentiae
2491 4088 2710 4150 propter
2753 4079 3055 4135 tarditatem
3103 4089 3156 4136 te
3199 4096 3470 4150 accusem,
3507 4092 3563 4139 et
3601 4101 3710 4138 am-

2114 4171 2254 4242 plius
2274 4179 2396 4227 ante
2417 4170 2700 4238 laudarim,
2733 4185 2855 4226 cum
2886 4172 3033 4242 prior
3062 4171 3244 4228 literas
3281 4173 3348 4228 ad
3398 4189 3497 4230 nos
3538 4177 3710 4230 misis-
3741 4182 3744 4184 ‘

2115 4279 2222 4320 ses.
2256 4266 2429 4334 Atque
2459 4263 2564 4318 hoc
2587 4279 2687 4335 ego
2712 4262 2856 4332 dico,
2884 4273 2943 4318 ut
2969 4273 3057 4319 tua
3090 4264 3258 4335 ipsius
3277 4267 3541 4321 sententia
3569 4266 3636 4321 ad
3661 4265 3709 4321 id

2115 4357 2568 4430 comprobandum
2598 4366 2718 4412 utar
2749 4375 2764 4412 :
2795 4357 2872 4413 sic
2899 4358 3041 4413 enim
3067 4357 3270 4423 dixisti,
3313 4359 3414 4414 hoc
3442 4361 3707 4430 praecipue

2115 4450 2480 4522 propensioris
2507 4465 2628 4505 csse
2657 4449 2929 4517 amicitiaz,
2972 4460 3030 4504 ut
3069 4451 3229 4505 etiam
3265 4458 3506 4506 tacentes
3544 4452 3713 4507 literis

2117 4545 2466 4615 appellemus.
2495 4543 2722 4613 Quando
2749 4543 2909 4613 igitur
2927 4551 2983 4598 et
3007 4543 3442 4614 prmcipitatiouis
3461 4559 3527 4598 ac
3548 4556 3713 4600 teme-

2119 4636 2291 4693 ritatis
2317 4645 2493 4692 metus
2515 4644 2598 4691 est
2621 4643 2925 4704 exemptus,
2967 4650 3073 4704 quo
3097 4634 3214 4689 sine
3248 4649 3408 4689 causa
3435 4645 3714 4706 correptus

2125 4729 2325 4795 fueras,
2354 4728 2530 4782 ethoc
2557 4728 2729 4797 ipsum
2755 4726 2976 4795 majoris
2997 4725 3252 4782 indicium
3274 4725 3512 4782 caritatis
3535 4736 3712 4783 osten-

2121 4837 2240 4877 sum
2271 4829 2374 4886 est,
2408 4820 2672 4891 ingentem
2701 4818 2767 4872 ad
2796 4833 2897 4873 nos
2921 4817 3176 4887 deinceps
3207 4818 3481 4874 literarum
3505 4820 3717 4890 copiam

2122 4913 2295 4969 mitte.
2321 4911 2436 4966 Non
2460 4911 2601 4965 enim
2635 4920 2686 4966 te
2714 4908 2846 4980 fugit
2870 4924 2976 4981 quo
3002 4909 3182 4964 animo
3207 4924 3330 4980 erga
3364 4918 3510 4964 tuam
3539 4912 3718 4966 suavi-

2125 5015 2287 5062 tatem
2313 5005 2489 5060 aff'ecti
2516 5015 2569 5060 et
2591 5004 2868 5073 fuerimus,
2897 5013 2951 5060 et
2976 5005 3161 5060 simus.
3189 5005 3321 5059 Nam
3349 5004 3474 5060 licet
3499 5005 3552 5060 in
3579 5005 3720 5060 hunc

2123 5098 2549 5155 desertissimum
2594 5098 2767 5153 locum
2809 5098 3028 5170 relegati
3075 5099 3280 5165 simus,
3310 5099 3433 5154 licet
3461 5099 3532 5154 ad
3575 5100 3720 5169 ipsas

2124 5191 2269 5247 orbis
2301 5202 2562 5247 terrarum
2591 5191 2805 5246 ultimos
2832 5191 2981 5254 fines,
3009 5192 3234 5246 sincera:
3264 5201 3366 5246 tua:
3394 5193 3720 5263 minimeque

2126 5285 2314 5341 fucatze
2339 5285 2577 5340 caritatis
2603 5284 2843 5340 oblivisci
2883 5299 2987 5339 non
3029 5299 3331 5354 possumus,
3363 5283 3458 5340 sed
3496 5285 3718 5356 singulis

2125 5379 2312 5436 diebus
2339 5379 2483 5432 illam
2514 5387 2695 5433 mente
2720 5391 2934 5433 versare
2957 5393 3061 5431 non
3083 5377 3398 5446 desinimus,
3423 5378 3717 5448 animmque

2128 5483 2230 5530 tuae
2262 5475 2484 5528 virtutes
2512 5471 2882 5527 recordatione
2910 5471 3063 5526 nobis
3090 5472 3364 5541 effingere.
3394 5471 3470 5525 Ac
3491 5485 3716 5541 cupere-

2126 5583 2244 5623 mus
2270 5565 2484 5636 quidem
2511 5565 2753 5619 crebrius
2777 5563 2845 5619 ad
2871 5579 2966 5618 vos
2995 5563 3233 5619 scribere
3270 5581 3301 5630 z,
3329 5563 3424 5618 sed
3465 5563 3716 5632 quoniam

2127 5661 2178 5716 id
2208 5660 2358 5714 nobis
2383 5669 2466 5714 est
2490 5657 2722 5722 difficile,
2755 5659 2896 5727 quia
2927 5656 3078 5713 vobis
3105 5655 3240 5712 adeo
3262 5656 3489 5726 scjuncti
3513 5671 3713 5719 sumus,

2131 5754 2284 5809 vobis
2309 5760 2487 5807 autem
2513 5749 2782 5820 perfacile,
2811 5749 3088 5805 hortamur
3105 5765 3221 5818 vos,
3243 5759 3302 5803 ut
3320 5749 3624 5819 frequentes
3652 5747 3716 5799 ad

2131 5861 2228 5906 nos
2252 5844 2433 5900 literas
2467 5841 2536 5899 de
2575 5850 2750 5898 vestra
2784 5841 3049 5913 totiusque
3080 5838 3274 5894 domus
3301 5847 3494 5894 vestrte
3525 5839 3722 5892 valetu-
