3950 6364
293 385 395 442 ’ἳιὸ

287 503 383 560 καὶ
417 501 510 556 τδν
542 501 600 555 ἐν
631 498 888 572 εὐλαϐείᾳ
920 494 1022 571 ζῇν
1070 498 1436 553 ἐσπουδακότα
1457 536 1473 561 ,
1526 498 1620 552 καὶ
1665 498 1864 569 πολλὴν

287 593 480 665 ἔχοντα
511 591 789 663 ἀνδρείαν,
824 593 859 663 ἡ
883 590 993 644 τῶν
1019 590 1229 662 καιρῶν
1257 589 1533 643 δυσκολία.
1570 590 1635 643 ’Ὀ
1678 588 1744 658 δή
1777 590 1870 641 καὶ¹

287 686 373 755 ἐφ’
403 685 559 757 ὐμῶν
591 686 804 753 γέγονε,
839 684 931 737 καὶ
960 683 1023 737 τό
1052 700 1116 751 γε
1143 682 1408 755 ὑμέτερον
1440 681 1628 753 μέρος,
1654 680 1870 735 ἅπαντα

285 777 609 849 διώρθωται,
631 774 727 829 καὶ
752 775 904 828 οὐδὲν
926 774 1287 829 ἐλλέλειπται.
1323 774 1446 828 Ἀλλ
1489 772 1675 844 ἐπειδὴ
1700 774 1750 826 οί
1771 772 1870 836 τάς

286 869 535 940 ταραχάς
575 868 673 922 καὶ
713 868 963 932 τεκόντες
988 868 1083 922 καὶ
1114 867 1391 932 τίκτοντες
1417 868 1499 931 είς
1526 865 1685 921 τοῦτο
1710 862 1868 938 [705]

284 954 451 1028 ἦλθον
482 956 803 1030 παρανοίας,
855 956 932 1020 ὡς
983 958 1058 1028 μὴ
1105 957 1265 1028 μόνον
1304 958 1392 1029 ,μὴ
1433 955 1870 1026 ἐγκαλύπτεσθαι

287 1050 401 1112 τοῖς
451 1047 762 1120 προτέροις,
811 1046 948 1101 ἀλλά
980 1049 1076 1102 καὶ
1111 1047 1547 1117 ἐπαγωνίζεσθαι
1605 1046 1867 1113 ἐκείνοις,

289 1139 592 1211 παρακαλῶ
622 1142 774 1211 κοινῇ
808 1139 1018 1203 πάντας
1058 1139 1214 1211 ὐμῶν
1240 1138 1693 1212 ἐρῤωμενεστάτη
1733 1139 1869 1209 χρή-

291 1228 489 1285 σασθαι
510 1231 578 1300 τῇ
608 1229 908 1301 προθυμίᾳ,
932 1228 1025 1283 καὶ
1061 1230 1135 1300 μὴ
1158 1228 1455 1282 καταλῦσαι
1476 1227 1576 1300 τὴν
1597 1228 1870 1299 τοσαύτην

291 1321 550 1393 σπουδὴν,
581 1321 716 1375 ἀλλά
741 1321 836 1377 καὶ⁵
857 1320 1203 1393 προστιθέναι
1229 1321 1515 1391 μειζόνως,
1542 1319 1645 1375 κᾶν
1677 1321 1868 1393 μυρίαι

288 1411 569 1466 δυσκολίαι
619 1412 1106 1485 παρεμπίπτωσιν.
1150 1413 1214 1466 Οἱ
1264 1411 1375 1483 γάρ
1414 1411 1553 1482 μετὰ
1604 1410 1870 1465 πλειόνων

290 1499 535 1573 ἱδρώτων
567 1501 660 1555 καὶ⁵
689 1502 867 1556 πόνων
898 1502 1042 1572 μέγα
1069 1519 1121 1555 τι
1151 1503 1247 1556 καὶ
1272 1504 1519 1569 γενναῖον
1543 1499 1872 1573 κατορθοῦν-

288 1607 401 1656 τες,
426 1592 540 1646 τῶν
567 1594 767 1666 ῥαδίως
791 1596 885 1649 καὶ
925 1594 1043 1666 μετ’
1074 1594 1327 1659 εὐκολίας
1369 1593 1528 1649 τοῦτο
1571 1595 1870 1649 ποιούντων

290 1683 514 1739 πλείονα
538 1684 806 1757 λήψονται
821 1686 914 1740 τὸν
937 1686 1149 1756 μισθόν.
1179 1685 1484 1751 Ἕκαστος
1511 1685 1642 1756 γὰρ,
1659 1684 1824 1756 φησὶν
1842 1686 1872 1740 6

290 1778 563 1849 μακάριος
595 1777 824 1842 Παῦλος,
851 1778 961 1832 τὸν
978 1777 1137 1832 ίδιον
1164 1775 1384 1841 μισθὸν
1411 1775 1693 1845 λήψεται,
1722 1776 1872 1833 κατὰ

288 1868 397 1924 τὸν
431 1868 588 1923 ιδιον
616 1871 829 1924 κόπον.
878 1868 971 1939 Μὴ
1011 1871 1189 1925 τοίνυν
1236 1868 1297 1923 τὸ
1330 1867 1498 1922 πολλά
1530 1869 1871 1940 κεκμηκέναι

289 1959 512 2016 ποιείτω
541 1960 687 2033 ὑμᾶς
715 1960 1101 2033 ἀπαγορεύειν·
1139 1960 1256 2016 ἀλλ’
1284 1959 1419 2015 αὐτὸ
1454 1959 1519 2033 δὴ
1545 1959 1704 2014 τοῦτο
1728 1961 1873 2033 μᾶλ-

286 2049 380 2106 λον
401 2051 737 2124 διεγειρέτω.
763 2053 912 2124 Ὀσῳ
931 2051 1039 2123 γάρ
1067 2051 1134 2107 ἂν
1157 2050 1476 2124 προσθήκην
1494 2051 1634 2124 λάϐῃ
1663 2050 1736 2106 τὰ
1761 2050 1874 2107 τῶν

290 2142 637 2213 πειρασμῶν,
667 2141 907 2214 τοσούτῳ
945 2142 1147 2211 μᾶλλον
1179 2140 1402 2208 αὔξεται
1427 2142 1496 2196 τὰ
1529 2141 1640 2195 τῶν
1671 2142 1874 2213 στεφά-

287 2249 418 2299 νων,
442 2233 537 2287 καὶ
562 2232 846 2299 πλεονάζει
873 2232 944 2288 τά
977 2233 1119 2306 ὐπέρ
1159 2234 1268 2288 τῶν
1301 2233 1480 2288 καλῶν
1510 2232 1717 2288 τούτων
1742 2234 1872 2304 ὑμῖν

287 2323 518 2396 ἀγώνων
545 2324 883 2397 ἀποκείμενα
913 2324 1158 2398 βραδεῖα.

497 2467 681 2525 ΡΠΓ.
717 2437 984 2540 Ἠσυχίῳ
1009 2470 1320 2537 ἐπισκόπει)
1344 2469 1655 2525 Σαλώνιον.

362 2592 426 2647 Et
460 2592 554 2647 καὶ
589 2593 772 2667 πολλῷ
799 2592 1148 2667 διειργόμεθα
1184 2593 1264 2666 τῷ
1297 2596 1396 2666 τῆς
1428 2593 1546 2649 ὁδοῦ
1577 2596 1741 2668 μήκει
1769 2595 1869 2667 τῆς

285 2683 607 2757 τιμιότητός
628 2700 743 2750 σου,
773 2670 1020 2756 καὶίπρδς
1039 2684 1209 2747 αὐτάς
1231 2685 1398 2755 ἐσμεν
1420 2686 1518 2757 τῆς
1549 2685 1873 2756 οἰκουμένης

284 2774 390 2838 τὰς
420 2771 681 2844 ἐσχατιάς
726 2772 1134 2843 ἀπῳκισμένοι,
1183 2772 1296 2826 ἀλλ’
1327 2774 1477 2846 ὅμως
1507 2773 1585 2846 τῷ
1614 2774 1713 2845 τῆς
1733 2774 1871 2843 ἀγά-

287 2879 402 2933 πης
430 2859 615 2934 πτερῷ
640 2860 932 2933 χρώμενοι,
967 2862 1156 2934 κούφῳ
1184 2880 1245 2916 τε
1271 2863 1406 2930 δντι,
1431 2863 1527 2918 καὶ
1556 2864 1748 2937 ῥᾳδίας
1772 2864 1873 2930 τάς

283 2955 544 3021 τοιαύτας
573 2956 884 3028 ἀποδημίας
937 2959 1291 3030 ἐργαζομένῳ
1315 2998 1331 3024 ,
1381 2958 1606 3033 πλησίον
1654 2960 1717 3015 τέ
1774 2962 1867 3016 σού

285 3048 478 3116 ἐσμεν,
514 3048 609 3102 καὶ
641 3047 907 3120 σύνεσμέν
939 3065 1041 3115 σοι,
1092 3050 1186 3103 καὶ
1217 3050 1317 3122 τὴν
1364 3049 1721 3125 ὀφειλομένην
1761 3052 1871 3107 τῶν

285 3140 636 3211 γραμμάτων
666 3134 1026 3212 ἀποδιδόαμεν
1049 3141 1381 3213 πρόσρησιν,
1409 3144 1502 3197 καί
1526 3162 1585 3197 σε
1617 3162 1880 3218 παρακα-

287 3228 493 3300 λοῦμεν
522 3230 620 3301 τὴν
653 3232 1034 3302 προσήκουσαν
1064 3233 1205 3305 ὑπὲρ
1229 3233 1337 3288 τῶν
1386 3235 1723 3309 Ἐκκλησιῶν
1761 3236 1875 3293 τῶν

290 3321 436 3375 κατά
460 3322 561 3393 τὴν
594 3321 884 3395 Ἀνατολὴν
918 3323 1248 3395 ποιήσασθαι
1278 3326 1534 3401 σπουδήν.
1566 3323 1737 3383 Οἶσθα
1762 3330 1873 3404 γάρ
1955 3360 1961 3368 ·

287 3412 480 3483 ἡλίκος
502 3412 647 3467 ἐστὶν
668 3415 698 3468 6
721 3414 911 3485 μισθὸς
945 3414 1297 3487 Ἐκκλησίαις
1325 3436 1488 3474 πονου
1497 3420 1687 3492 μέναις
1713 3425 1871 3496 χεῖρα

284 3502 527 3576 ὀρέγειν,
558 3504 803 3577 ταραχήν
830 3506 1098 3578 τοσαύτην
1136 3510 1217 3573 είς
1266 3510 1509 3583 γαλήνην
1537 3512 1870 3583 μεταθεῖναι,

286 3593 391 3647 καὶ
418 3593 650 3666 πόλεμον
677 3594 820 3649 οὕτω
848 3598 1077 3671 σφοδρὸν
1097 3598 1420 3656 καταλῦσαι.
1450 3604 1560 3657 Καὶ
1583 3602 1754 3659 ταῦτα
1775 3606 1873 3677 οὐχ

277 3686 367 3751 ὡς
383 3686 668 3758 δεομένους
693 3688 836 3760 ὑμᾶς
870 3691 968 3761 τῆς
996 3692 1126 3765 παρ’
1145 3693 1302 3765 ήμῶν
1316 3694 1679 3766 ὑπομνήσεως
1700 3715 1874 3769 παρα-

282 3775 585 3848 καλοῦμεν·
605 3779 701 3831 καὶ
720 3779 826 3852 γάρ
849 3779 944 3833 καὶ
965 3781 1071 3852 πρὸ
1095 3781 1204 3837 τῶν
1224 3784 1507 3856 ἡμετέρων
1528 3787 1872 3858 γραμμάτων

282 3865 361 3920 τά
391 3865 520 3936 παρ’
548 3864 704 3937 ὑμῶν
730 3867 883 3921 αὐτοὶ
908 3871 1265 3942 πεποιήκατε·
1294 3871 1410 3926 ἀλλ’
1440 3873 1631 3946 ἐπειδὴ
1657 3875 1874 3931 οὐδέπω

280 3958 360 4011 τὰ
396 3956 547 4010 δεινά
572 3957 812 4024 λέλυται,
849 3959 985 4014 ἀλλά
1012 3962 1105 4015 καὶ
1134 3963 1404 4034 ἀκμάζει,
1438 3964 1697 4038 ἀξιοῦμεν
1728 3967 1875 4040 ὑμᾶς

283 4045 372 4118 μὴ
405 4047 716 4114 ἀναπεσεῖν,
778 4050 913 4122 μηδέ
960 4053 1330 4125 περικακῆσαι
1356 4093 1371 4119 ,
1418 4055 1535 4110 ἀλλ’
1581 4057 1687 4122 ἕως
1722 4058 1874 4130 μένει

279 4139 359 4193 τὰ
393 4139 524 4211 ἐλκη
561 4140 623 4193 τὸ
653 4140 813 4212 σῶμα
847 4142 951 4213 τῆς
989 4143 1317 4216 Ἐκκλησίας
1357 4147 1740 4219 συντρίϐοντα,
1780 4150 1875 4203 καὶ

280 4232 359 4286 τὰ
384 4232 513 4303 παρ’
536 4232 690 4303 ὐμῶν
718 4233 987 4306 φάρμακα
1007 4235 1326 4291 ἐπιτιθέναι·
1351 4238 1446 4293 καὶ
1466 4239 1575 4313 γάρ
1598 4241 1708 4313 ὅσῳ
1736 4242 1876 4313 μετά

283 4325 555 4380 πλειόνων
603 4325 781 4381 πόνων
834 4326 1057 4381 ἀνύεται
1103 4329 1173 4382 τά
1215 4331 1552 4403 προκείμενα
1577 4372 1595 4400 ,
1635 4333 1875 4408 τοσούτῳ

285 4415 497 4471 πλείων
521 4417 650 4488 ὐμῖν
684 4419 927 4473 κείσεται
955 4419 1051 4473 καὶ
1085 4421 1115 4474 6
1155 4421 1366 4492 μισθός.

466 4533 647 4589 ΡΠΔθ.
684 4531 1026 4602 Γαυδεντίῳ
1055 4535 1368 4603 ἐπισκόπῳ
1402 4538 1625 4607 Βρίξης
1651 4552 1703 4599 ³.

360 4643 530 4699 Οὐδὲν
555 4646 703 4717 ἡμᾶς
726 4645 882 4701 ἔλαθε
914 4647 1024 4701 τῶν
1063 4648 1192 4717 σῶν,
1228 4650 1343 4705 ἀλλ’
1389 4651 1639 4725 ἔγνωμεν
1683 4657 1872 4727 σαφῶς

276 4736 370 4798 ὡς
408 4736 670 4808 παρόντες
699 4737 798 4810 τὴν
824 4738 1062 4811 σπουδήν
1094 4757 1209 4805 σου,
1262 4742 1361 4814 τὴν
1411 4745 1743 4816 ἀγρυπνίαν,
1771 4750 1873 4822 τὴν

279 4829 569 4899 φροντίδα,
598 4830 726 4896 τούς
755 4832 1060 4904 καμάτους,
1090 4835 1218 4900 τοὺς
1253 4836 1452 4901 πόνους
1481 4837 1576 4903 οὓς
1606 4840 1748 4912 ὑπὲρ
1774 4841 1875 4912 τῆς

278 4919 552 4991 ἀληθείας
604 4921 883 4990 ἐπεδείξω,
919 4925 1013 4978 καί
1053 4942 1134 4980 σοι
1174 4927 1406 5000 χάριτας
1441 4929 1644 4995 πολλάς
1684 4931 1876 5002 ὁμολο-

279 5012 519 5084 γοῦμεν·
554 5015 651 5070 καὶ¹
679 5018 739 5069 ἐν
766 5017 1004 5092 τοσαύτῃ
1026 5019 1322 5092 καθήμενοι
1350 5022 1578 5095 ἐρημίᾳ,
1609 5025 1873 5098 μεγίστην

278 5105 489 5177 ἔχομεν
516 5105 886 5180 παράκλησιν,
934 5112 1036 5181 τῆς
1071 5111 1293 5185 ἀγάπης
1335 5131 1431 5168 σου
1459 5114 1519 5168 τὸ
1547 5114 1748 5187 θερμὸν
1778 5115 1874 5170 καὶ

276 5196 538 5266 γνήσιον,
561 5193 629 5269 ἦς
651 5200 848 5271 πεῖραν
879 5199 1115 5255 ἐνταῦθα
1137 5200 1412 5267 λαϐόντες,
1437 5202 1684 5275 ἔγνωμεν
1702 5206 1873 5278 αὐτὴν

278 5290 650 5359 ἀκμάζουσαν
675 5294 771 5347 καὶ
791 5295 993 5358 ἐκεῖσε,
1025 5295 1120 5348 καὶ
1145 5295 1298 5349 οὐδὲν
1314 5294 1437 5349 οὐτε
1451 5295 1531 5368 τῷ
1550 5297 1747 5369 πλήθει
1776 5297 1870 5353 τοῦ

280 5383 508 5456 χρόνον,
554 5383 678 5439 οὐτε
716 5386 796 5457 τῷ
831 5389 994 5459 μήκει
1027 5388 1127 5458 τῆς
1171 5387 1293 5442 ὁδοῦ
1332 5391 1868 5461 καταμαρανθεῖσαν.

281 5470 394 5526 Διά
420 5471 576 5526 τοῦτό
607 5491 689 5527 σοι
714 5476 943 5545 χάριτας
973 5477 1129 5547 ἴσμεν
1162 5477 1383 5542 πολλὰς,
1407 5478 1503 5532 καί
1529 5496 1589 5532 σε
1620 5497 1873 5553 παρακα-

282 5561 493 5634 λοῦμεν
523 5562 676 5639 [704]
702 5566 885 5638 μένειν
906 5567 1005 5639 τὴν
1039 5568 1208 5638 αὐτὴν
1233 5568 1675 5640 ἐπιδεικνύμενον
1704 5590 1871 5627 σπου-

284 5654 411 5723 δήν.
448 5650 609 5721 Οἶδας
642 5657 750 5730 γάρ
776 5658 916 5730 ὐπέρ
943 5659 1082 5713 ὅσων
1128 5661 1464 5733 Ἐκκλησιῶν
1497 5663 1627 5734 ύμῖν
1663 5665 1692 5718 6
1720 5664 1868 5733 ἀγὼν

356 5787 383 5818 ⁸
408 5787 556 5839 Savil.
580 5791 771 5855 Βρύξης.
793 5790 955 5842 Codex
978 5806 1105 5842 unus
1128 5793 1388 5845 Frontonis
1400 5794 1568 5847 Ducat
1586 5796 1776 5862 Βρίζης.

1719 373 2101 431 EPISTOLAZ.

3454 376 3557 433 7Ιῦ

1976 500 2260 572 πρόκειται
2284 500 2397 565 νῦν,
2418 501 2510 555 καὶ
2537 499 2721 573 ἡλίκον
2748 499 2899 555 ἔσται
2924 500 3016 555 τού
3048 500 3467 574 κατορθώματος
3488 506 3557 557 τὴ

1979 595 2225 664 μέγεθος.
2257 594 2419 648 Ταῦτ’
2446 589 2540 648 οὖν
2572 593 2789 658 ἐννοῶν,
2823 593 3060 649 δέσποτά
3107 612 3208 666 μου
3251 593 3553 667 τιμιώτατα

1973 686 2072 741 καὶ
2093 686 2474 753 εὐλαϐέστατε,
2508 689 2784 758 ἐπιμεῖναι
2815 689 2880 758 τῇ
2922 688 3060 760 αὐτῇ
3107 688 3310 760 σπουδῇ
3365 707 3553 762 παρα-

1975 776 2226 849 κλήθητι.
2241 777 2399 832 Οὕτω
2422 779 2530 851 γὰρ
2553 778 2708 848 ὀλίγα
2732 779 3050 850 κάμνοντες.
3074 779 3317 835 ἀθάνατα
3339 783 3555 847 ἑαυτοῖς

1977 868 2428 941 προαποθήσεσθε
2473 872 2532 923 ἐν
2559 872 2671 933 τοῖς
2702 871 2950 942 οὐρανοῖς
2983 871 3092 925 τῶν
3134 872 3315 927 καλῶν
3350 872 3558 927 τούτων
3587 879 3600 905 ‘

1976 958 2204 1028 ἀγώνιον
2236 958 2306 1013 τά
2346 960 2593 1031 βραδεῖα.
3032 974 3045 979 ’

2347 1119 2531 1172 PHE';
2559 1118 2852 1186 Πενταδίᾳ
2885 1118 3160 1188 διακόνῳ.

2038 1273 2271 1346 Μακράν
2296 1275 2559 1348 ἐσίγησας
2582 1276 2760 1349 σιγὴν,
2797 1278 2973 1332 καίτοι
3011 1278 3219 1333 πολλῶν
3247 1279 3415 1335 ὄντων
3435 1280 3545 1334 τῶν

1970 1363 2181 1419 ἐκεῖθεν
2211 1368 2623 1439 ἀφικνουμένων
2654 1369 2790 1441 πρὸς
2821 1371 2989 1441 ἡμᾶς.
3022 1370 3088 1424 Τί
3109 1374 3225 1425 ποτ’
3250 1369 3344 1426 οὖν
3371 1372 3437 1427 ἂν
3463 1373 3548 1445 είη

1969 1455 2031 1509 τὸ
2054 1455 2258 1524 αῖτιον;
2297 1459 2407 1513 τῶν
2431 1460 2775 1532 πραγμάτων
2795 1461 2823 1514 6
2853 1460 3112 1532 θόρυϐος;
3134 1462 3369 1531 Ἄπαγε·
3393 1461 3552 1515 τοῦτο

1968 1546 2070 1601 οὐκ
2096 1546 2161 1601 ἂν
2200 1547 2435 1620 εἴποιμι·
2464 1543 2583 1605 οἴδα
2608 1550 2718 1622 γάρ
2751 1568 2844 1607 σου
2874 1552 2973 1623 τὴν
3005 1553 3246 1624 μεγάλην
3286 1555 3381 1607 καὶ
3413 1553 3551 1625 ὑψη-

1971 1636 2070 1709 λὴν
2087 1635 2287 1709 ψυχὴν,
2323 1638 2424 1710 τὴν
2453 1638 2548 1693 καὶ
2577 1640 2635 1694 ἐν
2654 1639 2867 1704 πολλοῖς
2903 1639 3215 1703 κλυδωνίοις
3247 1639 3567 1710 δυναμένην.

1970 1727 2221 1799 ἐξουρίας
2252 1728 2427 1795 πλεῖν,
2463 1730 2556 1783 καὶ
2588 1732 2645 1784 ἐν
2674 1731 2859 1801 μέσοις
2902 1732 3111 1803 κύμασι
3145 1731 3387 1802 γαλήνης
3412 1730 3552 1784 ἀπο-

1970 1818 2157 1874 λαύειν
2179 1818 2397 1893 λευκῆς.
2434 1822 2544 1877 Καὶ
2581 1823 2740 1877 τοῦτο
2774 1823 2841 1878 δι’
2863 1823 3042 1877 αὐτῶν
3079 1822 3187 1877 τῶν
3210 1822 3551 1893 πραγμάτων

1970 1912 2195 1981 ἔδειξας,
2229 1912 2324 1968 καὶ
2355 1912 2492 1985 πρὸς
2517 1912 2686 1979 αὐτὰς
2707 1913 2807 1978 τὰς
2829 1912 3084 1984 ἐσχατιὰς
3103 1914 3203 1984 τῆς
3230 1913 3554 1983 οἰκουμένης

1969 1999 2134 2079 ἦλθεν
2184 2005 2218 2076 ἡ
2270 2005 2429 2076 φήμη
2472 2002 2543 2058 τὰ
2581 2004 2651 2059 σά
2699 2005 2938 2077 φέρουσα
2987 2002 3411 2077 κατορθώματα,
3456 2003 3552 2056 καὶ

1974 2095 2176 2161 πάντες
2228 2111 2289 2149 σε
2340 2095 2829 2167 ἀνακηρύττουσιν,
2884 2097 2965 2150 ὅτι
3014 2096 3109 2149 καὶ
3155 2097 3212 2149 ἐν
3243 2096 3323 2148 ἐν).
3368 2094 3552 2166 χωρίῳ

1972 2185 2236 2259 ἱδρυμένη
2272 2184 2516 2250 καὶτοὺς
2546 2184 2830 2258 πόρρωθεν
2852 2185 3010 2248 ὄντας
3040 2183 3128 2237 διά
3148 2184 3246 2253 τῆς
3268 2181 3553 2246 εὐλαϐείας

1970 2276 2071 2349 τῆς
2092 2277 2191 2348 σῆς
2212 2276 2519 2348 διεγείρεις,
2545 2278 2639 2330 καὶ
2666 2276 3103 2349 προθυμοτέρους
3130 2274 3431 2338 ποιεῖς.Τίς
3458 2269 3555 2327 οὖν

1974 2366 2008 2437 ή
2041 2365 2192 2419 αἰτία
2213 2365 2312 2437 τῆς
2341 2365 2530 2436 σιγῆςς
2579 2364 2721 2432 Ἐγὼ
2749 2365 2848 2437 μέν
2874 2366 3047 2418 εἰπεῖν
3071 2364 3170 2418 οὐκ
3197 2363 3326 2434 ἔχω.
3370 2365 3555 2433 Παρα-

1975 2455 2128 2512 καλῶ
2155 2456 2212 2510 δέ
2245 2473 2340 2509 σου
2390 2456 2489 2527 τὴν
2518 2455 2816 2527 ἐμμέλειαν
2845 2454 2935 2509 διὰ
2989 2454 3084 2509 τοῦ
3128 2454 3197 2508 τὰ
3251 2453 3555 2526 γράμματα

1973 2545 2372 2619 ἐγχειρίζοντός
2411 2561 2506 2598 σου
2558 2547 2625 2616 τῇ
2655 2544 2929 2616 εὐλαϐείᾳ,
2984 2544 3054 2598 δι’
3094 2543 3258 2597 αὐτοῦ
3318 2541 3554 2613 δηλῶσαι

1973 2640 2104 2711 ἡμῖν
2132 2638 2203 2693 τά
2225 2638 2354 2710 περὶ
2386 2637 2487 2709 τῆς
2513 2636 2723 2707 ὑγιείας
2750 2637 2849 2708 τῆς
2876 2637 2994 2708 σῆς,
3027 2636 3123 2691 καὶ
3146 2636 3245 2706 τῆς
3268 2633 3553 2704 εὐθυμίας,

1973 2730 2070 2783 καὶ
2088 2730 2184 2802 τῆς
2199 2729 2518 2799 ἀσφαλείας.
2553 2728 2649 2783 καὶ
2697 2726 2793 2782 σού
2831 2727 2928 2799 καὶ
2966 2728 3061 2782 τοῦ
3092 2726 3253 2782 ,οἴκου
3302 2742 3396 2780 σου
3418 2742 3551 2780 παν-

1971 2821 2084 2886 τός·
2118 2822 2206 2876 ἵνα
2226 2821 2321 2875 καὶ
2349 2822 2416 2875 ἐκ
2441 2818 2698 2876 τοσούτου
2727 2817 3025 2890 καθήμενοι
3042 2816 3430 2887 διαστήματος,
3460 2814 3557 2870 καὶ

1974 2917 2034 2969 ἐν
2076 2914 2219 2970 οὕτω
2277 2913 2638 2986 χαλεπωτάτη
2681 2910 2886 2985 ἐρημία
2934 2908 3318 2982 διατρίϐοντες,
3355 2907 3555 2975 πολλὴν

1971 3006 2081 3060 ἀπὸ
2120 3006 2229 3060 τῶν
2277 3004 2534 3060 τοιούτων
2589 3002 2932 3076 γραμμάτων
2978 3000 3403 3073 καρπωσώμεθα
3454 2999 3553 3070 τήν

1973 3097 2337 3171 παράκλησιν.

2500 3229 2690 3300 ΡΠΕΓ.
2744 3229 3030 3297 Ἀλυπίῳ.

2040 3368 2219 3433 Αὐτὸς
2249 3367 2350 3441 μὲν
2404 3366 2615 3431 ἔδεισας
2667 3364 2742 3440 μὴ
2769 3364 2849 3438 τῷ
2903 3364 3168 3437 πρότερον
3219 3361 3554 3434 ἐπιπηδήσαι

1970 3463 2084 3525 τοῖς
2129 3459 2269 3532 πρὸς
2300 3460 2449 3531 ήμᾶς
2481 3458 2772 3530 γράμμασι
2803 3455 3132 3529 προπετείας
3162 3454 3367 3526 μέμψει
3400 3470 3555 3527 περι-

1973 3551 2165 3624 πέσῃς·
2195 3551 2378 3616 αὐτοῖς
2400 3551 2511 3623 γάρ
2544 3566 2641 3604 σου
2677 3549 2952 3621 χρήσομαι
2989 3548 3101 3610 τοῖς
3151 3546 3411 3618 ῥήμασιν·
3443 3544 3556 3614 ἐγὼ

1971 3645 2029 3699 δέ
2071 3662 2131 3698 σε
2160 3643 2415 3699 τοσοῦτον
2450 3643 2644 3714 ἀπέχω
2673 3642 2862 3696 τούτου
2905 3639 3292 3713 γράψασθαιιι,
3323 3640 3405 3692 ὅτι
3460 3637 3557 3693 καὶ

1975 3735 2248 3808 ρᾳθυμίαν
2279 3734 2496 3804 ἐγκαλῶ
2519 3736 2617 3806 τῆς
2645 3731 2978 3805 βραδυτῆτος
3002 3730 3209 3796 ἕνεκεν,
3240 3729 3333 3784 καὶ
3374 3729 3555 3799 μειζό-

1974 3843 2082 3890 νως
2128 3824 2442 3897 ἀνεκήρυξα
2473 3825 2739 3897 πρότερον
2789 3822 3184 3877 ἐπεσταλκότα.
3234 3822 3344 3875 Καὶ
3394 3819 3554 3875 τοῦτο

1973 3917 2140 3987 λέγω,
2166 3917 2303 3988 αὐτῇ
2335 3916 2499 3971 πάλιν
2533 3932 2629 3969 σου
2661 3917 2728 3987 τῇ
2757 3914 2924 3987 ψήφῳ
2946 3915 3027 3978 είς
3059 3912 3333 3978 ἀπόδειξιν
3362 3912 3553 3967 τούτου

1975 4007 2334 4080 κεχρημένος.
2356 4007 2535 4078 Ἔφης
2562 4006 2691 4078 γάρ,
2718 4006 2877 4060 τοῦτο
2909 4006 3142 4077 μάλιστα
3170 4005 3553 4076 φιλοστοργίας

1975 4097 2134 4164 εἶναι,
2156 4100 2218 4154 τὸ
2238 4100 2332 4154 καὶ
2355 4098 2677 4162 σιωπῶντας
2705 4099 3040 4169 προσειπεῖν.
3077 4097 3231 4150 Ἐπεὶ
3259 4090 3353 4150 οὖν
3384 4095 3445 4149 τό
3491 4111 3550 4148 τε

1970 4190 2091 4255 δέος
2120 4206 2203 4243 σοι
2234 4188 2335 4261 τῆς
2366 4186 2696 4259 προπετείας
2739 4186 3027 4258 ἀνῄρηται,
3064 4186 3202 4257 ὅπερ
3239 4183 3300 4237 οὐ
3327 4184 3553 4247 δεόντως

1975 4283 2282 4346 ἐδεδοίκεις,
2317 4280 2476 4335 τοῦτό
2521 4298 2582 4335 τε
2618 4279 2863 4353 μείζονος
2910 4278 3282 4333 ἀποδέδεικται
3330 4281 3555 4348 σημεῖον

1975 4377 2217 4447 ἀγάπης,
2271 4374 2459 4445 πέμπε
2510 4371 2699 4428 λοιπὸν
2739 4374 2871 4444 ήμῖν
2907 4371 3136 4442 νιφάδας
3184 4371 3549 4442 γραμμάτων.

1977 4463 2148 4520 Οἶσθα
2178 4465 2288 4536 γὰρ
2309 4465 2458 4528 ὅπως
2483 4463 2578 4518 καὶ
2604 4461 2922 4534 διετέθημεν
2959 4462 3054 4515 καὶ
3077 4460 3396 4532 διακείμεθα
3426 4461 3555 4532 περὶ

1975 4557 2075 4631 τὴν
2123 4556 2223 4629 σὴν
2254 4555 2565 4629 ἐμμέλειαν.
2599 4553 2719 4609 Κάν
2738 4553 2848 4624 γὰρ
2889 4553 2970 4616 είς
3003 4552 3341 4623 ἐρημότατον
3394 4551 3554 4604 τοῦτο

1975 4650 2177 4723 χωρίον
2207 4647 2618 4720 ἀπενεχθῶμεν,
2670 4646 2774 4702 κᾶν
2803 4647 2885 4710 είς
2933 4643 3075 4699 αὐτὰ
3101 4643 3201 4714 τῆς
3226 4643 3554 4712 οἰκουμένης

1974 4743 2046 4797 τά
2077 4743 2312 4814 πέρατα,
2345 4741 2446 4810 τῆς
2474 4737 2798 4812 εἰλικρινοῦς
2834 4741 2858 4772 ο
2887 4736 3107 4809 ἀγάπης
3140 4735 3235 4788 καὶ
3278 4733 3427 4788 δόλον
3454 4734 3554 4787 οὐκ

1975 4834 2207 4907 ἐχούσης
2234 4832 2487 4889 οὐδέποτε
2538 4831 2890 4887 ἐπιλαθέσθαι
2931 4829 3227 4901 δυνάμεθα,
3269 4826 3404 4881 ἀλλά
3431 4826 3555 4880 καθ’

1976 4926 2217 5000 ἑκάστην
2266 4944 2327 4980 σε
2356 4927 2454 5000 τὴν
2480 4927 2697 4999 ἡμέραν
2728 4922 3124 4995 φανταζόμενοι
3181 4919 3553 4991 διατελοῦμεν,

1976 5020 2075 5085 τὰς
2103 5019 2304 5093 ἀρετάς
2337 5035 2430 5071 σου
2459 5018 2559 5088 τῆς
2582 5016 2759 5088 ψυχῆς
2777 5014 2866 5071 διὰ
2911 5015 3010 5085 τῆς
3030 5014 3251 5085 μνήμης
3281 5009 3525 5066 ἀναπλάτ
3544 5043 3568 5053 -

1976 5127 2180 5174 τοντες.
2235 5108 2348 5164 Καὶ¹
2378 5105 2710 5177 ἐϐουλόμεθα
2751 5106 2848 5177 μὲν
2898 5104 3280 5176 συνεχέστερον
3307 5101 3554 5156 ἐπιστέλ-

1975 5201 2105 5255 λειν·
2141 5200 2295 5274 [705]
2326 5200 2512 5271 ἐπειδὴ
2562 5199 2619 5253 δὲ
2650 5198 2805 5253 τοῦτο
2833 5198 3069 5271 ἐργῶδες
3097 5198 3228 5269 ἡμῖν
3280 5196 3418 5258 ἐστι,
3464 5209 3547 5247 το-

1976 5294 2164 5348 σοῦτον
2185 5292 2336 5363 ὐμῶν
2371 5291 2794 5364 ἀπῳκισμένοις,
2828 5290 2955 5361 ὑμῖν
2981 5288 3035 5342 δέ
3064 5288 3266 5361 ρᾲδιον,
3297 5301 3552 5356 παρακα-

1975 5385 2174 5457 λοῦμεν
2201 5383 2439 5455 συνεχῶς
2466 5385 2597 5455 ἡμῖν
2628 5382 2960 5436 ἐπιστέλλειν
2984 5381 3053 5435 τά
3079 5381 3206 5452 περὶ
3236 5378 3337 5449 τῆς
3364 5375 3554 5444 ὑγείας

1975 5478 2075 5550 τῆς
2110 5477 2210 5549 σῆς
2255 5478 2348 5531 καὶ
2368 5477 2567 5540 παντὸς
2611 5474 2768 5547 ὑμῶν
2789 5474 2882 5528 τοῦ
2910 5474 3080 5528 οἴκου.
3104 5471 3260 5527 Οὕτω
3292 5468 3422 5541 γὰρ,
3457 5469 3552 5523 καὶ

2037 5602 2066 5688 ξ’
2088 5614 2287 5688 ροὶεὶὶη.
2432 5614 2485 5664 δέ
2504 5612 2737 5688 τρσοῖξτον
2946 5611 3116 5688 τούτου
3136 5609 3420 5688 γράψασθαι.

2038 5631 2065 5643 ¹¹’
2088 5631 2287 5665 ι.οιειιη.
2314 5631 2407 5678 εγω
2432 5631 2485 5664 οε
2504 5631 2737 5663 τοσουτον
2759 5631 2924 5722 απεχω
2946 5631 3116 5688 τουτου
3136 5631 3420 5688 γραψασῠαι.

2037 5685 2060 5714 θ
2093 5678 2202 5740 D90
2220 5690 2334 5725 mss.
2360 5677 2448 5726 κᾶν
2468 5677 2582 5740 πρὸς
2598 5677 2721 5740 αὐτὰ
2738 5682 2822 5740 τῆς
2843 5692 2869 5723 ο
2888 5690 3117 5740 κουμενης
3135 5690 3196 5740 τα
3227 5672 3553 5740 τερματαςςῇ

1977 5737 2190 5802 εὐγενοῦς
2212 5755 2301 5787 σου
2324 5734 2893 5802 ψυχῆςτῆςᾼέλευθέρας,
2925 5734 3293 5802 τῆς-ἀπλάστου,
3321 5739 3404 5793 τῆς
3437 5735 3551 5782 εἰλι-

1977 5796 2178 5862 κρινοῦς·
2217 5807 2271 5850 et
2293 5796 2422 5851 in'fr'a'
2438 5800 2587 5849 iidem
2608 5800 2687 5850 διὰ
2704 5805 2786 5857 τῆς
2799 5796 2990 5863 μνήμης
3005 5796 3302 5852 ἀνάπτοντας.
