3950 6428
362 389 467 446 Ἠῗ

369 505 429 558 ἐν
457 501 711 574 ἀλλοτρίᾳ
732 499 1120 574 διατρίϐοντες,
1162 501 1358 573 πολλὴν
1397 496 1802 571 καρπωσόμεθα
1844 490 1943 565 τὴν

366 593 731 668 παράκλησιν.

888 728 1067 780 PIIZ'.
1086 725 1410 794 Προκοπίῳ.

453 860 640 930 Ὀλίγα
665 859 766 932 μέν
801 877 882 914 σοι
911 860 1307 934 ωνεγενόμεθα
1345 859 1553 925 αὐτόθι,
1580 857 1815 913 δέσποτά
1842 873 1944 927 μου

370 952 1021 1028 θαυμασιώτατε,πολλὴν
1046 956 1102 1009 δέ
1128 973 1220 1009 σου
1252 954 1351 1027 τὴν
1376 957 1569 1025 πεῖραν
1594 954 1691 1024 τῆς
1718 950 1948 1021 γνησίας

372 1044 673 1114 εἰλήφαμεν
704 1045 945 1115 ἀγάπης,
982 1046 1074 1099 καὶ
1110 1046 1206 1116 τῆς
1230 1044 1583 1116 ἀπράγμονος
1604 1043 1802 1114 ψυχῆς,
1856 1038 1949 1094 καὶ

373 1136 470 1207 τῆς
492 1137 718 1208 γνησίας
750 1138 842 1191 καὶ
875 1138 1082 1211 θερμῆς
1110 1136 1421 1213 διαθέσεως.
1439 1135 1531 1191 Διὸ
1545 1136 1638 1189 καὶ
1662 1134 1796 1206 πρὸς
1814 1131 1953 1186 αὑτά

374 1227 474 1296 τῆς
500 1229 823 1299 οἰκουμένης
850 1230 1254 1300 ἀπῳκισθέντες
1281 1229 1349 1283 τὰ
1381 1228 1648 1300 τέρματα,
1677 1226 1772 1280 καὶ
1815 1224 1952 1296 πρὸς

375 1319 546 1390 αὐτὴν
574 1321 673 1390 τὴν
720 1321 955 1391 ἐσχάτην
987 1321 1221 1392 ἐρημίαν
1261 1319 1653 1390 ἀπενεχθέντες
1682 1329 1730 1382 ι,
1766 1315 1855 1370 διά
1891 1315 1953 1369 τὸ

378 1410 652 1480 πανταχοῦ
686 1427 746 1462 σε
794 1412 1129 1482 περιφέρειν,
1168 1412 1413 1482 ὅπουπερ
1439 1410 1504 1464 ἂν
1543 1409 1813 1479 ἀπίωμεν,
1861 1406 1954 1459 καὶ

378 1499 524 1572 ἔχειν
555 1501 1024 1574 ἐγκεκολαμμένον
1049 1502 1128 1573 τῷ
1150 1502 1432 1569 συνειδότι,
1458 1504 1551 1557 καὶ
1580 1500 1863 1573 γράφομεν
1891 1498 1956 1551 ἐκ

381 1593 637 1647 τοσούτου
675 1594 1060 1666 διαστήματος,
1103 1597 1199 1649 καὶ
1243 1596 1344 1668 τὴν
1391 1594 1746 1665 ὀφειλομένην
1772 1589 1957 1646 ἀποδι-

381 1681 581 1753 δόαμεν
615 1684 934 1756 πρόσρησιν
964 1685 1056 1738 καί
1086 1703 1179 1739 σου
1218 1683 1638 1757 παρακαλοῦμεν
1662 1685 1760 1755 τὴν
1786 1681 1960 1754 ἐμμέ-

383 1773 553 1840 λειαν,
578 1775 627 1826 εί
654 1776 727 1846 μὴ
761 1776 898 1847 βαρὺ
942 1778 1034 1829 καὶ
1063 1777 1322 1848 ἐπαχθὲς,
1355 1778 1450 1830 καὶ
1484 1778 1647 1830 αὑτὸν
1670 1777 1805 1847 ἡμῖν
1830 1774 1960 1829 ταύ-

382 1880 483 1935 την
510 1866 769 1937 παρέχειν
793 1868 892 1938 τὴν
914 1867 1202 1939 χάριν,καὶ
1214 1868 1282 1921 τά
1313 1867 1559 1939 περὶτῆς
1584 1866 1774 1936 ὑγείας
1797 1864 1962 1934 είιαγ⁴

349 2010 355 2017 .
384 1955 692 2023 γελίξεσθαι
726 1959 869 2029 ἡμᾶς
902 1959 1003 2029 τῆς
1025 1958 1529 2035 σῆς-Μανθάνομεν
1561 1957 1670 2030 γὰρ
1694 1955 1836 2010 αὑτά
1866 1953 1963 2009 καλ⁸

389 2047 463 2119 μὴ
479 2049 798 2118 γράφοντος,
814 2050 941 2114 τοὺς
960 2052 1167 2105 ἐκεῖθεν
1182 2050 1610 2122 ἀφικνουμένους
1624 2046 1960 2122 ἐρωτῶντες,

385 2134 477 2188 δ.ἀ
497 2136 558 2187 τὸ
590 2135 791 2209 σφόδρα
826 2138 1290 2209 περισπούδαστον
1321 2135 1459 2193 εἶναι
1496 2140 1627 2210 ἡμῖν
1661 2135 1860 2190 εἰδέναι
1895 2135 1966 2188 τά

388 2226 517 2296 περὶ
564 2227 663 2299 τῆς
708 2227 928 2299 ῥώσεως
985 2231 1085 2302 τῆς
1132 2231 1233 2301 σῆς
1279 2230 1497 2302 καὶτῆς
1538 2230 1962 2301 εὑδοκιμήσεωςθ

390 2316 693 2389 βουλόμεθα
732 2320 789 2373 δὲ
837 2321 932 2375 καὶ
958 2322 1109 2393 παρά
1136 2322 1239 2392 τῆς
1270 2322 1517 2394 γλώττης
1561 2323 1659 2394 τῆς
1695 2321 1817 2388 σῆς,
1871 2319 1967 2374 καὶ

392 2407 546 2479 παρά
569 2409 671 2479 τῆς
694 2410 875 2481 χειρὸς
900 2413 999 2483 τῆς
1034 2413 1133 2484 σῆς
1162 2414 1335 2467 ταῦτα
1366 2413 1678 2486 δηλοῦσθαι,
1707 2412 1849 2466 ὥστε
1885 2410 1967 2464 δι-

393 2499 692 2571 πλῆνήμᾶς
717 2502 1059 2573 καρποῦσθαι
1082 2504 1110 2545 δ
1138 2505 1237 2576 τὴν
1261 2505 1597 2577 ὴδονὴν,ἀπό
1616 2522 1678 2558 τε
1706 2503 1798 2559 τοῦ
1828 2503 1969 2576 γρά-

394 2608 536 2662 φειν,
560 2595 668 2648 ἀπό
705 2612 764 2649 τε
792 2595 885 2649 τοῦ
914 2599 1216 2670 γράμματα
1234 2597 1482 2670 δέχεσθαι
1501 2597 1652 2672 παρὰ
1687 2600 1787 2669 τῆς
1811 2599 1968 2669 εὐγε-

395 2685 541 2750 νείας
562 2689 660 2759 τῆς
695 2691 812 2761 σῆς.
828 2690 979 2743 Δίδου
995 2690 1051 2744 δὲ
1068 2690 1411 2764 ταύτηνήμῖν
1434 2690 1533 2763 τὴν
1552 2691 1730 2764 χάριν,
1744 2690 1971 2763 ,ἡδίστην

395 2795 455 2833 τε
469 2776 634 2835 οὖσαν
650 2783 743 2836 καὶ
768 2783 1007 2854 εὔλογον,
1034 2785 1126 2840 καὶ
1151 2784 1397 2856 πολλὴνή
1405 2787 1494 2857 μῖν
1511 2784 1855 2860 παρέχουσαν
1873 2785 1971 2858 τὴν

400 2874 753 2948 εὖφροσύνην.

862 2991 1049 3046 PHH'.
1093 2993 1503 3062 Μαρκελλίνῳ.

470 3102 564 3167 Εἰς
597 3104 693 3174 μὲν
725 3104 857 3159 αὐτὸ
894 3105 957 3159 τὺ
1003 3107 1221 3162 πάντων
1251 3108 1587 3180 ἐρημότατον
1626 3105 1825 3179 χωρίον
1871 3104 1979 3158 ἀπ-

400 3192 669 3264 ήχθημεν,
710 3195 810 3267 τὴν
843 3196 1154 3251 Κουκουσόν
1185 3208 1231 3237 ε·
1276 3197 1415 3271 πλὴν
1460 3199 1590 3252 ὅταν
1628 3198 1729 3266 τὴν
1759 3197 1979 3267 ἀγάπην

402 3282 559 3353 ὑμῶν
591 3283 698 3338 τῶν
743 3285 1041 3355 φιλούντων
1091 3288 1240 3359 ἡμᾶς
1296 3289 1661 3361 ἐννοήσωμεν,
1719 3287 1981 3359 μεγίστην

403 3376 764 3447 καρπούμεθα
780 3377 1144 3449 παράκλησιν,
1163 3382 1221 3434 ἐν
1235 3380 1334 3452 ἐρη
1342 3381 1442 3453 μίᾳ
1458 3382 1831 3445 πλουτοῦντες.
1847 3379 1982 3438 Οὑδέ

404 3466 515 3539 γὰρ
543 3467 760 3539 ὁτυχὼν
786 3469 1078 3542 θησαυρὸς,
1109 3472 1318 3544 ἀνδρῶν
1346 3475 1728 3546 ἐπιτυγχάνειν
1746 3476 1984 3548 γνησίως

405 3558 579 3630 φιλεῖν
635 3559 873 3616 εἰδότων.
930 3561 1033 3616 Διά
1074 3563 1139 3634 δὴ
1199 3564 1356 3619 τοῦτο
1381 3564 1484 3620 κᾶν
1534 3568 1611 3640 μὴ
1643 3568 1723 3639 τῷ
1770 3567 1984 3640 σώματι

406 3652 693 3725 παρῶμεν,
722 3655 851 3724 ὑμῖν
887 3657 955 3728 τῇ
987 3654 1134 3728 ψυχῇ
1166 3656 1545 3731 συνδεδέμεθα,
1566 3662 1747 3733 τῇτῆς
1761 3661 1985 3735 ἀγάπης

407 3745 594 3799 ἁλύσει
634 3748 1007 3819 σφεγγόμενοι.
1042 3751 1204 3805 Ὅθεν
1233 3751 1328 3806 καὶ
1359 3753 1748 3827 ἐπιστέλλομεν
1792 3758 1857 3811 ἐκ
1896 3773 1987 3811 το-

410 3839 601 3894 σούτου
639 3841 1029 3911 διαστήματος,
1066 3844 1161 3897 καὶ
1191 3844 1292 3915 τὴν
1328 3845 1683 3919 ὀφειλομένην
1714 3848 1990 3903 ἀποδιδόαρ

414 3949 513 4004 μεν
557 3933 878 4007 πρόσρησιν.
922 3936 1042 3990 Ὀτι
1071 3936 1180 4010 γὰρ
1199 3941 1283 4004 εἰς
1330 3941 1456 4004 τοὺς
1483 3939 1732 4012 πρώτους
1761 3956 1822 3993 σε
1877 3940 1992 3994 τῶν

411 4025 656 4097 ἐραστῶν
718 4027 1038 4100 ἐγράψαμεν
1102 4030 1211 4086 τῶν
1270 4033 1578 4104 ἡμετέρων,
1643 4032 1764 4087 οὑδέ
1823 4016 1990 4097 ἒὺτὸς

411 4118 644 4187 ἀγνοεῖς,
678 4118 914 4174 δέσποτά
970 4137 1072 4192 μου
1107 4121 1545 4193 θαυμασιώτατε.
1574 4121 1726 4177 Δίδου
1768 4121 1834 4195 δὴ
1893 4122 1990 4178 καὶ⁵

412 4208 575 4273 αὐτὸς
601 4207 804 4280 ταύτην
844 4212 978 4281 ἡμῖν
1000 4211 1099 4283 τὴν
1129 4210 1311 4284 χάριν,
1334 4213 1429 4266 καὶ
1453 4212 1693 4283 συνεχῶς
1715 4214 1849 4284 ἡμῖν
1872 4211 1997 4266 ἐπί-

415 4301 621 4367 στελλε,
640 4300 711 4355 τά
740 4302 869 4374 περὶ
893 4301 992 4374 τῆς
1020 4303 1207 4372 ὑγείας
1228 4303 1330 4373 τῆς
1359 4302 1458 4373 σῆς
1484 4302 1990 4374 εὐαγγελιζόμενος,

415 4393 503 4449 ἵνα
532 4394 627 4448 καὶ
668 4393 748 4464 τῷ
775 4393 1028 4465 γράφειν,
1062 4393 1157 4447 καὶ
1186 4391 1265 4464 τῷ
1290 4392 1537 4464 δέχεσθαι
1571 4392 1827 4456 τοιαύτας
1868 4393 1993 4446 ἐπι·-

413 4485 630 4552 στολάς,
679 4484 882 4557 πολλὴν
926 4468 1351 4557 καρπωσώμεθα
1379 4483 1479 4557 τὴν
1512 4483 1869 4558 παραμυθίαν
1897 4485 1994 4539 καὶ

412 4576 772 4650 εὐφροσύνην,
800 4577 897 4631 καὶ
934 4577 1217 4650 μεγίστης,
1246 4577 1341 4632 καὶ
1369 4577 1429 4632 ἐν
1460 4577 1667 4651 ἐρημίᾳ
1691 4575 1993 4651 διατρίὼνο

411 4680 525 4741 τες,
555 4673 951 4742 ἀπολαύσωμεν
978 4670 1391 4745 παρακλήσεως.
1913 4664 1919 4670 ’

935 4789 1119 4844 ΡΠΘ’.
1162 4788 1462 4858 Ἀντιόχῳ.

490 4911 632 4965 Πότε
659 4908 768 4981 γάρ
797 4924 890 4962 σου
912 4903 1265 4961 ἐπιλαθέσθαι
1296 4900 1572 4974 δυνάμεθα
1597 4900 1698 4971 τῆς
1733 4897 1995 4969 γλυκείας

417 5002 513 5059 καὶ
542 5002 754 5074 ,θερμῆς
797 4997 1110 5063 διαθέσεως,
1152 4994 1253 5067 τῆς
1295 4993 1524 5066 γνησίας
1555 4989 1707 5065 [706]
1748 4991 1843 5045 καὶ
1868 4988 1997 5044 είλι-

418 5092 639 5168 κρινοῦς
665 5091 907 5163 ἀγάπης,
936 5090 1029 5144 καὶ
1049 5086 1338 5158 ἐλευθέρας
1372 5083 1599 5156 γνώμης
1638 5082 1734 5136 καὶ⁸
1759 5080 1993 5152 ὑψηλῆς,

416 5189 518 5258 τῆς
546 5179 1107 5256 πεπαῤῥησιασμένης
1126 5177 1333 5249 ψυχῆς
1362 5174 1484 5230 Κᾶν
1514 5174 1623 5245 γάρ
1644 5171 1781 5244 πρὸς
1823 5168 1996 5234 αὑτὰς

418 5277 741 5349 ἀπέλθωμεν
766 5273 864 5351 τὰς
896 5269 1152 5342 ἐσχατιὰς
1188 5271 1287 5341 τῆς
1326 5266 1670 5339 οἰκουμένης,
1719 5262 1994 5335 πανταχοῦ

424 5389 482 5426 σε
508 5368 894 5443 περιφέροντες
926 5366 1148 5436 ἄπιμεν,
1182 5364 1277 5419 τὸν
1311 5361 1510 5435 θερμὸν
1537 5361 1695 5434 ήμῶν
1738 5357 1994 5433 ἐραστὴν,

482 5523 513 5554 ⁸
535 5522 662 5583 Reg.
685 5518 1027 5583 ἀπενεχθέντες.
1050 5516 1204 5583 sui].
1227 5516 1348 5583 ἥβῃ]
1387 5515 1440 5563 in
1477 5515 1623 5563 textu
1647 5508 1997 5575 ἀπενεχθέντες,

424 5578 659 5645 ἰιιίπιοηξ.
682 5578 916 5644 ἀχθέντες,
945 5578 1117 5645 ﬂat-9!.
1146 5578 1437 5641 ἀναχθέντες.

483 5644 514 5686 δ
538 5641 649 5694 Dub
673 5641 793 5692 υἱέε.
813 5641 1176 5703 καρπώσασθαι.

485 5708 512 5740 ε
536 5691 691 5759 Vilia.
712 5691 797 5766 τὴν
818 5691 1102 5755 Κόκκουσόν
1124 5705 1188 5755 de
1227 5712 1388 5752 more.
1412 5699 1538 5753 νωε
1570 5709 1718 5761 εὑρη
1737 5696 1884 5759 epist.
1908 5691 1987 5743 84.

1068 389 1429 453 SJOANNIS
1466 383 1954 446 CHRYSOSTOMI
1988 383 2314 443 ARCIIIEP.
2350 379 2900 442 CONSTANTINOP.

3514 387 3613 446 7l8

2050 492 2146 548 καὶ
2178 492 2381 565 σφόδρα
2414 494 2545 566 ἡμῖν
2571 494 2651 565 τῷ
2670 498 2770 567 τῆς
2800 494 3020 567 ἀγάπης
3039 494 3189 568 νόμῳ
3217 496 3620 569 συνδεδεμένον.

2049 584 2141 639 Διὸ
2173 586 2269 639 καὶ
2308 586 2446 659 πρὸς
2471 586 2642 658 αὐτὴν
2684 587 2782 659 τὴν
2805 587 3037 659 ἐρημίαν
3063 590 3163 658 τῆς
3196 589 3319 644 καθ’
3346 592 3499 662 ἡμᾶς
3545 592 3631 646 oio

2051 677 2329 748 κουμένης
2357 677 2755 749 ἀπῳκισμένοι,
2786 677 2884 751 τὴν
2904 681 3214 735 Κουκουσὺν
3237 681 3401 750 λέγω,
3449 684 3547 737 καὶ
3564 682 3625 737 οὐ

2051 765 2251 838 ῥᾳδίως
2285 768 2562 837 ἐπιτυχεῖν
2591 766 2702 822 τῶν
2740 766 2809 823 τὰ
2852 769 3155 841 γράμματα
3204 770 3628 841 διακομιζόντων

2051 857 2362 931 δυνάμενοι,
2395 859 2597 932 πολλὴν
2631 859 3009 931 ἐποιησάμεθα
3038 860 3275 930 σπουδὴν
3300 862 3628 934 ἐπιζητῆσαί

2051 970 2112 1006 τε
2134 953 2229 1007 καὶ
2264 954 2446 1026 εὑρεῖν
2472 954 2563 1007 τὸν
2582 954 2790 1027 ταύτην
2820 955 2979 1026 ήμῶν
3017 954 3114 1027 τὴν
3140 954 3428 1028 ἐπιστολὴν
3450 956 3632 1010 διακο-

2057 1044 2299 1116 μίζοντα,
2321 1044 2464 1101 ὥστε
2491 1064 2586 1102 σου
2615 1050 2932 1118 προσειπεῖν
2948 1048 3047 1119 τὴν
3075 1047 3507 1119 θαυμασιότητα,
3538 1048 3634 1103 καὶ

2054 1136 2152 1207 τὴν
2181 1136 2539 1209 ὀφειλομένην
2559 1138 2861 1211 πρόσρησιν
2883 1138 3172 1193 ἀποδοῦναι
3194 1140 3262 1209 τῇ
3292 1137 3623 1209 μεγαλοπρε-

2057 1227 2186 1300 πείᾳ
2205 1231 2271 1301 τῇ
2305 1231 2393 1300 σῇ.
2424 1229 2547 1282 Ὅτι
2573 1229 2630 1283 δὲ
2656 1229 2751 1283 καὶ¹
2784 1229 2967 1294 αὐτὸς,
2995 1228 3059 1295 ἐξ
3076 1222 3150 1285 ὧν
3179 1230 3282 1302 ηδη
3300 1230 3631 1302 πεποίηκας,

2058 1319 2120 1373 οὑ
2149 1320 2316 1391 δεήσῃ
2342 1320 2443 1391 τῆς
2475 1321 2606 1392 παρ’
2627 1320 2787 1391 ήμῶν
2813 1322 3168 1394 ὑπομνήσεως
3197 1323 3278 1386 είς
3305 1321 3368 1375 τδ
3397 1320 3633 1393 σῦνεχῶς

2059 1413 2190 1482 ἡμῖν
2234 1412 2590 1476 ἐπιστέλλειν,
2632 1414 2727 1467 καὶ
2773 1413 2843 1467 τὰ
2873 1411 3003 1485 περὶ
3047 1412 3148 1483 τῆς
3176 1412 3366 1481 ὑγείας
3406 1412 3512 1482 τῆς
3538 1414 3637 1482 σῆς

2060 1504 2527 1575 εὐαγγελίζεσθαι,
2566 1505 2720 1560 οὐδὲν
2759 1501 2914 1577 οἶμαι
2950 1506 3058 1560 δεῖν
3094 1503 3477 1577 ἀμφιϐάλλεινε
3527 1502 3638 1557 Καὶ

2061 1597 2172 1670 γάρ
2191 1598 2253 1651 οὐ
2282 1597 2380 1668 τὴν
2408 1596 2676 1668 τυχοῦσαν
2694 1597 3102 1670 καρπωσόμεθα
3129 1598 3496 1671 παράκλησιν,
3509 1599 3637 1652 ὅταν

2062 1690 2192 1761 παρ’
2232 1690 2262 1743 ὑ
2269 1689 2386 1761 μῶν
2439 1688 2548 1743 τῶν
2574 1689 2778 1760 σφόδρα
2805 1691 2955 1762 ἡμᾶς
2985 1689 3328 1760 ἀγαπώντων
3354 1688 3638 1760 δεχώμεθα

2062 1781 2390 1852 γράμματα,
2411 1781 2661 1852 περὶτῆς
2698 1780 2919 1853 ῥώσεως
2939 1781 3037 1852 τῆς
3060 1780 3329 1852 ὑμετέρας
3355 1780 3638 1849 δηλοῦντα,

2063 1873 2160 1928 καὶ
2190 1874 2290 1945 τὴν
2338 1873 2559 1945 ἀγάπην
2600 1872 2689 1926 διὰ
2736 1871 2846 1927 τῶν
2875 1872 3173 1927 ἐπιστολῶν
3231 1870 3470 1942 συνεχῶς
3512 1871 3643 1925 ἀνα-

2063 1965 2307 2032 νεοῦντα,
2362 1967 2458 2021 καὶ
2488 1966 2587 2038 τὴν
2621 1965 2922 2038 παρουσίαν
2968 1967 3069 2037 τῆς
3103 1963 3375 2036 ὑμετέρας
3419 1963 3640 2033 ἀγάπης

2066 2057 2324 2113 ποιοῦντα
2348 2057 2739 2128 φαντάζεσθαι.
2786 2058 2974 2131 ’Δρκεῖ
2997 2057 3107 2131 γάρ
3125 2056 3402 2128 πυκνότης
3423 2056 3639 2109 ἐπιστο-

2066 2149 2337 2217 λῶν,ὅταν
2363 2148 2514 2221 παρὰ
2536 2149 2705 2219 φίλων
2724 2151 2962 2219 γνησίων
2988 2146 3353 2222 φέρηται,κα“ι
3378 2150 3481 2219 τῆς
3506 2162 3646 2217 παρ⁹

2067 2242 2257 2307 ουσίας
2292 2241 2619 2312 σοφίσασθαι
2640 2242 2739 2313 τὴν
2763 2242 2997 2314 ἡδονήν.“

2633 2400 2753 2466 PL}.
2804 2399 3085 2467 Βρίσωνι.

2142 2555 2208 2610 Τί
2252 2553 2444 2622 τοῦτο;
2482 2555 2680 2610 Αὐτόθι
2722 2555 2821 2628 μὲν
2858 2556 3025 2611 ὄντων
3055 2555 3084 2594 ά
3132 2554 3287 2627 ήμῶν
3322 2555 3493 2629 μυρία
3547 2555 3638 2611 καὶ

2072 2651 2249 2702 ποιεῖν
2280 2648 2376 2703 καὶ
2418 2647 2596 2720 λέγειν
2655 2647 3016 2716 ἐσπούδακας,
3047 2649 3141 2702 καὶ
3172 2651 3239 2721 τῇ
3283 2649 3437 2703 πόλει
3466 2649 3644 2724 πάσῃ,

2077 2742 2277 2814 μᾶλλον
2299 2741 2356 2796 δέ
2383 2744 2450 2814 τῇ
2505 2741 2796 2815 οἰκουμένη
2830 2741 3129 2813 κατάδηλος
3168 2743 3400 2812 γέγονας
3438 2743 3532 2798 ἐπὶ
3572 2741 3647 2812 τῷ

2076 2834 2305 2907 φίλτρῳ,
2417 2833 2546 2907 περὶ
2571 2834 2719 2905 ἡμᾶς
2768 2831 3158 2900 ἐπιδείκνυσαι,
3187 2834 3263 2907 μὴ
3288 2834 3498 2904 στέγων
3525 2834 3651 2888 αὐτὸ

2079 2930 2205 3000 σιγῇ
2240 2926 2512 2997 κατέχειν,
2548 2925 2687 2980 ἀλλά
2708 2916 2796 2982 διὰ
2839 2926 2949 2981 τῶν
2984 2926 3183 2998 ἐργων,
3216 2926 3305 2981 διὰ
3332 2925 3441 2980 τῶν
3472 2925 3650 2998 ῥημά-

2076 3036 2185 3075 των
2222 3016 2497 3091 πανταχοῦ
2524 3017 2984 3090 ἐπιδεικνύμενος,
3008 3018 3308 3073 ἐπιστεῖλαι
3339 3019 3397 3073 δὲ
3429 3020 3561 3090 ἡμῖν
3576 3019 3657 3071 οὑ-

2078 3112 2135 3167 δὲ
2157 3111 2304 3179 ἅπαξ
2334 3111 2621 3178 κατεδέξω,
2648 3112 2744 3167 καὶ
2768 3110 2935 3165 ταῦτα
2969 3111 3175 3183 σφόδρα
3193 3110 3386 3178 διψῶσι
3417 3110 3527 3167 τῶν
3541 3112 3656 3164 ἐπι-

2083 3203 2286 3258 στολῶν
2333 3204 2444 3257 τῶν
2473 3203 2603 3270 σῶν,
2636 3203 2731 3257 καὶ
2751 3202 2860 3256 τῶν
2880 3203 3225 3274 γραμμάτων
3260 3200 3659 3274 ἐπιθυμοῦσιν;

2084 3297 2198 3351 Οὐκ
2239 3291 2394 3350 οῑσθα
2422 3296 2554 3368 ὅσην
2593 3293 2888 3366 ἐμέλλομεν
2922 3291 3265 3363 καρποῦσθαι
3314 3291 3658 3364 παράκλησιν

2083 3388 2183 3461 τῆς
2209 3387 2351 3443 οὕτω
2383 3370 2614 3459 γνησίας
2655 3385 2854 3459 ψυχῆς,
2893 3385 2992 3457 τῆς
3031 3383 3176 3440 οὕτω
3204 3385 3412 3457 θερμῆς
3476 3384 3658 3455 φιλίας

2086 3480 2285 3549 ἔγγονα
2311 3479 2587 3551 δεχόμενοι
2605 3478 2935 3551 γράμματα;
2958 3476 3069 3531 Καὶ
3091 3477 3263 3530 ταῦτα
3287 3476 3389 3530 οὑκ
3412 3475 3659 3544 ἐγκαλῶν

2086 3572 2232 3641 λέγω
2264 3566 2402 3643 (οἶδα
2435 3569 2544 3643 γάρ
2573 3571 2657 3624 ὅτι
2708 3570 2805 3623 καὶ
2855 3570 3102 3644 γράφων,
3142 3569 3236 3622 καὶ⁵
3268 3565 3455 3636 σιγῶν,
3484 3567 3662 3637 ἀκμά-

2089 3662 2288 3729 ζουσαν
2317 3662 2592 3735 διατηρεῖς
2622 3662 2720 3735 τὴν
2746 3660 2875 3733 περὶ
2904 3660 3052 3731 ἡμᾶς
3077 3657 3359 3728 διάθεσιν),
3379 3656 3517 3712 ἀλλά
3533 3656 3663 3727 σφό-

2088 3755 2190 3828 δρα
2222 3753 2505 3828 ἐπιθυμῶν
2541 3765 2567 3794 θ
2603 3771 2695 3808 σου
2738 3753 2849 3806 τῶν
2890 3751 3208 3807 ἐπιστολῶν.
3239 3750 3351 3805 Καὶ
3409 3749 3489 3822 μὴ
3529 3748 3662 3820 γρά-

2092 3864 2284 3919 φοντος
2309 3847 2409 3919 μέν
2450 3863 2570 3913 σου,
2599 3847 2661 3901 οὑ
2691 3844 2979 3919 παυόμεθα
3009 3846 3136 3910 τοὺς
3168 3842 3375 3898 ἐκεῖθεν
3402 3844 3663 3913 ἀφικνου-

2095 3938 2287 4011 μένους
2317 3937 2631 4011 ἐρωτῶντες
2662 3937 2790 4009 περὶ
2824 3938 2923 4008 τῆς
2948 3935 3168 4008 ῥώσεώς
3195 3952 3290 3988 σου
3322 3933 3418 3989 καὶ
3448 3933 3551 4003 τῆς
3580 3932 3667 3985 εὑ-

2093 4031 2313 4103 θυμίας,
2360 4031 2456 4085 καὶ
2489 4029 2695 4101 σφόδρα
2728 4028 2993 4102 χαίρομεν
3037 4025 3328 4090 ἀκούοντες
3369 4025 3518 4097 άπερ
3548 4026 3666 4079 ἐπι-

2094 4121 2395 4194 θυμοῦμενο
2441 4120 2578 4176 ἀλλὰ
2625 4120 2926 4193 βουλόμεθα
2959 4120 3054 4175 κα)⁸
3103 4119 3255 4192 παρά
3278 4118 3378 4190 τῆς
3420 4116 3665 4188 γλώττης

2094 4214 2191 4287 τῆς
2211 4216 2331 4283 σῆς,
2358 4212 2454 4267 καὶ
2487 4212 2638 4285 παρὰ
2662 4215 2763 4284 τῆς
2794 4212 2973 4280 δεξιᾶς
2995 4211 3095 4283 τῆς
3114 4211 3213 4282 σῆς
3245 4210 3419 4265 ταῦτα
3460 4209 3667 4281 μανθά.

2094 4323 2227 4363 νειν.
2252 4307 2314 4361 Εί
2335 4306 2510 4361 τοίνυν
2539 4305 2615 4378 μὴ
2644 4304 2781 4377 βαρὺ
2802 4305 2935 4377 μηδὲ
2966 4304 3200 4376 ἐπαχθὲς
3225 4302 3494 4375 ζητοῦμεν
3511 4300 3556 4365 ί,
3578 4300 3668 4355 νῦν

2094 4398 2226 4470 γοῦν
2251 4397 2458 4470 ταύτην
2482 4399 2614 4469 ἡμῖν
2644 4398 2929 4469 παράσχου
2962 4395 3060 4468 τὴν
3089 4396 3270 4469 χάριν,
3302 4395 3569 4467 μεγίστην
3592 4388 3671 4447 οὖν

2099 4506 2201 4544 σαν
2252 4489 2349 4544 καὶ
2397 4489 2641 4562 ἡδίστην,
2698 4487 2794 4543 καὶ
2838 4486 3039 4559 πολλὴν
3068 4488 3199 4559 ἡμῖν
3260 4486 3538 4558 φέρουσαν
3576 4485 3672 4558 τὴν

2094 4581 2311 4656 ἡδονήν.
2546 4606 2551 4613 ~
2986 4602 2991 4607 ·

2348 4697 2500 4772 [707]
2518 4699 2693 4765 ΡῂΑἎ
2740 4696 3116 4766 Ἇμπρούκλῃ
3147 4694 3426 4760 διακόνῳ.

2183 4834 2480 4908 Ἐδεξάμην
2501 4833 2781 4907 δευτέραν,
2813 4832 2883 4904 ἢν
2913 4830 3051 4904 ἔφης
3087 4830 3357 4904 προτέραν
3385 4828 3676 4902 ἐπιστολὴν

2099 4927 2515 4992 ἐπεσταλκέναι,
2544 4924 2801 4979 δέσποινά
2839 4940 2941 4995 μου
2974 4923 3275 4996 τιμιωτάτη
3305 4922 3401 4976 καὶ
3437 4939 3677 4995 κοσμιω-

2097 5016 2258 5088 τάτη.
2294 5014 2406 5069 Καὶ
2425 5014 2493 5068 τά
2519 5012 2661 5067 αὑτά
2682 5012 2845 5067 πάλιν
2871 5011 3036 5081 λέγω,
3066 5010 3140 5084 μὴ
3166 5010 3320 5066 κάλει
3365 5011 3575 5081 τόλμαν
3616 5010 3679 5066 τδ

2100 5109 2374 5183 προτέραν
2403 5109 2515 5172 τοῖς
2546 5106 2683 5178 πρὸς
2702 5106 2850 5178 ἡμᾶς
2881 5104 3217 5177 ἐπιπηδῆσαι
3245 5102 3558 5175 γράμμασι,
3583 5121 3681 5175 μη-

2101 5203 2159 5258 δέ
2183 5203 2488 5275 ἁμάρτημα
2519 5201 2705 5272 νόμιζε
2729 5198 2792 5252 τὸ
2819 5197 3075 5271 μέγιστον
3100 5195 3393 5266 ἐγκώμιον.
3430 5195 3674 5264 Ἀγάπης

2102 5296 2211 5368 γὰρ
2239 5295 2468 5366 ζεούσης
2488 5294 2584 5348 καὶ
2608 5292 2816 5365 θερμῆς
2834 5291 2994 5345 τοῦτο
3019 5291 3215 5360 δεῖγμα
3242 5285 3566 5358 ποιούμεθα,
3585 5285 3677 5341 καὶ

2104 5387 2203 5458 τῆς
2225 5385 2452 5456 γνησίας
2485 5382 2580 5438 καὶ
2612 5380 2940 5453 εἰλικρινοῦς
2984 5397 3077 5434 σου
3107 5377 3405 5442 διαθέσεως
3425 5377 3523 5450 τῆς
3550 5377 3673 5447 φλο-

2167 5559 2192 5601 d
2219 5559 2329 5609 Mss.
2355 5559 2515 5608 αὐτόθι
2535 5557 2784 5621 μενόντων,
2806 5571 2917 5621 ηοω
2936 5555 3251 5621 ειὶειιιὲιεοιὶο
3270 5556 3488 5621 qqadpt.

2171 5625 2195 5652 ο
2221 5622 2303 5671 Sic
2327 5628 2465 5670 recte
2488 5618 2638 5669 Sévil.
2666 5618 2840 5681 more];
2865 5627 2918 5673 et
2942 5618 3111 5672 Montf.
3139 5618 3366 5681 ἐπιθυμῶ.
3390 5618 3525 5667 Eon.

2173 5681 2193 5722 ί
2221 5683 2343 5746 Reg.
2366 5687 2419 5733 et
2436 5681 2596 5734 νεαρ.
2615 5679 2857 5745 almam;
