3950 6368
431 365 531 420 ἨΘ

421 481 635 536 flamma
665 481 775 552 ipsa
805 482 869 537 sit
899 481 1190 538 ardentior.
1213 483 1346 539 Cum
1375 484 1534 554 igitur
1562 484 1678 541 haec
1709 486 1803 542 tibi
1833 485 2018 556 explo-

421 584 539 629 rata
566 575 693 643 sint,
727 575 864 630 hanc
904 576 1058 630 nobis
1101 575 1409 647 frequenter
1451 577 1645 647 largire
1685 578 1935 648 gratiam,
1963 587 2022 633 ut

421 667 490 721 de
522 676 610 720 tua
643 667 948 723 valetudine
987 668 1247 722 certiores
1284 681 1385 722 nos
1425 667 1611 734 facias,
1657 677 1713 723 et
1753 677 2020 723 sexcentis

421 758 668 829 epistolis
697 775 794 814 nos
821 760 1039 822 obruas,
1071 775 1191 830 qua:
1225 759 1277 814 id
1307 758 1630 830 significent.
1676 759 1811 814 Nam
1849 760 1894 814 si
1925 773 2021 814 vos

421 851 636 920 quinos
665 851 878 918 amatis,
907 861 962 906 et
988 852 1184 908 hilares
1229 866 1372 919 esse,
1412 867 1476 906 ac
1513 866 1765 922 prospera
1809 851 2019 906 valetu-

423 943 548 997 dine
572 953 630 1000 et
657 945 948 1001 securitate
971 943 1075 1000 frui
1101 953 1250 1002 certo
1289 944 1644 1013 confidamus,
1675 960 1784 1000 non
1811 945 2018 999 medio-

423 1051 570 1091 crem
602 1048 800 1093 nostra:
828 1037 883 1100 in
916 1038 1136 1106 regione
1168 1039 1447 1108 peregrina
1477 1037 1917 1094 commorationis
1944 1037 2022 1092 le-

421 1130 689 1186 vationem
720 1132 1016 1201 capiemus,
1056 1132 1150 1186 sed
1180 1141 1236 1188 et
1264 1132 1500 1188 maximo
1529 1132 1721 1187 solatio
1757 1130 2016 1197 fruemur,

425 1220 554 1276 licet
583 1223 638 1276 in
667 1232 911 1278 extrema
940 1222 1234 1278 solitudine
1278 1223 1603 1278 liabitemus.
1651 1222 1850 1277 Tecum
1892 1235 2020 1290 ergo

424 1325 702 1384 reputans,
729 1325 983 1386 quantam
1014 1315 1317 1371 festivitatis
1343 1315 1679 1370 occasionem
1709 1313 1864 1369 nobis
1888 1313 2021 1368 alla-

427 1418 544 1462 tura
570 1409 666 1472 sis,
700 1409 808 1464 noli
837 1409 977 1465 hanc
1000 1409 1154 1465 nobis
1180 1408 1416 1464 laetitiam
1445 1407 1702 1474 invidere,
1734 1405 1829 1461 sed
1853 1421 2022 1476 quan-

427 1511 537 1554 tum
566 1500 766 1568 licebit,
797 1510 851 1556 et
877 1499 1103 1556 facultas
1127 1499 1361 1566 dabitur,
1395 1499 1647 1554 continue
1674 1497 1882 1553 felicem
1923 1511 2022 1552 no-

427 1591 509 1645 bis
533 1590 601 1647 de
616 1599 714 1646 tua
745 1591 1051 1646 valetudine
1078 1590 1319 1645 nuntium
1347 1590 1518 1644 mitte.

486 1702 708 1759 CXCII.
743 1703 1068 1758 Οηθδὶσταῐίω
1089 1703 1186 1775 (τι).
1213 1701 1444 1776 (Cucuso
1469 1717 1610 1758 anno
1630 1701 1764 1758 forte
1780 1700 1939 1771 405.)

457 1819 462 1824 ’
497 1819 743 1889 Magnum
770 1819 951 1873 animo
979 1818 1220 1874 dolorem
1251 1833 1348 1873 nos
1380 1833 1593 1888 quoque
1613 1817 1877 1887 cepimus,
1897 1830 2018 1870 cum

431 1911 499 1965 de
525 1921 713 1966 mortze
756 1910 928 1966 beata:
972 1911 1094 1966 filia:
1125 1921 1229 1966 tua:
1259 1913 1274 1943 ⁸
1302 1909 1369 1964 ad
1397 1925 1496 1966 nos
1524 1919 1606 1964 est
1630 1909 1873 1964 allatum.
1914 1909 2020 1963 Vc-

431 2012 730 2058 rumtamen
757 2017 878 2057 cum
908 2002 1074 2073 probe
1104 2011 1226 2056 nota
1249 2002 1404 2056 nobis
1431 2001 1501 2056 sit
1521 2001 1684 2054 animi
1716 2000 1790 2054 tui
1814 1999 2023 2068 sapien-

431 2095 532 2162 tia,
575 2093 874 2164 mentisque
921 2093 1255 2162 sublimitas,
1299 2093 1458 2164 plane
1507 2091 1828 2147 confidimus
1871 2091 2019 2158 fore,

430 2194 490 2238 ut
531 2185 692 2240 tantis
742 2183 992 2239 fluctibus
1031 2185 1276 2255 superior
1315 2183 1536 2239 evadas.
1575 2183 1708 2237 Nam
1731 2191 1789 2236 ut
1817 2197 2022 2252 nequa-

429 2291 587 2346 quam
637 2276 976 2333 contristeris
997 2317 1011 2342 ,
1043 2276 1160 2331 ﬁeri
1189 2277 1394 2346 nequit;
1427 2275 1521 2330 sed
1554 2284 1606 2331 te
1627 2275 1912 2330 hortamur
1937 2283 2023 2330 ta-

431 2378 575 2434 men,
609 2376 669 2422 ut
703 2367 978 2423 moderate
1004 2367 1055 2422 id
1085 2382 1230 2438 agas,
1261 2382 1384 2422 cum
1412 2365 1577 2437 probe
1605 2366 1840 2433 noveris,
1864 2381 2023 2437 quam

432 2461 589 2516 lluxze
635 2461 744 2515 sint
788 2471 842 2515 et
888 2459 1103 2516 caducae
1155 2475 1242 2516 res
1287 2460 1558 2527 humanae,
1605 2445 2039 2530 communesque.

431 2551 681 2607 omnibus
707 2551 789 2605 hac
810 2551 1164 2617 calamitates,
1193 2565 1258 2606 ac
1276 2562 1492 2606 naturae
1518 2551 1603 2606 lex
1625 2551 1950 2617 communis,
1974 2558 2028 2605 et

434 2642 644 2696 Domini
673 2642 914 2697 omnium
947 2651 1189 2697 nostrum
1222 2642 1315 2697 Dei
1341 2641 1639 2698 decretum.
1669 2641 1855 2712 Neque
1881 2642 2025 2697 enim

435 2735 577 2789 istud
601 2751 751 2791 mors
766 2745 868 2804 est,
893 2735 987 2791 sed
1016 2737 1398 2808 peregrinatio,
1424 2747 1584 2808 atque
1613 2752 1643 2791 a
1667 2721 2028 2793 deterioribus

431 2827 500 2882 ad
548 2827 769 2884 meliora
819 2829 1214 2900 commigratio.
1247 2829 1372 2885 Hinc
1398 2829 1560 2900 igitur
1601 2830 1783 2884 animo
1807 2830 2027 2886 volvens

432 2921 609 2975 omnia
632 2963 647 2988 ,
677 2936 938 2991 generose
978 2919 1058 2976 fer
1083 2921 1225 2992 quod
1271 2920 1500 2988 accidit,
1533 2931 1588 2977 et
1614 2921 1865 2978 clementi
1916 2922 2028 2977 Deo

433 3013 632 3082 gratias
680 3028 796 3084 age.
852 3013 1106 3081 Quamvis
1150 3013 1294 3068 enim
1339 3028 1405 3070 eo
1447 3015 1661 3085 gravior
1710 3013 1910 3070 inflicta
1957 3015 2030 3070 sit

437 3103 591 3174 plaga
617 3145 632 3170 ,
659 3104 799 3174 quod
829 3105 1007 3160 adhuc
1028 3105 1231 3160 recenti
1260 3105 1424 3175 priori
1469 3105 1826 3173 successerit,
1852 3116 2028 3162 tamen

438 3212 502 3251 eo
533 3196 626 3250 tibi
657 3195 986 3264 splendidior
1009 3211 1209 3251 corona
1241 3196 1531 3264 patientiae,
1557 3197 1867 3269 maioraque
1894 3212 2031 3268 prae-

439 3289 544 3344 mia
571 3289 926 3356 debebuntur,
968 3289 1013 3344 si
1045 3303 1165 3344 cum
1192 3288 1485 3360 gratiarum
1515 3277 1730 3345 actione
1775 3299 1829 3346 et
1874 3290 2032 3346 laude

440 3383 798 3438 calamitatem
831 3384 989 3437 istam
1023 3383 1226 3438 tuleris.
1259 3382 1339 3438 Ne
1368 3383 1527 3454 igitur
1552 3398 1652 3438 nos
1681 3399 1892 3454 quoque
1914 3401 2030 3438 ma-

438 3493 678 3548 gnopere
705 3476 1016 3544 doleamus,
1045 3477 1140 3532 sed
1185 3479 1466 3534 evidenter
1506 3479 1738 3534 sciamus
1788 3479 2030 3536 nonnihil

441 3570 535 3627 tibi
559 3580 772 3626 nostras
801 3570 986 3626 literas
1016 3570 1311 3641 profuisse,
1341 3570 1408 3626 ad
1437 3587 1536 3627 nos
1564 3571 1668 3628 hoc
1697 3573 1872 3643 ipsum
1894 3575 2030 3629 scri-

442 3663 573 3720 bere
599 3679 666 3719 ne
686 3663 922 3735 graveris
942 3706 957 3732 ,
991 3674 1046 3719 ut
1073 3664 1274 3720 indices
1301 3681 1516 3721 omnem
1543 3666 1636 3722 tibi
1665 3667 1912 3723 maeroris
1936 3683 2036 3723 nu-

443 3757 564 3812 bem
591 3772 713 3813 esse
738 3756 1058 3823 discussam,
1090 3773 1154 3812 ac
1180 3757 1380 3813 doloris
1403 3758 1553 3814 ulcus
1579 3775 1768 3830 magna
1790 3776 1854 3816 ex
1885 3770 2035 3833 parte

443 3860 708 3906 sanatum.
731 3848 787 3906 Si
814 3851 959 3905 enim
977 3849 1092 3907 haec
1121 3850 1559 3920 intellexerimus,
1583 3861 1862 3908 sexcentas
1887 3854 1952 3908 ad
1985 3864 2037 3910 te

445 3945 656 3998 mittere
681 3942 940 4013 epistolas
966 3959 1070 3997 non
1097 3942 1427 3998 cessabimus
1451 3985 1466 4009 ,
1491 3943 1633 4014 quod
1678 3959 1784 3999 non
1832 3943 2037 4000 medio-

447 4038 610 4093 criter
636 4037 711 4092 tui
760 4037 986 4092 studiosi
1031 4038 1233 4104 simus,
1261 4053 1382 4094 cum
1410 4040 1677 4096 sincerum
1708 4055 1924 4112 semper
1971 4056 2036 4097 ac

451 4129 669 4184 minime
693 4127 927 4183 fucatum
957 4129 1214 4184 honorem
1237 4173 1251 4195 ,
1276 4132 1634 4186 reverentiam
1675 4141 1730 4186 et
1757 4133 2036 4188 caritatem

451 4233 482 4272 a
509 4219 768 4274 modestia
795 4226 888 4274 tua
911 4217 1141 4274 delatam
1173 4222 1515 4274 senserimus.
1549 4220 1783 4288 Quorum
1800 4224 2039 4278 omnium

448 4318 710 4381 perpetuo
731 4325 1018 4376 memores,
1047 4311 1327 4367 florentem
1354 4327 1417 4366 ac
1439 4312 1706 4383 vigentem
1733 4331 1856 4386 erga
1885 4325 1936 4371 te
1957 4317 2042 4372 be-

449 4401 808 4458 nevolentiam
836 4416 1217 4456 conservanms
1237 4443 1251 4466 ,
1281 4402 1405 4458 licet
1427 4405 1494 4460 ad
1526 4405 1669 4476 ipsos
1697 4407 1910 4465 ultimos
1947 4424 2039 4465 or-

451 4493 535 4550 bis
559 4503 824 4551 terrarum
856 4495 990 4550 fines
1015 4494 1338 4561 deferamur.

685 4585 944 4642 CXCIII.
974 4587 1206 4643 Param'o.
1242 4588 1473 4660 (Cucuso
1497 4605 1640 4647 anno
1660 4591 1808 4664 404.)

523 4678 844 4754 Magnopere
871 4697 956 4738 me
985 4683 1202 4740 ercxisti
1226 4725 1242 4751 ,
1275 4699 1340 4741 ac
1364 4701 1570 4741 summa
1596 4687 1782 4742 laetitia
1811 4686 2045 4757 perfudi-

519 4801 536 4830 ¹
559 4799 712 4862 Juxta
731 4797 889 4848 Vatic.
918 4806 970 4849 et
1005 4799 1150 4862 Reg,
1170 4795 1414 4862 Macario:
1433 4797 1554 4861 ﬁlia:
1575 4804 1686 4860 tua},
1714 4813 1787 4862 gr.
1816 4806 1902 4860 τῆς
1931 4803 2033 4862 Ma:

458 4859 978 4925 ggpiagjrﬁgtiuvavpég
1017 4859 1122 4925 apii.
1168 4859 1738 4925 Macariamjagnoscunt'
1768 4861 2037 4925 Myiholngi

459 4921 692 4969 Herculis
715 4923 878 4984 tiliam,
901 4921 946 4971 et
975 4925 1022 4972 in
1048 4922 1404 4984 Martyrologio
1422 4923 1655 4977 Romano,
1681 4921 1887 4984 Macaria
1912 4921 2039 4972 mar-

461 4989 539 5049 tyr
562 4980 775 5049 occurrit
798 4983 880 5032 die
902 4980 1255 5048 8Aprilis,quo
1266 4980 1560 5046 argueretur
1579 4997 1755 5032 nomen
1781 4981 1902 5034 illud
1923 4997 2038 5046 pro-

461 5045 621 5103 prium
646 5045 867 5093 insolens
894 5045 1136 5096 non’esse.

525 5105 597 5162 (α)
620 5103 721 5153 Vox
741 5105 1079 5170 Onesicratiw,
1117 5106 1710 5170 ‘Ov-nmxpatriqmmnibns
1733 5106 1834 5170 Mss
1862 5108 2040 5170 nostris

459 5171 709 5213 consonat.
725 5169 760 5214 Α
771 5173 935 5223 tvero.
952 5171 991 5216 si
1019 5171 1252 5217 Frontoni
1276 5166 1455 5218 unca-.0
1467 5170 1711 5226 credatur,
1726 5168 2039 5216 scribendum

459 5233 538 5294 est
556 5225 864 5294 ᾼεψισζξιὶιε,
887 5228 1656 5294 ‘Aouyxpitiq,quianempe‘alim
1672 5225 1792 5294 sunt
1803 5231 1859 5277 ad
1881 5236 2039 5288 Asyn-

459 5286 649 5352 cri‘tian'i
673 5286 1508 5352 aChrysostomo'misste'epistolze.
1528 5291 1626 5340 Sed
1651 5288 1690 5352 si
1714 5290 1820 5338 Mss.
1849 5286 2041 5352 nostros

462 5349 822 5408 \‘1disset,forte
844 5351 1145 5400 sententiam
1160 5349 1478 5400 mutavisset:
1494 5365 1604 5400 nam
1625 5351 1696 5400 sic
1717 5351 2041 5402 Coislinianus

460 5419 513 5476 et
541 5411 1152 5476 Vaticanusantiquissimi
1172 5413 1376 5476 Codices
1401 5413 1594 5462 habent.
1619 5414 1702 5462 Sic
1724 5427 1921 5476 quoque
1942 5415 2040 5462 lie-

458 5471 588 5536 gius,
610 5475 678 5520 sic
699 5473 911 5536 Savilius
935 5471 1074 5535 legit,
1101 5488 1268 5536 neque
1293 5473 1438 5536 aliam
1467 5477 1727 5524 lectionem
1741 5471 1913 5524 'notat:
1930 5489 2041 5524 nam

460 5535 582 5614 i‘tiqd
607 5533 894 5614 Asynqritite
919 5533 1060 5614 uni—fel
1084 5533 1323 5606 prodierit
1342 5535 1542 5597 ignem;
1573 5543 1711 5585 certe
1736 5539 1904 5614 potius
1927 5550 2038 5611 erg-

462 5595 968 5662 diderim'librarium
1004 5595 1146 5662 illum
1181 5596 1266 5661 qui
1292 5595 1473 5662 vocem
1493 5611 1701 5660 gratam
1736 5595 2040 5662 Ἀσνγκριςτίᾳ

461 5656 643 5723 posuit,
671 5672 852 5723 nomen
894 5660 1036 5723 illud,
1060 5656 1349 5723 f'reqnénter
1373 5656 1583 5722 positiim
1608 5672 1727 5707 vero
1748 5668 1797 5723 et
1822 5656 2042 5723 genuino

461 5717 791 5784 substituisse,
819 5736 962 5783 quam
991 5717 1240 5772 librarium
1261 5717 1541 5784 quempiam
1567 5732 1743 5769 nomen
1770 5717 2038 5780 insolitum,

473 5778 852 5844 Ὀιίησικρατίᾳί
851 5795 1181 5848 commentum
1205 5778 1478 5848 essequod
1496 5791 1658 5830 tamen
1686 5797 1860 5833 nomen
1880 5778 2042 5848 gmcé

459 5842 648 5898 optime
679 5842 1000 5903 compositum
1026 5852 1102 5894 Bel
1125 5860 1214 5896 nec
1241 5842 1431 5893 temere
1457 5845 1735 5895 formatum.

1177 368 1222 424 S
1274 369 1552 426 JOANNIS
1589 368 2062 428 CHRYSOSTOMI
2101 367 2422 429 AﬂClllEP.
2463 375 2998 440 CONSTANTINOP.

3610 390 3713 449 τεο

2133 487 2220 554 sti,
2249 489 2389 559 quod
2411 533 2426 564 ,
2457 507 2576 548 cum
2604 495 2775 551 tristia
2816 499 3126 566 nuntiares,
3153 502 3375 560 verbum
3417 505 3680 575 adieceris
3700 550 3716 578 ,

2134 580 2275 644 quod
2297 585 2546 641 omnibus
2571 603 2690 657 quae
2719 590 3011 646 acciderint
3038 595 3386 652 accineudum
3414 607 3496 652 est
3521 640 3538 663 ,
3568 599 3717 655 dixe-

2127 673 2309 743 risque
2329 715 2342 738 ,
2372 675 2709 734 Glorificetur
2742 682 2880 738 Deus
2937 684 2990 739 in
3041 687 3311 743 omnibus.
3358 689 3470 744 Hoc
3500 690 3721 746 verbum

2129 764 2287 822 letale
2328 767 2542 826 diabolo
2571 774 2764 829 vulnus
2793 775 3014 848 infligit;
3039 780 3143 835 hoc
3172 781 3225 835 in
3256 782 3446 852 quovis
3484 797 3572 852 per
3585 784 3720 837 icqu

2128 857 2430 914 securitatis
2475 869 2531 916 et
2589 864 2874 934 voluptatis
2921 871 3258 926 occasionem
3287 871 3458 927 affert.
3481 872 3618 927 Nam
3647 877 3720 927 si-

2129 948 2240 1002 mul
2283 961 2444 1021 atque
2489 953 2616 1010 illud
2646 961 2765 1026 quis
2794 961 3117 1030 protulerit,
3163 963 3446 1019 confestim
3475 966 3723 1021 maeroris

2127 1041 2297 1097 nubes
2341 1043 2642 1102 discutitur.
2671 1049 2972 1122 Numquam
3022 1053 3182 1125 igitur
3207 1055 3309 1111 hoc
3351 1057 3528 1113 dicere
3554 1058 3711 1114 inter-

2128 1136 2279 1192 mitte
2303 1176 2318 1202 ,
2349 1147 2510 1209 atque
2535 1141 2668 1198 alios
2716 1143 2932 1201 docere.
2971 1146 3028 1203 Si
3053 1148 3196 1204 enim
3240 1164 3360 1220 quae
3389 1165 3489 1204 vos
3532 1151 3721 1205 invasit

2129 1236 2454 1300 tempestas,
2489 1233 2612 1290 licet
2637 1237 2880 1306 asperior
2904 1239 3028 1306 fiat,
3061 1240 3114 1295 in
3137 1243 3570 1313 tranquillitatem
3602 1259 3720 1298 mu-

2130 1321 2346 1388 tabitur;
2378 1325 2457 1380 sic
2497 1327 2588 1396 qui
2619 1336 2936 1400 tempestate
2969 1331 3258 1402 iactantur,
3288 1335 3550 1406 maiorem
3578 1337 3717 1391 acci-

2129 1411 2277 1482 pient
2298 1416 2626 1486 mercedem,
2653 1419 2922 1493 simulque
2949 1439 2980 1478 a
3011 1425 3166 1480 malis
3190 1426 3578 1482 liberabuntur.
3613 1429 3719 1483 Hoc

2126 1503 2322 1562 Jobum
2343 1523 2540 1566 corona
2561 1511 2746 1580 cinxit,
2777 1513 2880 1570 hoc
2910 1516 3130 1572 verbum
3159 1517 3430 1593 diabolum
3457 1521 3512 1574 in
3542 1519 3714 1591 fugam

2127 1599 2429 1668 convertit,
2457 1611 2513 1657 et
2537 1603 2820 1660 confusum
2851 1607 3102 1664 recedere
3131 1609 3306 1680 coegit
3331 1651 3347 1677 ,
3377 1610 3480 1665 hoc
3531 1620 3718 1665 tumut-

2128 1699 2242 1746 tum
2271 1707 2489 1750 omnem
2525 1694 2764 1766 depellit.
2795 1698 2960 1770 Perge
2977 1701 3154 1772 itaque
3177 1702 3424 1758 omnibus
3447 1718 3568 1772 qua
3592 1718 3715 1757 oon-

2129 1780 2378 1854 tingunt,
2404 1785 2542 1841 istud
2586 1789 2854 1844 accinere.
2899 1789 3028 1846 Loci
3057 1807 3183 1847 vero
3212 1808 3401 1859 causa,
3435 1809 3595 1848 nemo
3633 1794 3714 1848 ulli

2128 1878 2400 1948 negotium
2440 1879 2689 1936 facessat.
2721 1883 3054 1955 Quamquam
3097 1886 3240 1940 enim
3287 1885 3536 1941 desertus
3575 1886 3720 1941 locus

2129 1979 2212 2024 est
2235 1968 2496 2036 Cucusus,
2524 1971 2612 2029 hic
2641 1982 2894 2031 tamenet
2921 1977 3100 2046 quiete
3125 1976 3371 2041 fruimur,
3393 1987 3448 2034 et
3473 1992 3581 2032 non
3607 1993 3718 2032 nie-

2129 2060 2384 2118 diocriter
2416 2078 2482 2120 ex
2523 2065 2714 2122 itinere
2759 2075 3086 2122 contractam
3125 2067 3488 2123 infirmitatem
3532 2082 3716 2122 sanare

2130 2154 2399 2223 potuimus
2419 2196 2434 2223 ,
2473 2171 2538 2211 ex
2568 2172 2676 2227 quo
2703 2159 2965 2229 coepimus
2988 2159 3133 2214 domi
3179 2168 3438 2230 perpetuo
3464 2159 3716 2215 residere.

2130 2247 2287 2314 Quod
2321 2248 2366 2303 si
2405 2263 2506 2305 nos
2548 2265 2733 2305 rursus
2769 2266 2963 2322 cogere
2988 2251 3163 2308 velitis
3195 2252 3312 2308 loca
3351 2252 3579 2306 subinde
3607 2267 3722 2305 mu-

2131 2347 2281 2408 tare,
2312 2342 2540 2397 summis
2579 2341 3009 2399 conflictabimur
3034 2344 3222 2410 malis,
3262 2343 3563 2414 praesertim
3605 2357 3720 2398 cum

2134 2431 2304 2488 hiems
2328 2433 2399 2488 sit
2424 2448 2520 2503 pro
2541 2432 2766 2491 foribus.
2786 2435 2956 2491 Nemo
2985 2435 3146 2505 igitur
3168 2437 3505 2506 importunus
3527 2435 3620 2490 ulli
3637 2441 3724 2489 aut

2133 2525 2392 2581 molestus
2417 2526 2518 2582 hac
2540 2528 2825 2584 occasione
2853 2529 2942 2584 sit.
2975 2527 3172 2584 Verum
3197 2528 3264 2584 ad
3289 2543 3388 2584 nos
3429 2528 3499 2583 de
3523 2537 3609 2582 tua
3639 2542 3724 2582 va-

2133 2616 2369 2674 letudine
2389 2660 2404 2684 ,
2430 2618 2606 2690 deque
2649 2630 2736 2674 tua
2767 2620 2886 2676 istic
2913 2620 3338 2676 commoratione
3383 2619 3722 2688 nominisque

2133 2709 2444 2766 celebritate
2486 2720 2646 2782 atque
2688 2711 2956 2768 hilaritate
3001 2713 3196 2769 scribe.
3222 2713 3339 2768 Non
3379 2713 3524 2768 enim
3552 2711 3726 2781 vulga-

2133 2815 2248 2856 rem
2273 2803 2438 2856 etiam
2464 2805 2516 2858 in
2548 2811 2691 2858 tanta
2717 2803 2975 2876 degentes
3003 2805 3290 2862 solitudine
3309 2806 3724 2864 consolationem

2135 2891 2462 2962 hauriemus,
2493 2909 2616 2949 cum
2647 2896 2912 2966 ejusmodi
2937 2911 2968 2951 a
2995 2905 3086 2952 tua
3115 2897 3413 2954 reverentia
3449 2898 3627 2952 missae
3656 2895 3725 2950 li-

2135 2992 2266 3041 terae
2291 2985 2446 3043 nobis
2473 2986 2786 3044 reddentur.

2381 3121 2547 3179 CXCI
2569 3123 2627 3179 V.
2657 3123 2899 3181 Gemello.
2925 3125 3159 3198 (Cucuso
3180 3140 3323 3182 anno
3351 3125 3501 3198 404.)

2209 3257 2487 3314 Desertum
2513 3258 2725 3330 quidem
2767 3259 2946 3316 locum
2988 3260 3291 3317 habitamus
3328 3261 3626 3330 Cucusum,
3668 3276 3729 3317 ac

2139 3350 2300 3406 totius
2335 3350 2483 3407 orbis
2515 3351 2673 3422 huius
2699 3353 2868 3408 nostri
2888 3352 3333 3409 desertissimum.
3361 3353 3622 3421 Quamvis
3647 3362 3723 3406 ta-

2138 3457 2261 3498 men
2283 3442 2351 3498 ad
2379 3445 2522 3514 ipsos
2550 3455 2706 3500 terra:
2729 3447 2989 3502 terminos
3013 3447 3334 3518 relegemur,
3352 3445 3599 3502 oblivisci
3627 3455 3727 3500 tua:

2138 3535 2379 3591 caritatis
2408 3535 2630 3593 minime
2657 3551 2972 3607 possumus;
3000 3537 3096 3593 sed
3127 3537 3180 3592 in
3205 3547 3385 3593 extera
3411 3536 3728 3606 desertaque

2140 3627 2359 3696 regione
2388 3627 2516 3682 dum
2547 3643 2846 3694 versamur,
2874 3638 2927 3686 et
2962 3628 3136 3684 morbi
3163 3629 3414 3699 reliquias
3440 3629 3726 3684 etiamnum

2139 3719 2598 3787 circumferituus,
2627 3736 2693 3777 ac
2722 3733 2866 3777 metu
2891 3721 3160 3776 latronum
3190 3721 3501 3791 obsidemur
3523 3720 3542 3790 (
3562 3734 3728 3790 neque

2140 3809 2286 3864 enim
2330 3809 2656 3876 abscedunt,
2689 3812 2784 3868 sed
2813 3811 3003 3867 itinera
3052 3812 3412 3867 intercludunt
3435 3852 3450 3876 ,
3473 3820 3530 3866 et
3557 3811 3727 3865 omnia

2141 3915 2334 3958 cruore
2358 3903 2630 3974 complent
2665 3903 2853 3976 Isauri)
2873 3943 2892 3972 ,
2912 3914 3174 3975 perpetuo
3204 3915 3257 3959 te
3278 3912 3458 3958 mente
3500 3903 3732 3958 circum-

2145 3994 2363 4050 feritnus
2381 4037 2397 4063 ,
2425 4011 2488 4051 ac
2513 3995 2878 4053 fortitudinetn
2905 4004 3052 4051 tuam
3073 4037 3088 4062 ,
3117 3995 3367 4067 loquendi
3391 3995 3694 4050 libertatem
3715 4034 3732 4059 ,

2143 4103 2362 4144 suavem
2391 4089 2747 4151 acsinceram
2776 4088 3204 4145 benevolentiam
3231 4086 3370 4157 apud
3397 4101 3497 4142 nos
3522 4085 3735 4155 effingi-

2143 4196 2296 4247 mus,
2329 4189 2384 4236 et
2411 4181 2602 4236 harum
2628 4196 2726 4238 nos
2755 4181 3128 4238 recordatione
3164 4180 3549 4252 cogitationum
3583 4180 3735 4234 oble-

2145 4282 2372 4328 ctamus.
2396 4273 2476 4328 Tu
2493 4288 2625 4328 vero
2644 4271 2955 4344 frequenter
2979 4273 3046 4329 ad
3068 4287 3187 4342 nos,
3209 4273 3427 4328 domine
3448 4272 3735 4343 plurimum

2147 4363 2489 4435 suSpiciende
2511 4405 2526 4430 ,
2558 4365 2734 4421 scribe
2758 4364 2828 4421 de
2852 4365 3176 4421 valetudinis
3218 4373 3322 4418 tuae
3348 4371 3489 4418 statu
3515 4403 3531 4429 ,
3555 4371 3610 4417 et
3633 4378 3739 4432 quo

2147 4466 2305 4528 pacto
2351 4457 2642 4512 calidarum
2694 4459 2788 4514 tibi
2835 4473 3094 4529 aquarum
3137 4472 3266 4513 usus
3301 4457 3662 4523 successerit,
3687 4464 3738 4510 et

2147 4550 2272 4622 quid
2313 4565 2494 4606 rerum
2523 4567 2665 4607 nunc
2707 4567 2900 4622 geras:
2928 4560 2986 4606 ut
3012 4551 3173 4607 etiam
3200 4550 3447 4622 procula
3486 4558 3542 4605 te
3569 4548 3736 4603 dissiti

2149 4640 2319 4696 nihilo
2342 4640 2596 4697 deteriori
2638 4643 2945 4700 conditione
2972 4643 3141 4699 simus
3162 4685 3176 4709 ,
3205 4658 3363 4710 quam
3405 4641 3496 4712 qui
3527 4655 3738 4710 semper

2152 4743 2326 4790 tecum
2378 4745 2696 4805 versantur,
2734 4746 2795 4790 ut
2839 4736 2908 4792 de
2969 4736 3132 4791 rebus
3179 4736 3283 4791 tuis
3331 4736 3591 4791 certiores
3646 4734 3736 4786 lia-

2150 4843 2288 4881 nius.
2319 4826 2466 4882 Nosti
2494 4828 2693 4898 quippe
2718 4835 2918 4898 quanto
2945 4827 3099 4883 nobis
3120 4825 3299 4883 studio
3317 4827 3407 4893 sit,
3432 4825 3500 4880 de
3533 4837 3620 4879 tua
3649 4839 3738 4877 va-

2151 4919 2386 4996 letudine
2410 4921 2682 4990 quidpiam
2709 4920 2928 4987 audire;
2952 4921 3094 4991 quod
3119 4931 3171 4976 te
3199 4919 3550 4975 vehementer
3591 4931 3736 4971 ame-

2152 5027 2312 5078 mus;
2345 5022 2399 5067 ct
2427 5013 2732 5070 arctissime
2775 5029 2897 5069 cum
2945 5024 3033 5068 tua
3076 5011 3469 5084 magnificentia
3513 5008 3735 5067 devincti

2151 5119 2342 5160 Simus.

2336 5197 2545 5253 CXCV.
2573 5197 2873 5253 Claudiano.
2907 5196 3011 5268 (Ah
3037 5213 3177 5253 anno
3198 5197 3302 5254 404
3328 5197 3395 5252 ad
3417 5194 3572 5266 407.)

2225 5287 2488 5356 Quidnam
2502 5288 2604 5342 hoc
2615 5303 2733 5343 esse
2744 5287 2944 5342 dicam?
2961 5287 3113 5342 Tune
3134 5289 3239 5351 illo,
3258 5288 3346 5357 qui
3363 5301 3548 5341 nosuo
3565 5297 3744 5340 amore

2155 5379 2437 5450 flagrabas,
2467 5387 2522 5434 et
2550 5379 2945 5449 quodammodo
2976 5379 3278 5435 insaniebas
3299 5419 3314 5445 ,
3342 5379 3433 5448 qui
3465 5385 3661 5432 tantam
3689 5375 3741 5428 in

2156 5475 2311 5532 nobis
2340 5486 2594 5546 expertus
2636 5490 2695 5531 es
2736 5475 3012 5530 caritatem
3042 5516 3057 5542 ,
3085 5475 3176 5545 qui
3217 5487 3432 5542 semper
3471 5470 3740 5526 nobiscum

2156 5569 2438 5626 devinctus
2467 5583 2588 5625 eras
2608 5611 2622 5637 ,
2653 5585 2721 5624 ne
2739 5569 2916 5624 literis
2943 5567 3156 5638 quidem
3184 5581 3283 5622 nos
3314 5573 3464 5620 tanto
3493 5560 3742 5632 temporis

2158 5661 2332 5733 spatio
2361 5661 2611 5731 dignatus
2639 5676 2698 5716 es
2719 5703 2734 5727 ,
2763 5661 2859 5716 sed
2891 5669 2996 5715 tam
3022 5660 3273 5715 diuturno
3312 5656 3527 5715 silentio
3554 5655 3622 5708 uti
3647 5666 3740 5720 po-

2161 5754 2341 5809 tuisti?
2369 5754 2502 5822 Quid
2524 5756 2680 5827 igitur
2706 5755 2756 5810 in
2784 5769 2943 5809 causa
2975 5753 3110 5809 fuit?
3135 5754 3215 5808 An
3240 5766 3368 5806 vero
3397 5759 3520 5821 post
3544 5748 3738 5801 disces-

2169 5863 2288 5903 sum
2311 5860 2550 5906 nostrum
2584 5865 2648 5907 ex
2679 5849 2856 5906 animo
2897 5858 2987 5906 tuo
3026 5864 3124 5906 nos
3169 5845 3402 5920 eiecisti,
3434 5852 3486 5902 et
3534 5837 3739 5907 segnior
